Date,Transact. No.,Symbol,Buyer,Seller,Quantity,Rate,Amount
2019-09-02,2019090201010740,ADBL,39,45,10,417.00,"4,170.00"
2019-09-02,2019090201010469,ADBL,39,11,200,414.00,"82,800.00"
2019-09-02,2019090201010453,AKJCL,6,26,20,60.00,"1,200.00"
2019-09-02,2019090201010356,AKPL,25,25,340,149.00,"50,660.00"
2019-09-02,2019090201010715,API,25,35,750,117.00,"87,750.00"
2019-09-02,2019090201010678,API,36,25,147,115.00,"16,905.00"
2019-09-02,2019090201010677,API,25,25,803,115.00,"92,345.00"
2019-09-02,2019090201010676,API,56,25,50,116.00,"5,800.00"
2019-09-02,2019090201010502,API,25,35,50,117.00,"5,850.00"
2019-09-02,2019090201010303,API,6,56,81,116.00,"9,396.00"
2019-09-02,2019090201010344,API,25,35,30,117.00,"3,510.00"
2019-09-02,2019090201010338,API,13,25,"1,000",116.00,"116,000.00"
2019-09-02,2019090201010307,API,25,56,197,115.00,"22,655.00"
2019-09-02,2019090201010306,API,53,56,80,115.00,"9,200.00"
2019-09-02,2019090201010305,API,26,56,150,115.00,"17,250.00"
2019-09-02,2019090201010304,API,35,56,92,115.00,"10,580.00"
2019-09-02,2019090201010662,BOKL,7,57,30,253.00,"7,590.00"
2019-09-02,2019090201010661,BOKL,7,55,"1,937",253.00,"490,061.00"
2019-09-02,2019090201010635,BOKL,8,11,51,251.00,"12,801.00"
2019-09-02,2019090201010634,BOKL,21,11,100,251.00,"25,100.00"
2019-09-02,2019090201010633,BOKL,21,11,49,251.00,"12,299.00"
2019-09-02,2019090201010595,BPCL,38,22,200,380.00,"76,000.00"
2019-09-02,2019090201010594,BPCL,38,7,200,378.00,"75,600.00"
2019-09-02,2019090201010593,BPCL,38,43,190,375.00,"71,250.00"
2019-09-02,2019090201010533,BPCL,33,43,10,375.00,"3,750.00"
2019-09-02,2019090201010323,BPCL,38,35,700,372.00,"260,400.00"
2019-09-02,2019090201010312,BPCL,38,49,331,371.00,"122,801.00"
2019-09-02,2019090201010351,CBBL,34,45,84,956.00,"80,304.00"
2019-09-02,2019090201010350,CBBL,38,45,150,957.00,"143,550.00"
2019-09-02,2019090201010349,CBBL,42,45,100,958.00,"95,800.00"
2019-09-02,2019090201010348,CBBL,39,45,50,958.00,"47,900.00"
2019-09-02,2019090201010347,CBBL,44,45,16,958.00,"15,328.00"
2019-09-02,2019090201010346,CBBL,1,45,100,960.00,"96,000.00"
2019-09-02,2019090201010717,CBL,43,59,10,147.00,"1,470.00"
2019-09-02,2019090201010694,CBL,16,59,500,146.00,"73,000.00"
2019-09-02,2019090201010562,CBL,33,59,10,147.00,"1,470.00"
2019-09-02,2019090201010519,CBL,21,11,146,145.00,"21,170.00"
2019-09-02,2019090201010518,CBL,37,11,354,145.00,"51,330.00"
2019-09-02,2019090201010284,CBL,37,55,156,145.00,"22,620.00"
2019-09-02,2019090201010283,CBL,36,55,298,146.00,"43,508.00"
2019-09-02,2019090201010699,CCBL,32,16,200,158.00,"31,600.00"
2019-09-02,2019090201010660,CCBL,50,3,31,157.00,"4,867.00"
2019-09-02,2019090201010613,CCBL,50,11,200,157.00,"31,400.00"
2019-09-02,2019090201010507,CCBL,50,6,603,157.00,"94,671.00"
2019-09-02,2019090201010388,CCBL,49,29,"4,655",157.00,"730,835.00"
2019-09-02,2019090201010729,CHCL,26,13,320,430.00,"137,600.00"
2019-09-02,2019090201010688,CHCL,16,13,200,431.00,"86,200.00"
2019-09-02,2019090201010735,CIT,51,32,10,"2,280.00","22,800.00"
2019-09-02,2019090201010734,CIT,50,32,10,"2,280.00","22,800.00"
2019-09-02,2019090201010733,CIT,39,32,40,"2,285.00","91,400.00"
2019-09-02,2019090201010732,CIT,57,32,50,"2,286.00","114,300.00"
2019-09-02,2019090201010736,CZBIL,57,36,100,215.00,"21,500.00"
2019-09-02,2019090201010460,CZBIL,6,44,100,216.00,"21,600.00"
2019-09-02,2019090201010459,CZBIL,6,28,88,216.00,"19,008.00"
2019-09-02,2019090201010458,CZBIL,6,45,"1,000",216.00,"216,000.00"
2019-09-02,2019090201010457,CZBIL,6,39,100,216.00,"21,600.00"
2019-09-02,2019090201010456,CZBIL,6,55,57,215.00,"12,255.00"
2019-09-02,2019090201010343,CZBIL,59,55,200,215.00,"43,000.00"
2019-09-02,2019090201010342,CZBIL,49,55,53,215.00,"11,395.00"
2019-09-02,2019090201010326,CZBIL,56,39,100,216.00,"21,600.00"
2019-09-02,2019090201010668,DBBL,29,38,100,130.00,"13,000.00"
2019-09-02,2019090201010600,DBBL,38,42,10,132.00,"1,320.00"
2019-09-02,2019090201010428,DDBL,35,45,20,724.00,"14,480.00"
2019-09-02,2019090201010427,DDBL,35,45,40,724.00,"28,960.00"
2019-09-02,2019090201010426,DDBL,35,45,70,724.00,"50,680.00"
2019-09-02,2019090201010425,DDBL,35,45,50,724.00,"36,200.00"
2019-09-02,2019090201010424,DDBL,35,45,30,724.00,"21,720.00"
2019-09-02,2019090201010423,DDBL,35,45,80,724.00,"57,920.00"
2019-09-02,2019090201010416,DDBL,45,45,100,728.00,"72,800.00"
2019-09-02,2019090201010415,DDBL,57,45,100,729.00,"72,900.00"
2019-09-02,2019090201010422,DDBL,39,45,30,724.00,"21,720.00"
2019-09-02,2019090201010421,DDBL,33,45,150,725.00,"108,750.00"
2019-09-02,2019090201010420,DDBL,14,45,10,725.00,"7,250.00"
2019-09-02,2019090201010419,DDBL,45,45,200,725.00,"145,000.00"
2019-09-02,2019090201010418,DDBL,22,45,20,725.00,"14,500.00"
2019-09-02,2019090201010417,DDBL,53,45,100,728.00,"72,800.00"
2019-09-02,2019090201010718,EBL,10,32,100,613.00,"61,300.00"
2019-09-02,2019090201010390,EBL,13,26,100,611.00,"61,100.00"
2019-09-02,2019090201010765,EIC,7,21,10,304.00,"3,040.00"
2019-09-02,2019090201010669,FMDBL,36,19,400,373.00,"149,200.00"
2019-09-02,2019090201010472,FMDBL,36,26,450,372.00,"167,400.00"
2019-09-02,2019090201010448,FMDBL,57,41,100,371.00,"37,100.00"
2019-09-02,2019090201010447,FMDBL,34,41,50,371.00,"18,550.00"
2019-09-02,2019090201010328,FMDBL,57,26,50,372.00,"18,600.00"
2019-09-02,2019090201010387,FOWAD,4,32,100,"1,300.00","130,000.00"
2019-09-02,2019090201010386,FOWAD,45,32,100,"1,300.00","130,000.00"
2019-09-02,2019090201010385,FOWAD,42,32,20,"1,301.00","26,020.00"
2019-09-02,2019090201010384,FOWAD,19,32,100,"1,303.00","130,300.00"
2019-09-02,2019090201010383,FOWAD,45,32,10,"1,304.00","13,040.00"
2019-09-02,2019090201010382,FOWAD,35,32,30,"1,304.00","39,120.00"
2019-09-02,2019090201010381,FOWAD,56,32,20,"1,304.00","26,080.00"
2019-09-02,2019090201010363,FOWAD,47,34,23,"1,305.00","30,015.00"
2019-09-02,2019090201010362,FOWAD,5,34,10,"1,305.00","13,050.00"
2019-09-02,2019090201010361,FOWAD,8,34,50,"1,305.00","65,250.00"
2019-09-02,2019090201010360,FOWAD,45,34,20,"1,305.00","26,100.00"
2019-09-02,2019090201010486,GBBL,47,50,20,210.00,"4,200.00"
2019-09-02,2019090201010409,GBBL,5,55,152,208.00,"31,616.00"
2019-09-02,2019090201010408,GBBL,55,55,500,208.00,"104,000.00"
2019-09-02,2019090201010407,GBBL,49,55,138,209.00,"28,842.00"
2019-09-02,2019090201010695,GDBL,47,47,20,206.00,"4,120.00"
2019-09-02,2019090201010474,GDBL,14,55,632,204.00,"128,928.00"
2019-09-02,2019090201010473,GDBL,11,55,168,205.00,"34,440.00"
2019-09-02,2019090201010589,GLBSL,10,38,170,458.00,"77,860.00"
2019-09-02,2019090201010722,GMFBS,10,1,36,500.00,"18,000.00"
2019-09-02,2019090201010696,GMFBS,10,14,10,496.00,"4,960.00"
2019-09-02,2019090201010652,GMFBS,10,46,10,495.00,"4,950.00"
2019-09-02,2019090201010592,GMFBS,39,45,11,488.00,"5,368.00"
2019-09-02,2019090201010591,GMFBS,45,45,50,490.00,"24,500.00"
2019-09-02,2019090201010528,GMFBS,38,58,10,490.00,"4,900.00"
2019-09-02,2019090201010539,HBL,29,55,179,522.00,"93,438.00"
2019-09-02,2019090201010538,HBL,13,55,160,523.00,"83,680.00"
2019-09-02,2019090201010537,HBL,22,55,10,524.00,"5,240.00"
2019-09-02,2019090201010536,HBL,26,55,10,524.00,"5,240.00"
2019-09-02,2019090201010535,HBL,36,55,43,525.00,"22,575.00"
2019-09-02,2019090201010599,HIDCL,57,18,10,140.00,"1,400.00"
2019-09-02,2019090201010452,HIDCL,43,13,224,139.00,"31,136.00"
2019-09-02,2019090201010451,HIDCL,52,13,200,139.00,"27,800.00"
2019-09-02,2019090201010450,HIDCL,53,13,102,139.00,"14,178.00"
2019-09-02,2019090201010345,HIDCL,57,18,10,140.00,"1,400.00"
2019-09-02,2019090201010604,ICFC,47,55,162,157.00,"25,434.00"
2019-09-02,2019090201010747,JBBL,49,14,20,161.00,"3,220.00"
2019-09-02,2019090201010692,JBBL,39,59,500,160.00,"80,000.00"
2019-09-02,2019090201010691,JBBL,39,56,100,160.00,"16,000.00"
2019-09-02,2019090201010690,JBBL,39,1,72,160.00,"11,520.00"
2019-09-02,2019090201010689,JBBL,39,52,450,160.00,"72,000.00"
2019-09-02,2019090201010665,JBBL,39,55,802,159.00,"127,518.00"
2019-09-02,2019090201010664,JBBL,32,55,500,159.00,"79,500.00"
2019-09-02,2019090201010663,JBBL,41,55,108,159.00,"17,172.00"
2019-09-02,2019090201010556,JBBL,26,59,380,159.00,"60,420.00"
2019-09-02,2019090201010446,JBBL,47,52,50,160.00,"8,000.00"
2019-09-02,2019090201010725,JFL,3,49,500,186.00,"93,000.00"
2019-09-02,2019090201010724,JFL,32,49,500,186.00,"93,000.00"
2019-09-02,2019090201010723,JFL,52,49,"1,000",187.00,"187,000.00"
2019-09-02,2019090201010730,KBL,45,43,17,201.00,"3,417.00"
2019-09-02,2019090201010649,KBL,32,43,200,201.00,"40,200.00"
2019-09-02,2019090201010631,KBL,49,58,959,200.00,"191,800.00"
2019-09-02,2019090201010534,KBL,49,43,"3,000",200.00,"600,000.00"
2019-09-02,2019090201010495,KBL,49,43,"11,041",200.00,"2,208,200.00"
2019-09-02,2019090201010494,KBL,38,43,"2,000",200.00,"400,000.00"
2019-09-02,2019090201010493,KBL,46,43,15,200.00,"3,000.00"
2019-09-02,2019090201010492,KBL,53,43,"1,000",200.00,"200,000.00"
2019-09-02,2019090201010491,KBL,34,43,88,200.00,"17,600.00"
2019-09-02,2019090201010490,KBL,5,43,50,200.00,"10,000.00"
2019-09-02,2019090201010489,KBL,59,43,100,200.00,"20,000.00"
2019-09-02,2019090201010488,KBL,32,43,706,200.00,"141,200.00"
2019-09-02,2019090201010319,KPCL,47,59,100,81.00,"8,100.00"
2019-09-02,2019090201010318,KPCL,6,59,200,81.00,"16,200.00"
2019-09-02,2019090201010317,KPCL,55,59,90,81.00,"7,290.00"
2019-09-02,2019090201010675,KRBL,34,41,85,101.00,"8,585.00"
2019-09-02,2019090201010674,KRBL,22,41,100,101.00,"10,100.00"
2019-09-02,2019090201010673,KRBL,37,41,100,102.00,"10,200.00"
2019-09-02,2019090201010553,KSBBL,34,36,400,142.00,"56,800.00"
2019-09-02,2019090201010364,LBBL,14,33,400,175.00,"70,000.00"
2019-09-02,2019090201010547,LBL,34,43,896,210.00,"188,160.00"
2019-09-02,2019090201010546,LBL,28,43,"1,000",210.00,"210,000.00"
2019-09-02,2019090201010545,LBL,43,43,250,210.00,"52,500.00"
2019-09-02,2019090201010544,LBL,1,43,"2,000",210.00,"420,000.00"
2019-09-02,2019090201010543,LBL,41,43,200,210.00,"42,000.00"
2019-09-02,2019090201010542,LBL,11,43,200,210.00,"42,000.00"
2019-09-02,2019090201010541,LBL,34,43,500,210.00,"105,000.00"
2019-09-02,2019090201010540,LBL,33,43,429,210.00,"90,090.00"
2019-09-02,2019090201010525,LGIL,33,50,119,370.00,"44,030.00"
2019-09-02,2019090201010410,LGIL,33,57,112,370.00,"41,440.00"
2019-09-02,2019090201010301,LICN,28,43,200,"1,017.00","203,400.00"
2019-09-02,2019090201010300,LICN,28,14,50,"1,010.00","50,500.00"
2019-09-02,2019090201010299,LICN,28,19,10,"1,009.00","10,090.00"
2019-09-02,2019090201010657,MBL,18,55,307,245.00,"75,215.00"
2019-09-02,2019090201010630,MBL,53,55,100,245.00,"24,500.00"
2019-09-02,2019090201010627,MBL,51,55,350,245.00,"85,750.00"
2019-09-02,2019090201010333,MBL,59,55,200,245.00,"49,000.00"
2019-09-02,2019090201010658,MEGA,43,43,10,196.00,"1,960.00"
2019-09-02,2019090201010405,MEGA,36,4,50,195.00,"9,750.00"
2019-09-02,2019090201010379,MEGA,36,29,108,195.00,"21,060.00"
2019-09-02,2019090201010335,MEGA,29,32,157,195.00,"30,615.00"
2019-09-02,2019090201010672,MLBL,51,17,10,210.00,"2,100.00"
2019-09-02,2019090201010521,MLBL,14,17,59,210.00,"12,390.00"
2019-09-02,2019090201010512,MLBL,6,4,100,209.00,"20,900.00"
2019-09-02,2019090201010462,MNBBL,47,48,20,313.00,"6,260.00"
2019-09-02,2019090201010357,MNBBL,32,43,676,311.00,"210,236.00"
2019-09-02,2019090201010503,MPFL,58,17,490,105.00,"51,450.00"
2019-09-02,2019090201010625,MSLB,48,50,10,933.00,"9,330.00"
2019-09-02,2019090201010557,NABIL,44,52,217,758.00,"164,486.00"
2019-09-02,2019090201010461,NABIL,41,52,20,758.00,"15,160.00"
2019-09-02,2019090201010615,NADEP,57,52,10,455.00,"4,550.00"
2019-09-02,2019090201010291,NADEP,48,42,40,452.00,"18,080.00"
2019-09-02,2019090201010297,NADEP,49,42,90,450.00,"40,500.00"
2019-09-02,2019090201010296,NADEP,59,42,500,450.00,"225,000.00"
2019-09-02,2019090201010295,NADEP,59,42,200,450.00,"90,000.00"
2019-09-02,2019090201010294,NADEP,45,42,20,450.00,"9,000.00"
2019-09-02,2019090201010293,NADEP,39,42,100,451.00,"45,100.00"
2019-09-02,2019090201010292,NADEP,3,42,50,451.00,"22,550.00"
2019-09-02,2019090201010700,NAGRO,25,54,10,760.00,"7,600.00"
2019-09-02,2019090201010624,NAGRO,34,47,10,759.00,"7,590.00"
2019-09-02,2019090201010623,NAGRO,34,51,10,750.00,"7,500.00"
2019-09-02,2019090201010622,NAGRO,34,16,10,748.00,"7,480.00"
2019-09-02,2019090201010621,NAGRO,34,57,10,745.00,"7,450.00"
2019-09-02,2019090201010620,NAGRO,34,47,10,745.00,"7,450.00"
2019-09-02,2019090201010619,NAGRO,34,39,10,745.00,"7,450.00"
2019-09-02,2019090201010467,NAGRO,34,52,10,745.00,"7,450.00"
2019-09-02,2019090201010438,NAGRO,34,7,10,733.00,"7,330.00"
2019-09-02,2019090201010431,NAGRO,17,17,10,742.00,"7,420.00"
2019-09-02,2019090201010377,NAGRO,25,57,10,744.00,"7,440.00"
2019-09-02,2019090201010332,NAGRO,34,57,10,742.00,"7,420.00"
2019-09-02,2019090201010551,NBB,25,34,454,208.00,"94,432.00"
2019-09-02,2019090201010550,NBB,26,34,40,208.00,"8,320.00"
2019-09-02,2019090201010549,NBB,3,34,58,208.00,"12,064.00"
2019-09-02,2019090201010500,NBB,3,6,211,208.00,"43,888.00"
2019-09-02,2019090201010499,NBB,17,6,500,208.00,"104,000.00"
2019-09-02,2019090201010498,NBB,17,6,289,208.00,"60,112.00"
2019-09-02,2019090201010753,NBL,47,42,42,314.00,"13,188.00"
2019-09-02,2019090201010752,NBL,5,42,500,314.00,"157,000.00"
2019-09-02,2019090201010751,NBL,6,42,500,314.00,"157,000.00"
2019-09-02,2019090201010750,NBL,56,42,58,314.00,"18,212.00"
2019-09-02,2019090201010628,NBL,51,42,100,315.00,"31,500.00"
2019-09-02,2019090201010530,NBL,6,38,500,315.00,"157,500.00"
2019-09-02,2019090201010271,NBL,34,45,50,315.00,"15,750.00"
2019-09-02,2019090201010277,NBL,42,45,100,314.00,"31,400.00"
2019-09-02,2019090201010276,NBL,19,45,50,314.00,"15,700.00"
2019-09-02,2019090201010275,NBL,34,45,200,314.00,"62,800.00"
2019-09-02,2019090201010274,NBL,58,45,"1,000",314.00,"314,000.00"
2019-09-02,2019090201010273,NBL,14,45,200,314.00,"62,800.00"
2019-09-02,2019090201010272,NBL,14,45,100,314.00,"31,400.00"
2019-09-02,2019090201010324,NBL,56,45,142,314.00,"44,588.00"
2019-09-02,2019090201010316,NBL,53,45,100,314.00,"31,400.00"
2019-09-02,2019090201010281,NBL,34,45,500,314.00,"157,000.00"
2019-09-02,2019090201010280,NBL,44,45,"2,000",314.00,"628,000.00"
2019-09-02,2019090201010279,NBL,8,45,"1,000",314.00,"314,000.00"
2019-09-02,2019090201010278,NBL,41,45,200,314.00,"62,800.00"
2019-09-02,2019090201010768,NCCB,58,43,10,201.00,"2,010.00"
2019-09-02,2019090201010767,NCCB,58,25,190,200.00,"38,000.00"
2019-09-02,2019090201010710,NCCB,33,25,10,200.00,"2,000.00"
2019-09-02,2019090201010640,NCCB,51,58,60,198.00,"11,880.00"
2019-09-02,2019090201010639,NCCB,42,58,240,198.00,"47,520.00"
2019-09-02,2019090201010603,NCCB,32,25,100,200.00,"20,000.00"
2019-09-02,2019090201010567,NCCB,1,45,400,199.00,"79,600.00"
2019-09-02,2019090201010566,NCCB,44,45,"1,980",199.00,"394,020.00"
2019-09-02,2019090201010565,NCCB,1,45,200,199.00,"39,800.00"
2019-09-02,2019090201010564,NCCB,32,45,"1,000",199.00,"199,000.00"
2019-09-02,2019090201010563,NCCB,10,45,260,199.00,"51,740.00"
2019-09-02,2019090201010406,NCCB,58,51,10,201.00,"2,010.00"
2019-09-02,2019090201010573,NCCB,4,45,100,198.00,"19,800.00"
2019-09-02,2019090201010572,NCCB,32,45,300,198.00,"59,400.00"
2019-09-02,2019090201010571,NCCB,59,45,200,198.00,"39,600.00"
2019-09-02,2019090201010570,NCCB,36,45,600,198.00,"118,800.00"
2019-09-02,2019090201010569,NCCB,36,45,500,199.00,"99,500.00"
2019-09-02,2019090201010568,NCCB,54,45,200,199.00,"39,800.00"
2019-09-02,2019090201010579,NCCB,1,45,300,198.00,"59,400.00"
2019-09-02,2019090201010578,NCCB,37,45,200,198.00,"39,600.00"
2019-09-02,2019090201010577,NCCB,36,45,100,198.00,"19,800.00"
2019-09-02,2019090201010576,NCCB,59,45,100,198.00,"19,800.00"
2019-09-02,2019090201010575,NCCB,14,45,500,198.00,"99,000.00"
2019-09-02,2019090201010574,NCCB,33,45,500,198.00,"99,000.00"
2019-09-02,2019090201010585,NCCB,42,45,760,198.00,"150,480.00"
2019-09-02,2019090201010584,NCCB,43,45,100,198.00,"19,800.00"
2019-09-02,2019090201010583,NCCB,13,45,150,198.00,"29,700.00"
2019-09-02,2019090201010582,NCCB,17,45,200,198.00,"39,600.00"
2019-09-02,2019090201010581,NCCB,8,45,200,198.00,"39,600.00"
2019-09-02,2019090201010580,NCCB,49,45,150,198.00,"29,700.00"
2019-09-02,2019090201010731,NGPL,45,46,11,108.00,"1,188.00"
2019-09-02,2019090201010693,NGPL,16,44,"2,650",100.00,"265,000.00"
2019-09-02,2019090201010653,NGPL,10,44,300,100.00,"30,000.00"
2019-09-02,2019090201010359,NGPL,35,44,50,100.00,"5,000.00"
2019-09-02,2019090201010706,NIB,14,11,100,453.00,"45,300.00"
2019-09-02,2019090201010705,NIB,36,11,20,453.00,"9,060.00"
2019-09-02,2019090201010704,NIB,46,11,65,453.00,"29,445.00"
2019-09-02,2019090201010555,NIB,58,20,250,455.00,"113,750.00"
2019-09-02,2019090201010666,NIBPO,34,34,55,417.00,"22,935.00"
2019-09-02,2019090201010311,NIBPO,25,34,50,419.00,"20,950.00"
2019-09-02,2019090201010707,NICA,32,6,50,436.00,"21,800.00"
2019-09-02,2019090201010612,NICA,28,59,121,435.00,"52,635.00"
2019-09-02,2019090201010611,NICA,21,59,104,435.00,"45,240.00"
2019-09-02,2019090201010430,NICA,17,6,50,436.00,"21,800.00"
2019-09-02,2019090201010532,NIL,42,59,171,380.00,"64,980.00"
2019-09-02,2019090201010531,NIL,57,59,29,382.00,"11,078.00"
2019-09-02,2019090201010429,NIL,57,38,320,382.00,"122,240.00"
2019-09-02,2019090201010714,NLBBL,41,37,50,508.00,"25,400.00"
2019-09-02,2019090201010713,NLBBL,1,37,100,508.00,"50,800.00"
2019-09-02,2019090201010712,NLBBL,45,37,100,509.00,"50,900.00"
2019-09-02,2019090201010596,NLBBL,49,10,50,510.00,"25,500.00"
2019-09-02,2019090201010766,NLG,38,34,80,585.00,"46,800.00"
2019-09-02,2019090201010501,NLG,38,16,20,594.00,"11,880.00"
2019-09-02,2019090201010746,NLIC,26,28,30,797.00,"23,910.00"
2019-09-02,2019090201010745,NLIC,11,28,50,797.00,"39,850.00"
2019-09-02,2019090201010744,NLIC,34,28,451,797.00,"359,447.00"
2019-09-02,2019090201010703,NLIC,38,28,200,798.00,"159,600.00"
2019-09-02,2019090201010648,NLIC,16,28,400,798.00,"319,200.00"
2019-09-02,2019090201010602,NLIC,16,28,600,798.00,"478,800.00"
2019-09-02,2019090201010380,NLIC,53,45,50,800.00,"40,000.00"
2019-09-02,2019090201010302,NLIC,33,45,100,800.00,"80,000.00"
2019-09-02,2019090201010476,NLIC,17,28,20,799.00,"15,980.00"
2019-09-02,2019090201010475,NLIC,5,28,20,799.00,"15,980.00"
2019-09-02,2019090201010445,NLIC,58,4,710,800.00,"568,000.00"
2019-09-02,2019090201010444,NLIC,58,10,100,800.00,"80,000.00"
2019-09-02,2019090201010443,NLIC,58,32,20,800.00,"16,000.00"
2019-09-02,2019090201010442,NLIC,58,45,170,800.00,"136,000.00"
2019-09-02,2019090201010482,NLIC,42,28,50,798.00,"39,900.00"
2019-09-02,2019090201010481,NLIC,52,28,20,798.00,"15,960.00"
2019-09-02,2019090201010480,NLIC,41,28,100,798.00,"79,800.00"
2019-09-02,2019090201010479,NLIC,56,28,50,799.00,"39,950.00"
2019-09-02,2019090201010478,NLIC,36,28,100,799.00,"79,900.00"
2019-09-02,2019090201010477,NLIC,10,28,50,799.00,"39,950.00"
2019-09-02,2019090201010514,NLIC,49,28,31,798.00,"24,738.00"
2019-09-02,2019090201010505,NLIC,58,4,10,800.00,"8,000.00"
2019-09-02,2019090201010504,NLIC,58,4,90,800.00,"72,000.00"
2019-09-02,2019090201010485,NLIC,49,28,69,798.00,"55,062.00"
2019-09-02,2019090201010484,NLIC,6,28,21,798.00,"16,758.00"
2019-09-02,2019090201010483,NLIC,19,28,100,798.00,"79,800.00"
2019-09-02,2019090201010561,NLIC,34,28,549,797.00,"437,553.00"
2019-09-02,2019090201010560,NLIC,21,28,20,798.00,"15,960.00"
2019-09-02,2019090201010559,NLIC,16,28,31,798.00,"24,738.00"
2019-09-02,2019090201010554,NLIC,42,4,155,800.00,"124,000.00"
2019-09-02,2019090201010516,NLIC,16,28,69,798.00,"55,062.00"
2019-09-02,2019090201010515,NLIC,8,28,500,798.00,"399,000.00"
2019-09-02,2019090201010698,NLICL,35,45,110,519.00,"57,090.00"
2019-09-02,2019090201010697,NLICL,13,45,25,519.00,"12,975.00"
2019-09-02,2019090201010372,NMBMF,1,41,70,"1,040.00","72,800.00"
2019-09-02,2019090201010466,NMFBS,33,50,15,"1,460.00","21,900.00"
2019-09-02,2019090201010587,NUBL,53,41,200,830.00,"166,000.00"
2019-09-02,2019090201010464,PFL,1,26,11,133.00,"1,463.00"
2019-09-02,2019090201010709,PIC,8,57,89,388.00,"34,532.00"
2019-09-02,2019090201010679,PIC,6,57,11,388.00,"4,268.00"
2019-09-02,2019090201010586,PLIC,29,29,10,399.00,"3,990.00"
2019-09-02,2019090201010520,PRVU,56,17,200,260.00,"52,000.00"
2019-09-02,2019090201010355,PRVU,48,34,667,259.00,"172,753.00"
2019-09-02,2019090201010354,PRVU,48,45,"1,438",259.00,"372,442.00"
2019-09-02,2019090201010353,PRVU,48,28,"1,722",259.00,"445,998.00"
2019-09-02,2019090201010341,PRVU,56,28,78,259.00,"20,202.00"
2019-09-02,2019090201010340,PRVU,56,17,122,259.00,"31,598.00"
2019-09-02,2019090201010764,RHPL,7,58,30,173.00,"5,190.00"
2019-09-02,2019090201010763,RHPL,7,58,30,173.00,"5,190.00"
2019-09-02,2019090201010762,RHPL,7,58,30,173.00,"5,190.00"
2019-09-02,2019090201010761,RHPL,7,58,30,173.00,"5,190.00"
2019-09-02,2019090201010760,RHPL,7,42,40,173.00,"6,920.00"
2019-09-02,2019090201010759,RHPL,7,58,30,173.00,"5,190.00"
2019-09-02,2019090201010391,RHPL,8,20,40,171.00,"6,840.00"
2019-09-02,2019090201010358,RHPL,8,49,50,171.00,"8,550.00"
2019-09-02,2019090201010334,RHPL,8,20,40,171.00,"6,840.00"
2019-09-02,2019090201010330,RHPL,8,16,40,171.00,"6,840.00"
2019-09-02,2019090201010322,RHPL,8,49,40,171.00,"6,840.00"
2019-09-02,2019090201010313,RHPL,8,39,30,171.00,"5,130.00"
2019-09-02,2019090201010527,RHPL,8,21,40,171.00,"6,840.00"
2019-09-02,2019090201010506,RHPL,8,20,40,171.00,"6,840.00"
2019-09-02,2019090201010497,RHPL,7,52,500,172.00,"86,000.00"
2019-09-02,2019090201010496,RHPL,7,58,30,172.00,"5,160.00"
2019-09-02,2019090201010468,RHPL,8,16,40,171.00,"6,840.00"
2019-09-02,2019090201010393,RHPL,7,58,100,172.00,"17,200.00"
2019-09-02,2019090201010632,RHPL,33,21,40,171.00,"6,840.00"
2019-09-02,2019090201010629,RHPL,7,14,70,172.00,"12,040.00"
2019-09-02,2019090201010626,RHPL,33,47,40,171.00,"6,840.00"
2019-09-02,2019090201010618,RHPL,33,21,20,171.00,"3,420.00"
2019-09-02,2019090201010617,RHPL,8,21,30,171.00,"5,130.00"
2019-09-02,2019090201010605,RHPL,8,21,40,171.00,"6,840.00"
2019-09-02,2019090201010758,RHPL,7,58,30,173.00,"5,190.00"
2019-09-02,2019090201010757,RHPL,7,34,40,173.00,"6,920.00"
2019-09-02,2019090201010756,RHPL,7,26,40,173.00,"6,920.00"
2019-09-02,2019090201010755,RHPL,7,51,40,173.00,"6,920.00"
2019-09-02,2019090201010754,RHPL,7,36,10,173.00,"1,730.00"
2019-09-02,2019090201010659,RHPL,33,21,40,171.00,"6,840.00"
2019-09-02,2019090201010687,RMDC,29,41,19,645.00,"12,255.00"
2019-09-02,2019090201010638,RMDC,29,40,240,643.00,"154,320.00"
2019-09-02,2019090201010637,RMDC,29,40,10,643.00,"6,430.00"
2019-09-02,2019090201010741,SABSL,40,39,10,507.00,"5,070.00"
2019-09-02,2019090201010739,SABSL,43,18,10,510.00,"5,100.00"
2019-09-02,2019090201010738,SABSL,43,52,10,510.00,"5,100.00"
2019-09-02,2019090201010702,SABSL,40,39,10,507.00,"5,070.00"
2019-09-02,2019090201010701,SABSL,1,46,10,507.00,"5,070.00"
2019-09-02,2019090201010651,SABSL,26,1,10,505.00,"5,050.00"
2019-09-02,2019090201010366,SABSL,26,57,10,500.00,"5,000.00"
2019-09-02,2019090201010339,SABSL,26,58,10,500.00,"5,000.00"
2019-09-02,2019090201010314,SABSL,26,21,10,500.00,"5,000.00"
2019-09-02,2019090201010298,SABSL,26,58,10,500.00,"5,000.00"
2019-09-02,2019090201010285,SABSL,21,40,10,500.00,"5,000.00"
2019-09-02,2019090201010373,SABSL,26,40,10,500.00,"5,000.00"
2019-09-02,2019090201010371,SABSL,26,5,10,500.00,"5,000.00"
2019-09-02,2019090201010370,SABSL,40,49,10,504.00,"5,040.00"
2019-09-02,2019090201010369,SABSL,40,48,10,504.00,"5,040.00"
2019-09-02,2019090201010368,SABSL,40,39,10,503.00,"5,030.00"
2019-09-02,2019090201010367,SABSL,40,44,10,503.00,"5,030.00"
2019-09-02,2019090201010606,SABSL,26,5,10,504.00,"5,040.00"
2019-09-02,2019090201010601,SABSL,1,44,10,501.00,"5,010.00"
2019-09-02,2019090201010588,SABSL,1,38,10,502.00,"5,020.00"
2019-09-02,2019090201010523,SABSL,26,40,10,500.00,"5,000.00"
2019-09-02,2019090201010513,SABSL,26,44,10,500.00,"5,000.00"
2019-09-02,2019090201010455,SABSL,26,5,10,500.00,"5,000.00"
2019-09-02,2019090201010641,SABSL,40,45,10,506.00,"5,060.00"
2019-09-02,2019090201010636,SABSL,26,40,10,505.00,"5,050.00"
2019-09-02,2019090201010610,SABSL,26,42,10,505.00,"5,050.00"
2019-09-02,2019090201010609,SABSL,26,39,10,505.00,"5,050.00"
2019-09-02,2019090201010608,SABSL,26,39,10,505.00,"5,050.00"
2019-09-02,2019090201010607,SABSL,26,34,40,505.00,"20,200.00"
2019-09-02,2019090201010647,SABSL,40,42,10,506.00,"5,060.00"
2019-09-02,2019090201010646,SABSL,40,17,10,506.00,"5,060.00"
2019-09-02,2019090201010645,SABSL,40,17,10,506.00,"5,060.00"
2019-09-02,2019090201010644,SABSL,40,17,10,506.00,"5,060.00"
2019-09-02,2019090201010643,SABSL,40,17,10,506.00,"5,060.00"
2019-09-02,2019090201010642,SABSL,40,51,10,506.00,"5,060.00"
2019-09-02,2019090201010598,SANIMA,36,11,150,338.00,"50,700.00"
2019-09-02,2019090201010597,SANIMA,14,11,50,339.00,"16,950.00"
2019-09-02,2019090201010524,SANIMA,14,19,50,339.00,"16,950.00"
2019-09-02,2019090201010454,SANIMA,36,19,50,339.00,"16,950.00"
2019-09-02,2019090201010440,SANIMA,45,19,100,339.00,"33,900.00"
2019-09-02,2019090201010434,SANIMA,36,19,256,338.00,"86,528.00"
2019-09-02,2019090201010433,SANIMA,57,19,100,338.00,"33,800.00"
2019-09-02,2019090201010432,SANIMA,26,19,200,338.00,"67,600.00"
2019-09-02,2019090201010378,SANIMA,32,19,100,339.00,"33,900.00"
2019-09-02,2019090201010376,SANIMA,14,19,100,339.00,"33,900.00"
2019-09-02,2019090201010374,SANIMA,14,19,300,339.00,"101,700.00"
2019-09-02,2019090201010327,SANIMA,45,19,700,339.00,"237,300.00"
2019-09-02,2019090201010337,SBI,10,6,150,432.00,"64,800.00"
2019-09-02,2019090201010336,SBI,29,6,50,432.00,"21,600.00"
2019-09-02,2019090201010716,SBL,45,26,30,312.00,"9,360.00"
2019-09-02,2019090201010711,SBL,47,26,20,312.00,"6,240.00"
2019-09-02,2019090201010670,SBL,25,58,100,311.00,"31,100.00"
2019-09-02,2019090201010517,SBL,52,52,500,311.00,"155,500.00"
2019-09-02,2019090201010365,SBL,11,26,20,312.00,"6,240.00"
2019-09-02,2019090201010413,SCB,48,13,200,613.00,"122,600.00"
2019-09-02,2019090201010412,SCB,48,25,200,612.00,"122,400.00"
2019-09-02,2019090201010411,SCB,48,52,76,610.00,"46,360.00"
2019-09-02,2019090201010289,SCB,42,52,130,610.00,"79,300.00"
2019-09-02,2019090201010288,SCB,36,52,50,610.00,"30,500.00"
2019-09-02,2019090201010389,SDESI,25,1,10,614.00,"6,140.00"
2019-09-02,2019090201010742,SHIVM,25,44,100,530.00,"53,000.00"
2019-09-02,2019090201010726,SHIVM,21,26,100,533.00,"53,300.00"
2019-09-02,2019090201010708,SHIVM,10,44,50,529.00,"26,450.00"
2019-09-02,2019090201010686,SHIVM,10,44,80,529.00,"42,320.00"
2019-09-02,2019090201010685,SHIVM,48,44,100,530.00,"53,000.00"
2019-09-02,2019090201010684,SHIVM,48,44,100,530.00,"53,000.00"
2019-09-02,2019090201010509,SHIVM,48,57,100,530.00,"53,000.00"
2019-09-02,2019090201010508,SHIVM,35,57,30,530.00,"15,900.00"
2019-09-02,2019090201010414,SHIVM,47,38,24,531.00,"12,744.00"
2019-09-02,2019090201010331,SHIVM,47,22,300,531.00,"159,300.00"
2019-09-02,2019090201010654,SHIVM,21,6,140,532.00,"74,480.00"
2019-09-02,2019090201010616,SHIVM,22,38,51,531.00,"27,081.00"
2019-09-02,2019090201010548,SHIVM,26,38,25,531.00,"13,275.00"
2019-09-02,2019090201010511,SHIVM,5,57,270,530.00,"143,100.00"
2019-09-02,2019090201010510,SHIVM,48,57,100,530.00,"53,000.00"
2019-09-02,2019090201010683,SHIVM,57,44,100,530.00,"53,000.00"
2019-09-02,2019090201010682,SHIVM,35,44,20,530.00,"10,600.00"
2019-09-02,2019090201010681,SHIVM,5,44,30,530.00,"15,900.00"
2019-09-02,2019090201010680,SHIVM,21,44,60,532.00,"31,920.00"
2019-09-02,2019090201010656,SHIVM,21,3,100,532.00,"53,200.00"
2019-09-02,2019090201010655,SHIVM,21,22,200,532.00,"106,400.00"
2019-09-02,2019090201010728,SHL,29,34,100,224.00,"22,400.00"
2019-09-02,2019090201010310,SIC,39,3,20,540.00,"10,800.00"
2019-09-02,2019090201010309,SIC,39,25,20,540.00,"10,800.00"
2019-09-02,2019090201010308,SIC,39,25,20,540.00,"10,800.00"
2019-09-02,2019090201010770,SICL,56,35,20,755.00,"15,100.00"
2019-09-02,2019090201010769,SICL,56,22,10,755.00,"7,550.00"
2019-09-02,2019090201010471,SICL,56,34,25,750.00,"18,750.00"
2019-09-02,2019090201010470,SICL,33,34,75,752.00,"56,400.00"
2019-09-02,2019090201010465,SIFC,46,37,60,151.00,"9,060.00"
2019-09-02,2019090201010720,SIL,20,17,351,392.00,"137,592.00"
2019-09-02,2019090201010719,SIL,45,17,39,392.00,"15,288.00"
2019-09-02,2019090201010614,SJCL,19,43,30,188.00,"5,640.00"
2019-09-02,2019090201010558,SJCL,38,47,10,187.00,"1,870.00"
2019-09-02,2019090201010526,SJCL,38,20,20,187.00,"3,740.00"
2019-09-02,2019090201010439,SJCL,11,16,20,187.00,"3,740.00"
2019-09-02,2019090201010437,SJCL,11,49,20,187.00,"3,740.00"
2019-09-02,2019090201010329,SJCL,38,39,20,187.00,"3,740.00"
2019-09-02,2019090201010325,SJCL,38,58,20,187.00,"3,740.00"
2019-09-02,2019090201010321,SJCL,38,58,60,187.00,"11,220.00"
2019-09-02,2019090201010320,SJCL,36,58,40,187.00,"7,480.00"
2019-09-02,2019090201010290,SJCL,36,16,20,187.00,"3,740.00"
2019-09-02,2019090201010282,SJCL,36,20,20,187.00,"3,740.00"
2019-09-02,2019090201010436,SJCL,11,20,20,187.00,"3,740.00"
2019-09-02,2019090201010392,SJCL,11,49,20,187.00,"3,740.00"
2019-09-02,2019090201010352,SJCL,11,20,20,187.00,"3,740.00"
2019-09-02,2019090201010463,SKBBL,44,34,32,953.00,"30,496.00"
2019-09-02,2019090201010449,SKBBL,5,34,10,953.00,"9,530.00"
2019-09-02,2019090201010590,SLBSL,45,7,100,739.00,"73,900.00"
2019-09-02,2019090201010743,SMATA,41,39,10,"1,290.00","12,900.00"
2019-09-02,2019090201010522,SMFBS,34,1,10,808.00,"8,080.00"
2019-09-02,2019090201010315,SMFBS,8,7,50,801.00,"40,050.00"
2019-09-02,2019090201010737,SMFDB,32,50,50,517.00,"25,850.00"
2019-09-02,2019090201010435,SMFDB,34,41,47,511.00,"24,017.00"
2019-09-02,2019090201010441,SPARS,34,39,10,594.00,"5,940.00"
2019-09-02,2019090201010404,SPARS,34,49,10,585.00,"5,850.00"
2019-09-02,2019090201010403,SPARS,34,52,10,583.00,"5,830.00"
2019-09-02,2019090201010402,SPARS,34,34,10,583.00,"5,830.00"
2019-09-02,2019090201010401,SPARS,34,26,10,583.00,"5,830.00"
2019-09-02,2019090201010400,SPARS,34,13,10,583.00,"5,830.00"
2019-09-02,2019090201010399,SPARS,34,45,10,583.00,"5,830.00"
2019-09-02,2019090201010398,SPARS,34,49,10,583.00,"5,830.00"
2019-09-02,2019090201010397,SPARS,34,8,10,583.00,"5,830.00"
2019-09-02,2019090201010396,SPARS,34,16,10,583.00,"5,830.00"
2019-09-02,2019090201010395,SPARS,34,6,10,582.00,"5,820.00"
2019-09-02,2019090201010394,SPARS,34,21,10,580.00,"5,800.00"
2019-09-02,2019090201010487,SPDL,39,26,10,71.00,710.00
2019-09-02,2019090201010727,SRBL,25,34,10,230.00,"2,300.00"
2019-09-02,2019090201010287,SRBL,11,43,863,226.00,"195,038.00"
2019-09-02,2019090201010286,SRBL,51,43,37,227.00,"8,399.00"
2019-09-02,2019090201010529,SWBBL,36,39,20,912.00,"18,240.00"
2019-09-02,2019090201010667,TRH,33,57,10,293.00,"2,930.00"
2019-09-02,2019090201010749,UPPER,57,50,150,242.00,"36,300.00"
2019-09-02,2019090201010748,UPPER,57,33,40,242.00,"9,680.00"
2019-09-02,2019090201010721,UPPER,55,33,50,242.00,"12,100.00"
2019-09-02,2019090201010671,UPPER,34,47,40,241.00,"9,640.00"
2019-09-02,2019090201010552,UPPER,34,44,40,241.00,"9,640.00"
2019-09-02,2019090201010375,UPPER,34,38,50,241.00,"12,050.00"
2019-09-02,2019090201010650,VLBS,45,57,10,561.00,"5,610.00"
2019-09-02,2019090201010245,ADBL,39,29,100,414.00,"41,400.00"
2019-09-02,2019090201010244,ADBL,14,29,100,415.00,"41,500.00"
2019-09-02,2019090201010243,ADBL,52,29,100,415.00,"41,500.00"
2019-09-02,2019090201010242,ADBL,45,29,200,415.00,"83,000.00"
2019-09-02,2019090201010230,ADBL,41,45,20,417.00,"8,340.00"
2019-09-02,2019090201010047,ADBL,39,45,500,414.00,"207,000.00"
2019-09-02,2019090201010046,ADBL,56,45,500,416.00,"208,000.00"
2019-09-02,2019090201010061,AKPL,57,54,200,148.00,"29,600.00"
2019-09-02,2019090201010040,ALBSL,25,43,10,439.00,"4,390.00"
2019-09-02,2019090201010015,ALBSL,17,25,10,432.00,"4,320.00"
2019-09-02,2019090201010014,ALBSL,40,25,130,432.00,"56,160.00"
2019-09-02,2019090201010013,ALBSL,52,25,20,433.00,"8,660.00"
2019-09-02,2019090201010012,ALBSL,34,25,20,433.00,"8,660.00"
2019-09-02,2019090201010011,ALBSL,41,25,10,433.00,"4,330.00"
2019-09-02,2019090201010010,ALBSL,38,25,10,433.00,"4,330.00"
2019-09-02,2019090201010182,ALICL,20,51,100,309.00,"30,900.00"
2019-09-02,2019090201010139,ALICL,50,28,468,310.00,"145,080.00"
2019-09-02,2019090201010074,ALICL,6,28,"1,000",310.00,"310,000.00"
2019-09-02,2019090201010073,ALICL,20,28,400,310.00,"124,000.00"
2019-09-02,2019090201010072,ALICL,1,28,957,310.00,"296,670.00"
2019-09-02,2019090201010006,ALICL,1,28,43,310.00,"13,330.00"
2019-09-02,2019090201010005,ALICL,5,28,200,311.00,"62,200.00"
2019-09-02,2019090201010004,ALICL,39,28,310,311.00,"96,410.00"
2019-09-02,2019090201010003,ALICL,49,28,500,312.00,"156,000.00"
2019-09-02,2019090201010144,API,25,35,20,117.00,"2,340.00"
2019-09-02,2019090201010130,API,6,25,19,116.00,"2,204.00"
2019-09-02,2019090201010129,API,14,25,60,116.00,"6,960.00"
2019-09-02,2019090201010128,API,40,25,71,116.00,"8,236.00"
2019-09-02,2019090201010038,API,40,45,29,116.00,"3,364.00"
2019-09-02,2019090201009970,BOKL,11,44,100,254.00,"25,400.00"
2019-09-02,2019090201009804,BOKL,21,45,151,251.00,"37,901.00"
2019-09-02,2019090201009803,BOKL,6,45,50,251.00,"12,550.00"
2019-09-02,2019090201009802,BOKL,28,45,350,251.00,"87,850.00"
2019-09-02,2019090201009801,BOKL,34,45,"1,902",251.00,"477,402.00"
2019-09-02,2019090201009800,BOKL,25,45,200,252.00,"50,400.00"
2019-09-02,2019090201009793,BOKL,25,45,687,253.00,"173,811.00"
2019-09-02,2019090201009785,BOKL,25,57,213,253.00,"53,889.00"
2019-09-02,2019090201009784,BOKL,13,57,87,253.00,"22,011.00"
2019-09-02,2019090201009799,BOKL,38,45,100,252.00,"25,200.00"
2019-09-02,2019090201009798,BOKL,48,45,400,252.00,"100,800.00"
2019-09-02,2019090201009797,BOKL,58,45,50,252.00,"12,600.00"
2019-09-02,2019090201009796,BOKL,36,45,500,252.00,"126,000.00"
2019-09-02,2019090201009795,BOKL,5,45,300,253.00,"75,900.00"
2019-09-02,2019090201009794,BOKL,28,45,200,253.00,"50,600.00"
2019-09-02,2019090201009783,BPCL,39,16,22,370.00,"8,140.00"
2019-09-02,2019090201010161,CBL,36,36,500,146.00,"73,000.00"
2019-09-02,2019090201010160,CBL,36,33,202,146.00,"29,492.00"
2019-09-02,2019090201010067,CBL,37,45,490,145.00,"71,050.00"
2019-09-02,2019090201010066,CBL,58,45,100,145.00,"14,500.00"
2019-09-02,2019090201010065,CBL,48,45,10,145.00,"1,450.00"
2019-09-02,2019090201010064,CBL,57,45,500,145.00,"72,500.00"
2019-09-02,2019090201010063,CBL,8,45,555,145.00,"80,475.00"
2019-09-02,2019090201010062,CBL,39,45,20,145.00,"2,900.00"
2019-09-02,2019090201009874,CBL,39,42,80,145.00,"11,600.00"
2019-09-02,2019090201009873,CBL,59,42,271,145.00,"39,295.00"
2019-09-02,2019090201009994,CCBL,29,29,345,157.00,"54,165.00"
2019-09-02,2019090201009985,CCBL,29,25,100,157.00,"15,700.00"
2019-09-02,2019090201009975,CCBL,29,44,555,157.00,"87,135.00"
2019-09-02,2019090201009974,CCBL,37,44,100,157.00,"15,700.00"
2019-09-02,2019090201009973,CCBL,40,44,30,157.00,"4,710.00"
2019-09-02,2019090201009972,CCBL,32,44,"2,000",157.00,"314,000.00"
2019-09-02,2019090201009971,CCBL,49,44,"2,315",157.00,"363,455.00"
2019-09-02,2019090201009932,CCBL,49,55,"2,685",157.00,"421,545.00"
2019-09-02,2019090201009931,CCBL,26,55,"1,000",157.00,"157,000.00"
2019-09-02,2019090201009930,CCBL,45,55,500,157.00,"78,500.00"
2019-09-02,2019090201009929,CCBL,56,55,50,157.00,"7,850.00"
2019-09-02,2019090201009928,CCBL,8,55,"1,265",157.00,"198,605.00"
2019-09-02,2019090201009844,CHCL,26,14,100,430.00,"43,000.00"
2019-09-02,2019090201009843,CHCL,54,14,50,430.00,"21,500.00"
2019-09-02,2019090201009842,CHCL,37,14,50,430.00,"21,500.00"
2019-09-02,2019090201010252,CIT,41,59,10,"2,290.00","22,900.00"
2019-09-02,2019090201009877,CLBSL,57,14,100,485.00,"48,500.00"
2019-09-02,2019090201010159,CZBIL,49,45,447,215.00,"96,105.00"
2019-09-02,2019090201010158,CZBIL,17,45,"1,000",215.00,"215,000.00"
2019-09-02,2019090201010157,CZBIL,6,45,500,215.00,"107,500.00"
2019-09-02,2019090201010156,CZBIL,50,45,540,215.00,"116,100.00"
2019-09-02,2019090201010127,CZBIL,26,39,100,216.00,"21,600.00"
2019-09-02,2019090201009961,CZBIL,50,25,460,215.00,"98,900.00"
2019-09-02,2019090201009960,CZBIL,37,25,400,215.00,"86,000.00"
2019-09-02,2019090201009959,CZBIL,22,25,140,215.00,"30,100.00"
2019-09-02,2019090201009920,DBBL,45,46,10,134.00,"1,340.00"
2019-09-02,2019090201009919,DBBL,45,38,"2,000",130.00,"260,000.00"
2019-09-02,2019090201009917,DBBL,35,14,125,129.00,"16,125.00"
2019-09-02,2019090201009916,DBBL,56,14,75,129.00,"9,675.00"
2019-09-02,2019090201009810,DBBL,29,22,41,130.00,"5,330.00"
2019-09-02,2019090201010045,DDBL,43,36,10,736.00,"7,360.00"
2019-09-02,2019090201009978,DDBL,34,34,300,735.00,"220,500.00"
2019-09-02,2019090201010238,EBL,36,26,200,611.00,"122,200.00"
2019-09-02,2019090201010135,EBL,22,26,100,610.00,"61,000.00"
2019-09-02,2019090201009824,EBL,8,32,20,608.00,"12,160.00"
2019-09-02,2019090201010088,EDBL,52,10,84,269.00,"22,596.00"
2019-09-02,2019090201010036,EDBL,39,10,381,269.00,"102,489.00"
2019-09-02,2019090201010035,EDBL,56,10,25,269.00,"6,725.00"
2019-09-02,2019090201010034,EDBL,36,10,10,270.00,"2,700.00"
2019-09-02,2019090201009949,EIC,35,21,20,304.00,"6,080.00"
2019-09-02,2019090201009851,EIC,34,21,56,305.00,"17,080.00"
2019-09-02,2019090201009839,FMDBL,17,19,10,373.00,"3,730.00"
2019-09-02,2019090201010169,GBBL,49,37,62,209.00,"12,958.00"
2019-09-02,2019090201010168,GBBL,8,37,135,209.00,"28,215.00"
2019-09-02,2019090201010089,GBBL,8,26,65,209.00,"13,585.00"
2019-09-02,2019090201010212,GBLBS,42,22,65,335.00,"21,775.00"
2019-09-02,2019090201010179,GBLBS,41,22,20,335.00,"6,700.00"
2019-09-02,2019090201010009,GBLBS,11,22,30,335.00,"10,050.00"
2019-09-02,2019090201010008,GBLBS,45,22,35,335.00,"11,725.00"
2019-09-02,2019090201009915,GBLBS,50,16,50,337.00,"16,850.00"
2019-09-02,2019090201009914,GBLBS,50,48,540,337.00,"181,980.00"
2019-09-02,2019090201009811,GBLBS,45,52,165,335.00,"55,275.00"
2019-09-02,2019090201009852,GDBL,11,29,100,205.00,"20,500.00"
2019-09-02,2019090201009805,GDBL,11,29,232,205.00,"47,560.00"
2019-09-02,2019090201010146,GLBSL,38,21,10,466.00,"4,660.00"
2019-09-02,2019090201009833,GLICL,34,7,500,380.00,"190,000.00"
2019-09-02,2019090201009832,GLICL,41,7,200,380.00,"76,000.00"
2019-09-02,2019090201009831,GLICL,48,7,25,381.00,"9,525.00"
2019-09-02,2019090201009830,GLICL,46,7,40,382.00,"15,280.00"
2019-09-02,2019090201009829,GLICL,5,7,100,385.00,"38,500.00"
2019-09-02,2019090201009828,GLICL,22,7,10,385.00,"3,850.00"
2019-09-02,2019090201009827,GLICL,42,7,30,385.00,"11,550.00"
2019-09-02,2019090201009826,GLICL,37,7,100,385.00,"38,500.00"
2019-09-02,2019090201010185,GMFBS,38,7,10,490.00,"4,900.00"
2019-09-02,2019090201009926,HGI,7,14,184,296.00,"54,464.00"
2019-09-02,2019090201009901,HGI,7,3,15,296.00,"4,440.00"
2019-09-02,2019090201009900,HGI,39,3,10,296.00,"2,960.00"
2019-09-02,2019090201009899,HGI,43,3,10,297.00,"2,970.00"
2019-09-02,2019090201009898,HGI,48,3,30,298.00,"8,940.00"
2019-09-02,2019090201009897,HGI,49,3,53,298.00,"15,794.00"
2019-09-02,2019090201010053,HIDCL,53,45,31,139.00,"4,309.00"
2019-09-02,2019090201009996,HIDCL,57,18,10,140.00,"1,400.00"
2019-09-02,2019090201009987,HIDCL,53,38,759,139.00,"105,501.00"
2019-09-02,2019090201009865,HPPL,45,55,90,139.00,"12,510.00"
2019-09-02,2019090201009864,HPPL,39,55,100,139.00,"13,900.00"
2019-09-02,2019090201009863,HPPL,45,55,30,139.00,"4,170.00"
2019-09-02,2019090201009813,HPPL,28,21,10,143.00,"1,430.00"
2019-09-02,2019090201009925,HURJA,54,1,10,116.00,"1,160.00"
2019-09-02,2019090201009924,HURJA,11,1,10,116.00,"1,160.00"
2019-09-02,2019090201010141,ILBS,52,39,80,437.00,"34,960.00"
2019-09-02,2019090201010060,ILBS,52,7,10,437.00,"4,370.00"
2019-09-02,2019090201010201,JBBL,26,21,15,159.00,"2,385.00"
2019-09-02,2019090201010257,KBL,38,38,143,201.00,"28,743.00"
2019-09-02,2019090201010256,KBL,38,38,929,201.00,"186,729.00"
2019-09-02,2019090201010220,KBL,38,43,171,201.00,"34,371.00"
2019-09-02,2019090201010110,KBL,32,43,294,200.00,"58,800.00"
2019-09-02,2019090201010109,KBL,53,43,50,200.00,"10,000.00"
2019-09-02,2019090201010108,KBL,22,43,200,200.00,"40,000.00"
2019-09-02,2019090201009776,KBL,49,43,500,200.00,"100,000.00"
2019-09-02,2019090201009775,KBL,45,43,100,200.00,"20,000.00"
2019-09-02,2019090201009774,KBL,6,43,200,200.00,"40,000.00"
2019-09-02,2019090201009773,KBL,41,43,600,200.00,"120,000.00"
2019-09-02,2019090201009772,KBL,50,43,500,200.00,"100,000.00"
2019-09-02,2019090201009771,KBL,26,43,100,200.00,"20,000.00"
2019-09-02,2019090201009835,KBL,43,43,"10,000",200.00,"2,000,000.00"
2019-09-02,2019090201009781,KBL,28,43,"1,939",200.00,"387,800.00"
2019-09-02,2019090201009780,KBL,48,43,"2,000",200.00,"400,000.00"
2019-09-02,2019090201009779,KBL,6,43,100,200.00,"20,000.00"
2019-09-02,2019090201009778,KBL,6,43,500,200.00,"100,000.00"
2019-09-02,2019090201009777,KBL,34,43,100,200.00,"20,000.00"
2019-09-02,2019090201010107,KBL,42,43,100,200.00,"20,000.00"
2019-09-02,2019090201010106,KBL,37,43,200,200.00,"40,000.00"
2019-09-02,2019090201010105,KBL,56,43,95,200.00,"19,000.00"
2019-09-02,2019090201010104,KBL,28,43,61,200.00,"12,200.00"
2019-09-02,2019090201010102,KBL,1,43,829,201.00,"166,629.00"
2019-09-02,2019090201010101,KBL,1,39,171,201.00,"34,371.00"
2019-09-02,2019090201010240,KPCL,55,49,10,81.00,810.00
2019-09-02,2019090201009998,KPCL,55,59,180,82.00,"14,760.00"
2019-09-02,2019090201010138,KSBBL,38,37,330,140.00,"46,200.00"
2019-09-02,2019090201010126,LBBL,45,33,400,175.00,"70,000.00"
2019-09-02,2019090201010070,LBL,45,26,10,212.00,"2,120.00"
2019-09-02,2019090201010069,LBL,45,59,325,211.00,"68,575.00"
2019-09-02,2019090201010068,LBL,45,32,200,211.00,"42,200.00"
2019-09-02,2019090201010054,LBL,33,22,300,210.00,"63,000.00"
2019-09-02,2019090201009977,LBL,32,32,300,211.00,"63,300.00"
2019-09-02,2019090201009903,LBL,33,32,20,210.00,"4,200.00"
2019-09-02,2019090201009892,LBL,1,32,500,211.00,"105,500.00"
2019-09-02,2019090201009891,LBL,1,6,500,211.00,"105,500.00"
2019-09-02,2019090201010222,LGIL,51,11,37,368.00,"13,616.00"
2019-09-02,2019090201010221,LGIL,29,11,96,369.00,"35,424.00"
2019-09-02,2019090201009841,LLBS,37,45,50,700.00,"35,000.00"
2019-09-02,2019090201009840,LLBS,55,45,50,700.00,"35,000.00"
2019-09-02,2019090201010264,MBL,25,16,116,244.00,"28,304.00"
2019-09-02,2019090201010263,MBL,57,16,100,244.00,"24,400.00"
2019-09-02,2019090201010262,MBL,44,16,200,244.00,"48,800.00"
2019-09-02,2019090201010251,MBL,51,55,20,245.00,"4,900.00"
2019-09-02,2019090201010125,MBL,37,55,20,245.00,"4,900.00"
2019-09-02,2019090201010124,MBL,13,55,100,245.00,"24,500.00"
2019-09-02,2019090201009886,MBL,26,22,27,246.00,"6,642.00"
2019-09-02,2019090201010117,MBL,34,55,117,245.00,"28,665.00"
2019-09-02,2019090201010116,MBL,34,55,100,246.00,"24,600.00"
2019-09-02,2019090201009890,MBL,34,22,83,245.00,"20,335.00"
2019-09-02,2019090201009889,MBL,46,22,150,245.00,"36,750.00"
2019-09-02,2019090201009888,MBL,57,22,100,245.00,"24,500.00"
2019-09-02,2019090201009887,MBL,37,22,50,245.00,"12,250.00"
2019-09-02,2019090201010123,MBL,41,55,10,245.00,"2,450.00"
2019-09-02,2019090201010122,MBL,8,55,186,245.00,"45,570.00"
2019-09-02,2019090201010121,MBL,5,55,50,245.00,"12,250.00"
2019-09-02,2019090201010120,MBL,48,55,200,245.00,"49,000.00"
2019-09-02,2019090201010119,MBL,1,55,200,245.00,"49,000.00"
2019-09-02,2019090201010118,MBL,59,55,40,245.00,"9,800.00"
2019-09-02,2019090201010211,MEGA,41,32,100,195.00,"19,500.00"
2019-09-02,2019090201010210,MEGA,22,32,100,195.00,"19,500.00"
2019-09-02,2019090201010209,MEGA,1,32,99,195.00,"19,305.00"
2019-09-02,2019090201009965,MEGA,36,32,475,195.00,"92,625.00"
2019-09-02,2019090201010007,MEGA,1,4,50,195.00,"9,750.00"
2019-09-02,2019090201009986,MEGA,1,4,50,195.00,"9,750.00"
2019-09-02,2019090201009968,MEGA,1,32,581,195.00,"113,295.00"
2019-09-02,2019090201009967,MEGA,26,32,100,195.00,"19,500.00"
2019-09-02,2019090201009966,MEGA,40,32,10,195.00,"1,950.00"
2019-09-02,2019090201010186,MEGA,1,6,170,195.00,"33,150.00"
2019-09-02,2019090201010099,MEGA,56,43,100,196.00,"19,600.00"
2019-09-02,2019090201010044,MEGA,1,4,50,195.00,"9,750.00"
2019-09-02,2019090201009871,MERO,17,10,20,556.00,"11,120.00"
2019-09-02,2019090201009951,MFIL,6,58,750,127.00,"95,250.00"
2019-09-02,2019090201009862,MLBL,40,50,76,208.00,"15,808.00"
2019-09-02,2019090201009861,MLBL,56,50,100,208.00,"20,800.00"
2019-09-02,2019090201009860,MLBL,20,50,100,208.00,"20,800.00"
2019-09-02,2019090201009859,MLBL,38,50,200,208.00,"41,600.00"
2019-09-02,2019090201009858,MLBL,35,50,100,208.00,"20,800.00"
2019-09-02,2019090201009857,MLBL,33,50,500,208.00,"104,000.00"
2019-09-02,2019090201009856,MLBL,33,50,300,208.00,"62,400.00"
2019-09-02,2019090201009855,MLBL,26,50,50,208.00,"10,400.00"
2019-09-02,2019090201009854,MLBL,6,50,84,208.00,"17,472.00"
2019-09-02,2019090201009812,MLBL,33,50,310,209.00,"64,790.00"
2019-09-02,2019090201010254,MNBBL,32,34,148,311.00,"46,028.00"
2019-09-02,2019090201010253,MNBBL,26,34,150,311.00,"46,650.00"
2019-09-02,2019090201010214,MNBBL,51,34,53,312.00,"16,536.00"
2019-09-02,2019090201010087,MNBBL,51,49,47,312.00,"14,664.00"
2019-09-02,2019090201010086,MNBBL,48,49,100,313.00,"31,300.00"
2019-09-02,2019090201010085,MNBBL,33,49,53,313.00,"16,589.00"
2019-09-02,2019090201009853,MNBBL,17,17,500,314.00,"157,000.00"
2019-09-02,2019090201009993,MSMBS,41,14,33,460.00,"15,180.00"
2019-09-02,2019090201009992,MSMBS,40,14,50,461.00,"23,050.00"
2019-09-02,2019090201009991,MSMBS,51,14,67,462.00,"30,954.00"
2019-09-02,2019090201009990,MSMBS,40,14,50,465.00,"23,250.00"
2019-09-02,2019090201010249,NABIL,29,52,500,758.00,"379,000.00"
2019-09-02,2019090201010248,NABIL,35,52,200,758.00,"151,600.00"
2019-09-02,2019090201010247,NABIL,14,52,25,758.00,"18,950.00"
2019-09-02,2019090201010246,NABIL,52,52,10,758.00,"7,580.00"
2019-09-02,2019090201009964,NABIL,47,40,700,759.00,"531,300.00"
2019-09-02,2019090201009870,NADEP,48,45,60,452.00,"27,120.00"
2019-09-02,2019090201009869,NADEP,59,45,30,452.00,"13,560.00"
2019-09-02,2019090201009948,NAGRO,42,57,100,728.00,"72,800.00"
2019-09-02,2019090201009933,NAGRO,42,7,10,728.00,"7,280.00"
2019-09-02,2019090201009927,NAGRO,34,47,10,740.00,"7,400.00"
2019-09-02,2019090201009782,NAGRO,45,16,10,729.00,"7,290.00"
2019-09-02,2019090201009946,NBB,11,45,200,209.00,"41,800.00"
2019-09-02,2019090201010270,NBL,50,45,100,315.00,"31,500.00"
2019-09-02,2019090201010269,NBL,5,45,500,315.00,"157,500.00"
2019-09-02,2019090201010268,NBL,34,45,310,315.00,"97,650.00"
2019-09-02,2019090201010199,NBL,34,45,690,315.00,"217,350.00"
2019-09-02,2019090201010198,NBL,39,45,"1,000",315.00,"315,000.00"
2019-09-02,2019090201010197,NBL,6,45,500,315.00,"157,500.00"
2019-09-02,2019090201009825,NBL,56,45,10,316.00,"3,160.00"
2019-09-02,2019090201010196,NBL,52,45,10,315.00,"3,150.00"
2019-09-02,2019090201010195,NBL,6,45,500,315.00,"157,500.00"
2019-09-02,2019090201010194,NBL,14,45,200,315.00,"63,000.00"
2019-09-02,2019090201010193,NBL,55,45,"1,000",315.00,"315,000.00"
2019-09-02,2019090201010192,NBL,26,45,100,315.00,"31,500.00"
2019-09-02,2019090201009907,NBL,52,45,200,316.00,"63,200.00"
2019-09-02,2019090201010079,NCCB,10,26,100,199.00,"19,900.00"
2019-09-02,2019090201010055,NCCB,58,51,10,201.00,"2,010.00"
2019-09-02,2019090201010048,NCCB,11,51,100,201.00,"20,100.00"
2019-09-02,2019090201010033,NCCB,10,52,140,199.00,"27,860.00"
2019-09-02,2019090201010032,NCCB,8,52,660,200.00,"132,000.00"
2019-09-02,2019090201009962,NCCB,8,19,340,200.00,"68,000.00"
2019-09-02,2019090201009955,NCCB,1,19,160,200.00,"32,000.00"
2019-09-02,2019090201009838,NCCB,1,26,840,200.00,"168,000.00"
2019-09-02,2019090201009809,NCCB,47,26,10,200.00,"2,000.00"
2019-09-02,2019090201010167,NGPL,16,44,100,99.00,"9,900.00"
2019-09-02,2019090201010166,NGPL,26,44,100,99.00,"9,900.00"
2019-09-02,2019090201010165,NGPL,6,44,100,99.00,"9,900.00"
2019-09-02,2019090201010164,NGPL,36,44,"2,500",99.00,"247,500.00"
2019-09-02,2019090201010150,NIB,46,11,35,453.00,"15,855.00"
2019-09-02,2019090201010149,NIB,52,11,100,453.00,"45,300.00"
2019-09-02,2019090201010000,NIB,6,48,250,454.00,"113,500.00"
2019-09-02,2019090201009911,NIB,45,11,250,455.00,"113,750.00"
2019-09-02,2019090201009910,NIB,22,11,15,455.00,"6,825.00"
2019-09-02,2019090201010184,NIBPO,45,34,30,420.00,"12,600.00"
2019-09-02,2019090201010183,NIBPO,56,34,64,420.00,"26,880.00"
2019-09-02,2019090201009976,NIBPO,56,13,300,420.00,"126,000.00"
2019-09-02,2019090201009938,NIBPO,56,6,136,420.00,"57,120.00"
2019-09-02,2019090201009937,NIBPO,11,6,500,420.00,"210,000.00"
2019-09-02,2019090201009936,NIBPO,11,6,25,420.00,"10,500.00"
2019-09-02,2019090201009935,NIBPO,59,6,100,421.00,"42,100.00"
2019-09-02,2019090201010071,NIBSF1,51,8,"7,000",9.00,"63,000.00"
2019-09-02,2019090201010173,NICA,41,6,20,436.00,"8,720.00"
2019-09-02,2019090201010145,NICA,21,36,57,435.00,"24,795.00"
2019-09-02,2019090201010059,NICA,21,36,39,435.00,"16,965.00"
2019-09-02,2019090201010058,NICA,51,36,230,435.00,"100,050.00"
2019-09-02,2019090201010057,NICA,32,36,30,435.00,"13,050.00"
2019-09-02,2019090201010056,NICA,41,36,200,435.00,"87,000.00"
2019-09-02,2019090201009952,NICA,21,6,222,436.00,"96,792.00"
2019-09-02,2019090201009909,NICA,17,46,10,437.00,"4,370.00"
2019-09-02,2019090201010042,NIL,57,50,100,381.00,"38,100.00"
2019-09-02,2019090201009881,NLBBL,6,26,100,509.00,"50,900.00"
2019-09-02,2019090201009880,NLBBL,28,26,70,509.00,"35,630.00"
2019-09-02,2019090201009815,NLBBL,28,48,30,509.00,"15,270.00"
2019-09-02,2019090201009814,NLBBL,33,48,20,509.00,"10,180.00"
2019-09-02,2019090201010191,NLG,38,16,10,594.00,"5,940.00"
2019-09-02,2019090201010148,NLG,6,16,10,594.00,"5,940.00"
2019-09-02,2019090201010147,NLG,6,29,10,585.00,"5,850.00"
2019-09-02,2019090201010077,NLG,38,29,10,585.00,"5,850.00"
2019-09-02,2019090201010076,NLG,38,17,90,585.00,"52,650.00"
2019-09-02,2019090201010002,NLG,38,17,10,585.00,"5,850.00"
2019-09-02,2019090201010001,NLG,38,16,80,584.00,"46,720.00"
2019-09-02,2019090201009906,NLG,8,16,10,584.00,"5,840.00"
2019-09-02,2019090201010217,NLIC,42,45,10,800.00,"8,000.00"
2019-09-02,2019090201010153,NLIC,25,45,50,800.00,"40,000.00"
2019-09-02,2019090201010112,NLIC,33,25,45,799.00,"35,955.00"
2019-09-02,2019090201010111,NLIC,29,25,80,799.00,"63,920.00"
2019-09-02,2019090201009999,NLIC,44,45,349,800.00,"279,200.00"
2019-09-02,2019090201009944,NLIC,36,45,20,800.00,"16,000.00"
2019-09-02,2019090201009868,NLIC,29,32,20,799.00,"15,980.00"
2019-09-02,2019090201010267,NLICL,57,13,10,520.00,"5,200.00"
2019-09-02,2019090201010163,NLICL,13,41,75,519.00,"38,925.00"
2019-09-02,2019090201010162,NLICL,53,41,10,519.00,"5,190.00"
2019-09-02,2019090201010031,NLICL,53,35,10,519.00,"5,190.00"
2019-09-02,2019090201009995,NLICL,17,13,20,520.00,"10,400.00"
2019-09-02,2019090201009941,NLICL,53,32,80,519.00,"41,520.00"
2019-09-02,2019090201009940,NLICL,57,32,10,519.00,"5,190.00"
2019-09-02,2019090201009939,NLICL,57,32,10,520.00,"5,200.00"
2019-09-02,2019090201009922,NNLB,10,17,150,419.00,"62,850.00"
2019-09-02,2019090201009921,NNLB,10,41,40,419.00,"16,760.00"
2019-09-02,2019090201009954,NTC,32,4,100,658.00,"65,800.00"
2019-09-02,2019090201009953,NTC,42,4,40,658.00,"26,320.00"
2019-09-02,2019090201010258,PCBL,56,14,200,267.00,"53,400.00"
2019-09-02,2019090201009823,PCBL,11,58,200,266.00,"53,200.00"
2019-09-02,2019090201009822,PCBL,48,58,100,266.00,"26,600.00"
2019-09-02,2019090201009821,PCBL,59,58,50,266.00,"13,300.00"
2019-09-02,2019090201009820,PCBL,56,58,"1,000",266.00,"266,000.00"
2019-09-02,2019090201009819,PCBL,11,58,100,267.00,"26,700.00"
2019-09-02,2019090201009818,PCBL,22,58,"2,000",267.00,"534,000.00"
2019-09-02,2019090201009817,PCBL,19,58,100,267.00,"26,700.00"
2019-09-02,2019090201009816,PCBL,32,58,238,267.00,"63,546.00"
2019-09-02,2019090201009791,PFL,1,38,397,133.00,"52,801.00"
2019-09-02,2019090201009957,PLIC,48,35,164,394.00,"64,616.00"
2019-09-02,2019090201009956,PLIC,29,35,100,395.00,"39,500.00"
2019-09-02,2019090201010261,PPCL,7,49,10,98.00,980.00
2019-09-02,2019090201010133,PPCL,11,59,90,100.00,"9,000.00"
2019-09-02,2019090201009947,PPCL,11,1,10,100.00,"1,000.00"
2019-09-02,2019090201009896,PPCL,11,6,30,100.00,"3,000.00"
2019-09-02,2019090201009895,PPCL,11,36,30,100.00,"3,000.00"
2019-09-02,2019090201009894,PPCL,11,36,30,100.00,"3,000.00"
2019-09-02,2019090201009893,PPCL,11,36,10,100.00,"1,000.00"
2019-09-02,2019090201009885,PPCL,29,36,20,100.00,"2,000.00"
2019-09-02,2019090201009884,PPCL,29,36,20,100.00,"2,000.00"
2019-09-02,2019090201009883,PPCL,29,36,30,100.00,"3,000.00"
2019-09-02,2019090201009882,PPCL,29,36,30,100.00,"3,000.00"
2019-09-02,2019090201010114,PRVU,10,17,878,259.00,"227,402.00"
2019-09-02,2019090201010113,PRVU,10,14,122,259.00,"31,598.00"
2019-09-02,2019090201009997,PRVU,11,14,100,259.00,"25,900.00"
2019-09-02,2019090201009918,PRVU,36,36,"3,386",258.00,"873,588.00"
2019-09-02,2019090201009902,RHPC,25,32,152,84.00,"12,768.00"
2019-09-02,2019090201009845,RHPC,34,21,20,83.00,"1,660.00"
2019-09-02,2019090201010255,RHPL,8,20,40,171.00,"6,840.00"
2019-09-02,2019090201010226,RHPL,7,11,40,172.00,"6,880.00"
2019-09-02,2019090201010225,RHPL,7,11,40,172.00,"6,880.00"
2019-09-02,2019090201010224,RHPL,7,11,50,172.00,"8,600.00"
2019-09-02,2019090201010200,RHPL,8,20,40,171.00,"6,840.00"
2019-09-02,2019090201010155,RHPL,8,34,50,171.00,"8,550.00"
2019-09-02,2019090201009969,RHPL,8,45,80,171.00,"13,680.00"
2019-09-02,2019090201009958,RHPL,8,1,20,171.00,"3,420.00"
2019-09-02,2019090201009913,RHPL,8,26,30,171.00,"5,130.00"
2019-09-02,2019090201010259,SABSL,21,40,10,500.00,"5,000.00"
2019-09-02,2019090201010241,SABSL,21,40,10,500.00,"5,000.00"
2019-09-02,2019090201010227,SABSL,21,42,10,500.00,"5,000.00"
2019-09-02,2019090201010207,SABSL,21,40,10,500.00,"5,000.00"
2019-09-02,2019090201010188,SABSL,21,40,10,500.00,"5,000.00"
2019-09-02,2019090201010187,SABSL,21,42,10,500.00,"5,000.00"
2019-09-02,2019090201009982,SABSL,7,48,10,499.00,"4,990.00"
2019-09-02,2019090201009981,SABSL,7,44,10,499.00,"4,990.00"
2019-09-02,2019090201009980,SABSL,7,25,10,499.00,"4,990.00"
2019-09-02,2019090201009979,SABSL,7,48,10,499.00,"4,990.00"
2019-09-02,2019090201009934,SABSL,21,35,10,498.00,"4,980.00"
2019-09-02,2019090201009806,SABSL,52,38,10,499.00,"4,990.00"
2019-09-02,2019090201010020,SABSL,21,1,10,500.00,"5,000.00"
2019-09-02,2019090201010019,SABSL,21,1,10,500.00,"5,000.00"
2019-09-02,2019090201010018,SABSL,21,1,10,500.00,"5,000.00"
2019-09-02,2019090201010017,SABSL,21,40,10,500.00,"5,000.00"
2019-09-02,2019090201010016,SABSL,21,40,10,500.00,"5,000.00"
2019-09-02,2019090201009983,SABSL,7,55,10,499.00,"4,990.00"
2019-09-02,2019090201010026,SABSL,21,58,10,500.00,"5,000.00"
2019-09-02,2019090201010025,SABSL,21,29,10,500.00,"5,000.00"
2019-09-02,2019090201010024,SABSL,21,29,10,500.00,"5,000.00"
2019-09-02,2019090201010023,SABSL,21,42,10,500.00,"5,000.00"
2019-09-02,2019090201010022,SABSL,21,1,10,500.00,"5,000.00"
2019-09-02,2019090201010021,SABSL,21,1,10,500.00,"5,000.00"
2019-09-02,2019090201010039,SABSL,21,7,10,500.00,"5,000.00"
2019-09-02,2019090201010037,SABSL,38,38,10,501.00,"5,010.00"
2019-09-02,2019090201010030,SABSL,21,55,10,500.00,"5,000.00"
2019-09-02,2019090201010029,SABSL,21,54,10,500.00,"5,000.00"
2019-09-02,2019090201010028,SABSL,21,46,10,500.00,"5,000.00"
2019-09-02,2019090201010027,SABSL,21,39,160,500.00,"80,000.00"
2019-09-02,2019090201010103,SABSL,21,16,10,500.00,"5,000.00"
2019-09-02,2019090201010100,SABSL,21,38,10,500.00,"5,000.00"
2019-09-02,2019090201010098,SABSL,21,40,10,500.00,"5,000.00"
2019-09-02,2019090201010078,SABSL,41,56,10,502.00,"5,020.00"
2019-09-02,2019090201010075,SABSL,38,38,10,501.00,"5,010.00"
2019-09-02,2019090201010049,SABSL,38,40,10,501.00,"5,010.00"
2019-09-02,2019090201010143,SABSL,45,39,10,503.00,"5,030.00"
2019-09-02,2019090201010142,SABSL,45,22,10,503.00,"5,030.00"
2019-09-02,2019090201010140,SABSL,38,38,10,501.00,"5,010.00"
2019-09-02,2019090201010137,SABSL,21,16,10,500.00,"5,000.00"
2019-09-02,2019090201010136,SABSL,21,21,10,500.00,"5,000.00"
2019-09-02,2019090201010132,SABSL,21,40,10,500.00,"5,000.00"
2019-09-02,2019090201010180,SABSL,21,21,10,500.00,"5,000.00"
2019-09-02,2019090201010178,SABSL,21,40,10,500.00,"5,000.00"
2019-09-02,2019090201010172,SABSL,21,42,10,500.00,"5,000.00"
2019-09-02,2019090201010171,SABSL,21,16,10,500.00,"5,000.00"
2019-09-02,2019090201010170,SABSL,21,40,10,500.00,"5,000.00"
2019-09-02,2019090201010151,SABSL,45,40,10,503.00,"5,030.00"
2019-09-02,2019090201010233,SANIMA,45,40,300,339.00,"101,700.00"
2019-09-02,2019090201010232,SANIMA,14,40,100,339.00,"33,900.00"
2019-09-02,2019090201010231,SANIMA,57,40,100,339.00,"33,900.00"
2019-09-02,2019090201009950,SANIMA,39,19,150,340.00,"51,000.00"
2019-09-02,2019090201009923,SANIMA,14,19,100,340.00,"34,000.00"
2019-09-02,2019090201009879,SBI,29,41,200,433.00,"86,600.00"
2019-09-02,2019090201009878,SBI,1,41,10,434.00,"4,340.00"
2019-09-02,2019090201009808,SBI,1,32,90,434.00,"39,060.00"
2019-09-02,2019090201009807,SBI,52,32,10,434.00,"4,340.00"
2019-09-02,2019090201010250,SBL,34,25,100,311.00,"31,100.00"
2019-09-02,2019090201009945,SBL,16,39,622,311.00,"193,442.00"
2019-09-02,2019090201009837,SBL,16,13,378,311.00,"117,558.00"
2019-09-02,2019090201009836,SBL,17,13,122,311.00,"37,942.00"
2019-09-02,2019090201010266,SCB,36,19,100,610.00,"61,000.00"
2019-09-02,2019090201010265,SCB,36,7,50,609.00,"30,450.00"
2019-09-02,2019090201010097,SDESI,40,51,100,603.00,"60,300.00"
2019-09-02,2019090201010096,SDESI,54,51,100,603.00,"60,300.00"
2019-09-02,2019090201010095,SDESI,34,51,100,604.00,"60,400.00"
2019-09-02,2019090201010094,SDESI,4,51,100,604.00,"60,400.00"
2019-09-02,2019090201010093,SDESI,5,51,100,606.00,"60,600.00"
2019-09-02,2019090201010092,SDESI,38,51,200,606.00,"121,200.00"
2019-09-02,2019090201009846,SDESI,45,1,20,609.00,"12,180.00"
2019-09-02,2019090201010091,SDESI,19,51,100,607.00,"60,700.00"
2019-09-02,2019090201010090,SDESI,45,51,60,607.00,"36,420.00"
2019-09-02,2019090201009850,SDESI,45,1,20,607.00,"12,140.00"
2019-09-02,2019090201009849,SDESI,14,1,140,608.00,"85,120.00"
2019-09-02,2019090201009848,SDESI,47,1,10,608.00,"6,080.00"
2019-09-02,2019090201009847,SDESI,1,1,10,608.00,"6,080.00"
2019-09-02,2019090201010234,SHINE,44,56,300,246.00,"73,800.00"
2019-09-02,2019090201010181,SHIVM,47,37,100,531.00,"53,100.00"
2019-09-02,2019090201010176,SHIVM,47,28,76,531.00,"40,356.00"
2019-09-02,2019090201010175,SHIVM,47,28,500,531.00,"265,500.00"
2019-09-02,2019090201010174,SHIVM,21,28,74,531.00,"39,294.00"
2019-09-02,2019090201010154,SHIVM,49,6,60,532.00,"31,920.00"
2019-09-02,2019090201010219,SHL,39,28,500,222.00,"111,000.00"
2019-09-02,2019090201009790,SHL,39,4,"1,879",222.00,"417,138.00"
2019-09-02,2019090201009789,SHL,14,4,100,222.00,"22,200.00"
2019-09-02,2019090201009788,SHL,32,4,200,222.00,"44,400.00"
2019-09-02,2019090201009787,SHL,44,4,200,222.00,"44,400.00"
2019-09-02,2019090201009786,SHL,44,4,"2,000",222.00,"444,000.00"
2019-09-02,2019090201010229,SIC,39,13,20,535.00,"10,700.00"
2019-09-02,2019090201010228,SIC,39,20,100,534.00,"53,400.00"
2019-09-02,2019090201010208,SICL,33,35,25,752.00,"18,800.00"
2019-09-02,2019090201009908,SIL,25,56,15,395.00,"5,925.00"
2019-09-02,2019090201009872,SIL,45,10,86,392.00,"33,712.00"
2019-09-02,2019090201010239,SJCL,36,42,20,187.00,"3,740.00"
2019-09-02,2019090201010223,SJCL,36,20,20,187.00,"3,740.00"
2019-09-02,2019090201010218,SJCL,36,42,20,187.00,"3,740.00"
2019-09-02,2019090201009984,SJCL,39,1,20,186.00,"3,720.00"
2019-09-02,2019090201010190,SJCL,36,42,20,187.00,"3,740.00"
2019-09-02,2019090201010177,SJCL,36,42,20,187.00,"3,740.00"
2019-09-02,2019090201010131,SJCL,36,26,20,187.00,"3,740.00"
2019-09-02,2019090201010213,SLBBL,59,37,42,555.00,"23,310.00"
2019-09-02,2019090201010134,SLBBL,59,39,100,555.00,"55,500.00"
2019-09-02,2019090201009963,SLBSL,45,38,10,740.00,"7,400.00"
2019-09-02,2019090201010043,SLICL,42,55,100,274.00,"27,400.00"
2019-09-02,2019090201009943,SLICL,17,41,100,270.00,"27,000.00"
2019-09-02,2019090201009942,SLICL,6,41,50,270.00,"13,500.00"
2019-09-02,2019090201010206,SMATA,3,28,10,"1,270.00","12,700.00"
2019-09-02,2019090201010205,SMATA,6,28,50,"1,270.00","63,500.00"
2019-09-02,2019090201010204,SMATA,39,28,100,"1,271.00","127,100.00"
2019-09-02,2019090201010203,SMATA,14,28,10,"1,275.00","12,750.00"
2019-09-02,2019090201010202,SMATA,17,28,10,"1,276.00","12,760.00"
2019-09-02,2019090201010189,SMFBS,8,58,10,801.00,"8,010.00"
2019-09-02,2019090201009792,SMFBS,34,13,50,800.00,"40,000.00"
2019-09-02,2019090201009876,SMFDB,8,17,300,511.00,"153,300.00"
2019-09-02,2019090201009875,SMFDB,32,17,106,512.00,"54,272.00"
2019-09-02,2019090201009989,SPARS,34,7,10,580.00,"5,800.00"
2019-09-02,2019090201009988,SPARS,34,7,10,580.00,"5,800.00"
2019-09-02,2019090201010052,SRBL,51,43,13,227.00,"2,951.00"
2019-09-02,2019090201010051,SRBL,11,43,200,227.00,"45,400.00"
2019-09-02,2019090201010050,SRBL,37,43,787,227.00,"178,649.00"
2019-09-02,2019090201010041,SRBL,37,14,200,227.00,"45,400.00"
2019-09-02,2019090201009867,SRBL,37,53,13,227.00,"2,951.00"
2019-09-02,2019090201009866,SRBL,40,53,66,227.00,"14,982.00"
2019-09-02,2019090201010216,UFL,39,28,"2,000",180.00,"360,000.00"
2019-09-02,2019090201010215,UFL,32,28,200,181.00,"36,200.00"
2019-09-02,2019090201009912,UIC,48,17,100,273.00,"27,300.00"
2019-09-02,2019090201009905,UIC,35,35,170,274.00,"46,580.00"
2019-09-02,2019090201009904,UIC,35,51,30,274.00,"8,220.00"
2019-09-02,2019090201010152,UPCL,34,26,70,74.00,"5,180.00"
2019-09-02,2019090201010260,UPPER,34,35,60,241.00,"14,460.00"
2019-09-02,2019090201010237,UPPER,25,33,29,242.00,"7,018.00"
2019-09-02,2019090201010236,UPPER,34,21,815,241.00,"196,415.00"
2019-09-02,2019090201010235,UPPER,45,21,128,241.00,"30,848.00"
2019-09-02,2019090201010080,UPPER,25,22,28,241.00,"6,748.00"
2019-09-02,2019090201009834,UPPER,25,45,72,241.00,"17,352.00"
2019-09-02,2019090201010115,UPPER,45,6,220,241.00,"53,020.00"
2019-09-02,2019090201010084,UPPER,45,22,652,241.00,"157,132.00"
2019-09-02,2019090201010083,UPPER,43,22,100,241.00,"24,100.00"
2019-09-02,2019090201010082,UPPER,11,22,20,241.00,"4,820.00"
2019-09-02,2019090201010081,UPPER,1,22,200,241.00,"48,200.00"
2019-09-02,2019090201009644,ADBL,39,55,41,414.00,"16,974.00"
2019-09-02,2019090201009643,ADBL,14,55,650,414.00,"269,100.00"
2019-09-02,2019090201009642,ADBL,44,55,700,414.00,"289,800.00"
2019-09-02,2019090201009641,ADBL,39,55,100,414.00,"41,400.00"
2019-09-02,2019090201009640,ADBL,33,55,100,415.00,"41,500.00"
2019-09-02,2019090201009639,ADBL,28,55,100,415.00,"41,500.00"
2019-09-02,2019090201009618,ADBL,49,51,50,416.00,"20,800.00"
2019-09-02,2019090201009537,ADBL,49,45,205,416.00,"85,280.00"
2019-09-02,2019090201009436,ADBL,22,45,200,416.00,"83,200.00"
2019-09-02,2019090201009638,ADBL,4,55,200,415.00,"83,000.00"
2019-09-02,2019090201009637,ADBL,44,55,400,415.00,"166,000.00"
2019-09-02,2019090201009636,ADBL,41,55,100,415.00,"41,500.00"
2019-09-02,2019090201009635,ADBL,37,55,50,415.00,"20,750.00"
2019-09-02,2019090201009634,ADBL,19,55,61,415.00,"25,315.00"
2019-09-02,2019090201009633,ADBL,49,55,245,416.00,"101,920.00"
2019-09-02,2019090201009760,AHPC,25,17,20,100.00,"2,000.00"
2019-09-02,2019090201009730,AHPC,52,22,89,99.00,"8,811.00"
2019-09-02,2019090201009729,AHPC,43,22,60,99.00,"5,940.00"
2019-09-02,2019090201009586,ALBSL,38,25,90,433.00,"38,970.00"
2019-09-02,2019090201009477,ALBSL,6,25,100,433.00,"43,300.00"
2019-09-02,2019090201009476,ALBSL,54,25,10,433.00,"4,330.00"
2019-09-02,2019090201009475,ALBSL,39,25,30,434.00,"13,020.00"
2019-09-02,2019090201009299,ALICL,36,43,49,313.00,"15,337.00"
2019-09-02,2019090201009687,API,11,35,50,117.00,"5,850.00"
2019-09-02,2019090201009583,API,6,35,100,117.00,"11,700.00"
2019-09-02,2019090201009511,API,36,25,50,117.00,"5,850.00"
2019-09-02,2019090201009340,API,35,25,308,115.00,"35,420.00"
2019-09-02,2019090201009339,API,38,25,300,115.00,"34,500.00"
2019-09-02,2019090201009338,API,36,25,500,115.00,"57,500.00"
2019-09-02,2019090201009337,API,13,25,50,115.00,"5,750.00"
2019-09-02,2019090201009336,API,45,25,50,115.00,"5,750.00"
2019-09-02,2019090201009335,API,35,25,292,115.00,"33,580.00"
2019-09-02,2019090201009758,BFC,40,34,50,91.00,"4,550.00"
2019-09-02,2019090201009757,BFC,7,34,50,91.00,"4,550.00"
2019-09-02,2019090201009686,BOKL,13,11,60,253.00,"15,180.00"
2019-09-02,2019090201009566,BOKL,13,26,300,253.00,"75,900.00"
2019-09-02,2019090201009346,BOKL,13,45,53,253.00,"13,409.00"
2019-09-02,2019090201009345,BOKL,55,45,22,253.00,"5,566.00"
2019-09-02,2019090201009276,BOKL,6,11,170,254.00,"43,180.00"
2019-09-02,2019090201009682,BPCL,11,43,50,365.00,"18,250.00"
2019-09-02,2019090201009681,BPCL,49,43,300,365.00,"109,500.00"
2019-09-02,2019090201009680,BPCL,37,43,50,365.00,"18,250.00"
2019-09-02,2019090201009679,BPCL,34,43,24,366.00,"8,784.00"
2019-09-02,2019090201009657,CBBL,44,32,100,958.00,"95,800.00"
2019-09-02,2019090201009419,CBBL,44,1,384,958.00,"367,872.00"
2019-09-02,2019090201009418,CBBL,40,1,19,960.00,"18,240.00"
2019-09-02,2019090201009364,CBBL,40,53,31,960.00,"29,760.00"
2019-09-02,2019090201009363,CBBL,36,53,50,960.00,"48,000.00"
2019-09-02,2019090201009362,CBBL,1,53,100,961.00,"96,100.00"
2019-09-02,2019090201009361,CBBL,32,53,100,962.00,"96,200.00"
2019-09-02,2019090201009360,CBBL,26,53,100,963.00,"96,300.00"
2019-09-02,2019090201009359,CBBL,26,53,324,964.00,"312,336.00"
2019-09-02,2019090201009697,CBL,59,50,250,145.00,"36,250.00"
2019-09-02,2019090201009498,CBL,59,17,591,145.00,"85,695.00"
2019-09-02,2019090201009495,CBL,59,43,888,145.00,"128,760.00"
2019-09-02,2019090201009494,CBL,58,43,70,145.00,"10,150.00"
2019-09-02,2019090201009493,CBL,45,43,42,145.00,"6,090.00"
2019-09-02,2019090201009610,CCBL,19,16,19,158.00,"3,002.00"
2019-09-02,2019090201009474,CIT,14,34,112,"2,280.00","255,360.00"
2019-09-02,2019090201009404,CIT,51,34,50,"2,280.00","114,000.00"
2019-09-02,2019090201009403,CIT,57,34,38,"2,280.00","86,640.00"
2019-09-02,2019090201009405,CORBL,57,42,10,116.00,"1,160.00"
2019-09-02,2019090201009738,DBBL,45,22,69,130.00,"8,970.00"
2019-09-02,2019090201009737,DBBL,45,22,131,130.00,"17,030.00"
2019-09-02,2019090201009736,DBBL,45,38,500,130.00,"65,000.00"
2019-09-02,2019090201009720,DBBL,41,38,500,130.00,"65,000.00"
2019-09-02,2019090201009684,DBBL,56,4,50,129.00,"6,450.00"
2019-09-02,2019090201009659,DBBL,54,38,"1,000",130.00,"130,000.00"
2019-09-02,2019090201009587,DBBL,56,4,100,129.00,"12,900.00"
2019-09-02,2019090201009563,DBBL,56,4,75,129.00,"9,675.00"
2019-09-02,2019090201009562,DBBL,34,4,200,129.00,"25,800.00"
2019-09-02,2019090201009561,DBBL,20,4,25,129.00,"3,225.00"
2019-09-02,2019090201009383,DBBL,54,38,"1,000",130.00,"130,000.00"
2019-09-02,2019090201009747,DDBL,21,1,371,730.00,"270,830.00"
2019-09-02,2019090201009546,DDBL,21,45,129,730.00,"94,170.00"
2019-09-02,2019090201009538,EBL,34,54,40,609.00,"24,360.00"
2019-09-02,2019090201009496,EBL,26,54,10,609.00,"6,090.00"
2019-09-02,2019090201009294,FMDBL,59,45,33,370.00,"12,210.00"
2019-09-02,2019090201009272,FMDBL,59,45,447,370.00,"165,390.00"
2019-09-02,2019090201009271,FMDBL,41,45,200,370.00,"74,000.00"
2019-09-02,2019090201009382,FOWAD,35,57,11,"1,305.00","14,355.00"
2019-09-02,2019090201009489,GBBL,32,22,447,209.00,"93,423.00"
2019-09-02,2019090201009393,GBBL,32,26,480,209.00,"100,320.00"
2019-09-02,2019090201009392,GBBL,48,26,100,209.00,"20,900.00"
2019-09-02,2019090201009391,GBBL,44,26,300,209.00,"62,700.00"
2019-09-02,2019090201009390,GBBL,49,26,120,209.00,"25,080.00"
2019-09-02,2019090201009745,GBLBS,45,43,100,336.00,"33,600.00"
2019-09-02,2019090201009553,GBLBS,7,7,"1,000",333.00,"333,000.00"
2019-09-02,2019090201009552,GBLBS,28,7,100,334.00,"33,400.00"
2019-09-02,2019090201009551,GBLBS,38,7,75,334.00,"25,050.00"
2019-09-02,2019090201009529,GBLBS,21,52,16,336.00,"5,376.00"
2019-09-02,2019090201009519,GBLBS,57,52,10,336.00,"3,360.00"
2019-09-02,2019090201009282,GBLBS,26,28,200,335.00,"67,000.00"
2019-09-02,2019090201009281,GBLBS,56,28,15,335.00,"5,025.00"
2019-09-02,2019090201009288,GBLBS,38,28,425,334.00,"141,950.00"
2019-09-02,2019090201009287,GBLBS,41,28,50,334.00,"16,700.00"
2019-09-02,2019090201009286,GBLBS,33,28,50,334.00,"16,700.00"
2019-09-02,2019090201009285,GBLBS,38,28,10,334.00,"3,340.00"
2019-09-02,2019090201009284,GBLBS,52,28,50,335.00,"16,750.00"
2019-09-02,2019090201009283,GBLBS,45,28,100,335.00,"33,500.00"
2019-09-02,2019090201009712,GDBL,14,36,299,204.00,"60,996.00"
2019-09-02,2019090201009711,GDBL,41,36,50,204.00,"10,200.00"
2019-09-02,2019090201009710,GDBL,36,36,134,204.00,"27,336.00"
2019-09-02,2019090201009523,GLBSL,38,52,10,457.00,"4,570.00"
2019-09-02,2019090201009728,GLICL,25,25,11,385.00,"4,235.00"
2019-09-02,2019090201009384,GMFBS,6,1,14,499.00,"6,986.00"
2019-09-02,2019090201009333,GMFBS,38,16,10,494.00,"4,940.00"
2019-09-02,2019090201009332,GMFBS,38,16,10,494.00,"4,940.00"
2019-09-02,2019090201009331,GMFBS,38,16,10,494.00,"4,940.00"
2019-09-02,2019090201009438,HGI,33,50,50,299.00,"14,950.00"
2019-09-02,2019090201009735,HIDCL,53,4,50,139.00,"6,950.00"
2019-09-02,2019090201009701,HIDCL,53,4,40,139.00,"5,560.00"
2019-09-02,2019090201009647,HIDCL,57,38,10,140.00,"1,400.00"
2019-09-02,2019090201009646,HIDCL,53,4,18,139.00,"2,502.00"
2019-09-02,2019090201009645,HIDCL,43,4,182,139.00,"25,298.00"
2019-09-02,2019090201009581,HIDCL,43,51,18,139.00,"2,502.00"
2019-09-02,2019090201009580,HIDCL,39,51,32,139.00,"4,448.00"
2019-09-02,2019090201009407,HIDCL,57,38,50,140.00,"7,000.00"
2019-09-02,2019090201009491,IGI,33,17,50,325.00,"16,250.00"
2019-09-02,2019090201009543,ILBS,35,39,10,437.00,"4,370.00"
2019-09-02,2019090201009530,ILBS,35,39,10,437.00,"4,370.00"
2019-09-02,2019090201009515,ILBS,52,52,10,438.00,"4,380.00"
2019-09-02,2019090201009507,ILBS,39,52,10,438.00,"4,380.00"
2019-09-02,2019090201009320,ILBS,11,42,10,440.00,"4,400.00"
2019-09-02,2019090201009319,ILBS,11,16,100,440.00,"44,000.00"
2019-09-02,2019090201009318,ILBS,11,39,10,440.00,"4,400.00"
2019-09-02,2019090201009317,ILBS,11,13,10,440.00,"4,400.00"
2019-09-02,2019090201009409,JBBL,26,46,600,159.00,"95,400.00"
2019-09-02,2019090201009408,JBBL,45,46,200,159.00,"31,800.00"
2019-09-02,2019090201009277,JOSHI,32,7,10,62.00,620.00
2019-09-02,2019090201009770,KBL,1,43,200,200.00,"40,000.00"
2019-09-02,2019090201009769,KBL,39,43,"3,005",200.00,"601,000.00"
2019-09-02,2019090201009768,KBL,40,43,50,201.00,"10,050.00"
2019-09-02,2019090201009767,KBL,26,43,10,201.00,"2,010.00"
2019-09-02,2019090201009766,KBL,45,43,96,201.00,"19,296.00"
2019-09-02,2019090201009549,KBL,33,16,275,202.00,"55,550.00"
2019-09-02,2019090201009316,KBL,39,11,100,201.00,"20,100.00"
2019-09-02,2019090201009315,KBL,39,43,"1,000",201.00,"201,000.00"
2019-09-02,2019090201009380,KBL,51,43,254,201.00,"51,054.00"
2019-09-02,2019090201009379,KBL,1,43,746,201.00,"149,946.00"
2019-09-02,2019090201009344,KBL,1,43,254,201.00,"51,054.00"
2019-09-02,2019090201009343,KBL,3,43,150,201.00,"30,150.00"
2019-09-02,2019090201009342,KBL,48,43,200,201.00,"40,200.00"
2019-09-02,2019090201009341,KBL,39,43,"1,396",201.00,"280,596.00"
2019-09-02,2019090201009548,KBL,33,14,225,202.00,"45,450.00"
2019-09-02,2019090201009542,KBL,45,50,404,201.00,"81,204.00"
2019-09-02,2019090201009541,KBL,17,50,100,201.00,"20,100.00"
2019-09-02,2019090201009540,KBL,26,50,50,201.00,"10,050.00"
2019-09-02,2019090201009539,KBL,51,50,246,201.00,"49,446.00"
2019-09-02,2019090201009427,KBL,51,46,500,201.00,"100,500.00"
2019-09-02,2019090201009480,KPCL,55,7,10,82.00,820.00
2019-09-02,2019090201009628,KRBL,22,57,200,103.00,"20,600.00"
2019-09-02,2019090201009406,KSBBL,38,26,"1,001",140.00,"140,140.00"
2019-09-02,2019090201009378,KSBBL,17,38,520,141.00,"73,320.00"
2019-09-02,2019090201009759,LBBL,44,17,510,174.00,"88,740.00"
2019-09-02,2019090201009733,LBBL,44,17,250,174.00,"43,500.00"
2019-09-02,2019090201009593,LBBL,54,17,50,175.00,"8,750.00"
2019-09-02,2019090201009592,LBBL,10,17,100,175.00,"17,500.00"
2019-09-02,2019090201009497,LBBL,53,22,500,175.00,"87,500.00"
2019-09-02,2019090201009591,LBBL,53,17,100,175.00,"17,500.00"
2019-09-02,2019090201009590,LBBL,25,17,40,175.00,"7,000.00"
2019-09-02,2019090201009589,LBBL,8,17,"1,200",175.00,"210,000.00"
2019-09-02,2019090201009558,LBBL,8,57,800,175.00,"140,000.00"
2019-09-02,2019090201009557,LBBL,53,57,200,175.00,"35,000.00"
2019-09-02,2019090201009732,LBL,33,36,251,210.00,"52,710.00"
2019-09-02,2019090201009731,LBL,37,36,49,210.00,"10,290.00"
2019-09-02,2019090201009625,LBL,37,8,51,210.00,"10,710.00"
2019-09-02,2019090201009624,LBL,45,8,100,210.00,"21,000.00"
2019-09-02,2019090201009623,LBL,37,8,480,210.00,"100,800.00"
2019-09-02,2019090201009300,LBL,26,22,300,210.00,"63,000.00"
2019-09-02,2019090201009273,LBL,17,8,100,211.00,"21,100.00"
2019-09-02,2019090201009508,LBL,37,21,20,210.00,"4,200.00"
2019-09-02,2019090201009329,LBL,37,36,200,210.00,"42,000.00"
2019-09-02,2019090201009304,LBL,37,22,300,210.00,"63,000.00"
2019-09-02,2019090201009303,LBL,40,22,500,210.00,"105,000.00"
2019-09-02,2019090201009302,LBL,41,22,100,210.00,"21,000.00"
2019-09-02,2019090201009301,LBL,14,22,300,210.00,"63,000.00"
2019-09-02,2019090201009632,LLBS,50,7,72,701.00,"50,472.00"
2019-09-02,2019090201009599,LLBS,19,7,50,702.00,"35,100.00"
2019-09-02,2019090201009550,LLBS,29,7,28,705.00,"19,740.00"
2019-09-02,2019090201009439,LLBS,29,29,48,710.00,"34,080.00"
2019-09-02,2019090201009751,MBL,26,32,23,246.00,"5,658.00"
2019-09-02,2019090201009750,MBL,33,32,77,246.00,"18,942.00"
2019-09-02,2019090201009749,MBL,33,59,18,246.00,"4,428.00"
2019-09-02,2019090201009619,MBL,33,50,405,246.00,"99,630.00"
2019-09-02,2019090201009275,MBL,37,22,100,245.00,"24,500.00"
2019-09-02,2019090201009588,MEGA,36,28,25,195.00,"4,875.00"
2019-09-02,2019090201009441,MEGA,38,4,25,195.00,"4,875.00"
2019-09-02,2019090201009440,MEGA,40,4,50,195.00,"9,750.00"
2019-09-02,2019090201009334,MEGA,38,11,100,195.00,"19,500.00"
2019-09-02,2019090201009577,MEGA,29,28,200,195.00,"39,000.00"
2019-09-02,2019090201009576,MEGA,56,28,100,195.00,"19,500.00"
2019-09-02,2019090201009575,MEGA,38,28,25,195.00,"4,875.00"
2019-09-02,2019090201009423,MERO,33,26,50,557.00,"27,850.00"
2019-09-02,2019090201009355,MERO,6,45,10,550.00,"5,500.00"
2019-09-02,2019090201009354,MERO,14,45,200,550.00,"110,000.00"
2019-09-02,2019090201009353,MERO,39,45,200,550.00,"110,000.00"
2019-09-02,2019090201009352,MERO,29,45,10,550.00,"5,500.00"
2019-09-02,2019090201009351,MERO,39,45,200,551.00,"110,200.00"
2019-09-02,2019090201009350,MERO,38,45,100,551.00,"55,100.00"
2019-09-02,2019090201009349,MERO,39,45,112,551.00,"61,712.00"
2019-09-02,2019090201009348,MERO,57,45,30,552.00,"16,560.00"
2019-09-02,2019090201009330,MERO,19,41,56,553.00,"30,968.00"
2019-09-02,2019090201009516,MFIL,28,47,422,126.00,"53,172.00"
2019-09-02,2019090201009394,MFIL,28,55,105,126.00,"13,230.00"
2019-09-02,2019090201009764,MLBL,33,35,500,209.00,"104,500.00"
2019-09-02,2019090201009755,MNBBL,29,17,700,314.00,"219,800.00"
2019-09-02,2019090201009754,MNBBL,29,16,300,314.00,"94,200.00"
2019-09-02,2019090201009579,MNBBL,33,13,447,313.00,"139,911.00"
2019-09-02,2019090201009387,MPFL,28,17,350,106.00,"37,100.00"
2019-09-02,2019090201009386,MPFL,28,17,100,106.00,"10,600.00"
2019-09-02,2019090201009385,MPFL,45,17,60,106.00,"6,360.00"
2019-09-02,2019090201009608,NABIL,37,1,23,758.00,"17,434.00"
2019-09-02,2019090201009422,NABIL,46,40,20,759.00,"15,180.00"
2019-09-02,2019090201009321,NABIL,42,6,49,759.00,"37,191.00"
2019-09-02,2019090201009753,NADEP,59,38,70,452.00,"31,640.00"
2019-09-02,2019090201009752,NADEP,50,38,80,452.00,"36,160.00"
2019-09-02,2019090201009560,NADEP,50,57,50,452.00,"22,600.00"
2019-09-02,2019090201009358,NAGRO,34,22,30,727.00,"21,810.00"
2019-09-02,2019090201009357,NAGRO,22,22,20,728.00,"14,560.00"
2019-09-02,2019090201009356,NAGRO,45,22,10,730.00,"7,300.00"
2019-09-02,2019090201009595,NBB,33,45,500,209.00,"104,500.00"
2019-09-02,2019090201009402,NBB,17,45,711,208.00,"147,888.00"
2019-09-02,2019090201009401,NBB,17,45,"1,500",208.00,"312,000.00"
2019-09-02,2019090201009400,NBB,28,45,433,208.00,"90,064.00"
2019-09-02,2019090201009399,NBB,22,45,100,208.00,"20,800.00"
2019-09-02,2019090201009398,NBB,11,45,100,208.00,"20,800.00"
2019-09-02,2019090201009397,NBB,26,45,100,208.00,"20,800.00"
2019-09-02,2019090201009396,NBB,56,45,100,208.00,"20,800.00"
2019-09-02,2019090201009395,NBB,33,45,56,208.00,"11,648.00"
2019-09-02,2019090201009734,NBL,28,45,250,316.00,"79,000.00"
2019-09-02,2019090201009605,NBL,26,4,50,315.00,"15,750.00"
2019-09-02,2019090201009585,NBL,36,4,"1,000",315.00,"315,000.00"
2019-09-02,2019090201009473,NBL,14,45,100,314.00,"31,400.00"
2019-09-02,2019090201009472,NBL,25,45,500,314.00,"157,000.00"
2019-09-02,2019090201009471,NBL,53,45,50,314.00,"15,700.00"
2019-09-02,2019090201009297,NBL,56,50,900,316.00,"284,400.00"
2019-09-02,2019090201009296,NBL,43,50,100,316.00,"31,600.00"
2019-09-02,2019090201009365,NBL,56,4,130,316.00,"41,080.00"
2019-09-02,2019090201009328,NBL,56,57,"1,870",316.00,"590,920.00"
2019-09-02,2019090201009327,NBL,59,57,100,316.00,"31,600.00"
2019-09-02,2019090201009326,NBL,59,57,300,316.00,"94,800.00"
2019-09-02,2019090201009325,NBL,25,57,200,316.00,"63,200.00"
2019-09-02,2019090201009324,NBL,56,57,100,316.00,"31,600.00"
2019-09-02,2019090201009446,NBL,41,45,200,316.00,"63,200.00"
2019-09-02,2019090201009445,NBL,34,45,500,316.00,"158,000.00"
2019-09-02,2019090201009444,NBL,37,45,400,316.00,"126,400.00"
2019-09-02,2019090201009443,NBL,40,45,630,316.00,"199,080.00"
2019-09-02,2019090201009442,NBL,45,45,20,317.00,"6,340.00"
2019-09-02,2019090201009366,NBL,40,4,370,316.00,"116,920.00"
2019-09-02,2019090201009452,NBL,37,45,50,315.00,"15,750.00"
2019-09-02,2019090201009451,NBL,59,45,100,315.00,"31,500.00"
2019-09-02,2019090201009450,NBL,57,45,40,315.00,"12,600.00"
2019-09-02,2019090201009449,NBL,25,45,200,315.00,"63,000.00"
2019-09-02,2019090201009448,NBL,43,45,100,315.00,"31,500.00"
2019-09-02,2019090201009447,NBL,45,45,30,316.00,"9,480.00"
2019-09-02,2019090201009458,NBL,34,45,500,315.00,"157,500.00"
2019-09-02,2019090201009457,NBL,56,45,50,315.00,"15,750.00"
2019-09-02,2019090201009456,NBL,42,45,200,315.00,"63,000.00"
2019-09-02,2019090201009455,NBL,38,45,100,315.00,"31,500.00"
2019-09-02,2019090201009454,NBL,45,45,30,315.00,"9,450.00"
2019-09-02,2019090201009453,NBL,58,45,500,315.00,"157,500.00"
2019-09-02,2019090201009464,NBL,38,45,"1,000",315.00,"315,000.00"
2019-09-02,2019090201009463,NBL,58,45,"1,000",315.00,"315,000.00"
2019-09-02,2019090201009462,NBL,35,45,200,315.00,"63,000.00"
2019-09-02,2019090201009461,NBL,51,45,200,315.00,"63,000.00"
2019-09-02,2019090201009460,NBL,14,45,100,315.00,"31,500.00"
2019-09-02,2019090201009459,NBL,25,45,500,315.00,"157,500.00"
2019-09-02,2019090201009470,NBL,14,45,500,314.00,"157,000.00"
2019-09-02,2019090201009469,NBL,56,45,"1,000",314.00,"314,000.00"
2019-09-02,2019090201009468,NBL,34,45,"1,000",314.00,"314,000.00"
2019-09-02,2019090201009467,NBL,45,45,"2,000",314.00,"628,000.00"
2019-09-02,2019090201009466,NBL,56,45,"1,000",315.00,"315,000.00"
2019-09-02,2019090201009465,NBL,19,45,200,315.00,"63,000.00"
2019-09-02,2019090201009744,NCCB,47,34,490,200.00,"98,000.00"
2019-09-02,2019090201009743,NCCB,47,34,500,200.00,"100,000.00"
2019-09-02,2019090201009742,NCCB,40,34,50,200.00,"10,000.00"
2019-09-02,2019090201009741,NCCB,36,34,500,200.00,"100,000.00"
2019-09-02,2019090201009740,NCCB,36,34,500,200.00,"100,000.00"
2019-09-02,2019090201009739,NCCB,26,34,10,200.00,"2,000.00"
2019-09-02,2019090201009555,NCCB,17,1,100,200.00,"20,000.00"
2019-09-02,2019090201009603,NHPC,56,22,50,56.00,"2,800.00"
2019-09-02,2019090201009602,NHPC,56,22,500,56.00,"28,000.00"
2019-09-02,2019090201009601,NHPC,41,22,"1,000",56.00,"56,000.00"
2019-09-02,2019090201009600,NHPC,57,22,50,56.00,"2,800.00"
2019-09-02,2019090201009719,NIB,22,1,485,455.00,"220,675.00"
2019-09-02,2019090201009718,NIB,36,1,10,455.00,"4,550.00"
2019-09-02,2019090201009717,NIB,38,1,50,455.00,"22,750.00"
2019-09-02,2019090201009716,NIB,22,1,50,455.00,"22,750.00"
2019-09-02,2019090201009715,NIB,35,1,30,455.00,"13,650.00"
2019-09-02,2019090201009714,NIB,49,1,100,455.00,"45,500.00"
2019-09-02,2019090201009713,NIB,4,1,275,455.00,"125,125.00"
2019-09-02,2019090201009556,NIB,4,52,44,455.00,"20,020.00"
2019-09-02,2019090201009428,NIB,4,52,20,455.00,"9,100.00"
2019-09-02,2019090201009501,NIBPO,32,38,100,422.00,"42,200.00"
2019-09-02,2019090201009500,NIBPO,26,38,80,422.00,"33,760.00"
2019-09-02,2019090201009594,NICA,21,50,300,436.00,"130,800.00"
2019-09-02,2019090201009578,NICA,21,41,"1,078",436.00,"470,008.00"
2019-09-02,2019090201009518,NICA,21,10,100,436.00,"43,600.00"
2019-09-02,2019090201009517,NICA,21,44,300,436.00,"130,800.00"
2019-09-02,2019090201009490,NICA,32,54,20,435.00,"8,700.00"
2019-09-02,2019090201009678,NIL,57,17,551,381.00,"209,931.00"
2019-09-02,2019090201009677,NIL,44,17,100,381.00,"38,100.00"
2019-09-02,2019090201009676,NIL,57,17,14,382.00,"5,348.00"
2019-09-02,2019090201009525,NLIC,35,45,100,800.00,"80,000.00"
2019-09-02,2019090201009524,NLIC,26,45,26,800.00,"20,800.00"
2019-09-02,2019090201009504,NLIC,26,4,474,800.00,"379,200.00"
2019-09-02,2019090201009503,NLIC,35,4,26,800.00,"20,800.00"
2019-09-02,2019090201009492,NLIC,35,39,18,800.00,"14,400.00"
2019-09-02,2019090201009723,NLICL,28,35,90,516.00,"46,440.00"
2019-09-02,2019090201009722,NLICL,52,35,50,516.00,"25,800.00"
2019-09-02,2019090201009721,NLICL,34,35,10,517.00,"5,170.00"
2019-09-02,2019090201009545,NMBSF1,6,58,"1,000",11.02,"11,020.00"
2019-09-02,2019090201009584,NNLB,16,7,30,415.00,"12,450.00"
2019-09-02,2019090201009514,NUBL,54,28,500,840.00,"420,000.00"
2019-09-02,2019090201009513,NUBL,53,28,100,841.00,"84,100.00"
2019-09-02,2019090201009655,PFL,1,59,422,133.00,"56,126.00"
2019-09-02,2019090201009654,PFL,22,59,100,133.00,"13,300.00"
2019-09-02,2019090201009375,PIC,39,3,94,388.00,"36,472.00"
2019-09-02,2019090201009374,PIC,39,25,226,388.00,"87,688.00"
2019-09-02,2019090201009727,PLIC,17,35,185,397.00,"73,445.00"
2019-09-02,2019090201009565,PLIC,17,10,115,397.00,"45,655.00"
2019-09-02,2019090201009564,PLIC,34,10,10,398.00,"3,980.00"
2019-09-02,2019090201009694,PMHPL,16,3,100,94.00,"9,400.00"
2019-09-02,2019090201009693,PMHPL,21,3,20,95.00,"1,900.00"
2019-09-02,2019090201009709,PRVU,28,28,500,258.00,"129,000.00"
2019-09-02,2019090201009708,PRVU,48,28,80,258.00,"20,640.00"
2019-09-02,2019090201009707,PRVU,49,28,150,258.00,"38,700.00"
2019-09-02,2019090201009308,PRVU,25,29,200,258.00,"51,600.00"
2019-09-02,2019090201009307,PRVU,26,29,100,258.00,"25,800.00"
2019-09-02,2019090201009306,PRVU,14,29,128,258.00,"33,024.00"
2019-09-02,2019090201009314,PRVU,46,29,102,258.00,"26,316.00"
2019-09-02,2019090201009313,PRVU,57,29,150,258.00,"38,700.00"
2019-09-02,2019090201009312,PRVU,57,29,100,258.00,"25,800.00"
2019-09-02,2019090201009311,PRVU,38,29,400,258.00,"103,200.00"
2019-09-02,2019090201009310,PRVU,40,29,300,258.00,"77,400.00"
2019-09-02,2019090201009309,PRVU,13,29,100,258.00,"25,800.00"
2019-09-02,2019090201009372,PRVU,35,28,100,258.00,"25,800.00"
2019-09-02,2019090201009371,PRVU,6,28,370,258.00,"95,460.00"
2019-09-02,2019090201009370,PRVU,10,28,100,258.00,"25,800.00"
2019-09-02,2019090201009369,PRVU,54,28,10,258.00,"2,580.00"
2019-09-02,2019090201009368,PRVU,45,28,100,258.00,"25,800.00"
2019-09-02,2019090201009367,PRVU,46,28,898,258.00,"231,684.00"
2019-09-02,2019090201009630,PRVU,17,51,50,258.00,"12,900.00"
2019-09-02,2019090201009609,PRVU,17,29,921,258.00,"237,618.00"
2019-09-02,2019090201009512,PRVU,17,42,100,258.00,"25,800.00"
2019-09-02,2019090201009479,PRVU,17,43,222,258.00,"57,276.00"
2019-09-02,2019090201009478,PRVU,1,43,778,258.00,"200,724.00"
2019-09-02,2019090201009373,PRVU,1,28,222,258.00,"57,276.00"
2019-09-02,2019090201009706,PRVU,3,28,100,258.00,"25,800.00"
2019-09-02,2019090201009705,PRVU,48,28,200,258.00,"51,600.00"
2019-09-02,2019090201009704,PRVU,49,28,250,258.00,"64,500.00"
2019-09-02,2019090201009703,PRVU,39,28,200,258.00,"51,600.00"
2019-09-02,2019090201009702,PRVU,17,28,200,258.00,"51,600.00"
2019-09-02,2019090201009631,PRVU,17,29,"1,000",258.00,"258,000.00"
2019-09-02,2019090201009421,RHPC,1,32,"1,000",84.00,"84,000.00"
2019-09-02,2019090201009746,RHPL,8,42,40,171.00,"6,840.00"
2019-09-02,2019090201009695,RHPL,8,42,40,171.00,"6,840.00"
2019-09-02,2019090201009656,RHPL,8,42,40,171.00,"6,840.00"
2019-09-02,2019090201009621,RHPL,8,55,50,171.00,"8,550.00"
2019-09-02,2019090201009607,RHPL,8,42,40,171.00,"6,840.00"
2019-09-02,2019090201009559,RHPL,8,52,430,171.00,"73,530.00"
2019-09-02,2019090201009505,RHPL,8,39,10,171.00,"1,710.00"
2019-09-02,2019090201009388,RHPL,8,17,30,171.00,"5,130.00"
2019-09-02,2019090201009620,RMDC,53,45,150,631.00,"94,650.00"
2019-09-02,2019090201009572,RMDC,53,45,200,631.00,"126,200.00"
2019-09-02,2019090201009571,RMDC,34,45,100,631.00,"63,100.00"
2019-09-02,2019090201009570,RMDC,6,45,200,632.00,"126,400.00"
2019-09-02,2019090201009569,RMDC,36,45,100,635.00,"63,500.00"
2019-09-02,2019090201009568,RMDC,51,45,100,636.00,"63,600.00"
2019-09-02,2019090201009567,RMDC,10,45,150,638.00,"95,700.00"
2019-09-02,2019090201009322,RRHP,47,22,10,101.00,"1,010.00"
2019-09-02,2019090201009280,RSDC,42,47,38,338.00,"12,844.00"
2019-09-02,2019090201009724,SABSL,52,38,10,499.00,"4,990.00"
2019-09-02,2019090201009692,SABSL,52,40,10,499.00,"4,990.00"
2019-09-02,2019090201009691,SABSL,52,55,10,499.00,"4,990.00"
2019-09-02,2019090201009690,SABSL,52,38,10,499.00,"4,990.00"
2019-09-02,2019090201009689,SABSL,52,38,10,499.00,"4,990.00"
2019-09-02,2019090201009688,SABSL,52,38,10,499.00,"4,990.00"
2019-09-02,2019090201009298,SABSL,57,7,10,497.00,"4,970.00"
2019-09-02,2019090201009291,SABSL,57,7,10,497.00,"4,970.00"
2019-09-02,2019090201009274,SABSL,41,21,10,497.00,"4,970.00"
2019-09-02,2019090201009544,SABSL,45,16,10,498.00,"4,980.00"
2019-09-02,2019090201009533,SABSL,13,34,10,497.00,"4,970.00"
2019-09-02,2019090201009521,SABSL,13,51,10,497.00,"4,970.00"
2019-09-02,2019090201009437,SABSL,45,38,10,499.00,"4,990.00"
2019-09-02,2019090201009389,SABSL,13,40,10,497.00,"4,970.00"
2019-09-02,2019090201009323,SABSL,57,21,10,497.00,"4,970.00"
2019-09-02,2019090201009683,SABSL,52,21,10,498.00,"4,980.00"
2019-09-02,2019090201009626,SABSL,45,38,10,499.00,"4,990.00"
2019-09-02,2019090201009622,SABSL,5,38,10,499.00,"4,990.00"
2019-09-02,2019090201009604,SABSL,52,21,10,498.00,"4,980.00"
2019-09-02,2019090201009598,SABSL,52,40,10,498.00,"4,980.00"
2019-09-02,2019090201009582,SABSL,13,21,10,497.00,"4,970.00"
2019-09-02,2019090201009377,SADBL,35,45,16,140.00,"2,240.00"
2019-09-02,2019090201009376,SADBL,57,45,16,140.00,"2,240.00"
2019-09-02,2019090201009429,SAEF,41,25,500,9.87,"4,935.00"
2019-09-02,2019090201009520,SANIMA,36,19,50,340.00,"17,000.00"
2019-09-02,2019090201009674,SBL,17,17,28,311.00,"8,708.00"
2019-09-02,2019090201009673,SBL,17,17,150,311.00,"46,650.00"
2019-09-02,2019090201009672,SBL,17,17,150,311.00,"46,650.00"
2019-09-02,2019090201009671,SBL,17,17,150,311.00,"46,650.00"
2019-09-02,2019090201009670,SBL,17,17,150,311.00,"46,650.00"
2019-09-02,2019090201009669,SBL,17,17,150,311.00,"46,650.00"
2019-09-02,2019090201009554,SBL,10,36,100,312.00,"31,200.00"
2019-09-02,2019090201009662,SBL,51,17,200,312.00,"62,400.00"
2019-09-02,2019090201009661,SBL,47,17,25,312.00,"7,800.00"
2019-09-02,2019090201009660,SBL,16,17,182,312.00,"56,784.00"
2019-09-02,2019090201009606,SBL,16,41,"1,000",312.00,"312,000.00"
2019-09-02,2019090201009574,SBL,16,1,18,312.00,"5,616.00"
2019-09-02,2019090201009573,SBL,10,1,82,312.00,"25,584.00"
2019-09-02,2019090201009668,SBL,17,17,150,311.00,"46,650.00"
2019-09-02,2019090201009667,SBL,17,17,150,311.00,"46,650.00"
2019-09-02,2019090201009666,SBL,59,17,500,311.00,"155,500.00"
2019-09-02,2019090201009665,SBL,59,17,25,311.00,"7,775.00"
2019-09-02,2019090201009664,SBL,46,17,50,311.00,"15,550.00"
2019-09-02,2019090201009663,SBL,44,17,"1,960",311.00,"609,560.00"
2019-09-02,2019090201009748,SCB,42,53,20,603.00,"12,060.00"
2019-09-02,2019090201009502,SDESI,1,51,22,612.00,"13,464.00"
2019-09-02,2019090201009522,SFFIL,14,26,177,260.00,"46,020.00"
2019-09-02,2019090201009726,SHINE,42,43,80,247.00,"19,760.00"
2019-09-02,2019090201009381,SHIVM,21,36,600,531.00,"318,600.00"
2019-09-02,2019090201009347,SHIVM,21,26,736,531.00,"390,816.00"
2019-09-02,2019090201009293,SHIVM,21,1,495,531.00,"262,845.00"
2019-09-02,2019090201009416,SHL,6,4,200,223.00,"44,600.00"
2019-09-02,2019090201009415,SHL,42,4,100,223.00,"22,300.00"
2019-09-02,2019090201009414,SHL,58,4,"1,000",223.00,"223,000.00"
2019-09-02,2019090201009413,SHL,6,4,"2,000",223.00,"446,000.00"
2019-09-02,2019090201009412,SHL,41,4,200,223.00,"44,600.00"
2019-09-02,2019090201009411,SHL,26,4,500,223.00,"111,500.00"
2019-09-02,2019090201009410,SHL,54,4,"1,621",223.00,"361,483.00"
2019-09-02,2019090201009305,SHPC,40,22,20,209.00,"4,180.00"
2019-09-02,2019090201009696,SIL,42,32,47,392.00,"18,424.00"
2019-09-02,2019090201009756,SJCL,39,42,20,186.00,"3,720.00"
2019-09-02,2019090201009685,SJCL,39,42,20,186.00,"3,720.00"
2019-09-02,2019090201009658,SJCL,39,55,20,186.00,"3,720.00"
2019-09-02,2019090201009627,SJCL,39,42,20,186.00,"3,720.00"
2019-09-02,2019090201009597,SJCL,29,42,20,187.00,"3,740.00"
2019-09-02,2019090201009278,SJCL,51,16,10,188.00,"1,880.00"
2019-09-02,2019090201009295,SJCL,20,48,20,188.00,"3,760.00"
2019-09-02,2019090201009290,SJCL,51,16,20,188.00,"3,760.00"
2019-09-02,2019090201009279,SJCL,51,29,20,188.00,"3,760.00"
2019-09-02,2019090201009486,SJCL,50,43,80,187.00,"14,960.00"
2019-09-02,2019090201009485,SJCL,35,43,30,187.00,"5,610.00"
2019-09-02,2019090201009484,SJCL,33,43,200,187.00,"37,400.00"
2019-09-02,2019090201009483,SJCL,59,43,160,187.00,"29,920.00"
2019-09-02,2019090201009482,SJCL,57,43,100,188.00,"18,800.00"
2019-09-02,2019090201009481,SJCL,20,43,980,188.00,"184,240.00"
2019-09-02,2019090201009509,SJCL,29,39,10,187.00,"1,870.00"
2019-09-02,2019090201009488,SJCL,29,43,970,187.00,"181,390.00"
2019-09-02,2019090201009487,SJCL,1,43,80,187.00,"14,960.00"
2019-09-02,2019090201009617,SKBBL,6,45,724,947.00,"685,628.00"
2019-09-02,2019090201009616,SKBBL,5,45,200,950.00,"190,000.00"
2019-09-02,2019090201009615,SKBBL,37,45,100,950.00,"95,000.00"
2019-09-02,2019090201009614,SKBBL,43,45,200,950.00,"190,000.00"
2019-09-02,2019090201009613,SKBBL,34,45,100,952.00,"95,200.00"
2019-09-02,2019090201009612,SKBBL,45,45,10,952.00,"9,520.00"
2019-09-02,2019090201009611,SKBBL,53,45,392,953.00,"373,576.00"
2019-09-02,2019090201009510,SKBBL,53,19,40,955.00,"38,200.00"
2019-09-02,2019090201009420,SKBBL,53,52,11,955.00,"10,505.00"
2019-09-02,2019090201009292,SKBBL,53,22,20,955.00,"19,100.00"
2019-09-02,2019090201009765,SLBBL,1,39,100,555.00,"55,500.00"
2019-09-02,2019090201009725,SLBBL,32,39,80,553.00,"44,240.00"
2019-09-02,2019090201009536,SLBBL,32,32,220,553.00,"121,660.00"
2019-09-02,2019090201009535,SLBBL,1,32,100,555.00,"55,500.00"
2019-09-02,2019090201009534,SLBBL,55,32,100,556.00,"55,600.00"
2019-09-02,2019090201009653,SLICL,17,55,100,270.00,"27,000.00"
2019-09-02,2019090201009652,SLICL,47,55,10,270.00,"2,700.00"
2019-09-02,2019090201009651,SLICL,42,55,200,270.00,"54,000.00"
2019-09-02,2019090201009650,SLICL,26,55,239,270.00,"64,530.00"
2019-09-02,2019090201009649,SLICL,49,55,500,271.00,"135,500.00"
2019-09-02,2019090201009648,SLICL,47,55,50,272.00,"13,600.00"
2019-09-02,2019090201009675,SMFBS,34,1,10,800.00,"8,000.00"
2019-09-02,2019090201009499,SMFBS,3,57,100,801.00,"80,100.00"
2019-09-02,2019090201009763,SMFDB,32,13,394,512.00,"201,728.00"
2019-09-02,2019090201009762,SMFDB,55,13,50,512.00,"25,600.00"
2019-09-02,2019090201009761,SMFDB,49,13,50,513.00,"25,650.00"
2019-09-02,2019090201009629,SRBL,1,43,100,228.00,"22,800.00"
2019-09-02,2019090201009289,SWBBL,40,14,50,916.00,"45,800.00"
2019-09-02,2019090201009426,TRH,38,7,500,288.00,"144,000.00"
2019-09-02,2019090201009425,TRH,22,7,500,288.00,"144,000.00"
2019-09-02,2019090201009424,TRH,44,7,500,289.00,"144,500.00"
2019-09-02,2019090201009531,UMHL,1,18,10,102.00,"1,020.00"
2019-09-02,2019090201009417,UPCL,34,3,300,74.00,"22,200.00"
2019-09-02,2019090201009700,UPPER,59,33,100,242.00,"24,200.00"
2019-09-02,2019090201009699,UPPER,52,33,50,242.00,"12,100.00"
2019-09-02,2019090201009698,UPPER,42,33,24,242.00,"5,808.00"
2019-09-02,2019090201009596,UPPER,42,21,50,242.00,"12,100.00"
2019-09-02,2019090201009434,UPPER,41,59,100,242.00,"24,200.00"
2019-09-02,2019090201009433,UPPER,42,59,200,242.00,"48,400.00"
2019-09-02,2019090201009432,UPPER,58,59,200,242.00,"48,400.00"
2019-09-02,2019090201009431,UPPER,50,59,200,242.00,"48,400.00"
2019-09-02,2019090201009430,UPPER,44,59,624,242.00,"151,008.00"
2019-09-02,2019090201009527,UPPER,11,50,400,242.00,"96,800.00"
2019-09-02,2019090201009526,UPPER,33,50,574,242.00,"138,908.00"
2019-09-02,2019090201009506,UPPER,33,50,250,242.00,"60,500.00"
2019-09-02,2019090201009435,UPPER,33,59,"1,176",242.00,"284,592.00"
2019-09-02,2019090201009547,UPPER,42,21,50,242.00,"12,100.00"
2019-09-02,2019090201009532,UPPER,42,52,50,242.00,"12,100.00"
2019-09-02,2019090201009528,UPPER,42,50,26,242.00,"6,292.00"
2019-09-02,2019090201009167,ADBL,19,41,39,415.00,"16,185.00"
2019-09-02,2019090201009166,ADBL,38,41,25,415.00,"10,375.00"
2019-09-02,2019090201009116,ADBL,36,45,10,416.00,"4,160.00"
2019-09-02,2019090201009115,ADBL,35,45,200,416.00,"83,200.00"
2019-09-02,2019090201009114,ADBL,44,45,"2,000",416.00,"832,000.00"
2019-09-02,2019090201009113,ADBL,47,45,25,417.00,"10,425.00"
2019-09-02,2019090201008913,ADBL,8,40,79,418.00,"33,022.00"
2019-09-02,2019090201008912,ADBL,8,44,22,418.00,"9,196.00"
2019-09-02,2019090201009106,ADBL,44,45,400,417.00,"166,800.00"
2019-09-02,2019090201009105,ADBL,56,45,200,417.00,"83,400.00"
2019-09-02,2019090201009063,ADBL,32,32,110,418.00,"45,980.00"
2019-09-02,2019090201009054,ADBL,32,32,110,418.00,"45,980.00"
2019-09-02,2019090201009015,ADBL,14,1,403,418.00,"168,454.00"
2019-09-02,2019090201009014,ADBL,14,40,111,418.00,"46,398.00"
2019-09-02,2019090201009112,ADBL,49,45,500,417.00,"208,500.00"
2019-09-02,2019090201009111,ADBL,5,45,500,417.00,"208,500.00"
2019-09-02,2019090201009110,ADBL,37,45,200,417.00,"83,400.00"
2019-09-02,2019090201009109,ADBL,40,45,300,417.00,"125,100.00"
2019-09-02,2019090201009108,ADBL,25,45,80,417.00,"33,360.00"
2019-09-02,2019090201009107,ADBL,28,45,100,417.00,"41,700.00"
2019-09-02,2019090201009248,AKPL,53,42,146,147.00,"21,462.00"
2019-09-02,2019090201009184,AKPL,53,46,13,147.00,"1,911.00"
2019-09-02,2019090201008804,AKPL,55,25,500,149.00,"74,500.00"
2019-09-02,2019090201008803,AKPL,19,25,120,150.00,"18,000.00"
2019-09-02,2019090201008802,AKPL,28,25,40,150.00,"6,000.00"
2019-09-02,2019090201009074,ALICL,34,43,10,313.00,"3,130.00"
2019-09-02,2019090201009218,API,35,45,100,115.00,"11,500.00"
2019-09-02,2019090201009217,API,52,45,400,116.00,"46,400.00"
2019-09-02,2019090201009188,API,52,22,100,116.00,"11,600.00"
2019-09-02,2019090201009187,API,42,22,100,116.00,"11,600.00"
2019-09-02,2019090201009186,API,57,22,100,117.00,"11,700.00"
2019-09-02,2019090201009059,API,25,41,20,118.00,"2,360.00"
2019-09-02,2019090201008832,API,51,25,"1,000",116.00,"116,000.00"
2019-09-02,2019090201008831,API,22,25,100,116.00,"11,600.00"
2019-09-02,2019090201008830,API,36,25,400,116.00,"46,400.00"
2019-09-02,2019090201008807,API,13,25,660,117.00,"77,220.00"
2019-09-02,2019090201009034,API,57,25,400,117.00,"46,800.00"
2019-09-02,2019090201009033,API,53,25,100,117.00,"11,700.00"
2019-09-02,2019090201009154,BOKL,55,29,292,253.00,"73,876.00"
2019-09-02,2019090201008949,BOKL,54,11,100,254.00,"25,400.00"
2019-09-02,2019090201008948,BOKL,57,11,30,254.00,"7,620.00"
2019-09-02,2019090201009094,BPCL,59,36,98,364.00,"35,672.00"
2019-09-02,2019090201009075,BPCL,22,36,300,364.00,"109,200.00"
2019-09-02,2019090201009031,BPCL,13,49,177,363.00,"64,251.00"
2019-09-02,2019090201009030,BPCL,43,49,50,363.00,"18,150.00"
2019-09-02,2019090201009005,BPCL,32,36,500,364.00,"182,000.00"
2019-09-02,2019090201008850,BPCL,59,49,300,364.00,"109,200.00"
2019-09-02,2019090201008849,BPCL,59,49,100,364.00,"36,400.00"
2019-09-02,2019090201008848,BPCL,10,49,50,365.00,"18,250.00"
2019-09-02,2019090201008847,BPCL,22,49,45,365.00,"16,425.00"
2019-09-02,2019090201008846,BPCL,42,49,50,366.00,"18,300.00"
2019-09-02,2019090201008845,BPCL,45,49,20,366.00,"7,320.00"
2019-09-02,2019090201009004,BPCL,52,36,200,364.00,"72,800.00"
2019-09-02,2019090201009003,BPCL,16,36,178,364.00,"64,792.00"
2019-09-02,2019090201008986,BPCL,16,58,22,364.00,"8,008.00"
2019-09-02,2019090201008910,BPCL,46,49,20,366.00,"7,320.00"
2019-09-02,2019090201008871,BPCL,5,49,16,366.00,"5,856.00"
2019-09-02,2019090201008851,BPCL,38,49,100,364.00,"36,400.00"
2019-09-02,2019090201009161,CBBL,50,45,20,969.00,"19,380.00"
2019-09-02,2019090201009209,CBL,29,57,163,145.00,"23,635.00"
2019-09-02,2019090201009183,CBL,1,33,398,146.00,"58,108.00"
2019-09-02,2019090201008909,CHCL,49,39,108,432.00,"46,656.00"
2019-09-02,2019090201008838,CHCL,46,39,20,432.00,"8,640.00"
2019-09-02,2019090201008837,CHCL,17,39,52,432.00,"22,464.00"
2019-09-02,2019090201008995,CIT,1,34,100,"2,285.00","228,500.00"
2019-09-02,2019090201008966,CIT,57,34,12,"2,280.00","27,360.00"
2019-09-02,2019090201008965,CIT,46,34,10,"2,280.00","22,800.00"
2019-09-02,2019090201008964,CIT,35,34,50,"2,280.00","114,000.00"
2019-09-02,2019090201008963,CIT,21,34,100,"2,284.00","228,400.00"
2019-09-02,2019090201008962,CIT,51,34,50,"2,284.00","114,200.00"
2019-09-02,2019090201008955,CIT,22,34,10,"2,290.00","22,900.00"
2019-09-02,2019090201008954,CIT,10,34,20,"2,290.00","45,800.00"
2019-09-02,2019090201008953,CIT,39,34,10,"2,290.00","22,900.00"
2019-09-02,2019090201008961,CIT,14,34,100,"2,284.00","228,400.00"
2019-09-02,2019090201008960,CIT,1,34,100,"2,285.00","228,500.00"
2019-09-02,2019090201008959,CIT,51,34,50,"2,285.00","114,250.00"
2019-09-02,2019090201008958,CIT,40,34,50,"2,285.00","114,250.00"
2019-09-02,2019090201008957,CIT,16,34,45,"2,285.00","102,825.00"
2019-09-02,2019090201008956,CIT,21,34,11,"2,286.00","25,146.00"
2019-09-02,2019090201009023,CLBSL,55,45,80,490.00,"39,200.00"
2019-09-02,2019090201009127,CORBL,57,41,100,116.00,"11,600.00"
2019-09-02,2019090201009080,CZBIL,22,42,160,215.00,"34,400.00"
2019-09-02,2019090201009079,CZBIL,25,42,110,215.00,"23,650.00"
2019-09-02,2019090201009150,DBBL,20,58,25,129.00,"3,225.00"
2019-09-02,2019090201009149,DBBL,53,58,79,130.00,"10,270.00"
2019-09-02,2019090201008895,DBBL,53,58,21,130.00,"2,730.00"
2019-09-02,2019090201008894,DBBL,25,58,300,130.00,"39,000.00"
2019-09-02,2019090201008893,DBBL,45,58,"1,000",130.00,"130,000.00"
2019-09-02,2019090201008892,DBBL,58,58,50,130.00,"6,500.00"
2019-09-02,2019090201008885,DBBL,34,58,169,130.00,"21,970.00"
2019-09-02,2019090201008891,DBBL,38,58,500,130.00,"65,000.00"
2019-09-02,2019090201008890,DBBL,36,58,500,130.00,"65,000.00"
2019-09-02,2019090201008889,DBBL,38,58,150,130.00,"19,500.00"
2019-09-02,2019090201008888,DBBL,38,58,150,130.00,"19,500.00"
2019-09-02,2019090201008887,DBBL,29,58,50,130.00,"6,500.00"
2019-09-02,2019090201008886,DBBL,57,58,110,130.00,"14,300.00"
2019-09-02,2019090201009185,DDBL,28,1,150,730.00,"109,500.00"
2019-09-02,2019090201008923,EBL,8,17,29,608.00,"17,632.00"
2019-09-02,2019090201009270,FMDBL,44,45,46,370.00,"17,020.00"
2019-09-02,2019090201009269,FMDBL,54,45,100,370.00,"37,000.00"
2019-09-02,2019090201009268,FMDBL,48,45,50,370.00,"18,500.00"
2019-09-02,2019090201009267,FMDBL,13,45,50,370.00,"18,500.00"
2019-09-02,2019090201009266,FMDBL,42,45,250,370.00,"92,500.00"
2019-09-02,2019090201009265,FMDBL,4,45,100,370.00,"37,000.00"
2019-09-02,2019090201008899,FMDBL,39,26,695,372.00,"258,540.00"
2019-09-02,2019090201009264,FMDBL,29,45,500,370.00,"185,000.00"
2019-09-02,2019090201009263,FMDBL,59,45,150,370.00,"55,500.00"
2019-09-02,2019090201009262,FMDBL,39,45,100,371.00,"37,100.00"
2019-09-02,2019090201009261,FMDBL,47,45,50,371.00,"18,550.00"
2019-09-02,2019090201009260,FMDBL,53,45,357,371.00,"132,447.00"
2019-09-02,2019090201008968,FMDBL,19,19,255,373.00,"95,115.00"
2019-09-02,2019090201008996,FOWAD,35,41,19,"1,305.00","24,795.00"
2019-09-02,2019090201008952,GBBL,49,41,280,209.00,"58,520.00"
2019-09-02,2019090201008926,GBBL,49,34,"1,600",209.00,"334,400.00"
2019-09-02,2019090201008835,GBBL,41,21,500,210.00,"105,000.00"
2019-09-02,2019090201008834,GBBL,4,21,500,210.00,"105,000.00"
2019-09-02,2019090201008813,GBBL,59,34,50,210.00,"10,500.00"
2019-09-02,2019090201008812,GBBL,14,34,644,210.00,"135,240.00"
2019-09-02,2019090201009257,GBLBS,40,48,30,337.00,"10,110.00"
2019-09-02,2019090201008836,GBLBS,56,49,15,335.00,"5,025.00"
2019-09-02,2019090201008805,GBLBS,38,48,15,334.00,"5,010.00"
2019-09-02,2019090201008791,GBLBS,36,16,50,336.00,"16,800.00"
2019-09-02,2019090201008790,GBLBS,36,58,500,336.00,"168,000.00"
2019-09-02,2019090201008789,GBLBS,36,59,15,336.00,"5,040.00"
2019-09-02,2019090201008788,GBLBS,36,53,150,336.00,"50,400.00"
