Date,Transact. No.,Symbol,Buyer,Seller,Quantity,Rate,Amount
2020-10-07,2020100704001891,BBC,10,45,47,"1,728.00","81,216.00"
2020-10-07,2020100704001890,BBC,10,42,10,"1,728.00","17,280.00"
2020-10-07,2020100704001889,BBC,10,18,20,"1,728.00","34,560.00"
2020-10-07,2020100704001882,BBC,10,37,50,"1,725.00","86,250.00"
2020-10-07,2020100704001881,BBC,10,13,50,"1,725.00","86,250.00"
2020-10-07,2020100704001880,BBC,10,17,20,"1,706.00","34,120.00"
2020-10-07,2020100704001879,BBC,10,8,25,"1,700.00","42,500.00"
2020-10-07,2020100704001878,BBC,10,57,10,"1,699.00","16,990.00"
2020-10-07,2020100704001874,BBC,10,42,26,"1,695.00","44,070.00"
2020-10-07,2020100704001873,BBC,10,26,10,"1,662.00","16,620.00"
2020-10-07,2020100704001872,BBC,10,39,132,"1,662.00","219,384.00"
2020-10-07,2020100704001929,CMF1,32,48,"5,000",9.62,"48,100.00"
2020-10-07,2020100704001811,CMF1,5,48,"2,180",9.52,"20,753.60"
2020-10-07,2020100704001810,CMF1,8,48,"9,820",9.55,"93,781.00"
2020-10-07,2020100704001809,CMF1,43,48,"8,000",9.56,"76,480.00"
2020-10-07,2020100704001729,CMF1,43,41,"1,000",9.61,"9,610.00"
2020-10-07,2020100704001503,GIMES1,7,7,"1,000",9.50,"9,500.00"
2020-10-07,2020100704001835,LUK,22,42,100,8.85,885.00
2020-10-07,2020100704001888,NBF2,19,6,100,9.18,918.00
2020-10-07,2020100704001846,NBF2,52,55,100,9.00,900.00
2020-10-07,2020100704001588,NBF2,8,29,"50,000",9.00,"450,000.00"
2020-10-07,2020100704001587,NBF2,8,56,"30,000",9.00,"270,000.00"
2020-10-07,2020100704001939,NEF,43,25,"10,000",9.10,"91,000.00"
2020-10-07,2020100704001884,NIBLPF,48,29,"15,000",8.95,"134,250.00"
2020-10-07,2020100704001825,NIBPO,19,47,12,361.00,"4,332.00"
2020-10-07,2020100704001824,NIBPO,19,47,33,361.00,"11,913.00"
2020-10-07,2020100704001823,NIBPO,19,47,17,361.00,"6,137.00"
2020-10-07,2020100704001822,NIBPO,19,47,14,361.00,"5,054.00"
2020-10-07,2020100704001755,NIBPO,47,47,9,355.00,"3,195.00"
2020-10-07,2020100704001726,NIBPO,37,45,56,360.00,"20,160.00"
2020-10-07,2020100704001593,NIBPO,37,26,543,360.00,"195,480.00"
2020-10-07,2020100704001700,NIBPO,57,20,"1,000",361.00,"361,000.00"
2020-10-07,2020100704001692,NIBPO,37,47,115,360.00,"41,400.00"
2020-10-07,2020100704001660,NIBPO,37,5,"1,000",360.00,"360,000.00"
2020-10-07,2020100704001597,NIBPO,37,49,200,360.00,"72,000.00"
2020-10-07,2020100704001596,NIBPO,37,35,43,360.00,"15,480.00"
2020-10-07,2020100704001594,NIBPO,37,35,957,360.00,"344,520.00"
2020-10-07,2020100704001792,NIBSF1,17,42,500,10.36,"5,180.00"
2020-10-07,2020100704001895,NICBF,47,34,500,8.92,"4,460.00"
2020-10-07,2020100704001734,NICBF,42,22,100,9.00,900.00
2020-10-07,2020100704001749,NICGF,11,21,"1,000",9.52,"9,520.00"
2020-10-07,2020100704001930,NMB50,47,57,"1,000",9.28,"9,280.00"
2020-10-07,2020100704001621,NMB50,17,20,100,9.21,921.00
2020-10-07,2020100704001936,NMBHF1,43,56,"10,183",9.45,"96,229.35"
2020-10-07,2020100704001767,NMBHF1,49,45,"1,000",9.40,"9,400.00"
2020-10-07,2020100704001747,NMBHF1,49,56,"5,000",9.40,"47,000.00"
2020-10-07,2020100704001945,RBCLPO,41,3,10,"10,380.00","103,800.00"
2020-10-07,2020100704001697,RBCLPO,33,46,80,"10,280.00","822,400.00"
2020-10-07,2020100704001651,RBCLPO,35,17,390,"10,200.00","3,978,000.00"
2020-10-07,2020100704001649,RBCLPO,35,17,10,"10,200.00","102,000.00"
2020-10-07,2020100704001950,RLI,34,46,80,618.00,"49,440.00"
2020-10-07,2020100704001949,RLI,18,46,100,619.00,"61,900.00"
2020-10-07,2020100704001948,RLI,1,46,30,619.00,"18,570.00"
2020-10-07,2020100704001947,RLI,14,46,280,619.00,"173,320.00"
2020-10-07,2020100704001946,RLI,14,48,10,619.00,"6,190.00"
2020-10-07,2020100704001942,RLI,14,54,10,619.00,"6,190.00"
2020-10-07,2020100704001454,RLI,39,38,10,619.00,"6,190.00"
2020-10-07,2020100704001453,RLI,39,21,10,619.00,"6,190.00"
2020-10-07,2020100704001452,RLI,39,38,10,619.00,"6,190.00"
2020-10-07,2020100704001451,RLI,57,52,10,620.00,"6,200.00"
2020-10-07,2020100704001460,RLI,39,38,10,619.00,"6,190.00"
2020-10-07,2020100704001459,RLI,39,21,10,619.00,"6,190.00"
2020-10-07,2020100704001458,RLI,39,38,10,619.00,"6,190.00"
2020-10-07,2020100704001457,RLI,57,7,10,620.00,"6,200.00"
2020-10-07,2020100704001456,RLI,39,21,10,619.00,"6,190.00"
2020-10-07,2020100704001455,RLI,44,52,10,620.00,"6,200.00"
2020-10-07,2020100704001466,RLI,39,41,10,619.00,"6,190.00"
2020-10-07,2020100704001465,RLI,39,21,10,619.00,"6,190.00"
2020-10-07,2020100704001464,RLI,39,38,10,619.00,"6,190.00"
2020-10-07,2020100704001463,RLI,39,7,10,619.00,"6,190.00"
2020-10-07,2020100704001462,RLI,39,21,10,619.00,"6,190.00"
2020-10-07,2020100704001461,RLI,39,32,10,619.00,"6,190.00"
2020-10-07,2020100704001472,RLI,25,52,10,620.00,"6,200.00"
2020-10-07,2020100704001471,RLI,39,21,10,619.00,"6,190.00"
2020-10-07,2020100704001470,RLI,39,42,10,619.00,"6,190.00"
2020-10-07,2020100704001469,RLI,39,38,10,619.00,"6,190.00"
2020-10-07,2020100704001468,RLI,39,21,10,619.00,"6,190.00"
2020-10-07,2020100704001467,RLI,39,21,10,619.00,"6,190.00"
2020-10-07,2020100704001478,RLI,25,59,10,620.00,"6,200.00"
2020-10-07,2020100704001477,RLI,25,21,10,620.00,"6,200.00"
2020-10-07,2020100704001476,RLI,25,21,10,620.00,"6,200.00"
2020-10-07,2020100704001475,RLI,25,21,10,620.00,"6,200.00"
2020-10-07,2020100704001474,RLI,25,52,10,620.00,"6,200.00"
2020-10-07,2020100704001473,RLI,25,21,10,620.00,"6,200.00"
2020-10-07,2020100704001484,RLI,25,21,10,620.00,"6,200.00"
2020-10-07,2020100704001483,RLI,25,38,10,620.00,"6,200.00"
2020-10-07,2020100704001482,RLI,25,42,10,620.00,"6,200.00"
2020-10-07,2020100704001481,RLI,25,59,10,620.00,"6,200.00"
2020-10-07,2020100704001480,RLI,25,46,10,620.00,"6,200.00"
2020-10-07,2020100704001479,RLI,25,21,10,620.00,"6,200.00"
2020-10-07,2020100704001490,RLI,25,26,10,620.00,"6,200.00"
2020-10-07,2020100704001489,RLI,25,21,10,620.00,"6,200.00"
2020-10-07,2020100704001488,RLI,25,10,10,620.00,"6,200.00"
2020-10-07,2020100704001487,RLI,25,26,10,620.00,"6,200.00"
2020-10-07,2020100704001486,RLI,25,38,10,620.00,"6,200.00"
2020-10-07,2020100704001485,RLI,25,53,10,620.00,"6,200.00"
2020-10-07,2020100704001497,RLI,25,45,10,620.00,"6,200.00"
2020-10-07,2020100704001495,RLI,25,42,10,620.00,"6,200.00"
2020-10-07,2020100704001494,RLI,25,21,10,620.00,"6,200.00"
2020-10-07,2020100704001493,RLI,25,26,10,620.00,"6,200.00"
2020-10-07,2020100704001492,RLI,25,21,10,620.00,"6,200.00"
2020-10-07,2020100704001491,RLI,25,42,10,620.00,"6,200.00"
2020-10-07,2020100704001504,RLI,25,51,200,620.00,"124,000.00"
2020-10-07,2020100704001502,RLI,25,21,10,620.00,"6,200.00"
2020-10-07,2020100704001501,RLI,25,21,10,620.00,"6,200.00"
2020-10-07,2020100704001500,RLI,25,45,10,620.00,"6,200.00"
2020-10-07,2020100704001499,RLI,25,34,10,620.00,"6,200.00"
2020-10-07,2020100704001498,RLI,25,21,10,620.00,"6,200.00"
2020-10-07,2020100704001510,RLI,17,34,10,620.00,"6,200.00"
2020-10-07,2020100704001509,RLI,17,21,10,620.00,"6,200.00"
2020-10-07,2020100704001508,RLI,34,38,10,620.00,"6,200.00"
2020-10-07,2020100704001507,RLI,34,56,10,620.00,"6,200.00"
2020-10-07,2020100704001506,RLI,34,21,10,620.00,"6,200.00"
2020-10-07,2020100704001505,RLI,34,51,50,620.00,"31,000.00"
2020-10-07,2020100704001516,RLI,17,42,10,620.00,"6,200.00"
2020-10-07,2020100704001515,RLI,17,38,10,620.00,"6,200.00"
2020-10-07,2020100704001514,RLI,17,56,10,620.00,"6,200.00"
2020-10-07,2020100704001513,RLI,17,33,10,620.00,"6,200.00"
2020-10-07,2020100704001512,RLI,17,21,10,620.00,"6,200.00"
2020-10-07,2020100704001511,RLI,17,42,10,620.00,"6,200.00"
2020-10-07,2020100704001522,RLI,34,42,10,621.00,"6,210.00"
2020-10-07,2020100704001521,RLI,17,21,10,620.00,"6,200.00"
2020-10-07,2020100704001520,RLI,17,45,10,620.00,"6,200.00"
2020-10-07,2020100704001519,RLI,17,21,10,620.00,"6,200.00"
2020-10-07,2020100704001518,RLI,17,38,10,620.00,"6,200.00"
2020-10-07,2020100704001517,RLI,17,21,10,620.00,"6,200.00"
2020-10-07,2020100704001528,RLI,53,7,10,621.00,"6,210.00"
2020-10-07,2020100704001527,RLI,17,21,10,620.00,"6,200.00"
2020-10-07,2020100704001526,RLI,17,28,10,620.00,"6,200.00"
2020-10-07,2020100704001525,RLI,17,14,10,620.00,"6,200.00"
2020-10-07,2020100704001524,RLI,17,21,10,620.00,"6,200.00"
2020-10-07,2020100704001523,RLI,17,43,10,620.00,"6,200.00"
2020-10-07,2020100704001534,RLI,17,21,10,620.00,"6,200.00"
2020-10-07,2020100704001533,RLI,17,21,10,620.00,"6,200.00"
2020-10-07,2020100704001532,RLI,17,14,10,620.00,"6,200.00"
2020-10-07,2020100704001531,RLI,17,59,10,620.00,"6,200.00"
2020-10-07,2020100704001530,RLI,53,18,30,621.00,"18,630.00"
2020-10-07,2020100704001529,RLI,53,58,10,621.00,"6,210.00"
2020-10-07,2020100704001540,RLI,17,14,10,620.00,"6,200.00"
2020-10-07,2020100704001539,RLI,49,50,10,621.00,"6,210.00"
2020-10-07,2020100704001538,RLI,49,59,10,621.00,"6,210.00"
2020-10-07,2020100704001537,RLI,49,33,10,621.00,"6,210.00"
2020-10-07,2020100704001536,RLI,49,18,170,621.00,"105,570.00"
2020-10-07,2020100704001535,RLI,17,14,10,620.00,"6,200.00"
2020-10-07,2020100704001546,RLI,17,21,10,620.00,"6,200.00"
2020-10-07,2020100704001545,RLI,17,4,10,620.00,"6,200.00"
2020-10-07,2020100704001544,RLI,17,59,10,620.00,"6,200.00"
2020-10-07,2020100704001543,RLI,17,21,10,620.00,"6,200.00"
2020-10-07,2020100704001542,RLI,17,21,10,620.00,"6,200.00"
2020-10-07,2020100704001541,RLI,17,21,10,620.00,"6,200.00"
2020-10-07,2020100704001552,RLI,34,38,10,622.00,"6,220.00"
2020-10-07,2020100704001551,RLI,34,58,10,622.00,"6,220.00"
2020-10-07,2020100704001550,RLI,34,57,10,622.00,"6,220.00"
2020-10-07,2020100704001549,RLI,34,56,10,622.00,"6,220.00"
2020-10-07,2020100704001548,RLI,34,21,10,622.00,"6,220.00"
2020-10-07,2020100704001547,RLI,34,42,10,622.00,"6,220.00"
2020-10-07,2020100704001558,RLI,34,42,10,622.00,"6,220.00"
2020-10-07,2020100704001557,RLI,34,22,10,622.00,"6,220.00"
2020-10-07,2020100704001556,RLI,34,49,10,622.00,"6,220.00"
2020-10-07,2020100704001555,RLI,34,58,20,622.00,"12,440.00"
2020-10-07,2020100704001554,RLI,34,42,10,622.00,"6,220.00"
2020-10-07,2020100704001553,RLI,34,25,10,622.00,"6,220.00"
2020-10-07,2020100704001564,RLI,34,58,10,622.00,"6,220.00"
2020-10-07,2020100704001563,RLI,34,29,10,622.00,"6,220.00"
2020-10-07,2020100704001562,RLI,34,35,10,622.00,"6,220.00"
2020-10-07,2020100704001561,RLI,34,58,10,622.00,"6,220.00"
2020-10-07,2020100704001560,RLI,34,36,10,622.00,"6,220.00"
2020-10-07,2020100704001559,RLI,34,45,10,622.00,"6,220.00"
2020-10-07,2020100704001570,RLI,34,20,10,623.00,"6,230.00"
2020-10-07,2020100704001569,RLI,34,6,10,622.00,"6,220.00"
2020-10-07,2020100704001568,RLI,34,6,10,622.00,"6,220.00"
2020-10-07,2020100704001567,RLI,34,35,10,622.00,"6,220.00"
2020-10-07,2020100704001566,RLI,34,49,10,622.00,"6,220.00"
2020-10-07,2020100704001565,RLI,34,32,10,622.00,"6,220.00"
2020-10-07,2020100704001576,RLI,34,13,10,624.00,"6,240.00"
2020-10-07,2020100704001575,RLI,34,29,50,623.00,"31,150.00"
2020-10-07,2020100704001574,RLI,34,4,10,623.00,"6,230.00"
2020-10-07,2020100704001573,RLI,34,41,10,623.00,"6,230.00"
2020-10-07,2020100704001572,RLI,34,49,10,623.00,"6,230.00"
2020-10-07,2020100704001571,RLI,34,20,10,623.00,"6,230.00"
2020-10-07,2020100704001582,RLI,17,21,10,620.00,"6,200.00"
2020-10-07,2020100704001581,RLI,34,42,10,625.00,"6,250.00"
2020-10-07,2020100704001580,RLI,34,21,10,625.00,"6,250.00"
2020-10-07,2020100704001579,RLI,34,16,10,625.00,"6,250.00"
2020-10-07,2020100704001578,RLI,34,53,10,624.00,"6,240.00"
2020-10-07,2020100704001577,RLI,34,34,10,624.00,"6,240.00"
2020-10-07,2020100704001590,RLI,17,21,10,620.00,"6,200.00"
2020-10-07,2020100704001589,RLI,17,21,10,620.00,"6,200.00"
2020-10-07,2020100704001586,RLI,17,1,10,620.00,"6,200.00"
2020-10-07,2020100704001585,RLI,17,21,10,620.00,"6,200.00"
2020-10-07,2020100704001584,RLI,17,25,10,620.00,"6,200.00"
2020-10-07,2020100704001583,RLI,17,7,10,620.00,"6,200.00"
2020-10-07,2020100704001600,RLI,17,21,10,620.00,"6,200.00"
2020-10-07,2020100704001599,RLI,17,11,10,620.00,"6,200.00"
2020-10-07,2020100704001598,RLI,17,21,10,620.00,"6,200.00"
2020-10-07,2020100704001595,RLI,17,21,10,620.00,"6,200.00"
2020-10-07,2020100704001592,RLI,17,21,10,620.00,"6,200.00"
2020-10-07,2020100704001591,RLI,17,28,10,620.00,"6,200.00"
2020-10-07,2020100704001606,RLI,17,42,10,620.00,"6,200.00"
2020-10-07,2020100704001605,RLI,17,21,10,620.00,"6,200.00"
2020-10-07,2020100704001604,RLI,17,45,10,620.00,"6,200.00"
2020-10-07,2020100704001603,RLI,17,21,10,620.00,"6,200.00"
2020-10-07,2020100704001602,RLI,17,21,10,620.00,"6,200.00"
2020-10-07,2020100704001601,RLI,17,21,10,620.00,"6,200.00"
2020-10-07,2020100704001612,RLI,39,21,10,620.00,"6,200.00"
2020-10-07,2020100704001611,RLI,39,21,10,620.00,"6,200.00"
2020-10-07,2020100704001610,RLI,39,55,10,620.00,"6,200.00"
2020-10-07,2020100704001609,RLI,39,21,10,620.00,"6,200.00"
2020-10-07,2020100704001608,RLI,22,59,10,620.00,"6,200.00"
2020-10-07,2020100704001607,RLI,17,21,10,620.00,"6,200.00"
2020-10-07,2020100704001618,RLI,39,59,10,620.00,"6,200.00"
2020-10-07,2020100704001617,RLI,49,7,10,622.00,"6,220.00"
2020-10-07,2020100704001616,RLI,39,21,10,620.00,"6,200.00"
2020-10-07,2020100704001615,RLI,39,21,10,620.00,"6,200.00"
2020-10-07,2020100704001614,RLI,39,21,10,620.00,"6,200.00"
2020-10-07,2020100704001613,RLI,39,55,10,620.00,"6,200.00"
2020-10-07,2020100704001625,RLI,39,21,10,620.00,"6,200.00"
2020-10-07,2020100704001624,RLI,39,21,10,620.00,"6,200.00"
2020-10-07,2020100704001623,RLI,39,7,10,620.00,"6,200.00"
2020-10-07,2020100704001622,RLI,39,21,10,620.00,"6,200.00"
2020-10-07,2020100704001620,RLI,39,21,10,620.00,"6,200.00"
2020-10-07,2020100704001619,RLI,39,59,10,620.00,"6,200.00"
2020-10-07,2020100704001631,RLI,39,21,10,620.00,"6,200.00"
2020-10-07,2020100704001630,RLI,39,57,10,620.00,"6,200.00"
2020-10-07,2020100704001629,RLI,39,21,10,620.00,"6,200.00"
2020-10-07,2020100704001628,RLI,39,1,10,620.00,"6,200.00"
2020-10-07,2020100704001627,RLI,39,21,10,620.00,"6,200.00"
2020-10-07,2020100704001626,RLI,49,21,10,622.00,"6,220.00"
2020-10-07,2020100704001637,RLI,8,21,10,620.00,"6,200.00"
2020-10-07,2020100704001636,RLI,8,1,10,620.00,"6,200.00"
2020-10-07,2020100704001635,RLI,8,21,10,620.00,"6,200.00"
2020-10-07,2020100704001634,RLI,8,1,10,620.00,"6,200.00"
2020-10-07,2020100704001633,RLI,8,21,10,620.00,"6,200.00"
2020-10-07,2020100704001632,RLI,42,1,10,620.00,"6,200.00"
2020-10-07,2020100704001644,RLI,8,22,10,621.00,"6,210.00"
2020-10-07,2020100704001643,RLI,8,1,10,621.00,"6,210.00"
2020-10-07,2020100704001642,RLI,8,21,10,621.00,"6,210.00"
2020-10-07,2020100704001640,RLI,8,55,10,621.00,"6,210.00"
2020-10-07,2020100704001639,RLI,8,21,10,621.00,"6,210.00"
2020-10-07,2020100704001638,RLI,8,56,10,620.00,"6,200.00"
2020-10-07,2020100704001654,RLI,8,28,10,621.00,"6,210.00"
2020-10-07,2020100704001653,RLI,8,44,10,621.00,"6,210.00"
2020-10-07,2020100704001652,RLI,8,51,10,621.00,"6,210.00"
2020-10-07,2020100704001650,RLI,8,49,10,621.00,"6,210.00"
2020-10-07,2020100704001648,RLI,8,29,10,621.00,"6,210.00"
2020-10-07,2020100704001645,RLI,8,52,10,621.00,"6,210.00"
2020-10-07,2020100704001661,RLI,8,43,10,621.00,"6,210.00"
2020-10-07,2020100704001659,RLI,8,28,10,621.00,"6,210.00"
2020-10-07,2020100704001658,RLI,8,14,10,621.00,"6,210.00"
2020-10-07,2020100704001657,RLI,8,44,10,621.00,"6,210.00"
2020-10-07,2020100704001656,RLI,8,49,10,621.00,"6,210.00"
2020-10-07,2020100704001655,RLI,8,49,10,621.00,"6,210.00"
2020-10-07,2020100704001669,RLI,8,43,10,621.00,"6,210.00"
2020-10-07,2020100704001668,RLI,8,32,10,621.00,"6,210.00"
2020-10-07,2020100704001666,RLI,8,32,10,621.00,"6,210.00"
2020-10-07,2020100704001665,RLI,8,32,10,621.00,"6,210.00"
2020-10-07,2020100704001664,RLI,8,49,10,621.00,"6,210.00"
2020-10-07,2020100704001663,RLI,8,49,10,621.00,"6,210.00"
2020-10-07,2020100704001675,RLI,8,49,10,621.00,"6,210.00"
2020-10-07,2020100704001674,RLI,8,59,10,621.00,"6,210.00"
2020-10-07,2020100704001673,RLI,8,49,10,621.00,"6,210.00"
2020-10-07,2020100704001672,RLI,8,32,10,621.00,"6,210.00"
2020-10-07,2020100704001671,RLI,8,14,10,621.00,"6,210.00"
2020-10-07,2020100704001670,RLI,8,32,10,621.00,"6,210.00"
2020-10-07,2020100704001681,RLI,59,32,10,620.00,"6,200.00"
2020-10-07,2020100704001680,RLI,8,39,10,620.00,"6,200.00"
2020-10-07,2020100704001679,RLI,8,57,10,620.00,"6,200.00"
2020-10-07,2020100704001678,RLI,8,49,10,620.00,"6,200.00"
2020-10-07,2020100704001677,RLI,8,49,10,620.00,"6,200.00"
2020-10-07,2020100704001676,RLI,8,52,10,621.00,"6,210.00"
2020-10-07,2020100704001688,RLI,59,39,10,620.00,"6,200.00"
2020-10-07,2020100704001687,RLI,59,56,10,620.00,"6,200.00"
2020-10-07,2020100704001685,RLI,59,32,10,620.00,"6,200.00"
2020-10-07,2020100704001684,RLI,59,39,10,620.00,"6,200.00"
2020-10-07,2020100704001683,RLI,59,49,10,620.00,"6,200.00"
2020-10-07,2020100704001682,RLI,59,14,10,620.00,"6,200.00"
2020-10-07,2020100704001695,RLI,41,43,10,620.00,"6,200.00"
2020-10-07,2020100704001694,RLI,41,39,10,620.00,"6,200.00"
2020-10-07,2020100704001693,RLI,41,49,10,620.00,"6,200.00"
2020-10-07,2020100704001691,RLI,59,39,10,620.00,"6,200.00"
2020-10-07,2020100704001690,RLI,59,49,10,620.00,"6,200.00"
2020-10-07,2020100704001689,RLI,59,32,10,620.00,"6,200.00"
2020-10-07,2020100704001703,RLI,47,19,10,620.00,"6,200.00"
2020-10-07,2020100704001702,RLI,47,49,10,620.00,"6,200.00"
2020-10-07,2020100704001701,RLI,41,49,10,620.00,"6,200.00"
2020-10-07,2020100704001699,RLI,41,39,10,620.00,"6,200.00"
2020-10-07,2020100704001698,RLI,41,39,10,620.00,"6,200.00"
2020-10-07,2020100704001696,RLI,41,49,10,620.00,"6,200.00"
2020-10-07,2020100704001709,RLI,39,49,10,619.00,"6,190.00"
2020-10-07,2020100704001708,RLI,55,49,10,620.00,"6,200.00"
2020-10-07,2020100704001707,RLI,39,49,10,619.00,"6,190.00"
2020-10-07,2020100704001706,RLI,28,58,10,620.00,"6,200.00"
2020-10-07,2020100704001705,RLI,28,39,10,620.00,"6,200.00"
2020-10-07,2020100704001704,RLI,47,49,10,620.00,"6,200.00"
2020-10-07,2020100704001715,RLI,39,17,10,619.00,"6,190.00"
2020-10-07,2020100704001714,RLI,39,58,10,619.00,"6,190.00"
2020-10-07,2020100704001713,RLI,39,44,10,619.00,"6,190.00"
2020-10-07,2020100704001712,RLI,39,22,10,619.00,"6,190.00"
2020-10-07,2020100704001711,RLI,39,49,10,619.00,"6,190.00"
2020-10-07,2020100704001710,RLI,39,28,10,619.00,"6,190.00"
2020-10-07,2020100704001722,RLI,39,49,10,619.00,"6,190.00"
2020-10-07,2020100704001721,RLI,39,17,10,619.00,"6,190.00"
2020-10-07,2020100704001720,RLI,39,20,10,619.00,"6,190.00"
2020-10-07,2020100704001719,RLI,39,17,10,619.00,"6,190.00"
2020-10-07,2020100704001717,RLI,39,17,10,619.00,"6,190.00"
2020-10-07,2020100704001716,RLI,39,49,10,619.00,"6,190.00"
2020-10-07,2020100704001730,RLI,39,49,10,619.00,"6,190.00"
2020-10-07,2020100704001728,RLI,39,49,10,619.00,"6,190.00"
2020-10-07,2020100704001727,RLI,39,49,10,619.00,"6,190.00"
2020-10-07,2020100704001725,RLI,39,38,10,619.00,"6,190.00"
2020-10-07,2020100704001724,RLI,39,39,10,619.00,"6,190.00"
2020-10-07,2020100704001723,RLI,39,13,10,619.00,"6,190.00"
2020-10-07,2020100704001737,RLI,39,47,10,619.00,"6,190.00"
2020-10-07,2020100704001736,RLI,39,49,10,619.00,"6,190.00"
2020-10-07,2020100704001735,RLI,39,6,10,619.00,"6,190.00"
2020-10-07,2020100704001733,RLI,39,49,10,619.00,"6,190.00"
2020-10-07,2020100704001732,RLI,39,47,10,619.00,"6,190.00"
2020-10-07,2020100704001731,RLI,39,59,10,619.00,"6,190.00"
2020-10-07,2020100704001743,RLI,19,58,10,620.00,"6,200.00"
2020-10-07,2020100704001742,RLI,19,35,10,620.00,"6,200.00"
2020-10-07,2020100704001741,RLI,19,57,10,620.00,"6,200.00"
2020-10-07,2020100704001740,RLI,19,58,10,620.00,"6,200.00"
2020-10-07,2020100704001739,RLI,39,22,10,619.00,"6,190.00"
2020-10-07,2020100704001738,RLI,39,38,10,619.00,"6,190.00"
2020-10-07,2020100704001752,RLI,19,38,10,620.00,"6,200.00"
2020-10-07,2020100704001750,RLI,19,38,10,620.00,"6,200.00"
2020-10-07,2020100704001748,RLI,19,49,10,620.00,"6,200.00"
2020-10-07,2020100704001746,RLI,19,38,10,620.00,"6,200.00"
2020-10-07,2020100704001745,RLI,19,37,10,620.00,"6,200.00"
2020-10-07,2020100704001744,RLI,19,7,10,620.00,"6,200.00"
2020-10-07,2020100704001759,RLI,19,44,10,620.00,"6,200.00"
2020-10-07,2020100704001758,RLI,19,22,10,620.00,"6,200.00"
2020-10-07,2020100704001757,RLI,19,49,10,620.00,"6,200.00"
2020-10-07,2020100704001756,RLI,19,7,10,620.00,"6,200.00"
2020-10-07,2020100704001754,RLI,19,49,10,620.00,"6,200.00"
2020-10-07,2020100704001753,RLI,19,8,10,620.00,"6,200.00"
2020-10-07,2020100704001765,RLI,51,22,10,619.00,"6,190.00"
2020-10-07,2020100704001764,RLI,39,49,10,619.00,"6,190.00"
2020-10-07,2020100704001763,RLI,19,49,10,620.00,"6,200.00"
2020-10-07,2020100704001762,RLI,19,29,10,620.00,"6,200.00"
2020-10-07,2020100704001761,RLI,19,38,10,620.00,"6,200.00"
2020-10-07,2020100704001760,RLI,19,49,10,620.00,"6,200.00"
2020-10-07,2020100704001772,RLI,52,49,10,619.00,"6,190.00"
2020-10-07,2020100704001771,RLI,52,49,10,619.00,"6,190.00"
2020-10-07,2020100704001770,RLI,52,36,10,619.00,"6,190.00"
2020-10-07,2020100704001769,RLI,51,51,10,619.00,"6,190.00"
2020-10-07,2020100704001768,RLI,51,49,10,619.00,"6,190.00"
2020-10-07,2020100704001766,RLI,51,19,10,619.00,"6,190.00"
2020-10-07,2020100704001778,RLI,47,5,10,618.00,"6,180.00"
2020-10-07,2020100704001777,RLI,47,39,10,618.00,"6,180.00"
2020-10-07,2020100704001776,RLI,47,22,10,618.00,"6,180.00"
2020-10-07,2020100704001775,RLI,47,8,10,618.00,"6,180.00"
2020-10-07,2020100704001774,RLI,21,8,10,618.00,"6,180.00"
2020-10-07,2020100704001773,RLI,21,49,10,618.00,"6,180.00"
2020-10-07,2020100704001784,RLI,37,44,10,620.00,"6,200.00"
2020-10-07,2020100704001783,RLI,37,54,10,620.00,"6,200.00"
2020-10-07,2020100704001782,RLI,11,6,10,619.00,"6,190.00"
2020-10-07,2020100704001781,RLI,47,32,10,618.00,"6,180.00"
2020-10-07,2020100704001780,RLI,47,29,10,618.00,"6,180.00"
2020-10-07,2020100704001779,RLI,47,53,10,618.00,"6,180.00"
2020-10-07,2020100704001790,RLI,58,10,10,619.00,"6,190.00"
2020-10-07,2020100704001789,RLI,58,41,10,619.00,"6,190.00"
2020-10-07,2020100704001788,RLI,58,10,10,619.00,"6,190.00"
2020-10-07,2020100704001787,RLI,11,42,10,619.00,"6,190.00"
2020-10-07,2020100704001786,RLI,11,10,10,619.00,"6,190.00"
2020-10-07,2020100704001785,RLI,37,26,10,620.00,"6,200.00"
2020-10-07,2020100704001797,RLI,39,11,10,618.00,"6,180.00"
2020-10-07,2020100704001796,RLI,39,38,10,618.00,"6,180.00"
2020-10-07,2020100704001795,RLI,39,29,10,618.00,"6,180.00"
2020-10-07,2020100704001794,RLI,47,10,10,618.00,"6,180.00"
2020-10-07,2020100704001793,RLI,47,29,10,618.00,"6,180.00"
2020-10-07,2020100704001791,RLI,58,42,10,619.00,"6,190.00"
2020-10-07,2020100704001804,RLI,3,46,10,619.00,"6,190.00"
2020-10-07,2020100704001802,RLI,39,29,10,618.00,"6,180.00"
2020-10-07,2020100704001801,RLI,39,29,10,618.00,"6,180.00"
2020-10-07,2020100704001800,RLI,39,13,10,618.00,"6,180.00"
2020-10-07,2020100704001799,RLI,39,38,10,618.00,"6,180.00"
2020-10-07,2020100704001798,RLI,39,10,10,618.00,"6,180.00"
2020-10-07,2020100704001813,RLI,3,14,20,619.00,"12,380.00"
2020-10-07,2020100704001812,RLI,3,42,10,619.00,"6,190.00"
2020-10-07,2020100704001808,RLI,3,11,10,619.00,"6,190.00"
2020-10-07,2020100704001807,RLI,3,54,10,619.00,"6,190.00"
2020-10-07,2020100704001806,RLI,3,49,20,619.00,"12,380.00"
2020-10-07,2020100704001805,RLI,3,42,10,619.00,"6,190.00"
2020-10-07,2020100704001819,RLI,3,58,10,619.00,"6,190.00"
2020-10-07,2020100704001818,RLI,3,10,10,619.00,"6,190.00"
2020-10-07,2020100704001817,RLI,3,35,10,619.00,"6,190.00"
2020-10-07,2020100704001816,RLI,3,47,10,619.00,"6,190.00"
2020-10-07,2020100704001815,RLI,3,42,10,619.00,"6,190.00"
2020-10-07,2020100704001814,RLI,3,47,10,619.00,"6,190.00"
2020-10-07,2020100704001829,RLI,3,10,10,619.00,"6,190.00"
2020-10-07,2020100704001828,RLI,3,22,10,619.00,"6,190.00"
2020-10-07,2020100704001827,RLI,3,58,10,619.00,"6,190.00"
2020-10-07,2020100704001826,RLI,3,10,10,619.00,"6,190.00"
2020-10-07,2020100704001821,RLI,3,46,10,619.00,"6,190.00"
2020-10-07,2020100704001820,RLI,3,10,10,619.00,"6,190.00"
2020-10-07,2020100704001837,RLI,59,42,10,619.00,"6,190.00"
2020-10-07,2020100704001836,RLI,59,40,10,619.00,"6,190.00"
2020-10-07,2020100704001834,RLI,3,11,10,619.00,"6,190.00"
2020-10-07,2020100704001832,RLI,3,58,10,619.00,"6,190.00"
2020-10-07,2020100704001831,RLI,3,51,10,619.00,"6,190.00"
2020-10-07,2020100704001830,RLI,3,56,60,619.00,"37,140.00"
2020-10-07,2020100704001843,RLI,48,41,10,619.00,"6,190.00"
2020-10-07,2020100704001842,RLI,48,38,10,619.00,"6,190.00"
2020-10-07,2020100704001841,RLI,48,11,10,619.00,"6,190.00"
2020-10-07,2020100704001840,RLI,59,46,10,619.00,"6,190.00"
2020-10-07,2020100704001839,RLI,59,58,10,619.00,"6,190.00"
2020-10-07,2020100704001838,RLI,59,29,110,619.00,"68,090.00"
2020-10-07,2020100704001850,RLI,35,52,10,619.00,"6,190.00"
2020-10-07,2020100704001849,RLI,39,48,10,618.00,"6,180.00"
2020-10-07,2020100704001848,RLI,39,56,10,618.00,"6,180.00"
2020-10-07,2020100704001847,RLI,39,58,10,618.00,"6,180.00"
2020-10-07,2020100704001845,RLI,48,34,10,619.00,"6,190.00"
2020-10-07,2020100704001844,RLI,48,42,10,619.00,"6,190.00"
2020-10-07,2020100704001856,RLI,4,44,100,618.00,"61,800.00"
2020-10-07,2020100704001855,RLI,39,44,110,618.00,"67,980.00"
2020-10-07,2020100704001854,RLI,58,44,20,618.00,"12,360.00"
2020-10-07,2020100704001853,RLI,25,44,100,619.00,"61,900.00"
2020-10-07,2020100704001852,RLI,35,44,30,619.00,"18,570.00"
2020-10-07,2020100704001851,RLI,35,34,10,619.00,"6,190.00"
2020-10-07,2020100704001862,RLI,33,26,10,619.00,"6,190.00"
2020-10-07,2020100704001861,RLI,13,34,10,619.00,"6,190.00"
2020-10-07,2020100704001860,RLI,13,14,10,619.00,"6,190.00"
2020-10-07,2020100704001859,RLI,59,47,10,618.00,"6,180.00"
2020-10-07,2020100704001858,RLI,59,59,10,618.00,"6,180.00"
2020-10-07,2020100704001857,RLI,59,44,40,618.00,"24,720.00"
2020-10-07,2020100704001868,RLI,33,45,10,619.00,"6,190.00"
2020-10-07,2020100704001867,RLI,33,38,10,619.00,"6,190.00"
2020-10-07,2020100704001866,RLI,33,17,10,619.00,"6,190.00"
2020-10-07,2020100704001865,RLI,33,14,10,619.00,"6,190.00"
2020-10-07,2020100704001864,RLI,33,41,10,619.00,"6,190.00"
2020-10-07,2020100704001863,RLI,33,38,10,619.00,"6,190.00"
2020-10-07,2020100704001877,RLI,19,32,10,618.00,"6,180.00"
2020-10-07,2020100704001876,RLI,53,26,490,620.00,"303,800.00"
2020-10-07,2020100704001875,RLI,53,16,10,619.00,"6,190.00"
2020-10-07,2020100704001871,RLI,33,26,10,619.00,"6,190.00"
2020-10-07,2020100704001870,RLI,33,34,10,619.00,"6,190.00"
2020-10-07,2020100704001869,RLI,33,58,10,619.00,"6,190.00"
2020-10-07,2020100704001896,RLI,36,52,10,619.00,"6,190.00"
2020-10-07,2020100704001894,RLI,55,38,30,618.00,"18,540.00"
2020-10-07,2020100704001893,RLI,19,38,80,618.00,"49,440.00"
2020-10-07,2020100704001892,RLI,42,38,90,619.00,"55,710.00"
2020-10-07,2020100704001887,RLI,42,32,10,619.00,"6,190.00"
2020-10-07,2020100704001883,RLI,19,58,10,618.00,"6,180.00"
2020-10-07,2020100704001903,RLI,13,52,10,620.00,"6,200.00"
2020-10-07,2020100704001902,RLI,13,58,10,620.00,"6,200.00"
2020-10-07,2020100704001901,RLI,13,34,10,620.00,"6,200.00"
2020-10-07,2020100704001900,RLI,13,10,10,620.00,"6,200.00"
2020-10-07,2020100704001898,RLI,36,41,10,619.00,"6,190.00"
2020-10-07,2020100704001897,RLI,36,58,10,619.00,"6,190.00"
2020-10-07,2020100704001909,RLI,13,34,10,620.00,"6,200.00"
2020-10-07,2020100704001908,RLI,13,52,10,620.00,"6,200.00"
2020-10-07,2020100704001907,RLI,13,34,10,620.00,"6,200.00"
2020-10-07,2020100704001906,RLI,13,42,10,620.00,"6,200.00"
2020-10-07,2020100704001905,RLI,13,55,10,620.00,"6,200.00"
2020-10-07,2020100704001904,RLI,13,42,10,620.00,"6,200.00"
2020-10-07,2020100704001915,RLI,42,50,10,619.00,"6,190.00"
2020-10-07,2020100704001914,RLI,36,50,50,619.00,"30,950.00"
2020-10-07,2020100704001913,RLI,36,29,50,619.00,"30,950.00"
2020-10-07,2020100704001912,RLI,36,5,10,619.00,"6,190.00"
2020-10-07,2020100704001911,RLI,36,58,10,619.00,"6,190.00"
2020-10-07,2020100704001910,RLI,36,45,10,619.00,"6,190.00"
2020-10-07,2020100704001921,RLI,33,26,500,618.00,"309,000.00"
2020-10-07,2020100704001920,RLI,38,26,50,618.00,"30,900.00"
2020-10-07,2020100704001919,RLI,55,26,370,618.00,"228,660.00"
2020-10-07,2020100704001918,RLI,42,26,20,619.00,"12,380.00"
2020-10-07,2020100704001917,RLI,42,58,10,619.00,"6,190.00"
2020-10-07,2020100704001916,RLI,42,58,10,619.00,"6,190.00"
2020-10-07,2020100704001928,RLI,50,45,10,619.00,"6,190.00"
2020-10-07,2020100704001927,RLI,50,14,10,619.00,"6,190.00"
2020-10-07,2020100704001926,RLI,50,45,10,619.00,"6,190.00"
2020-10-07,2020100704001925,RLI,34,58,10,618.00,"6,180.00"
2020-10-07,2020100704001923,RLI,34,32,10,618.00,"6,180.00"
2020-10-07,2020100704001922,RLI,34,26,500,618.00,"309,000.00"
2020-10-07,2020100704001941,RLI,53,42,10,620.00,"6,200.00"
2020-10-07,2020100704001940,RLI,35,45,10,619.00,"6,190.00"
2020-10-07,2020100704001937,RLI,35,58,10,619.00,"6,190.00"
2020-10-07,2020100704001935,RLI,35,58,10,619.00,"6,190.00"
2020-10-07,2020100704001934,RLI,35,54,10,619.00,"6,190.00"
2020-10-07,2020100704001931,RLI,35,58,10,619.00,"6,190.00"
2020-10-07,2020100704001686,SAEF,33,45,"2,800",10.35,"28,980.00"
2020-10-07,2020100704001667,SAEF,33,45,"2,200",10.35,"22,770.00"
2020-10-07,2020100704001662,SAEF,33,33,800,10.35,"8,280.00"
2020-10-07,2020100704001641,SAEF,33,33,500,10.35,"5,175.00"
2020-10-07,2020100704001496,SAEF,33,17,"1,500",10.35,"15,525.00"
2020-10-07,2020100704001803,SEF,43,33,"2,500",9.30,"23,250.00"
2020-10-07,2020100704001751,SEF,43,41,"1,000",9.30,"9,300.00"
2020-10-07,2020100704001718,SEF,43,13,"1,000",9.30,"9,300.00"
2020-10-07,2020100704001933,SRBLD83,6,29,15,"1,030.00","15,450.00"
2020-10-07,2020100704001932,SRBLD83,6,44,10,"1,029.00","10,290.00"
2020-10-07,2020100704001944,STC,47,10,10,"3,500.00","35,000.00"
2020-10-07,2020100704001943,STC,47,20,90,"3,500.00","315,000.00"
2020-10-07,2020100704001938,STC,34,20,10,"3,500.00","35,000.00"
2020-10-07,2020100704001924,STC,56,28,15,"3,462.00","51,930.00"
2020-10-07,2020100704001899,STC,25,28,10,"3,462.00","34,620.00"
2020-10-07,2020100704001886,STC,25,28,10,"3,462.00","34,620.00"
2020-10-07,2020100704001885,STC,33,28,15,"3,462.00","51,930.00"
2020-10-07,2020100704001833,STC,58,28,50,"3,463.00","173,150.00"
2020-10-07,2020100704001647,STC,58,33,10,"3,524.00","35,240.00"
2020-10-07,2020100704001646,STC,58,33,10,"3,520.00","35,200.00"
2020-10-07,2020100704001132,BBC,11,39,10,"1,662.00","16,620.00"
2020-10-07,2020100704001131,BBC,46,39,20,"1,680.00","33,600.00"
2020-10-07,2020100704001103,CMF1,58,7,100,9.80,980.00
2020-10-07,2020100704001102,CMF1,58,59,100,9.80,980.00
2020-10-07,2020100704001111,GBIMEP,32,1,"6,264",150.00,"939,600.00"
2020-10-07,2020100704001218,GIMES1,43,19,500,9.40,"4,700.00"
2020-10-07,2020100704001005,LEMF,6,7,"1,500",8.72,"13,080.00"
2020-10-07,2020100704001297,LUK,49,42,100,8.82,882.00
2020-10-07,2020100704001190,LUK,49,29,200,8.82,"1,764.00"
2020-10-07,2020100704000964,LUK,49,4,200,8.82,"1,764.00"
2020-10-07,2020100704000963,LUK,49,58,150,8.82,"1,323.00"
2020-10-07,2020100704001258,NBF2,57,10,"2,100",8.99,"18,879.00"
2020-10-07,2020100704001242,NBF2,56,57,"1,300",8.95,"11,635.00"
2020-10-07,2020100704001150,NBF2,6,4,"1,000",8.93,"8,930.00"
2020-10-07,2020100704001189,NEF,43,45,"1,173",9.02,"10,580.46"
2020-10-07,2020100704001188,NEF,43,55,"1,979",9.02,"17,850.58"
2020-10-07,2020100704001187,NEF,43,33,"2,414",9.02,"21,774.28"
2020-10-07,2020100704001186,NEF,43,29,"2,253",9.01,"20,299.53"
2020-10-07,2020100704001185,NEF,43,49,"1,381",9.00,"12,429.00"
2020-10-07,2020100704001184,NEF,43,55,"7,242",9.00,"65,178.00"
2020-10-07,2020100704001090,NEF,25,49,100,9.00,900.00
2020-10-07,2020100704001085,NEF,55,49,"1,036",9.00,"9,324.00"
2020-10-07,2020100704000981,NEF,8,49,"2,500",9.02,"22,550.00"
2020-10-07,2020100704000974,NEF,8,45,"1,000",9.01,"9,010.00"
2020-10-07,2020100704000961,NEF,45,10,"1,942",9.01,"17,497.42"
2020-10-07,2020100704001439,NIBLPF,6,26,"1,396",9.00,"12,564.00"
2020-10-07,2020100704001438,NIBLPF,6,55,"2,525",9.00,"22,725.00"
2020-10-07,2020100704001437,NIBLPF,6,32,"2,475",9.00,"22,275.00"
2020-10-07,2020100704001240,NIBLPF,45,34,"1,010",8.99,"9,079.90"
2020-10-07,2020100704001239,NIBLPF,45,29,505,8.99,"4,539.95"
2020-10-07,2020100704001201,NIBLPF,48,29,500,8.92,"4,460.00"
2020-10-07,2020100704001234,NIBPO,47,47,8,355.00,"2,840.00"
2020-10-07,2020100704001219,NIBPO,47,47,9,359.00,"3,231.00"
2020-10-07,2020100704001198,NIBPO,39,26,879,360.00,"316,440.00"
2020-10-07,2020100704000977,NIBPO,39,49,27,360.00,"9,720.00"
2020-10-07,2020100704001062,NIBSF1,51,58,100,10.57,"1,057.00"
2020-10-07,2020100704001051,NIBSF1,51,58,100,10.38,"1,038.00"
2020-10-07,2020100704001042,NIBSF1,51,58,100,10.18,"1,018.00"
2020-10-07,2020100704001032,NIBSF1,51,58,100,9.99,999.00
2020-10-07,2020100704001059,NICBF,17,4,"1,000",8.85,"8,850.00"
2020-10-07,2020100704001074,NICGF,35,40,"1,500",9.55,"14,325.00"
2020-10-07,2020100704000984,NICGF,55,7,700,9.37,"6,559.00"
2020-10-07,2020100704000983,NICGF,45,7,"3,000",9.38,"28,140.00"
2020-10-07,2020100704000982,NICGF,42,7,300,9.40,"2,820.00"
2020-10-07,2020100704001065,NMB50,17,4,100,9.21,921.00
2020-10-07,2020100704001418,NMBHF1,22,56,"3,000",9.40,"28,200.00"
2020-10-07,2020100704001440,RBCLPO,33,59,20,"10,200.00","204,000.00"
2020-10-07,2020100704001237,RBCLPO,50,45,20,"10,200.00","204,000.00"
2020-10-07,2020100704001104,RBCLPO,13,58,10,"10,100.00","101,000.00"
2020-10-07,2020100704001098,RBCLPO,59,58,20,"10,105.00","202,100.00"
2020-10-07,2020100704001097,RBCLPO,6,58,30,"10,110.00","303,300.00"
2020-10-07,2020100704001048,RBCLPO,16,45,30,"10,200.00","306,000.00"
2020-10-07,2020100704001044,RBCLPO,16,45,50,"10,200.00","510,000.00"
2020-10-07,2020100704001040,RBCLPO,16,45,50,"10,200.00","510,000.00"
2020-10-07,2020100704001037,RBCLPO,16,45,10,"10,200.00","102,000.00"
2020-10-07,2020100704001036,RBCLPO,35,45,30,"10,201.00","306,030.00"
2020-10-07,2020100704001035,RBCLPO,4,45,10,"10,202.00","102,020.00"
2020-10-07,2020100704001450,RLI,57,44,10,620.00,"6,200.00"
2020-10-07,2020100704001449,RLI,57,42,10,620.00,"6,200.00"
2020-10-07,2020100704001448,RLI,57,41,10,620.00,"6,200.00"
2020-10-07,2020100704001447,RLI,39,42,10,619.00,"6,190.00"
2020-10-07,2020100704001446,RLI,39,38,10,619.00,"6,190.00"
2020-10-07,2020100704001445,RLI,39,16,10,619.00,"6,190.00"
2020-10-07,2020100704000959,RLI,11,43,10,616.00,"6,160.00"
2020-10-07,2020100704000958,RLI,11,43,10,616.00,"6,160.00"
2020-10-07,2020100704000956,RLI,11,42,10,616.00,"6,160.00"
2020-10-07,2020100704000955,RLI,11,45,10,616.00,"6,160.00"
2020-10-07,2020100704000954,RLI,47,42,310,617.00,"191,270.00"
2020-10-07,2020100704000952,RLI,11,50,10,616.00,"6,160.00"
2020-10-07,2020100704000968,RLI,40,52,10,617.00,"6,170.00"
2020-10-07,2020100704000967,RLI,40,52,10,617.00,"6,170.00"
2020-10-07,2020100704000966,RLI,40,52,10,617.00,"6,170.00"
2020-10-07,2020100704000965,RLI,40,42,10,617.00,"6,170.00"
2020-10-07,2020100704000962,RLI,11,48,10,616.00,"6,160.00"
2020-10-07,2020100704000960,RLI,11,49,10,616.00,"6,160.00"
2020-10-07,2020100704000975,RLI,40,43,10,617.00,"6,170.00"
2020-10-07,2020100704000973,RLI,40,38,10,617.00,"6,170.00"
2020-10-07,2020100704000972,RLI,40,40,10,617.00,"6,170.00"
2020-10-07,2020100704000971,RLI,40,44,10,617.00,"6,170.00"
2020-10-07,2020100704000970,RLI,40,42,10,617.00,"6,170.00"
2020-10-07,2020100704000969,RLI,40,59,10,617.00,"6,170.00"
2020-10-07,2020100704000987,RLI,11,6,10,617.00,"6,170.00"
2020-10-07,2020100704000986,RLI,11,22,10,617.00,"6,170.00"
2020-10-07,2020100704000985,RLI,11,54,10,616.00,"6,160.00"
2020-10-07,2020100704000979,RLI,58,7,10,617.00,"6,170.00"
2020-10-07,2020100704000978,RLI,58,22,10,617.00,"6,170.00"
2020-10-07,2020100704000976,RLI,58,38,10,617.00,"6,170.00"
2020-10-07,2020100704000993,RLI,11,40,10,616.00,"6,160.00"
2020-10-07,2020100704000992,RLI,11,22,10,616.00,"6,160.00"
2020-10-07,2020100704000991,RLI,11,38,10,616.00,"6,160.00"
2020-10-07,2020100704000990,RLI,11,51,60,617.00,"37,020.00"
2020-10-07,2020100704000989,RLI,11,34,10,617.00,"6,170.00"
2020-10-07,2020100704000988,RLI,11,58,10,617.00,"6,170.00"
2020-10-07,2020100704000999,RLI,11,47,10,616.00,"6,160.00"
2020-10-07,2020100704000998,RLI,11,43,10,616.00,"6,160.00"
2020-10-07,2020100704000997,RLI,11,38,10,616.00,"6,160.00"
2020-10-07,2020100704000996,RLI,11,39,10,616.00,"6,160.00"
2020-10-07,2020100704000995,RLI,11,39,10,616.00,"6,160.00"
2020-10-07,2020100704000994,RLI,11,38,10,616.00,"6,160.00"
2020-10-07,2020100704001006,RLI,54,25,10,617.00,"6,170.00"
2020-10-07,2020100704001004,RLI,54,22,10,617.00,"6,170.00"
2020-10-07,2020100704001003,RLI,54,29,10,617.00,"6,170.00"
2020-10-07,2020100704001002,RLI,54,16,10,617.00,"6,170.00"
2020-10-07,2020100704001001,RLI,54,38,10,617.00,"6,170.00"
2020-10-07,2020100704001000,RLI,54,51,140,617.00,"86,380.00"
2020-10-07,2020100704001012,RLI,54,7,10,617.00,"6,170.00"
2020-10-07,2020100704001011,RLI,54,38,10,617.00,"6,170.00"
2020-10-07,2020100704001010,RLI,54,6,10,617.00,"6,170.00"
2020-10-07,2020100704001009,RLI,54,6,10,617.00,"6,170.00"
2020-10-07,2020100704001008,RLI,54,36,10,617.00,"6,170.00"
2020-10-07,2020100704001007,RLI,54,38,10,617.00,"6,170.00"
2020-10-07,2020100704001018,RLI,54,33,10,617.00,"6,170.00"
2020-10-07,2020100704001017,RLI,54,26,10,617.00,"6,170.00"
2020-10-07,2020100704001016,RLI,54,42,10,617.00,"6,170.00"
2020-10-07,2020100704001015,RLI,54,25,10,617.00,"6,170.00"
2020-10-07,2020100704001014,RLI,54,48,10,617.00,"6,170.00"
2020-10-07,2020100704001013,RLI,54,16,10,617.00,"6,170.00"
2020-10-07,2020100704001024,RLI,54,58,10,617.00,"6,170.00"
2020-10-07,2020100704001023,RLI,54,1,10,617.00,"6,170.00"
2020-10-07,2020100704001022,RLI,54,21,10,617.00,"6,170.00"
2020-10-07,2020100704001021,RLI,54,38,10,617.00,"6,170.00"
2020-10-07,2020100704001020,RLI,54,13,10,617.00,"6,170.00"
2020-10-07,2020100704001019,RLI,54,54,10,617.00,"6,170.00"
2020-10-07,2020100704001030,RLI,54,1,10,617.00,"6,170.00"
2020-10-07,2020100704001029,RLI,54,42,10,617.00,"6,170.00"
2020-10-07,2020100704001028,RLI,54,25,10,617.00,"6,170.00"
2020-10-07,2020100704001027,RLI,54,48,10,617.00,"6,170.00"
2020-10-07,2020100704001026,RLI,54,38,10,617.00,"6,170.00"
2020-10-07,2020100704001025,RLI,54,49,10,617.00,"6,170.00"
2020-10-07,2020100704001045,RLI,54,49,10,617.00,"6,170.00"
2020-10-07,2020100704001043,RLI,54,38,10,617.00,"6,170.00"
2020-10-07,2020100704001041,RLI,54,57,10,617.00,"6,170.00"
2020-10-07,2020100704001038,RLI,54,32,10,617.00,"6,170.00"
2020-10-07,2020100704001034,RLI,54,41,10,617.00,"6,170.00"
2020-10-07,2020100704001031,RLI,54,1,10,617.00,"6,170.00"
2020-10-07,2020100704001053,RLI,3,22,10,617.00,"6,170.00"
2020-10-07,2020100704001052,RLI,3,57,10,617.00,"6,170.00"
2020-10-07,2020100704001050,RLI,3,38,10,617.00,"6,170.00"
2020-10-07,2020100704001049,RLI,42,42,10,617.00,"6,170.00"
2020-10-07,2020100704001047,RLI,16,38,10,617.00,"6,170.00"
2020-10-07,2020100704001046,RLI,54,38,10,617.00,"6,170.00"
2020-10-07,2020100704001060,RLI,3,56,10,617.00,"6,170.00"
2020-10-07,2020100704001058,RLI,3,56,10,617.00,"6,170.00"
2020-10-07,2020100704001057,RLI,33,49,10,618.00,"6,180.00"
2020-10-07,2020100704001056,RLI,33,42,10,618.00,"6,180.00"
2020-10-07,2020100704001055,RLI,33,34,10,618.00,"6,180.00"
2020-10-07,2020100704001054,RLI,33,51,10,618.00,"6,180.00"
2020-10-07,2020100704001068,RLI,43,56,10,617.00,"6,170.00"
2020-10-07,2020100704001067,RLI,43,56,10,617.00,"6,170.00"
2020-10-07,2020100704001066,RLI,43,35,10,617.00,"6,170.00"
2020-10-07,2020100704001064,RLI,43,56,10,617.00,"6,170.00"
2020-10-07,2020100704001063,RLI,43,56,10,617.00,"6,170.00"
2020-10-07,2020100704001061,RLI,57,47,10,617.00,"6,170.00"
2020-10-07,2020100704001076,RLI,21,14,10,618.00,"6,180.00"
2020-10-07,2020100704001075,RLI,21,55,10,618.00,"6,180.00"
2020-10-07,2020100704001073,RLI,43,28,10,617.00,"6,170.00"
2020-10-07,2020100704001072,RLI,43,56,10,617.00,"6,170.00"
2020-10-07,2020100704001070,RLI,43,56,10,617.00,"6,170.00"
2020-10-07,2020100704001069,RLI,43,25,10,617.00,"6,170.00"
2020-10-07,2020100704001082,RLI,43,56,10,617.00,"6,170.00"
2020-10-07,2020100704001081,RLI,43,49,10,617.00,"6,170.00"
2020-10-07,2020100704001080,RLI,43,47,10,617.00,"6,170.00"
2020-10-07,2020100704001079,RLI,43,38,10,617.00,"6,170.00"
2020-10-07,2020100704001078,RLI,43,49,10,617.00,"6,170.00"
2020-10-07,2020100704001077,RLI,21,57,10,618.00,"6,180.00"
2020-10-07,2020100704001089,RLI,46,58,10,618.00,"6,180.00"
2020-10-07,2020100704001088,RLI,46,48,10,618.00,"6,180.00"
2020-10-07,2020100704001087,RLI,43,42,10,617.00,"6,170.00"
2020-10-07,2020100704001086,RLI,43,28,10,617.00,"6,170.00"
2020-10-07,2020100704001084,RLI,43,42,10,617.00,"6,170.00"
2020-10-07,2020100704001083,RLI,43,28,10,617.00,"6,170.00"
2020-10-07,2020100704001096,RLI,21,33,10,617.00,"6,170.00"
2020-10-07,2020100704001095,RLI,11,14,10,616.00,"6,160.00"
2020-10-07,2020100704001094,RLI,11,43,10,616.00,"6,160.00"
2020-10-07,2020100704001093,RLI,11,43,10,616.00,"6,160.00"
2020-10-07,2020100704001092,RLI,43,25,10,617.00,"6,170.00"
2020-10-07,2020100704001091,RLI,43,16,10,617.00,"6,170.00"
2020-10-07,2020100704001107,RLI,43,21,10,618.00,"6,180.00"
2020-10-07,2020100704001106,RLI,43,34,10,618.00,"6,180.00"
2020-10-07,2020100704001105,RLI,43,38,10,618.00,"6,180.00"
2020-10-07,2020100704001101,RLI,43,55,10,618.00,"6,180.00"
2020-10-07,2020100704001100,RLI,43,34,10,618.00,"6,180.00"
2020-10-07,2020100704001099,RLI,11,28,10,616.00,"6,160.00"
2020-10-07,2020100704001114,RLI,11,28,10,616.00,"6,160.00"
2020-10-07,2020100704001113,RLI,43,47,10,618.00,"6,180.00"
2020-10-07,2020100704001112,RLI,43,38,10,618.00,"6,180.00"
2020-10-07,2020100704001110,RLI,43,28,10,618.00,"6,180.00"
2020-10-07,2020100704001109,RLI,43,34,10,618.00,"6,180.00"
2020-10-07,2020100704001108,RLI,43,7,10,618.00,"6,180.00"
2020-10-07,2020100704001120,RLI,11,38,10,616.00,"6,160.00"
2020-10-07,2020100704001119,RLI,11,28,10,616.00,"6,160.00"
2020-10-07,2020100704001118,RLI,11,38,10,616.00,"6,160.00"
2020-10-07,2020100704001117,RLI,11,1,10,616.00,"6,160.00"
2020-10-07,2020100704001116,RLI,11,28,10,616.00,"6,160.00"
2020-10-07,2020100704001115,RLI,11,42,10,616.00,"6,160.00"
2020-10-07,2020100704001127,RLI,11,49,10,616.00,"6,160.00"
2020-10-07,2020100704001126,RLI,11,28,10,616.00,"6,160.00"
2020-10-07,2020100704001125,RLI,11,38,10,616.00,"6,160.00"
2020-10-07,2020100704001124,RLI,11,7,10,616.00,"6,160.00"
2020-10-07,2020100704001123,RLI,11,28,10,616.00,"6,160.00"
2020-10-07,2020100704001122,RLI,11,56,10,616.00,"6,160.00"
2020-10-07,2020100704001135,RLI,11,58,10,616.00,"6,160.00"
2020-10-07,2020100704001134,RLI,11,41,10,616.00,"6,160.00"
2020-10-07,2020100704001133,RLI,11,58,10,616.00,"6,160.00"
2020-10-07,2020100704001130,RLI,11,38,10,616.00,"6,160.00"
2020-10-07,2020100704001129,RLI,11,49,10,616.00,"6,160.00"
2020-10-07,2020100704001128,RLI,11,28,10,616.00,"6,160.00"
2020-10-07,2020100704001143,RLI,41,21,10,617.00,"6,170.00"
2020-10-07,2020100704001142,RLI,41,19,10,617.00,"6,170.00"
2020-10-07,2020100704001139,RLI,11,45,10,616.00,"6,160.00"
2020-10-07,2020100704001138,RLI,41,28,10,617.00,"6,170.00"
2020-10-07,2020100704001137,RLI,41,28,10,617.00,"6,170.00"
2020-10-07,2020100704001136,RLI,11,38,10,616.00,"6,160.00"
2020-10-07,2020100704001149,RLI,21,38,10,617.00,"6,170.00"
2020-10-07,2020100704001148,RLI,21,50,10,617.00,"6,170.00"
2020-10-07,2020100704001147,RLI,21,21,10,617.00,"6,170.00"
2020-10-07,2020100704001146,RLI,6,43,10,618.00,"6,180.00"
2020-10-07,2020100704001145,RLI,21,53,10,617.00,"6,170.00"
2020-10-07,2020100704001144,RLI,21,21,10,617.00,"6,170.00"
2020-10-07,2020100704001156,RLI,21,38,10,617.00,"6,170.00"
2020-10-07,2020100704001155,RLI,21,39,10,617.00,"6,170.00"
2020-10-07,2020100704001154,RLI,21,7,10,617.00,"6,170.00"
2020-10-07,2020100704001153,RLI,21,21,10,617.00,"6,170.00"
2020-10-07,2020100704001152,RLI,21,38,10,617.00,"6,170.00"
2020-10-07,2020100704001151,RLI,21,57,10,617.00,"6,170.00"
2020-10-07,2020100704001162,RLI,21,42,10,617.00,"6,170.00"
2020-10-07,2020100704001161,RLI,21,38,10,617.00,"6,170.00"
2020-10-07,2020100704001160,RLI,21,42,10,617.00,"6,170.00"
2020-10-07,2020100704001159,RLI,21,21,10,617.00,"6,170.00"
2020-10-07,2020100704001158,RLI,45,43,50,618.00,"30,900.00"
2020-10-07,2020100704001157,RLI,21,32,10,617.00,"6,170.00"
2020-10-07,2020100704001170,RLI,58,22,10,618.00,"6,180.00"
2020-10-07,2020100704001169,RLI,58,49,10,618.00,"6,180.00"
2020-10-07,2020100704001168,RLI,58,43,140,618.00,"86,520.00"
2020-10-07,2020100704001167,RLI,21,21,10,617.00,"6,170.00"
2020-10-07,2020100704001164,RLI,21,21,10,617.00,"6,170.00"
2020-10-07,2020100704001163,RLI,21,19,10,617.00,"6,170.00"
2020-10-07,2020100704001178,RLI,41,29,10,617.00,"6,170.00"
2020-10-07,2020100704001177,RLI,41,52,10,617.00,"6,170.00"
2020-10-07,2020100704001176,RLI,21,33,10,617.00,"6,170.00"
2020-10-07,2020100704001175,RLI,21,59,10,617.00,"6,170.00"
2020-10-07,2020100704001174,RLI,21,21,10,617.00,"6,170.00"
2020-10-07,2020100704001173,RLI,58,21,10,618.00,"6,180.00"
2020-10-07,2020100704001191,RLI,41,21,10,617.00,"6,170.00"
2020-10-07,2020100704001183,RLI,41,21,10,617.00,"6,170.00"
2020-10-07,2020100704001182,RLI,41,38,10,617.00,"6,170.00"
2020-10-07,2020100704001181,RLI,41,28,10,617.00,"6,170.00"
2020-10-07,2020100704001180,RLI,38,17,20,618.00,"12,360.00"
2020-10-07,2020100704001179,RLI,38,21,10,618.00,"6,180.00"
2020-10-07,2020100704001197,RLI,58,21,10,617.00,"6,170.00"
2020-10-07,2020100704001196,RLI,58,16,10,617.00,"6,170.00"
2020-10-07,2020100704001195,RLI,58,28,10,617.00,"6,170.00"
2020-10-07,2020100704001194,RLI,58,21,10,617.00,"6,170.00"
2020-10-07,2020100704001193,RLI,58,36,10,617.00,"6,170.00"
2020-10-07,2020100704001192,RLI,58,28,10,617.00,"6,170.00"
2020-10-07,2020100704001205,RLI,58,28,10,617.00,"6,170.00"
2020-10-07,2020100704001204,RLI,58,38,10,617.00,"6,170.00"
2020-10-07,2020100704001203,RLI,58,21,10,617.00,"6,170.00"
2020-10-07,2020100704001202,RLI,58,21,10,617.00,"6,170.00"
2020-10-07,2020100704001200,RLI,58,21,10,617.00,"6,170.00"
2020-10-07,2020100704001199,RLI,58,21,10,617.00,"6,170.00"
2020-10-07,2020100704001211,RLI,58,21,10,617.00,"6,170.00"
2020-10-07,2020100704001210,RLI,13,17,70,618.00,"43,260.00"
2020-10-07,2020100704001209,RLI,58,42,10,617.00,"6,170.00"
2020-10-07,2020100704001208,RLI,58,14,10,617.00,"6,170.00"
2020-10-07,2020100704001207,RLI,58,21,10,617.00,"6,170.00"
2020-10-07,2020100704001206,RLI,58,19,10,617.00,"6,170.00"
2020-10-07,2020100704001217,RLI,58,21,10,617.00,"6,170.00"
2020-10-07,2020100704001216,RLI,58,47,10,617.00,"6,170.00"
2020-10-07,2020100704001215,RLI,58,21,10,617.00,"6,170.00"
2020-10-07,2020100704001214,RLI,58,38,10,617.00,"6,170.00"
2020-10-07,2020100704001213,RLI,58,28,10,617.00,"6,170.00"
2020-10-07,2020100704001212,RLI,58,58,10,617.00,"6,170.00"
2020-10-07,2020100704001225,RLI,33,25,10,618.00,"6,180.00"
2020-10-07,2020100704001224,RLI,33,25,10,618.00,"6,180.00"
2020-10-07,2020100704001223,RLI,33,42,10,618.00,"6,180.00"
2020-10-07,2020100704001222,RLI,33,52,10,618.00,"6,180.00"
2020-10-07,2020100704001221,RLI,33,36,10,618.00,"6,180.00"
2020-10-07,2020100704001220,RLI,33,17,10,618.00,"6,180.00"
2020-10-07,2020100704001231,RLI,58,34,10,617.00,"6,170.00"
2020-10-07,2020100704001230,RLI,58,19,10,617.00,"6,170.00"
2020-10-07,2020100704001229,RLI,33,25,10,618.00,"6,180.00"
2020-10-07,2020100704001228,RLI,33,17,10,618.00,"6,180.00"
2020-10-07,2020100704001227,RLI,33,25,10,618.00,"6,180.00"
2020-10-07,2020100704001226,RLI,33,25,10,618.00,"6,180.00"
2020-10-07,2020100704001244,RLI,58,49,10,618.00,"6,180.00"
2020-10-07,2020100704001243,RLI,58,26,10,618.00,"6,180.00"
2020-10-07,2020100704001241,RLI,58,40,10,617.00,"6,170.00"
2020-10-07,2020100704001238,RLI,58,51,10,617.00,"6,170.00"
2020-10-07,2020100704001236,RLI,58,49,10,617.00,"6,170.00"
2020-10-07,2020100704001235,RLI,58,28,10,617.00,"6,170.00"
2020-10-07,2020100704001250,RLI,57,45,10,619.00,"6,190.00"
2020-10-07,2020100704001249,RLI,57,49,10,619.00,"6,190.00"
2020-10-07,2020100704001248,RLI,57,49,10,619.00,"6,190.00"
2020-10-07,2020100704001247,RLI,57,47,10,619.00,"6,190.00"
2020-10-07,2020100704001246,RLI,57,33,10,619.00,"6,190.00"
2020-10-07,2020100704001245,RLI,57,4,10,619.00,"6,190.00"
2020-10-07,2020100704001256,RLI,57,38,10,619.00,"6,190.00"
2020-10-07,2020100704001255,RLI,57,36,10,619.00,"6,190.00"
2020-10-07,2020100704001254,RLI,57,28,10,619.00,"6,190.00"
2020-10-07,2020100704001253,RLI,57,11,10,619.00,"6,190.00"
2020-10-07,2020100704001252,RLI,57,7,10,619.00,"6,190.00"
2020-10-07,2020100704001251,RLI,57,49,10,619.00,"6,190.00"
2020-10-07,2020100704001263,RLI,49,29,10,620.00,"6,200.00"
2020-10-07,2020100704001262,RLI,57,4,10,619.00,"6,190.00"
2020-10-07,2020100704001261,RLI,57,34,10,619.00,"6,190.00"
2020-10-07,2020100704001260,RLI,43,1,15,620.00,"9,300.00"
2020-10-07,2020100704001259,RLI,57,28,10,619.00,"6,190.00"
2020-10-07,2020100704001257,RLI,57,28,10,619.00,"6,190.00"
2020-10-07,2020100704001269,RLI,57,48,10,620.00,"6,200.00"
2020-10-07,2020100704001268,RLI,57,47,10,619.00,"6,190.00"
2020-10-07,2020100704001267,RLI,49,11,10,620.00,"6,200.00"
2020-10-07,2020100704001266,RLI,49,16,10,620.00,"6,200.00"
2020-10-07,2020100704001265,RLI,49,29,10,620.00,"6,200.00"
2020-10-07,2020100704001264,RLI,49,39,10,620.00,"6,200.00"
2020-10-07,2020100704001275,RLI,57,25,10,620.00,"6,200.00"
2020-10-07,2020100704001274,RLI,57,25,10,620.00,"6,200.00"
2020-10-07,2020100704001273,RLI,57,56,10,620.00,"6,200.00"
2020-10-07,2020100704001272,RLI,57,11,10,620.00,"6,200.00"
2020-10-07,2020100704001271,RLI,57,41,10,620.00,"6,200.00"
2020-10-07,2020100704001270,RLI,57,42,10,620.00,"6,200.00"
2020-10-07,2020100704001281,RLI,57,38,10,619.00,"6,190.00"
2020-10-07,2020100704001280,RLI,57,28,10,619.00,"6,190.00"
2020-10-07,2020100704001279,RLI,57,47,10,619.00,"6,190.00"
2020-10-07,2020100704001278,RLI,57,25,10,620.00,"6,200.00"
2020-10-07,2020100704001277,RLI,57,25,10,620.00,"6,200.00"
2020-10-07,2020100704001276,RLI,57,25,10,620.00,"6,200.00"
2020-10-07,2020100704001287,RLI,22,38,10,617.00,"6,170.00"
2020-10-07,2020100704001286,RLI,22,38,10,617.00,"6,170.00"
2020-10-07,2020100704001285,RLI,22,41,10,617.00,"6,170.00"
2020-10-07,2020100704001284,RLI,22,47,10,617.00,"6,170.00"
2020-10-07,2020100704001283,RLI,22,38,10,617.00,"6,170.00"
2020-10-07,2020100704001282,RLI,58,28,10,618.00,"6,180.00"
2020-10-07,2020100704001293,RLI,22,14,10,617.00,"6,170.00"
2020-10-07,2020100704001292,RLI,44,8,10,618.00,"6,180.00"
2020-10-07,2020100704001291,RLI,22,38,10,617.00,"6,170.00"
2020-10-07,2020100704001290,RLI,22,42,10,617.00,"6,170.00"
2020-10-07,2020100704001289,RLI,22,6,10,617.00,"6,170.00"
2020-10-07,2020100704001288,RLI,22,38,10,617.00,"6,170.00"
2020-10-07,2020100704001300,RLI,18,28,10,617.00,"6,170.00"
2020-10-07,2020100704001299,RLI,18,38,10,617.00,"6,170.00"
2020-10-07,2020100704001298,RLI,41,36,10,617.00,"6,170.00"
2020-10-07,2020100704001296,RLI,41,36,10,617.00,"6,170.00"
2020-10-07,2020100704001295,RLI,41,38,10,617.00,"6,170.00"
2020-10-07,2020100704001294,RLI,44,22,10,619.00,"6,190.00"
2020-10-07,2020100704001306,RLI,26,49,10,618.00,"6,180.00"
2020-10-07,2020100704001305,RLI,26,28,10,618.00,"6,180.00"
2020-10-07,2020100704001304,RLI,26,1,10,618.00,"6,180.00"
2020-10-07,2020100704001303,RLI,26,1,10,618.00,"6,180.00"
2020-10-07,2020100704001302,RLI,26,32,10,618.00,"6,180.00"
2020-10-07,2020100704001301,RLI,26,42,10,618.00,"6,180.00"
2020-10-07,2020100704001312,RLI,47,34,10,619.00,"6,190.00"
2020-10-07,2020100704001311,RLI,47,11,10,619.00,"6,190.00"
2020-10-07,2020100704001310,RLI,47,42,10,619.00,"6,190.00"
2020-10-07,2020100704001309,RLI,47,42,10,619.00,"6,190.00"
2020-10-07,2020100704001308,RLI,26,38,10,618.00,"6,180.00"
2020-10-07,2020100704001307,RLI,26,16,10,618.00,"6,180.00"
2020-10-07,2020100704001318,RLI,45,13,10,620.00,"6,200.00"
2020-10-07,2020100704001317,RLI,45,34,10,620.00,"6,200.00"
2020-10-07,2020100704001316,RLI,45,22,40,619.00,"24,760.00"
2020-10-07,2020100704001315,RLI,26,54,10,618.00,"6,180.00"
2020-10-07,2020100704001314,RLI,26,42,10,618.00,"6,180.00"
2020-10-07,2020100704001313,RLI,47,22,60,619.00,"37,140.00"
2020-10-07,2020100704001324,RLI,45,53,10,620.00,"6,200.00"
2020-10-07,2020100704001323,RLI,45,25,10,620.00,"6,200.00"
2020-10-07,2020100704001322,RLI,45,49,10,620.00,"6,200.00"
2020-10-07,2020100704001321,RLI,45,42,10,620.00,"6,200.00"
2020-10-07,2020100704001320,RLI,45,52,10,620.00,"6,200.00"
2020-10-07,2020100704001319,RLI,45,38,10,620.00,"6,200.00"
2020-10-07,2020100704001330,RLI,45,25,10,620.00,"6,200.00"
2020-10-07,2020100704001329,RLI,45,22,10,620.00,"6,200.00"
2020-10-07,2020100704001328,RLI,45,29,10,620.00,"6,200.00"
2020-10-07,2020100704001327,RLI,45,42,10,620.00,"6,200.00"
2020-10-07,2020100704001326,RLI,45,55,10,620.00,"6,200.00"
2020-10-07,2020100704001325,RLI,45,42,10,620.00,"6,200.00"
2020-10-07,2020100704001336,RLI,45,22,10,620.00,"6,200.00"
2020-10-07,2020100704001335,RLI,45,49,10,620.00,"6,200.00"
2020-10-07,2020100704001334,RLI,45,22,10,620.00,"6,200.00"
2020-10-07,2020100704001333,RLI,45,22,10,620.00,"6,200.00"
2020-10-07,2020100704001332,RLI,45,22,10,620.00,"6,200.00"
2020-10-07,2020100704001331,RLI,45,22,10,620.00,"6,200.00"
2020-10-07,2020100704001342,RLI,45,22,10,620.00,"6,200.00"
2020-10-07,2020100704001341,RLI,45,22,10,620.00,"6,200.00"
2020-10-07,2020100704001340,RLI,45,22,10,620.00,"6,200.00"
2020-10-07,2020100704001339,RLI,45,22,10,620.00,"6,200.00"
2020-10-07,2020100704001338,RLI,45,22,10,620.00,"6,200.00"
2020-10-07,2020100704001337,RLI,45,22,10,620.00,"6,200.00"
2020-10-07,2020100704001348,RLI,45,42,10,620.00,"6,200.00"
2020-10-07,2020100704001347,RLI,45,1,85,620.00,"52,700.00"
2020-10-07,2020100704001346,RLI,45,50,10,620.00,"6,200.00"
2020-10-07,2020100704001345,RLI,45,42,10,620.00,"6,200.00"
2020-10-07,2020100704001344,RLI,45,13,10,620.00,"6,200.00"
2020-10-07,2020100704001343,RLI,45,33,10,620.00,"6,200.00"
2020-10-07,2020100704001354,RLI,45,22,10,620.00,"6,200.00"
2020-10-07,2020100704001353,RLI,45,22,10,620.00,"6,200.00"
2020-10-07,2020100704001352,RLI,45,35,10,620.00,"6,200.00"
2020-10-07,2020100704001351,RLI,45,36,10,620.00,"6,200.00"
2020-10-07,2020100704001350,RLI,45,49,10,620.00,"6,200.00"
2020-10-07,2020100704001349,RLI,45,42,10,620.00,"6,200.00"
2020-10-07,2020100704001360,RLI,45,35,10,620.00,"6,200.00"
2020-10-07,2020100704001359,RLI,45,14,10,620.00,"6,200.00"
2020-10-07,2020100704001358,RLI,45,22,10,620.00,"6,200.00"
2020-10-07,2020100704001357,RLI,45,17,10,620.00,"6,200.00"
2020-10-07,2020100704001356,RLI,45,49,10,620.00,"6,200.00"
2020-10-07,2020100704001355,RLI,45,43,10,620.00,"6,200.00"
2020-10-07,2020100704001366,RLI,45,4,10,620.00,"6,200.00"
2020-10-07,2020100704001365,RLI,45,41,10,620.00,"6,200.00"
2020-10-07,2020100704001364,RLI,45,53,10,620.00,"6,200.00"
2020-10-07,2020100704001363,RLI,45,10,10,620.00,"6,200.00"
2020-10-07,2020100704001362,RLI,45,17,10,620.00,"6,200.00"
2020-10-07,2020100704001361,RLI,45,14,10,620.00,"6,200.00"
2020-10-07,2020100704001372,RLI,45,55,10,620.00,"6,200.00"
2020-10-07,2020100704001371,RLI,45,46,10,620.00,"6,200.00"
2020-10-07,2020100704001370,RLI,45,35,10,620.00,"6,200.00"
2020-10-07,2020100704001369,RLI,45,58,10,620.00,"6,200.00"
2020-10-07,2020100704001368,RLI,45,55,10,620.00,"6,200.00"
2020-10-07,2020100704001367,RLI,45,22,10,620.00,"6,200.00"
2020-10-07,2020100704001378,RLI,45,44,10,620.00,"6,200.00"
2020-10-07,2020100704001377,RLI,45,57,10,620.00,"6,200.00"
2020-10-07,2020100704001376,RLI,45,52,10,620.00,"6,200.00"
2020-10-07,2020100704001375,RLI,45,52,10,620.00,"6,200.00"
2020-10-07,2020100704001374,RLI,45,55,10,620.00,"6,200.00"
2020-10-07,2020100704001373,RLI,45,55,10,620.00,"6,200.00"
2020-10-07,2020100704001384,RLI,45,21,10,620.00,"6,200.00"
2020-10-07,2020100704001383,RLI,45,52,10,620.00,"6,200.00"
2020-10-07,2020100704001382,RLI,45,58,10,620.00,"6,200.00"
2020-10-07,2020100704001381,RLI,45,38,10,620.00,"6,200.00"
2020-10-07,2020100704001380,RLI,45,5,10,620.00,"6,200.00"
2020-10-07,2020100704001379,RLI,45,41,10,620.00,"6,200.00"
2020-10-07,2020100704001390,RLI,45,38,10,620.00,"6,200.00"
2020-10-07,2020100704001389,RLI,45,36,10,620.00,"6,200.00"
2020-10-07,2020100704001388,RLI,45,4,10,620.00,"6,200.00"
2020-10-07,2020100704001387,RLI,45,17,10,620.00,"6,200.00"
2020-10-07,2020100704001386,RLI,45,52,10,620.00,"6,200.00"
2020-10-07,2020100704001385,RLI,45,41,10,620.00,"6,200.00"
2020-10-07,2020100704001396,RLI,45,22,10,620.00,"6,200.00"
2020-10-07,2020100704001395,RLI,45,21,10,620.00,"6,200.00"
2020-10-07,2020100704001394,RLI,45,8,10,620.00,"6,200.00"
2020-10-07,2020100704001393,RLI,45,38,10,620.00,"6,200.00"
2020-10-07,2020100704001392,RLI,45,28,10,620.00,"6,200.00"
2020-10-07,2020100704001391,RLI,45,41,10,620.00,"6,200.00"
2020-10-07,2020100704001402,RLI,45,54,10,620.00,"6,200.00"
2020-10-07,2020100704001401,RLI,45,42,10,620.00,"6,200.00"
2020-10-07,2020100704001400,RLI,45,58,10,620.00,"6,200.00"
2020-10-07,2020100704001399,RLI,45,26,10,620.00,"6,200.00"
2020-10-07,2020100704001398,RLI,45,52,100,620.00,"62,000.00"
2020-10-07,2020100704001397,RLI,45,49,10,620.00,"6,200.00"
2020-10-07,2020100704001408,RLI,45,49,10,620.00,"6,200.00"
2020-10-07,2020100704001407,RLI,45,58,10,620.00,"6,200.00"
2020-10-07,2020100704001406,RLI,45,44,10,620.00,"6,200.00"
2020-10-07,2020100704001405,RLI,45,57,10,620.00,"6,200.00"
2020-10-07,2020100704001404,RLI,45,38,10,620.00,"6,200.00"
2020-10-07,2020100704001403,RLI,45,25,10,620.00,"6,200.00"
2020-10-07,2020100704001414,RLI,45,5,100,620.00,"62,000.00"
2020-10-07,2020100704001413,RLI,45,17,10,620.00,"6,200.00"
2020-10-07,2020100704001412,RLI,45,17,10,620.00,"6,200.00"
2020-10-07,2020100704001411,RLI,45,4,10,620.00,"6,200.00"
2020-10-07,2020100704001410,RLI,45,14,10,620.00,"6,200.00"
2020-10-07,2020100704001409,RLI,45,42,10,620.00,"6,200.00"
2020-10-07,2020100704001421,RLI,26,42,10,619.00,"6,190.00"
2020-10-07,2020100704001420,RLI,26,22,10,619.00,"6,190.00"
2020-10-07,2020100704001419,RLI,26,38,10,619.00,"6,190.00"
2020-10-07,2020100704001417,RLI,26,6,10,619.00,"6,190.00"
2020-10-07,2020100704001416,RLI,26,28,10,619.00,"6,190.00"
2020-10-07,2020100704001415,RLI,26,34,10,619.00,"6,190.00"
2020-10-07,2020100704001428,RLI,17,34,10,620.00,"6,200.00"
2020-10-07,2020100704001427,RLI,17,38,10,620.00,"6,200.00"
2020-10-07,2020100704001426,RLI,17,41,10,620.00,"6,200.00"
2020-10-07,2020100704001425,RLI,26,8,10,619.00,"6,190.00"
2020-10-07,2020100704001424,RLI,26,38,10,619.00,"6,190.00"
2020-10-07,2020100704001422,RLI,26,17,10,619.00,"6,190.00"
2020-10-07,2020100704001434,RLI,17,36,10,620.00,"6,200.00"
2020-10-07,2020100704001433,RLI,17,40,10,620.00,"6,200.00"
2020-10-07,2020100704001432,RLI,17,40,10,620.00,"6,200.00"
2020-10-07,2020100704001431,RLI,17,34,10,620.00,"6,200.00"
2020-10-07,2020100704001430,RLI,17,40,10,620.00,"6,200.00"
2020-10-07,2020100704001429,RLI,17,13,10,620.00,"6,200.00"
2020-10-07,2020100704001444,RLI,26,42,10,618.00,"6,180.00"
2020-10-07,2020100704001443,RLI,26,42,10,618.00,"6,180.00"
2020-10-07,2020100704001442,RLI,26,22,10,618.00,"6,180.00"
2020-10-07,2020100704001441,RLI,26,42,10,618.00,"6,180.00"
2020-10-07,2020100704001436,RLI,26,42,10,619.00,"6,190.00"
2020-10-07,2020100704001435,RLI,17,8,10,620.00,"6,200.00"
2020-10-07,2020100704001141,SAEF,33,17,"5,000",10.36,"51,800.00"
2020-10-07,2020100704001140,SAEF,56,17,"3,500",10.37,"36,295.00"
2020-10-07,2020100704001033,SAEF,33,51,"7,300",10.45,"76,285.00"
2020-10-07,2020100704000951,SAEF,33,41,"24,000",10.40,"249,600.00"
2020-10-07,2020100704000980,SAND2085,13,21,25,"1,030.00","25,750.00"
2020-10-07,2020100704001423,SEF,43,17,"2,000",9.30,"18,600.00"
2020-10-07,2020100704001172,SEF,43,41,"36,100",9.30,"335,730.00"
2020-10-07,2020100704001171,SEF,43,41,"13,900",9.30,"129,270.00"
2020-10-07,2020100704001166,SEF,43,45,100,9.30,930.00
2020-10-07,2020100704001165,SEF,43,7,"1,000",9.30,"9,300.00"
2020-10-07,2020100704001121,SEF,6,1,200,9.15,"1,830.00"
2020-10-07,2020100704001071,SEF,6,1,200,9.15,"1,830.00"
2020-10-07,2020100704001039,SEF,6,1,200,9.15,"1,830.00"
2020-10-07,2020100704000957,SEF,6,7,"4,500",9.15,"41,175.00"
2020-10-07,2020100704000953,SEF,39,7,500,9.22,"4,610.00"
2020-10-07,2020100704001233,SFMF,43,56,100,9.69,969.00
2020-10-07,2020100704001232,SFMF,43,52,"1,000",9.69,"9,690.00"
2020-10-07,2020100704000893,GIMES1,58,41,"4,547",9.45,"42,969.15"
2020-10-07,2020100704000892,GIMES1,45,41,200,9.45,"1,890.00"
2020-10-07,2020100704000791,GIMES1,55,35,148,9.38,"1,388.24"
2020-10-07,2020100704000788,GIMES1,7,13,"1,000",9.44,"9,440.00"
2020-10-07,2020100704000683,GIMES1,57,21,"1,000",9.43,"9,430.00"
2020-10-07,2020100704000682,GIMES1,57,58,"5,000",9.43,"47,150.00"
2020-10-07,2020100704000681,GIMES1,57,42,900,9.42,"8,478.00"
2020-10-07,2020100704000680,GIMES1,57,58,"1,901",9.42,"17,907.42"
2020-10-07,2020100704000484,GIMES1,47,21,500,9.39,"4,695.00"
2020-10-07,2020100704000702,LEMF,6,42,"3,000",8.82,"26,460.00"
2020-10-07,2020100704000701,LEMF,5,42,"1,500",8.82,"13,230.00"
2020-10-07,2020100704000571,LEMF,5,47,500,8.82,"4,410.00"
2020-10-07,2020100704000828,LUK,49,46,100,8.82,882.00
2020-10-07,2020100704000781,LUK,49,53,"3,000",8.82,"26,460.00"
2020-10-07,2020100704000773,LUK,49,54,200,8.82,"1,764.00"
2020-10-07,2020100704000809,NBF2,6,39,"1,900",8.89,"16,891.00"
2020-10-07,2020100704000808,NBF2,7,39,100,8.90,890.00
2020-10-07,2020100704000754,NBF2,14,49,100,8.88,888.00
2020-10-07,2020100704000734,NBF2,6,45,"5,000",8.87,"44,350.00"
2020-10-07,2020100704000619,NBF2,6,14,500,8.85,"4,425.00"
2020-10-07,2020100704000481,NBF2,48,10,900,9.02,"8,118.00"
2020-10-07,2020100704000457,NBF2,48,58,100,9.02,902.00
2020-10-07,2020100704000896,NEF,55,41,"7,725",9.00,"69,525.00"
2020-10-07,2020100704000858,NEF,16,10,472,9.01,"4,252.72"
2020-10-07,2020100704000857,NEF,16,57,"4,528",9.01,"40,797.28"
2020-10-07,2020100704000847,NEF,45,57,"1,000",9.01,"9,010.00"
2020-10-07,2020100704000842,NEF,55,42,966,9.00,"8,694.00"
2020-10-07,2020100704000811,NEF,8,57,104,9.01,937.04
2020-10-07,2020100704000718,NEF,8,19,241,9.00,"2,169.00"
2020-10-07,2020100704000709,NEF,38,43,"4,000",8.99,"35,960.00"
2020-10-07,2020100704000708,NEF,38,29,483,8.99,"4,342.17"
2020-10-07,2020100704000703,NEF,8,42,"2,414",8.85,"21,363.90"
2020-10-07,2020100704000465,NEF,13,1,"1,894",8.82,"16,705.08"
2020-10-07,2020100704000464,NEF,34,1,"1,486",8.83,"13,121.38"
2020-10-07,2020100704000793,NEF,55,35,173,9.00,"1,557.00"
2020-10-07,2020100704000771,NEF,8,49,"3,500",9.02,"31,570.00"
2020-10-07,2020100704000761,NEF,55,35,100,9.00,900.00
2020-10-07,2020100704000756,NEF,16,49,"2,747",9.02,"24,777.94"
2020-10-07,2020100704000755,NEF,16,43,"2,253",9.02,"20,322.06"
2020-10-07,2020100704000719,NEF,8,8,241,9.00,"2,169.00"
2020-10-07,2020100704000949,NIBLPF,48,7,183,8.92,"1,632.36"
2020-10-07,2020100704000939,NIBLPF,56,7,"2,342",8.93,"20,914.06"
2020-10-07,2020100704000621,NIBLPF,56,37,505,8.91,"4,499.55"
2020-10-07,2020100704000573,NIBLPF,56,28,"2,153",8.90,"19,161.70"
2020-10-07,2020100704000570,NIBLPF,48,47,202,8.85,"1,787.70"
2020-10-07,2020100704000950,NIBPO,43,49,"1,000",360.00,"360,000.00"
2020-10-07,2020100704000907,NIBPO,38,16,10,359.00,"3,590.00"
2020-10-07,2020100704000856,NIBPO,38,57,200,359.00,"71,800.00"
2020-10-07,2020100704000731,NIBPO,38,34,200,359.00,"71,800.00"
2020-10-07,2020100704000572,NIBPO,46,1,131,358.00,"46,898.00"
2020-10-07,2020100704000844,NIBSF1,45,28,"4,000",9.80,"39,200.00"
2020-10-07,2020100704000692,NIBSF1,6,7,"2,500",9.66,"24,150.00"
2020-10-07,2020100704000871,NICBF,17,22,200,8.85,"1,770.00"
2020-10-07,2020100704000862,NICBF,26,22,800,8.88,"7,104.00"
2020-10-07,2020100704000853,NICBF,25,22,"1,000",8.89,"8,890.00"
2020-10-07,2020100704000825,NICGF,42,7,100,9.40,940.00
2020-10-07,2020100704000824,NICGF,42,43,"1,000",9.40,"9,400.00"
2020-10-07,2020100704000526,NICGF,35,49,400,9.52,"3,808.00"
2020-10-07,2020100704000732,NLICP,28,8,"4,186",790.00,"3,306,940.00"
2020-10-07,2020100704000530,NMB50,55,38,"1,000",9.30,"9,300.00"
2020-10-07,2020100704000796,NMBHF1,25,35,145,9.31,"1,349.95"
2020-10-07,2020100704000764,NMBHF1,25,35,161,9.31,"1,498.91"
2020-10-07,2020100704000743,NMBHF1,25,19,167,9.31,"1,554.77"
2020-10-07,2020100704000696,NMBHF1,25,35,100,9.31,931.00
2020-10-07,2020100704000913,RBCLPO,59,38,10,"10,201.00","102,010.00"
2020-10-07,2020100704000912,RBCLPO,4,38,10,"10,210.00","102,100.00"
2020-10-07,2020100704000948,RLI,11,42,10,616.00,"6,160.00"
2020-10-07,2020100704000947,RLI,11,44,10,616.00,"6,160.00"
2020-10-07,2020100704000946,RLI,11,38,10,616.00,"6,160.00"
2020-10-07,2020100704000945,RLI,47,42,30,617.00,"18,510.00"
2020-10-07,2020100704000944,RLI,52,42,40,617.00,"24,680.00"
2020-10-07,2020100704000943,RLI,42,42,10,617.00,"6,170.00"
2020-10-07,2020100704000452,RLI,35,52,10,618.00,"6,180.00"
2020-10-07,2020100704000451,RLI,35,17,10,618.00,"6,180.00"
2020-10-07,2020100704000459,RLI,47,16,10,617.00,"6,170.00"
2020-10-07,2020100704000458,RLI,47,38,10,617.00,"6,170.00"
2020-10-07,2020100704000456,RLI,47,8,10,617.00,"6,170.00"
2020-10-07,2020100704000455,RLI,47,28,10,617.00,"6,170.00"
2020-10-07,2020100704000454,RLI,47,38,10,617.00,"6,170.00"
2020-10-07,2020100704000453,RLI,6,49,10,616.00,"6,160.00"
2020-10-07,2020100704000467,RLI,47,3,10,617.00,"6,170.00"
2020-10-07,2020100704000466,RLI,47,38,10,617.00,"6,170.00"
2020-10-07,2020100704000463,RLI,52,52,10,618.00,"6,180.00"
2020-10-07,2020100704000462,RLI,52,52,10,618.00,"6,180.00"
2020-10-07,2020100704000461,RLI,52,52,10,618.00,"6,180.00"
2020-10-07,2020100704000460,RLI,52,52,10,618.00,"6,180.00"
2020-10-07,2020100704000473,RLI,7,20,10,617.00,"6,170.00"
2020-10-07,2020100704000472,RLI,7,44,10,617.00,"6,170.00"
2020-10-07,2020100704000471,RLI,7,42,10,617.00,"6,170.00"
2020-10-07,2020100704000470,RLI,47,3,10,617.00,"6,170.00"
2020-10-07,2020100704000469,RLI,47,44,10,617.00,"6,170.00"
2020-10-07,2020100704000468,RLI,47,3,10,617.00,"6,170.00"
2020-10-07,2020100704000479,RLI,7,16,10,617.00,"6,170.00"
2020-10-07,2020100704000478,RLI,7,42,10,617.00,"6,170.00"
2020-10-07,2020100704000477,RLI,7,39,10,617.00,"6,170.00"
2020-10-07,2020100704000476,RLI,7,3,10,617.00,"6,170.00"
2020-10-07,2020100704000475,RLI,7,38,10,617.00,"6,170.00"
2020-10-07,2020100704000474,RLI,7,36,10,617.00,"6,170.00"
2020-10-07,2020100704000487,RLI,7,39,10,617.00,"6,170.00"
2020-10-07,2020100704000486,RLI,7,54,10,617.00,"6,170.00"
2020-10-07,2020100704000485,RLI,7,57,10,617.00,"6,170.00"
2020-10-07,2020100704000483,RLI,7,57,10,617.00,"6,170.00"
2020-10-07,2020100704000482,RLI,7,39,10,617.00,"6,170.00"
2020-10-07,2020100704000480,RLI,7,38,10,617.00,"6,170.00"
2020-10-07,2020100704000493,RLI,52,49,10,618.00,"6,180.00"
2020-10-07,2020100704000492,RLI,52,57,10,618.00,"6,180.00"
2020-10-07,2020100704000491,RLI,7,44,10,617.00,"6,170.00"
2020-10-07,2020100704000490,RLI,7,11,10,617.00,"6,170.00"
2020-10-07,2020100704000489,RLI,7,38,10,617.00,"6,170.00"
2020-10-07,2020100704000488,RLI,7,51,10,617.00,"6,170.00"
2020-10-07,2020100704000499,RLI,7,56,10,617.00,"6,170.00"
2020-10-07,2020100704000498,RLI,7,11,10,617.00,"6,170.00"
2020-10-07,2020100704000497,RLI,7,44,10,617.00,"6,170.00"
2020-10-07,2020100704000496,RLI,52,35,10,618.00,"6,180.00"
2020-10-07,2020100704000495,RLI,52,13,10,618.00,"6,180.00"
2020-10-07,2020100704000494,RLI,52,13,10,618.00,"6,180.00"
2020-10-07,2020100704000505,RLI,3,44,10,618.00,"6,180.00"
2020-10-07,2020100704000504,RLI,3,20,10,618.00,"6,180.00"
2020-10-07,2020100704000503,RLI,3,42,10,618.00,"6,180.00"
2020-10-07,2020100704000502,RLI,3,42,10,618.00,"6,180.00"
2020-10-07,2020100704000501,RLI,3,13,10,618.00,"6,180.00"
2020-10-07,2020100704000500,RLI,7,44,10,617.00,"6,170.00"
2020-10-07,2020100704000511,RLI,16,21,10,617.00,"6,170.00"
2020-10-07,2020100704000510,RLI,35,21,30,617.00,"18,510.00"
2020-10-07,2020100704000509,RLI,7,21,270,617.00,"166,590.00"
2020-10-07,2020100704000508,RLI,3,21,30,618.00,"18,540.00"
2020-10-07,2020100704000507,RLI,3,3,10,618.00,"6,180.00"
2020-10-07,2020100704000506,RLI,3,56,10,618.00,"6,180.00"
2020-10-07,2020100704000517,RLI,6,44,10,616.00,"6,160.00"
2020-10-07,2020100704000516,RLI,6,13,10,616.00,"6,160.00"
2020-10-07,2020100704000515,RLI,6,56,10,616.00,"6,160.00"
2020-10-07,2020100704000514,RLI,6,56,10,616.00,"6,160.00"
2020-10-07,2020100704000513,RLI,6,44,10,616.00,"6,160.00"
2020-10-07,2020100704000512,RLI,6,44,10,616.00,"6,160.00"
2020-10-07,2020100704000524,RLI,6,41,10,616.00,"6,160.00"
2020-10-07,2020100704000523,RLI,6,56,10,616.00,"6,160.00"
2020-10-07,2020100704000522,RLI,52,21,10,617.00,"6,170.00"
2020-10-07,2020100704000521,RLI,6,26,10,616.00,"6,160.00"
2020-10-07,2020100704000520,RLI,6,56,10,616.00,"6,160.00"
2020-10-07,2020100704000519,RLI,6,44,10,616.00,"6,160.00"
2020-10-07,2020100704000532,RLI,6,44,10,616.00,"6,160.00"
2020-10-07,2020100704000531,RLI,6,44,10,616.00,"6,160.00"
2020-10-07,2020100704000529,RLI,6,3,10,616.00,"6,160.00"
2020-10-07,2020100704000528,RLI,6,56,10,616.00,"6,160.00"
2020-10-07,2020100704000527,RLI,6,44,10,616.00,"6,160.00"
2020-10-07,2020100704000525,RLI,6,3,10,616.00,"6,160.00"
2020-10-07,2020100704000538,RLI,6,44,10,616.00,"6,160.00"
2020-10-07,2020100704000537,RLI,6,44,10,616.00,"6,160.00"
2020-10-07,2020100704000536,RLI,14,21,190,617.00,"117,230.00"
2020-10-07,2020100704000535,RLI,6,44,10,616.00,"6,160.00"
2020-10-07,2020100704000534,RLI,6,3,10,616.00,"6,160.00"
2020-10-07,2020100704000533,RLI,6,38,10,616.00,"6,160.00"
2020-10-07,2020100704000544,RLI,6,42,10,616.00,"6,160.00"
2020-10-07,2020100704000543,RLI,6,59,10,616.00,"6,160.00"
2020-10-07,2020100704000542,RLI,22,35,10,617.00,"6,170.00"
2020-10-07,2020100704000541,RLI,22,57,10,617.00,"6,170.00"
2020-10-07,2020100704000540,RLI,22,51,10,617.00,"6,170.00"
2020-10-07,2020100704000539,RLI,22,21,470,617.00,"289,990.00"
2020-10-07,2020100704000550,RLI,14,47,10,617.00,"6,170.00"
2020-10-07,2020100704000549,RLI,14,34,10,617.00,"6,170.00"
2020-10-07,2020100704000548,RLI,6,3,10,616.00,"6,160.00"
2020-10-07,2020100704000547,RLI,6,42,10,616.00,"6,160.00"
2020-10-07,2020100704000546,RLI,6,38,10,616.00,"6,160.00"
2020-10-07,2020100704000545,RLI,6,42,10,616.00,"6,160.00"
2020-10-07,2020100704000556,RLI,3,52,10,618.00,"6,180.00"
2020-10-07,2020100704000555,RLI,3,32,10,618.00,"6,180.00"
2020-10-07,2020100704000554,RLI,3,32,10,618.00,"6,180.00"
2020-10-07,2020100704000553,RLI,14,17,10,617.00,"6,170.00"
2020-10-07,2020100704000552,RLI,14,32,10,617.00,"6,170.00"
2020-10-07,2020100704000551,RLI,14,56,10,617.00,"6,170.00"
2020-10-07,2020100704000562,RLI,3,29,10,619.00,"6,190.00"
2020-10-07,2020100704000561,RLI,3,39,10,619.00,"6,190.00"
2020-10-07,2020100704000560,RLI,3,50,10,619.00,"6,190.00"
2020-10-07,2020100704000559,RLI,3,25,10,619.00,"6,190.00"
2020-10-07,2020100704000558,RLI,3,53,10,619.00,"6,190.00"
2020-10-07,2020100704000557,RLI,3,58,10,618.00,"6,180.00"
2020-10-07,2020100704000569,RLI,42,40,10,617.00,"6,170.00"
2020-10-07,2020100704000568,RLI,29,53,10,617.00,"6,170.00"
2020-10-07,2020100704000566,RLI,29,45,10,617.00,"6,170.00"
2020-10-07,2020100704000565,RLI,29,56,10,617.00,"6,170.00"
2020-10-07,2020100704000564,RLI,29,4,10,617.00,"6,170.00"
2020-10-07,2020100704000563,RLI,3,17,10,620.00,"6,200.00"
2020-10-07,2020100704000579,RLI,6,1,10,616.00,"6,160.00"
2020-10-07,2020100704000578,RLI,42,46,10,617.00,"6,170.00"
2020-10-07,2020100704000577,RLI,42,43,10,617.00,"6,170.00"
2020-10-07,2020100704000576,RLI,42,35,10,617.00,"6,170.00"
2020-10-07,2020100704000575,RLI,42,34,10,617.00,"6,170.00"
2020-10-07,2020100704000574,RLI,42,29,10,617.00,"6,170.00"
2020-10-07,2020100704000585,RLI,40,10,10,617.00,"6,170.00"
2020-10-07,2020100704000584,RLI,40,46,10,617.00,"6,170.00"
2020-10-07,2020100704000583,RLI,57,42,10,617.00,"6,170.00"
2020-10-07,2020100704000582,RLI,57,26,10,617.00,"6,170.00"
2020-10-07,2020100704000581,RLI,6,29,10,616.00,"6,160.00"
2020-10-07,2020100704000580,RLI,6,40,10,616.00,"6,160.00"
2020-10-07,2020100704000594,RLI,6,17,10,616.00,"6,160.00"
2020-10-07,2020100704000593,RLI,6,34,10,616.00,"6,160.00"
2020-10-07,2020100704000592,RLI,6,52,10,616.00,"6,160.00"
2020-10-07,2020100704000591,RLI,6,52,10,616.00,"6,160.00"
2020-10-07,2020100704000587,RLI,42,40,10,617.00,"6,170.00"
2020-10-07,2020100704000586,RLI,34,26,10,617.00,"6,170.00"
2020-10-07,2020100704000600,RLI,42,29,10,617.00,"6,170.00"
2020-10-07,2020100704000599,RLI,42,29,10,617.00,"6,170.00"
2020-10-07,2020100704000598,RLI,42,53,10,617.00,"6,170.00"
2020-10-07,2020100704000597,RLI,42,46,10,617.00,"6,170.00"
2020-10-07,2020100704000596,RLI,42,45,10,617.00,"6,170.00"
2020-10-07,2020100704000595,RLI,6,17,10,616.00,"6,160.00"
2020-10-07,2020100704000606,RLI,29,29,10,617.00,"6,170.00"
2020-10-07,2020100704000605,RLI,29,49,10,617.00,"6,170.00"
2020-10-07,2020100704000604,RLI,29,37,10,617.00,"6,170.00"
2020-10-07,2020100704000603,RLI,29,29,10,617.00,"6,170.00"
2020-10-07,2020100704000602,RLI,29,22,10,617.00,"6,170.00"
2020-10-07,2020100704000601,RLI,29,44,10,617.00,"6,170.00"
2020-10-07,2020100704000612,RLI,6,22,10,616.00,"6,160.00"
2020-10-07,2020100704000611,RLI,49,29,10,617.00,"6,170.00"
2020-10-07,2020100704000610,RLI,57,44,10,617.00,"6,170.00"
2020-10-07,2020100704000609,RLI,57,34,10,617.00,"6,170.00"
2020-10-07,2020100704000608,RLI,29,1,10,617.00,"6,170.00"
2020-10-07,2020100704000607,RLI,29,34,10,617.00,"6,170.00"
2020-10-07,2020100704000620,RLI,1,40,10,616.00,"6,160.00"
2020-10-07,2020100704000617,RLI,1,21,10,616.00,"6,160.00"
2020-10-07,2020100704000616,RLI,1,55,10,616.00,"6,160.00"
2020-10-07,2020100704000615,RLI,1,45,10,616.00,"6,160.00"
2020-10-07,2020100704000614,RLI,1,55,10,616.00,"6,160.00"
2020-10-07,2020100704000613,RLI,1,40,10,616.00,"6,160.00"
2020-10-07,2020100704000627,RLI,1,50,10,616.00,"6,160.00"
2020-10-07,2020100704000626,RLI,1,33,10,616.00,"6,160.00"
2020-10-07,2020100704000625,RLI,1,40,10,616.00,"6,160.00"
2020-10-07,2020100704000624,RLI,1,14,10,616.00,"6,160.00"
2020-10-07,2020100704000623,RLI,1,22,10,616.00,"6,160.00"
2020-10-07,2020100704000622,RLI,1,38,10,616.00,"6,160.00"
2020-10-07,2020100704000633,RLI,4,4,10,618.00,"6,180.00"
2020-10-07,2020100704000632,RLI,35,52,10,617.00,"6,170.00"
2020-10-07,2020100704000631,RLI,35,45,10,617.00,"6,170.00"
2020-10-07,2020100704000630,RLI,1,41,10,616.00,"6,160.00"
2020-10-07,2020100704000629,RLI,1,36,10,616.00,"6,160.00"
2020-10-07,2020100704000628,RLI,1,5,10,616.00,"6,160.00"
2020-10-07,2020100704000639,RLI,47,11,10,617.00,"6,170.00"
2020-10-07,2020100704000638,RLI,1,40,10,616.00,"6,160.00"
2020-10-07,2020100704000637,RLI,37,34,10,617.00,"6,170.00"
2020-10-07,2020100704000636,RLI,37,6,10,617.00,"6,170.00"
2020-10-07,2020100704000635,RLI,37,53,10,617.00,"6,170.00"
2020-10-07,2020100704000634,RLI,37,40,10,617.00,"6,170.00"
2020-10-07,2020100704000646,RLI,5,41,10,616.00,"6,160.00"
2020-10-07,2020100704000645,RLI,5,40,10,616.00,"6,160.00"
2020-10-07,2020100704000644,RLI,1,58,10,616.00,"6,160.00"
2020-10-07,2020100704000643,RLI,1,50,10,616.00,"6,160.00"
2020-10-07,2020100704000642,RLI,1,41,10,616.00,"6,160.00"
2020-10-07,2020100704000640,RLI,1,41,10,616.00,"6,160.00"
2020-10-07,2020100704000652,RLI,5,42,10,616.00,"6,160.00"
2020-10-07,2020100704000651,RLI,5,54,10,616.00,"6,160.00"
2020-10-07,2020100704000650,RLI,5,58,10,616.00,"6,160.00"
2020-10-07,2020100704000649,RLI,5,54,10,616.00,"6,160.00"
2020-10-07,2020100704000648,RLI,5,1,10,616.00,"6,160.00"
2020-10-07,2020100704000647,RLI,5,33,10,616.00,"6,160.00"
2020-10-07,2020100704000663,RLI,11,54,10,616.00,"6,160.00"
2020-10-07,2020100704000662,RLI,11,58,10,616.00,"6,160.00"
2020-10-07,2020100704000656,RLI,11,54,10,616.00,"6,160.00"
2020-10-07,2020100704000655,RLI,11,34,10,616.00,"6,160.00"
2020-10-07,2020100704000654,RLI,5,54,10,616.00,"6,160.00"
2020-10-07,2020100704000653,RLI,5,39,10,616.00,"6,160.00"
2020-10-07,2020100704000669,RLI,11,41,10,616.00,"6,160.00"
2020-10-07,2020100704000668,RLI,11,54,10,616.00,"6,160.00"
2020-10-07,2020100704000667,RLI,11,45,10,616.00,"6,160.00"
2020-10-07,2020100704000666,RLI,11,39,10,616.00,"6,160.00"
2020-10-07,2020100704000665,RLI,11,54,10,616.00,"6,160.00"
2020-10-07,2020100704000664,RLI,11,42,10,616.00,"6,160.00"
2020-10-07,2020100704000675,RLI,5,39,10,617.00,"6,170.00"
2020-10-07,2020100704000674,RLI,5,39,10,617.00,"6,170.00"
2020-10-07,2020100704000673,RLI,5,17,10,617.00,"6,170.00"
2020-10-07,2020100704000672,RLI,5,39,10,617.00,"6,170.00"
2020-10-07,2020100704000671,RLI,5,39,10,617.00,"6,170.00"
2020-10-07,2020100704000670,RLI,11,57,10,616.00,"6,160.00"
2020-10-07,2020100704000685,RLI,11,54,10,616.00,"6,160.00"
2020-10-07,2020100704000684,RLI,11,45,10,616.00,"6,160.00"
2020-10-07,2020100704000679,RLI,11,25,10,616.00,"6,160.00"
2020-10-07,2020100704000678,RLI,11,21,10,616.00,"6,160.00"
2020-10-07,2020100704000677,RLI,5,47,10,617.00,"6,170.00"
2020-10-07,2020100704000676,RLI,5,39,10,617.00,"6,170.00"
2020-10-07,2020100704000691,RLI,14,39,10,617.00,"6,170.00"
2020-10-07,2020100704000690,RLI,14,39,10,617.00,"6,170.00"
2020-10-07,2020100704000689,RLI,14,39,10,617.00,"6,170.00"
2020-10-07,2020100704000688,RLI,11,1,10,616.00,"6,160.00"
2020-10-07,2020100704000687,RLI,11,46,10,616.00,"6,160.00"
2020-10-07,2020100704000686,RLI,11,53,10,616.00,"6,160.00"
2020-10-07,2020100704000700,RLI,25,10,10,617.00,"6,170.00"
2020-10-07,2020100704000699,RLI,25,57,10,617.00,"6,170.00"
2020-10-07,2020100704000698,RLI,51,51,10,618.00,"6,180.00"
2020-10-07,2020100704000695,RLI,11,39,10,616.00,"6,160.00"
2020-10-07,2020100704000694,RLI,11,1,10,616.00,"6,160.00"
2020-10-07,2020100704000693,RLI,14,1,10,617.00,"6,170.00"
2020-10-07,2020100704000711,RLI,11,28,10,616.00,"6,160.00"
2020-10-07,2020100704000710,RLI,11,47,10,616.00,"6,160.00"
2020-10-07,2020100704000707,RLI,25,26,10,617.00,"6,170.00"
2020-10-07,2020100704000706,RLI,25,33,10,617.00,"6,170.00"
2020-10-07,2020100704000705,RLI,25,39,10,617.00,"6,170.00"
2020-10-07,2020100704000704,RLI,25,10,10,617.00,"6,170.00"
2020-10-07,2020100704000717,RLI,11,39,10,616.00,"6,160.00"
2020-10-07,2020100704000716,RLI,11,41,10,616.00,"6,160.00"
2020-10-07,2020100704000715,RLI,11,28,10,616.00,"6,160.00"
2020-10-07,2020100704000714,RLI,11,3,10,616.00,"6,160.00"
2020-10-07,2020100704000713,RLI,11,39,10,616.00,"6,160.00"
2020-10-07,2020100704000712,RLI,11,39,10,616.00,"6,160.00"
2020-10-07,2020100704000725,RLI,57,57,10,617.00,"6,170.00"
2020-10-07,2020100704000724,RLI,11,29,10,616.00,"6,160.00"
2020-10-07,2020100704000723,RLI,11,39,10,616.00,"6,160.00"
2020-10-07,2020100704000722,RLI,57,45,10,617.00,"6,170.00"
2020-10-07,2020100704000721,RLI,57,57,10,617.00,"6,170.00"
2020-10-07,2020100704000720,RLI,11,48,20,616.00,"12,320.00"
2020-10-07,2020100704000733,RLI,11,57,10,616.00,"6,160.00"
2020-10-07,2020100704000730,RLI,11,58,10,616.00,"6,160.00"
2020-10-07,2020100704000729,RLI,11,21,10,616.00,"6,160.00"
2020-10-07,2020100704000728,RLI,11,39,10,616.00,"6,160.00"
2020-10-07,2020100704000727,RLI,11,40,10,616.00,"6,160.00"
2020-10-07,2020100704000726,RLI,57,52,10,617.00,"6,170.00"
2020-10-07,2020100704000740,RLI,29,40,10,617.00,"6,170.00"
2020-10-07,2020100704000739,RLI,11,49,10,616.00,"6,160.00"
2020-10-07,2020100704000738,RLI,11,28,10,616.00,"6,160.00"
2020-10-07,2020100704000737,RLI,11,40,10,616.00,"6,160.00"
2020-10-07,2020100704000736,RLI,11,21,10,616.00,"6,160.00"
2020-10-07,2020100704000735,RLI,32,32,10,617.00,"6,170.00"
2020-10-07,2020100704000747,RLI,29,5,10,617.00,"6,170.00"
2020-10-07,2020100704000746,RLI,29,17,10,617.00,"6,170.00"
2020-10-07,2020100704000745,RLI,29,28,10,617.00,"6,170.00"
2020-10-07,2020100704000744,RLI,29,49,10,617.00,"6,170.00"
2020-10-07,2020100704000742,RLI,29,58,10,617.00,"6,170.00"
2020-10-07,2020100704000741,RLI,29,40,10,617.00,"6,170.00"
2020-10-07,2020100704000757,RLI,11,17,10,616.00,"6,160.00"
2020-10-07,2020100704000753,RLI,11,38,10,616.00,"6,160.00"
2020-10-07,2020100704000752,RLI,11,26,10,616.00,"6,160.00"
2020-10-07,2020100704000751,RLI,29,28,10,617.00,"6,170.00"
2020-10-07,2020100704000750,RLI,29,41,10,617.00,"6,170.00"
2020-10-07,2020100704000748,RLI,29,37,10,617.00,"6,170.00"
2020-10-07,2020100704000766,RLI,29,41,10,617.00,"6,170.00"
2020-10-07,2020100704000765,RLI,29,39,10,617.00,"6,170.00"
2020-10-07,2020100704000763,RLI,29,28,10,617.00,"6,170.00"
2020-10-07,2020100704000762,RLI,29,42,10,617.00,"6,170.00"
2020-10-07,2020100704000760,RLI,11,21,10,616.00,"6,160.00"
2020-10-07,2020100704000759,RLI,11,28,10,616.00,"6,160.00"
2020-10-07,2020100704000774,RLI,29,49,10,617.00,"6,170.00"
2020-10-07,2020100704000772,RLI,29,49,10,617.00,"6,170.00"
2020-10-07,2020100704000770,RLI,29,36,10,617.00,"6,170.00"
2020-10-07,2020100704000769,RLI,29,54,10,617.00,"6,170.00"
2020-10-07,2020100704000768,RLI,29,58,10,617.00,"6,170.00"
2020-10-07,2020100704000767,RLI,29,21,10,617.00,"6,170.00"
2020-10-07,2020100704000780,RLI,29,47,10,617.00,"6,170.00"
2020-10-07,2020100704000779,RLI,29,22,10,617.00,"6,170.00"
2020-10-07,2020100704000778,RLI,29,38,10,617.00,"6,170.00"
2020-10-07,2020100704000777,RLI,29,49,10,617.00,"6,170.00"
2020-10-07,2020100704000776,RLI,29,58,10,617.00,"6,170.00"
2020-10-07,2020100704000775,RLI,29,21,10,617.00,"6,170.00"
2020-10-07,2020100704000787,RLI,29,57,10,617.00,"6,170.00"
2020-10-07,2020100704000786,RLI,29,11,10,617.00,"6,170.00"
2020-10-07,2020100704000785,RLI,29,21,10,617.00,"6,170.00"
2020-10-07,2020100704000784,RLI,29,22,10,617.00,"6,170.00"
2020-10-07,2020100704000783,RLI,29,49,10,617.00,"6,170.00"
2020-10-07,2020100704000782,RLI,29,49,10,617.00,"6,170.00"
2020-10-07,2020100704000797,RLI,29,10,10,617.00,"6,170.00"
2020-10-07,2020100704000795,RLI,29,11,10,617.00,"6,170.00"
2020-10-07,2020100704000794,RLI,29,47,10,617.00,"6,170.00"
2020-10-07,2020100704000792,RLI,29,7,10,617.00,"6,170.00"
2020-10-07,2020100704000790,RLI,29,6,10,617.00,"6,170.00"
2020-10-07,2020100704000789,RLI,29,22,10,617.00,"6,170.00"
2020-10-07,2020100704000803,RLI,57,51,10,618.00,"6,180.00"
2020-10-07,2020100704000802,RLI,57,51,10,618.00,"6,180.00"
2020-10-07,2020100704000801,RLI,45,17,10,617.00,"6,170.00"
2020-10-07,2020100704000800,RLI,45,47,10,617.00,"6,170.00"
2020-10-07,2020100704000799,RLI,29,49,10,617.00,"6,170.00"
2020-10-07,2020100704000798,RLI,29,21,10,617.00,"6,170.00"
2020-10-07,2020100704000812,RLI,41,33,10,617.00,"6,170.00"
2020-10-07,2020100704000810,RLI,45,33,10,617.00,"6,170.00"
2020-10-07,2020100704000807,RLI,45,47,10,617.00,"6,170.00"
2020-10-07,2020100704000806,RLI,57,51,10,618.00,"6,180.00"
2020-10-07,2020100704000805,RLI,57,51,10,618.00,"6,180.00"
2020-10-07,2020100704000804,RLI,57,21,10,618.00,"6,180.00"
2020-10-07,2020100704000819,RLI,55,52,10,617.00,"6,170.00"
2020-10-07,2020100704000818,RLI,45,33,10,617.00,"6,170.00"
2020-10-07,2020100704000817,RLI,45,58,10,617.00,"6,170.00"
2020-10-07,2020100704000816,RLI,34,34,10,617.00,"6,170.00"
2020-10-07,2020100704000814,RLI,34,33,10,617.00,"6,170.00"
2020-10-07,2020100704000813,RLI,34,59,10,617.00,"6,170.00"
2020-10-07,2020100704000827,RLI,55,16,10,617.00,"6,170.00"
2020-10-07,2020100704000826,RLI,55,58,10,617.00,"6,170.00"
2020-10-07,2020100704000823,RLI,55,55,10,617.00,"6,170.00"
2020-10-07,2020100704000822,RLI,55,52,10,617.00,"6,170.00"
2020-10-07,2020100704000821,RLI,55,40,10,617.00,"6,170.00"
2020-10-07,2020100704000820,RLI,55,59,10,617.00,"6,170.00"
2020-10-07,2020100704000834,RLI,22,35,10,617.00,"6,170.00"
2020-10-07,2020100704000833,RLI,22,36,10,617.00,"6,170.00"
2020-10-07,2020100704000832,RLI,22,35,10,617.00,"6,170.00"
2020-10-07,2020100704000831,RLI,55,48,10,617.00,"6,170.00"
2020-10-07,2020100704000830,RLI,55,35,10,617.00,"6,170.00"
2020-10-07,2020100704000829,RLI,55,35,10,617.00,"6,170.00"
2020-10-07,2020100704000840,RLI,11,10,70,616.00,"43,120.00"
2020-10-07,2020100704000839,RLI,22,10,30,617.00,"18,510.00"
2020-10-07,2020100704000838,RLI,22,38,10,617.00,"6,170.00"
2020-10-07,2020100704000837,RLI,22,40,10,617.00,"6,170.00"
2020-10-07,2020100704000836,RLI,22,49,10,617.00,"6,170.00"
2020-10-07,2020100704000835,RLI,22,47,10,617.00,"6,170.00"
2020-10-07,2020100704000849,RLI,34,58,10,617.00,"6,170.00"
2020-10-07,2020100704000848,RLI,34,25,10,617.00,"6,170.00"
2020-10-07,2020100704000846,RLI,34,33,10,617.00,"6,170.00"
2020-10-07,2020100704000845,RLI,34,42,10,617.00,"6,170.00"
2020-10-07,2020100704000843,RLI,34,48,10,617.00,"6,170.00"
2020-10-07,2020100704000841,RLI,11,38,10,616.00,"6,160.00"
2020-10-07,2020100704000860,RLI,44,42,10,617.00,"6,170.00"
2020-10-07,2020100704000859,RLI,34,58,10,617.00,"6,170.00"
2020-10-07,2020100704000855,RLI,34,40,10,617.00,"6,170.00"
2020-10-07,2020100704000854,RLI,34,48,10,617.00,"6,170.00"
2020-10-07,2020100704000852,RLI,34,18,10,617.00,"6,170.00"
2020-10-07,2020100704000851,RLI,34,18,10,617.00,"6,170.00"
2020-10-07,2020100704000867,RLI,38,52,10,618.00,"6,180.00"
2020-10-07,2020100704000866,RLI,38,51,10,618.00,"6,180.00"
2020-10-07,2020100704000865,RLI,22,18,10,617.00,"6,170.00"
2020-10-07,2020100704000864,RLI,22,1,10,617.00,"6,170.00"
2020-10-07,2020100704000863,RLI,22,38,10,617.00,"6,170.00"
2020-10-07,2020100704000861,RLI,44,56,10,617.00,"6,170.00"
2020-10-07,2020100704000874,RLI,41,42,10,618.00,"6,180.00"
2020-10-07,2020100704000873,RLI,41,53,10,618.00,"6,180.00"
2020-10-07,2020100704000872,RLI,41,36,10,618.00,"6,180.00"
2020-10-07,2020100704000870,RLI,22,43,10,617.00,"6,170.00"
2020-10-07,2020100704000869,RLI,38,36,10,618.00,"6,180.00"
2020-10-07,2020100704000868,RLI,38,52,10,618.00,"6,180.00"
2020-10-07,2020100704000880,RLI,44,34,10,618.00,"6,180.00"
2020-10-07,2020100704000879,RLI,22,43,10,617.00,"6,170.00"
2020-10-07,2020100704000878,RLI,41,42,10,618.00,"6,180.00"
2020-10-07,2020100704000877,RLI,41,41,10,618.00,"6,180.00"
2020-10-07,2020100704000876,RLI,41,42,10,618.00,"6,180.00"
2020-10-07,2020100704000875,RLI,41,42,10,618.00,"6,180.00"
2020-10-07,2020100704000886,RLI,22,38,10,617.00,"6,170.00"
2020-10-07,2020100704000885,RLI,22,38,10,617.00,"6,170.00"
2020-10-07,2020100704000884,RLI,22,16,10,617.00,"6,170.00"
2020-10-07,2020100704000883,RLI,44,58,10,619.00,"6,190.00"
2020-10-07,2020100704000882,RLI,22,38,10,617.00,"6,170.00"
2020-10-07,2020100704000881,RLI,22,34,10,617.00,"6,170.00"
2020-10-07,2020100704000894,RLI,42,38,10,617.00,"6,170.00"
2020-10-07,2020100704000891,RLI,42,40,10,617.00,"6,170.00"
2020-10-07,2020100704000890,RLI,42,38,10,617.00,"6,170.00"
2020-10-07,2020100704000889,RLI,42,39,10,617.00,"6,170.00"
2020-10-07,2020100704000888,RLI,58,38,10,617.00,"6,170.00"
2020-10-07,2020100704000887,RLI,42,38,10,617.00,"6,170.00"
2020-10-07,2020100704000901,RLI,39,16,10,617.00,"6,170.00"
2020-10-07,2020100704000900,RLI,39,39,10,617.00,"6,170.00"
2020-10-07,2020100704000899,RLI,39,29,10,617.00,"6,170.00"
2020-10-07,2020100704000898,RLI,16,42,10,618.00,"6,180.00"
2020-10-07,2020100704000897,RLI,16,54,10,618.00,"6,180.00"
2020-10-07,2020100704000895,RLI,6,11,10,617.00,"6,170.00"
2020-10-07,2020100704000908,RLI,39,42,10,617.00,"6,170.00"
2020-10-07,2020100704000906,RLI,39,42,10,617.00,"6,170.00"
2020-10-07,2020100704000905,RLI,39,14,10,617.00,"6,170.00"
2020-10-07,2020100704000904,RLI,39,32,10,617.00,"6,170.00"
2020-10-07,2020100704000903,RLI,39,42,10,617.00,"6,170.00"
2020-10-07,2020100704000902,RLI,39,14,10,617.00,"6,170.00"
2020-10-07,2020100704000916,RLI,39,28,20,617.00,"12,340.00"
2020-10-07,2020100704000915,RLI,39,32,10,617.00,"6,170.00"
2020-10-07,2020100704000914,RLI,39,19,10,617.00,"6,170.00"
2020-10-07,2020100704000911,RLI,39,42,10,617.00,"6,170.00"
2020-10-07,2020100704000910,RLI,39,26,10,617.00,"6,170.00"
2020-10-07,2020100704000909,RLI,39,32,10,617.00,"6,170.00"
2020-10-07,2020100704000922,RLI,39,29,10,617.00,"6,170.00"
2020-10-07,2020100704000921,RLI,39,38,10,617.00,"6,170.00"
2020-10-07,2020100704000920,RLI,39,39,10,617.00,"6,170.00"
2020-10-07,2020100704000919,RLI,39,29,10,617.00,"6,170.00"
2020-10-07,2020100704000918,RLI,39,13,10,617.00,"6,170.00"
2020-10-07,2020100704000917,RLI,39,29,10,617.00,"6,170.00"
2020-10-07,2020100704000928,RLI,39,48,10,617.00,"6,170.00"
2020-10-07,2020100704000927,RLI,39,38,10,617.00,"6,170.00"
2020-10-07,2020100704000926,RLI,39,32,10,617.00,"6,170.00"
2020-10-07,2020100704000925,RLI,39,32,10,617.00,"6,170.00"
2020-10-07,2020100704000924,RLI,39,38,10,617.00,"6,170.00"
2020-10-07,2020100704000923,RLI,39,39,10,617.00,"6,170.00"
2020-10-07,2020100704000935,RLI,41,16,10,617.00,"6,170.00"
2020-10-07,2020100704000934,RLI,41,39,10,617.00,"6,170.00"
2020-10-07,2020100704000933,RLI,41,39,10,617.00,"6,170.00"
2020-10-07,2020100704000932,RLI,41,34,10,617.00,"6,170.00"
2020-10-07,2020100704000931,RLI,41,8,10,617.00,"6,170.00"
2020-10-07,2020100704000930,RLI,39,39,10,617.00,"6,170.00"
2020-10-07,2020100704000942,RLI,33,42,50,617.00,"30,850.00"
2020-10-07,2020100704000941,RLI,22,42,60,617.00,"37,020.00"
2020-10-07,2020100704000940,RLI,22,4,10,617.00,"6,170.00"
2020-10-07,2020100704000938,RLI,22,16,10,617.00,"6,170.00"
2020-10-07,2020100704000937,RLI,22,51,10,617.00,"6,170.00"
2020-10-07,2020100704000936,RLI,22,44,10,617.00,"6,170.00"
2020-10-07,2020100704000929,SAEF,33,7,200,10.34,"2,068.00"
2020-10-07,2020100704000815,SAEF,33,54,500,10.34,"5,170.00"
2020-10-07,2020100704000749,SAEF,33,58,100,10.34,"1,034.00"
2020-10-07,2020100704000697,SAEF,38,52,100,10.55,"1,055.00"
2020-10-07,2020100704000661,SAEF,33,7,"1,000",10.45,"10,450.00"
2020-10-07,2020100704000660,SAEF,33,28,"1,000",10.45,"10,450.00"
2020-10-07,2020100704000659,SAEF,33,8,"2,000",10.45,"20,900.00"
2020-10-07,2020100704000658,SAEF,33,43,"2,000",10.44,"20,880.00"
2020-10-07,2020100704000657,SAEF,33,26,"2,000",10.43,"20,860.00"
2020-10-07,2020100704000618,SAEF,46,59,100,10.30,"1,030.00"
2020-10-07,2020100704000518,SAEF,56,47,"1,000",10.24,"10,240.00"
2020-10-07,2020100704000567,SBIBD86,53,42,25,"1,015.00","25,375.00"
2020-10-07,2020100704000850,SEF,45,37,"2,400",9.30,"22,320.00"
2020-10-07,2020100704000758,STC,58,16,150,"3,520.00","528,000.00"
2020-10-07,2020100704000641,STC,59,49,10,"3,519.00","35,190.00"
2020-10-07,2020100704000590,STC,26,19,40,"3,450.00","138,000.00"
2020-10-07,2020100704000589,STC,28,19,30,"3,480.00","104,400.00"
2020-10-07,2020100704000588,STC,49,19,10,"3,490.00","34,900.00"
2020-10-07,2020100703012441,ALICL,52,16,500,735.00,"367,500.00"
2020-10-07,2020100703012440,ALICL,52,10,50,735.00,"36,750.00"
2020-10-07,2020100703012439,ALICL,52,25,174,735.00,"127,890.00"
2020-10-07,2020100704000134,BBC,18,57,10,"1,695.00","16,950.00"
2020-10-07,2020100703012461,BFC,40,36,10,138.00,"1,380.00"
2020-10-07,2020100703012422,CBBL,49,47,10,"1,115.00","11,150.00"
2020-10-07,2020100703012419,CBBL,58,47,10,"1,115.00","11,150.00"
2020-10-07,2020100704000355,CMF1,21,57,210,9.87,"2,072.70"
2020-10-07,2020100704000065,CMF1,14,28,"9,500",9.70,"92,150.00"
2020-10-07,2020100704000040,CMF1,56,28,500,9.70,"4,850.00"
2020-10-07,2020100703012452,DDBL,42,17,20,850.00,"17,000.00"
2020-10-07,2020100703012445,DDBL,57,17,40,850.00,"34,000.00"
2020-10-07,2020100703012421,DDBL,16,17,85,850.00,"72,250.00"
2020-10-07,2020100703012430,GBBL,4,4,320,263.00,"84,160.00"
2020-10-07,2020100703012429,GBBL,4,57,587,262.00,"153,794.00"
2020-10-07,2020100703012428,GBBL,4,36,22,262.00,"5,764.00"
2020-10-07,2020100703012427,GBBL,4,6,71,262.00,"18,602.00"
2020-10-07,2020100704000331,GBD80/81,6,57,25,"1,025.00","25,625.00"
2020-10-07,2020100703012455,GBLBS,25,26,10,526.00,"5,260.00"
2020-10-07,2020100703012453,GBLBS,44,57,100,523.00,"52,300.00"
2020-10-07,2020100704000164,GIMES1,22,21,500,9.30,"4,650.00"
2020-10-07,2020100704000163,GIMES1,39,21,500,9.30,"4,650.00"
2020-10-07,2020100703012446,GMFBS,26,13,20,811.00,"16,220.00"
2020-10-07,2020100703012454,HIDCL,55,49,250,204.00,"51,000.00"
2020-10-07,2020100703012459,ILBS,19,33,10,822.00,"8,220.00"
2020-10-07,2020100703012444,JBBL,42,49,170,209.00,"35,530.00"
2020-10-07,2020100703012443,JBBL,42,19,30,209.00,"6,270.00"
2020-10-07,2020100703012420,KSBBL,34,34,622,229.00,"142,438.00"
2020-10-07,2020100703012432,LBBL,51,57,100,229.00,"22,900.00"
2020-10-07,2020100703012431,LBBL,51,35,200,229.00,"45,800.00"
2020-10-07,2020100704000408,LUK,49,56,200,9.00,"1,800.00"
2020-10-07,2020100704000407,LUK,49,59,200,9.00,"1,800.00"
2020-10-07,2020100704000406,LUK,49,58,100,8.99,899.00
2020-10-07,2020100704000405,LUK,49,42,200,8.89,"1,778.00"
2020-10-07,2020100704000404,LUK,49,58,200,8.89,"1,778.00"
2020-10-07,2020100704000403,LUK,49,45,"1,000",8.88,"8,880.00"
2020-10-07,2020100704000125,LUK,7,53,100,8.65,865.00
2020-10-07,2020100704000045,LUK,7,42,200,8.82,"1,764.00"
2020-10-07,2020100704000390,LUK,7,42,300,8.88,"2,664.00"
2020-10-07,2020100704000246,LUK,52,1,100,8.72,872.00
2020-10-07,2020100704000184,LUK,7,21,100,8.85,885.00
2020-10-07,2020100704000183,LUK,7,21,100,8.85,885.00
2020-10-07,2020100704000182,LUK,7,21,100,8.85,885.00
2020-10-07,2020100704000168,LUK,45,36,100,8.71,871.00
2020-10-07,2020100703012449,MFIL,56,33,161,307.00,"49,427.00"
2020-10-07,2020100703012448,MFIL,56,16,339,307.00,"104,073.00"
2020-10-07,2020100703012463,MPFL,22,18,10,140.00,"1,400.00"
2020-10-07,2020100704000047,NBF2,6,10,200,9.20,"1,840.00"
2020-10-07,2020100704000250,NEF,34,19,224,8.80,"1,971.20"
2020-10-07,2020100704000249,NEF,47,19,500,8.82,"4,410.00"
2020-10-07,2020100704000218,NIBLPF,19,38,100,8.73,873.00
2020-10-07,2020100704000349,NIBPO,6,16,90,360.00,"32,400.00"
2020-10-07,2020100704000109,NICAD8283,13,40,50,"1,065.00","53,250.00"
2020-10-07,2020100704000204,NICGF,5,25,500,9.34,"4,670.00"
2020-10-07,2020100704000130,NICGF,35,58,100,9.33,933.00
2020-10-07,2020100703012462,NLIC,17,53,50,"1,368.00","68,400.00"
2020-10-07,2020100703012456,NRIC,11,48,350,873.00,"305,550.00"
2020-10-07,2020100703012451,NRIC,35,48,500,873.00,"436,500.00"
2020-10-07,2020100703012425,NRN,50,41,10,371.00,"3,710.00"
2020-10-07,2020100703012438,PROFL,36,51,"1,536",137.00,"210,432.00"
2020-10-07,2020100703012437,PROFL,36,40,464,137.00,"63,568.00"
2020-10-07,2020100703012433,PROFL,52,51,60,137.00,"8,220.00"
2020-10-07,2020100703012426,RLFL,52,49,60,170.00,"10,200.00"
2020-10-07,2020100703012418,RLFL,19,49,20,170.00,"3,400.00"
2020-10-07,2020100704000450,RLI,35,52,10,618.00,"6,180.00"
2020-10-07,2020100704000449,RLI,35,14,10,618.00,"6,180.00"
2020-10-07,2020100704000448,RLI,35,52,10,618.00,"6,180.00"
2020-10-07,2020100704000447,RLI,35,17,10,618.00,"6,180.00"
2020-10-07,2020100704000446,RLI,35,52,10,618.00,"6,180.00"
2020-10-07,2020100704000445,RLI,35,52,10,618.00,"6,180.00"
2020-10-07,2020100704000002,RLI,22,41,10,620.00,"6,200.00"
2020-10-07,2020100704000001,RLI,28,6,10,620.00,"6,200.00"
2020-10-07,2020100704000008,RLI,46,58,10,618.00,"6,180.00"
2020-10-07,2020100704000007,RLI,22,42,10,630.00,"6,300.00"
2020-10-07,2020100704000006,RLI,22,22,10,625.00,"6,250.00"
2020-10-07,2020100704000005,RLI,22,14,10,625.00,"6,250.00"
2020-10-07,2020100704000004,RLI,22,1,10,625.00,"6,250.00"
2020-10-07,2020100704000003,RLI,22,58,10,623.00,"6,230.00"
2020-10-07,2020100704000014,RLI,6,20,10,616.00,"6,160.00"
2020-10-07,2020100704000013,RLI,6,38,10,616.00,"6,160.00"
2020-10-07,2020100704000012,RLI,6,4,10,618.00,"6,180.00"
2020-10-07,2020100704000011,RLI,6,21,10,618.00,"6,180.00"
2020-10-07,2020100704000010,RLI,6,57,10,618.00,"6,180.00"
2020-10-07,2020100704000009,RLI,46,38,10,618.00,"6,180.00"
2020-10-07,2020100704000020,RLI,6,20,10,616.00,"6,160.00"
2020-10-07,2020100704000019,RLI,6,10,10,616.00,"6,160.00"
2020-10-07,2020100704000018,RLI,6,20,10,616.00,"6,160.00"
2020-10-07,2020100704000017,RLI,6,20,10,616.00,"6,160.00"
2020-10-07,2020100704000016,RLI,35,4,10,618.00,"6,180.00"
2020-10-07,2020100704000015,RLI,35,44,10,617.00,"6,170.00"
2020-10-07,2020100704000026,RLI,22,16,10,627.00,"6,270.00"
2020-10-07,2020100704000025,RLI,22,22,10,625.00,"6,250.00"
2020-10-07,2020100704000024,RLI,22,3,10,625.00,"6,250.00"
2020-10-07,2020100704000023,RLI,22,21,10,620.00,"6,200.00"
2020-10-07,2020100704000022,RLI,22,21,10,620.00,"6,200.00"
2020-10-07,2020100704000021,RLI,22,58,10,620.00,"6,200.00"
2020-10-07,2020100704000032,RLI,22,25,"1,800",628.00,"1,130,400.00"
2020-10-07,2020100704000031,RLI,22,21,10,627.00,"6,270.00"
2020-10-07,2020100704000030,RLI,22,20,30,627.00,"18,810.00"
2020-10-07,2020100704000029,RLI,22,25,10,627.00,"6,270.00"
2020-10-07,2020100704000028,RLI,58,20,10,620.00,"6,200.00"
2020-10-07,2020100704000027,RLI,58,56,10,620.00,"6,200.00"
2020-10-07,2020100704000038,RLI,6,20,10,616.00,"6,160.00"
2020-10-07,2020100704000037,RLI,6,17,10,616.00,"6,160.00"
2020-10-07,2020100704000036,RLI,26,5,10,617.00,"6,170.00"
2020-10-07,2020100704000035,RLI,26,7,10,617.00,"6,170.00"
2020-10-07,2020100704000034,RLI,58,20,10,620.00,"6,200.00"
2020-10-07,2020100704000033,RLI,22,14,10,628.00,"6,280.00"
2020-10-07,2020100704000046,RLI,58,58,10,625.00,"6,250.00"
2020-10-07,2020100704000044,RLI,6,56,10,616.00,"6,160.00"
2020-10-07,2020100704000043,RLI,6,28,10,616.00,"6,160.00"
2020-10-07,2020100704000042,RLI,6,20,10,616.00,"6,160.00"
2020-10-07,2020100704000041,RLI,58,21,10,620.00,"6,200.00"
2020-10-07,2020100704000039,RLI,6,56,10,616.00,"6,160.00"
2020-10-07,2020100704000053,RLI,49,7,10,617.00,"6,170.00"
2020-10-07,2020100704000052,RLI,32,14,10,618.00,"6,180.00"
2020-10-07,2020100704000051,RLI,32,58,10,618.00,"6,180.00"
2020-10-07,2020100704000050,RLI,11,7,10,622.00,"6,220.00"
2020-10-07,2020100704000049,RLI,6,7,10,618.00,"6,180.00"
2020-10-07,2020100704000048,RLI,6,48,10,618.00,"6,180.00"
2020-10-07,2020100704000059,RLI,49,47,10,617.00,"6,170.00"
2020-10-07,2020100704000058,RLI,49,57,10,617.00,"6,170.00"
2020-10-07,2020100704000057,RLI,49,35,10,617.00,"6,170.00"
2020-10-07,2020100704000056,RLI,49,40,10,617.00,"6,170.00"
2020-10-07,2020100704000055,RLI,49,38,10,617.00,"6,170.00"
2020-10-07,2020100704000054,RLI,49,7,10,617.00,"6,170.00"
2020-10-07,2020100704000066,RLI,49,42,10,617.00,"6,170.00"
2020-10-07,2020100704000064,RLI,49,47,10,617.00,"6,170.00"
2020-10-07,2020100704000063,RLI,49,16,10,617.00,"6,170.00"
2020-10-07,2020100704000062,RLI,49,38,10,617.00,"6,170.00"
2020-10-07,2020100704000061,RLI,49,28,10,617.00,"6,170.00"
2020-10-07,2020100704000060,RLI,49,10,10,617.00,"6,170.00"
2020-10-07,2020100704000072,RLI,58,58,10,618.00,"6,180.00"
2020-10-07,2020100704000071,RLI,58,49,10,618.00,"6,180.00"
2020-10-07,2020100704000070,RLI,35,21,10,618.00,"6,180.00"
2020-10-07,2020100704000069,RLI,35,38,10,618.00,"6,180.00"
2020-10-07,2020100704000068,RLI,35,16,10,618.00,"6,180.00"
2020-10-07,2020100704000067,RLI,35,29,10,618.00,"6,180.00"
2020-10-07,2020100704000078,RLI,49,10,10,617.00,"6,170.00"
2020-10-07,2020100704000077,RLI,49,47,10,617.00,"6,170.00"
2020-10-07,2020100704000076,RLI,49,38,10,617.00,"6,170.00"
2020-10-07,2020100704000075,RLI,49,56,10,617.00,"6,170.00"
2020-10-07,2020100704000074,RLI,58,58,10,618.00,"6,180.00"
2020-10-07,2020100704000073,RLI,58,46,10,618.00,"6,180.00"
2020-10-07,2020100704000084,RLI,35,40,10,617.00,"6,170.00"
2020-10-07,2020100704000083,RLI,35,48,10,617.00,"6,170.00"
2020-10-07,2020100704000082,RLI,35,28,260,617.00,"160,420.00"
2020-10-07,2020100704000081,RLI,35,28,20,617.00,"12,340.00"
2020-10-07,2020100704000080,RLI,49,28,20,617.00,"12,340.00"
2020-10-07,2020100704000079,RLI,49,42,10,617.00,"6,170.00"
2020-10-07,2020100704000090,RLI,35,59,10,617.00,"6,170.00"
2020-10-07,2020100704000089,RLI,35,59,10,617.00,"6,170.00"
2020-10-07,2020100704000088,RLI,35,38,10,617.00,"6,170.00"
2020-10-07,2020100704000087,RLI,32,32,10,619.00,"6,190.00"
2020-10-07,2020100704000086,RLI,35,57,10,617.00,"6,170.00"
2020-10-07,2020100704000085,RLI,35,59,10,617.00,"6,170.00"
2020-10-07,2020100704000096,RLI,35,17,10,617.00,"6,170.00"
2020-10-07,2020100704000095,RLI,35,17,10,617.00,"6,170.00"
2020-10-07,2020100704000094,RLI,35,46,10,617.00,"6,170.00"
2020-10-07,2020100704000093,RLI,35,38,10,617.00,"6,170.00"
2020-10-07,2020100704000092,RLI,35,10,10,617.00,"6,170.00"
2020-10-07,2020100704000091,RLI,59,42,10,619.00,"6,190.00"
2020-10-07,2020100704000102,RLI,29,40,10,618.00,"6,180.00"
2020-10-07,2020100704000101,RLI,29,44,10,618.00,"6,180.00"
2020-10-07,2020100704000100,RLI,29,17,10,618.00,"6,180.00"
2020-10-07,2020100704000099,RLI,29,44,10,618.00,"6,180.00"
2020-10-07,2020100704000098,RLI,29,10,10,618.00,"6,180.00"
2020-10-07,2020100704000097,RLI,35,38,10,617.00,"6,170.00"
2020-10-07,2020100704000108,RLI,35,46,10,617.00,"6,170.00"
2020-10-07,2020100704000107,RLI,35,17,10,617.00,"6,170.00"
2020-10-07,2020100704000106,RLI,8,26,100,618.00,"61,800.00"
2020-10-07,2020100704000105,RLI,53,26,80,618.00,"49,440.00"
2020-10-07,2020100704000104,RLI,29,26,140,618.00,"86,520.00"
2020-10-07,2020100704000103,RLI,29,44,10,618.00,"6,180.00"
2020-10-07,2020100704000115,RLI,35,17,10,617.00,"6,170.00"
2020-10-07,2020100704000114,RLI,44,26,10,619.00,"6,190.00"
2020-10-07,2020100704000113,RLI,35,14,10,617.00,"6,170.00"
2020-10-07,2020100704000112,RLI,35,38,10,617.00,"6,170.00"
2020-10-07,2020100704000111,RLI,35,46,10,617.00,"6,170.00"
2020-10-07,2020100704000110,RLI,35,38,10,617.00,"6,170.00"
2020-10-07,2020100704000121,RLI,56,56,10,618.00,"6,180.00"
2020-10-07,2020100704000120,RLI,38,10,10,617.00,"6,170.00"
