Date,Transact. No.,Symbol,Buyer,Seller,Quantity,Rate,Amount
2019-08-22,2019082201006142,ADBL,58,38,50,428.00,"21,400.00"
2019-08-22,2019082201006070,ADBL,54,58,114,428.00,"48,792.00"
2019-08-22,2019082201006069,ADBL,54,38,386,428.00,"165,208.00"
2019-08-22,2019082201006067,ADBL,49,58,353,425.00,"150,025.00"
2019-08-22,2019082201006066,ADBL,41,58,120,425.00,"51,000.00"
2019-08-22,2019082201006065,ADBL,49,58,200,425.00,"85,000.00"
2019-08-22,2019082201005971,ADBL,51,21,70,428.00,"29,960.00"
2019-08-22,2019082201005970,ADBL,51,40,215,428.00,"92,020.00"
2019-08-22,2019082201005969,ADBL,51,39,200,428.00,"85,600.00"
2019-08-22,2019082201005968,ADBL,51,38,401,428.00,"171,628.00"
2019-08-22,2019082201005922,ADBL,58,38,25,428.00,"10,700.00"
2019-08-22,2019082201005880,ADBL,51,55,70,427.00,"29,890.00"
2019-08-22,2019082201006046,ADBL,56,58,300,426.00,"127,800.00"
2019-08-22,2019082201006045,ADBL,36,58,200,427.00,"85,400.00"
2019-08-22,2019082201006044,ADBL,35,58,25,427.00,"10,675.00"
2019-08-22,2019082201006043,ADBL,51,58,500,427.00,"213,500.00"
2019-08-22,2019082201006042,ADBL,51,58,80,427.00,"34,160.00"
2019-08-22,2019082201005972,ADBL,51,38,114,428.00,"48,792.00"
2019-08-22,2019082201006052,ADBL,42,58,400,426.00,"170,400.00"
2019-08-22,2019082201006051,ADBL,6,58,230,426.00,"97,980.00"
2019-08-22,2019082201006050,ADBL,43,58,50,426.00,"21,300.00"
2019-08-22,2019082201006049,ADBL,53,58,40,426.00,"17,040.00"
2019-08-22,2019082201006048,ADBL,45,58,300,426.00,"127,800.00"
2019-08-22,2019082201006047,ADBL,54,58,"1,000",426.00,"426,000.00"
2019-08-22,2019082201006058,ADBL,36,58,"1,000",425.00,"425,000.00"
2019-08-22,2019082201006057,ADBL,44,58,"1,000",425.00,"425,000.00"
2019-08-22,2019082201006056,ADBL,59,58,22,425.00,"9,350.00"
2019-08-22,2019082201006055,ADBL,38,58,20,426.00,"8,520.00"
2019-08-22,2019082201006054,ADBL,52,58,200,426.00,"85,200.00"
2019-08-22,2019082201006053,ADBL,21,58,110,426.00,"46,860.00"
2019-08-22,2019082201006064,ADBL,35,58,200,425.00,"85,000.00"
2019-08-22,2019082201006063,ADBL,25,58,500,425.00,"212,500.00"
2019-08-22,2019082201006062,ADBL,51,58,50,425.00,"21,250.00"
2019-08-22,2019082201006061,ADBL,44,58,"1,000",425.00,"425,000.00"
2019-08-22,2019082201006060,ADBL,36,58,"2,000",425.00,"850,000.00"
2019-08-22,2019082201006059,ADBL,42,58,100,425.00,"42,500.00"
2019-08-22,2019082201005804,AKJCL,32,13,40,67.00,"2,680.00"
2019-08-22,2019082201006258,AKPL,45,57,10,159.00,"1,590.00"
2019-08-22,2019082201006238,AKPL,56,48,813,154.00,"125,202.00"
2019-08-22,2019082201006237,AKPL,19,48,50,155.00,"7,750.00"
2019-08-22,2019082201006236,AKPL,5,48,10,157.00,"1,570.00"
2019-08-22,2019082201006271,ALBSL,3,37,10,464.00,"4,640.00"
2019-08-22,2019082201005928,ALBSL,46,51,10,458.00,"4,580.00"
2019-08-22,2019082201005897,ALBSL,46,51,10,458.00,"4,580.00"
2019-08-22,2019082201005854,ALBSL,46,51,10,458.00,"4,580.00"
2019-08-22,2019082201005863,ALICL,14,10,59,339.00,"20,001.00"
2019-08-22,2019082201006228,API,25,39,150,128.00,"19,200.00"
2019-08-22,2019082201006227,API,25,35,100,127.00,"12,700.00"
2019-08-22,2019082201005961,API,58,17,141,126.00,"17,766.00"
2019-08-22,2019082201005822,API,25,50,13,126.00,"1,638.00"
2019-08-22,2019082201005800,API,17,50,377,125.00,"47,125.00"
2019-08-22,2019082201006120,API,38,33,29,124.00,"3,596.00"
2019-08-22,2019082201006075,API,25,32,50,126.00,"6,300.00"
2019-08-22,2019082201006014,API,38,25,530,124.00,"65,720.00"
2019-08-22,2019082201005978,API,39,25,200,125.00,"25,000.00"
2019-08-22,2019082201005977,API,39,25,220,125.00,"27,500.00"
2019-08-22,2019082201006179,API,25,32,"1,950",126.00,"245,700.00"
2019-08-22,2019082201006239,BOKL,49,39,10,258.00,"2,580.00"
2019-08-22,2019082201006166,BOKL,32,50,127,256.00,"32,512.00"
2019-08-22,2019082201006074,BOKL,1,50,26,256.00,"6,656.00"
2019-08-22,2019082201006033,BOKL,32,50,39,257.00,"10,023.00"
2019-08-22,2019082201005869,BOKL,28,11,"2,086",256.00,"534,016.00"
2019-08-22,2019082201005868,BOKL,7,11,30,257.00,"7,710.00"
2019-08-22,2019082201005999,BOKL,42,39,10,258.00,"2,580.00"
2019-08-22,2019082201005874,BOKL,1,11,184,256.00,"47,104.00"
2019-08-22,2019082201005873,BOKL,14,11,200,256.00,"51,200.00"
2019-08-22,2019082201005872,BOKL,49,11,100,256.00,"25,600.00"
2019-08-22,2019082201005871,BOKL,13,11,200,256.00,"51,200.00"
2019-08-22,2019082201005870,BOKL,13,11,200,256.00,"51,200.00"
2019-08-22,2019082201006234,BPCL,42,46,106,384.00,"40,704.00"
2019-08-22,2019082201006233,BPCL,26,46,"1,000",384.00,"384,000.00"
2019-08-22,2019082201006232,BPCL,43,46,500,384.00,"192,000.00"
2019-08-22,2019082201006231,BPCL,1,46,94,384.00,"36,096.00"
2019-08-22,2019082201005933,BPCL,6,33,18,385.00,"6,930.00"
2019-08-22,2019082201005932,BPCL,38,33,57,386.00,"22,002.00"
2019-08-22,2019082201005967,BPCL,1,33,16,384.00,"6,144.00"
2019-08-22,2019082201005937,BPCL,55,33,189,385.00,"72,765.00"
2019-08-22,2019082201005936,BPCL,49,33,100,385.00,"38,500.00"
2019-08-22,2019082201005935,BPCL,52,33,100,385.00,"38,500.00"
2019-08-22,2019082201005934,BPCL,48,33,20,385.00,"7,700.00"
2019-08-22,2019082201005990,CBBL,45,33,300,989.00,"296,700.00"
2019-08-22,2019082201006169,CBL,43,41,10,147.00,"1,470.00"
2019-08-22,2019082201006253,CCBL,45,22,449,157.00,"70,493.00"
2019-08-22,2019082201006252,CCBL,35,22,325,157.00,"51,025.00"
2019-08-22,2019082201006202,CCBL,6,36,100,158.00,"15,800.00"
2019-08-22,2019082201005883,CCBL,35,13,150,157.00,"23,550.00"
2019-08-22,2019082201005853,CCBL,35,37,525,157.00,"82,425.00"
2019-08-22,2019082201005852,CCBL,38,37,100,157.00,"15,700.00"
2019-08-22,2019082201005823,CCBL,26,37,100,158.00,"15,800.00"
2019-08-22,2019082201006210,CHCL,4,22,100,447.00,"44,700.00"
2019-08-22,2019082201006200,CZBIL,48,43,10,214.00,"2,140.00"
2019-08-22,2019082201006199,CZBIL,1,43,300,214.00,"64,200.00"
2019-08-22,2019082201006198,CZBIL,58,43,90,214.00,"19,260.00"
2019-08-22,2019082201006197,CZBIL,25,43,300,214.00,"64,200.00"
2019-08-22,2019082201006196,CZBIL,7,43,500,214.00,"107,000.00"
2019-08-22,2019082201005906,CZBIL,45,34,200,215.00,"43,000.00"
2019-08-22,2019082201005783,CZBIL,1,43,77,215.00,"16,555.00"
2019-08-22,2019082201005905,CZBIL,32,34,87,215.00,"18,705.00"
2019-08-22,2019082201005806,CZBIL,7,45,30,216.00,"6,480.00"
2019-08-22,2019082201005787,CZBIL,32,43,413,215.00,"88,795.00"
2019-08-22,2019082201005786,CZBIL,17,43,10,215.00,"2,150.00"
2019-08-22,2019082201005785,CZBIL,49,43,200,215.00,"43,000.00"
2019-08-22,2019082201005784,CZBIL,54,43,300,215.00,"64,500.00"
2019-08-22,2019082201006229,DDBL,34,34,30,750.00,"22,500.00"
2019-08-22,2019082201005997,DDBL,58,25,240,749.00,"179,760.00"
2019-08-22,2019082201005938,DHPL,34,47,20,60.00,"1,200.00"
2019-08-22,2019082201005832,DHPL,34,22,10,60.00,600.00
2019-08-22,2019082201006191,EBL,33,32,22,649.00,"14,278.00"
2019-08-22,2019082201006015,EBL,33,6,220,649.00,"142,780.00"
2019-08-22,2019082201006162,EDBL,1,56,139,274.00,"38,086.00"
2019-08-22,2019082201006161,EDBL,53,56,20,275.00,"5,500.00"
2019-08-22,2019082201005902,FMDBL,33,6,290,389.00,"112,810.00"
2019-08-22,2019082201005779,FOWAD,38,57,13,"1,345.00","17,485.00"
2019-08-22,2019082201006204,GBLBS,41,6,200,361.00,"72,200.00"
2019-08-22,2019082201006130,GDBL,26,45,310,205.00,"63,550.00"
2019-08-22,2019082201006129,GDBL,47,45,200,205.00,"41,000.00"
2019-08-22,2019082201006128,GDBL,49,45,190,205.00,"38,950.00"
2019-08-22,2019082201005981,GDBL,55,19,500,207.00,"103,500.00"
2019-08-22,2019082201005842,GILB,45,50,12,771.00,"9,252.00"
2019-08-22,2019082201006241,GLBSL,47,51,10,480.00,"4,800.00"
2019-08-22,2019082201006194,GLBSL,47,51,10,480.00,"4,800.00"
2019-08-22,2019082201006125,GLBSL,55,51,10,480.00,"4,800.00"
2019-08-22,2019082201006000,GLBSL,7,51,10,483.00,"4,830.00"
2019-08-22,2019082201005915,GLBSL,8,45,60,490.00,"29,400.00"
2019-08-22,2019082201005964,GUFL,3,51,868,120.00,"104,160.00"
2019-08-22,2019082201005963,GUFL,48,51,100,120.00,"12,000.00"
2019-08-22,2019082201005962,GUFL,3,51,"1,032",120.00,"123,840.00"
2019-08-22,2019082201005946,HBL,39,42,50,560.00,"28,000.00"
2019-08-22,2019082201005945,HBL,39,1,75,560.00,"42,000.00"
2019-08-22,2019082201005944,HBL,39,19,15,560.00,"8,400.00"
2019-08-22,2019082201005943,HBL,39,11,460,560.00,"257,600.00"
2019-08-22,2019082201006272,HDL,17,25,10,"1,578.00","15,780.00"
2019-08-22,2019082201006182,HDL,7,35,200,"1,551.00","310,200.00"
2019-08-22,2019082201006181,HDL,58,35,500,"1,552.00","776,000.00"
2019-08-22,2019082201006180,HDL,5,35,50,"1,553.00","77,650.00"
2019-08-22,2019082201006111,HDL,3,57,20,"1,555.00","31,100.00"
2019-08-22,2019082201006157,HGI,34,58,70,322.00,"22,540.00"
2019-08-22,2019082201005983,HGI,34,50,120,322.00,"38,640.00"
2019-08-22,2019082201005950,HGI,34,1,10,322.00,"3,220.00"
2019-08-22,2019082201005942,HGI,6,1,200,322.00,"64,400.00"
2019-08-22,2019082201005941,HGI,8,1,50,322.00,"16,100.00"
2019-08-22,2019082201005940,HGI,41,1,30,322.00,"9,660.00"
2019-08-22,2019082201005939,HGI,22,1,30,322.00,"9,660.00"
2019-08-22,2019082201006220,HIDCL,56,56,30,147.00,"4,410.00"
2019-08-22,2019082201006187,HIDCL,56,33,97,147.00,"14,259.00"
2019-08-22,2019082201006186,HIDCL,51,33,16,147.00,"2,352.00"
2019-08-22,2019082201006244,HPPL,36,33,20,154.00,"3,080.00"
2019-08-22,2019082201006107,HPPL,45,39,10,156.00,"1,560.00"
2019-08-22,2019082201006268,HURJA,50,37,20,125.00,"2,500.00"
2019-08-22,2019082201006249,HURJA,50,37,20,125.00,"2,500.00"
2019-08-22,2019082201006119,HURJA,50,41,20,125.00,"2,500.00"
2019-08-22,2019082201006113,IGI,13,5,100,337.00,"33,700.00"
2019-08-22,2019082201006112,IGI,11,5,116,338.00,"39,208.00"
2019-08-22,2019082201006079,IGI,11,28,84,338.00,"28,392.00"
2019-08-22,2019082201006201,ILBS,57,57,10,465.00,"4,650.00"
2019-08-22,2019082201005989,ILBS,32,45,230,461.00,"106,030.00"
2019-08-22,2019082201005988,ILBS,22,45,20,462.00,"9,240.00"
2019-08-22,2019082201006219,JBBL,38,6,10,162.00,"1,620.00"
2019-08-22,2019082201006096,JBBL,38,6,21,162.00,"3,402.00"
2019-08-22,2019082201006095,JBBL,38,46,101,162.00,"16,362.00"
2019-08-22,2019082201006094,JBBL,38,46,78,162.00,"12,636.00"
2019-08-22,2019082201006093,JBBL,38,35,500,161.00,"80,500.00"
2019-08-22,2019082201006041,JBBL,13,56,164,160.00,"26,240.00"
2019-08-22,2019082201005793,JBBL,38,47,57,161.00,"9,177.00"
2019-08-22,2019082201005792,JBBL,38,45,300,161.00,"48,300.00"
2019-08-22,2019082201005791,JBBL,38,28,300,161.00,"48,300.00"
2019-08-22,2019082201005799,JBBL,38,46,422,162.00,"68,364.00"
2019-08-22,2019082201005798,JBBL,38,34,100,162.00,"16,200.00"
2019-08-22,2019082201005797,JBBL,38,38,300,162.00,"48,600.00"
2019-08-22,2019082201005796,JBBL,38,50,350,162.00,"56,700.00"
2019-08-22,2019082201005795,JBBL,38,25,13,161.00,"2,093.00"
2019-08-22,2019082201005794,JBBL,38,34,158,161.00,"25,438.00"
2019-08-22,2019082201005830,KBL,44,17,268,203.00,"54,404.00"
2019-08-22,2019082201006226,KPCL,42,44,10,84.00,840.00
2019-08-22,2019082201006225,KPCL,42,26,10,84.00,840.00
2019-08-22,2019082201006224,KPCL,42,4,10,84.00,840.00
2019-08-22,2019082201006223,KPCL,42,4,10,84.00,840.00
2019-08-22,2019082201006222,KPCL,42,35,10,84.00,840.00
2019-08-22,2019082201006221,KPCL,42,39,10,84.00,840.00
2019-08-22,2019082201006031,KPCL,42,45,10,83.00,830.00
2019-08-22,2019082201005991,KSBBL,46,6,500,142.00,"71,000.00"
2019-08-22,2019082201006160,LBBL,17,45,915,179.00,"163,785.00"
2019-08-22,2019082201006159,LBBL,17,45,500,179.00,"89,500.00"
2019-08-22,2019082201006158,LBBL,17,45,16,179.00,"2,864.00"
2019-08-22,2019082201006028,LBBL,44,45,260,177.00,"46,020.00"
2019-08-22,2019082201006027,LBBL,21,45,310,177.00,"54,870.00"
2019-08-22,2019082201006026,LBBL,35,45,100,177.00,"17,700.00"
2019-08-22,2019082201006025,LBBL,56,45,400,177.00,"70,800.00"
2019-08-22,2019082201006024,LBBL,44,45,50,177.00,"8,850.00"
2019-08-22,2019082201005781,LBBL,50,6,200,178.00,"35,600.00"
2019-08-22,2019082201005780,LBBL,50,52,80,178.00,"14,240.00"
2019-08-22,2019082201006190,LGIL,48,58,10,400.00,"4,000.00"
2019-08-22,2019082201006143,LICN,13,48,20,"1,110.00","22,200.00"
2019-08-22,2019082201006118,LICN,13,48,10,"1,110.00","11,100.00"
2019-08-22,2019082201006117,LICN,25,48,10,"1,110.00","11,100.00"
2019-08-22,2019082201006247,MBL,34,38,10,257.00,"2,570.00"
2019-08-22,2019082201006193,MBL,28,22,"1,700",256.00,"435,200.00"
2019-08-22,2019082201006192,MBL,28,25,192,256.00,"49,152.00"
2019-08-22,2019082201006109,MBL,14,34,110,255.00,"28,050.00"
2019-08-22,2019082201006108,MBL,57,34,90,255.00,"22,950.00"
2019-08-22,2019082201005931,MEGA,50,43,339,199.00,"67,461.00"
2019-08-22,2019082201005914,MEGA,50,43,500,199.00,"99,500.00"
2019-08-22,2019082201006078,MEGA,49,45,200,200.00,"40,000.00"
2019-08-22,2019082201006098,MEGA,20,45,100,200.00,"20,000.00"
2019-08-22,2019082201006085,MEGA,43,45,10,200.00,"2,000.00"
2019-08-22,2019082201005838,MERO,45,22,101,535.00,"54,035.00"
2019-08-22,2019082201005812,MERO,45,21,189,535.00,"101,115.00"
2019-08-22,2019082201005805,MERO,32,21,93,535.00,"49,755.00"
2019-08-22,2019082201006071,MFIL,52,55,350,126.00,"44,100.00"
2019-08-22,2019082201006100,MLBL,49,21,50,212.00,"10,600.00"
2019-08-22,2019082201006099,MLBL,49,38,250,212.00,"53,000.00"
2019-08-22,2019082201006101,MSLB,48,38,26,981.00,"25,506.00"
2019-08-22,2019082201006087,MSLB,48,38,26,981.00,"25,506.00"
2019-08-22,2019082201005790,MSLB,48,38,48,981.00,"47,088.00"
2019-08-22,2019082201005789,MSLB,48,14,26,980.00,"25,480.00"
2019-08-22,2019082201005788,MSLB,48,10,26,979.00,"25,454.00"
2019-08-22,2019082201006023,NABIL,34,38,75,777.00,"58,275.00"
2019-08-22,2019082201006022,NABIL,28,38,90,777.00,"69,930.00"
2019-08-22,2019082201006021,NABIL,51,38,100,778.00,"77,800.00"
2019-08-22,2019082201006020,NABIL,22,38,20,778.00,"15,560.00"
2019-08-22,2019082201006264,NADEP,43,4,100,466.00,"46,600.00"
2019-08-22,2019082201006263,NADEP,39,4,50,466.00,"23,300.00"
2019-08-22,2019082201006262,NADEP,39,4,20,466.00,"9,320.00"
2019-08-22,2019082201006261,NADEP,38,4,10,466.00,"4,660.00"
2019-08-22,2019082201006260,NADEP,20,4,10,467.00,"4,670.00"
2019-08-22,2019082201006259,NADEP,1,4,10,467.00,"4,670.00"
2019-08-22,2019082201006248,NADEP,26,4,10,472.00,"4,720.00"
2019-08-22,2019082201006010,NADEP,1,57,90,467.00,"42,030.00"
2019-08-22,2019082201006009,NADEP,59,57,10,468.00,"4,680.00"
2019-08-22,2019082201005801,NADEP,25,4,220,472.00,"103,840.00"
2019-08-22,2019082201006257,NBB,49,40,149,213.00,"31,737.00"
2019-08-22,2019082201006256,NBB,34,40,831,213.00,"177,003.00"
2019-08-22,2019082201006038,NBB,59,40,20,214.00,"4,280.00"
2019-08-22,2019082201006106,NBL,54,52,200,325.00,"65,000.00"
2019-08-22,2019082201006105,NBL,54,5,350,325.00,"113,750.00"
2019-08-22,2019082201006104,NBL,54,44,650,325.00,"211,250.00"
2019-08-22,2019082201005924,NBL,25,44,50,325.00,"16,250.00"
2019-08-22,2019082201006274,NCCB,42,43,200,203.00,"40,600.00"
2019-08-22,2019082201006273,NCCB,45,43,270,203.00,"54,810.00"
2019-08-22,2019082201006266,NCCB,58,34,10,204.00,"2,040.00"
2019-08-22,2019082201006084,NCCB,45,58,230,203.00,"46,690.00"
2019-08-22,2019082201005951,NCCB,45,58,170,203.00,"34,510.00"
2019-08-22,2019082201005930,NCCB,22,58,500,203.00,"101,500.00"
2019-08-22,2019082201005848,NCCB,43,43,100,203.00,"20,300.00"
2019-08-22,2019082201005847,NCCB,47,43,50,203.00,"10,150.00"
2019-08-22,2019082201005846,NCCB,40,43,200,203.00,"40,600.00"
2019-08-22,2019082201005845,NCCB,25,43,50,203.00,"10,150.00"
2019-08-22,2019082201005844,NCCB,22,43,20,203.00,"4,060.00"
2019-08-22,2019082201005843,NCCB,42,43,289,203.00,"58,667.00"
2019-08-22,2019082201006154,NIB,10,17,178,466.00,"82,948.00"
2019-08-22,2019082201006083,NIB,16,17,100,466.00,"46,600.00"
2019-08-22,2019082201006034,NIB,10,41,34,465.00,"15,810.00"
2019-08-22,2019082201006013,NIB,10,41,220,465.00,"102,300.00"
2019-08-22,2019082201005992,NIB,41,41,60,466.00,"27,960.00"
2019-08-22,2019082201005980,NIB,10,17,68,465.00,"31,620.00"
2019-08-22,2019082201005892,NIB,26,17,578,464.00,"268,192.00"
2019-08-22,2019082201005891,NIB,38,17,50,465.00,"23,250.00"
2019-08-22,2019082201005890,NIB,51,17,100,465.00,"46,500.00"
2019-08-22,2019082201005889,NIB,38,17,100,465.00,"46,500.00"
2019-08-22,2019082201005888,NIB,38,17,90,465.00,"41,850.00"
2019-08-22,2019082201005887,NIB,25,17,82,465.00,"38,130.00"
2019-08-22,2019082201005916,NIB,47,17,200,464.00,"92,800.00"
2019-08-22,2019082201005913,NIB,44,17,100,464.00,"46,400.00"
2019-08-22,2019082201005912,NIB,44,17,10,464.00,"4,640.00"
2019-08-22,2019082201005911,NIB,54,17,100,464.00,"46,400.00"
2019-08-22,2019082201005910,NIB,26,17,422,464.00,"195,808.00"
2019-08-22,2019082201005909,NIB,45,17,100,465.00,"46,500.00"
2019-08-22,2019082201006209,NIBPO,43,6,35,428.00,"14,980.00"
2019-08-22,2019082201005882,NIBPO,1,6,88,430.00,"37,840.00"
2019-08-22,2019082201005881,NIBPO,28,6,150,430.00,"64,500.00"
2019-08-22,2019082201006029,NICA,22,4,200,454.00,"90,800.00"
2019-08-22,2019082201005976,NICA,34,4,155,455.00,"70,525.00"
2019-08-22,2019082201005975,NICA,34,45,245,454.00,"111,230.00"
2019-08-22,2019082201005953,NICA,26,45,15,454.00,"6,810.00"
2019-08-22,2019082201005948,NICA,13,45,100,454.00,"45,400.00"
2019-08-22,2019082201005921,NICA,38,25,90,453.00,"40,770.00"
2019-08-22,2019082201005894,NICA,38,45,500,454.00,"227,000.00"
2019-08-22,2019082201005893,NICA,38,45,120,454.00,"54,480.00"
2019-08-22,2019082201005920,NICA,55,25,100,453.00,"45,300.00"
2019-08-22,2019082201005919,NICA,45,25,500,453.00,"226,500.00"
2019-08-22,2019082201005918,NICA,26,25,10,453.00,"4,530.00"
2019-08-22,2019082201005917,NICA,55,25,100,453.00,"45,300.00"
2019-08-22,2019082201005896,NICA,11,45,500,454.00,"227,000.00"
2019-08-22,2019082201005895,NICA,41,45,20,454.00,"9,080.00"
2019-08-22,2019082201006006,NICL,6,32,108,298.00,"32,184.00"
2019-08-22,2019082201005987,NICL,58,43,300,299.00,"89,700.00"
2019-08-22,2019082201005986,NICL,58,43,100,299.00,"29,900.00"
2019-08-22,2019082201005985,NICL,13,43,200,300.00,"60,000.00"
2019-08-22,2019082201005984,NICL,19,43,100,301.00,"30,100.00"
2019-08-22,2019082201006189,NLBBL,26,41,364,560.00,"203,840.00"
2019-08-22,2019082201006188,NLBBL,5,41,25,562.00,"14,050.00"
2019-08-22,2019082201006127,NLBBL,5,21,50,562.00,"28,100.00"
2019-08-22,2019082201006126,NLBBL,5,33,100,562.00,"56,200.00"
2019-08-22,2019082201006030,NLBBL,5,45,25,560.00,"14,000.00"
2019-08-22,2019082201006168,NLG,58,53,10,659.00,"6,590.00"
2019-08-22,2019082201006121,NLG,58,25,19,659.00,"12,521.00"
2019-08-22,2019082201005947,NLG,16,25,30,648.00,"19,440.00"
2019-08-22,2019082201006218,NLIC,56,42,36,864.00,"31,104.00"
2019-08-22,2019082201006155,NLIC,34,42,54,864.00,"46,656.00"
2019-08-22,2019082201006240,NLICL,45,33,10,555.00,"5,550.00"
2019-08-22,2019082201006131,NLICL,25,25,500,554.00,"277,000.00"
2019-08-22,2019082201005829,NMBMF,37,47,33,"1,056.00","34,848.00"
2019-08-22,2019082201005828,NMBMF,59,47,20,"1,056.00","21,120.00"
2019-08-22,2019082201005827,NMBMF,52,47,30,"1,056.00","31,680.00"
2019-08-22,2019082201005826,NMBMF,45,47,100,"1,058.00","105,800.00"
2019-08-22,2019082201005825,NMBMF,47,47,62,"1,059.00","65,658.00"
2019-08-22,2019082201006110,NNLB,26,53,20,456.00,"9,120.00"
2019-08-22,2019082201005813,NSEWA,35,4,110,435.00,"47,850.00"
2019-08-22,2019082201005927,NTC,59,52,10,674.00,"6,740.00"
2019-08-22,2019082201005949,NUBL,38,6,18,870.00,"15,660.00"
2019-08-22,2019082201005929,NUBL,47,6,182,871.00,"158,522.00"
2019-08-22,2019082201005803,NUBL,47,21,18,871.00,"15,678.00"
2019-08-22,2019082201005802,NUBL,11,21,82,872.00,"71,504.00"
2019-08-22,2019082201006122,PCBL,58,43,100,277.00,"27,700.00"
2019-08-22,2019082201006035,PCBL,50,43,100,277.00,"27,700.00"
2019-08-22,2019082201006091,PFL,59,17,10,136.00,"1,360.00"
2019-08-22,2019082201006040,PFL,59,37,26,135.00,"3,510.00"
2019-08-22,2019082201006254,PIC,11,49,200,450.00,"90,000.00"
2019-08-22,2019082201006242,PICL,6,11,20,460.00,"9,200.00"
2019-08-22,2019082201006265,PLIC,48,48,10,418.00,"4,180.00"
2019-08-22,2019082201006088,PMHPL,4,59,10,102.00,"1,020.00"
2019-08-22,2019082201006072,PMHPL,4,59,10,102.00,"1,020.00"
2019-08-22,2019082201006185,PPCL,6,16,200,111.00,"22,200.00"
2019-08-22,2019082201006184,PPCL,6,19,100,111.00,"11,100.00"
2019-08-22,2019082201006183,PPCL,6,54,100,110.00,"11,000.00"
2019-08-22,2019082201006165,PPCL,6,43,30,109.00,"3,270.00"
2019-08-22,2019082201006164,PPCL,6,45,30,109.00,"3,270.00"
2019-08-22,2019082201006163,PPCL,6,45,30,109.00,"3,270.00"
2019-08-22,2019082201006138,PPCL,6,21,30,107.00,"3,210.00"
2019-08-22,2019082201006137,PPCL,6,21,30,107.00,"3,210.00"
2019-08-22,2019082201006136,PPCL,6,21,30,107.00,"3,210.00"
2019-08-22,2019082201006135,PPCL,6,22,10,107.00,"1,070.00"
2019-08-22,2019082201006134,PPCL,6,39,75,107.00,"8,025.00"
2019-08-22,2019082201005849,PPCL,32,14,10,105.00,"1,050.00"
2019-08-22,2019082201005884,PRIN,32,21,50,349.00,"17,450.00"
2019-08-22,2019082201006116,PRVU,28,58,774,266.00,"205,884.00"
2019-08-22,2019082201006115,PRVU,57,58,200,266.00,"53,200.00"
2019-08-22,2019082201006114,PRVU,49,58,376,266.00,"100,016.00"
2019-08-22,2019082201005810,PRVU,51,8,100,267.00,"26,700.00"
2019-08-22,2019082201005858,PRVU,51,10,200,266.00,"53,200.00"
2019-08-22,2019082201005857,PRVU,36,10,85,266.00,"22,610.00"
2019-08-22,2019082201005856,PRVU,49,10,"1,000",266.00,"266,000.00"
2019-08-22,2019082201005855,PRVU,22,10,30,266.00,"7,980.00"
2019-08-22,2019082201005840,PRVU,49,58,100,267.00,"26,700.00"
2019-08-22,2019082201005811,PRVU,49,8,900,267.00,"240,300.00"
2019-08-22,2019082201005957,PRVU,58,58,"1,000",266.00,"266,000.00"
2019-08-22,2019082201005956,PRVU,28,58,"1,176",266.00,"312,816.00"
2019-08-22,2019082201005862,PRVU,28,10,624,266.00,"165,984.00"
2019-08-22,2019082201005861,PRVU,13,10,300,266.00,"79,800.00"
2019-08-22,2019082201005860,PRVU,34,10,"1,000",266.00,"266,000.00"
2019-08-22,2019082201005859,PRVU,59,10,200,266.00,"53,200.00"
2019-08-22,2019082201006077,PRVU,7,58,500,267.00,"133,500.00"
2019-08-22,2019082201005966,PRVU,6,58,50,267.00,"13,350.00"
2019-08-22,2019082201005960,PRVU,49,58,624,266.00,"165,984.00"
2019-08-22,2019082201005959,PRVU,45,58,100,266.00,"26,600.00"
2019-08-22,2019082201005958,PRVU,10,58,100,266.00,"26,600.00"
2019-08-22,2019082201006245,RBCL,46,6,24,"9,100.00","218,400.00"
2019-08-22,2019082201006018,RBCL,38,6,30,"9,125.00","273,750.00"
2019-08-22,2019082201006017,RBCL,45,6,10,"9,180.00","91,800.00"
2019-08-22,2019082201006016,RBCL,58,6,10,"9,180.00","91,800.00"
2019-08-22,2019082201005979,RBCL,58,42,40,"9,180.00","367,200.00"
2019-08-22,2019082201005907,RBCL,58,6,10,"9,180.00","91,800.00"
2019-08-22,2019082201006270,RHPL,47,47,30,200.00,"6,000.00"
2019-08-22,2019082201006269,RHPL,47,43,30,200.00,"6,000.00"
2019-08-22,2019082201006255,RHPL,41,34,40,200.00,"8,000.00"
2019-08-22,2019082201006235,RHPL,41,43,30,200.00,"6,000.00"
2019-08-22,2019082201006208,RHPL,41,34,40,200.00,"8,000.00"
2019-08-22,2019082201006103,RHPL,41,38,30,200.00,"6,000.00"
2019-08-22,2019082201005834,RHPL,19,57,50,200.00,"10,000.00"
2019-08-22,2019082201005833,RHPL,41,57,20,200.00,"4,000.00"
2019-08-22,2019082201005824,RHPL,41,38,30,200.00,"6,000.00"
2019-08-22,2019082201005816,RHPL,41,34,40,200.00,"8,000.00"
2019-08-22,2019082201005898,RHPL,47,22,20,200.00,"4,000.00"
2019-08-22,2019082201005878,RHPL,16,37,50,201.00,"10,050.00"
2019-08-22,2019082201005877,RHPL,16,34,40,201.00,"8,040.00"
2019-08-22,2019082201005876,RHPL,16,57,"2,000",201.00,"402,000.00"
2019-08-22,2019082201005875,RHPL,16,37,19,201.00,"3,819.00"
2019-08-22,2019082201005835,RHPL,47,57,130,200.00,"26,000.00"
2019-08-22,2019082201006102,RHPL,45,37,30,201.00,"6,030.00"
2019-08-22,2019082201006086,RHPL,41,21,100,200.00,"20,000.00"
2019-08-22,2019082201006032,RHPL,41,38,30,200.00,"6,000.00"
2019-08-22,2019082201005998,RHPL,41,34,100,200.00,"20,000.00"
2019-08-22,2019082201005952,RHPL,41,49,10,200.00,"2,000.00"
2019-08-22,2019082201005899,RHPL,41,22,20,200.00,"4,000.00"
2019-08-22,2019082201005904,RMDC,22,44,80,651.00,"52,080.00"
2019-08-22,2019082201005903,RMDC,7,44,20,651.00,"13,020.00"
2019-08-22,2019082202000004,SABSL,25,53,10,320.00,"3,200.00"
2019-08-22,2019082202000003,SABSL,32,18,10,314.00,"3,140.00"
2019-08-22,2019082202000002,SABSL,47,50,10,308.00,"3,080.00"
2019-08-22,2019082202000001,SABSL,25,29,10,302.00,"3,020.00"
2019-08-22,2019082201005926,SANIMA,13,34,40,350.00,"14,000.00"
2019-08-22,2019082201005925,SANIMA,13,18,160,350.00,"56,000.00"
2019-08-22,2019082201006012,SBI,22,38,297,445.00,"132,165.00"
2019-08-22,2019082201006011,SBI,36,38,210,446.00,"93,660.00"
2019-08-22,2019082201005836,SBI,25,38,10,449.00,"4,490.00"
2019-08-22,2019082201005885,SBL,34,52,100,316.00,"31,600.00"
2019-08-22,2019082201005821,SBL,34,43,138,316.00,"43,608.00"
2019-08-22,2019082201006267,SDESI,19,42,10,628.00,"6,280.00"
2019-08-22,2019082201006174,SDESI,19,38,62,620.00,"38,440.00"
2019-08-22,2019082201006173,SDESI,19,38,50,620.00,"31,000.00"
2019-08-22,2019082201006172,SDESI,38,38,200,621.00,"124,200.00"
2019-08-22,2019082201006171,SDESI,45,38,100,622.00,"62,200.00"
2019-08-22,2019082201006243,SEF,3,25,"5,000",9.04,"45,200.00"
2019-08-22,2019082201005809,SEF,3,47,"10,000",9.00,"90,000.00"
2019-08-22,2019082201005808,SEF,3,51,800,9.00,"7,200.00"
2019-08-22,2019082201006176,SHIVM,42,21,30,577.00,"17,310.00"
2019-08-22,2019082201006167,SHIVM,49,21,10,577.00,"5,770.00"
2019-08-22,2019082201005974,SHIVM,32,50,50,578.00,"28,900.00"
2019-08-22,2019082201005973,SHIVM,32,1,50,577.00,"28,850.00"
2019-08-22,2019082201005955,SHIVM,44,47,450,575.00,"258,750.00"
2019-08-22,2019082201005954,SHIVM,45,47,50,575.00,"28,750.00"
2019-08-22,2019082201006141,SHPC,48,41,83,223.00,"18,509.00"
2019-08-22,2019082201006140,SHPC,48,41,100,223.00,"22,300.00"
2019-08-22,2019082201006139,SHPC,14,41,78,224.00,"17,472.00"
2019-08-22,2019082201005965,SHPC,14,7,22,224.00,"4,928.00"
2019-08-22,2019082201006230,SIC,4,49,100,579.00,"57,900.00"
2019-08-22,2019082201005996,SIFC,47,35,"1,000",153.00,"153,000.00"
2019-08-22,2019082201005995,SIFC,34,35,50,154.00,"7,700.00"
2019-08-22,2019082201005994,SIFC,39,35,100,154.00,"15,400.00"
2019-08-22,2019082201005993,SIFC,6,35,"1,000",155.00,"155,000.00"
2019-08-22,2019082201006251,SJCL,38,21,160,217.00,"34,720.00"
2019-08-22,2019082201006246,SJCL,34,21,40,217.00,"8,680.00"
2019-08-22,2019082201006203,SJCL,34,21,10,217.00,"2,170.00"
2019-08-22,2019082201006175,SJCL,58,43,20,216.00,"4,320.00"
2019-08-22,2019082201006156,SJCL,58,38,20,216.00,"4,320.00"
2019-08-22,2019082201006153,SJCL,40,21,230,217.00,"49,910.00"
2019-08-22,2019082201005815,SJCL,58,57,10,216.00,"2,160.00"
2019-08-22,2019082201005814,SJCL,14,57,190,216.00,"41,040.00"
2019-08-22,2019082201005807,SJCL,14,38,20,216.00,"4,320.00"
2019-08-22,2019082201005782,SJCL,14,34,20,216.00,"4,320.00"
2019-08-22,2019082201005908,SJCL,58,43,20,216.00,"4,320.00"
2019-08-22,2019082201005886,SJCL,58,37,20,216.00,"4,320.00"
2019-08-22,2019082201005841,SJCL,58,38,20,216.00,"4,320.00"
2019-08-22,2019082201005839,SJCL,58,37,20,216.00,"4,320.00"
2019-08-22,2019082201006068,SJCL,58,38,20,216.00,"4,320.00"
2019-08-22,2019082201006039,SJCL,58,21,120,216.00,"25,920.00"
2019-08-22,2019082201006019,SJCL,58,49,10,216.00,"2,160.00"
2019-08-22,2019082201006001,SJCL,58,45,20,216.00,"4,320.00"
2019-08-22,2019082201005982,SJCL,58,49,10,216.00,"2,160.00"
2019-08-22,2019082201006146,SJCL,40,46,20,217.00,"4,340.00"
2019-08-22,2019082201006145,SJCL,40,46,20,217.00,"4,340.00"
2019-08-22,2019082201006144,SJCL,40,57,10,217.00,"2,170.00"
2019-08-22,2019082201006092,SJCL,40,1,500,216.00,"108,000.00"
2019-08-22,2019082201006152,SJCL,40,42,20,217.00,"4,340.00"
2019-08-22,2019082201006151,SJCL,40,57,20,217.00,"4,340.00"
2019-08-22,2019082201006150,SJCL,40,57,20,217.00,"4,340.00"
2019-08-22,2019082201006149,SJCL,40,57,20,217.00,"4,340.00"
2019-08-22,2019082201006148,SJCL,40,46,20,217.00,"4,340.00"
2019-08-22,2019082201006147,SJCL,40,57,20,217.00,"4,340.00"
2019-08-22,2019082201006097,SKBBL,22,44,100,991.00,"99,100.00"
2019-08-22,2019082201005879,SLBBL,34,10,18,565.00,"10,170.00"
2019-08-22,2019082201005820,SLBBL,48,1,45,562.00,"25,290.00"
2019-08-22,2019082201006217,SLBSL,58,51,20,740.00,"14,800.00"
2019-08-22,2019082201006216,SLBSL,58,1,10,740.00,"7,400.00"
2019-08-22,2019082201006215,SLBSL,58,1,30,740.00,"22,200.00"
2019-08-22,2019082201006214,SLBSL,58,45,200,740.00,"148,000.00"
2019-08-22,2019082201005923,SLBSL,58,1,30,731.00,"21,930.00"
2019-08-22,2019082201005851,SLBSL,52,5,30,739.00,"22,170.00"
2019-08-22,2019082201006170,SLBSL,58,48,10,732.00,"7,320.00"
2019-08-22,2019082201006213,SLBSL,58,56,10,740.00,"7,400.00"
2019-08-22,2019082201006212,SLBSL,58,18,30,740.00,"22,200.00"
2019-08-22,2019082201006211,SLBSL,58,17,20,740.00,"14,800.00"
2019-08-22,2019082201006195,SLBSL,18,18,10,740.00,"7,400.00"
2019-08-22,2019082201006177,SLBSL,58,1,10,732.00,"7,320.00"
2019-08-22,2019082201005867,SLICL,17,42,56,296.00,"16,576.00"
2019-08-22,2019082201005866,SLICL,41,42,20,297.00,"5,940.00"
2019-08-22,2019082201005865,SLICL,59,42,23,297.00,"6,831.00"
2019-08-22,2019082201005864,SLICL,35,42,50,297.00,"14,850.00"
2019-08-22,2019082201005831,SLICL,38,1,50,298.00,"14,900.00"
2019-08-22,2019082201006076,SMATA,14,54,10,"1,300.00","13,000.00"
2019-08-22,2019082201006073,SMFBS,1,51,10,811.00,"8,110.00"
2019-08-22,2019082201005819,SMFBS,1,57,10,816.00,"8,160.00"
2019-08-22,2019082201005818,SMFBS,1,13,20,815.00,"16,300.00"
2019-08-22,2019082201005817,SMFBS,1,19,10,814.00,"8,140.00"
2019-08-22,2019082201006037,SPARS,26,19,10,612.00,"6,120.00"
2019-08-22,2019082201006036,SPARS,26,22,10,612.00,"6,120.00"
2019-08-22,2019082201006250,SRBL,25,13,10,235.00,"2,350.00"
2019-08-22,2019082201006124,SRBL,26,34,63,233.00,"14,679.00"
2019-08-22,2019082201006123,SRBL,56,34,257,233.00,"59,881.00"
2019-08-22,2019082201006005,SRBL,54,29,15,235.00,"3,525.00"
2019-08-22,2019082201006004,SRBL,54,29,200,235.00,"47,000.00"
2019-08-22,2019082201006003,SRBL,54,50,360,235.00,"84,600.00"
2019-08-22,2019082201006002,SRBL,54,55,870,235.00,"204,450.00"
2019-08-22,2019082201006008,SWBBL,34,47,"1,174",921.00,"1,081,254.00"
2019-08-22,2019082201006007,SWBBL,26,47,76,922.00,"70,072.00"
2019-08-22,2019082201005837,SWBBL,26,6,125,922.00,"115,250.00"
2019-08-22,2019082201005901,TRH,50,57,100,303.00,"30,300.00"
2019-08-22,2019082201005900,TRH,34,57,100,303.00,"30,300.00"
2019-08-22,2019082201005850,TRH,4,21,10,305.00,"3,050.00"
2019-08-22,2019082201006082,UPPER,49,50,303,253.00,"76,659.00"
2019-08-22,2019082201006081,UPPER,32,50,300,253.00,"75,900.00"
2019-08-22,2019082201006080,UPPER,51,50,37,253.00,"9,361.00"
2019-08-22,2019082201006207,UPPER,32,59,47,255.00,"11,985.00"
2019-08-22,2019082201006206,UPPER,32,50,500,254.00,"127,000.00"
2019-08-22,2019082201006205,UPPER,32,25,253,253.00,"64,009.00"
2019-08-22,2019082201006178,UPPER,45,19,540,252.00,"136,080.00"
2019-08-22,2019082201006133,UPPER,38,25,50,253.00,"12,650.00"
2019-08-22,2019082201006132,UPPER,49,25,697,253.00,"176,341.00"
2019-08-22,2019082201006090,VLBS,55,7,49,595.00,"29,155.00"
2019-08-22,2019082201006089,VLBS,55,47,69,594.00,"40,986.00"
2019-08-22,2019082201005543,ADBL,34,38,100,428.00,"42,800.00"
2019-08-22,2019082201005494,ADBL,51,50,600,427.00,"256,200.00"
2019-08-22,2019082201005339,ADBL,51,6,250,427.00,"106,750.00"
2019-08-22,2019082201005681,AHPC,58,41,50,103.00,"5,150.00"
2019-08-22,2019082201005513,AHPC,25,28,400,101.00,"40,400.00"
2019-08-22,2019082201005512,AHPC,34,28,"1,000",101.00,"101,000.00"
2019-08-22,2019082201005651,AKJCL,32,26,10,67.00,670.00
2019-08-22,2019082201005616,ALBSL,43,25,50,460.00,"23,000.00"
2019-08-22,2019082201005615,ALBSL,40,25,100,460.00,"46,000.00"
2019-08-22,2019082201005614,ALBSL,39,25,100,460.00,"46,000.00"
2019-08-22,2019082201005613,ALBSL,29,25,10,460.00,"4,600.00"
2019-08-22,2019082201005612,ALBSL,25,25,100,461.00,"46,100.00"
2019-08-22,2019082201005611,ALBSL,55,25,20,461.00,"9,220.00"
2019-08-22,2019082201005610,ALBSL,55,25,90,462.00,"41,580.00"
2019-08-22,2019082201005452,ALICL,14,57,141,339.00,"47,799.00"
2019-08-22,2019082201005759,API,17,32,"1,623",125.00,"202,875.00"
2019-08-22,2019082201005758,API,35,32,200,125.00,"25,000.00"
2019-08-22,2019082201005757,API,35,32,200,125.00,"25,000.00"
2019-08-22,2019082201005725,API,42,50,200,126.00,"25,200.00"
2019-08-22,2019082201005473,API,52,50,100,126.00,"12,600.00"
2019-08-22,2019082201005523,API,20,32,10,125.00,"1,250.00"
2019-08-22,2019082201005522,API,54,32,300,125.00,"37,500.00"
2019-08-22,2019082201005711,API,51,32,"1,290",125.00,"161,250.00"
2019-08-22,2019082201005417,BARUN,1,17,221,86.00,"19,006.00"
2019-08-22,2019082201005305,BBC,48,34,10,"1,494.00","14,940.00"
2019-08-22,2019082201005727,BOKL,28,6,140,256.00,"35,840.00"
2019-08-22,2019082201005698,BOKL,28,11,774,256.00,"198,144.00"
2019-08-22,2019082201005697,BOKL,22,11,226,256.00,"57,856.00"
2019-08-22,2019082201005484,BOKL,22,11,774,256.00,"198,144.00"
2019-08-22,2019082201005483,BOKL,21,11,130,257.00,"33,410.00"
2019-08-22,2019082201005472,BOKL,42,29,300,257.00,"77,100.00"
2019-08-22,2019082201005438,BOKL,42,49,300,257.00,"77,100.00"
2019-08-22,2019082201005355,BOKL,4,25,200,257.00,"51,400.00"
2019-08-22,2019082201005354,BOKL,44,25,800,257.00,"205,600.00"
2019-08-22,2019082201005465,BPCL,38,16,132,386.00,"50,952.00"
2019-08-22,2019082201005329,BPCL,38,22,11,386.00,"4,246.00"
2019-08-22,2019082201005773,CBL,33,41,165,146.00,"24,090.00"
2019-08-22,2019082201005772,CBL,11,32,100,147.00,"14,700.00"
2019-08-22,2019082201005771,CBL,11,41,400,147.00,"58,800.00"
2019-08-22,2019082201005730,CBL,33,42,20,146.00,"2,920.00"
2019-08-22,2019082201005729,CBL,16,42,150,146.00,"21,900.00"
2019-08-22,2019082201005728,CBL,35,42,80,146.00,"11,680.00"
2019-08-22,2019082201005534,CBL,35,22,330,146.00,"48,180.00"
2019-08-22,2019082201005293,CCBL,48,22,33,159.00,"5,247.00"
2019-08-22,2019082201005778,CHCL,4,22,55,447.00,"24,585.00"
2019-08-22,2019082201005761,CHCL,6,22,"2,300",446.00,"1,025,800.00"
2019-08-22,2019082201005760,CHCL,56,22,200,446.00,"89,200.00"
2019-08-22,2019082201005695,CHCL,38,22,100,447.00,"44,700.00"
2019-08-22,2019082201005656,CHCL,59,22,25,447.00,"11,175.00"
2019-08-22,2019082201005655,CHCL,42,22,200,447.00,"89,400.00"
2019-08-22,2019082201005654,CHCL,22,22,120,447.00,"53,640.00"
2019-08-22,2019082201005667,CIT,33,50,100,"2,410.00","241,000.00"
2019-08-22,2019082201005766,CZBIL,1,33,223,215.00,"47,945.00"
2019-08-22,2019082201005765,CZBIL,1,33,277,215.00,"59,555.00"
2019-08-22,2019082201005690,CZBIL,1,45,223,215.00,"47,945.00"
2019-08-22,2019082201005689,CZBIL,14,45,200,215.00,"43,000.00"
2019-08-22,2019082201005688,CZBIL,28,45,77,215.00,"16,555.00"
2019-08-22,2019082201005565,CZBIL,28,43,"1,773",215.00,"381,195.00"
2019-08-22,2019082201005564,CZBIL,45,43,227,215.00,"48,805.00"
2019-08-22,2019082201005299,CZBIL,58,45,70,216.00,"15,120.00"
2019-08-22,2019082201005686,DBBL,6,21,100,135.00,"13,500.00"
2019-08-22,2019082201005685,DBBL,3,21,500,135.00,"67,500.00"
2019-08-22,2019082201005492,DDBL,58,34,20,750.00,"15,000.00"
2019-08-22,2019082201005475,DDBL,44,6,146,750.00,"109,500.00"
2019-08-22,2019082201005474,DDBL,52,6,19,750.00,"14,250.00"
2019-08-22,2019082201005443,DDBL,11,51,50,751.00,"37,550.00"
2019-08-22,2019082201005650,DHPL,41,37,11,59.00,649.00
2019-08-22,2019082201005381,EBL,44,6,80,649.00,"51,920.00"
2019-08-22,2019082201005348,EBL,50,50,138,648.00,"89,424.00"
2019-08-22,2019082201005464,FOWAD,21,5,32,"1,345.00","43,040.00"
2019-08-22,2019082201005340,FOWAD,21,49,15,"1,345.00","20,175.00"
2019-08-22,2019082201005550,GBBL,44,21,100,212.00,"21,200.00"
2019-08-22,2019082201005549,GBBL,48,21,200,212.00,"42,400.00"
2019-08-22,2019082201005548,GBBL,43,21,200,212.00,"42,400.00"
2019-08-22,2019082201005508,GBBL,49,36,500,213.00,"106,500.00"
2019-08-22,2019082201005462,GBBL,52,36,400,213.00,"85,200.00"
2019-08-22,2019082201005461,GBBL,56,36,300,213.00,"63,900.00"
2019-08-22,2019082201005454,GBBL,48,36,150,214.00,"32,100.00"
2019-08-22,2019082201005376,GBBL,48,53,50,214.00,"10,700.00"
2019-08-22,2019082201005375,GBBL,7,53,400,214.00,"85,600.00"
2019-08-22,2019082201005346,GBBL,4,53,50,215.00,"10,750.00"
2019-08-22,2019082201005460,GBBL,4,36,800,213.00,"170,400.00"
2019-08-22,2019082201005459,GBBL,50,36,"1,000",213.00,"213,000.00"
2019-08-22,2019082201005458,GBBL,58,36,50,214.00,"10,700.00"
2019-08-22,2019082201005457,GBBL,48,36,200,214.00,"42,800.00"
2019-08-22,2019082201005456,GBBL,48,36,100,214.00,"21,400.00"
2019-08-22,2019082201005455,GBBL,39,36,"1,500",214.00,"321,000.00"
2019-08-22,2019082201005574,GBLBS,6,6,40,363.00,"14,520.00"
2019-08-22,2019082201005495,GBLBS,6,45,10,363.00,"3,630.00"
2019-08-22,2019082201005384,GBLBS,8,45,10,363.00,"3,630.00"
2019-08-22,2019082201005491,GFCL,41,17,50,141.00,"7,050.00"
2019-08-22,2019082201005477,GILB,14,50,100,771.00,"77,100.00"
2019-08-22,2019082201005476,GILB,45,50,10,771.00,"7,710.00"
2019-08-22,2019082201005444,GLBSL,8,50,10,500.00,"5,000.00"
2019-08-22,2019082201005567,GMFBS,41,37,10,527.00,"5,270.00"
2019-08-22,2019082201005524,GMFBS,41,37,10,527.00,"5,270.00"
2019-08-22,2019082201005374,GUFL,3,48,68,120.00,"8,160.00"
2019-08-22,2019082201005373,GUFL,3,48,"1,000",120.00,"120,000.00"
2019-08-22,2019082201005315,GUFL,48,48,301,121.00,"36,421.00"
2019-08-22,2019082201005516,HBL,25,11,10,560.00,"5,600.00"
2019-08-22,2019082201005515,HBL,25,58,15,555.00,"8,325.00"
2019-08-22,2019082201005482,HBL,57,58,90,555.00,"49,950.00"
2019-08-22,2019082201005447,HBL,52,11,10,560.00,"5,600.00"
2019-08-22,2019082201005363,HGI,22,6,100,322.00,"32,200.00"
2019-08-22,2019082201005672,HIDCL,51,49,61,147.00,"8,967.00"
2019-08-22,2019082201005500,HIDCL,51,29,23,147.00,"3,381.00"
2019-08-22,2019082201005499,HIDCL,41,29,50,147.00,"7,350.00"
2019-08-22,2019082201005498,HIDCL,14,29,200,147.00,"29,400.00"
2019-08-22,2019082201005497,HIDCL,51,29,74,147.00,"10,878.00"
2019-08-22,2019082201005622,HPPL,26,22,70,155.00,"10,850.00"
2019-08-22,2019082201005450,HPPL,26,52,10,155.00,"1,550.00"
2019-08-22,2019082201005279,HPPL,26,57,10,155.00,"1,550.00"
2019-08-22,2019082201005623,HURJA,50,45,20,125.00,"2,500.00"
2019-08-22,2019082201005545,HURJA,50,45,20,125.00,"2,500.00"
2019-08-22,2019082201005520,HURJA,50,45,20,125.00,"2,500.00"
2019-08-22,2019082201005453,HURJA,50,19,20,125.00,"2,500.00"
2019-08-22,2019082201005451,HURJA,50,45,20,125.00,"2,500.00"
2019-08-22,2019082201005440,HURJA,50,19,20,125.00,"2,500.00"
2019-08-22,2019082201005416,HURJA,50,45,20,125.00,"2,500.00"
2019-08-22,2019082201005365,HURJA,50,45,20,125.00,"2,500.00"
2019-08-22,2019082201005302,HURJA,50,45,20,125.00,"2,500.00"
2019-08-22,2019082201005573,ILBS,6,57,100,465.00,"46,500.00"
2019-08-22,2019082201005526,ILBS,22,58,10,463.00,"4,630.00"
2019-08-22,2019082201005514,ILBS,22,17,10,463.00,"4,630.00"
2019-08-22,2019082201005503,ILBS,22,17,10,463.00,"4,630.00"
2019-08-22,2019082201005466,ILBS,22,42,10,463.00,"4,630.00"
2019-08-22,2019082201005425,ILBS,38,21,20,465.00,"9,300.00"
2019-08-22,2019082201005400,ILBS,22,11,10,463.00,"4,630.00"
2019-08-22,2019082201005332,ILBS,22,42,10,462.00,"4,620.00"
2019-08-22,2019082201005301,ILBS,22,28,10,462.00,"4,620.00"
2019-08-22,2019082201005741,JBBL,13,38,200,160.00,"32,000.00"
2019-08-22,2019082201005740,JBBL,13,45,200,160.00,"32,000.00"
2019-08-22,2019082201005739,JBBL,13,52,700,160.00,"112,000.00"
2019-08-22,2019082201005679,JBBL,38,35,245,159.00,"38,955.00"
2019-08-22,2019082201005678,JBBL,38,35,95,159.00,"15,105.00"
2019-08-22,2019082201005594,JBBL,34,34,1,157.00,157.00
2019-08-22,2019082201005362,JBBL,32,51,232,160.00,"37,120.00"
2019-08-22,2019082201005361,JBBL,32,51,111,160.00,"17,760.00"
2019-08-22,2019082201005777,JSLBB,45,21,20,956.00,"19,120.00"
2019-08-22,2019082201005776,JSLBB,47,21,10,957.00,"9,570.00"
2019-08-22,2019082201005768,KBL,44,43,636,203.00,"129,108.00"
2019-08-22,2019082201005619,KBL,44,11,428,203.00,"86,884.00"
2019-08-22,2019082201005618,KBL,26,11,50,204.00,"10,200.00"
2019-08-22,2019082201005584,KPCL,13,45,10,82.00,820.00
2019-08-22,2019082201005535,KPCL,13,45,10,82.00,820.00
2019-08-22,2019082201005493,KPCL,13,45,10,82.00,820.00
2019-08-22,2019082201005485,KPCL,13,52,10,82.00,820.00
2019-08-22,2019082201005385,KPCL,13,45,10,82.00,820.00
2019-08-22,2019082201005334,KPCL,13,45,10,82.00,820.00
2019-08-22,2019082201005504,KSBBL,46,6,537,143.00,"76,791.00"
2019-08-22,2019082201005370,KSBBL,42,6,50,143.00,"7,150.00"
2019-08-22,2019082201005369,KSBBL,42,6,50,143.00,"7,150.00"
2019-08-22,2019082201005368,KSBBL,39,6,100,143.00,"14,300.00"
2019-08-22,2019082201005367,KSBBL,57,6,263,143.00,"37,609.00"
2019-08-22,2019082201005320,KSBBL,57,6,237,143.00,"33,891.00"
2019-08-22,2019082201005319,KSBBL,41,6,500,143.00,"71,500.00"
2019-08-22,2019082201005318,KSBBL,10,6,100,143.00,"14,300.00"
2019-08-22,2019082201005317,KSBBL,1,6,163,143.00,"23,309.00"
2019-08-22,2019082201005380,LBBL,43,52,120,178.00,"21,360.00"
2019-08-22,2019082201005379,LBBL,43,45,80,178.00,"14,240.00"
2019-08-22,2019082201005674,LBL,7,11,900,213.00,"191,700.00"
2019-08-22,2019082201005673,LBL,38,11,100,214.00,"21,400.00"
2019-08-22,2019082201005507,LGIL,34,1,600,393.00,"235,800.00"
2019-08-22,2019082201005505,LGIL,34,6,100,393.00,"39,300.00"
2019-08-22,2019082201005751,MBL,26,25,50,256.00,"12,800.00"
2019-08-22,2019082201005750,MBL,34,25,258,256.00,"66,048.00"
2019-08-22,2019082201005738,MBL,34,41,542,256.00,"138,752.00"
2019-08-22,2019082201005737,MBL,36,41,458,256.00,"117,248.00"
2019-08-22,2019082201005409,MBL,36,21,"2,200",256.00,"563,200.00"
2019-08-22,2019082201005316,MBL,36,22,500,256.00,"128,000.00"
2019-08-22,2019082201005360,MEGA,26,43,598,199.00,"119,002.00"
2019-08-22,2019082201005359,MEGA,25,43,202,199.00,"40,198.00"
2019-08-22,2019082201005358,MEGA,32,43,"1,000",199.00,"199,000.00"
2019-08-22,2019082201005357,MEGA,29,43,200,199.00,"39,800.00"
2019-08-22,2019082201005393,MEGA,50,43,598,199.00,"119,002.00"
2019-08-22,2019082201005392,MEGA,22,43,"1,000",199.00,"199,000.00"
2019-08-22,2019082201005391,MEGA,26,43,402,199.00,"79,998.00"
2019-08-22,2019082201005528,MEGA,45,58,54,200.00,"10,800.00"
2019-08-22,2019082201005511,MEGA,45,1,200,200.00,"40,000.00"
2019-08-22,2019082201005510,MEGA,45,1,85,200.00,"17,000.00"
2019-08-22,2019082201005666,MEGA,45,43,161,200.00,"32,200.00"
2019-08-22,2019082201005519,MERO,45,21,200,535.00,"107,000.00"
2019-08-22,2019082201005280,MHNL,18,22,30,96.00,"2,880.00"
2019-08-22,2019082201005710,MLBL,33,17,162,210.00,"34,020.00"
2019-08-22,2019082201005709,MLBL,6,17,100,210.00,"21,000.00"
2019-08-22,2019082201005708,MLBL,33,17,500,210.00,"105,000.00"
2019-08-22,2019082201005707,MLBL,47,17,"1,000",210.00,"210,000.00"
2019-08-22,2019082201005706,MLBL,35,17,500,210.00,"105,000.00"
2019-08-22,2019082201005705,MLBL,57,17,500,210.00,"105,000.00"
2019-08-22,2019082201005431,MLBL,49,17,100,211.00,"21,100.00"
2019-08-22,2019082201005704,MLBL,35,17,400,210.00,"84,000.00"
2019-08-22,2019082201005703,MLBL,58,17,"1,500",210.00,"315,000.00"
2019-08-22,2019082201005702,MLBL,40,17,500,210.00,"105,000.00"
2019-08-22,2019082201005701,MLBL,59,17,"1,738",210.00,"364,980.00"
2019-08-22,2019082201005591,MLBL,59,17,262,210.00,"55,020.00"
2019-08-22,2019082201005342,MNBBL,39,36,65,326.00,"21,190.00"
2019-08-22,2019082201005327,MNBBL,22,5,136,327.00,"44,472.00"
2019-08-22,2019082201005282,MNBBL,39,19,100,326.00,"32,600.00"
2019-08-22,2019082201005713,NABIL,6,14,20,779.00,"15,580.00"
2019-08-22,2019082201005691,NABIL,6,14,30,779.00,"23,370.00"
2019-08-22,2019082201005620,NABIL,34,14,100,779.00,"77,900.00"
2019-08-22,2019082201005478,NABIL,22,14,50,779.00,"38,950.00"
2019-08-22,2019082201005609,NADEP,58,4,200,470.00,"94,000.00"
2019-08-22,2019082201005608,NADEP,38,4,80,471.00,"37,680.00"
2019-08-22,2019082201005539,NADEP,38,22,100,471.00,"47,100.00"
2019-08-22,2019082201005538,NADEP,38,49,20,471.00,"9,420.00"
2019-08-22,2019082201005675,NBB,25,48,10,215.00,"2,150.00"
2019-08-22,2019082201005471,NBB,38,52,322,214.00,"68,908.00"
2019-08-22,2019082201005600,NBL,1,50,118,324.00,"38,232.00"
2019-08-22,2019082201005599,NBL,22,50,30,324.00,"9,720.00"
2019-08-22,2019082201005598,NBL,16,50,400,324.00,"129,600.00"
2019-08-22,2019082201005597,NBL,45,50,51,324.00,"16,524.00"
2019-08-22,2019082201005596,NBL,49,50,100,324.00,"32,400.00"
2019-08-22,2019082201005595,NBL,49,50,301,324.00,"97,524.00"
2019-08-22,2019082201005353,NBL,49,57,99,324.00,"32,076.00"
2019-08-22,2019082201005352,NBL,22,57,400,324.00,"129,600.00"
2019-08-22,2019082201005351,NBL,6,57,20,324.00,"6,480.00"
2019-08-22,2019082201005350,NBL,34,57,100,324.00,"32,400.00"
2019-08-22,2019082201005349,NBL,28,57,181,324.00,"58,644.00"
2019-08-22,2019082201005325,NBL,28,4,191,324.00,"61,884.00"
2019-08-22,2019082201005735,NCCB,42,1,211,203.00,"42,833.00"
2019-08-22,2019082201005734,NCCB,26,1,120,203.00,"24,360.00"
2019-08-22,2019082201005733,NCCB,19,1,300,203.00,"60,900.00"
2019-08-22,2019082201005732,NCCB,22,1,50,203.00,"10,150.00"
2019-08-22,2019082201005731,NCCB,29,1,279,203.00,"56,637.00"
2019-08-22,2019082201005579,NCCB,29,36,30,203.00,"6,090.00"
2019-08-22,2019082201005311,NCCB,29,57,191,203.00,"38,773.00"
2019-08-22,2019082201005310,NCCB,17,57,100,203.00,"20,300.00"
2019-08-22,2019082201005309,NCCB,22,57,30,203.00,"6,090.00"
2019-08-22,2019082201005308,NCCB,54,57,"1,000",203.00,"203,000.00"
2019-08-22,2019082201005307,NCCB,44,57,100,203.00,"20,300.00"
2019-08-22,2019082201005306,NCCB,32,57,79,203.00,"16,037.00"
2019-08-22,2019082201005769,NIB,42,41,50,466.00,"23,300.00"
2019-08-22,2019082201005647,NIB,25,33,418,465.00,"194,370.00"
2019-08-22,2019082201005646,NIB,6,33,200,465.00,"93,000.00"
2019-08-22,2019082201005645,NIB,33,33,500,465.00,"232,500.00"
2019-08-22,2019082201005644,NIB,10,33,500,465.00,"232,500.00"
2019-08-22,2019082201005643,NIB,25,33,500,465.00,"232,500.00"
2019-08-22,2019082201005630,NIB,37,33,20,465.00,"9,300.00"
2019-08-22,2019082201005629,NIB,47,33,246,465.00,"114,390.00"
2019-08-22,2019082201005628,NIB,19,33,406,466.00,"189,196.00"
2019-08-22,2019082201005627,NIB,41,33,50,466.00,"23,300.00"
2019-08-22,2019082201005387,NIB,22,50,50,467.00,"23,350.00"
2019-08-22,2019082201005636,NIB,56,33,20,465.00,"9,300.00"
2019-08-22,2019082201005635,NIB,44,33,10,465.00,"4,650.00"
2019-08-22,2019082201005634,NIB,55,33,50,465.00,"23,250.00"
2019-08-22,2019082201005633,NIB,28,33,100,465.00,"46,500.00"
2019-08-22,2019082201005632,NIB,14,33,100,465.00,"46,500.00"
2019-08-22,2019082201005631,NIB,25,33,500,465.00,"232,500.00"
2019-08-22,2019082201005642,NIB,48,33,40,465.00,"18,600.00"
2019-08-22,2019082201005641,NIB,57,33,200,465.00,"93,000.00"
2019-08-22,2019082201005640,NIB,49,33,100,465.00,"46,500.00"
2019-08-22,2019082201005639,NIB,38,33,20,465.00,"9,300.00"
2019-08-22,2019082201005638,NIB,45,33,30,465.00,"13,950.00"
2019-08-22,2019082201005637,NIB,38,33,50,465.00,"23,250.00"
2019-08-22,2019082201005665,NIBPO,28,11,850,430.00,"365,500.00"
2019-08-22,2019082201005664,NIBPO,42,11,500,430.00,"215,000.00"
2019-08-22,2019082201005663,NIBPO,28,11,500,431.00,"215,500.00"
2019-08-22,2019082201005662,NIBPO,34,11,100,432.00,"43,200.00"
2019-08-22,2019082201005661,NIBPO,7,11,50,433.00,"21,650.00"
2019-08-22,2019082201005469,NICA,38,22,32,454.00,"14,528.00"
2019-08-22,2019082201005314,NICA,52,4,102,455.00,"46,410.00"
2019-08-22,2019082201005569,NICL,43,32,100,302.00,"30,200.00"
2019-08-22,2019082201005568,NICL,10,32,92,302.00,"27,784.00"
2019-08-22,2019082201005479,NICL,43,43,3,300.00,900.00
2019-08-22,2019082201005432,NIL,55,26,200,398.00,"79,600.00"
2019-08-22,2019082201005694,NLBBL,26,25,300,559.00,"167,700.00"
2019-08-22,2019082201005693,NLBBL,26,33,178,558.00,"99,324.00"
2019-08-22,2019082201005648,NLBBL,52,39,30,556.00,"16,680.00"
2019-08-22,2019082201005775,NLG,45,6,112,648.00,"72,576.00"
2019-08-22,2019082201005774,NLG,13,6,13,650.00,"8,450.00"
2019-08-22,2019082201005328,NLG,6,19,27,651.00,"17,577.00"
2019-08-22,2019082201005383,NLIC,58,42,10,866.00,"8,660.00"
2019-08-22,2019082201005756,NLICL,47,57,62,556.00,"34,472.00"
2019-08-22,2019082201005577,NLICL,25,25,40,555.00,"22,200.00"
2019-08-22,2019082201005576,NLICL,25,19,22,555.00,"12,210.00"
2019-08-22,2019082201005575,NLICL,25,6,181,555.00,"100,455.00"
2019-08-22,2019082201005426,NLICL,58,25,10,555.00,"5,550.00"
2019-08-22,2019082201005281,NLICL,39,19,"1,490",553.00,"823,970.00"
2019-08-22,2019082201005463,NMBHF1,6,17,"4,000",9.75,"39,000.00"
2019-08-22,2019082201005296,NMBMF,11,51,10,"1,070.00","10,700.00"
2019-08-22,2019082201005607,NMFBS,38,47,15,"1,481.00","22,215.00"
2019-08-22,2019082201005445,NMFBS,45,54,13,"1,480.00","19,240.00"
2019-08-22,2019082201005481,NSEWA,11,1,10,433.00,"4,330.00"
2019-08-22,2019082201005294,NSEWA,11,28,10,433.00,"4,330.00"
2019-08-22,2019082201005723,NTC,34,14,170,670.00,"113,900.00"
2019-08-22,2019082201005442,NTC,29,22,160,669.00,"107,040.00"
2019-08-22,2019082201005441,NTC,4,22,40,669.00,"26,760.00"
2019-08-22,2019082201005414,OHL,52,5,10,594.00,"5,940.00"
2019-08-22,2019082201005755,PCBL,28,59,500,276.00,"138,000.00"
2019-08-22,2019082201005290,PCBL,44,44,1,271.00,271.00
2019-08-22,2019082201005680,PFL,42,37,26,134.00,"3,484.00"
2019-08-22,2019082201005626,PMHPL,56,45,10,100.00,"1,000.00"
2019-08-22,2019082201005468,PMHPL,56,45,10,100.00,"1,000.00"
2019-08-22,2019082201005313,PMHPL,56,45,10,100.00,"1,000.00"
2019-08-22,2019082201005285,PMHPL,56,45,10,100.00,"1,000.00"
2019-08-22,2019082201005496,PPCL,32,52,10,105.00,"1,050.00"
2019-08-22,2019082201005436,PPCL,22,39,25,107.00,"2,675.00"
2019-08-22,2019082201005292,PPCL,32,46,20,105.00,"2,100.00"
2019-08-22,2019082201005287,PRIN,37,50,180,346.00,"62,280.00"
2019-08-22,2019082201005286,PRIN,58,50,20,347.00,"6,940.00"
2019-08-22,2019082201005752,PRVU,51,16,100,267.00,"26,700.00"
2019-08-22,2019082201005532,PRVU,26,58,238,267.00,"63,546.00"
2019-08-22,2019082201005377,PRVU,42,58,200,267.00,"53,400.00"
2019-08-22,2019082201005696,RADHI,34,37,11,140.00,"1,540.00"
2019-08-22,2019082201005341,RADHI,34,45,11,140.00,"1,540.00"
2019-08-22,2019082201005724,RBCLPO,39,33,40,"8,300.00","332,000.00"
2019-08-22,2019082201005406,RBCLPO,39,33,50,"8,300.00","415,000.00"
2019-08-22,2019082201005324,RBCLPO,39,33,10,"8,300.00","83,000.00"
2019-08-22,2019082201005700,RHPC,58,5,50,88.00,"4,400.00"
2019-08-22,2019082201005749,RHPL,41,38,30,200.00,"6,000.00"
2019-08-22,2019082201005746,RHPL,34,37,21,201.00,"4,221.00"
2019-08-22,2019082201005745,RHPL,34,43,50,201.00,"10,050.00"
2019-08-22,2019082201005744,RHPL,34,43,50,201.00,"10,050.00"
2019-08-22,2019082201005743,RHPL,34,37,40,201.00,"8,040.00"
2019-08-22,2019082201005742,RHPL,34,37,20,201.00,"4,020.00"
2019-08-22,2019082201005364,RHPL,35,38,30,200.00,"6,000.00"
2019-08-22,2019082201005335,RHPL,35,22,50,200.00,"10,000.00"
2019-08-22,2019082201005323,RHPL,26,32,10,201.00,"2,010.00"
2019-08-22,2019082201005312,RHPL,26,28,30,201.00,"6,030.00"
2019-08-22,2019082201005300,RHPL,26,38,30,201.00,"6,030.00"
2019-08-22,2019082201005283,RHPL,26,33,40,201.00,"8,040.00"
2019-08-22,2019082201005407,RHPL,22,32,20,201.00,"4,020.00"
2019-08-22,2019082201005403,RHPL,35,45,50,200.00,"10,000.00"
2019-08-22,2019082201005402,RHPL,35,32,30,200.00,"6,000.00"
2019-08-22,2019082201005398,RHPL,35,45,40,200.00,"8,000.00"
2019-08-22,2019082201005388,RHPL,35,38,30,200.00,"6,000.00"
2019-08-22,2019082201005366,RHPL,35,32,30,200.00,"6,000.00"
2019-08-22,2019082201005420,RHPL,35,47,50,201.00,"10,050.00"
2019-08-22,2019082201005419,RHPL,35,37,40,201.00,"8,040.00"
2019-08-22,2019082201005418,RHPL,35,46,10,201.00,"2,010.00"
2019-08-22,2019082201005413,RHPL,35,42,40,200.00,"8,000.00"
2019-08-22,2019082201005412,RHPL,35,38,30,200.00,"6,000.00"
2019-08-22,2019082201005408,RHPL,22,46,30,201.00,"6,030.00"
2019-08-22,2019082201005480,RHPL,35,45,50,201.00,"10,050.00"
2019-08-22,2019082201005467,RHPL,35,21,10,201.00,"2,010.00"
2019-08-22,2019082201005439,RHPL,35,32,30,201.00,"6,030.00"
2019-08-22,2019082201005430,RHPL,35,45,40,201.00,"8,040.00"
2019-08-22,2019082201005422,RHPL,35,37,40,201.00,"8,040.00"
2019-08-22,2019082201005421,RHPL,35,46,30,201.00,"6,030.00"
2019-08-22,2019082201005583,RHPL,35,26,40,200.00,"8,000.00"
2019-08-22,2019082201005530,RHPL,35,46,40,201.00,"8,040.00"
2019-08-22,2019082201005527,RHPL,35,37,50,201.00,"10,050.00"
2019-08-22,2019082201005525,RHPL,35,45,50,201.00,"10,050.00"
2019-08-22,2019082201005521,RHPL,35,37,40,201.00,"8,040.00"
2019-08-22,2019082201005517,RHPL,35,19,20,201.00,"4,020.00"
2019-08-22,2019082201005653,RHPL,41,45,30,200.00,"6,000.00"
2019-08-22,2019082201005652,RHPL,35,45,10,200.00,"2,000.00"
2019-08-22,2019082201005625,RHPL,35,38,30,200.00,"6,000.00"
2019-08-22,2019082201005605,RHPL,35,26,40,200.00,"8,000.00"
2019-08-22,2019082201005604,RHPL,35,8,40,200.00,"8,000.00"
2019-08-22,2019082201005590,RHPL,35,38,30,200.00,"6,000.00"
2019-08-22,2019082201005722,RHPL,26,37,20,201.00,"4,020.00"
2019-08-22,2019082201005721,RHPL,26,8,40,201.00,"8,040.00"
2019-08-22,2019082201005720,RHPL,26,37,40,201.00,"8,040.00"
2019-08-22,2019082201005699,RHPL,41,45,50,200.00,"10,000.00"
2019-08-22,2019082201005687,RHPL,41,49,10,200.00,"2,000.00"
2019-08-22,2019082201005677,RHPL,41,45,40,200.00,"8,000.00"
2019-08-22,2019082201005486,RRHP,47,42,10,102.00,"1,020.00"
2019-08-22,2019082201005303,RRHP,47,46,10,102.00,"1,020.00"
2019-08-22,2019082201005581,SADBL,21,52,100,146.00,"14,600.00"
2019-08-22,2019082201005748,SANIMA,36,18,140,350.00,"49,000.00"
2019-08-22,2019082201005551,SANIMA,36,4,300,350.00,"105,000.00"
2019-08-22,2019082201005344,SANIMA,36,19,10,350.00,"3,500.00"
2019-08-22,2019082201005669,SBI,36,25,190,446.00,"84,740.00"
2019-08-22,2019082201005668,SBI,8,25,10,446.00,"4,460.00"
2019-08-22,2019082201005501,SBL,44,43,12,317.00,"3,804.00"
2019-08-22,2019082201005487,SBL,34,44,12,316.00,"3,792.00"
2019-08-22,2019082201005298,SBL,34,19,137,316.00,"43,292.00"
2019-08-22,2019082201005297,SBL,56,19,200,316.00,"63,200.00"
2019-08-22,2019082201005764,SCB,51,6,56,638.00,"35,728.00"
2019-08-22,2019082201005763,SCB,25,6,207,638.00,"132,066.00"
2019-08-22,2019082201005682,SCB,25,28,50,638.00,"31,900.00"
2019-08-22,2019082201005617,SCB,50,28,50,639.00,"31,950.00"
2019-08-22,2019082201005396,SCB,22,57,20,640.00,"12,800.00"
2019-08-22,2019082201005386,SCB,25,14,243,638.00,"155,034.00"
2019-08-22,2019082201005552,SDESI,25,25,250,623.00,"155,750.00"
2019-08-22,2019082201005404,SDESI,39,34,10,624.00,"6,240.00"
2019-08-22,2019082201005649,SEF,42,51,"1,200",9.00,"10,800.00"
2019-08-22,2019082201005718,SFFIL,49,7,51,261.00,"13,311.00"
2019-08-22,2019082201005717,SFFIL,52,7,50,262.00,"13,100.00"
2019-08-22,2019082201005716,SFFIL,26,7,277,264.00,"73,128.00"
2019-08-22,2019082201005715,SFFIL,14,7,50,265.00,"13,250.00"
2019-08-22,2019082201005767,SHIVM,57,10,100,576.00,"57,600.00"
2019-08-22,2019082201005684,SHIVM,41,50,50,578.00,"28,900.00"
2019-08-22,2019082201005540,SHL,38,7,100,229.00,"22,900.00"
2019-08-22,2019082201005555,SHPC,55,42,21,225.00,"4,725.00"
2019-08-22,2019082201005554,SHPC,55,26,259,225.00,"58,275.00"
2019-08-22,2019082201005553,SHPC,55,28,20,225.00,"4,500.00"
2019-08-22,2019082201005333,SHPC,20,28,300,225.00,"67,500.00"
2019-08-22,2019082201005660,SIC,4,26,24,579.00,"13,896.00"
2019-08-22,2019082201005659,SIC,20,26,53,580.00,"30,740.00"
2019-08-22,2019082201005518,SICL,33,29,24,767.00,"18,408.00"
2019-08-22,2019082201005506,SICL,33,58,100,767.00,"76,700.00"
2019-08-22,2019082201005289,SIL,34,57,465,410.00,"190,650.00"
2019-08-22,2019082201005288,SIL,10,57,435,410.00,"178,350.00"
2019-08-22,2019082201005762,SJCL,14,37,20,216.00,"4,320.00"
2019-08-22,2019082201005754,SJCL,14,37,20,216.00,"4,320.00"
2019-08-22,2019082201005747,SJCL,14,37,20,216.00,"4,320.00"
2019-08-22,2019082201005726,SJCL,14,37,20,216.00,"4,320.00"
2019-08-22,2019082201005712,SJCL,14,49,10,216.00,"2,160.00"
2019-08-22,2019082201005683,SJCL,14,38,20,216.00,"4,320.00"
2019-08-22,2019082201005304,SJCL,32,57,20,216.00,"4,320.00"
2019-08-22,2019082201005295,SJCL,32,33,20,216.00,"4,320.00"
2019-08-22,2019082201005284,SJCL,32,38,20,216.00,"4,320.00"
2019-08-22,2019082201005338,SJCL,48,46,10,216.00,"2,160.00"
2019-08-22,2019082201005337,SJCL,48,38,20,216.00,"4,320.00"
2019-08-22,2019082201005331,SJCL,48,32,20,216.00,"4,320.00"
2019-08-22,2019082201005330,SJCL,32,28,10,216.00,"2,160.00"
2019-08-22,2019082201005326,SJCL,32,45,20,216.00,"4,320.00"
2019-08-22,2019082201005322,SJCL,32,38,20,216.00,"4,320.00"
2019-08-22,2019082201005356,SJCL,48,37,20,216.00,"4,320.00"
2019-08-22,2019082201005343,SJCL,48,22,10,216.00,"2,160.00"
2019-08-22,2019082201005390,SJCL,41,45,10,216.00,"2,160.00"
2019-08-22,2019082201005389,SJCL,48,45,10,216.00,"2,160.00"
2019-08-22,2019082201005378,SJCL,48,32,10,216.00,"2,160.00"
2019-08-22,2019082201005435,SJCL,41,45,20,216.00,"4,320.00"
2019-08-22,2019082201005433,SJCL,41,46,20,216.00,"4,320.00"
2019-08-22,2019082201005428,SJCL,41,38,20,216.00,"4,320.00"
2019-08-22,2019082201005415,SJCL,41,37,20,216.00,"4,320.00"
2019-08-22,2019082201005411,SJCL,41,32,20,216.00,"4,320.00"
2019-08-22,2019082201005399,SJCL,41,38,20,216.00,"4,320.00"
2019-08-22,2019082201005489,SJCL,41,45,20,216.00,"4,320.00"
2019-08-22,2019082201005488,SJCL,41,21,10,216.00,"2,160.00"
2019-08-22,2019082201005449,SJCL,41,32,20,216.00,"4,320.00"
2019-08-22,2019082201005546,SJCL,49,22,430,216.00,"92,880.00"
2019-08-22,2019082201005544,SJCL,49,37,20,216.00,"4,320.00"
2019-08-22,2019082201005537,SJCL,49,46,10,216.00,"2,160.00"
2019-08-22,2019082201005536,SJCL,49,38,20,216.00,"4,320.00"
2019-08-22,2019082201005533,SJCL,49,45,20,216.00,"4,320.00"
2019-08-22,2019082201005531,SJCL,41,37,20,216.00,"4,320.00"
2019-08-22,2019082201005560,SJCL,29,46,20,217.00,"4,340.00"
2019-08-22,2019082201005559,SJCL,29,57,10,217.00,"2,170.00"
2019-08-22,2019082201005558,SJCL,29,46,20,217.00,"4,340.00"
2019-08-22,2019082201005557,SJCL,29,44,10,217.00,"2,170.00"
2019-08-22,2019082201005556,SJCL,29,57,20,217.00,"4,340.00"
2019-08-22,2019082201005547,SJCL,34,22,150,216.00,"32,400.00"
2019-08-22,2019082201005588,SJCL,34,37,20,216.00,"4,320.00"
2019-08-22,2019082201005582,SJCL,34,8,20,216.00,"4,320.00"
2019-08-22,2019082201005580,SJCL,34,45,20,216.00,"4,320.00"
2019-08-22,2019082201005571,SJCL,34,37,20,216.00,"4,320.00"
2019-08-22,2019082201005562,SJCL,29,57,10,217.00,"2,170.00"
2019-08-22,2019082201005561,SJCL,29,11,10,217.00,"2,170.00"
2019-08-22,2019082201005658,SJCL,14,45,10,216.00,"2,160.00"
2019-08-22,2019082201005657,SJCL,34,45,10,216.00,"2,160.00"
2019-08-22,2019082201005621,SJCL,34,8,20,216.00,"4,320.00"
2019-08-22,2019082201005606,SJCL,34,45,20,216.00,"4,320.00"
2019-08-22,2019082201005603,SJCL,34,38,20,216.00,"4,320.00"
2019-08-22,2019082201005586,SKBBL,29,10,121,993.00,"120,153.00"
2019-08-22,2019082201005585,SKBBL,29,46,25,991.00,"24,775.00"
2019-08-22,2019082201005429,SKBBL,45,17,400,991.00,"396,400.00"
2019-08-22,2019082201005624,SLBBL,39,39,50,561.00,"28,050.00"
2019-08-22,2019082201005753,SLBSL,58,37,10,731.00,"7,310.00"
2019-08-22,2019082201005736,SLBSL,25,37,10,731.00,"7,310.00"
2019-08-22,2019082201005509,SLBSL,49,37,10,730.00,"7,300.00"
2019-08-22,2019082201005502,SLBSL,49,45,10,730.00,"7,300.00"
2019-08-22,2019082201005437,SLBSL,18,5,10,730.00,"7,300.00"
2019-08-22,2019082201005423,SLBSL,49,49,270,730.00,"197,100.00"
2019-08-22,2019082201005336,SLBSL,52,55,30,730.00,"21,900.00"
2019-08-22,2019082201005589,SLBSL,25,37,10,731.00,"7,310.00"
2019-08-22,2019082201005578,SLBSL,25,37,10,731.00,"7,310.00"
2019-08-22,2019082201005570,SLBSL,36,59,10,735.00,"7,350.00"
2019-08-22,2019082201005563,SLBSL,25,6,10,732.00,"7,320.00"
2019-08-22,2019082201005719,SLBSL,25,37,10,731.00,"7,310.00"
2019-08-22,2019082201005692,SLBSL,25,37,10,731.00,"7,310.00"
2019-08-22,2019082201005676,SLBSL,25,37,10,731.00,"7,310.00"
2019-08-22,2019082201005593,SLBSL,18,25,10,735.00,"7,350.00"
2019-08-22,2019082201005592,SLBSL,18,57,10,735.00,"7,350.00"
2019-08-22,2019082201005291,SLICL,58,49,10,300.00,"3,000.00"
2019-08-22,2019082201005714,SMATA,34,41,19,"1,300.00","24,700.00"
2019-08-22,2019082201005490,SMB,54,37,10,479.00,"4,790.00"
2019-08-22,2019082201005671,SMFBS,18,29,10,813.00,"8,130.00"
2019-08-22,2019082201005670,SMFBS,18,34,10,813.00,"8,130.00"
2019-08-22,2019082201005448,SMFBS,33,38,30,809.00,"24,270.00"
2019-08-22,2019082201005446,SMFBS,3,37,10,810.00,"8,100.00"
2019-08-22,2019082201005427,SMFBS,3,37,10,810.00,"8,100.00"
2019-08-22,2019082201005410,SMFBS,18,37,10,811.00,"8,110.00"
2019-08-22,2019082201005397,SMFBS,18,37,10,811.00,"8,110.00"
2019-08-22,2019082201005382,SMFBS,18,37,10,811.00,"8,110.00"
2019-08-22,2019082201005347,SMFBS,58,37,10,812.00,"8,120.00"
2019-08-22,2019082201005529,SPARS,7,55,30,602.00,"18,060.00"
2019-08-22,2019082201005470,SPARS,57,51,10,612.00,"6,120.00"
2019-08-22,2019082201005434,SPARS,58,1,10,603.00,"6,030.00"
2019-08-22,2019082201005345,SRBL,56,1,200,233.00,"46,600.00"
2019-08-22,2019082201005424,SWBBL,26,47,12,922.00,"11,064.00"
2019-08-22,2019082201005405,SWBBL,26,47,87,922.00,"80,214.00"
2019-08-22,2019082201005401,SWBBL,26,47,100,922.00,"92,200.00"
2019-08-22,2019082201005321,SWBBL,26,21,100,922.00,"92,200.00"
2019-08-22,2019082201005542,UIC,6,40,30,304.00,"9,120.00"
2019-08-22,2019082201005541,UIC,52,40,20,304.00,"6,080.00"
2019-08-22,2019082201005395,UIC,29,39,105,305.00,"32,025.00"
2019-08-22,2019082201005394,UIC,17,39,50,305.00,"15,250.00"
2019-08-22,2019082201005372,UIC,58,39,30,306.00,"9,180.00"
2019-08-22,2019082201005371,UIC,36,39,50,306.00,"15,300.00"
2019-08-22,2019082201005602,UMHL,26,42,14,106.00,"1,484.00"
2019-08-22,2019082201005601,UMHL,26,37,14,106.00,"1,484.00"
2019-08-22,2019082201005770,UPPER,38,50,50,254.00,"12,700.00"
2019-08-22,2019082201005587,UPPER,16,50,10,254.00,"2,540.00"
2019-08-22,2019082201005566,UPPER,16,46,40,254.00,"10,160.00"
2019-08-22,2019082201005222,ADBL,47,51,95,427.00,"40,565.00"
2019-08-22,2019082201005221,ADBL,34,51,50,427.00,"21,350.00"
2019-08-22,2019082201005220,ADBL,49,51,100,427.00,"42,700.00"
2019-08-22,2019082201005219,ADBL,57,51,370,427.00,"157,990.00"
2019-08-22,2019082201005268,AHPC,10,45,250,101.00,"25,250.00"
2019-08-22,2019082201005267,AHPC,43,45,100,101.00,"10,100.00"
2019-08-22,2019082201005266,AHPC,42,45,100,101.00,"10,100.00"
2019-08-22,2019082201005265,AHPC,45,45,47,101.00,"4,747.00"
2019-08-22,2019082201004978,AHPC,45,32,920,101.00,"92,920.00"
2019-08-22,2019082201004990,AKPL,56,58,44,154.00,"6,776.00"
2019-08-22,2019082201004989,AKPL,8,58,152,155.00,"23,560.00"
2019-08-22,2019082201005052,ALBSL,38,4,210,464.00,"97,440.00"
2019-08-22,2019082201004929,ALBSL,55,1,10,462.00,"4,620.00"
2019-08-22,2019082201005254,ALICL,25,34,360,340.00,"122,400.00"
2019-08-22,2019082201005115,ALICL,16,34,300,340.00,"102,000.00"
2019-08-22,2019082201004816,API,47,32,200,125.00,"25,000.00"
2019-08-22,2019082201004815,API,22,32,10,125.00,"1,250.00"
2019-08-22,2019082201004814,API,25,32,200,125.00,"25,000.00"
2019-08-22,2019082201004813,API,46,32,20,125.00,"2,500.00"
2019-08-22,2019082201004812,API,50,32,500,125.00,"62,500.00"
2019-08-22,2019082201004811,API,36,32,147,125.00,"18,375.00"
2019-08-22,2019082201004908,API,5,50,50,126.00,"6,300.00"
2019-08-22,2019082201004820,API,51,32,100,125.00,"12,500.00"
2019-08-22,2019082201004819,API,35,32,500,125.00,"62,500.00"
2019-08-22,2019082201004818,API,38,32,200,125.00,"25,000.00"
2019-08-22,2019082201004817,API,54,32,100,125.00,"12,500.00"
2019-08-22,2019082201005258,BFC,17,17,200,94.00,"18,800.00"
2019-08-22,2019082201005257,BFC,40,17,300,94.00,"28,200.00"
2019-08-22,2019082201004926,BOKL,59,39,64,258.00,"16,512.00"
2019-08-22,2019082201004925,BOKL,59,19,136,258.00,"35,088.00"
2019-08-22,2019082201004887,BOKL,58,39,42,258.00,"10,836.00"
2019-08-22,2019082201005109,BPCL,6,57,352,385.00,"135,520.00"
2019-08-22,2019082201005108,BPCL,37,57,40,385.00,"15,400.00"
2019-08-22,2019082201005107,BPCL,44,57,50,385.00,"19,250.00"
2019-08-22,2019082201005106,BPCL,1,57,485,385.00,"186,725.00"
2019-08-22,2019082201005094,BPCL,5,57,150,386.00,"57,900.00"
2019-08-22,2019082201005093,BPCL,49,57,100,386.00,"38,600.00"
2019-08-22,2019082201004873,BPCL,34,38,10,386.00,"3,860.00"
2019-08-22,2019082201004872,BPCL,33,38,17,386.00,"6,562.00"
2019-08-22,2019082201005126,CBBL,45,49,15,989.00,"14,835.00"
2019-08-22,2019082201005059,CBBL,50,33,700,992.00,"694,400.00"
2019-08-22,2019082201004927,CBBL,42,14,30,990.00,"29,700.00"
2019-08-22,2019082201005273,CBL,35,48,24,146.00,"3,504.00"
2019-08-22,2019082201005128,CBL,22,41,100,147.00,"14,700.00"
2019-08-22,2019082201005000,CBL,35,38,"1,066",146.00,"155,636.00"
2019-08-22,2019082201004999,CBL,33,38,39,146.00,"5,694.00"
2019-08-22,2019082201005121,CCBL,39,49,100,158.00,"15,800.00"
2019-08-22,2019082201005120,CCBL,45,49,80,158.00,"12,640.00"
2019-08-22,2019082201005119,CCBL,32,49,130,158.00,"20,540.00"
2019-08-22,2019082201005002,CCBL,32,46,50,158.00,"7,900.00"
2019-08-22,2019082201004979,CCBL,44,44,6,155.00,930.00
2019-08-22,2019082201005162,CHCL,22,6,80,447.00,"35,760.00"
2019-08-22,2019082201005161,CHCL,41,6,20,448.00,"8,960.00"
2019-08-22,2019082201005047,DBBL,21,58,839,135.00,"113,265.00"
2019-08-22,2019082201005046,DBBL,39,58,100,135.00,"13,500.00"
2019-08-22,2019082201005045,DBBL,49,58,"1,000",135.00,"135,000.00"
2019-08-22,2019082201005044,DBBL,1,58,60,135.00,"8,100.00"
2019-08-22,2019082201005043,DBBL,8,58,"1,001",135.00,"135,135.00"
2019-08-22,2019082201005253,DDBL,52,54,11,753.00,"8,283.00"
2019-08-22,2019082201004949,DHPL,55,37,11,59.00,649.00
2019-08-22,2019082201005097,EBL,49,43,80,650.00,"52,000.00"
2019-08-22,2019082201005096,EBL,13,43,100,650.00,"65,000.00"
2019-08-22,2019082201005095,EBL,13,43,32,650.00,"20,800.00"
2019-08-22,2019082201005082,EBL,13,58,18,650.00,"11,700.00"
2019-08-22,2019082201005081,EBL,29,58,100,650.00,"65,000.00"
2019-08-22,2019082201005080,EBL,38,58,100,650.00,"65,000.00"
2019-08-22,2019082201005079,EBL,34,58,70,650.00,"45,500.00"
2019-08-22,2019082201004924,EBL,34,41,80,650.00,"52,000.00"
2019-08-22,2019082201004923,EBL,19,41,20,651.00,"13,020.00"
2019-08-22,2019082201005130,EIC,51,17,100,320.00,"32,000.00"
2019-08-22,2019082201005129,EIC,52,17,10,321.00,"3,210.00"
2019-08-22,2019082201005156,FMDBL,8,4,101,391.00,"39,491.00"
2019-08-22,2019082201004854,FMDBL,55,4,50,392.00,"19,600.00"
2019-08-22,2019082201004821,FMDBL,8,4,400,391.00,"156,400.00"
2019-08-22,2019082201004795,FOWAD,29,50,35,"1,346.00","47,110.00"
2019-08-22,2019082201004930,GBLBS,48,45,50,363.00,"18,150.00"
2019-08-22,2019082201004919,GBLBS,48,45,50,363.00,"18,150.00"
2019-08-22,2019082201004910,GBLBS,48,45,50,363.00,"18,150.00"
2019-08-22,2019082201004827,GBLBS,49,52,350,357.00,"124,950.00"
2019-08-22,2019082201004826,GBLBS,22,52,200,360.00,"72,000.00"
2019-08-22,2019082201004973,GDBL,1,10,100,209.00,"20,900.00"
2019-08-22,2019082201005169,GDBL,52,36,"1,000",206.00,"206,000.00"
2019-08-22,2019082201005168,GDBL,51,36,15,207.00,"3,105.00"
2019-08-22,2019082201005167,GDBL,59,36,200,207.00,"41,400.00"
2019-08-22,2019082201005166,GDBL,45,36,345,207.00,"71,415.00"
2019-08-22,2019082201005175,GDBL,50,36,"1,000",205.00,"205,000.00"
2019-08-22,2019082201005174,GDBL,43,36,50,205.00,"10,250.00"
2019-08-22,2019082201005173,GDBL,29,36,200,205.00,"41,000.00"
2019-08-22,2019082201005172,GDBL,21,36,80,205.00,"16,400.00"
2019-08-22,2019082201005171,GDBL,52,36,"1,700",206.00,"350,200.00"
2019-08-22,2019082201005170,GDBL,57,36,100,206.00,"20,600.00"
2019-08-22,2019082201005176,GDBL,49,36,310,205.00,"63,550.00"
2019-08-22,2019082201004847,GILB,58,58,3,770.00,"2,310.00"
2019-08-22,2019082201004843,GILB,58,58,1,770.00,770.00
2019-08-22,2019082201005050,GRDBL,1,55,500,107.00,"53,500.00"
2019-08-22,2019082201004828,HIDCL,51,1,61,147.00,"8,967.00"
2019-08-22,2019082201004974,HPPL,26,22,10,155.00,"1,550.00"
2019-08-22,2019082201005117,HURJA,50,45,20,125.00,"2,500.00"
2019-08-22,2019082201005105,HURJA,50,22,20,125.00,"2,500.00"
2019-08-22,2019082201004912,HURJA,50,43,240,125.00,"30,000.00"
2019-08-22,2019082201004852,HURJA,50,33,20,125.00,"2,500.00"
2019-08-22,2019082201004825,HURJA,50,33,20,125.00,"2,500.00"
2019-08-22,2019082201005218,ILBS,22,46,10,462.00,"4,620.00"
2019-08-22,2019082201004866,ILBS,32,38,270,461.00,"124,470.00"
2019-08-22,2019082201004865,ILBS,43,38,50,461.00,"23,050.00"
2019-08-22,2019082201004864,ILBS,22,38,70,461.00,"32,270.00"
2019-08-22,2019082201004863,ILBS,17,38,120,462.00,"55,440.00"
2019-08-22,2019082201004862,ILBS,38,38,50,462.00,"23,100.00"
2019-08-22,2019082201004861,ILBS,7,38,50,462.00,"23,100.00"
2019-08-22,2019082201004860,ILBS,35,38,30,462.00,"13,860.00"
2019-08-22,2019082201004859,ILBS,7,38,30,463.00,"13,890.00"
2019-08-22,2019082201004846,ILBS,7,58,10,463.00,"4,630.00"
2019-08-22,2019082201004845,ILBS,16,58,40,463.00,"18,520.00"
2019-08-22,2019082201004837,ILBS,16,18,10,463.00,"4,630.00"
2019-08-22,2019082201005086,JBBL,32,51,149,160.00,"23,840.00"
2019-08-22,2019082201005037,JBBL,32,56,30,160.00,"4,800.00"
2019-08-22,2019082201005012,JBBL,32,58,198,160.00,"31,680.00"
2019-08-22,2019082201004954,JBBL,32,58,123,160.00,"19,680.00"
2019-08-22,2019082201004824,JBBL,56,58,75,160.00,"12,000.00"
2019-08-22,2019082201005189,KBL,43,56,983,203.00,"199,549.00"
2019-08-22,2019082201005188,KBL,46,56,500,203.00,"101,500.00"
2019-08-22,2019082201005187,KBL,22,56,45,204.00,"9,180.00"
2019-08-22,2019082201005178,KBL,22,37,105,204.00,"21,420.00"
2019-08-22,2019082201004939,KBL,51,43,100,204.00,"20,400.00"
2019-08-22,2019082201004938,KBL,41,43,100,204.00,"20,400.00"
2019-08-22,2019082201004896,KBL,45,28,500,204.00,"102,000.00"
2019-08-22,2019082201004895,KBL,7,28,214,204.00,"43,656.00"
2019-08-22,2019082201004937,KBL,28,43,164,204.00,"33,456.00"
2019-08-22,2019082201004916,KBL,28,34,"1,500",204.00,"306,000.00"
2019-08-22,2019082201004900,KBL,28,28,"1,336",204.00,"272,544.00"
2019-08-22,2019082201004899,KBL,58,28,150,204.00,"30,600.00"
2019-08-22,2019082201004898,KBL,32,28,"1,500",204.00,"306,000.00"
2019-08-22,2019082201004897,KBL,41,28,300,204.00,"61,200.00"
2019-08-22,2019082201004972,KKHC,25,37,10,59.00,590.00
2019-08-22,2019082201005245,KRBL,21,58,35,106.00,"3,710.00"
2019-08-22,2019082201005145,LBBL,5,45,100,178.00,"17,800.00"
2019-08-22,2019082201005144,LBBL,10,45,200,178.00,"35,600.00"
2019-08-22,2019082201005143,LBBL,49,45,150,178.00,"26,700.00"
2019-08-22,2019082201005142,LBBL,44,45,100,178.00,"17,800.00"
2019-08-22,2019082201005141,LBBL,44,45,370,178.00,"65,860.00"
2019-08-22,2019082201005186,LBL,45,50,100,214.00,"21,400.00"
2019-08-22,2019082201005185,LBL,32,50,189,214.00,"40,446.00"
2019-08-22,2019082201005076,LBL,32,53,311,214.00,"66,554.00"
2019-08-22,2019082201005075,LBL,58,53,189,214.00,"40,446.00"
2019-08-22,2019082201004988,LBL,52,42,10,215.00,"2,150.00"
2019-08-22,2019082201004953,LBL,58,36,11,214.00,"2,354.00"
2019-08-22,2019082201004952,LBL,40,36,500,214.00,"107,000.00"
2019-08-22,2019082201004951,LBL,22,36,"1,000",214.00,"214,000.00"
2019-08-22,2019082201004950,LBL,49,36,489,214.00,"104,646.00"
2019-08-22,2019082201005246,LGIL,34,28,220,393.00,"86,460.00"
2019-08-22,2019082201005201,LGIL,34,17,22,393.00,"8,646.00"
2019-08-22,2019082201005200,LGIL,47,17,100,393.00,"39,300.00"
2019-08-22,2019082201005199,LGIL,7,17,438,394.00,"172,572.00"
2019-08-22,2019082201005092,LGIL,7,57,62,394.00,"24,428.00"
2019-08-22,2019082201005091,LGIL,44,57,200,394.00,"78,800.00"
2019-08-22,2019082201005090,LGIL,49,57,50,394.00,"19,700.00"
2019-08-22,2019082201005089,LGIL,37,57,200,395.00,"79,000.00"
2019-08-22,2019082201005088,LGIL,43,57,100,395.00,"39,500.00"
2019-08-22,2019082201005087,LGIL,51,57,60,396.00,"23,760.00"
2019-08-22,2019082201005163,LICN,11,26,10,"1,113.00","11,130.00"
2019-08-22,2019082201005140,LVF1,47,35,"11,000",9.15,"100,650.00"
2019-08-22,2019082201005255,MBL,36,50,480,256.00,"122,880.00"
2019-08-22,2019082201004915,MBL,36,58,362,256.00,"92,672.00"
2019-08-22,2019082201004914,MBL,19,58,20,256.00,"5,120.00"
2019-08-22,2019082201004913,MBL,44,58,21,256.00,"5,376.00"
2019-08-22,2019082201004878,MBL,44,22,12,256.00,"3,072.00"
2019-08-22,2019082201005226,MEGA,53,1,100,200.00,"20,000.00"
2019-08-22,2019082201004848,MEGA,53,8,115,200.00,"23,000.00"
2019-08-22,2019082201004879,MEGA,19,40,60,201.00,"12,060.00"
2019-08-22,2019082201004851,MEGA,19,8,35,200.00,"7,000.00"
2019-08-22,2019082201004850,MEGA,37,8,100,200.00,"20,000.00"
2019-08-22,2019082201004849,MEGA,45,8,100,200.00,"20,000.00"
2019-08-22,2019082201005004,MEGA,51,44,4,200.00,800.00
2019-08-22,2019082201005159,MEGA,45,1,100,200.00,"20,000.00"
2019-08-22,2019082201005158,MEGA,19,1,15,200.00,"3,000.00"
2019-08-22,2019082201004871,MERO,29,47,31,535.00,"16,585.00"
2019-08-22,2019082201004870,MERO,41,47,120,535.00,"64,200.00"
2019-08-22,2019082201004869,MERO,41,47,19,535.00,"10,165.00"
2019-08-22,2019082201004868,MERO,25,47,29,535.00,"15,515.00"
2019-08-22,2019082201004794,MERO,32,1,27,536.00,"14,472.00"
2019-08-22,2019082201004780,MERO,41,8,31,535.00,"16,585.00"
2019-08-22,2019082201004890,MERO,20,47,100,530.00,"53,000.00"
2019-08-22,2019082201004889,MERO,45,47,235,530.00,"124,550.00"
2019-08-22,2019082201004888,MERO,55,47,20,530.00,"10,600.00"
2019-08-22,2019082201004969,MLBL,26,17,"1,000",211.00,"211,000.00"
2019-08-22,2019082201004968,MLBL,34,17,200,211.00,"42,200.00"
2019-08-22,2019082201004967,MLBL,56,17,700,211.00,"147,700.00"
2019-08-22,2019082201004966,MLBL,1,17,50,211.00,"10,550.00"
2019-08-22,2019082201005135,MNBBL,39,57,35,326.00,"11,410.00"
2019-08-22,2019082201005134,MNBBL,42,57,25,326.00,"8,150.00"
2019-08-22,2019082201005133,MNBBL,47,48,300,326.00,"97,800.00"
2019-08-22,2019082201004808,MPFL,56,10,100,112.00,"11,200.00"
2019-08-22,2019082201005053,MSLB,48,1,15,974.00,"14,610.00"
2019-08-22,2019082201005244,MSMBS,42,22,20,500.00,"10,000.00"
2019-08-22,2019082201005113,MSMBS,42,58,22,500.00,"11,000.00"
2019-08-22,2019082201005272,NABIL,36,57,85,779.00,"66,215.00"
2019-08-22,2019082201005271,NABIL,36,46,15,779.00,"11,685.00"
2019-08-22,2019082201005055,NABIL,17,28,30,778.00,"23,340.00"
2019-08-22,2019082201005018,NABIL,52,57,10,779.00,"7,790.00"
2019-08-22,2019082201004886,NABIL,17,43,470,778.00,"365,660.00"
2019-08-22,2019082201004885,NABIL,21,43,30,778.00,"23,340.00"
2019-08-22,2019082201004786,NABIL,21,57,20,778.00,"15,560.00"
2019-08-22,2019082201004783,NABIL,49,57,80,778.00,"62,240.00"
2019-08-22,2019082201005180,NADEP,39,49,10,471.00,"4,710.00"
2019-08-22,2019082201005110,NADEP,39,49,20,471.00,"9,420.00"
2019-08-22,2019082201004788,NADEP,38,34,10,466.00,"4,660.00"
2019-08-22,2019082201004787,NADEP,19,34,10,467.00,"4,670.00"
2019-08-22,2019082201005035,NBB,13,4,829,214.00,"177,406.00"
2019-08-22,2019082201004983,NBB,34,42,20,213.00,"4,260.00"
2019-08-22,2019082201004892,NBB,34,29,149,213.00,"31,737.00"
2019-08-22,2019082201004891,NBB,35,29,51,213.00,"10,863.00"
2019-08-22,2019082201004822,NBL,28,25,"1,000",324.00,"324,000.00"
2019-08-22,2019082201004791,NBL,56,44,150,325.00,"48,750.00"
2019-08-22,2019082201005072,NCCB,41,1,40,204.00,"8,160.00"
2019-08-22,2019082201004909,NCCB,32,29,225,203.00,"45,675.00"
2019-08-22,2019082201004941,NGPL,5,32,11,115.00,"1,265.00"
2019-08-22,2019082201004884,NGPL,22,58,128,114.00,"14,592.00"
2019-08-22,2019082201004857,NGPL,22,40,445,114.00,"50,730.00"
2019-08-22,2019082201005028,NHPC,7,33,"1,000",59.00,"59,000.00"
2019-08-22,2019082201005027,NHPC,57,33,100,59.00,"5,900.00"
2019-08-22,2019082201005026,NHPC,11,33,500,59.00,"29,500.00"
2019-08-22,2019082201005025,NHPC,46,33,"1,000",59.00,"59,000.00"
2019-08-22,2019082201005024,NHPC,11,33,500,59.00,"29,500.00"
2019-08-22,2019082201005023,NHPC,37,33,"1,000",59.00,"59,000.00"
2019-08-22,2019082201005022,NHPC,56,33,500,59.00,"29,500.00"
2019-08-22,2019082201005021,NHPC,56,33,"1,000",59.00,"59,000.00"
2019-08-22,2019082201005020,NHPC,14,33,990,59.00,"58,410.00"
2019-08-22,2019082201005019,NHPC,56,33,"1,000",59.00,"59,000.00"
2019-08-22,2019082201005039,NIB,50,36,18,466.00,"8,388.00"
2019-08-22,2019082201005038,NIB,59,36,81,466.00,"37,746.00"
2019-08-22,2019082201005017,NIB,8,50,10,467.00,"4,670.00"
2019-08-22,2019082201004957,NIB,51,51,3,465.00,"1,395.00"
2019-08-22,2019082201004920,NIB,59,17,19,466.00,"8,854.00"
2019-08-22,2019082201004901,NIB,47,42,44,465.00,"20,460.00"
2019-08-22,2019082201004830,NIB,14,17,50,466.00,"23,300.00"
2019-08-22,2019082201004797,NIB,41,17,20,466.00,"9,320.00"
2019-08-22,2019082201005247,NICA,38,4,500,454.00,"227,000.00"
2019-08-22,2019082201005210,NICA,38,4,348,454.00,"157,992.00"
2019-08-22,2019082201005209,NICA,11,4,152,454.00,"69,008.00"
2019-08-22,2019082201005154,NICA,11,57,39,454.00,"17,706.00"
2019-08-22,2019082201005127,NICA,11,55,150,454.00,"68,100.00"
2019-08-22,2019082201004894,NICA,11,4,500,454.00,"227,000.00"
2019-08-22,2019082201004877,NICA,11,4,59,454.00,"26,786.00"
2019-08-22,2019082201004876,NICA,38,4,50,454.00,"22,700.00"
2019-08-22,2019082201004875,NICA,29,4,441,454.00,"200,214.00"
2019-08-22,2019082201004874,NICA,57,4,450,454.00,"204,300.00"
2019-08-22,2019082201004853,NICA,57,4,"1,000",454.00,"454,000.00"
2019-08-22,2019082201005194,NICL,10,57,108,302.00,"32,616.00"
2019-08-22,2019082201005193,NICL,19,57,22,302.00,"6,644.00"
2019-08-22,2019082201004959,NICL,19,38,100,304.00,"30,400.00"
2019-08-22,2019082201004958,NICL,19,58,50,304.00,"15,200.00"
2019-08-22,2019082201005111,NIL,52,1,12,395.00,"4,740.00"
2019-08-22,2019082201004917,NIL,48,57,100,395.00,"39,500.00"
2019-08-22,2019082201005205,NLBBL,52,25,99,556.00,"55,044.00"
2019-08-22,2019082201005204,NLBBL,47,25,101,556.00,"56,156.00"
2019-08-22,2019082201005146,NLBBL,47,54,45,556.00,"25,020.00"
2019-08-22,2019082201005216,NLG,13,57,12,650.00,"7,800.00"
2019-08-22,2019082201005215,NLG,8,57,10,650.00,"6,500.00"
2019-08-22,2019082201005262,NLIC,19,57,65,862.00,"56,030.00"
2019-08-22,2019082201005261,NLIC,49,57,50,863.00,"43,150.00"
2019-08-22,2019082201005260,NLIC,42,57,56,865.00,"48,440.00"
2019-08-22,2019082201005217,NLIC,42,37,17,865.00,"14,705.00"
2019-08-22,2019082201005139,NLIC,42,57,127,865.00,"109,855.00"
2019-08-22,2019082201005138,NLIC,4,57,10,865.00,"8,650.00"
2019-08-22,2019082201005015,NLIC,6,14,10,867.00,"8,670.00"
2019-08-22,2019082201004946,NLIC,58,58,1,864.00,864.00
2019-08-22,2019082201005207,NLICL,51,57,191,550.00,"105,050.00"
2019-08-22,2019082201005206,NLICL,35,57,110,550.00,"60,500.00"
2019-08-22,2019082201005192,NLICL,52,57,20,551.00,"11,020.00"
2019-08-22,2019082201005191,NLICL,22,57,200,551.00,"110,200.00"
2019-08-22,2019082201005058,NMBHF1,14,58,"2,980",9.85,"29,353.00"
2019-08-22,2019082201005057,NMBHF1,14,26,132,9.85,"1,300.20"
2019-08-22,2019082201004987,NMBHF1,14,1,416,9.84,"4,093.44"
2019-08-22,2019082201004993,NMFBS,45,58,19,"1,480.00","28,120.00"
2019-08-22,2019082201004980,NMFBS,40,58,10,"1,490.00","14,900.00"
2019-08-22,2019082201004942,NTC,52,14,20,670.00,"13,400.00"
2019-08-22,2019082201005211,NUBL,11,22,18,872.00,"15,696.00"
2019-08-22,2019082201005249,PCBL,28,51,408,276.00,"112,608.00"
2019-08-22,2019082201005248,PCBL,42,51,337,276.00,"93,012.00"
2019-08-22,2019082201005214,PCBL,42,51,663,276.00,"182,988.00"
2019-08-22,2019082201005213,PCBL,43,51,868,276.00,"239,568.00"
2019-08-22,2019082201005208,PCBL,44,40,1,272.00,272.00
2019-08-22,2019082201004996,PFL,1,17,35,136.00,"4,760.00"
2019-08-22,2019082201004995,PFL,1,26,13,136.00,"1,768.00"
2019-08-22,2019082201004994,PFL,1,17,26,136.00,"3,536.00"
2019-08-22,2019082201004984,PFL,1,37,26,135.00,"3,510.00"
2019-08-22,2019082201005040,PIC,52,52,10,453.00,"4,530.00"
2019-08-22,2019082201005184,PICL,6,48,100,451.00,"45,100.00"
2019-08-22,2019082201005183,PICL,55,48,50,451.00,"22,550.00"
2019-08-22,2019082201005182,PICL,25,48,20,451.00,"9,020.00"
2019-08-22,2019082201005181,PICL,45,48,50,452.00,"22,600.00"
2019-08-22,2019082201005073,PPCL,18,21,20,106.00,"2,120.00"
2019-08-22,2019082201005041,PPCL,18,21,30,106.00,"3,180.00"
2019-08-22,2019082201005016,PPCL,18,21,30,106.00,"3,180.00"
2019-08-22,2019082201004992,PPCL,18,21,30,106.00,"3,180.00"
2019-08-22,2019082201004981,PPCL,18,21,20,106.00,"2,120.00"
2019-08-22,2019082201004965,PPCL,18,21,30,106.00,"3,180.00"
2019-08-22,2019082201004807,PPCL,18,56,10,106.00,"1,060.00"
2019-08-22,2019082201004806,PPCL,18,45,30,106.00,"3,180.00"
2019-08-22,2019082201005242,PRVU,25,58,266,266.00,"70,756.00"
2019-08-22,2019082201005241,PRVU,51,58,500,266.00,"133,000.00"
2019-08-22,2019082201005240,PRVU,32,58,"1,000",266.00,"266,000.00"
2019-08-22,2019082201005239,PRVU,44,58,"1,000",266.00,"266,000.00"
2019-08-22,2019082201005238,PRVU,28,58,"1,500",266.00,"399,000.00"
2019-08-22,2019082201005237,PRVU,13,58,500,266.00,"133,000.00"
2019-08-22,2019082201005013,PRVU,53,33,48,267.00,"12,816.00"
2019-08-22,2019082201004948,PRVU,53,6,80,267.00,"21,360.00"
2019-08-22,2019082201004940,PRVU,42,10,500,268.00,"134,000.00"
2019-08-22,2019082201004903,PRVU,21,10,82,268.00,"21,976.00"
2019-08-22,2019082201005122,PRVU,14,25,448,267.00,"119,616.00"
2019-08-22,2019082201005032,PRVU,14,1,52,267.00,"13,884.00"
2019-08-22,2019082201005031,PRVU,49,1,100,267.00,"26,700.00"
2019-08-22,2019082201005030,PRVU,34,1,200,267.00,"53,400.00"
2019-08-22,2019082201005029,PRVU,57,1,148,267.00,"39,516.00"
2019-08-22,2019082201005014,PRVU,57,33,352,267.00,"93,984.00"
2019-08-22,2019082201005157,PRVU,6,55,54,267.00,"14,418.00"
2019-08-22,2019082201005123,PRVU,6,25,52,267.00,"13,884.00"
2019-08-22,2019082201005230,PRVU,45,58,100,267.00,"26,700.00"
2019-08-22,2019082201005229,PRVU,51,58,100,267.00,"26,700.00"
2019-08-22,2019082201005228,PRVU,44,58,100,267.00,"26,700.00"
2019-08-22,2019082201005227,PRVU,6,58,694,267.00,"185,298.00"
2019-08-22,2019082201005195,PRVU,6,25,"1,200",267.00,"320,400.00"
2019-08-22,2019082201005236,PRVU,44,58,"1,000",266.00,"266,000.00"
2019-08-22,2019082201005235,PRVU,44,58,200,266.00,"53,200.00"
2019-08-22,2019082201005234,PRVU,34,58,300,266.00,"79,800.00"
2019-08-22,2019082201005233,PRVU,53,58,40,266.00,"10,640.00"
2019-08-22,2019082201005232,PRVU,44,58,200,266.00,"53,200.00"
2019-08-22,2019082201005231,PRVU,28,58,500,267.00,"133,500.00"
2019-08-22,2019082201005275,RADHI,34,28,11,140.00,"1,540.00"
2019-08-22,2019082201005084,RBCL,25,6,20,"9,225.00","184,500.00"
2019-08-22,2019082201005051,RBCL,25,6,20,"9,220.00","184,400.00"
2019-08-22,2019082201004976,RBCL,56,6,20,"9,220.00","184,400.00"
2019-08-22,2019082201005274,RHPL,26,38,30,201.00,"6,030.00"
2019-08-22,2019082201005264,RHPL,26,42,10,201.00,"2,010.00"
2019-08-22,2019082201005263,RHPL,49,42,30,201.00,"6,030.00"
2019-08-22,2019082201005259,RHPL,49,46,30,201.00,"6,030.00"
2019-08-22,2019082201005243,RHPL,49,32,30,201.00,"6,030.00"
2019-08-22,2019082201005225,RHPL,49,38,30,201.00,"6,030.00"
2019-08-22,2019082201004836,RHPL,35,26,30,200.00,"6,000.00"
2019-08-22,2019082201004835,RHPL,35,33,40,200.00,"8,000.00"
2019-08-22,2019082201004796,RHPL,25,25,550,201.00,"110,550.00"
2019-08-22,2019082201004782,RHPL,35,40,20,200.00,"4,000.00"
2019-08-22,2019082201004781,RHPL,56,40,20,201.00,"4,020.00"
2019-08-22,2019082201004905,RHPL,49,26,30,201.00,"6,030.00"
2019-08-22,2019082201004904,RHPL,49,1,40,201.00,"8,040.00"
2019-08-22,2019082201004902,RHPL,35,18,30,200.00,"6,000.00"
2019-08-22,2019082201004858,RHPL,35,33,40,200.00,"8,000.00"
2019-08-22,2019082201004856,RHPL,35,19,20,200.00,"4,000.00"
2019-08-22,2019082201004844,RHPL,35,19,20,200.00,"4,000.00"
2019-08-22,2019082201004982,RHPL,49,18,30,201.00,"6,030.00"
2019-08-22,2019082201004971,RHPL,49,42,20,201.00,"4,020.00"
2019-08-22,2019082201004945,RHPL,49,32,30,201.00,"6,030.00"
2019-08-22,2019082201004932,RHPL,49,11,40,201.00,"8,040.00"
2019-08-22,2019082201004911,RHPL,49,6,20,201.00,"4,020.00"
2019-08-22,2019082201004906,RHPL,49,1,30,201.00,"6,030.00"
2019-08-22,2019082201005083,RHPL,49,19,40,201.00,"8,040.00"
2019-08-22,2019082201005077,RHPL,49,38,30,201.00,"6,030.00"
2019-08-22,2019082201005074,RHPL,49,26,40,201.00,"8,040.00"
2019-08-22,2019082201005056,RHPL,49,48,30,201.00,"6,030.00"
2019-08-22,2019082201004998,RHPL,49,51,20,201.00,"4,020.00"
2019-08-22,2019082201004991,RHPL,49,32,30,201.00,"6,030.00"
2019-08-22,2019082201005124,RHPL,49,45,50,201.00,"10,050.00"
2019-08-22,2019082201005116,RHPL,49,26,40,201.00,"8,040.00"
2019-08-22,2019082201005114,RHPL,49,43,40,201.00,"8,040.00"
2019-08-22,2019082201005102,RHPL,49,32,30,201.00,"6,030.00"
2019-08-22,2019082201005101,RHPL,49,48,30,201.00,"6,030.00"
2019-08-22,2019082201005100,RHPL,49,26,40,201.00,"8,040.00"
2019-08-22,2019082201005224,RHPL,49,42,40,201.00,"8,040.00"
2019-08-22,2019082201005190,RHPL,49,26,40,201.00,"8,040.00"
2019-08-22,2019082201005165,RHPL,49,32,30,201.00,"6,030.00"
2019-08-22,2019082201005160,RHPL,49,43,40,201.00,"8,040.00"
2019-08-22,2019082201005136,RHPL,49,43,40,201.00,"8,040.00"
2019-08-22,2019082201005132,RHPL,49,38,30,201.00,"6,030.00"
2019-08-22,2019082201005223,RMDC,7,22,13,651.00,"8,463.00"
2019-08-22,2019082201005054,RMDC,7,57,17,651.00,"11,067.00"
2019-08-22,2019082201004931,RSDC,11,29,100,354.00,"35,400.00"
2019-08-22,2019082201005048,SANIMA,41,58,50,352.00,"17,600.00"
2019-08-22,2019082201004970,SANIMA,36,52,50,350.00,"17,500.00"
2019-08-22,2019082201004975,SBI,52,38,10,449.00,"4,490.00"
2019-08-22,2019082201004997,SBL,52,43,10,317.00,"3,170.00"
2019-08-22,2019082201005060,SCB,4,16,100,637.00,"63,700.00"
2019-08-22,2019082201005010,SCB,49,41,80,638.00,"51,040.00"
2019-08-22,2019082201005009,SCB,50,41,10,638.00,"6,380.00"
2019-08-22,2019082201005008,SCB,52,41,10,639.00,"6,390.00"
2019-08-22,2019082201005007,SDESI,45,6,16,626.00,"10,016.00"
2019-08-22,2019082201005003,SDESI,34,34,9,616.00,"5,544.00"
2019-08-22,2019082201004947,SDESI,45,33,100,628.00,"62,800.00"
2019-08-22,2019082201005153,SHIVM,41,49,50,578.00,"28,900.00"
2019-08-22,2019082201005118,SHIVM,53,57,100,579.00,"57,900.00"
2019-08-22,2019082201005071,SHIVM,57,57,100,578.00,"57,800.00"
2019-08-22,2019082201005070,SHIVM,45,40,150,575.00,"86,250.00"
2019-08-22,2019082201005069,SHIVM,38,40,100,576.00,"57,600.00"
2019-08-22,2019082201005068,SHIVM,20,40,100,576.00,"57,600.00"
2019-08-22,2019082201004985,SHIVM,52,50,100,578.00,"57,800.00"
2019-08-22,2019082201004936,SHIVM,34,55,200,578.00,"115,600.00"
2019-08-22,2019082201004833,SHIVM,48,40,50,579.00,"28,950.00"
2019-08-22,2019082201005067,SHIVM,20,40,100,576.00,"57,600.00"
2019-08-22,2019082201005066,SHIVM,44,40,200,576.00,"115,200.00"
2019-08-22,2019082201005065,SHIVM,48,40,250,576.00,"144,000.00"
2019-08-22,2019082201005064,SHIVM,14,40,200,577.00,"115,400.00"
2019-08-22,2019082201005063,SHIVM,25,40,100,577.00,"57,700.00"
2019-08-22,2019082201005062,SHIVM,32,40,100,577.00,"57,700.00"
2019-08-22,2019082201004893,SHL,52,14,100,230.00,"23,000.00"
2019-08-22,2019082201004883,SHPC,48,45,100,223.00,"22,300.00"
2019-08-22,2019082201004882,SHPC,3,45,100,223.00,"22,300.00"
2019-08-22,2019082201004881,SHPC,45,45,67,223.00,"14,941.00"
2019-08-22,2019082201004880,SHPC,22,45,233,224.00,"52,192.00"
2019-08-22,2019082201005198,SIC,20,37,47,580.00,"27,260.00"
2019-08-22,2019082201005197,SIC,52,37,10,581.00,"5,810.00"
2019-08-22,2019082201004964,SICL,21,17,100,770.00,"77,000.00"
2019-08-22,2019082201004963,SICL,43,17,300,770.00,"231,000.00"
2019-08-22,2019082201004962,SICL,25,17,10,770.00,"7,700.00"
2019-08-22,2019082201004961,SICL,35,17,30,770.00,"23,100.00"
2019-08-22,2019082201004960,SICL,22,17,41,771.00,"31,611.00"
2019-08-22,2019082201005034,SIFC,43,35,200,156.00,"31,200.00"
2019-08-22,2019082201005033,SIFC,43,35,400,156.00,"62,400.00"
2019-08-22,2019082201005098,SIL,10,38,315,410.00,"129,150.00"
2019-08-22,2019082201004840,SIL,10,45,29,410.00,"11,890.00"
2019-08-22,2019082201004831,SIL,10,45,29,410.00,"11,890.00"
2019-08-22,2019082201004823,SIL,10,45,29,410.00,"11,890.00"
2019-08-22,2019082201005270,SJCL,32,46,20,216.00,"4,320.00"
2019-08-22,2019082201005269,SJCL,32,42,20,216.00,"4,320.00"
2019-08-22,2019082201005256,SJCL,32,32,10,216.00,"2,160.00"
2019-08-22,2019082201005252,SJCL,32,38,20,216.00,"4,320.00"
2019-08-22,2019082201005212,SJCL,32,42,20,216.00,"4,320.00"
2019-08-22,2019082201004810,SJCL,16,19,20,216.00,"4,320.00"
2019-08-22,2019082201004793,SJCL,16,40,10,216.00,"2,160.00"
2019-08-22,2019082201004792,SJCL,21,40,10,216.00,"2,160.00"
2019-08-22,2019082201004785,SJCL,21,57,20,216.00,"4,320.00"
2019-08-22,2019082201004784,SJCL,21,1,20,216.00,"4,320.00"
2019-08-22,2019082201004779,SJCL,21,44,20,216.00,"4,320.00"
2019-08-22,2019082201004842,SJCL,16,18,20,216.00,"4,320.00"
2019-08-22,2019082201004841,SJCL,16,33,20,216.00,"4,320.00"
2019-08-22,2019082201004839,SJCL,16,26,20,216.00,"4,320.00"
2019-08-22,2019082201004838,SJCL,16,19,20,216.00,"4,320.00"
2019-08-22,2019082201004829,SJCL,16,26,20,216.00,"4,320.00"
2019-08-22,2019082201004907,SJCL,16,18,10,216.00,"2,160.00"
2019-08-22,2019082201004867,SJCL,16,33,20,216.00,"4,320.00"
2019-08-22,2019082201005001,SJCL,16,32,20,216.00,"4,320.00"
2019-08-22,2019082201004986,SJCL,16,18,20,216.00,"4,320.00"
2019-08-22,2019082201004977,SJCL,16,42,10,216.00,"2,160.00"
2019-08-22,2019082201004955,SJCL,16,32,20,216.00,"4,320.00"
2019-08-22,2019082201004944,SJCL,16,18,20,216.00,"4,320.00"
2019-08-22,2019082201004918,SJCL,16,1,20,216.00,"4,320.00"
2019-08-22,2019082201005112,SJCL,16,32,10,216.00,"2,160.00"
2019-08-22,2019082201005099,SJCL,16,38,20,216.00,"4,320.00"
2019-08-22,2019082201005085,SJCL,16,48,20,216.00,"4,320.00"
2019-08-22,2019082201005042,SJCL,16,48,20,216.00,"4,320.00"
2019-08-22,2019082201005011,SJCL,16,51,20,216.00,"4,320.00"
2019-08-22,2019082201005155,SJCL,16,38,20,216.00,"4,320.00"
2019-08-22,2019082201005149,SJCL,16,43,20,216.00,"4,320.00"
2019-08-22,2019082201005147,SJCL,16,45,20,216.00,"4,320.00"
2019-08-22,2019082201005137,SJCL,16,34,20,216.00,"4,320.00"
2019-08-22,2019082201005131,SJCL,16,37,20,216.00,"4,320.00"
2019-08-22,2019082201005125,SJCL,16,43,10,216.00,"2,160.00"
2019-08-22,2019082201005203,SJCL,39,44,10,217.00,"2,170.00"
2019-08-22,2019082201005202,SJCL,39,44,10,217.00,"2,170.00"
2019-08-22,2019082201005196,SJCL,16,32,10,216.00,"2,160.00"
2019-08-22,2019082201005179,SJCL,16,43,20,216.00,"4,320.00"
2019-08-22,2019082201004956,SKBBL,34,26,300,990.00,"297,000.00"
2019-08-22,2019082201005164,SLBBL,43,10,40,560.00,"22,400.00"
2019-08-22,2019082201005151,SLBBL,13,10,100,560.00,"56,000.00"
2019-08-22,2019082201005150,SLBBL,50,10,200,560.00,"112,000.00"
2019-08-22,2019082201005061,SLBBL,48,10,78,561.00,"43,758.00"
2019-08-22,2019082201005049,SLBBL,39,10,242,562.00,"136,004.00"
2019-08-22,2019082201004935,SLBBL,39,21,70,562.00,"39,340.00"
2019-08-22,2019082201004834,SLBBL,39,57,128,562.00,"71,936.00"
2019-08-22,2019082201005251,SLBSL,44,45,100,730.00,"73,000.00"
2019-08-22,2019082201005250,SLBSL,52,45,100,731.00,"73,100.00"
2019-08-22,2019082201005104,SLBSL,49,45,500,732.00,"366,000.00"
2019-08-22,2019082201005103,SLBSL,18,45,100,733.00,"73,300.00"
2019-08-22,2019082201005006,SLBSL,17,13,10,740.00,"7,400.00"
2019-08-22,2019082201005005,SLBSL,17,1,10,740.00,"7,400.00"
2019-08-22,2019082201004800,SLBSL,52,19,10,739.00,"7,390.00"
2019-08-22,2019082201004799,SLBSL,52,39,10,738.00,"7,380.00"
2019-08-22,2019082201004809,SLBSL,52,39,10,742.00,"7,420.00"
2019-08-22,2019082201004805,SLBSL,52,45,100,742.00,"74,200.00"
2019-08-22,2019082201004804,SLBSL,52,17,10,742.00,"7,420.00"
2019-08-22,2019082201004803,SLBSL,52,45,100,741.00,"74,100.00"
2019-08-22,2019082201004802,SLBSL,52,8,50,740.00,"37,000.00"
2019-08-22,2019082201004801,SLBSL,52,52,10,740.00,"7,400.00"
2019-08-22,2019082201004934,SLBSL,52,37,10,740.00,"7,400.00"
2019-08-22,2019082201005177,SMFBS,58,25,10,812.00,"8,120.00"
2019-08-22,2019082201005152,SMFBS,58,25,10,812.00,"8,120.00"
2019-08-22,2019082201005148,SMFBS,58,37,10,812.00,"8,120.00"
2019-08-22,2019082201005036,SMFBS,58,49,10,812.00,"8,120.00"
2019-08-22,2019082201004943,SRBL,56,41,400,233.00,"93,200.00"
2019-08-22,2019082201004933,SWBBL,26,21,50,923.00,"46,150.00"
2019-08-22,2019082201004922,SWBBL,26,21,50,923.00,"46,150.00"
2019-08-22,2019082201004921,SWBBL,45,21,50,923.00,"46,150.00"
2019-08-22,2019082201004832,UFL,40,5,57,173.00,"9,861.00"
2019-08-22,2019082201005078,UIC,52,1,10,307.00,"3,070.00"
2019-08-22,2019082201005278,UPPER,51,22,40,253.00,"10,120.00"
2019-08-22,2019082201005277,UPPER,51,42,23,253.00,"5,819.00"
2019-08-22,2019082201005276,UPPER,32,42,37,253.00,"9,361.00"
2019-08-22,2019082201004798,UPPER,32,1,40,253.00,"10,120.00"
2019-08-22,2019082201004790,UPPER,38,59,149,255.00,"37,995.00"
2019-08-22,2019082201004789,UPPER,38,3,111,255.00,"28,305.00"
2019-08-22,2019082201004928,UPPER,51,59,100,255.00,"25,500.00"
2019-08-22,2019082201004855,UPPER,32,57,100,253.00,"25,300.00"
2019-08-22,2019082201004519,ADBL,57,34,630,427.00,"269,010.00"
2019-08-22,2019082201004518,ADBL,34,34,570,427.00,"243,390.00"
2019-08-22,2019082201004471,ADBL,34,52,96,427.00,"40,992.00"
2019-08-22,2019082201004290,ADBL,21,51,35,428.00,"14,980.00"
2019-08-22,2019082201004529,AKJCL,32,26,20,67.00,"1,340.00"
2019-08-22,2019082201004399,AKJCL,32,26,20,67.00,"1,340.00"
2019-08-22,2019082201004350,AKJCL,40,22,10,68.00,680.00
2019-08-22,2019082201004685,AKPL,40,32,"2,000",156.00,"312,000.00"
2019-08-22,2019082201004470,AKPL,8,50,48,155.00,"7,440.00"
2019-08-22,2019082201004469,AKPL,51,50,148,155.00,"22,940.00"
2019-08-22,2019082201004638,ALBSL,52,25,60,463.00,"27,780.00"
2019-08-22,2019082201004522,ALBSL,52,55,10,463.00,"4,630.00"
2019-08-22,2019082201004422,ALBSL,38,38,10,464.00,"4,640.00"
2019-08-22,2019082201004386,ALBSL,26,29,10,464.00,"4,640.00"
2019-08-22,2019082201004359,ALBSL,26,50,10,464.00,"4,640.00"
2019-08-22,2019082201004312,ALICL,25,34,266,337.00,"89,642.00"
2019-08-22,2019082201004305,ALICL,37,34,150,338.00,"50,700.00"
2019-08-22,2019082201004304,ALICL,17,34,118,338.00,"39,884.00"
2019-08-22,2019082201004303,ALICL,40,34,50,339.00,"16,950.00"
2019-08-22,2019082201004709,API,35,50,41,126.00,"5,166.00"
2019-08-22,2019082201004511,API,35,55,29,126.00,"3,654.00"
2019-08-22,2019082201004279,API,35,32,30,126.00,"3,780.00"
2019-08-22,2019082201004683,BPCL,33,34,83,386.00,"32,038.00"
2019-08-22,2019082201004682,BPCL,39,34,77,386.00,"29,722.00"
2019-08-22,2019082201004681,BPCL,53,34,200,386.00,"77,200.00"
2019-08-22,2019082201004439,BPCL,39,45,22,386.00,"8,492.00"
2019-08-22,2019082201004348,CBL,33,44,121,146.00,"17,666.00"
2019-08-22,2019082201004347,CBL,56,44,"1,000",146.00,"146,000.00"
2019-08-22,2019082201004346,CBL,55,44,500,146.00,"73,000.00"
2019-08-22,2019082201004345,CBL,42,44,10,146.00,"1,460.00"
2019-08-22,2019082201004344,CBL,56,44,300,146.00,"43,800.00"
2019-08-22,2019082201004343,CBL,39,44,150,146.00,"21,900.00"
2019-08-22,2019082201004336,CBL,43,44,"1,000",146.00,"146,000.00"
2019-08-22,2019082201004335,CBL,45,44,"1,000",146.00,"146,000.00"
2019-08-22,2019082201004334,CBL,17,44,"1,000",146.00,"146,000.00"
2019-08-22,2019082201004333,CBL,26,44,69,146.00,"10,074.00"
2019-08-22,2019082201004342,CBL,32,44,"5,000",146.00,"730,000.00"
2019-08-22,2019082201004341,CBL,7,44,"1,000",146.00,"146,000.00"
2019-08-22,2019082201004340,CBL,52,44,500,146.00,"73,000.00"
2019-08-22,2019082201004339,CBL,58,44,50,146.00,"7,300.00"
2019-08-22,2019082201004338,CBL,58,44,50,146.00,"7,300.00"
2019-08-22,2019082201004337,CBL,52,44,100,146.00,"14,600.00"
2019-08-22,2019082201004643,CCBL,32,45,320,158.00,"50,560.00"
2019-08-22,2019082201004642,CCBL,32,45,"1,180",158.00,"186,440.00"
2019-08-22,2019082201004406,CCBL,28,14,400,159.00,"63,600.00"
2019-08-22,2019082201004405,CCBL,28,49,710,159.00,"112,890.00"
2019-08-22,2019082201004398,CCBL,32,57,10,158.00,"1,580.00"
2019-08-22,2019082201004361,CCBL,32,45,"3,010",158.00,"475,580.00"
2019-08-22,2019082201004328,CCBL,32,46,800,158.00,"126,400.00"
2019-08-22,2019082201004327,CCBL,26,46,200,158.00,"31,600.00"
2019-08-22,2019082201004640,CHCL,59,42,30,447.00,"13,410.00"
2019-08-22,2019082201004521,CHCL,39,42,20,447.00,"8,940.00"
2019-08-22,2019082201004466,CHCL,6,14,113,446.00,"50,398.00"
2019-08-22,2019082201004325,CHCL,44,42,50,447.00,"22,350.00"
2019-08-22,2019082201004746,CZBIL,45,42,209,215.00,"44,935.00"
2019-08-22,2019082201004599,CZBIL,45,4,"1,000",215.00,"215,000.00"
2019-08-22,2019082201004449,CZBIL,7,6,38,216.00,"8,208.00"
2019-08-22,2019082201004448,CZBIL,7,25,500,216.00,"108,000.00"
2019-08-22,2019082201004447,CZBIL,7,36,10,216.00,"2,160.00"
2019-08-22,2019082201004446,CZBIL,7,17,202,216.00,"43,632.00"
2019-08-22,2019082201004445,CZBIL,7,45,10,216.00,"2,160.00"
2019-08-22,2019082201004322,CZBIL,56,6,"1,000",216.00,"216,000.00"
2019-08-22,2019082201004544,DBBL,10,21,100,135.00,"13,500.00"
2019-08-22,2019082201004543,DBBL,6,21,500,135.00,"67,500.00"
2019-08-22,2019082201004542,DBBL,48,21,100,135.00,"13,500.00"
2019-08-22,2019082201004541,DBBL,56,21,200,135.00,"27,000.00"
2019-08-22,2019082201004540,DBBL,57,21,100,135.00,"13,500.00"
2019-08-22,2019082201004539,DBBL,26,21,704,135.00,"95,040.00"
2019-08-22,2019082201004375,DBBL,26,46,296,135.00,"39,960.00"
2019-08-22,2019082201004374,DBBL,3,46,704,135.00,"95,040.00"
2019-08-22,2019082201004282,DDBL,52,45,10,750.00,"7,500.00"
2019-08-22,2019082201004707,EIC,51,17,10,325.00,"3,250.00"
2019-08-22,2019082201004613,EIC,38,17,10,325.00,"3,250.00"
2019-08-22,2019082201004696,GBBL,4,45,200,215.00,"43,000.00"
2019-08-22,2019082201004695,GBBL,59,45,100,215.00,"21,500.00"
2019-08-22,2019082201004735,GBLBS,48,45,100,363.00,"36,300.00"
2019-08-22,2019082201004329,GBLBS,53,26,10,360.00,"3,600.00"
2019-08-22,2019082201004382,GIMES1,48,36,"5,000",7.75,"38,750.00"
2019-08-22,2019082201004660,GMFBS,38,38,10,534.00,"5,340.00"
2019-08-22,2019082201004623,GMFBS,39,39,10,530.00,"5,300.00"
2019-08-22,2019082201004468,GMFBS,38,38,10,529.00,"5,290.00"
2019-08-22,2019082201004310,GMFBS,48,11,10,526.00,"5,260.00"
2019-08-22,2019082201004291,GMFBS,19,52,10,527.00,"5,270.00"
2019-08-22,2019082201004595,GUFL,48,52,100,121.00,"12,100.00"
2019-08-22,2019082201004318,HBL,25,11,10,560.00,"5,600.00"
2019-08-22,2019082201004697,HGI,22,58,50,322.00,"16,100.00"
2019-08-22,2019082201004627,HGI,22,56,240,322.00,"77,280.00"
2019-08-22,2019082201004654,HIDCL,45,4,350,148.00,"51,800.00"
2019-08-22,2019082201004626,HIDCL,51,42,65,147.00,"9,555.00"
2019-08-22,2019082201004625,HIDCL,43,42,30,147.00,"4,410.00"
2019-08-22,2019082201004467,HIDCL,43,55,223,147.00,"32,781.00"
2019-08-22,2019082201004444,HIDCL,43,42,47,147.00,"6,909.00"
2019-08-22,2019082201004443,HIDCL,14,42,48,147.00,"7,056.00"
2019-08-22,2019082201004725,HURJA,50,36,20,125.00,"2,500.00"
2019-08-22,2019082201004516,HURJA,50,51,10,125.00,"1,250.00"
2019-08-22,2019082201004417,HURJA,50,42,20,125.00,"2,500.00"
2019-08-22,2019082201004436,ICFC,42,45,60,160.00,"9,600.00"
2019-08-22,2019082201004713,ILBS,42,19,50,466.00,"23,300.00"
2019-08-22,2019082201004699,ILBS,11,34,10,463.00,"4,630.00"
2019-08-22,2019082201004644,ILBS,34,34,10,466.00,"4,660.00"
2019-08-22,2019082201004523,ILBS,48,17,100,464.00,"46,400.00"
2019-08-22,2019082201004424,ILBS,48,51,10,464.00,"4,640.00"
2019-08-22,2019082201004360,ILBS,40,4,10,467.00,"4,670.00"
2019-08-22,2019082201004293,ILBS,11,38,50,465.00,"23,250.00"
2019-08-22,2019082201004705,JBBL,56,58,100,160.00,"16,000.00"
2019-08-22,2019082201004537,JBBL,56,46,25,160.00,"4,000.00"
2019-08-22,2019082201004536,JBBL,56,32,100,160.00,"16,000.00"
2019-08-22,2019082201004301,JBBL,38,46,25,159.00,"3,975.00"
2019-08-22,2019082201004316,JSLBB,38,38,2,975.00,"1,950.00"
2019-08-22,2019082201004767,KBL,32,34,69,205.00,"14,145.00"
2019-08-22,2019082201004766,KBL,32,1,100,205.00,"20,500.00"
2019-08-22,2019082201004765,KBL,32,36,31,205.00,"6,355.00"
2019-08-22,2019082201004505,KBL,7,1,286,204.00,"58,344.00"
2019-08-22,2019082201004504,KBL,39,1,364,204.00,"74,256.00"
2019-08-22,2019082201004315,KBL,39,33,"2,212",204.00,"451,248.00"
2019-08-22,2019082201004538,KPCL,13,26,10,82.00,820.00
2019-08-22,2019082201004408,KPCL,13,26,10,82.00,820.00
2019-08-22,2019082201004694,KSBBL,57,6,500,144.00,"72,000.00"
2019-08-22,2019082201004514,KSBBL,40,46,969,144.00,"139,536.00"
2019-08-22,2019082201004490,KSBBL,1,52,37,143.00,"5,291.00"
2019-08-22,2019082201004298,KSBBL,42,46,31,144.00,"4,464.00"
2019-08-22,2019082201004763,LBBL,41,45,100,179.00,"17,900.00"
2019-08-22,2019082201004483,LBBL,44,16,130,178.00,"23,140.00"
2019-08-22,2019082201004482,LBBL,50,16,170,178.00,"30,260.00"
2019-08-22,2019082201004390,LBBL,50,45,"1,830",178.00,"325,740.00"
2019-08-22,2019082201004389,LBBL,17,45,120,178.00,"21,360.00"
2019-08-22,2019082201004388,LBBL,17,45,50,178.00,"8,900.00"
2019-08-22,2019082201004773,LBL,32,42,200,215.00,"43,000.00"
2019-08-22,2019082201004355,MEGA,53,43,635,200.00,"127,000.00"
2019-08-22,2019082201004354,MEGA,57,43,69,200.00,"13,800.00"
2019-08-22,2019082201004353,MEGA,41,43,100,200.00,"20,000.00"
2019-08-22,2019082201004352,MEGA,14,43,100,200.00,"20,000.00"
