Date,Transact. No.,Symbol,Buyer,Seller,Quantity,Rate,Amount
2019-07-15,2019071501004888,ADBL,54,52,14,406.00,"5,684.00"
2019-07-15,2019071501004887,ADBL,53,52,86,406.00,"34,916.00"
2019-07-15,2019071501004783,ADBL,53,37,46,406.00,"18,676.00"
2019-07-15,2019071501004782,ADBL,34,37,324,406.00,"131,544.00"
2019-07-15,2019071501004661,ADBL,42,47,40,407.00,"16,280.00"
2019-07-15,2019071501004576,ADBL,34,54,676,406.00,"274,456.00"
2019-07-15,2019071501004575,ADBL,47,54,300,406.00,"121,800.00"
2019-07-15,2019071501004574,ADBL,6,54,20,406.00,"8,120.00"
2019-07-15,2019071501004573,ADBL,3,54,20,406.00,"8,120.00"
2019-07-15,2019071501004572,ADBL,50,54,"1,384",406.00,"561,904.00"
2019-07-15,2019071501004557,ADBL,50,21,100,406.00,"40,600.00"
2019-07-15,2019071501004418,ADBL,25,47,100,407.00,"40,700.00"
2019-07-15,2019071501004673,AHPC,41,37,199,106.00,"21,094.00"
2019-07-15,2019071501004634,AKPL,45,55,148,177.00,"26,196.00"
2019-07-15,2019071501004556,AKPL,45,25,46,177.00,"8,142.00"
2019-07-15,2019071501004555,AKPL,58,25,300,177.00,"53,100.00"
2019-07-15,2019071501004554,AKPL,55,25,37,177.00,"6,549.00"
2019-07-15,2019071501004439,AKPL,57,44,495,178.00,"88,110.00"
2019-07-15,2019071501004435,AKPL,57,55,148,178.00,"26,344.00"
2019-07-15,2019071501004410,AKPL,57,55,148,178.00,"26,344.00"
2019-07-15,2019071501004530,AKPL,46,25,128,178.00,"22,784.00"
2019-07-15,2019071501004491,AKPL,13,47,100,181.00,"18,100.00"
2019-07-15,2019071501004490,AKPL,13,58,50,181.00,"9,050.00"
2019-07-15,2019071501004471,AKPL,46,44,472,178.00,"84,016.00"
2019-07-15,2019071501004470,AKPL,57,44,23,178.00,"4,094.00"
2019-07-15,2019071501004466,AKPL,57,55,148,178.00,"26,344.00"
2019-07-15,2019071501004620,ALBSL,44,49,10,399.00,"3,990.00"
2019-07-15,2019071501004592,ALBSL,11,44,10,396.00,"3,960.00"
2019-07-15,2019071501004867,ALICL,42,43,300,387.00,"116,100.00"
2019-07-15,2019071501004564,API,37,35,419,140.00,"58,660.00"
2019-07-15,2019071501004494,API,42,35,414,140.00,"57,960.00"
2019-07-15,2019071501004437,API,42,26,586,139.00,"81,454.00"
2019-07-15,2019071501004433,API,43,26,100,139.00,"13,900.00"
2019-07-15,2019071501004432,API,42,26,50,139.00,"6,950.00"
2019-07-15,2019071501004431,API,38,26,464,139.00,"64,496.00"
2019-07-15,2019071501004422,API,38,26,36,139.00,"5,004.00"
2019-07-15,2019071501004421,API,6,26,110,139.00,"15,290.00"
2019-07-15,2019071501004420,API,57,26,"1,054",140.00,"147,560.00"
2019-07-15,2019071501004412,API,57,55,28,140.00,"3,920.00"
2019-07-15,2019071501004820,BOKL,1,11,15,256.00,"3,840.00"
2019-07-15,2019071501004745,BOKL,39,11,273,255.00,"69,615.00"
2019-07-15,2019071501004744,BOKL,26,11,727,255.00,"185,385.00"
2019-07-15,2019071501004630,BOKL,26,11,634,255.00,"161,670.00"
2019-07-15,2019071501004629,BOKL,49,11,350,255.00,"89,250.00"
2019-07-15,2019071501004628,BOKL,11,11,16,255.00,"4,080.00"
2019-07-15,2019071501004599,BOKL,56,11,40,256.00,"10,240.00"
2019-07-15,2019071501004784,BPCL,43,7,20,409.00,"8,180.00"
2019-07-15,2019071501004625,CBBL,58,8,250,950.00,"237,500.00"
2019-07-15,2019071501004624,CBBL,58,8,50,951.00,"47,550.00"
2019-07-15,2019071501004750,CBL,11,34,"1,000",157.00,"157,000.00"
2019-07-15,2019071501004735,CBL,11,34,805,157.00,"126,385.00"
2019-07-15,2019071501004734,CBL,22,34,100,157.00,"15,700.00"
2019-07-15,2019071501004733,CBL,41,34,20,157.00,"3,140.00"
2019-07-15,2019071501004732,CBL,40,34,75,157.00,"11,775.00"
2019-07-15,2019071501004697,CBL,56,38,78,158.00,"12,324.00"
2019-07-15,2019071501004429,CBL,40,51,925,157.00,"145,225.00"
2019-07-15,2019071501004797,CCBL,34,8,143,177.00,"25,311.00"
2019-07-15,2019071501004796,CCBL,28,8,"2,000",177.00,"354,000.00"
2019-07-15,2019071501004795,CCBL,43,8,500,177.00,"88,500.00"
2019-07-15,2019071501004794,CCBL,57,8,200,177.00,"35,400.00"
2019-07-15,2019071501004793,CCBL,44,8,"2,657",177.00,"470,289.00"
2019-07-15,2019071501004765,CCBL,4,37,"2,000",178.00,"356,000.00"
2019-07-15,2019071501004675,CCBL,44,11,500,177.00,"88,500.00"
2019-07-15,2019071501004444,CCBL,44,33,300,177.00,"53,100.00"
2019-07-15,2019071501004889,CHCL,28,56,100,519.00,"51,900.00"
2019-07-15,2019071501004877,CHCL,28,44,500,519.00,"259,500.00"
2019-07-15,2019071501004876,CHCL,28,44,"1,000",519.00,"519,000.00"
2019-07-15,2019071501004463,CHCL,40,40,1,509.00,509.00
2019-07-15,2019071501004483,CHL,43,55,10,87.00,870.00
2019-07-15,2019071501004514,CIT,7,37,90,"2,428.00","218,520.00"
2019-07-15,2019071501004903,CLBSL,17,54,10,510.00,"5,100.00"
2019-07-15,2019071501004640,CZBIL,48,57,"1,000",225.00,"225,000.00"
2019-07-15,2019071501004621,CZBIL,48,57,"1,000",225.00,"225,000.00"
2019-07-15,2019071501004588,CZBIL,48,57,700,225.00,"157,500.00"
2019-07-15,2019071501004587,CZBIL,48,46,150,225.00,"33,750.00"
2019-07-15,2019071501004586,CZBIL,48,17,150,225.00,"33,750.00"
2019-07-15,2019071501004549,CZBIL,48,46,50,225.00,"11,250.00"
2019-07-15,2019071501004548,CZBIL,48,3,167,225.00,"37,575.00"
2019-07-15,2019071501004496,CZBIL,48,51,783,224.00,"175,392.00"
2019-07-15,2019071501004798,DBBL,57,22,50,146.00,"7,300.00"
2019-07-15,2019071501004590,DBBL,32,25,150,145.00,"21,750.00"
2019-07-15,2019071501004869,EBL,57,46,18,663.00,"11,934.00"
2019-07-15,2019071501004868,EBL,57,16,12,662.00,"7,944.00"
2019-07-15,2019071501004753,EBL,28,28,195,660.00,"128,700.00"
2019-07-15,2019071501004738,EBL,52,28,135,660.00,"89,100.00"
2019-07-15,2019071501004623,EBL,52,57,65,660.00,"42,900.00"
2019-07-15,2019071501004563,EBL,21,57,100,660.00,"66,000.00"
2019-07-15,2019071501004415,EBL,50,16,40,662.00,"26,480.00"
2019-07-15,2019071501004562,EBL,22,57,40,660.00,"26,400.00"
2019-07-15,2019071501004561,EBL,37,57,500,660.00,"330,000.00"
2019-07-15,2019071501004560,EBL,11,57,50,660.00,"33,000.00"
2019-07-15,2019071501004559,EBL,45,57,10,660.00,"6,600.00"
2019-07-15,2019071501004558,EBL,8,57,500,660.00,"330,000.00"
2019-07-15,2019071501004518,EBL,22,26,50,661.00,"33,050.00"
2019-07-15,2019071501004619,EDBLPO,43,38,820,155.00,"127,100.00"
2019-07-15,2019071501004872,EIC,7,17,73,357.00,"26,061.00"
2019-07-15,2019071501004871,EIC,41,17,150,358.00,"53,700.00"
2019-07-15,2019071501004870,EIC,29,17,100,358.00,"35,800.00"
2019-07-15,2019071501004632,EIC,45,39,39,362.00,"14,118.00"
2019-07-15,2019071501004500,EIC,38,32,80,361.00,"28,880.00"
2019-07-15,2019071501004884,FMDBL,49,25,10,386.00,"3,860.00"
2019-07-15,2019071501004803,FMDBL,7,4,87,380.00,"33,060.00"
2019-07-15,2019071501004802,FMDBL,36,4,13,380.00,"4,940.00"
2019-07-15,2019071501004801,FMDBL,55,4,100,381.00,"38,100.00"
2019-07-15,2019071501004800,FMDBL,59,4,200,381.00,"76,200.00"
2019-07-15,2019071501004683,FMDBL,49,25,10,386.00,"3,860.00"
2019-07-15,2019071501004769,FOWAD,42,4,10,"1,315.00","13,150.00"
2019-07-15,2019071501004768,FOWAD,42,58,19,"1,310.00","24,890.00"
2019-07-15,2019071501004430,FOWAD,45,55,19,"1,301.00","24,719.00"
2019-07-15,2019071501004866,GBBL,39,45,"1,000",225.00,"225,000.00"
2019-07-15,2019071501004799,GBBL,49,45,70,225.00,"15,750.00"
2019-07-15,2019071501004674,GBBL,46,45,200,225.00,"45,000.00"
2019-07-15,2019071501004848,GDBL,51,34,100,214.00,"21,400.00"
2019-07-15,2019071501004847,GDBL,48,34,100,214.00,"21,400.00"
2019-07-15,2019071501004846,GDBL,36,34,600,214.00,"128,400.00"
2019-07-15,2019071501004891,GFCL,58,25,200,135.00,"27,000.00"
2019-07-15,2019071501004648,GILB,48,38,10,"1,200.00","12,000.00"
2019-07-15,2019071501004647,GILB,44,38,"1,000","1,200.00","1,200,000.00"
2019-07-15,2019071501004646,GILB,21,38,10,"1,201.00","12,010.00"
2019-07-15,2019071501004645,GILB,21,38,10,"1,201.00","12,010.00"
2019-07-15,2019071501004644,GILB,56,38,28,"1,201.00","33,628.00"
2019-07-15,2019071501004643,GILB,50,38,16,"1,201.00","19,216.00"
2019-07-15,2019071501004642,GILB,47,38,30,"1,205.00","36,150.00"
2019-07-15,2019071501004641,GILB,6,38,16,"1,206.00","19,296.00"
2019-07-15,2019071501004524,GILB,6,36,22,"1,206.00","26,532.00"
2019-07-15,2019071501004565,GIMES1,43,8,100,8.30,830.00
2019-07-15,2019071501004781,GLBSL,19,58,10,400.00,"4,000.00"
2019-07-15,2019071501004780,GLBSL,19,44,10,400.00,"4,000.00"
2019-07-15,2019071501004779,GLBSL,19,29,10,400.00,"4,000.00"
2019-07-15,2019071501004778,GLBSL,19,34,10,400.00,"4,000.00"
2019-07-15,2019071501004777,GLBSL,19,34,10,400.00,"4,000.00"
2019-07-15,2019071501004776,GLBSL,19,6,10,400.00,"4,000.00"
2019-07-15,2019071501004442,GLBSL,19,44,10,394.00,"3,940.00"
2019-07-15,2019071501004441,GLBSL,19,38,10,394.00,"3,940.00"
2019-07-15,2019071501004775,GLBSL,19,22,10,399.00,"3,990.00"
2019-07-15,2019071501004774,GLBSL,19,47,10,399.00,"3,990.00"
2019-07-15,2019071501004773,GLBSL,19,35,10,398.00,"3,980.00"
2019-07-15,2019071501004772,GLBSL,19,58,10,397.00,"3,970.00"
2019-07-15,2019071501004771,GLBSL,19,58,10,397.00,"3,970.00"
2019-07-15,2019071501004461,GLBSL,19,44,10,394.00,"3,940.00"
2019-07-15,2019071501004703,GLICL,33,51,70,459.00,"32,130.00"
2019-07-15,2019071501004478,GLICL,34,37,37,455.00,"16,835.00"
2019-07-15,2019071501004477,GLICL,7,37,50,456.00,"22,800.00"
2019-07-15,2019071501004476,GLICL,42,37,63,456.00,"28,728.00"
2019-07-15,2019071501004842,GMFBS,37,58,310,448.00,"138,880.00"
2019-07-15,2019071501004719,GMFBS,37,14,10,448.00,"4,480.00"
2019-07-15,2019071501004684,GMFBS,37,14,10,448.00,"4,480.00"
2019-07-15,2019071501004448,GMFBS,37,28,10,448.00,"4,480.00"
2019-07-15,2019071501004742,GRDBL,57,34,40,113.00,"4,520.00"
2019-07-15,2019071501004740,GRDBL,57,33,450,113.00,"50,850.00"
2019-07-15,2019071501004449,GRDBL,36,7,50,114.00,"5,700.00"
2019-07-15,2019071501004901,GUFL,43,42,"1,000",120.00,"120,000.00"
2019-07-15,2019071501004633,HDL,26,34,25,"1,665.00","41,625.00"
2019-07-15,2019071501004499,HDL,32,58,200,"1,660.00","332,000.00"
2019-07-15,2019071501004527,HGI,48,44,87,348.00,"30,276.00"
2019-07-15,2019071501004526,HGI,36,44,13,348.00,"4,524.00"
2019-07-15,2019071501004752,HIDCL,45,18,18,161.00,"2,898.00"
2019-07-15,2019071501004725,HIDCL,45,37,119,161.00,"19,159.00"
2019-07-15,2019071501004724,HIDCL,48,37,631,161.00,"101,591.00"
2019-07-15,2019071501004843,ILBS,33,14,10,393.00,"3,930.00"
2019-07-15,2019071501004838,ILBS,38,39,10,399.00,"3,990.00"
2019-07-15,2019071501004837,ILBS,38,1,10,399.00,"3,990.00"
2019-07-15,2019071501004836,ILBS,38,35,10,399.00,"3,990.00"
2019-07-15,2019071501004835,ILBS,38,49,10,399.00,"3,990.00"
2019-07-15,2019071501004834,ILBS,38,49,10,399.00,"3,990.00"
2019-07-15,2019071501004425,ILBS,26,3,10,395.00,"3,950.00"
2019-07-15,2019071501004424,ILBS,26,43,10,395.00,"3,950.00"
2019-07-15,2019071501004413,ILBS,26,3,10,395.00,"3,950.00"
2019-07-15,2019071501004503,ILBS,53,3,10,396.00,"3,960.00"
2019-07-15,2019071501004497,ILBS,26,36,10,395.00,"3,950.00"
2019-07-15,2019071501004492,ILBS,26,3,10,395.00,"3,950.00"
2019-07-15,2019071501004487,ILBS,26,17,10,395.00,"3,950.00"
2019-07-15,2019071501004473,ILBS,26,3,10,395.00,"3,950.00"
2019-07-15,2019071501004438,ILBS,26,46,10,395.00,"3,950.00"
2019-07-15,2019071501004770,ILBS,33,14,10,393.00,"3,930.00"
2019-07-15,2019071501004579,ILBS,19,53,100,395.00,"39,500.00"
2019-07-15,2019071501004578,ILBS,26,53,150,395.00,"59,250.00"
2019-07-15,2019071501004551,ILBS,53,53,120,396.00,"47,520.00"
2019-07-15,2019071501004523,ILBS,53,3,10,396.00,"3,960.00"
2019-07-15,2019071501004512,ILBS,53,3,10,396.00,"3,960.00"
2019-07-15,2019071501004827,ILBS,38,34,10,398.00,"3,980.00"
2019-07-15,2019071501004826,ILBS,38,34,10,398.00,"3,980.00"
2019-07-15,2019071501004825,ILBS,38,34,10,398.00,"3,980.00"
2019-07-15,2019071501004824,ILBS,38,17,10,398.00,"3,980.00"
2019-07-15,2019071501004823,ILBS,38,29,10,397.00,"3,970.00"
2019-07-15,2019071501004808,ILBS,33,14,10,393.00,"3,930.00"
2019-07-15,2019071501004833,ILBS,38,49,10,399.00,"3,990.00"
2019-07-15,2019071501004832,ILBS,38,49,10,399.00,"3,990.00"
2019-07-15,2019071501004831,ILBS,38,49,10,399.00,"3,990.00"
2019-07-15,2019071501004830,ILBS,38,49,10,399.00,"3,990.00"
2019-07-15,2019071501004829,ILBS,38,38,50,399.00,"19,950.00"
2019-07-15,2019071501004828,ILBS,38,34,10,398.00,"3,980.00"
2019-07-15,2019071501004875,JBBL,58,59,10,163.00,"1,630.00"
2019-07-15,2019071501004728,JBBL,18,35,180,162.00,"29,160.00"
2019-07-15,2019071501004577,JFL,59,59,50,180.00,"9,000.00"
2019-07-15,2019071501004655,KSBBL,49,36,760,159.00,"120,840.00"
2019-07-15,2019071501004654,KSBBL,39,36,140,161.00,"22,540.00"
2019-07-15,2019071501004622,LBBL,50,44,364,193.00,"70,252.00"
2019-07-15,2019071501004515,LBBL,50,44,636,193.00,"122,748.00"
2019-07-15,2019071501004529,LBL,48,45,160,226.00,"36,160.00"
2019-07-15,2019071501004520,LBL,48,45,447,226.00,"101,022.00"
2019-07-15,2019071501004519,LBL,48,40,253,226.00,"57,178.00"
2019-07-15,2019071501004845,LGIL,46,6,124,429.00,"53,196.00"
2019-07-15,2019071501004702,MBL,3,6,50,262.00,"13,100.00"
2019-07-15,2019071501004701,MBL,32,6,239,262.00,"62,618.00"
2019-07-15,2019071501004700,MBL,32,6,764,262.00,"200,168.00"
2019-07-15,2019071501004699,MBL,32,6,"2,000",262.00,"524,000.00"
2019-07-15,2019071501004698,MBL,32,6,300,263.00,"78,900.00"
2019-07-15,2019071501004665,MBL,57,6,86,265.00,"22,790.00"
2019-07-15,2019071501004664,MBL,57,48,114,264.00,"30,096.00"
2019-07-15,2019071501004597,MBL,14,48,100,264.00,"26,400.00"
2019-07-15,2019071501004840,MEGA,39,44,50,213.00,"10,650.00"
2019-07-15,2019071501004804,MEGA,43,51,10,214.00,"2,140.00"
2019-07-15,2019071501004691,MEGA,39,25,428,213.00,"91,164.00"
2019-07-15,2019071501004690,MEGA,59,25,200,213.00,"42,600.00"
2019-07-15,2019071501004689,MEGA,38,25,150,213.00,"31,950.00"
2019-07-15,2019071501004688,MEGA,32,25,100,213.00,"21,300.00"
2019-07-15,2019071501004687,MEGA,38,25,50,213.00,"10,650.00"
2019-07-15,2019071501004686,MEGA,13,25,"1,072",213.00,"228,336.00"
2019-07-15,2019071501004656,MEGA,42,51,75,214.00,"16,050.00"
2019-07-15,2019071501004585,MEGA,21,51,50,214.00,"10,700.00"
2019-07-15,2019071501004502,MEGA,13,17,"1,880",213.00,"400,440.00"
2019-07-15,2019071501004501,MEGA,3,17,120,213.00,"25,560.00"
2019-07-15,2019071501004436,MERO,51,37,26,518.00,"13,468.00"
2019-07-15,2019071501004861,MFIL,38,16,"2,792",125.00,"349,000.00"
2019-07-15,2019071501004896,MLBL,33,19,20,197.00,"3,940.00"
2019-07-15,2019071501004895,MLBL,33,22,300,197.00,"59,100.00"
2019-07-15,2019071501004894,MLBL,33,49,80,197.00,"15,760.00"
2019-07-15,2019071501004743,MLBL,57,49,100,197.00,"19,700.00"
2019-07-15,2019071501004822,MNBBL,26,17,480,365.00,"175,200.00"
2019-07-15,2019071501004721,MPFL,49,53,100,119.00,"11,900.00"
2019-07-15,2019071501004892,MSLB,50,5,10,958.00,"9,580.00"
2019-07-15,2019071501004591,MSLB,43,10,50,940.00,"47,000.00"
2019-07-15,2019071501004423,MSLB,5,54,10,958.00,"9,580.00"
2019-07-15,2019071501004818,NABIL,58,16,300,799.00,"239,700.00"
2019-07-15,2019071501004817,NABIL,45,16,200,799.00,"159,800.00"
2019-07-15,2019071501004816,NABIL,41,16,50,799.00,"39,950.00"
2019-07-15,2019071501004815,NABIL,54,16,50,799.00,"39,950.00"
2019-07-15,2019071501004790,NABIL,41,4,100,800.00,"80,000.00"
2019-07-15,2019071501004729,NABIL,54,4,10,800.00,"8,000.00"
2019-07-15,2019071501004504,NABIL,45,6,455,800.00,"364,000.00"
2019-07-15,2019071501004467,NABIL,35,6,45,800.00,"36,000.00"
2019-07-15,2019071501004427,NABIL,5,16,10,803.00,"8,030.00"
2019-07-15,2019071501004723,NABIL,26,6,31,802.00,"24,862.00"
2019-07-15,2019071501004663,NABIL,42,6,50,802.00,"40,100.00"
2019-07-15,2019071501004596,NABIL,58,16,200,800.00,"160,000.00"
2019-07-15,2019071501004595,NABIL,39,16,140,800.00,"112,000.00"
2019-07-15,2019071501004594,NABIL,58,16,300,800.00,"240,000.00"
2019-07-15,2019071501004593,NABIL,45,16,45,800.00,"36,000.00"
2019-07-15,2019071501004807,NADEP,56,34,55,404.00,"22,220.00"
2019-07-15,2019071501004806,NADEP,17,34,100,405.00,"40,500.00"
2019-07-15,2019071501004805,NADEP,35,34,15,405.00,"6,075.00"
2019-07-15,2019071501004660,NAGRO,17,49,10,491.00,"4,910.00"
2019-07-15,2019071501004528,NAGRO,17,47,10,491.00,"4,910.00"
2019-07-15,2019071501004763,NBB,25,45,"1,200",222.00,"266,400.00"
2019-07-15,2019071501004762,NBB,25,11,160,222.00,"35,520.00"
2019-07-15,2019071501004659,NBB,25,35,300,221.00,"66,300.00"
2019-07-15,2019071501004406,NBB,25,36,"1,000",221.00,"221,000.00"
2019-07-15,2019071501004905,NBL,33,42,50,337.00,"16,850.00"
2019-07-15,2019071501004749,NBL,57,47,159,336.00,"53,424.00"
2019-07-15,2019071501004748,NBL,59,47,40,336.00,"13,440.00"
2019-07-15,2019071501004731,NBL,17,21,100,336.00,"33,600.00"
2019-07-15,2019071501004653,NBL,17,46,200,336.00,"67,200.00"
2019-07-15,2019071501004650,NBL,46,42,100,337.00,"33,700.00"
2019-07-15,2019071501004507,NBL,17,44,700,336.00,"235,200.00"
2019-07-15,2019071501004506,NBL,43,44,"1,800",336.00,"604,800.00"
2019-07-15,2019071501004505,NBL,43,36,"3,200",336.00,"1,075,200.00"
2019-07-15,2019071501004479,NBL,57,36,500,336.00,"168,000.00"
2019-07-15,2019071501004428,NBL,10,36,300,336.00,"100,800.00"
2019-07-15,2019071501004839,NCCB,14,6,10,244.00,"2,440.00"
2019-07-15,2019071501004792,NCCB,5,50,105,242.00,"25,410.00"
2019-07-15,2019071501004525,NCCB,58,39,10,245.00,"2,450.00"
2019-07-15,2019071501004456,NCCB,5,8,295,242.00,"71,390.00"
2019-07-15,2019071501004455,NCCB,52,8,500,242.00,"121,000.00"
2019-07-15,2019071501004454,NCCB,13,8,"1,200",242.00,"290,400.00"
2019-07-15,2019071501004453,NCCB,49,8,50,242.00,"12,100.00"
2019-07-15,2019071501004452,NCCB,49,8,350,242.00,"84,700.00"
2019-07-15,2019071501004451,NCCB,32,8,105,243.00,"25,515.00"
2019-07-15,2019071501004521,NEF,39,55,100,8.55,855.00
2019-07-15,2019071501004459,NEF,57,40,"3,000",8.42,"25,260.00"
2019-07-15,2019071501004458,NEF,35,40,"3,000",8.42,"25,260.00"
2019-07-15,2019071501004457,NEF,1,40,"1,000",8.43,"8,430.00"
2019-07-15,2019071501004809,NHPC,17,56,100,65.00,"6,500.00"
2019-07-15,2019071501004850,NIB,38,17,50,520.00,"26,000.00"
2019-07-15,2019071501004652,NIB,34,17,50,520.00,"26,000.00"
2019-07-15,2019071501004651,NIB,34,17,50,520.00,"26,000.00"
2019-07-15,2019071501004631,NIB,46,17,100,520.00,"52,000.00"
2019-07-15,2019071501004608,NIB,42,33,56,518.00,"29,008.00"
2019-07-15,2019071501004607,NIB,10,33,100,518.00,"51,800.00"
2019-07-15,2019071501004606,NIB,8,33,30,518.00,"15,540.00"
2019-07-15,2019071501004605,NIB,41,33,50,519.00,"25,950.00"
2019-07-15,2019071501004580,NIB,25,49,150,519.00,"77,850.00"
2019-07-15,2019071501004854,NIBPO,1,4,12,469.00,"5,628.00"
2019-07-15,2019071501004853,NIBPO,39,4,88,470.00,"41,360.00"
2019-07-15,2019071501004810,NIBPO,42,4,10,471.00,"4,710.00"
2019-07-15,2019071501004450,NIBPO,57,4,100,469.00,"46,900.00"
2019-07-15,2019071501004900,NICA,6,34,164,446.00,"73,144.00"
2019-07-15,2019071501004899,NICA,6,48,336,446.00,"149,856.00"
2019-07-15,2019071501004814,NICA,44,51,63,445.00,"28,035.00"
2019-07-15,2019071501004813,NICA,42,51,200,445.00,"89,000.00"
2019-07-15,2019071501004812,NICA,6,51,50,445.00,"22,250.00"
2019-07-15,2019071501004811,NICA,6,51,187,445.00,"83,215.00"
2019-07-15,2019071501004789,NICA,1,48,24,446.00,"10,704.00"
2019-07-15,2019071501004681,NICA,33,48,140,446.00,"62,440.00"
2019-07-15,2019071501004680,NICA,33,21,35,446.00,"15,610.00"
2019-07-15,2019071501004679,NICA,33,21,75,446.00,"33,450.00"
2019-07-15,2019071501004516,NICA,6,44,200,445.00,"89,000.00"
2019-07-15,2019071501004414,NICA,6,36,100,445.00,"44,500.00"
2019-07-15,2019071501004821,NICL,13,33,90,348.00,"31,320.00"
2019-07-15,2019071501004696,NICL,43,6,10,351.00,"3,510.00"
2019-07-15,2019071501004695,NICL,43,38,10,350.00,"3,500.00"
2019-07-15,2019071501004604,NICL,43,36,75,347.00,"26,025.00"
2019-07-15,2019071501004603,NICL,13,36,250,347.00,"86,750.00"
2019-07-15,2019071501004602,NICL,14,36,50,347.00,"17,350.00"
2019-07-15,2019071501004601,NICL,22,36,20,347.00,"6,940.00"
2019-07-15,2019071501004600,NICL,57,36,105,348.00,"36,540.00"
2019-07-15,2019071501004475,NIL,34,53,60,488.00,"29,280.00"
2019-07-15,2019071501004883,NLG,43,42,10,740.00,"7,400.00"
2019-07-15,2019071501004893,NLIC,49,4,100,893.00,"89,300.00"
2019-07-15,2019071501004726,NLIC,49,4,150,893.00,"133,950.00"
2019-07-15,2019071501004720,NLIC,56,4,50,893.00,"44,650.00"
2019-07-15,2019071501004550,NLIC,34,55,69,892.00,"61,548.00"
2019-07-15,2019071501004536,NLIC,49,4,500,894.00,"447,000.00"
2019-07-15,2019071501004535,NLIC,49,42,101,894.00,"90,294.00"
2019-07-15,2019071501004417,NLIC,6,4,15,893.00,"13,395.00"
2019-07-15,2019071501004534,NLIC,49,4,45,893.00,"40,185.00"
2019-07-15,2019071501004522,NLIC,45,4,100,893.00,"89,300.00"
2019-07-15,2019071501004510,NLIC,42,4,50,893.00,"44,650.00"
2019-07-15,2019071501004509,NLIC,58,4,50,893.00,"44,650.00"
2019-07-15,2019071501004508,NLIC,43,4,55,893.00,"49,115.00"
2019-07-15,2019071501004474,NLIC,43,4,445,893.00,"397,385.00"
2019-07-15,2019071501004764,NLICL,43,48,10,590.00,"5,900.00"
2019-07-15,2019071501004611,NMBSF1,42,42,"131,498",10.77,"1,416,233.46"
2019-07-15,2019071501004610,NMBSF1,28,42,"200,000",10.77,"2,154,000.00"
2019-07-15,2019071501004609,NMBSF1,28,42,"1,000",10.77,"10,770.00"
2019-07-15,2019071501004571,NMBSF1,28,42,"99,000",10.77,"1,066,230.00"
2019-07-15,2019071501004570,NMBSF1,17,42,"400,000",10.77,"4,308,000.00"
2019-07-15,2019071501004569,NMBSF1,17,42,"1,000",10.77,"10,770.00"
2019-07-15,2019071501004541,NMBSF1,17,42,"99,000",10.77,"1,066,230.00"
2019-07-15,2019071501004540,NMBSF1,17,42,"200,000",10.77,"2,154,000.00"
2019-07-15,2019071501004539,NMBSF1,17,42,"200,000",10.77,"2,154,000.00"
2019-07-15,2019071501004538,NMBSF1,36,42,500,10.78,"5,390.00"
2019-07-15,2019071501004537,NMBSF1,34,42,500,10.81,"5,405.00"
2019-07-15,2019071501004531,NTC,44,28,50,690.00,"34,500.00"
2019-07-15,2019071501004849,NUBL,45,34,60,841.00,"50,460.00"
2019-07-15,2019071501004589,NUBL,45,44,60,841.00,"50,460.00"
2019-07-15,2019071501004511,OHL,54,10,150,613.00,"91,950.00"
2019-07-15,2019071501004860,PCBL,34,52,317,273.00,"86,541.00"
2019-07-15,2019071501004859,PCBL,51,52,20,273.00,"5,460.00"
2019-07-15,2019071501004858,PCBL,38,52,500,273.00,"136,500.00"
2019-07-15,2019071501004857,PCBL,6,52,563,273.00,"153,699.00"
2019-07-15,2019071501004855,PCBL,25,44,500,274.00,"137,000.00"
2019-07-15,2019071501004791,PCBL,38,44,100,274.00,"27,400.00"
2019-07-15,2019071501004730,PCBL,42,44,50,274.00,"13,700.00"
2019-07-15,2019071501004722,PCBL,38,44,"1,000",274.00,"274,000.00"
2019-07-15,2019071501004676,PCBL,48,44,300,274.00,"82,200.00"
2019-07-15,2019071501004613,PCBL,44,44,50,274.00,"13,700.00"
2019-07-15,2019071501004612,PCBL,38,44,30,274.00,"8,220.00"
2019-07-15,2019071501004568,PCBL,42,44,25,275.00,"6,875.00"
2019-07-15,2019071501004649,PIC,56,17,11,495.00,"5,445.00"
2019-07-15,2019071501004598,PIC,18,17,39,495.00,"19,305.00"
2019-07-15,2019071501004751,PLIC,44,38,50,438.00,"21,900.00"
2019-07-15,2019071501004495,PLIC,33,5,100,435.00,"43,500.00"
2019-07-15,2019071501004462,PLIC,45,39,50,435.00,"21,750.00"
2019-07-15,2019071501004626,PMHPL,56,49,10,107.00,"1,070.00"
2019-07-15,2019071501004865,PPCL,6,48,10,137.00,"1,370.00"
2019-07-15,2019071501004864,PPCL,6,14,100,137.00,"13,700.00"
2019-07-15,2019071501004863,PPCL,6,57,10,137.00,"1,370.00"
2019-07-15,2019071501004862,PPCL,6,55,10,136.00,"1,360.00"
2019-07-15,2019071501004486,PRIN,40,58,90,364.00,"32,760.00"
2019-07-15,2019071501004485,PRIN,40,50,91,363.00,"33,033.00"
2019-07-15,2019071501004788,PRVU,51,5,271,261.00,"70,731.00"
2019-07-15,2019071501004787,PRVU,34,5,300,261.00,"78,300.00"
2019-07-15,2019071501004786,PRVU,22,5,500,261.00,"130,500.00"
2019-07-15,2019071501004666,PRVU,47,45,150,262.00,"39,300.00"
2019-07-15,2019071501004584,PRVU,14,5,200,263.00,"52,600.00"
2019-07-15,2019071501004672,PRVU,22,45,500,261.00,"130,500.00"
2019-07-15,2019071501004671,PRVU,50,45,100,261.00,"26,100.00"
2019-07-15,2019071501004670,PRVU,32,45,250,261.00,"65,250.00"
2019-07-15,2019071501004669,PRVU,8,45,200,261.00,"52,200.00"
2019-07-15,2019071501004668,PRVU,8,45,300,261.00,"78,300.00"
2019-07-15,2019071501004667,PRVU,34,45,"1,000",261.00,"261,000.00"
2019-07-15,2019071501004464,RADHI,4,28,543,145.00,"78,735.00"
2019-07-15,2019071501004447,RMDC,17,37,50,667.00,"33,350.00"
2019-07-15,2019071501004446,RMDC,43,37,50,668.00,"33,400.00"
2019-07-15,2019071501004902,SADBL,22,59,310,159.00,"49,290.00"
2019-07-15,2019071501004755,SADBL,22,58,890,159.00,"141,510.00"
2019-07-15,2019071501004754,SADBL,4,58,100,159.00,"15,900.00"
2019-07-15,2019071501004841,SANIMA,39,10,95,348.00,"33,060.00"
2019-07-15,2019071501004513,SANIMA,1,10,200,348.00,"69,600.00"
2019-07-15,2019071501004489,SANIMA,45,10,200,348.00,"69,600.00"
2019-07-15,2019071501004882,SBI,13,10,80,464.00,"37,120.00"
2019-07-15,2019071501004718,SBI,8,11,238,463.00,"110,194.00"
2019-07-15,2019071501004717,SBI,36,11,200,463.00,"92,600.00"
2019-07-15,2019071501004553,SBI,40,10,150,464.00,"69,600.00"
2019-07-15,2019071501004552,SBI,40,10,270,464.00,"125,280.00"
2019-07-15,2019071501004472,SBI,41,11,100,465.00,"46,500.00"
2019-07-15,2019071501004714,SBL,54,35,200,316.00,"63,200.00"
2019-07-15,2019071501004469,SBL,18,34,500,317.00,"158,500.00"
2019-07-15,2019071501004468,SBL,39,34,"2,100",317.00,"665,700.00"
2019-07-15,2019071501004739,SCB,48,18,20,673.00,"13,460.00"
2019-07-15,2019071501004713,SCB,36,55,103,685.00,"70,555.00"
2019-07-15,2019071501004712,SCB,36,54,50,682.00,"34,100.00"
2019-07-15,2019071501004705,SCB,36,3,150,679.00,"101,850.00"
2019-07-15,2019071501004704,SCB,36,13,100,678.00,"67,800.00"
2019-07-15,2019071501004711,SCB,36,26,20,682.00,"13,640.00"
2019-07-15,2019071501004710,SCB,36,43,77,682.00,"52,514.00"
2019-07-15,2019071501004709,SCB,36,48,50,680.00,"34,000.00"
2019-07-15,2019071501004708,SCB,36,26,50,680.00,"34,000.00"
2019-07-15,2019071501004707,SCB,36,11,200,680.00,"136,000.00"
2019-07-15,2019071501004706,SCB,36,17,200,680.00,"136,000.00"
2019-07-15,2019071501004904,SDESI,59,17,10,567.00,"5,670.00"
2019-07-15,2019071501004881,SDESI,59,29,27,561.00,"15,147.00"
2019-07-15,2019071501004880,SDESI,59,32,27,560.00,"15,120.00"
2019-07-15,2019071501004879,SDESI,59,14,13,559.00,"7,267.00"
2019-07-15,2019071501004443,SDESI,59,55,23,550.00,"12,650.00"
2019-07-15,2019071501004878,SEF,34,49,"6,000",9.82,"58,920.00"
2019-07-15,2019071501004409,SEF,34,10,800,9.82,"7,856.00"
2019-07-15,2019071501004885,SHIVM,50,22,150,607.00,"91,050.00"
2019-07-15,2019071501004874,SHIVM,14,22,100,607.00,"60,700.00"
2019-07-15,2019071501004856,SHIVM,25,42,50,606.00,"30,300.00"
2019-07-15,2019071501004844,SHIVM,25,48,100,606.00,"60,600.00"
2019-07-15,2019071501004761,SHIVM,7,48,100,606.00,"60,600.00"
2019-07-15,2019071501004760,SHIVM,7,7,250,606.00,"151,500.00"
2019-07-15,2019071501004567,SHIVM,16,10,100,601.00,"60,100.00"
2019-07-15,2019071501004566,SHIVM,34,10,400,601.00,"240,400.00"
2019-07-15,2019071501004532,SHIVM,34,49,100,601.00,"60,100.00"
2019-07-15,2019071501004440,SHIVM,32,19,40,602.00,"24,080.00"
2019-07-15,2019071501004637,SHIVM,7,52,300,605.00,"181,500.00"
2019-07-15,2019071501004636,SHIVM,7,48,400,604.00,"241,600.00"
2019-07-15,2019071501004635,SHIVM,7,39,90,604.00,"54,360.00"
2019-07-15,2019071501004627,SHIVM,52,39,10,604.00,"6,040.00"
2019-07-15,2019071501004583,SHIVM,52,48,20,602.00,"12,040.00"
2019-07-15,2019071501004582,SHIVM,52,19,10,602.00,"6,020.00"
2019-07-15,2019071501004727,SHIVM,25,48,40,605.00,"24,200.00"
2019-07-15,2019071501004678,SHIVM,52,6,200,605.00,"121,000.00"
2019-07-15,2019071501004677,SHIVM,52,37,400,605.00,"242,000.00"
2019-07-15,2019071501004657,SHIVM,25,29,200,603.00,"120,600.00"
2019-07-15,2019071501004639,SHIVM,7,37,200,605.00,"121,000.00"
2019-07-15,2019071501004638,SHIVM,7,39,10,605.00,"6,050.00"
2019-07-15,2019071501004759,SHIVM,7,50,100,606.00,"60,600.00"
2019-07-15,2019071501004758,SHIVM,7,47,10,606.00,"6,060.00"
2019-07-15,2019071501004757,SHIVM,40,47,60,606.00,"36,360.00"
2019-07-15,2019071501004756,SHIVM,26,47,30,606.00,"18,180.00"
2019-07-15,2019071501004746,SHIVM,7,19,40,605.00,"24,200.00"
2019-07-15,2019071501004741,SHIVM,25,19,10,605.00,"6,050.00"
2019-07-15,2019071501004785,SIC,35,7,50,602.00,"30,100.00"
2019-07-15,2019071501004493,SIC,35,43,150,603.00,"90,450.00"
2019-07-15,2019071501004460,SIC,58,43,50,603.00,"30,150.00"
2019-07-15,2019071501004767,SIFC,40,42,"1,800",160.00,"288,000.00"
2019-07-15,2019071501004766,SIFC,40,17,200,159.00,"31,800.00"
2019-07-15,2019071501004716,SIL,42,33,50,455.00,"22,750.00"
2019-07-15,2019071501004715,SIL,42,50,50,450.00,"22,500.00"
2019-07-15,2019071501004426,SIL,25,50,50,450.00,"22,500.00"
2019-07-15,2019071501004682,SKBBL,8,32,150,940.00,"141,000.00"
2019-07-15,2019071501004517,SLBSL,52,32,10,530.00,"5,300.00"
2019-07-15,2019071501004886,SLICL,38,6,29,458.00,"13,282.00"
2019-07-15,2019071501004747,SLICL,40,6,100,460.00,"46,000.00"
2019-07-15,2019071501004416,SLICL,25,8,"1,000",459.00,"459,000.00"
2019-07-15,2019071501004465,SMB,35,55,10,384.00,"3,840.00"
2019-07-15,2019071501004445,SMB,35,28,10,384.00,"3,840.00"
2019-07-15,2019071501004890,SMFBS,7,33,50,472.00,"23,600.00"
2019-07-15,2019071501004662,SMFBS,7,38,10,472.00,"4,720.00"
2019-07-15,2019071501004547,SMFBS,7,45,10,475.00,"4,750.00"
2019-07-15,2019071501004546,SMFBS,7,51,10,475.00,"4,750.00"
2019-07-15,2019071501004545,SMFBS,7,47,10,475.00,"4,750.00"
2019-07-15,2019071501004544,SMFBS,7,56,10,475.00,"4,750.00"
2019-07-15,2019071501004407,SMFBS,59,28,10,471.00,"4,710.00"
2019-07-15,2019071501004543,SMFBS,7,1,10,475.00,"4,750.00"
2019-07-15,2019071501004542,SMFBS,7,58,10,474.00,"4,740.00"
2019-07-15,2019071501004482,SMFBS,42,17,10,472.00,"4,720.00"
2019-07-15,2019071501004481,SMFBS,42,26,10,472.00,"4,720.00"
2019-07-15,2019071501004480,SMFBS,42,32,10,472.00,"4,720.00"
2019-07-15,2019071501004419,SMFBS,59,28,10,471.00,"4,710.00"
2019-07-15,2019071501004533,SPARS,38,28,10,423.00,"4,230.00"
2019-07-15,2019071501004484,SPDL,40,55,29,90.00,"2,610.00"
2019-07-15,2019071501004898,SRBL,36,26,23,251.00,"5,773.00"
2019-07-15,2019071501004897,SRBL,36,33,76,251.00,"19,076.00"
2019-07-15,2019071501004873,SRBL,36,6,202,250.00,"50,500.00"
2019-07-15,2019071501004694,SWBBL,49,44,"1,490",875.00,"1,303,750.00"
2019-07-15,2019071501004693,SWBBL,16,44,500,876.00,"438,000.00"
2019-07-15,2019071501004692,SWBBL,36,44,10,877.00,"8,770.00"
2019-07-15,2019071501004685,TRH,14,46,10,316.00,"3,160.00"
2019-07-15,2019071501004658,UMHL,44,46,14,110.00,"1,540.00"
2019-07-15,2019071501004852,UPPER,55,59,100,276.00,"27,600.00"
2019-07-15,2019071501004851,UPPER,55,56,473,276.00,"130,548.00"
2019-07-15,2019071501004819,UPPER,56,59,400,276.00,"110,400.00"
2019-07-15,2019071501004737,UPPER,13,34,183,275.00,"50,325.00"
2019-07-15,2019071501004736,UPPER,38,34,17,275.00,"4,675.00"
2019-07-15,2019071501004618,UPPER,38,34,983,275.00,"270,325.00"
2019-07-15,2019071501004488,UPPER,28,16,200,276.00,"55,200.00"
2019-07-15,2019071501004434,UPPER,41,16,300,276.00,"82,800.00"
2019-07-15,2019071501004411,UPPER,45,28,50,275.00,"13,750.00"
2019-07-15,2019071501004408,UPPER,45,34,79,275.00,"21,725.00"
2019-07-15,2019071501004617,UPPER,38,34,"1,000",275.00,"275,000.00"
2019-07-15,2019071501004616,UPPER,42,34,500,275.00,"137,500.00"
2019-07-15,2019071501004615,UPPER,45,34,17,275.00,"4,675.00"
2019-07-15,2019071501004614,UPPER,29,34,50,276.00,"13,800.00"
2019-07-15,2019071501004581,UPPER,21,34,500,276.00,"138,000.00"
2019-07-15,2019071501004498,UPPER,45,55,50,275.00,"13,750.00"
2019-07-15,2019071501004380,ADBL,49,47,116,407.00,"47,212.00"
2019-07-15,2019071501004373,ADBL,49,47,148,407.00,"60,236.00"
2019-07-15,2019071501004362,ADBL,49,47,111,407.00,"45,177.00"
2019-07-15,2019071501004339,ADBL,49,47,111,407.00,"45,177.00"
2019-07-15,2019071501004338,ADBL,49,6,100,407.00,"40,700.00"
2019-07-15,2019071501004226,ADBL,57,37,20,408.00,"8,160.00"
2019-07-15,2019071501004220,ADBL,49,45,200,407.00,"81,400.00"
2019-07-15,2019071501004212,ADBL,49,55,214,407.00,"87,098.00"
2019-07-15,2019071501004143,AKJCL,4,17,20,72.00,"1,440.00"
2019-07-15,2019071501004056,AKJCL,4,17,20,72.00,"1,440.00"
2019-07-15,2019071501004050,AKJCL,4,17,20,72.00,"1,440.00"
2019-07-15,2019071501004027,AKJCL,4,17,20,72.00,"1,440.00"
2019-07-15,2019071501004312,AKPL,57,55,38,178.00,"6,764.00"
2019-07-15,2019071501004311,AKPL,38,55,110,178.00,"19,580.00"
2019-07-15,2019071501004298,AKPL,38,55,18,178.00,"3,204.00"
2019-07-15,2019071501004297,AKPL,49,55,100,179.00,"17,900.00"
2019-07-15,2019071501004296,AKPL,55,55,30,179.00,"5,370.00"
2019-07-15,2019071501004270,AKPL,55,8,10,179.00,"1,790.00"
2019-07-15,2019071501004351,ALICL,17,57,23,385.00,"8,855.00"
2019-07-15,2019071501004350,ALICL,29,57,27,385.00,"10,395.00"
2019-07-15,2019071501004187,ALICL,29,43,473,385.00,"182,105.00"
2019-07-15,2019071501004186,ALICL,54,43,100,385.00,"38,500.00"
2019-07-15,2019071501004185,ALICL,47,43,20,385.00,"7,700.00"
2019-07-15,2019071501004184,ALICL,49,43,100,385.00,"38,500.00"
2019-07-15,2019071501004183,ALICL,17,43,57,386.00,"22,002.00"
2019-07-15,2019071501003932,ALICL,38,43,103,387.00,"39,861.00"
2019-07-15,2019071501004402,API,57,26,900,140.00,"126,000.00"
2019-07-15,2019071501004401,API,37,26,500,140.00,"70,000.00"
2019-07-15,2019071501004257,API,41,59,100,141.00,"14,100.00"
2019-07-15,2019071501004043,API,5,34,98,140.00,"13,720.00"
2019-07-15,2019071501004042,API,36,34,100,140.00,"14,000.00"
2019-07-15,2019071501004041,API,39,34,40,140.00,"5,600.00"
2019-07-15,2019071501004040,API,34,34,500,140.00,"70,000.00"
2019-07-15,2019071501004039,API,25,34,162,140.00,"22,680.00"
2019-07-15,2019071501004252,BOKL,35,35,704,256.00,"180,224.00"
2019-07-15,2019071501004004,BOKL,29,11,400,257.00,"102,800.00"
2019-07-15,2019071501004138,BPCL,42,43,143,406.00,"58,058.00"
2019-07-15,2019071501004137,BPCL,49,43,156,406.00,"63,336.00"
2019-07-15,2019071501004136,BPCL,3,43,101,407.00,"41,107.00"
2019-07-15,2019071501004135,BPCL,25,43,100,407.00,"40,700.00"
2019-07-15,2019071501004265,CBBL,58,54,200,950.00,"190,000.00"
2019-07-15,2019071501004335,CBL,32,51,75,157.00,"11,775.00"
2019-07-15,2019071501004334,CBL,32,37,"2,925",157.00,"459,225.00"
2019-07-15,2019071501004245,CBL,32,37,153,157.00,"24,021.00"
2019-07-15,2019071501004244,CBL,32,54,12,157.00,"1,884.00"
2019-07-15,2019071501004243,CBL,32,25,"1,035",157.00,"162,495.00"
2019-07-15,2019071501004173,CBL,1,25,100,157.00,"15,700.00"
2019-07-15,2019071501004164,CBL,52,36,70,156.00,"10,920.00"
2019-07-15,2019071501004076,CBL,45,25,400,157.00,"62,800.00"
2019-07-15,2019071501004058,CBL,52,36,268,156.00,"41,808.00"
2019-07-15,2019071501004057,CBL,28,36,"2,732",156.00,"426,192.00"
2019-07-15,2019071501004036,CBL,39,25,700,157.00,"109,900.00"
2019-07-15,2019071501004002,CBL,4,25,200,157.00,"31,400.00"
2019-07-15,2019071501004264,CCBL,42,37,100,178.00,"17,800.00"
2019-07-15,2019071501004248,CCBL,44,36,158,177.00,"27,966.00"
2019-07-15,2019071501004119,CCBL,40,37,83,178.00,"14,774.00"
2019-07-15,2019071501004118,CCBL,40,7,117,178.00,"20,826.00"
2019-07-15,2019071501004117,CCBL,40,25,150,178.00,"26,700.00"
2019-07-15,2019071501004116,CCBL,40,33,500,178.00,"89,000.00"
2019-07-15,2019071501004115,CCBL,40,35,150,178.00,"26,700.00"
2019-07-15,2019071501004011,CCBL,44,17,20,177.00,"3,540.00"
2019-07-15,2019071501004005,CCBL,44,17,20,177.00,"3,540.00"
2019-07-15,2019071501004162,CHCL,40,56,200,519.00,"103,800.00"
2019-07-15,2019071501004009,CHCL,36,56,100,520.00,"52,000.00"
2019-07-15,2019071501003968,CHCL,58,38,95,522.00,"49,590.00"
2019-07-15,2019071501003956,CHCL,17,56,500,521.00,"260,500.00"
2019-07-15,2019071501003925,CHCL,56,44,400,522.00,"208,800.00"
2019-07-15,2019071501003924,CHCL,40,44,790,522.00,"412,380.00"
2019-07-15,2019071501004282,CIT,41,57,10,"2,420.00","24,200.00"
2019-07-15,2019071501004281,CIT,22,57,10,"2,420.00","24,200.00"
2019-07-15,2019071501004280,CIT,41,57,30,"2,420.00","72,600.00"
2019-07-15,2019071501004279,CIT,29,57,62,"2,420.00","150,040.00"
2019-07-15,2019071501004154,CIT,57,57,100,"2,421.00","242,100.00"
2019-07-15,2019071501004144,CIT,33,1,12,"2,434.00","29,208.00"
2019-07-15,2019071501004090,CIT,29,37,84,"2,420.00","203,280.00"
2019-07-15,2019071501004089,CIT,58,37,100,"2,420.00","242,000.00"
2019-07-15,2019071501004088,CIT,33,37,30,"2,420.00","72,600.00"
2019-07-15,2019071501004087,CIT,55,37,50,"2,420.00","121,000.00"
2019-07-15,2019071501004086,CIT,51,37,24,"2,421.00","58,104.00"
2019-07-15,2019071501004299,CZBIL,32,51,150,224.00,"33,600.00"
2019-07-15,2019071501004071,CZBIL,4,51,50,224.00,"11,200.00"
2019-07-15,2019071501004382,DBBL,32,59,800,145.00,"116,000.00"
2019-07-15,2019071501004381,DBBL,32,25,"2,479",145.00,"359,455.00"
2019-07-15,2019071501004159,DBBL,39,25,21,145.00,"3,045.00"
2019-07-15,2019071501003996,DBBL,39,51,19,145.00,"2,755.00"
2019-07-15,2019071501003928,DBBL,48,51,"3,481",145.00,"504,745.00"
2019-07-15,2019071501004168,EBL,57,57,20,664.00,"13,280.00"
2019-07-15,2019071501004077,EBL,33,57,50,664.00,"33,200.00"
2019-07-15,2019071501004048,EBL,28,16,500,661.00,"330,500.00"
2019-07-15,2019071501004037,EBL,29,57,665,662.00,"440,230.00"
2019-07-15,2019071501004007,EBL,29,6,500,662.00,"331,000.00"
2019-07-15,2019071501004109,EIC,32,32,20,361.00,"7,220.00"
2019-07-15,2019071501004141,FMDBL,36,46,87,380.00,"33,060.00"
2019-07-15,2019071501004140,FMDBL,55,46,100,380.00,"38,000.00"
2019-07-15,2019071501004110,FMDBL,49,49,20,387.00,"7,740.00"
2019-07-15,2019071501003999,GBBL,39,6,500,224.00,"112,000.00"
2019-07-15,2019071501003960,GILB,6,10,12,"1,202.00","14,424.00"
2019-07-15,2019071501003959,GILB,59,10,10,"1,203.00","12,030.00"
2019-07-15,2019071501004262,GIMES1,7,13,"4,500",8.16,"36,720.00"
2019-07-15,2019071501004261,GIMES1,7,8,"2,400",8.16,"19,584.00"
2019-07-15,2019071501004393,GLBSL,44,43,10,394.00,"3,940.00"
2019-07-15,2019071501004309,GLBSL,44,6,10,394.00,"3,940.00"
2019-07-15,2019071501004102,GLICL,21,51,30,459.00,"13,770.00"
2019-07-15,2019071501003955,GLICL,42,49,437,456.00,"199,272.00"
2019-07-15,2019071501004214,GMFBS,43,56,10,447.00,"4,470.00"
2019-07-15,2019071501004155,GMFBS,43,58,10,448.00,"4,480.00"
2019-07-15,2019071501004101,GRDBL,57,34,190,115.00,"21,850.00"
2019-07-15,2019071501004081,GRDBL,57,34,200,115.00,"23,000.00"
2019-07-15,2019071501004153,HBL,11,36,150,547.00,"82,050.00"
2019-07-15,2019071501004152,HBL,11,36,100,544.00,"54,400.00"
2019-07-15,2019071501004055,HBL,22,7,100,543.00,"54,300.00"
2019-07-15,2019071501004085,HDL,33,34,10,"1,674.00","16,740.00"
2019-07-15,2019071501004200,HGI,35,52,500,349.00,"174,500.00"
2019-07-15,2019071501003977,HIDCL,4,37,50,162.00,"8,100.00"
2019-07-15,2019071501004219,HPPL,19,22,140,176.00,"24,640.00"
2019-07-15,2019071501004218,HPPL,19,3,110,174.00,"19,140.00"
2019-07-15,2019071501003949,HPPL,19,3,190,174.00,"33,060.00"
2019-07-15,2019071501003948,HPPL,19,28,10,174.00,"1,740.00"
2019-07-15,2019071501004073,HURJA,17,55,990,139.00,"137,610.00"
2019-07-15,2019071501004068,HURJA,56,56,20,141.00,"2,820.00"
2019-07-15,2019071501004067,HURJA,56,56,20,141.00,"2,820.00"
2019-07-15,2019071501004066,HURJA,56,56,20,141.00,"2,820.00"
2019-07-15,2019071501003962,HURJA,17,37,10,139.00,"1,390.00"
2019-07-15,2019071501004065,HURJA,56,56,20,141.00,"2,820.00"
2019-07-15,2019071501004064,HURJA,56,56,20,141.00,"2,820.00"
2019-07-15,2019071501004063,HURJA,56,56,20,141.00,"2,820.00"
2019-07-15,2019071501004062,HURJA,56,56,20,141.00,"2,820.00"
2019-07-15,2019071501004061,HURJA,56,56,20,141.00,"2,820.00"
2019-07-15,2019071501004060,HURJA,56,56,20,141.00,"2,820.00"
2019-07-15,2019071501004391,IGI,22,16,71,353.00,"25,063.00"
2019-07-15,2019071501004390,IGI,1,16,100,353.00,"35,300.00"
2019-07-15,2019071501004389,IGI,6,16,20,355.00,"7,100.00"
2019-07-15,2019071501004388,IGI,45,16,70,360.00,"25,200.00"
2019-07-15,2019071501004387,IGI,38,16,35,361.00,"12,635.00"
2019-07-15,2019071501004349,ILBS,37,57,10,399.00,"3,990.00"
2019-07-15,2019071501004348,ILBS,37,53,10,398.00,"3,980.00"
2019-07-15,2019071501004347,ILBS,37,57,10,398.00,"3,980.00"
2019-07-15,2019071501004346,ILBS,37,57,10,398.00,"3,980.00"
2019-07-15,2019071501004345,ILBS,37,10,10,398.00,"3,980.00"
2019-07-15,2019071501004344,ILBS,37,16,10,397.00,"3,970.00"
2019-07-15,2019071501004015,ILBS,26,58,10,394.00,"3,940.00"
2019-07-15,2019071501004014,ILBS,26,57,10,394.00,"3,940.00"
2019-07-15,2019071501004008,ILBS,33,56,10,393.00,"3,930.00"
2019-07-15,2019071501003981,ILBS,33,46,10,393.00,"3,930.00"
2019-07-15,2019071501003954,ILBS,33,56,10,393.00,"3,930.00"
2019-07-15,2019071501003921,ILBS,33,32,10,393.00,"3,930.00"
2019-07-15,2019071501004021,ILBS,26,37,10,395.00,"3,950.00"
2019-07-15,2019071501004020,ILBS,26,37,10,395.00,"3,950.00"
2019-07-15,2019071501004019,ILBS,26,51,10,395.00,"3,950.00"
2019-07-15,2019071501004018,ILBS,26,37,10,395.00,"3,950.00"
2019-07-15,2019071501004017,ILBS,26,37,10,395.00,"3,950.00"
2019-07-15,2019071501004016,ILBS,26,37,10,395.00,"3,950.00"
2019-07-15,2019071501004167,ILBS,26,47,10,395.00,"3,950.00"
2019-07-15,2019071501004026,ILBS,26,57,10,395.00,"3,950.00"
2019-07-15,2019071501004025,ILBS,26,45,10,395.00,"3,950.00"
2019-07-15,2019071501004024,ILBS,26,37,10,395.00,"3,950.00"
2019-07-15,2019071501004023,ILBS,26,37,10,395.00,"3,950.00"
2019-07-15,2019071501004022,ILBS,26,37,10,395.00,"3,950.00"
2019-07-15,2019071501004217,ILBS,26,1,10,395.00,"3,950.00"
2019-07-15,2019071501004215,ILBS,26,29,10,395.00,"3,950.00"
2019-07-15,2019071501004206,ILBS,26,29,10,395.00,"3,950.00"
2019-07-15,2019071501004199,ILBS,26,1,10,395.00,"3,950.00"
2019-07-15,2019071501004182,ILBS,26,29,10,395.00,"3,950.00"
2019-07-15,2019071501004177,ILBS,26,1,10,395.00,"3,950.00"
2019-07-15,2019071501004295,ILBS,26,3,10,395.00,"3,950.00"
2019-07-15,2019071501004294,ILBS,26,42,10,395.00,"3,950.00"
2019-07-15,2019071501004275,ILBS,26,3,10,395.00,"3,950.00"
2019-07-15,2019071501004251,ILBS,26,57,10,395.00,"3,950.00"
2019-07-15,2019071501004241,ILBS,26,16,10,395.00,"3,950.00"
2019-07-15,2019071501004231,ILBS,46,16,10,397.00,"3,970.00"
2019-07-15,2019071501004343,ILBS,37,16,10,397.00,"3,970.00"
2019-07-15,2019071501004342,ILBS,37,16,10,397.00,"3,970.00"
2019-07-15,2019071501004341,ILBS,37,16,10,397.00,"3,970.00"
2019-07-15,2019071501004340,ILBS,37,16,10,396.00,"3,960.00"
2019-07-15,2019071501004331,ILBS,26,3,10,395.00,"3,950.00"
2019-07-15,2019071501004310,ILBS,26,3,10,395.00,"3,950.00"
2019-07-15,2019071501004198,KBL,48,43,450,222.00,"99,900.00"
2019-07-15,2019071501004197,KBL,48,46,500,222.00,"111,000.00"
2019-07-15,2019071501004196,KBL,48,42,150,222.00,"33,300.00"
2019-07-15,2019071501004108,KBL,40,7,900,221.00,"198,900.00"
2019-07-15,2019071501004107,KBL,4,7,100,221.00,"22,100.00"
2019-07-15,2019071501003998,KPCL,59,37,10,91.00,910.00
2019-07-15,2019071501004059,KPCL,59,17,10,91.00,910.00
2019-07-15,2019071501004054,KPCL,59,17,10,91.00,910.00
2019-07-15,2019071501004046,KPCL,59,17,10,91.00,910.00
2019-07-15,2019071501004174,KRBL,38,1,41,116.00,"4,756.00"
2019-07-15,2019071501004195,KSBBL,39,46,150,161.00,"24,150.00"
2019-07-15,2019071501004175,KSBBL,39,46,"1,000",161.00,"161,000.00"
2019-07-15,2019071501003942,KSBBL,4,46,150,162.00,"24,300.00"
2019-07-15,2019071501003939,KSBBL,45,46,200,162.00,"32,400.00"
2019-07-15,2019071501004165,LBBL,41,21,120,194.00,"23,280.00"
2019-07-15,2019071501004142,LBBL,50,44,364,193.00,"70,252.00"
2019-07-15,2019071501004104,LBBL,52,55,100,192.00,"19,200.00"
2019-07-15,2019071501004070,LBBL,46,44,100,193.00,"19,300.00"
2019-07-15,2019071501004069,LBBL,25,44,468,193.00,"90,324.00"
2019-07-15,2019071501004250,LBL,48,20,540,225.00,"121,500.00"
2019-07-15,2019071501004249,LBL,48,20,460,225.00,"103,500.00"
2019-07-15,2019071501004222,LBL,48,51,200,225.00,"45,000.00"
2019-07-15,2019071501004221,LBL,48,26,40,225.00,"9,000.00"
2019-07-15,2019071501004202,LBL,26,26,260,225.00,"58,500.00"
2019-07-15,2019071501004201,LBL,26,20,240,225.00,"54,000.00"
2019-07-15,2019071501004146,LBL,48,20,700,225.00,"157,500.00"
2019-07-15,2019071501004278,LICN,34,28,20,"1,615.00","32,300.00"
2019-07-15,2019071501004277,LLBS,6,44,18,665.00,"11,970.00"
2019-07-15,2019071501004191,LLBS,6,49,22,665.00,"14,630.00"
2019-07-15,2019071501004190,LLBS,57,49,18,667.00,"12,006.00"
2019-07-15,2019071501004169,LLBS,58,58,10,670.00,"6,700.00"
2019-07-15,2019071501004400,MEGA,6,51,285,214.00,"60,990.00"
2019-07-15,2019071501004399,MEGA,6,26,45,214.00,"9,630.00"
2019-07-15,2019071501004398,MEGA,6,39,170,214.00,"36,380.00"
2019-07-15,2019071501004378,MEGA,3,50,110,213.00,"23,430.00"
2019-07-15,2019071501004333,MEGA,3,52,50,213.00,"10,650.00"
2019-07-15,2019071501004319,MEGA,3,33,720,213.00,"153,360.00"
2019-07-15,2019071501003992,MEGA,1,19,110,213.00,"23,430.00"
2019-07-15,2019071501003991,MEGA,1,41,"1,361",213.00,"289,893.00"
2019-07-15,2019071501003970,MEGA,37,35,26,213.00,"5,538.00"
2019-07-15,2019071501004100,MEGA,33,43,450,213.00,"95,850.00"
2019-07-15,2019071501004099,MEGA,57,43,150,213.00,"31,950.00"
2019-07-15,2019071501004010,MEGA,57,32,50,213.00,"10,650.00"
2019-07-15,2019071501003995,MEGA,1,35,74,213.00,"15,762.00"
2019-07-15,2019071501003994,MEGA,1,17,50,213.00,"10,650.00"
2019-07-15,2019071501003993,MEGA,1,19,110,213.00,"23,430.00"
2019-07-15,2019071501004318,MEGA,1,33,100,213.00,"21,300.00"
2019-07-15,2019071501004317,MEGA,58,33,180,213.00,"38,340.00"
2019-07-15,2019071501004316,MEGA,58,38,120,213.00,"25,560.00"
2019-07-15,2019071501004315,MEGA,33,38,380,213.00,"80,940.00"
2019-07-15,2019071501004258,MEGA,33,58,100,213.00,"21,300.00"
2019-07-15,2019071501004120,MEGA,33,35,70,213.00,"14,910.00"
2019-07-15,2019071501004205,MERO,51,51,58,518.00,"30,044.00"
2019-07-15,2019071501003982,MERO,19,37,24,519.00,"12,456.00"
2019-07-15,2019071501003953,MFIL,4,16,100,125.00,"12,500.00"
2019-07-15,2019071501003952,MFIL,32,16,"3,333",125.00,"416,625.00"
2019-07-15,2019071501004000,MHNL,59,37,40,103.00,"4,120.00"
2019-07-15,2019071501003969,MHNL,59,37,40,103.00,"4,120.00"
2019-07-15,2019071501004161,MLBL,1,49,10,197.00,"1,970.00"
2019-07-15,2019071501003947,MLBL,36,6,54,195.00,"10,530.00"
2019-07-15,2019071501003920,MLBL,36,6,43,195.00,"8,385.00"
2019-07-15,2019071501003938,MNBBL,1,25,401,363.00,"145,563.00"
2019-07-15,2019071501003937,MNBBL,38,25,50,363.00,"18,150.00"
2019-07-15,2019071501003936,MNBBL,52,25,200,363.00,"72,600.00"
2019-07-15,2019071501003935,MNBBL,4,25,249,363.00,"90,387.00"
2019-07-15,2019071501003934,MNBBL,39,25,50,364.00,"18,200.00"
2019-07-15,2019071501003933,MNBBL,21,25,50,364.00,"18,200.00"
2019-07-15,2019071501004176,MSLB,58,58,1,936.00,936.00
2019-07-15,2019071501004397,NABIL,41,16,50,800.00,"40,000.00"
2019-07-15,2019071501004396,NABIL,58,16,300,800.00,"240,000.00"
2019-07-15,2019071501004395,NABIL,45,16,15,800.00,"12,000.00"
2019-07-15,2019071501004394,NABIL,22,16,100,801.00,"80,100.00"
2019-07-15,2019071501004286,NABIL,45,4,85,800.00,"68,000.00"
2019-07-15,2019071501004285,NABIL,5,4,15,800.00,"12,000.00"
2019-07-15,2019071501004001,NABIL,48,4,100,801.00,"80,100.00"
2019-07-15,2019071501003985,NABIL,48,53,385,800.00,"308,000.00"
2019-07-15,2019071501003984,NABIL,57,53,100,800.00,"80,000.00"
2019-07-15,2019071501003983,NABIL,47,53,15,800.00,"12,000.00"
2019-07-15,2019071501003907,NABIL,57,4,250,800.00,"200,000.00"
2019-07-15,2019071501003906,NABIL,59,4,40,800.00,"32,000.00"
2019-07-15,2019071501004234,NABIL,29,4,20,801.00,"16,020.00"
2019-07-15,2019071501004233,NABIL,49,4,150,801.00,"120,150.00"
2019-07-15,2019071501004232,NABIL,35,4,30,802.00,"24,060.00"
2019-07-15,2019071501004194,NABIL,42,4,100,804.00,"80,400.00"
2019-07-15,2019071501004193,NABIL,42,4,200,804.00,"160,800.00"
2019-07-15,2019071501004192,NABIL,42,52,100,803.00,"80,300.00"
2019-07-15,2019071501004240,NABIL,5,4,385,800.00,"308,000.00"
2019-07-15,2019071501004239,NABIL,5,4,300,800.00,"240,000.00"
2019-07-15,2019071501004238,NABIL,32,4,50,800.00,"40,000.00"
2019-07-15,2019071501004237,NABIL,13,4,30,800.00,"24,000.00"
2019-07-15,2019071501004236,NABIL,57,4,10,800.00,"8,000.00"
2019-07-15,2019071501004235,NABIL,45,4,25,801.00,"20,025.00"
2019-07-15,2019071501004006,NADEP,35,37,10,405.00,"4,050.00"
2019-07-15,2019071501004156,NAGRO,17,47,10,491.00,"4,910.00"
2019-07-15,2019071501004105,NAGRO,46,41,10,490.00,"4,900.00"
2019-07-15,2019071501004360,NBB,25,45,200,221.00,"44,200.00"
2019-07-15,2019071501004225,NBB,25,7,140,221.00,"30,940.00"
2019-07-15,2019071501004224,NBB,57,7,300,221.00,"66,300.00"
2019-07-15,2019071501004223,NBB,39,7,60,221.00,"13,260.00"
2019-07-15,2019071501003976,NBB,39,17,500,221.00,"110,500.00"
2019-07-15,2019071501003923,NBB,4,11,100,222.00,"22,200.00"
2019-07-15,2019071501004379,NBL,41,44,500,336.00,"168,000.00"
2019-07-15,2019071501004372,NBL,43,44,"2,500",336.00,"840,000.00"
2019-07-15,2019071501004371,NBL,43,36,"2,000",336.00,"672,000.00"
2019-07-15,2019071501004370,NBL,43,44,500,336.00,"168,000.00"
2019-07-15,2019071501004320,NBL,32,44,200,336.00,"67,200.00"
2019-07-15,2019071501004269,NBL,42,44,300,336.00,"100,800.00"
2019-07-15,2019071501004157,NBL,57,58,100,335.00,"33,500.00"
2019-07-15,2019071501004139,NBL,43,44,"1,000",336.00,"336,000.00"
2019-07-15,2019071501004075,NBL,16,44,825,336.00,"277,200.00"
2019-07-15,2019071501004074,NBL,16,25,175,336.00,"58,800.00"
2019-07-15,2019071501003910,NBL,43,25,825,336.00,"277,200.00"
2019-07-15,2019071501003909,NBL,43,44,"1,175",336.00,"394,800.00"
2019-07-15,2019071501004247,NBL,29,44,"2,000",336.00,"672,000.00"
2019-07-15,2019071501004181,NBL,16,51,200,336.00,"67,200.00"
2019-07-15,2019071501004180,NBL,16,50,300,336.00,"100,800.00"
2019-07-15,2019071501004179,NBL,16,48,100,336.00,"33,600.00"
2019-07-15,2019071501004178,NBL,16,44,175,336.00,"58,800.00"
2019-07-15,2019071501004158,NBL,45,58,150,335.00,"50,250.00"
2019-07-15,2019071501004273,NCCB,33,52,"1,000",243.00,"243,000.00"
2019-07-15,2019071501004272,NCCB,33,33,938,243.00,"227,934.00"
2019-07-15,2019071501004271,NCCB,33,32,920,243.00,"223,560.00"
2019-07-15,2019071501003919,NCCB,3,33,120,242.00,"29,040.00"
2019-07-15,2019071501003918,NCCB,51,33,250,242.00,"60,500.00"
2019-07-15,2019071501003917,NCCB,25,33,"1,500",242.00,"363,000.00"
2019-07-15,2019071501003916,NCCB,41,33,"1,000",242.00,"242,000.00"
2019-07-15,2019071501003915,NCCB,25,33,200,242.00,"48,400.00"
2019-07-15,2019071501003914,NCCB,25,33,"1,000",242.00,"242,000.00"
2019-07-15,2019071501003913,NCCB,34,33,"4,972",242.00,"1,203,224.00"
2019-07-15,2019071501003912,NCCB,59,33,20,242.00,"4,840.00"
2019-07-15,2019071501003973,NGPL,48,56,11,115.00,"1,265.00"
2019-07-15,2019071501004213,NIB,13,6,140,518.00,"72,520.00"
2019-07-15,2019071501004189,NIB,57,17,150,520.00,"78,000.00"
2019-07-15,2019071501004188,NIB,57,17,91,520.00,"47,320.00"
2019-07-15,2019071501003974,NIB,13,22,200,518.00,"103,600.00"
2019-07-15,2019071501003943,NIB,13,10,15,518.00,"7,770.00"
2019-07-15,2019071501004268,NIBLPF,7,39,100,7.28,728.00
2019-07-15,2019071501004377,NIBPO,22,4,200,470.00,"94,000.00"
2019-07-15,2019071501004376,NIBPO,22,4,400,470.00,"188,000.00"
2019-07-15,2019071501004375,NIBPO,51,4,300,471.00,"141,300.00"
2019-07-15,2019071501004263,NIBPO,22,4,100,470.00,"47,000.00"
2019-07-15,2019071501004113,NIBPO,46,25,85,475.00,"40,375.00"
2019-07-15,2019071501004112,NIBPO,46,28,15,474.00,"7,110.00"
2019-07-15,2019071501004255,NICA,6,34,13,445.00,"5,785.00"
2019-07-15,2019071501004254,NICA,57,34,100,445.00,"44,500.00"
2019-07-15,2019071501004253,NICA,33,34,253,445.00,"112,585.00"
2019-07-15,2019071501004084,NICA,42,21,25,446.00,"11,150.00"
2019-07-15,2019071501004072,NICA,33,34,55,445.00,"24,475.00"
2019-07-15,2019071501003966,NICA,34,34,200,446.00,"89,200.00"
2019-07-15,2019071501003922,NICA,45,34,100,446.00,"44,600.00"
2019-07-15,2019071501003986,NICL,22,50,180,347.00,"62,460.00"
2019-07-15,2019071501004211,NIL,34,58,65,487.00,"31,655.00"
2019-07-15,2019071501004291,NLBBL,45,17,16,471.00,"7,536.00"
2019-07-15,2019071501004290,NLBBL,47,17,16,471.00,"7,536.00"
2019-07-15,2019071501004289,NLBBL,45,17,25,472.00,"11,800.00"
2019-07-15,2019071501004242,NLBBL,25,37,12,474.00,"5,688.00"
2019-07-15,2019071501003957,NLG,58,36,70,732.00,"51,240.00"
2019-07-15,2019071501004337,NLIC,34,4,17,892.00,"15,164.00"
2019-07-15,2019071501004336,NLIC,17,4,483,892.00,"430,836.00"
2019-07-15,2019071501004314,NLIC,50,4,19,893.00,"16,967.00"
2019-07-15,2019071501004313,NLIC,29,4,21,893.00,"18,753.00"
2019-07-15,2019071501004288,NLIC,1,42,100,894.00,"89,400.00"
2019-07-15,2019071501003997,NLIC,29,17,15,893.00,"13,395.00"
2019-07-15,2019071501003978,NLIC,29,50,50,893.00,"44,650.00"
2019-07-15,2019071501004051,NMBMF,26,33,15,990.00,"14,850.00"
2019-07-15,2019071501004012,NSEWA,38,38,10,388.00,"3,880.00"
2019-07-15,2019071501004038,NTC,33,45,10,690.00,"6,900.00"
2019-07-15,2019071501003958,NTC,6,28,150,686.00,"102,900.00"
2019-07-15,2019071501004301,NUBL,45,13,180,841.00,"151,380.00"
2019-07-15,2019071501004300,NUBL,53,13,20,841.00,"16,820.00"
2019-07-15,2019071501004047,OHL,54,57,"1,035",611.00,"632,385.00"
2019-07-15,2019071501004392,PCBL,38,44,"1,000",275.00,"275,000.00"
2019-07-15,2019071501004369,PCBL,38,44,70,274.00,"19,180.00"
2019-07-15,2019071501004368,PCBL,38,44,"1,000",274.00,"274,000.00"
2019-07-15,2019071501004367,PCBL,11,44,500,274.00,"137,000.00"
2019-07-15,2019071501004366,PCBL,22,44,500,274.00,"137,000.00"
2019-07-15,2019071501004365,PCBL,57,44,30,274.00,"8,220.00"
2019-07-15,2019071501004096,PCBL,55,43,344,274.00,"94,256.00"
2019-07-15,2019071501004364,PCBL,32,44,900,274.00,"246,600.00"
2019-07-15,2019071501004274,PCBL,42,44,50,275.00,"13,750.00"
2019-07-15,2019071501004256,PCBL,32,45,100,274.00,"27,400.00"
2019-07-15,2019071501004207,PCBL,37,44,"1,000",275.00,"275,000.00"
2019-07-15,2019071501004098,PCBL,25,43,50,274.00,"13,700.00"
2019-07-15,2019071501004097,PCBL,29,43,100,274.00,"27,400.00"
2019-07-15,2019071501004160,PIC,49,44,50,495.00,"24,750.00"
2019-07-15,2019071501004053,PIC,49,44,50,495.00,"24,750.00"
2019-07-15,2019071501004052,PIC,22,44,30,496.00,"14,880.00"
2019-07-15,2019071501003950,PIC,22,21,10,496.00,"4,960.00"
2019-07-15,2019071501003931,PLIC,51,6,18,434.00,"7,812.00"
2019-07-15,2019071501004151,PMHPL,56,48,10,109.00,"1,090.00"
2019-07-15,2019071501004150,PMHPL,56,48,10,109.00,"1,090.00"
2019-07-15,2019071501004149,PMHPL,56,17,10,108.00,"1,080.00"
2019-07-15,2019071501004148,PMHPL,56,8,10,108.00,"1,080.00"
2019-07-15,2019071501003911,PMHPL,56,49,10,107.00,"1,070.00"
2019-07-15,2019071501004383,PRVU,49,58,226,262.00,"59,212.00"
2019-07-15,2019071501004363,PRVU,29,58,500,262.00,"131,000.00"
2019-07-15,2019071501004306,PRVU,34,58,562,262.00,"147,244.00"
2019-07-15,2019071501004305,PRVU,6,58,200,262.00,"52,400.00"
2019-07-15,2019071501004304,PRVU,56,58,100,262.00,"26,200.00"
2019-07-15,2019071501004032,PRVU,39,5,550,263.00,"144,650.00"
2019-07-15,2019071501004031,PRVU,46,5,100,263.00,"26,300.00"
2019-07-15,2019071501004030,PRVU,42,5,566,263.00,"148,858.00"
2019-07-15,2019071501004003,PRVU,42,5,100,263.00,"26,300.00"
2019-07-15,2019071501004216,PRVU,49,5,50,263.00,"13,150.00"
2019-07-15,2019071501004103,PRVU,33,58,500,264.00,"132,000.00"
2019-07-15,2019071501004035,PRVU,22,5,"2,000",263.00,"526,000.00"
2019-07-15,2019071501004034,PRVU,51,5,100,263.00,"26,300.00"
2019-07-15,2019071501004033,PRVU,51,5,100,263.00,"26,300.00"
2019-07-15,2019071501004083,RADHI,7,28,457,145.00,"66,265.00"
2019-07-15,2019071501004082,RADHI,7,41,11,145.00,"1,595.00"
2019-07-15,2019071501004094,RLFL,34,14,10,126.00,"1,260.00"
2019-07-15,2019071501004080,RLFL,34,14,10,124.00,"1,240.00"
2019-07-15,2019071501004079,RLFL,34,41,10,122.00,"1,220.00"
2019-07-15,2019071501004013,RLFL,34,41,10,124.00,"1,240.00"
2019-07-15,2019071501003975,RLFL,34,34,10,122.00,"1,220.00"
2019-07-15,2019071501003967,RSDC,48,39,50,340.00,"17,000.00"
2019-07-15,2019071501003965,SADBL,50,52,200,159.00,"31,800.00"
2019-07-15,2019071501003964,SADBL,50,43,953,159.00,"151,527.00"
2019-07-15,2019071501004405,SANIMA,39,35,200,347.00,"69,400.00"
2019-07-15,2019071501004404,SANIMA,39,45,200,347.00,"69,400.00"
2019-07-15,2019071501004403,SANIMA,39,35,505,347.00,"175,235.00"
2019-07-15,2019071501004078,SANIMA,6,35,"1,195",347.00,"414,665.00"
2019-07-15,2019071501003946,SBI,42,36,100,465.00,"46,500.00"
2019-07-15,2019071501004361,SBL,18,17,113,318.00,"35,934.00"
2019-07-15,2019071501004284,SBL,19,17,87,318.00,"27,666.00"
2019-07-15,2019071501004283,SBL,19,35,27,318.00,"8,586.00"
2019-07-15,2019071501004172,SBL,39,11,900,317.00,"285,300.00"
2019-07-15,2019071501004145,SBL,14,11,100,317.00,"31,700.00"
2019-07-15,2019071501004386,SEF,34,10,"1,000",9.82,"9,820.00"
2019-07-15,2019071501004292,SEF,34,47,"2,000",9.82,"19,640.00"
2019-07-15,2019071501004267,SEF,1,47,"3,000",9.85,"29,550.00"
2019-07-15,2019071501004246,SEF,1,47,"2,000",9.85,"19,700.00"
2019-07-15,2019071501004095,SFFIL,19,6,200,205.00,"41,000.00"
2019-07-15,2019071501004093,SFFIL,19,6,180,205.00,"36,900.00"
2019-07-15,2019071501004092,SFFIL,46,6,100,205.00,"20,500.00"
2019-07-15,2019071501004091,SFFIL,55,6,20,206.00,"4,120.00"
2019-07-15,2019071501004230,SHIVM,52,52,50,602.00,"30,100.00"
2019-07-15,2019071501004229,SHIVM,52,19,50,602.00,"30,100.00"
2019-07-15,2019071501004228,SHIVM,52,40,15,602.00,"9,030.00"
2019-07-15,2019071501004134,SHIVM,21,40,105,602.00,"63,210.00"
2019-07-15,2019071501004133,SHIVM,21,39,100,602.00,"60,200.00"
2019-07-15,2019071501004132,SHIVM,21,47,125,602.00,"75,250.00"
2019-07-15,2019071501004125,SHIVM,21,21,50,601.00,"30,050.00"
2019-07-15,2019071501004124,SHIVM,21,21,50,601.00,"30,050.00"
2019-07-15,2019071501004123,SHIVM,21,21,50,601.00,"30,050.00"
2019-07-15,2019071501004122,SHIVM,21,21,50,601.00,"30,050.00"
2019-07-15,2019071501004121,SHIVM,21,21,50,601.00,"30,050.00"
2019-07-15,2019071501003980,SHIVM,19,22,150,600.00,"90,000.00"
2019-07-15,2019071501004131,SHIVM,21,47,125,602.00,"75,250.00"
2019-07-15,2019071501004130,SHIVM,21,47,125,602.00,"75,250.00"
2019-07-15,2019071501004129,SHIVM,21,47,125,602.00,"75,250.00"
2019-07-15,2019071501004128,SHIVM,21,47,35,602.00,"21,070.00"
2019-07-15,2019071501004127,SHIVM,21,22,460,601.00,"276,460.00"
2019-07-15,2019071501004126,SHIVM,21,21,50,601.00,"30,050.00"
2019-07-15,2019071501003930,SHL,51,43,200,233.00,"46,600.00"
2019-07-15,2019071501003908,SHL,26,38,100,232.00,"23,200.00"
2019-07-15,2019071501004307,SHPC,29,43,110,251.00,"27,610.00"
2019-07-15,2019071501004147,SHPC,43,6,20,253.00,"5,060.00"
2019-07-15,2019071501004204,SICL,11,39,50,771.00,"38,550.00"
2019-07-15,2019071501004203,SICL,11,6,18,770.00,"13,860.00"
2019-07-15,2019071501004171,SICL,5,6,25,770.00,"19,250.00"
2019-07-15,2019071501004170,SICL,5,45,25,769.00,"19,225.00"
2019-07-15,2019071501004385,SKBBL,40,14,69,938.00,"64,722.00"
2019-07-15,2019071501004384,SKBBL,49,14,20,938.00,"18,760.00"
2019-07-15,2019071501003990,SLBSL,52,34,10,534.00,"5,340.00"
2019-07-15,2019071501003989,SLBSL,52,34,10,534.00,"5,340.00"
2019-07-15,2019071501003988,SLBSL,52,34,10,534.00,"5,340.00"
2019-07-15,2019071501003987,SLBSL,52,21,10,534.00,"5,340.00"
2019-07-15,2019071501004163,SLICL,42,28,20,463.00,"9,260.00"
2019-07-15,2019071501004374,SMFBS,59,58,10,471.00,"4,710.00"
2019-07-15,2019071501004332,SMFBS,59,28,10,471.00,"4,710.00"
2019-07-15,2019071501004308,SMFBS,59,28,10,471.00,"4,710.00"
2019-07-15,2019071501004293,SMFBS,59,45,10,471.00,"4,710.00"
2019-07-15,2019071501004227,SMFBS,59,56,10,471.00,"4,710.00"
2019-07-15,2019071501003979,SPARS,25,56,10,422.00,"4,220.00"
2019-07-15,2019071501003929,SPARS,25,49,10,422.00,"4,220.00"
2019-07-15,2019071501004210,SRBL,25,58,48,249.00,"11,952.00"
2019-07-15,2019071501004209,SRBL,43,58,500,249.00,"124,500.00"
2019-07-15,2019071501004208,SRBL,39,58,472,249.00,"117,528.00"
2019-07-15,2019071501003963,SRBL,28,58,50,250.00,"12,500.00"
2019-07-15,2019071501004359,SWBBL,49,28,515,875.00,"450,625.00"
2019-07-15,2019071501004358,SWBBL,42,28,25,875.00,"21,875.00"
2019-07-15,2019071501004357,SWBBL,16,28,410,875.00,"358,750.00"
2019-07-15,2019071501004356,SWBBL,28,28,50,876.00,"43,800.00"
2019-07-15,2019071501004355,SWBBL,50,28,200,876.00,"175,200.00"
2019-07-15,2019071501004354,SWBBL,49,28,50,876.00,"43,800.00"
2019-07-15,2019071501004353,SWBBL,44,28,50,876.00,"43,800.00"
2019-07-15,2019071501004352,SWBBL,58,28,500,877.00,"438,500.00"
2019-07-15,2019071501004114,UIC,13,16,123,855.00,"105,165.00"
2019-07-15,2019071501004166,UPCL,41,49,200,89.00,"17,800.00"
2019-07-15,2019071501003961,UPCL,41,6,50,89.00,"4,450.00"
2019-07-15,2019071501003951,UPCL,41,49,50,89.00,"4,450.00"
2019-07-15,2019071501003945,UPCL,41,6,50,89.00,"4,450.00"
2019-07-15,2019071501004330,UPPER,45,34,54,275.00,"14,850.00"
2019-07-15,2019071501003927,UPPER,19,10,10,275.00,"2,750.00"
2019-07-15,2019071501003926,UPPER,42,10,40,275.00,"11,000.00"
2019-07-15,2019071501004029,UPPER,11,20,10,276.00,"2,760.00"
2019-07-15,2019071501004028,UPPER,11,20,40,276.00,"11,040.00"
2019-07-15,2019071501003944,UPPER,11,48,60,276.00,"16,560.00"
2019-07-15,2019071501003941,UPPER,11,48,40,276.00,"11,040.00"
2019-07-15,2019071501003940,UPPER,11,20,20,276.00,"5,520.00"
2019-07-15,2019071501004049,UPPER,19,38,50,275.00,"13,750.00"
2019-07-15,2019071501004045,UPPER,38,20,10,276.00,"2,760.00"
2019-07-15,2019071501004044,UPPER,38,20,40,276.00,"11,040.00"
2019-07-15,2019071501004276,UPPER,26,34,200,276.00,"55,200.00"
2019-07-15,2019071501004266,UPPER,26,40,263,276.00,"72,588.00"
2019-07-15,2019071501004260,UPPER,13,40,30,276.00,"8,280.00"
2019-07-15,2019071501004259,UPPER,13,34,"1,100",276.00,"303,600.00"
2019-07-15,2019071501004111,UPPER,13,55,100,276.00,"27,600.00"
2019-07-15,2019071501004106,UPPER,13,20,40,276.00,"11,040.00"
2019-07-15,2019071501004323,UPPER,33,34,"1,000",275.00,"275,000.00"
2019-07-15,2019071501004322,UPPER,19,34,939,275.00,"258,225.00"
2019-07-15,2019071501004321,UPPER,44,34,37,276.00,"10,212.00"
2019-07-15,2019071501004303,UPPER,44,44,"5,963",276.00,"1,645,788.00"
2019-07-15,2019071501004302,UPPER,26,44,37,276.00,"10,212.00"
2019-07-15,2019071501004287,UPPER,26,6,200,277.00,"55,400.00"
2019-07-15,2019071501004329,UPPER,17,34,"2,000",275.00,"550,000.00"
2019-07-15,2019071501004328,UPPER,34,34,70,275.00,"19,250.00"
2019-07-15,2019071501004327,UPPER,17,34,"1,000",275.00,"275,000.00"
2019-07-15,2019071501004326,UPPER,58,34,500,275.00,"137,500.00"
2019-07-15,2019071501004325,UPPER,1,34,100,275.00,"27,500.00"
2019-07-15,2019071501004324,UPPER,34,34,300,275.00,"82,500.00"
2019-07-15,2019071501003730,ADBL,50,50,198,406.00,"80,388.00"
2019-07-15,2019071501003722,ADBL,50,50,318,406.00,"129,108.00"
2019-07-15,2019071501003721,ADBL,37,50,10,406.00,"4,060.00"
2019-07-15,2019071501003720,ADBL,25,50,90,406.00,"36,540.00"
2019-07-15,2019071501003576,ADBL,11,55,40,407.00,"16,280.00"
2019-07-15,2019071501003799,AHPC,34,37,"2,000",107.00,"214,000.00"
2019-07-15,2019071501003798,AHPC,17,37,130,107.00,"13,910.00"
2019-07-15,2019071501003797,AHPC,20,37,71,107.00,"7,597.00"
2019-07-15,2019071501003649,AHPC,20,7,929,107.00,"99,403.00"
2019-07-15,2019071501003827,AKJCL,4,38,20,72.00,"1,440.00"
2019-07-15,2019071501003826,AKJCL,4,22,380,72.00,"27,360.00"
2019-07-15,2019071501003819,AKJCL,4,26,10,71.00,710.00
2019-07-15,2019071501003564,AKJCL,4,17,10,70.00,700.00
2019-07-15,2019071501003554,AKPL,55,57,10,179.00,"1,790.00"
2019-07-15,2019071501003416,ALBSL,33,22,10,402.00,"4,020.00"
2019-07-15,2019071501003848,ALICL,38,35,50,387.00,"19,350.00"
2019-07-15,2019071501003814,ALICL,38,35,47,387.00,"18,189.00"
2019-07-15,2019071501003597,API,26,59,50,141.00,"7,050.00"
2019-07-15,2019071501003596,API,45,59,10,141.00,"1,410.00"
2019-07-15,2019071501003886,BOKL,42,11,29,257.00,"7,453.00"
2019-07-15,2019071501003817,BOKL,49,11,"1,000",256.00,"256,000.00"
2019-07-15,2019071501003816,BOKL,49,34,50,256.00,"12,800.00"
2019-07-15,2019071501003815,BOKL,49,11,90,256.00,"23,040.00"
2019-07-15,2019071501003438,BOKL,52,11,100,256.00,"25,600.00"
2019-07-15,2019071501003407,BOKL,41,11,"1,000",255.00,"255,000.00"
2019-07-15,2019071501003723,BOKL,11,52,238,255.00,"60,690.00"
2019-07-15,2019071501003505,BOKL,34,11,500,256.00,"128,000.00"
2019-07-15,2019071501003473,BOKL,11,11,246,255.00,"62,730.00"
2019-07-15,2019071501003472,BOKL,51,11,500,255.00,"127,500.00"
2019-07-15,2019071501003471,BOKL,42,11,30,255.00,"7,650.00"
2019-07-15,2019071501003470,BOKL,41,11,224,255.00,"57,120.00"
2019-07-15,2019071501003762,CBL,57,25,63,157.00,"9,891.00"
2019-07-15,2019071501003694,CBL,47,25,"1,000",157.00,"157,000.00"
2019-07-15,2019071501003512,CBL,57,25,500,157.00,"78,500.00"
2019-07-15,2019071501003478,CBL,21,25,100,157.00,"15,700.00"
2019-07-15,2019071501003460,CBL,58,25,200,157.00,"31,400.00"
2019-07-15,2019071501003447,CBL,59,25,500,157.00,"78,500.00"
2019-07-15,2019071501003417,CBL,21,25,50,157.00,"7,850.00"
2019-07-15,2019071501003893,CCBL,4,35,50,178.00,"8,900.00"
2019-07-15,2019071501003892,CCBL,4,32,50,178.00,"8,900.00"
2019-07-15,2019071501003768,CCBL,36,59,100,178.00,"17,800.00"
2019-07-15,2019071501003499,CCBL,44,43,89,177.00,"15,753.00"
2019-07-15,2019071501003498,CCBL,26,43,12,178.00,"2,136.00"
2019-07-15,2019071501003607,CEFL,18,18,20,100.00,"2,000.00"
2019-07-15,2019071501003592,CEFL,57,18,100,100.00,"10,000.00"
2019-07-15,2019071501003714,CIT,51,41,26,"2,421.00","62,946.00"
2019-07-15,2019071501003713,CIT,49,41,100,"2,421.00","242,100.00"
2019-07-15,2019071501003712,CIT,8,41,10,"2,421.00","24,210.00"
2019-07-15,2019071501003711,CIT,52,41,25,"2,422.00","60,550.00"
2019-07-15,2019071501003710,CIT,41,41,25,"2,423.00","60,575.00"
2019-07-15,2019071501003709,CIT,1,41,50,"2,424.00","121,200.00"
2019-07-15,2019071501003442,CIT,5,37,20,"2,433.00","48,660.00"
2019-07-15,2019071501003682,CIT,35,3,10,"2,425.00","24,250.00"
2019-07-15,2019071501003681,CIT,45,3,10,"2,426.00","24,260.00"
2019-07-15,2019071501003446,CIT,11,37,50,"2,430.00","121,500.00"
2019-07-15,2019071501003445,CIT,42,37,12,"2,430.00","29,160.00"
2019-07-15,2019071501003444,CIT,10,37,10,"2,431.00","24,310.00"
2019-07-15,2019071501003443,CIT,22,37,20,"2,432.00","48,640.00"
2019-07-15,2019071501003715,CZBIL,10,51,17,224.00,"3,808.00"
2019-07-15,2019071501003593,CZBIL,51,3,10,225.00,"2,250.00"
2019-07-15,2019071501003588,CZBIL,10,43,483,224.00,"108,192.00"
2019-07-15,2019071501003587,CZBIL,1,43,72,224.00,"16,128.00"
2019-07-15,2019071501003551,CZBIL,1,41,208,224.00,"46,592.00"
2019-07-15,2019071501003526,CZBIL,1,25,471,224.00,"105,504.00"
2019-07-15,2019071501003525,CZBIL,6,25,29,224.00,"6,496.00"
2019-07-15,2019071501003874,DBBL,48,45,"1,000",145.00,"145,000.00"
2019-07-15,2019071501003829,DBBL,48,57,300,145.00,"43,500.00"
2019-07-15,2019071501003820,DBBL,48,25,219,145.00,"31,755.00"
2019-07-15,2019071501003775,DBBL,48,33,250,145.00,"36,250.00"
2019-07-15,2019071501003774,DBBL,48,56,500,145.00,"72,500.00"
2019-07-15,2019071501003773,DBBL,48,25,500,145.00,"72,500.00"
2019-07-15,2019071501003466,DBBL,48,14,"1,000",145.00,"145,000.00"
2019-07-15,2019071501003465,DBBL,48,57,690,144.00,"99,360.00"
2019-07-15,2019071501003464,DBBL,48,34,"1,500",144.00,"216,000.00"
2019-07-15,2019071501003463,DBBL,48,42,"1,000",144.00,"144,000.00"
2019-07-15,2019071501003772,DBBL,48,57,500,145.00,"72,500.00"
2019-07-15,2019071501003771,DBBL,48,49,"3,583",145.00,"519,535.00"
2019-07-15,2019071501003557,DBBL,48,49,11,145.00,"1,595.00"
2019-07-15,2019071501003469,DBBL,48,55,500,145.00,"72,500.00"
2019-07-15,2019071501003468,DBBL,48,3,209,145.00,"30,305.00"
2019-07-15,2019071501003467,DBBL,48,57,90,145.00,"13,050.00"
2019-07-15,2019071501003885,EBL,59,28,200,663.00,"132,600.00"
2019-07-15,2019071501003884,EBL,28,28,380,663.00,"251,940.00"
2019-07-15,2019071501003883,EBL,22,28,90,664.00,"59,760.00"
2019-07-15,2019071501003602,EBL,28,55,120,663.00,"79,560.00"
2019-07-15,2019071501003504,EBL,13,6,231,665.00,"153,615.00"
2019-07-15,2019071501003490,EBL,13,52,30,665.00,"19,950.00"
2019-07-15,2019071501003448,EBL,13,26,100,665.00,"66,500.00"
2019-07-15,2019071501003429,EBL,13,28,639,665.00,"424,935.00"
2019-07-15,2019071501003428,EBL,44,28,200,665.00,"133,000.00"
2019-07-15,2019071501003427,EBL,26,28,100,665.00,"66,500.00"
2019-07-15,2019071501003426,EBL,22,28,61,665.00,"40,565.00"
2019-07-15,2019071501003583,EIC,17,17,550,358.00,"196,900.00"
2019-07-15,2019071501003582,EIC,45,17,100,359.00,"35,900.00"
2019-07-15,2019071501003581,EIC,42,17,66,360.00,"23,760.00"
2019-07-15,2019071501003456,EIC,42,7,34,360.00,"12,240.00"
2019-07-15,2019071501003834,FMDBL,49,49,20,385.00,"7,700.00"
2019-07-15,2019071501003519,FMDBL,34,49,"1,000",381.00,"381,000.00"
2019-07-15,2019071501003518,FMDBL,26,49,10,382.00,"3,820.00"
2019-07-15,2019071501003517,FMDBL,58,49,50,382.00,"19,100.00"
2019-07-15,2019071501003516,FMDBL,5,49,100,383.00,"38,300.00"
2019-07-15,2019071501003453,GBLBS,10,34,55,343.00,"18,865.00"
2019-07-15,2019071501003452,GBLBS,17,34,10,343.00,"3,430.00"
2019-07-15,2019071501003741,GDBL,53,55,200,215.00,"43,000.00"
2019-07-15,2019071501003740,GDBL,32,55,50,215.00,"10,750.00"
2019-07-15,2019071501003476,GFCL,58,41,200,135.00,"27,000.00"
2019-07-15,2019071501003497,GHL,16,38,30,85.00,"2,550.00"
2019-07-15,2019071501003489,GHL,16,38,30,85.00,"2,550.00"
2019-07-15,2019071501003854,GLBSL,43,42,10,394.00,"3,940.00"
2019-07-15,2019071501003810,GLBSL,38,38,10,395.00,"3,950.00"
2019-07-15,2019071501003700,GLBSL,43,56,10,394.00,"3,940.00"
2019-07-15,2019071501003650,GLBSL,43,20,10,394.00,"3,940.00"
2019-07-15,2019071501003620,GLBSL,43,20,10,394.00,"3,940.00"
2019-07-15,2019071501003590,GLBSL,43,56,10,394.00,"3,940.00"
2019-07-15,2019071501003890,GMFBS,17,6,10,440.00,"4,400.00"
2019-07-15,2019071501003881,GMFBS,44,34,100,445.00,"44,500.00"
2019-07-15,2019071501003880,GMFBS,44,8,10,445.00,"4,450.00"
2019-07-15,2019071501003879,GMFBS,44,44,10,444.00,"4,440.00"
2019-07-15,2019071501003859,GMFBS,44,8,10,442.00,"4,420.00"
2019-07-15,2019071501003738,GMFBS,43,17,10,441.00,"4,410.00"
2019-07-15,2019071501003719,GMFBS,43,20,10,441.00,"4,410.00"
2019-07-15,2019071501003693,GMFBS,43,20,10,441.00,"4,410.00"
2019-07-15,2019071501003624,GMFBS,43,51,10,441.00,"4,410.00"
2019-07-15,2019071501003586,GMFBS,43,20,10,441.00,"4,410.00"
2019-07-15,2019071501003877,HGI,45,21,30,350.00,"10,500.00"
2019-07-15,2019071501003876,HGI,1,21,30,350.00,"10,500.00"
2019-07-15,2019071501003833,HGI,58,52,150,351.00,"52,650.00"
2019-07-15,2019071501003832,HGI,46,52,10,351.00,"3,510.00"
2019-07-15,2019071501003865,HIDCL,48,45,30,161.00,"4,830.00"
2019-07-15,2019071501003861,HIDCL,48,21,13,161.00,"2,093.00"
2019-07-15,2019071501003860,HIDCL,20,21,10,162.00,"1,620.00"
2019-07-15,2019071501003749,HIDCL,20,45,31,162.00,"5,022.00"
2019-07-15,2019071501003619,HIDCL,20,7,400,162.00,"64,800.00"
2019-07-15,2019071501003510,HIDCL,20,32,59,162.00,"9,558.00"
2019-07-15,2019071501003424,HIDCL,48,8,31,161.00,"4,991.00"
2019-07-15,2019071501003556,HPPL,22,16,10,173.00,"1,730.00"
2019-07-15,2019071501003663,HURJA,17,6,560,141.00,"78,960.00"
2019-07-15,2019071501003662,HURJA,17,59,20,141.00,"2,820.00"
2019-07-15,2019071501003661,HURJA,17,39,20,141.00,"2,820.00"
2019-07-15,2019071501003660,HURJA,17,39,10,141.00,"1,410.00"
2019-07-15,2019071501003659,HURJA,17,17,20,141.00,"2,820.00"
2019-07-15,2019071501003658,HURJA,17,8,20,140.00,"2,800.00"
2019-07-15,2019071501003553,HURJA,3,56,20,138.00,"2,760.00"
2019-07-15,2019071501003534,HURJA,3,56,20,138.00,"2,760.00"
2019-07-15,2019071501003524,HURJA,3,56,20,138.00,"2,760.00"
2019-07-15,2019071501003511,HURJA,3,56,20,138.00,"2,760.00"
2019-07-15,2019071501003507,HURJA,3,56,20,138.00,"2,760.00"
2019-07-15,2019071501003657,HURJA,17,28,10,140.00,"1,400.00"
2019-07-15,2019071501003656,HURJA,17,6,470,140.00,"65,800.00"
2019-07-15,2019071501003655,HURJA,17,29,10,139.00,"1,390.00"
2019-07-15,2019071501003654,HURJA,17,37,20,139.00,"2,780.00"
2019-07-15,2019071501003603,HURJA,3,3,10,138.00,"1,380.00"
2019-07-15,2019071501003598,HURJA,3,56,20,138.00,"2,760.00"
2019-07-15,2019071501003902,ILBS,37,56,10,392.00,"3,920.00"
2019-07-15,2019071501003889,ILBS,33,37,10,392.00,"3,920.00"
2019-07-15,2019071501003878,ILBS,33,44,10,392.00,"3,920.00"
2019-07-15,2019071501003872,ILBS,33,44,10,392.00,"3,920.00"
2019-07-15,2019071501003867,ILBS,33,56,10,392.00,"3,920.00"
2019-07-15,2019071501003866,ILBS,33,44,10,392.00,"3,920.00"
2019-07-15,2019071501003538,ILBS,3,56,10,392.00,"3,920.00"
2019-07-15,2019071501003532,ILBS,3,56,10,392.00,"3,920.00"
2019-07-15,2019071501003571,ILBS,26,47,10,391.00,"3,910.00"
2019-07-15,2019071501003569,ILBS,3,58,10,392.00,"3,920.00"
2019-07-15,2019071501003560,ILBS,3,47,10,392.00,"3,920.00"
2019-07-15,2019071501003546,ILBS,25,25,10,393.00,"3,930.00"
2019-07-15,2019071501003545,ILBS,25,25,10,393.00,"3,930.00"
2019-07-15,2019071501003544,ILBS,3,47,10,392.00,"3,920.00"
2019-07-15,2019071501003690,ILBS,11,11,10,392.00,"3,920.00"
2019-07-15,2019071501003683,ILBS,26,34,10,391.00,"3,910.00"
2019-07-15,2019071501003669,ILBS,38,38,10,393.00,"3,930.00"
2019-07-15,2019071501003622,ILBS,26,56,10,391.00,"3,910.00"
2019-07-15,2019071501003617,ILBS,26,58,10,391.00,"3,910.00"
2019-07-15,2019071501003613,ILBS,3,56,10,392.00,"3,920.00"
2019-07-15,2019071501003743,ILBS,33,20,10,392.00,"3,920.00"
2019-07-15,2019071501003729,ILBS,33,20,10,392.00,"3,920.00"
2019-07-15,2019071501003707,ILBS,35,26,10,391.00,"3,910.00"
2019-07-15,2019071501003703,ILBS,35,20,10,391.00,"3,910.00"
2019-07-15,2019071501003699,ILBS,26,26,10,391.00,"3,910.00"
2019-07-15,2019071501003695,ILBS,26,26,10,391.00,"3,910.00"
2019-07-15,2019071501003856,ILBS,33,56,10,392.00,"3,920.00"
2019-07-15,2019071501003844,ILBS,44,21,10,393.00,"3,930.00"
2019-07-15,2019071501003818,ILBS,44,56,10,393.00,"3,930.00"
2019-07-15,2019071501003803,ILBS,44,56,10,393.00,"3,930.00"
2019-07-15,2019071501003752,ILBS,33,34,10,392.00,"3,920.00"
2019-07-15,2019071501003745,ILBS,33,34,10,392.00,"3,920.00"
2019-07-15,2019071501003761,JBBL,47,17,234,162.00,"37,908.00"
2019-07-15,2019071501003760,JBBL,47,16,"1,101",162.00,"178,362.00"
2019-07-15,2019071501003759,JBBL,47,17,500,162.00,"81,000.00"
2019-07-15,2019071501003758,JBBL,47,39,350,162.00,"56,700.00"
2019-07-15,2019071501003757,JBBL,47,53,40,162.00,"6,480.00"
2019-07-15,2019071501003753,JBBL,39,47,"2,225",161.00,"358,225.00"
2019-07-15,2019071501003737,JBBL,39,1,45,161.00,"7,245.00"
2019-07-15,2019071501003623,JBBL,39,6,17,161.00,"2,737.00"
2019-07-15,2019071501003543,JBBL,39,49,"1,038",161.00,"167,118.00"
2019-07-15,2019071501003542,JBBL,26,49,"1,000",161.00,"161,000.00"
2019-07-15,2019071501003541,JBBL,32,49,50,161.00,"8,050.00"
2019-07-15,2019071501003540,JBBL,32,49,100,161.00,"16,100.00"
2019-07-15,2019071501003535,KADBL,41,8,489,183.00,"89,487.00"
2019-07-15,2019071501003420,KBL,58,47,200,221.00,"44,200.00"
2019-07-15,2019071501003419,KBL,58,14,13,221.00,"2,873.00"
2019-07-15,2019071501003652,KKHC,34,41,16,67.00,"1,072.00"
2019-07-15,2019071501003821,KRBL,50,1,200,116.00,"23,200.00"
2019-07-15,2019071501003843,KSBBL,39,42,151,161.00,"24,311.00"
2019-07-15,2019071501003842,KSBBL,33,42,"1,290",162.00,"208,980.00"
2019-07-15,2019071501003807,KSBBL,33,26,10,162.00,"1,620.00"
2019-07-15,2019071501003806,KSBBL,33,13,200,162.00,"32,400.00"
2019-07-15,2019071501003667,KSBBL,39,36,"2,000",161.00,"322,000.00"
2019-07-15,2019071501003666,KSBBL,39,41,500,160.00,"80,000.00"
2019-07-15,2019071501003665,KSBBL,39,17,"2,000",160.00,"320,000.00"
2019-07-15,2019071501003664,KSBBL,39,45,59,160.00,"9,440.00"
2019-07-15,2019071501003644,KSBBL,58,58,4,157.00,628.00
2019-07-15,2019071501003606,KSBBL,26,45,384,160.00,"61,440.00"
2019-07-15,2019071501003605,KSBBL,26,58,116,160.00,"18,560.00"
2019-07-15,2019071501003455,LBBL,25,33,32,193.00,"6,176.00"
2019-07-15,2019071501003900,LBL,4,20,50,225.00,"11,250.00"
2019-07-15,2019071501003780,LBL,48,20,300,224.00,"67,200.00"
2019-07-15,2019071501003756,LBL,48,20,700,224.00,"156,800.00"
2019-07-15,2019071501003755,LBL,37,20,"1,000",224.00,"224,000.00"
2019-07-15,2019071501003589,LBL,51,20,10,225.00,"2,250.00"
2019-07-15,2019071501003474,LBL,34,6,455,224.00,"101,920.00"
2019-07-15,2019071501003888,LGIL,14,37,150,430.00,"64,500.00"
2019-07-15,2019071501003813,LGIL,48,25,43,430.00,"18,490.00"
2019-07-15,2019071501003812,LGIL,34,25,457,430.00,"196,510.00"
2019-07-15,2019071501003783,MBL,36,28,"1,800",264.00,"475,200.00"
2019-07-15,2019071501003704,MBL,32,32,761,263.00,"200,143.00"
2019-07-15,2019071501003692,MBL,49,32,150,263.00,"39,450.00"
2019-07-15,2019071501003825,MEGA,37,19,539,213.00,"114,807.00"
2019-07-15,2019071501003824,MEGA,37,19,197,213.00,"41,961.00"
2019-07-15,2019071501003823,MEGA,37,37,388,213.00,"82,644.00"
2019-07-15,2019071501003782,MEGA,36,37,100,213.00,"21,300.00"
2019-07-15,2019071501003750,MEGA,59,37,12,213.00,"2,556.00"
2019-07-15,2019071501003406,MEGA,38,19,50,213.00,"10,650.00"
2019-07-15,2019071501003766,MEGAPO,57,33,"12,223",105.00,"1,283,415.00"
2019-07-15,2019071501003765,MEGAPO,57,33,"12,223",105.00,"1,283,415.00"
2019-07-15,2019071501003862,MERO,56,37,50,519.00,"25,950.00"
2019-07-15,2019071501003701,MERO,51,8,20,518.00,"10,360.00"
2019-07-15,2019071501003425,MFIL,51,42,20,127.00,"2,540.00"
2019-07-15,2019071501003887,MHNL,59,37,40,103.00,"4,120.00"
2019-07-15,2019071501003673,MNBBL,1,17,20,365.00,"7,300.00"
2019-07-15,2019071501003672,MNBBL,1,34,30,365.00,"10,950.00"
2019-07-15,2019071501003651,MPFL,16,57,100,120.00,"12,000.00"
2019-07-15,2019071501003580,MPFL,16,57,379,120.00,"45,480.00"
2019-07-15,2019071501003579,MPFL,53,57,100,120.00,"12,000.00"
2019-07-15,2019071501003578,MPFL,7,57,10,120.00,"1,200.00"
2019-07-15,2019071501003577,MPFL,54,57,11,122.00,"1,342.00"
2019-07-15,2019071501003897,MSLB,39,5,50,955.00,"47,750.00"
2019-07-15,2019071501003896,MSLB,39,25,146,950.00,"138,700.00"
2019-07-15,2019071501003905,NABIL,35,4,50,800.00,"40,000.00"
2019-07-15,2019071501003904,NABIL,40,4,140,800.00,"112,000.00"
2019-07-15,2019071501003903,NABIL,43,4,200,801.00,"160,200.00"
2019-07-15,2019071501003677,NABIL,40,53,360,800.00,"288,000.00"
2019-07-15,2019071501003653,NABIL,26,53,20,800.00,"16,000.00"
2019-07-15,2019071501003630,NABIL,5,53,50,800.00,"40,000.00"
2019-07-15,2019071501003435,NABIL,35,58,100,800.00,"80,000.00"
2019-07-15,2019071501003521,NABIL,47,28,100,799.00,"79,900.00"
2019-07-15,2019071501003509,NABIL,57,58,100,800.00,"80,000.00"
2019-07-15,2019071501003503,NABIL,8,58,30,800.00,"24,000.00"
2019-07-15,2019071501003502,NABIL,22,58,20,800.00,"16,000.00"
2019-07-15,2019071501003479,NABIL,59,58,20,800.00,"16,000.00"
2019-07-15,2019071501003450,NABIL,28,58,21,800.00,"16,800.00"
2019-07-15,2019071501003629,NABIL,36,53,50,800.00,"40,000.00"
2019-07-15,2019071501003628,NABIL,41,53,20,801.00,"16,020.00"
2019-07-15,2019071501003595,NABIL,7,58,521,800.00,"416,800.00"
2019-07-15,2019071501003584,NABIL,7,58,100,800.00,"80,000.00"
2019-07-15,2019071501003567,NABIL,42,58,15,800.00,"12,000.00"
2019-07-15,2019071501003533,NABIL,5,58,10,800.00,"8,000.00"
2019-07-15,2019071501003855,NADEP,56,21,10,404.00,"4,040.00"
2019-07-15,2019071501003555,NADEP,38,38,20,407.00,"8,140.00"
2019-07-15,2019071501003430,NAGRO,46,17,10,490.00,"4,900.00"
2019-07-15,2019071501003794,NBB,39,8,240,221.00,"53,040.00"
2019-07-15,2019071501003793,NBB,58,8,100,221.00,"22,100.00"
2019-07-15,2019071501003792,NBB,5,8,60,221.00,"13,260.00"
2019-07-15,2019071501003676,NBB,5,28,240,221.00,"53,040.00"
2019-07-15,2019071501003675,NBB,25,28,760,221.00,"167,960.00"
2019-07-15,2019071501003616,NBB,25,51,912,221.00,"201,552.00"
2019-07-15,2019071501003869,NBL,36,44,825,336.00,"277,200.00"
2019-07-15,2019071501003868,NBL,36,44,175,336.00,"58,800.00"
2019-07-15,2019071501003805,NBL,36,44,100,336.00,"33,600.00"
2019-07-15,2019071501003784,NBL,57,44,225,336.00,"75,600.00"
2019-07-15,2019071501003764,NBL,57,44,500,336.00,"168,000.00"
2019-07-15,2019071501003698,NBL,43,44,"1,000",336.00,"336,000.00"
2019-07-15,2019071501003637,NBL,3,44,500,336.00,"168,000.00"
2019-07-15,2019071501003636,NBL,45,44,100,336.00,"33,600.00"
2019-07-15,2019071501003635,NBL,36,44,150,336.00,"50,400.00"
2019-07-15,2019071501003634,NBL,50,44,100,336.00,"33,600.00"
2019-07-15,2019071501003697,NBL,43,44,"1,000",336.00,"336,000.00"
2019-07-15,2019071501003670,NBL,16,44,"1,000",336.00,"336,000.00"
2019-07-15,2019071501003641,NBL,51,44,100,336.00,"33,600.00"
2019-07-15,2019071501003640,NBL,11,44,70,336.00,"23,520.00"
2019-07-15,2019071501003639,NBL,59,44,100,336.00,"33,600.00"
2019-07-15,2019071501003638,NBL,22,44,"1,000",336.00,"336,000.00"
2019-07-15,2019071501003898,NCCB,34,40,28,242.00,"6,776.00"
2019-07-15,2019071501003763,NCCB,52,32,80,243.00,"19,440.00"
2019-07-15,2019071501003748,NCCB,52,56,20,243.00,"4,860.00"
2019-07-15,2019071501003736,NCCB,52,32,100,243.00,"24,300.00"
2019-07-15,2019071501003735,NCCB,44,32,"1,000",243.00,"243,000.00"
2019-07-15,2019071501003734,NCCB,1,32,200,243.00,"48,600.00"
2019-07-15,2019071501003733,NCCB,19,32,500,243.00,"121,500.00"
2019-07-15,2019071501003732,NCCB,14,32,200,243.00,"48,600.00"
2019-07-15,2019071501003705,NCCB,35,14,"1,000",243.00,"243,000.00"
2019-07-15,2019071501003531,NCCB,19,25,500,244.00,"122,000.00"
2019-07-15,2019071501003831,NHDL,14,47,10,122.00,"1,220.00"
2019-07-15,2019071501003839,NHPC,14,56,400,65.00,"26,000.00"
2019-07-15,2019071501003727,NIB,13,52,120,518.00,"62,160.00"
2019-07-15,2019071501003726,NIB,37,52,80,518.00,"41,440.00"
2019-07-15,2019071501003708,NIB,37,21,100,518.00,"51,800.00"
2019-07-15,2019071501003601,NIB,11,55,500,519.00,"259,500.00"
2019-07-15,2019071501003573,NIB,37,1,232,518.00,"120,176.00"
2019-07-15,2019071501003572,NIB,37,52,88,518.00,"45,584.00"
2019-07-15,2019071501003529,NIB,45,52,12,518.00,"6,216.00"
2019-07-15,2019071501003528,NIB,45,39,54,518.00,"27,972.00"
2019-07-15,2019071501003527,NIB,45,55,34,518.00,"17,612.00"
2019-07-15,2019071501003486,NIB,39,55,50,518.00,"25,900.00"
2019-07-15,2019071501003461,NIB,11,55,100,518.00,"51,800.00"
2019-07-15,2019071501003781,NIBPO,11,4,410,472.00,"193,520.00"
2019-07-15,2019071501003632,NIBPO,11,52,490,472.00,"231,280.00"
2019-07-15,2019071501003626,NIBPO,11,4,100,470.00,"47,000.00"
2019-07-15,2019071501003625,NIBPO,45,4,30,471.00,"14,130.00"
2019-07-15,2019071501003423,NIBPO,39,52,10,472.00,"4,720.00"
2019-07-15,2019071501003853,NICA,33,34,200,446.00,"89,200.00"
2019-07-15,2019071501003852,NICA,36,34,500,446.00,"223,000.00"
2019-07-15,2019071501003849,NICA,33,45,22,445.00,"9,790.00"
2019-07-15,2019071501003800,NICA,33,21,170,445.00,"75,650.00"
2019-07-15,2019071501003788,NICA,54,21,109,444.00,"48,396.00"
2019-07-15,2019071501003787,NICA,45,21,50,444.00,"22,200.00"
2019-07-15,2019071501003786,NICA,40,21,200,444.00,"88,800.00"
2019-07-15,2019071501003785,NICA,48,21,141,444.00,"62,604.00"
2019-07-15,2019071501003731,NICA,22,21,20,445.00,"8,900.00"
2019-07-15,2019071501003422,NICA,52,34,"4,129",446.00,"1,841,534.00"
2019-07-15,2019071501003421,NICA,52,49,110,445.00,"48,950.00"
2019-07-15,2019071501003863,NICL,35,17,67,350.00,"23,450.00"
2019-07-15,2019071501003841,NICL,35,13,10,347.00,"3,470.00"
2019-07-15,2019071501003840,NICL,35,1,22,347.00,"7,634.00"
2019-07-15,2019071501003742,NICL,1,13,60,347.00,"20,820.00"
2019-07-15,2019071501003689,NICL,51,13,"1,000",347.00,"347,000.00"
2019-07-15,2019071501003688,NICL,48,13,100,347.00,"34,700.00"
2019-07-15,2019071501003687,NICL,25,13,140,347.00,"48,580.00"
2019-07-15,2019071501003686,NICL,25,13,170,347.00,"58,990.00"
2019-07-15,2019071501003685,NICL,21,13,200,348.00,"69,600.00"
2019-07-15,2019071501003684,NICL,49,13,375,349.00,"130,875.00"
2019-07-15,2019071501003440,NICL,6,17,100,350.00,"35,000.00"
2019-07-15,2019071501003439,NICL,58,17,140,350.00,"49,000.00"
2019-07-15,2019071501003746,NIL,34,21,10,486.00,"4,860.00"
2019-07-15,2019071501003718,NIL,34,57,650,486.00,"315,900.00"
2019-07-15,2019071501003674,NIL,10,57,200,486.00,"97,200.00"
2019-07-15,2019071501003769,NLG,6,42,20,740.00,"14,800.00"
2019-07-15,2019071501003845,NLIC,29,35,14,893.00,"12,502.00"
2019-07-15,2019071501003808,NLIC,35,35,3,892.00,"2,676.00"
2019-07-15,2019071501003604,NLIC,17,35,17,892.00,"15,164.00"
2019-07-15,2019071501003558,NLIC,35,4,500,893.00,"446,500.00"
2019-07-15,2019071501003485,NLICL,45,58,143,579.00,"82,797.00"
2019-07-15,2019071501003484,NLICL,26,58,100,579.00,"57,900.00"
2019-07-15,2019071501003483,NLICL,5,58,50,580.00,"29,000.00"
2019-07-15,2019071501003482,NLICL,1,58,20,580.00,"11,600.00"
2019-07-15,2019071501003481,NLICL,58,58,85,583.00,"49,555.00"
2019-07-15,2019071501003415,NLICP,58,49,"48,343",526.00,"25,428,418.00"
2019-07-15,2019071501003414,NMFBS,40,40,3,"1,452.00","4,356.00"
2019-07-15,2019071501003643,NSEWA,25,20,10,381.00,"3,810.00"
2019-07-15,2019071501003614,NSEWA,25,20,10,381.00,"3,810.00"
2019-07-15,2019071501003899,NTC,6,33,100,686.00,"68,600.00"
2019-07-15,2019071501003777,NTC,3,28,50,686.00,"34,300.00"
2019-07-15,2019071501003776,NTC,58,28,45,686.00,"30,870.00"
2019-07-15,2019071501003873,PCBL,38,44,100,275.00,"27,500.00"
2019-07-15,2019071501003857,PCBL,38,25,"1,000",275.00,"275,000.00"
2019-07-15,2019071501003830,PCBL,38,44,900,275.00,"247,500.00"
2019-07-15,2019071501003802,PCBL,57,44,"1,000",275.00,"275,000.00"
2019-07-15,2019071501003801,PCBL,17,44,100,275.00,"27,500.00"
2019-07-15,2019071501003631,PCBL,17,45,50,275.00,"13,750.00"
2019-07-15,2019071501003585,PCBL,42,45,50,275.00,"13,750.00"
2019-07-15,2019071501003513,PCBL,35,45,50,275.00,"13,750.00"
2019-07-15,2019071501003858,PIC,18,11,11,496.00,"5,456.00"
2019-07-15,2019071501003847,PIC,32,11,75,496.00,"37,200.00"
2019-07-15,2019071501003846,PIC,32,8,11,496.00,"5,456.00"
2019-07-15,2019071501003754,PIC,32,45,100,496.00,"49,600.00"
2019-07-15,2019071501003691,PIC,38,38,11,495.00,"5,445.00"
2019-07-15,2019071501003627,PIC,38,38,11,495.00,"5,445.00"
2019-07-15,2019071501003790,PLIC,51,58,50,434.00,"21,700.00"
2019-07-15,2019071501003547,PLIC,58,58,"1,791",434.00,"777,294.00"
2019-07-15,2019071501003515,PLIC,42,37,102,433.00,"44,166.00"
2019-07-15,2019071501003514,PLIC,3,37,300,433.00,"129,900.00"
2019-07-15,2019071501003744,PMHPL,56,17,10,107.00,"1,070.00"
2019-07-15,2019071501003804,PPCL,59,8,10,135.00,"1,350.00"
2019-07-15,2019071501003770,PPCL,59,8,10,135.00,"1,350.00"
2019-07-15,2019071501003767,PPCL,59,6,10,135.00,"1,350.00"
2019-07-15,2019071501003747,PPCL,59,17,10,135.00,"1,350.00"
2019-07-15,2019071501003724,PPCL,59,17,10,135.00,"1,350.00"
2019-07-15,2019071501003671,PPCL,59,20,10,135.00,"1,350.00"
2019-07-15,2019071501003591,PPCL,59,14,10,135.00,"1,350.00"
2019-07-15,2019071501003562,PPCL,59,20,10,135.00,"1,350.00"
2019-07-15,2019071501003559,PPCL,59,20,10,135.00,"1,350.00"
2019-07-15,2019071501003508,PPCL,59,8,10,135.00,"1,350.00"
2019-07-15,2019071501003728,PRIN,51,1,100,362.00,"36,200.00"
2019-07-15,2019071501003458,PRIN,29,50,10,363.00,"3,630.00"
2019-07-15,2019071501003875,PRVU,42,39,100,263.00,"26,300.00"
2019-07-15,2019071501003870,PRVU,38,58,100,264.00,"26,400.00"
2019-07-15,2019071501003506,PRVU,58,58,100,264.00,"26,400.00"
2019-07-15,2019071501003751,RADHI,7,17,10,143.00,"1,430.00"
2019-07-15,2019071501003437,RADHI,7,8,11,143.00,"1,573.00"
2019-07-15,2019071501003436,RADHI,7,40,11,143.00,"1,573.00"
2019-07-15,2019071501003796,RHPC,35,17,100,93.00,"9,300.00"
2019-07-15,2019071501003795,RHPC,35,1,30,93.00,"2,790.00"
2019-07-15,2019071501003725,RHPC,35,49,10,92.00,920.00
2019-07-15,2019071501003717,RHPC,35,1,10,91.00,910.00
2019-07-15,2019071501003716,RHPC,35,49,10,91.00,910.00
2019-07-15,2019071501003851,SANIMA,10,35,300,347.00,"104,100.00"
2019-07-15,2019071501003441,SANIMA,41,43,50,345.00,"17,250.00"
2019-07-15,2019071501003434,SANIMA,41,28,50,345.00,"17,250.00"
2019-07-15,2019071501003828,SBI,38,11,200,465.00,"93,000.00"
2019-07-15,2019071501003522,SBI,37,11,100,465.00,"46,500.00"
2019-07-15,2019071501003850,SBL,19,6,135,316.00,"42,660.00"
2019-07-15,2019071501003462,SBL,19,34,251,316.00,"79,316.00"
2019-07-15,2019071501003864,SCB,21,55,500,673.00,"336,500.00"
2019-07-15,2019071501003779,SCB,22,26,27,675.00,"18,225.00"
2019-07-15,2019071501003778,SCB,17,26,25,679.00,"16,975.00"
2019-07-15,2019071501003449,SCB,17,21,10,679.00,"6,790.00"
2019-07-15,2019071501003433,SCB,17,41,115,679.00,"78,085.00"
2019-07-15,2019071501003594,SHIVM,52,32,100,601.00,"60,100.00"
2019-07-15,2019071501003520,SHIVM,52,57,10,600.00,"6,000.00"
2019-07-15,2019071501003501,SHIVM,28,47,100,596.00,"59,600.00"
2019-07-15,2019071501003500,SHIVM,52,47,63,601.00,"37,863.00"
2019-07-15,2019071501003496,SHIVM,52,50,12,601.00,"7,212.00"
2019-07-15,2019071501003495,SHIVM,52,6,50,601.00,"30,050.00"
2019-07-15,2019071501003475,SHIVM,42,47,50,597.00,"29,850.00"
2019-07-15,2019071501003457,SHIVM,42,47,50,597.00,"29,850.00"
2019-07-15,2019071501003454,SHIVM,42,38,375,599.00,"224,625.00"
2019-07-15,2019071501003494,SHIVM,52,25,300,600.00,"180,000.00"
2019-07-15,2019071501003493,SHIVM,52,10,360,600.00,"216,000.00"
2019-07-15,2019071501003492,SHIVM,52,17,50,599.00,"29,950.00"
2019-07-15,2019071501003491,SHIVM,52,38,165,599.00,"98,835.00"
2019-07-15,2019071501003488,SHIVM,28,47,100,596.00,"59,600.00"
2019-07-15,2019071501003487,SHIVM,20,47,50,596.00,"29,800.00"
2019-07-15,2019071501003536,SHL,17,40,"1,000",233.00,"233,000.00"
2019-07-15,2019071501003706,SHPC,29,6,39,251.00,"9,789.00"
2019-07-15,2019071501003648,SHPC,3,6,39,251.00,"9,789.00"
2019-07-15,2019071501003523,SHPC,3,43,32,251.00,"8,032.00"
2019-07-15,2019071501003477,SHPC,38,43,35,252.00,"8,820.00"
2019-07-15,2019071501003459,SICL,33,45,50,769.00,"38,450.00"
2019-07-15,2019071501003451,SICL,33,45,100,769.00,"76,900.00"
2019-07-15,2019071501003891,SIL,28,3,161,448.00,"72,128.00"
2019-07-15,2019071501003811,SKBBL,34,14,500,937.00,"468,500.00"
2019-07-15,2019071501003600,SLBSL,38,38,10,534.00,"5,340.00"
2019-07-15,2019071501003563,SLBSL,38,38,10,533.00,"5,330.00"
2019-07-15,2019071501003432,SLICL,38,55,35,464.00,"16,240.00"
2019-07-15,2019071501003431,SLICL,38,55,40,464.00,"18,560.00"
2019-07-15,2019071501003739,SMFBS,59,56,10,471.00,"4,710.00"
2019-07-15,2019071501003678,SMFBS,18,49,10,472.00,"4,720.00"
2019-07-15,2019071501003646,SMFBS,59,51,10,471.00,"4,710.00"
2019-07-15,2019071501003642,SMFBS,37,56,10,470.00,"4,700.00"
2019-07-15,2019071501003418,SMFBS,34,25,10,470.00,"4,700.00"
2019-07-15,2019071501003822,SPARS,25,56,10,422.00,"4,220.00"
2019-07-15,2019071501003679,SPARS,25,20,10,422.00,"4,220.00"
2019-07-15,2019071501003610,SPARS,38,38,10,430.00,"4,300.00"
2019-07-15,2019071501003609,SPARS,25,20,10,422.00,"4,220.00"
2019-07-15,2019071501003561,SPARS,25,56,10,422.00,"4,220.00"
2019-07-15,2019071501003530,SPARS,25,8,10,422.00,"4,220.00"
2019-07-15,2019071501003575,SRBL,51,58,10,250.00,"2,500.00"
2019-07-15,2019071501003480,SRBL,39,34,392,249.00,"97,608.00"
2019-07-15,2019071501003552,SWBBL,58,44,500,877.00,"438,500.00"
2019-07-15,2019071501003791,TRH,38,38,"1,720",313.00,"538,360.00"
2019-07-15,2019071501003550,UMHL,47,58,23,110.00,"2,530.00"
2019-07-15,2019071501003549,UMHL,47,54,10,110.00,"1,100.00"
2019-07-15,2019071501003548,UMHL,47,17,23,109.00,"2,507.00"
2019-07-15,2019071501003901,UPCL,41,6,50,89.00,"4,450.00"
2019-07-15,2019071501003838,UPCL,41,33,390,89.00,"34,710.00"
2019-07-15,2019071501003837,UPCL,57,33,100,89.00,"8,900.00"
2019-07-15,2019071501003836,UPCL,50,33,300,89.00,"26,700.00"
2019-07-15,2019071501003835,UPCL,32,33,210,89.00,"18,690.00"
2019-07-15,2019071501003668,UPCL,44,51,100,90.00,"9,000.00"
2019-07-15,2019071501003618,UPCL,32,44,50,89.00,"4,450.00"
2019-07-15,2019071501003611,UPCL,32,44,50,89.00,"4,450.00"
2019-07-15,2019071501003413,UPCL,32,25,50,89.00,"4,450.00"
2019-07-15,2019071501003895,UPPER,33,20,20,276.00,"5,520.00"
2019-07-15,2019071501003894,UPPER,33,22,170,276.00,"46,920.00"
2019-07-15,2019071501003871,UPPER,42,58,50,275.00,"13,750.00"
2019-07-15,2019071501003809,UPPER,36,22,30,276.00,"8,280.00"
2019-07-15,2019071501003789,UPPER,36,1,70,276.00,"19,320.00"
2019-07-15,2019071501003702,UPPER,17,38,50,276.00,"13,800.00"
2019-07-15,2019071501003409,UPPER,1,41,387,277.00,"107,199.00"
2019-07-15,2019071501003408,UPPER,1,57,10,277.00,"2,770.00"
2019-07-15,2019071501003565,UPPER,38,19,15,277.00,"4,155.00"
2019-07-15,2019071501003539,UPPER,45,19,100,277.00,"27,700.00"
2019-07-15,2019071501003537,UPPER,17,8,40,276.00,"11,040.00"
2019-07-15,2019071501003412,UPPER,38,19,50,277.00,"13,850.00"
2019-07-15,2019071501003411,UPPER,1,19,135,277.00,"37,395.00"
2019-07-15,2019071501003410,UPPER,1,42,52,277.00,"14,404.00"
2019-07-15,2019071501003612,UPPER,38,6,50,277.00,"13,850.00"
2019-07-15,2019071501003608,UPPER,17,57,20,276.00,"5,520.00"
2019-07-15,2019071501003599,UPPER,17,57,95,276.00,"26,220.00"
2019-07-15,2019071501003570,UPPER,17,45,50,276.00,"13,800.00"
2019-07-15,2019071501003568,UPPER,17,38,50,276.00,"13,800.00"
2019-07-15,2019071501003566,UPPER,38,6,35,277.00,"9,695.00"
2019-07-15,2019071501003696,UPPER,38,6,50,277.00,"13,850.00"
2019-07-15,2019071501003680,UPPER,17,57,50,276.00,"13,800.00"
2019-07-15,2019071501003647,UPPER,17,38,40,276.00,"11,040.00"
2019-07-15,2019071501003633,UPPER,38,6,40,277.00,"11,080.00"
2019-07-15,2019071501003621,UPPER,17,52,500,276.00,"138,000.00"
2019-07-15,2019071501003615,UPPER,17,38,50,276.00,"13,800.00"
2019-07-15,2019071501003353,ADBL,11,13,40,407.00,"16,280.00"
2019-07-15,2019071501002984,ADBL,59,37,10,408.00,"4,080.00"
2019-07-15,2019071501002961,ADBL,11,4,20,407.00,"8,140.00"
2019-07-15,2019071501003405,ALBSL,33,1,10,395.00,"3,950.00"
2019-07-15,2019071501003216,ALBSL,33,53,10,395.00,"3,950.00"
2019-07-15,2019071501003175,ALBSL,33,21,10,394.00,"3,940.00"
2019-07-15,2019071501003162,ALBSL,21,21,10,389.00,"3,890.00"
2019-07-15,2019071501003042,ALBSL,48,48,10,388.00,"3,880.00"
2019-07-15,2019071501003021,ALBSL,48,48,10,388.00,"3,880.00"
2019-07-15,2019071501002993,ALBSL,48,48,10,388.00,"3,880.00"
2019-07-15,2019071501003278,ALICL,17,4,43,386.00,"16,598.00"
2019-07-15,2019071501003244,ALICL,17,46,100,386.00,"38,600.00"
2019-07-15,2019071501003229,ALICL,17,43,300,387.00,"116,100.00"
2019-07-15,2019071501003218,ALICL,57,43,100,386.00,"38,600.00"
2019-07-15,2019071501003380,API,38,35,50,142.00,"7,100.00"
2019-07-15,2019071501003377,API,38,35,50,142.00,"7,100.00"
2019-07-15,2019071501003314,API,38,35,50,142.00,"7,100.00"
2019-07-15,2019071501003308,API,7,35,10,142.00,"1,420.00"
2019-07-15,2019071501003018,BARUN,34,18,10,88.00,880.00
2019-07-15,2019071501003328,BOKL,39,11,100,256.00,"25,600.00"
2019-07-15,2019071501003172,BOKL,51,11,200,256.00,"51,200.00"
2019-07-15,2019071501003155,BOKL,7,11,10,256.00,"2,560.00"
2019-07-15,2019071501002938,BOKL,40,11,"1,000",256.00,"256,000.00"
2019-07-15,2019071501003395,BPCL,26,7,28,409.00,"11,452.00"
2019-07-15,2019071501003323,BPCL,49,13,33,406.00,"13,398.00"
2019-07-15,2019071501003312,BPCL,38,7,30,409.00,"12,270.00"
2019-07-15,2019071501003138,BPCL,3,22,77,407.00,"31,339.00"
2019-07-15,2019071501003122,BPCL,58,7,40,409.00,"16,360.00"
2019-07-15,2019071501003028,BPCL,58,52,80,409.00,"32,720.00"
2019-07-15,2019071501003024,BPCL,43,52,20,409.00,"8,180.00"
2019-07-15,2019071501002947,BPCL,3,51,22,407.00,"8,954.00"
2019-07-15,2019071501003364,CBBL,58,58,50,947.00,"47,350.00"
2019-07-15,2019071501003363,CBBL,36,58,50,948.00,"47,400.00"
2019-07-15,2019071501003081,CBBL,29,53,10,960.00,"9,600.00"
2019-07-15,2019071501003080,CBBL,29,29,60,958.00,"57,480.00"
2019-07-15,2019071501003079,CBBL,29,36,110,957.00,"105,270.00"
2019-07-15,2019071501003390,CBL,52,25,152,157.00,"23,864.00"
2019-07-15,2019071501003366,CBL,52,48,48,157.00,"7,536.00"
2019-07-15,2019071501003330,CBL,8,16,143,157.00,"22,451.00"
2019-07-15,2019071501003329,CBL,8,25,"5,677",157.00,"891,289.00"
2019-07-15,2019071501003273,CBL,26,25,323,157.00,"50,711.00"
2019-07-15,2019071501003267,CBL,26,25,"1,677",157.00,"263,289.00"
2019-07-15,2019071501003022,CBL,41,4,80,157.00,"12,560.00"
2019-07-15,2019071501003257,CBL,1,25,400,157.00,"62,800.00"
2019-07-15,2019071501003256,CBL,43,25,"1,000",157.00,"157,000.00"
2019-07-15,2019071501003255,CBL,41,25,123,157.00,"19,311.00"
2019-07-15,2019071501003250,CBL,41,54,200,157.00,"31,400.00"
2019-07-15,2019071501003067,CBL,41,32,50,157.00,"7,850.00"
2019-07-15,2019071501003038,CBL,57,38,100,158.00,"15,800.00"
2019-07-15,2019071501003263,CBL,19,25,200,157.00,"31,400.00"
2019-07-15,2019071501003262,CBL,41,25,50,157.00,"7,850.00"
2019-07-15,2019071501003261,CBL,49,25,300,157.00,"47,100.00"
2019-07-15,2019071501003260,CBL,58,25,50,157.00,"7,850.00"
2019-07-15,2019071501003259,CBL,43,25,500,157.00,"78,500.00"
2019-07-15,2019071501003258,CBL,40,25,700,157.00,"109,900.00"
2019-07-15,2019071501003393,CCBL,58,58,8,175.00,"1,400.00"
2019-07-15,2019071501003360,CCBL,26,17,125,178.00,"22,250.00"
2019-07-15,2019071501003359,CCBL,26,17,158,178.00,"28,124.00"
2019-07-15,2019071501003358,CCBL,26,11,400,178.00,"71,200.00"
2019-07-15,2019071501003357,CCBL,26,33,205,178.00,"36,490.00"
2019-07-15,2019071501003354,CCBL,38,33,40,178.00,"7,120.00"
2019-07-15,2019071501003107,CCBL,42,33,110,178.00,"19,580.00"
2019-07-15,2019071501003043,CCBL,57,33,100,178.00,"17,800.00"
2019-07-15,2019071501002934,CCBL,58,58,8,175.00,"1,400.00"
2019-07-15,2019071501003190,CFCL,16,16,"1,632",119.00,"194,208.00"
2019-07-15,2019071501003281,CHCL,40,56,100,525.00,"52,500.00"
2019-07-15,2019071501003280,CHCL,40,36,50,525.00,"26,250.00"
2019-07-15,2019071501003279,CHCL,40,3,60,525.00,"31,500.00"
2019-07-15,2019071501003184,CHCL,28,16,500,525.00,"262,500.00"
2019-07-15,2019071501003183,CHCL,28,45,60,525.00,"31,500.00"
2019-07-15,2019071501003182,CHCL,28,40,300,525.00,"157,500.00"
2019-07-15,2019071501003181,CHCL,28,1,101,523.00,"52,823.00"
2019-07-15,2019071501003180,CHCL,28,26,128,522.00,"66,816.00"
2019-07-15,2019071501003179,CHCL,28,44,545,522.00,"284,490.00"
2019-07-15,2019071501003093,CIT,33,57,75,"2,435.00","182,625.00"
2019-07-15,2019071501003240,CLBSL,38,58,17,481.00,"8,177.00"
2019-07-15,2019071501003362,CZBIL,6,13,10,224.00,"2,240.00"
2019-07-15,2019071501003031,CZBIL,6,48,51,224.00,"11,424.00"
2019-07-15,2019071501003343,EBL,38,56,30,667.00,"20,010.00"
2019-07-15,2019071501003237,EBL,22,46,109,665.00,"72,485.00"
2019-07-15,2019071501003112,EBL,5,56,10,667.00,"6,670.00"
2019-07-15,2019071501003370,FOWAD,25,1,19,"1,305.00","24,795.00"
2019-07-15,2019071501003145,FOWAD,6,4,20,"1,300.00","26,000.00"
2019-07-15,2019071501003144,FOWAD,58,4,200,"1,301.00","260,200.00"
2019-07-15,2019071501003143,FOWAD,28,4,50,"1,315.00","65,750.00"
2019-07-15,2019071501003300,GBBL,1,17,200,224.00,"44,800.00"
2019-07-15,2019071501003239,GBBL,13,45,70,223.00,"15,610.00"
2019-07-15,2019071501003238,GBBL,20,45,50,223.00,"11,150.00"
2019-07-15,2019071501002948,GBBL,7,17,200,224.00,"44,800.00"
2019-07-15,2019071501003404,GBBLPO,44,39,"2,530",115.00,"290,950.00"
2019-07-15,2019071501003384,GBBLPO,44,39,"25,000",115.00,"2,875,000.00"
2019-07-15,2019071501002933,GBLBS,17,17,10,343.00,"3,430.00"
2019-07-15,2019071501003401,GILB,56,22,22,"1,201.00","26,422.00"
2019-07-15,2019071501003016,GILB,50,40,10,"1,215.00","12,150.00"
2019-07-15,2019071501003057,GIMES1,26,8,200,8.16,"1,632.00"
2019-07-15,2019071501003034,GIMES1,26,8,200,8.16,"1,632.00"
2019-07-15,2019071501003331,GLBSL,43,1,10,394.00,"3,940.00"
2019-07-15,2019071501003090,GLBSL,43,54,10,394.00,"3,940.00"
2019-07-15,2019071501003251,GLICL,58,45,20,454.00,"9,080.00"
2019-07-15,2019071501003254,GMFBS,17,46,10,440.00,"4,400.00"
2019-07-15,2019071501002941,GMFBS,48,48,10,441.00,"4,410.00"
2019-07-15,2019071501002935,GMFBS,48,48,10,441.00,"4,410.00"
2019-07-15,2019071501003040,GRDBL,51,34,50,115.00,"5,750.00"
2019-07-15,2019071501003351,GUFL,44,1,100,119.00,"11,900.00"
2019-07-15,2019071501003321,GUFL,16,42,100,120.00,"12,000.00"
2019-07-15,2019071501003215,HBL,22,39,30,545.00,"16,350.00"
2019-07-15,2019071501003214,HBL,22,42,71,545.00,"38,695.00"
2019-07-15,2019071501003170,HBL,7,42,10,545.00,"5,450.00"
2019-07-15,2019071501003066,HBL,11,42,19,545.00,"10,355.00"
2019-07-15,2019071501003065,HBL,11,25,31,545.00,"16,895.00"
2019-07-15,2019071501003398,HIDCL,38,32,49,162.00,"7,938.00"
2019-07-15,2019071501003397,HIDCL,38,32,10,162.00,"1,620.00"
2019-07-15,2019071501003316,HIDCL,38,32,40,162.00,"6,480.00"
2019-07-15,2019071501003269,HIDCL,48,58,61,161.00,"9,821.00"
2019-07-15,2019071501003236,HIDCL,48,49,113,161.00,"18,193.00"
2019-07-15,2019071501003227,HIDCL,48,17,31,161.00,"4,991.00"
2019-07-15,2019071501002979,HIDCL,22,17,25,160.00,"4,000.00"
2019-07-15,2019071501003226,HIDCL,48,6,25,161.00,"4,025.00"
2019-07-15,2019071501003225,HIDCL,48,6,61,161.00,"9,821.00"
2019-07-15,2019071501003224,HIDCL,48,6,61,161.00,"9,821.00"
2019-07-15,2019071501003223,HIDCL,48,6,61,161.00,"9,821.00"
2019-07-15,2019071501003222,HIDCL,48,17,95,161.00,"15,295.00"
2019-07-15,2019071501003221,HIDCL,48,1,787,161.00,"126,707.00"
2019-07-15,2019071501003378,HPPL,22,3,200,173.00,"34,600.00"
2019-07-15,2019071501002980,HPPL,37,17,10,172.00,"1,720.00"
2019-07-15,2019071501003032,HURJA,16,45,20,139.00,"2,780.00"
2019-07-15,2019071501002946,HURJA,42,6,70,140.00,"9,800.00"
2019-07-15,2019071501002945,HURJA,42,48,20,140.00,"2,800.00"
