Date,Transact. No.,Symbol,Buyer,Seller,Quantity,Rate,Amount
2019-05-15,2019051501013501,ADBL,49,22,10,438.00,"4,380.00"
2019-05-15,2019051501013481,ADBL,36,6,396,437.00,"173,052.00"
2019-05-15,2019051501013461,ADBL,38,36,215,432.00,"92,880.00"
2019-05-15,2019051501013460,ADBL,53,36,500,433.00,"216,500.00"
2019-05-15,2019051501013459,ADBL,34,36,50,433.00,"21,650.00"
2019-05-15,2019051501013458,ADBL,6,36,235,433.00,"101,755.00"
2019-05-15,2019051501013266,ADBL,49,52,50,436.00,"21,800.00"
2019-05-15,2019051501013265,ADBL,49,5,100,435.00,"43,500.00"
2019-05-15,2019051501013213,ADBL,58,32,50,434.00,"21,700.00"
2019-05-15,2019051501013174,ADBL,49,5,300,435.00,"130,500.00"
2019-05-15,2019051501013173,ADBL,49,49,200,435.00,"87,000.00"
2019-05-15,2019051501013450,ADBL,49,6,10,437.00,"4,370.00"
2019-05-15,2019051501013409,ADBL,58,56,250,434.00,"108,500.00"
2019-05-15,2019051501013378,ADBL,4,6,94,437.00,"41,078.00"
2019-05-15,2019051501013377,ADBL,4,49,100,437.00,"43,700.00"
2019-05-15,2019051501013376,ADBL,4,49,100,437.00,"43,700.00"
2019-05-15,2019051501013375,ADBL,4,16,206,437.00,"90,022.00"
2019-05-15,2019051501013480,AHPC,39,48,"1,000",107.00,"107,000.00"
2019-05-15,2019051501013479,AHPC,36,48,500,107.00,"53,500.00"
2019-05-15,2019051501013478,AHPC,36,48,"2,153",107.00,"230,371.00"
2019-05-15,2019051501013596,ALBSL,57,40,10,464.00,"4,640.00"
2019-05-15,2019051501013468,ALBSL,57,40,40,464.00,"18,560.00"
2019-05-15,2019051501013534,ALICL,41,35,50,443.00,"22,150.00"
2019-05-15,2019051501013634,API,25,36,50,144.00,"7,200.00"
2019-05-15,2019051501013465,API,6,17,11,142.00,"1,562.00"
2019-05-15,2019051501013428,API,6,58,977,142.00,"138,734.00"
2019-05-15,2019051501013427,API,29,58,175,143.00,"25,025.00"
2019-05-15,2019051501013275,API,10,58,100,144.00,"14,400.00"
2019-05-15,2019051501013241,API,29,28,25,143.00,"3,575.00"
2019-05-15,2019051501013525,BOKL,52,42,315,280.00,"88,200.00"
2019-05-15,2019051501013426,BPCL,46,17,500,388.00,"194,000.00"
2019-05-15,2019051501013418,CBL,19,58,"1,000",150.00,"150,000.00"
2019-05-15,2019051501013330,CBL,19,58,100,150.00,"15,000.00"
2019-05-15,2019051501013454,CCBL,52,50,400,170.00,"68,000.00"
2019-05-15,2019051501013336,CCBL,52,58,364,170.00,"61,880.00"
2019-05-15,2019051501013335,CCBL,51,58,996,170.00,"169,320.00"
2019-05-15,2019051501013243,CCBL,51,59,470,170.00,"79,900.00"
2019-05-15,2019051501013180,CCBL,51,32,500,170.00,"85,000.00"
2019-05-15,2019051501013168,CCBL,26,50,100,171.00,"17,100.00"
2019-05-15,2019051501013334,CHCL,49,11,50,529.00,"26,450.00"
2019-05-15,2019051501013179,CHLBS,34,32,280,455.00,"127,400.00"
2019-05-15,2019051501013178,CHLBS,32,32,20,456.00,"9,120.00"
2019-05-15,2019051501013177,CHLBS,6,32,80,456.00,"36,480.00"
2019-05-15,2019051501013176,CHLBS,25,32,10,457.00,"4,570.00"
2019-05-15,2019051501013175,CHLBS,49,32,50,457.00,"22,850.00"
2019-05-15,2019051501013466,CIT,34,50,10,"2,668.00","26,680.00"
2019-05-15,2019051501013444,CIT,49,53,100,"2,631.00","263,100.00"
2019-05-15,2019051501013162,CIT,16,48,80,"2,640.00","211,200.00"
2019-05-15,2019051501013139,CIT,22,42,100,"2,646.00","264,600.00"
2019-05-15,2019051501013572,CZBIL,28,32,100,234.00,"23,400.00"
2019-05-15,2019051501013495,CZBIL,32,43,"1,000",232.00,"232,000.00"
2019-05-15,2019051501013623,DBBL,58,17,200,144.00,"28,800.00"
2019-05-15,2019051501013594,DBBL,51,17,178,142.00,"25,276.00"
2019-05-15,2019051501013593,DBBL,54,17,822,142.00,"116,724.00"
2019-05-15,2019051501013408,DDBL,45,20,229,745.00,"170,605.00"
2019-05-15,2019051501013381,DDBL,45,43,197,745.00,"146,765.00"
2019-05-15,2019051501013380,DDBL,10,43,103,746.00,"76,838.00"
2019-05-15,2019051501013319,DDBL,10,17,97,746.00,"72,362.00"
2019-05-15,2019051501013318,DDBL,53,17,903,746.00,"673,638.00"
2019-05-15,2019051501013464,EBL,22,32,30,680.00,"20,400.00"
2019-05-15,2019051501013436,FOWAD,25,55,11,"1,580.00","17,380.00"
2019-05-15,2019051501013435,FOWAD,25,32,15,"1,579.00","23,685.00"
2019-05-15,2019051501013434,FOWAD,25,39,104,"1,565.00","162,760.00"
2019-05-15,2019051501013357,FOWAD,36,26,69,"1,550.00","106,950.00"
2019-05-15,2019051501013607,GBBL,38,10,416,230.00,"95,680.00"
2019-05-15,2019051501013606,GBBL,50,10,200,230.00,"46,000.00"
2019-05-15,2019051501013605,GBBL,7,10,700,230.00,"161,000.00"
2019-05-15,2019051501013604,GBBL,45,10,684,230.00,"157,320.00"
2019-05-15,2019051501013443,GBBL,45,34,200,230.00,"46,000.00"
2019-05-15,2019051501013429,GBBL,38,35,"1,200",231.00,"277,200.00"
2019-05-15,2019051501013392,GBBL,45,49,260,230.00,"59,800.00"
2019-05-15,2019051501013274,GBBL,45,35,100,231.00,"23,100.00"
2019-05-15,2019051501013224,GBBL,58,28,500,231.00,"115,500.00"
2019-05-15,2019051501013369,GBIME,17,5,100,314.00,"31,400.00"
2019-05-15,2019051501013212,GBIME,17,46,629,314.00,"197,506.00"
2019-05-15,2019051501013211,GBIME,38,46,100,314.00,"31,400.00"
2019-05-15,2019051501013210,GBIME,6,46,100,314.00,"31,400.00"
2019-05-15,2019051501013209,GBIME,49,46,190,314.00,"59,660.00"
2019-05-15,2019051501013208,GBIME,14,46,115,314.00,"36,110.00"
2019-05-15,2019051501013393,GBLBS,13,54,10,368.00,"3,680.00"
2019-05-15,2019051501013619,GDBL,58,41,200,217.00,"43,400.00"
2019-05-15,2019051501013529,GDBL,57,34,"1,123",216.00,"242,568.00"
2019-05-15,2019051501013455,GDBL,57,1,200,216.00,"43,200.00"
2019-05-15,2019051501013283,GILB,38,19,300,"1,300.00","390,000.00"
2019-05-15,2019051501013282,GILB,33,19,10,"1,310.00","13,100.00"
2019-05-15,2019051501013281,GILB,38,19,34,"1,310.00","44,540.00"
2019-05-15,2019051501013514,GLICL,42,45,116,576.00,"66,816.00"
2019-05-15,2019051501013391,GLICL,1,5,50,578.00,"28,900.00"
2019-05-15,2019051501013390,GLICL,39,5,50,578.00,"28,900.00"
2019-05-15,2019051501013528,HBL,39,42,10,615.00,"6,150.00"
2019-05-15,2019051501013407,HBL,48,16,144,614.00,"88,416.00"
2019-05-15,2019051501013406,HBL,56,16,100,614.00,"61,400.00"
2019-05-15,2019051501013405,HBL,4,16,305,614.00,"187,270.00"
2019-05-15,2019051501013404,HBL,49,16,500,615.00,"307,500.00"
2019-05-15,2019051501013403,HBL,4,16,500,615.00,"307,500.00"
2019-05-15,2019051501013402,HBL,5,16,100,615.00,"61,500.00"
2019-05-15,2019051501013401,HBL,58,16,40,616.00,"24,640.00"
2019-05-15,2019051501013386,HBL,58,6,200,616.00,"123,200.00"
2019-05-15,2019051501013202,HBL,58,16,160,616.00,"98,560.00"
2019-05-15,2019051501013165,HBL,32,16,300,617.00,"185,100.00"
2019-05-15,2019051501013620,HIDCL,25,25,57,163.00,"9,291.00"
2019-05-15,2019051501013544,HIDCL,42,29,43,165.00,"7,095.00"
2019-05-15,2019051501013543,HIDCL,42,13,110,165.00,"18,150.00"
2019-05-15,2019051501013542,HIDCL,42,21,63,165.00,"10,395.00"
2019-05-15,2019051501013541,HIDCL,42,14,200,165.00,"33,000.00"
2019-05-15,2019051501013540,HIDCL,42,33,61,165.00,"10,065.00"
2019-05-15,2019051501013498,HIDCL,25,17,107,162.00,"17,334.00"
2019-05-15,2019051501013373,HIDCL,41,17,172,162.00,"27,864.00"
2019-05-15,2019051501013326,HIDCL,41,28,28,162.00,"4,536.00"
2019-05-15,2019051501013147,HIDCL,45,17,61,161.00,"9,821.00"
2019-05-15,2019051501013539,HIDCL,42,42,55,165.00,"9,075.00"
2019-05-15,2019051501013538,HIDCL,42,37,168,165.00,"27,720.00"
2019-05-15,2019051501013537,HIDCL,42,37,400,165.00,"66,000.00"
2019-05-15,2019051501013536,HIDCL,42,26,"1,100",164.00,"180,400.00"
2019-05-15,2019051501013535,HIDCL,42,58,500,164.00,"82,000.00"
2019-05-15,2019051501013499,HIDCL,25,34,827,163.00,"134,801.00"
2019-05-15,2019051501013577,JBBL,25,4,"3,365",146.00,"491,290.00"
2019-05-15,2019051501013576,JBBL,25,45,500,146.00,"73,000.00"
2019-05-15,2019051501013575,JBBL,25,34,33,146.00,"4,818.00"
2019-05-15,2019051501013574,JBBL,25,4,102,146.00,"14,892.00"
2019-05-15,2019051501013573,JBBL,25,52,600,146.00,"87,600.00"
2019-05-15,2019051501013271,JBBL,25,38,300,145.00,"43,500.00"
2019-05-15,2019051501013270,JBBL,25,21,100,145.00,"14,500.00"
2019-05-15,2019051501013598,JBNL,29,58,"1,000",206.00,"206,000.00"
2019-05-15,2019051501013476,JBNL,51,17,994,206.00,"204,764.00"
2019-05-15,2019051501013244,JBNL,51,4,15,206.00,"3,090.00"
2019-05-15,2019051501013226,JBNL,51,19,991,206.00,"204,146.00"
2019-05-15,2019051501013225,JBNL,45,19,349,206.00,"71,894.00"
2019-05-15,2019051501013220,JBNL,45,22,500,206.00,"103,000.00"
2019-05-15,2019051501013441,KNBL,56,6,16,138.00,"2,208.00"
2019-05-15,2019051501013440,KNBL,22,6,40,138.00,"5,520.00"
2019-05-15,2019051501013372,KNBL,22,35,10,138.00,"1,380.00"
2019-05-15,2019051501013235,KRBL,45,33,100,98.00,"9,800.00"
2019-05-15,2019051501013193,KRBL,1,33,"1,000",98.00,"98,000.00"
2019-05-15,2019051501013192,KRBL,54,33,200,98.00,"19,600.00"
2019-05-15,2019051501013191,KRBL,21,33,500,98.00,"49,000.00"
2019-05-15,2019051501013190,KRBL,52,33,500,98.00,"49,000.00"
2019-05-15,2019051501013189,KRBL,34,33,300,98.00,"29,400.00"
2019-05-15,2019051501013148,KRBL,45,51,100,100.00,"10,000.00"
2019-05-15,2019051501013188,KRBL,52,33,200,99.00,"19,800.00"
2019-05-15,2019051501013187,KRBL,57,33,190,99.00,"18,810.00"
2019-05-15,2019051501013186,KRBL,42,33,50,99.00,"4,950.00"
2019-05-15,2019051501013185,KRBL,52,33,500,99.00,"49,500.00"
2019-05-15,2019051501013182,KRBL,57,51,119,99.00,"11,781.00"
2019-05-15,2019051501013485,KSBBL,32,39,100,153.00,"15,300.00"
2019-05-15,2019051501013631,LBBL,14,48,300,197.00,"59,100.00"
2019-05-15,2019051501013588,LBBL,48,43,366,195.00,"71,370.00"
2019-05-15,2019051501013587,LBBL,4,43,134,195.00,"26,130.00"
2019-05-15,2019051501013230,LBBL,10,7,309,196.00,"60,564.00"
2019-05-15,2019051501013229,LBBL,10,39,"1,870",196.00,"366,520.00"
2019-05-15,2019051501013142,LBBL,4,58,16,195.00,"3,120.00"
2019-05-15,2019051501013494,LBL,6,43,19,228.00,"4,332.00"
2019-05-15,2019051501013493,LBL,43,43,981,228.00,"223,668.00"
2019-05-15,2019051501013327,LGIL,57,32,20,512.00,"10,240.00"
2019-05-15,2019051501013205,LGIL,57,58,180,512.00,"92,160.00"
2019-05-15,2019051501013352,LLBS,26,48,300,771.00,"231,300.00"
2019-05-15,2019051501013351,LLBS,34,48,100,771.00,"77,100.00"
2019-05-15,2019051501013350,LLBS,6,48,100,772.00,"77,200.00"
2019-05-15,2019051501013349,LLBS,18,48,30,773.00,"23,190.00"
2019-05-15,2019051501013329,LLBS,57,32,100,775.00,"77,500.00"
2019-05-15,2019051501013222,MBL,19,38,100,273.00,"27,300.00"
2019-05-15,2019051501013613,MDB,45,35,10,261.00,"2,610.00"
2019-05-15,2019051501013527,MEGA,50,42,124,200.00,"24,800.00"
2019-05-15,2019051501013526,MEGA,50,13,376,200.00,"75,200.00"
2019-05-15,2019051501013490,MEGA,1,13,200,200.00,"40,000.00"
2019-05-15,2019051501013267,MEGA,20,13,61,200.00,"12,200.00"
2019-05-15,2019051501013200,MEGA,21,13,115,200.00,"23,000.00"
2019-05-15,2019051501013149,MLBL,58,55,19,192.00,"3,648.00"
2019-05-15,2019051501013331,MSLB,38,16,10,"1,148.00","11,480.00"
2019-05-15,2019051501013348,NABIL,14,46,20,851.00,"17,020.00"
2019-05-15,2019051501013172,NABILP,28,21,10,829.00,"8,290.00"
2019-05-15,2019051501013420,NADEP,6,19,15,490.00,"7,350.00"
2019-05-15,2019051501013419,NADEP,49,19,10,490.00,"4,900.00"
2019-05-15,2019051501013622,NBB,52,21,100,230.00,"23,000.00"
2019-05-15,2019051501013621,NBB,16,21,500,230.00,"115,000.00"
2019-05-15,2019051501013497,NBB,55,21,400,231.00,"92,400.00"
2019-05-15,2019051501013477,NBB,55,6,500,231.00,"115,500.00"
2019-05-15,2019051501013259,NBB,28,33,500,231.00,"115,500.00"
2019-05-15,2019051501013258,NBB,6,33,603,231.00,"139,293.00"
2019-05-15,2019051501013207,NBB,6,47,100,231.00,"23,100.00"
2019-05-15,2019051501013166,NBB,6,11,200,231.00,"46,200.00"
2019-05-15,2019051501013625,NBL,49,46,25,316.00,"7,900.00"
2019-05-15,2019051501013579,NBL,50,43,100,317.00,"31,700.00"
2019-05-15,2019051501013560,NBL,47,43,500,317.00,"158,500.00"
2019-05-15,2019051501013559,NBL,50,43,500,317.00,"158,500.00"
2019-05-15,2019051501013558,NBL,6,43,500,317.00,"158,500.00"
2019-05-15,2019051501013557,NBL,26,43,500,317.00,"158,500.00"
2019-05-15,2019051501013556,NBL,28,43,200,317.00,"63,400.00"
2019-05-15,2019051501013555,NBL,57,43,150,317.00,"47,550.00"
2019-05-15,2019051501013496,NBL,17,11,100,318.00,"31,800.00"
2019-05-15,2019051501013482,NBL,47,11,"1,000",318.00,"318,000.00"
2019-05-15,2019051501013141,NBL,45,11,300,318.00,"95,400.00"
2019-05-15,2019051501013524,NCCB,19,33,80,259.00,"20,720.00"
2019-05-15,2019051501013523,NCCB,51,33,400,259.00,"103,600.00"
2019-05-15,2019051501013522,NCCB,59,33,40,259.00,"10,360.00"
2019-05-15,2019051501013521,NCCB,36,33,100,259.00,"25,900.00"
2019-05-15,2019051501013520,NCCB,16,33,500,259.00,"129,500.00"
2019-05-15,2019051501013519,NCCB,41,33,200,259.00,"51,800.00"
2019-05-15,2019051501013217,NCCB,42,58,"1,000",260.00,"260,000.00"
2019-05-15,2019051501013216,NCCB,42,58,130,260.00,"33,800.00"
2019-05-15,2019051501013203,NCCB,34,7,"3,000",261.00,"783,000.00"
2019-05-15,2019051501013150,NCCB,1,7,300,261.00,"78,300.00"
2019-05-15,2019051501013146,NCCB,42,4,550,260.00,"143,000.00"
2019-05-15,2019051501013284,NCCB,33,54,630,260.00,"163,800.00"
2019-05-15,2019051501013268,NCCB,33,4,"1,000",260.00,"260,000.00"
2019-05-15,2019051501013234,NCCB,33,4,370,260.00,"96,200.00"
2019-05-15,2019051501013233,NCCB,33,4,"1,630",260.00,"423,800.00"
2019-05-15,2019051501013219,NCCB,33,58,370,260.00,"96,200.00"
2019-05-15,2019051501013218,NCCB,41,58,500,260.00,"130,000.00"
2019-05-15,2019051501013290,NCCB,16,54,300,260.00,"78,000.00"
2019-05-15,2019051501013289,NCCB,47,54,500,260.00,"130,000.00"
2019-05-15,2019051501013288,NCCB,49,54,100,260.00,"26,000.00"
2019-05-15,2019051501013287,NCCB,19,54,90,260.00,"23,400.00"
2019-05-15,2019051501013286,NCCB,17,54,250,260.00,"65,000.00"
2019-05-15,2019051501013285,NCCB,41,54,54,260.00,"14,040.00"
2019-05-15,2019051501013296,NCCB,50,54,500,260.00,"130,000.00"
2019-05-15,2019051501013295,NCCB,38,54,500,260.00,"130,000.00"
2019-05-15,2019051501013294,NCCB,25,54,"2,000",260.00,"520,000.00"
2019-05-15,2019051501013293,NCCB,37,54,500,260.00,"130,000.00"
2019-05-15,2019051501013292,NCCB,32,54,200,260.00,"52,000.00"
2019-05-15,2019051501013291,NCCB,26,54,100,260.00,"26,000.00"
2019-05-15,2019051501013302,NCCB,46,54,500,260.00,"130,000.00"
2019-05-15,2019051501013301,NCCB,35,54,"1,000",260.00,"260,000.00"
2019-05-15,2019051501013300,NCCB,35,54,300,260.00,"78,000.00"
2019-05-15,2019051501013299,NCCB,45,54,"1,000",260.00,"260,000.00"
2019-05-15,2019051501013298,NCCB,17,54,100,260.00,"26,000.00"
2019-05-15,2019051501013297,NCCB,22,54,"2,000",260.00,"520,000.00"
2019-05-15,2019051501013308,NCCB,19,54,300,260.00,"78,000.00"
2019-05-15,2019051501013307,NCCB,50,54,100,260.00,"26,000.00"
2019-05-15,2019051501013306,NCCB,35,54,50,260.00,"13,000.00"
2019-05-15,2019051501013305,NCCB,46,54,450,260.00,"117,000.00"
2019-05-15,2019051501013304,NCCB,48,54,"1,000",260.00,"260,000.00"
2019-05-15,2019051501013303,NCCB,42,54,100,260.00,"26,000.00"
2019-05-15,2019051501013343,NCCB,5,36,100,260.00,"26,000.00"
2019-05-15,2019051501013332,NCCB,43,36,300,260.00,"78,000.00"
2019-05-15,2019051501013314,NCCB,29,36,500,260.00,"130,000.00"
2019-05-15,2019051501013313,NCCB,49,36,200,260.00,"52,000.00"
2019-05-15,2019051501013312,NCCB,41,36,124,260.00,"32,240.00"
2019-05-15,2019051501013309,NCCB,41,54,376,260.00,"97,760.00"
2019-05-15,2019051501013486,NCCB,46,7,401,259.00,"103,859.00"
2019-05-15,2019051501013417,NCCB,46,6,599,259.00,"155,141.00"
2019-05-15,2019051501013416,NCCB,38,6,200,259.00,"51,800.00"
2019-05-15,2019051501013415,NCCB,1,6,500,259.00,"129,500.00"
2019-05-15,2019051501013414,NCCB,56,6,50,259.00,"12,950.00"
2019-05-15,2019051501013374,NCCB,17,36,100,260.00,"26,000.00"
2019-05-15,2019051501013518,NCCB,34,33,"5,000",259.00,"1,295,000.00"
2019-05-15,2019051501013517,NCCB,52,33,"1,000",259.00,"259,000.00"
2019-05-15,2019051501013516,NCCB,34,33,808,259.00,"209,272.00"
2019-05-15,2019051501013489,NCCB,34,7,192,259.00,"49,728.00"
2019-05-15,2019051501013488,NCCB,1,7,500,259.00,"129,500.00"
2019-05-15,2019051501013487,NCCB,1,7,"1,000",259.00,"259,000.00"
2019-05-15,2019051501013597,NHPC,7,44,100,69.00,"6,900.00"
2019-05-15,2019051501013506,NIB,34,38,100,550.00,"55,000.00"
2019-05-15,2019051501013463,NIB,48,38,50,550.00,"27,500.00"
2019-05-15,2019051501013389,NIB,49,1,44,549.00,"24,156.00"
2019-05-15,2019051501013240,NIB,49,58,413,549.00,"226,737.00"
2019-05-15,2019051501013239,NIB,1,58,500,549.00,"274,500.00"
2019-05-15,2019051501013238,NIB,1,58,370,549.00,"203,130.00"
2019-05-15,2019051501013237,NIBSF1,5,38,"5,000",9.70,"48,500.00"
2019-05-15,2019051501013236,NIBSF1,5,38,"3,200",9.70,"31,040.00"
2019-05-15,2019051501013483,NICA,53,43,66,491.00,"32,406.00"
2019-05-15,2019051501013398,NICA,21,43,100,491.00,"49,100.00"
2019-05-15,2019051501013397,NICA,7,43,10,491.00,"4,910.00"
2019-05-15,2019051501013396,NICA,53,43,300,491.00,"147,300.00"
2019-05-15,2019051501013395,NICA,52,43,200,491.00,"98,200.00"
2019-05-15,2019051501013394,NICA,8,43,424,491.00,"208,184.00"
2019-05-15,2019051501013341,NICA,19,18,50,493.00,"24,650.00"
2019-05-15,2019051501013157,NICA,8,36,"2,000",491.00,"982,000.00"
2019-05-15,2019051501013140,NICGF,51,7,100,9.67,967.00
2019-05-15,2019051501013170,NIL,49,38,100,527.00,"52,700.00"
2019-05-15,2019051501013171,NIL,49,35,900,527.00,"474,300.00"
2019-05-15,2019051501013618,NLBBL,14,21,20,532.00,"10,640.00"
2019-05-15,2019051501013279,NLBBL,14,17,169,532.00,"89,908.00"
2019-05-15,2019051501013595,NLG,25,49,10,843.00,"8,430.00"
2019-05-15,2019051501013384,NLIC,34,45,"3,000",962.00,"2,886,000.00"
2019-05-15,2019051501013383,NLIC,34,55,400,962.00,"384,800.00"
2019-05-15,2019051501013315,NLIC,34,42,155,962.00,"149,110.00"
2019-05-15,2019051501013328,NLICL,55,39,195,670.00,"130,650.00"
2019-05-15,2019051501013339,NMB,55,38,200,387.00,"77,400.00"
2019-05-15,2019051501013448,NNLB,48,45,100,422.00,"42,200.00"
2019-05-15,2019051501013347,NNLB,56,45,300,422.00,"126,600.00"
2019-05-15,2019051501013346,NNLB,51,45,100,423.00,"42,300.00"
2019-05-15,2019051501013345,NNLB,48,45,30,423.00,"12,690.00"
2019-05-15,2019051501013344,NNLB,42,45,20,425.00,"8,500.00"
2019-05-15,2019051501013423,NSEWA,1,11,30,459.00,"13,770.00"
2019-05-15,2019051501013257,NSEWA,55,44,10,460.00,"4,600.00"
2019-05-15,2019051501013256,NSEWA,55,45,60,460.00,"27,600.00"
2019-05-15,2019051501013379,NTC,43,38,10,721.00,"7,210.00"
2019-05-15,2019051501013199,NTC,44,48,500,719.00,"359,500.00"
2019-05-15,2019051501013198,NTC,41,48,200,719.00,"143,800.00"
2019-05-15,2019051501013197,NTC,44,48,50,720.00,"36,000.00"
2019-05-15,2019051501013342,NUBL,19,37,65,878.00,"57,070.00"
2019-05-15,2019051501013626,PCBL,32,58,200,379.00,"75,800.00"
2019-05-15,2019051501013601,PCBL,37,56,489,376.00,"183,864.00"
2019-05-15,2019051501013600,PCBL,40,56,500,376.00,"188,000.00"
2019-05-15,2019051501013599,PCBL,32,56,11,376.00,"4,136.00"
2019-05-15,2019051501013591,PCBL,32,21,303,376.00,"113,928.00"
2019-05-15,2019051501013585,PCBL,32,43,103,380.00,"39,140.00"
2019-05-15,2019051501013337,PCBL,37,11,100,377.00,"37,700.00"
2019-05-15,2019051501013253,PCBL,19,37,200,378.00,"75,600.00"
2019-05-15,2019051501013228,PCBL,37,43,900,377.00,"339,300.00"
2019-05-15,2019051501013221,PCBL,45,43,100,377.00,"37,700.00"
2019-05-15,2019051501013169,PCBL,32,17,59,376.00,"22,184.00"
2019-05-15,2019051501013584,PCBL,32,14,"1,000",379.00,"379,000.00"
2019-05-15,2019051501013583,PCBL,32,38,297,378.00,"112,266.00"
2019-05-15,2019051501013582,PCBL,32,37,350,378.00,"132,300.00"
2019-05-15,2019051501013581,PCBL,32,37,500,378.00,"189,000.00"
2019-05-15,2019051501013545,PCBL,37,56,100,377.00,"37,700.00"
2019-05-15,2019051501013338,PCBL,37,11,900,377.00,"339,300.00"
2019-05-15,2019051501013630,PIC,57,39,115,"1,200.00","138,000.00"
2019-05-15,2019051501013629,PIC,57,39,31,"1,200.00","37,200.00"
2019-05-15,2019051501013467,PIC,33,6,40,"1,206.00","48,240.00"
2019-05-15,2019051501013442,PIC,50,6,11,"1,206.00","13,266.00"
2019-05-15,2019051501013353,PIC,57,50,69,"1,200.00","82,800.00"
2019-05-15,2019051501013340,PIC,57,7,100,"1,200.00","120,000.00"
2019-05-15,2019051501013316,PIC,57,4,300,"1,200.00","360,000.00"
2019-05-15,2019051501013273,PIC,57,4,300,"1,200.00","360,000.00"
2019-05-15,2019051501013255,PIC,8,44,33,"1,199.00","39,567.00"
2019-05-15,2019051501013184,PIC,57,4,400,"1,200.00","480,000.00"
2019-05-15,2019051501013204,PICL,32,39,100,731.00,"73,100.00"
2019-05-15,2019051501013492,PLIC,44,42,40,486.00,"19,440.00"
2019-05-15,2019051501013382,PLIC,34,26,15,488.00,"7,320.00"
2019-05-15,2019051501013264,PLIC,44,45,10,486.00,"4,860.00"
2019-05-15,2019051501013356,PRIN,32,56,100,417.00,"41,700.00"
2019-05-15,2019051501013135,PRIN,36,44,138,415.00,"57,270.00"
2019-05-15,2019051501013578,PRVU,49,25,10,285.00,"2,850.00"
2019-05-15,2019051501013554,PRVU,59,28,206,282.00,"58,092.00"
2019-05-15,2019051501013553,PRVU,47,28,474,282.00,"133,668.00"
2019-05-15,2019051501013362,PRVU,13,54,660,282.00,"186,120.00"
2019-05-15,2019051501013361,PRVU,6,54,"2,000",282.00,"564,000.00"
2019-05-15,2019051501013360,PRVU,32,54,500,282.00,"141,000.00"
2019-05-15,2019051501013359,PRVU,42,54,300,282.00,"84,600.00"
2019-05-15,2019051501013358,PRVU,14,54,214,282.00,"60,348.00"
2019-05-15,2019051501013272,PRVU,16,54,145,283.00,"41,035.00"
2019-05-15,2019051501013368,PRVU,47,54,526,282.00,"148,332.00"
2019-05-15,2019051501013367,PRVU,14,54,"2,000",282.00,"564,000.00"
2019-05-15,2019051501013366,PRVU,22,54,300,282.00,"84,600.00"
2019-05-15,2019051501013365,PRVU,55,54,"2,000",282.00,"564,000.00"
2019-05-15,2019051501013364,PRVU,59,54,500,282.00,"141,000.00"
2019-05-15,2019051501013363,PRVU,17,54,"1,000",282.00,"282,000.00"
2019-05-15,2019051501013311,RBCL,37,54,30,"11,200.00","336,000.00"
2019-05-15,2019051501013603,RBCLPO,33,49,10,"10,164.00","101,640.00"
2019-05-15,2019051501013570,RBCLPO,33,56,10,"10,164.00","101,640.00"
2019-05-15,2019051501013546,RBCLPO,35,42,10,"10,000.00","100,000.00"
2019-05-15,2019051501013552,RMDC,51,49,37,675.00,"24,975.00"
2019-05-15,2019051501013551,RMDC,51,55,14,673.00,"9,422.00"
2019-05-15,2019051501013550,RMDC,51,6,54,672.00,"36,288.00"
2019-05-15,2019051501013549,RMDC,51,14,16,671.00,"10,736.00"
2019-05-15,2019051501013548,RMDC,51,57,129,670.00,"86,430.00"
2019-05-15,2019051501013533,RMDC,45,36,613,665.00,"407,645.00"
2019-05-15,2019051501013532,RMDC,39,36,10,666.00,"6,660.00"
2019-05-15,2019051501013531,RMDC,17,36,500,666.00,"333,000.00"
2019-05-15,2019051501013530,RMDC,58,36,245,666.00,"163,170.00"
2019-05-15,2019051501013447,RMDC,58,14,190,666.00,"126,540.00"
2019-05-15,2019051501013399,RMDC,58,33,15,666.00,"9,990.00"
2019-05-15,2019051501013263,RMDC,58,11,50,666.00,"33,300.00"
2019-05-15,2019051501013260,RRHP,35,26,10,94.00,940.00
2019-05-15,2019051501013592,SADBL,56,28,10,155.00,"1,550.00"
2019-05-15,2019051501013388,SANIMA,58,28,229,365.00,"83,585.00"
2019-05-15,2019051501013387,SANIMA,40,28,31,366.00,"11,346.00"
2019-05-15,2019051501013354,SANIMA,25,49,20,367.00,"7,340.00"
2019-05-15,2019051501013278,SANIMA,25,44,30,367.00,"11,010.00"
2019-05-15,2019051501013277,SANIMA,25,56,270,367.00,"99,090.00"
2019-05-15,2019051501013269,SANIMA,40,50,69,366.00,"25,254.00"
2019-05-15,2019051501013252,SANIMA,40,6,200,366.00,"73,200.00"
2019-05-15,2019051501013163,SANIMA,58,48,398,365.00,"145,270.00"
2019-05-15,2019051501013628,SBBLJ,25,38,20,202.00,"4,040.00"
2019-05-15,2019051501013227,SBBLJ,17,38,400,201.00,"80,400.00"
2019-05-15,2019051501013206,SBBLJ,17,38,"2,000",201.00,"402,000.00"
2019-05-15,2019051501013400,SBI,52,47,200,497.00,"99,400.00"
2019-05-15,2019051501013196,SBI,39,22,50,496.00,"24,800.00"
2019-05-15,2019051501013617,SBL,46,44,683,342.00,"233,586.00"
2019-05-15,2019051501013616,SBL,16,44,776,342.00,"265,392.00"
2019-05-15,2019051501013615,SBL,25,44,"1,000",342.00,"342,000.00"
2019-05-15,2019051501013614,SBL,17,44,541,342.00,"185,022.00"
2019-05-15,2019051501013547,SDESI,41,44,12,621.00,"7,452.00"
2019-05-15,2019051501013569,SHINE,6,6,100,260.00,"26,000.00"
2019-05-15,2019051501013568,SHINE,6,50,100,258.00,"25,800.00"
2019-05-15,2019051501013567,SHINE,6,49,100,258.00,"25,800.00"
2019-05-15,2019051501013566,SHINE,6,57,250,257.00,"64,250.00"
2019-05-15,2019051501013565,SHINE,6,52,11,257.00,"2,827.00"
2019-05-15,2019051501013564,SHINE,6,41,200,256.00,"51,200.00"
2019-05-15,2019051501013510,SHINE,6,53,330,253.00,"83,490.00"
2019-05-15,2019051501013509,SHINE,6,41,"1,230",253.00,"311,190.00"
2019-05-15,2019051501013508,SHINE,6,22,543,251.00,"136,293.00"
2019-05-15,2019051501013507,SHINE,6,17,200,251.00,"50,200.00"
2019-05-15,2019051501013355,SHINE,33,49,40,250.00,"10,000.00"
2019-05-15,2019051501013563,SHINE,6,28,100,256.00,"25,600.00"
2019-05-15,2019051501013562,SHINE,6,14,100,255.00,"25,500.00"
2019-05-15,2019051501013561,SHINE,6,33,402,255.00,"102,510.00"
2019-05-15,2019051501013513,SHINE,6,33,98,255.00,"24,990.00"
2019-05-15,2019051501013512,SHINE,6,35,500,254.00,"127,000.00"
2019-05-15,2019051501013511,SHINE,6,38,99,254.00,"25,146.00"
2019-05-15,2019051501013633,SHIVM,6,6,162,520.00,"84,240.00"
2019-05-15,2019051501013632,SHIVM,6,49,38,520.00,"19,760.00"
2019-05-15,2019051501013627,SHIVM,25,44,20,514.00,"10,280.00"
2019-05-15,2019051501013612,SHIVM,21,44,200,514.00,"102,800.00"
2019-05-15,2019051501013611,SHIVM,49,44,50,515.00,"25,750.00"
2019-05-15,2019051501013610,SHIVM,22,44,170,515.00,"87,550.00"
2019-05-15,2019051501013181,SHIVM,8,42,100,517.00,"51,700.00"
2019-05-15,2019051501013164,SHIVM,36,38,50,516.00,"25,800.00"
2019-05-15,2019051501013143,SHIVM,44,1,50,519.00,"25,950.00"
2019-05-15,2019051501013231,SHIVM,38,45,30,515.00,"15,450.00"
2019-05-15,2019051501013223,SHIVM,36,57,50,516.00,"25,800.00"
2019-05-15,2019051501013215,SHIVM,36,57,50,516.00,"25,800.00"
2019-05-15,2019051501013195,SHIVM,36,47,50,516.00,"25,800.00"
2019-05-15,2019051501013183,SHIVM,55,3,100,520.00,"52,000.00"
2019-05-15,2019051501013310,SHIVM,39,44,50,515.00,"25,750.00"
2019-05-15,2019051501013276,SHIVM,42,44,130,515.00,"66,950.00"
2019-05-15,2019051501013262,SHIVM,14,44,10,515.00,"5,150.00"
2019-05-15,2019051501013261,SHIVM,5,44,180,515.00,"92,700.00"
2019-05-15,2019051501013254,SHIVM,25,13,50,518.00,"25,900.00"
2019-05-15,2019051501013232,SHIVM,5,45,20,515.00,"10,300.00"
2019-05-15,2019051501013324,SHIVM,42,47,50,520.00,"26,000.00"
2019-05-15,2019051501013323,SHIVM,42,3,650,520.00,"338,000.00"
2019-05-15,2019051501013322,SHIVM,42,7,50,519.00,"25,950.00"
2019-05-15,2019051501013321,SHIVM,42,57,500,519.00,"259,500.00"
2019-05-15,2019051501013320,SHIVM,42,44,30,515.00,"15,450.00"
2019-05-15,2019051501013317,SHIVM,52,44,100,515.00,"51,500.00"
2019-05-15,2019051501013430,SHIVM,1,44,100,516.00,"51,600.00"
2019-05-15,2019051501013422,SHIVM,1,57,50,516.00,"25,800.00"
2019-05-15,2019051501013421,SHIVM,6,57,50,516.00,"25,800.00"
2019-05-15,2019051501013371,SHIVM,42,44,230,520.00,"119,600.00"
2019-05-15,2019051501013333,SHIVM,25,32,10,522.00,"5,220.00"
2019-05-15,2019051501013325,SHIVM,42,37,300,520.00,"156,000.00"
2019-05-15,2019051501013439,SHIVM,22,44,330,515.00,"169,950.00"
2019-05-15,2019051501013438,SHIVM,16,44,500,515.00,"257,500.00"
2019-05-15,2019051501013437,SHIVM,21,44,200,515.00,"103,000.00"
2019-05-15,2019051501013433,SHIVM,22,44,50,515.00,"25,750.00"
2019-05-15,2019051501013432,SHIVM,35,44,20,515.00,"10,300.00"
2019-05-15,2019051501013431,SHIVM,22,44,500,516.00,"258,000.00"
2019-05-15,2019051501013609,SHIVM,54,44,50,516.00,"25,800.00"
2019-05-15,2019051501013608,SHIVM,45,44,10,517.00,"5,170.00"
2019-05-15,2019051501013590,SHIVM,58,44,10,522.00,"5,220.00"
2019-05-15,2019051501013589,SHIVM,58,4,200,521.00,"104,200.00"
2019-05-15,2019051501013500,SHIVM,25,38,50,520.00,"26,000.00"
2019-05-15,2019051501013475,SHIVM,45,29,490,517.00,"253,330.00"
2019-05-15,2019051501013453,SHPC,10,42,229,266.00,"60,914.00"
2019-05-15,2019051501013452,SHPC,41,42,500,266.00,"133,000.00"
2019-05-15,2019051501013451,SHPC,43,42,271,266.00,"72,086.00"
2019-05-15,2019051501013425,SHPC,39,35,100,269.00,"26,900.00"
2019-05-15,2019051501013424,SHPC,39,36,"1,000",269.00,"269,000.00"
2019-05-15,2019051501013491,SIC,40,56,180,"1,457.00","262,260.00"
2019-05-15,2019051501013251,SIC,20,32,57,"1,456.00","82,992.00"
2019-05-15,2019051501013250,SIC,25,32,30,"1,460.00","43,800.00"
2019-05-15,2019051501013249,SIC,44,32,100,"1,460.00","146,000.00"
2019-05-15,2019051501013248,SIC,44,32,35,"1,461.00","51,135.00"
2019-05-15,2019051501013247,SIC,20,32,10,"1,462.00","14,620.00"
2019-05-15,2019051501013246,SIC,35,32,10,"1,462.00","14,620.00"
2019-05-15,2019051501013245,SIC,18,32,25,"1,463.00","36,575.00"
2019-05-15,2019051501013505,SICL,13,59,80,878.00,"70,240.00"
2019-05-15,2019051501013504,SICL,19,59,50,878.00,"43,900.00"
2019-05-15,2019051501013503,SICL,19,59,50,878.00,"43,900.00"
2019-05-15,2019051501013502,SICL,34,59,30,879.00,"26,370.00"
2019-05-15,2019051501013462,SICL,29,10,200,880.00,"176,000.00"
2019-05-15,2019051501013474,SIL,25,5,10,606.00,"6,060.00"
2019-05-15,2019051501013446,SIL,34,16,177,597.00,"105,669.00"
2019-05-15,2019051501013445,SIL,25,16,50,598.00,"29,900.00"
2019-05-15,2019051501013456,SKBBL,47,52,110,997.00,"109,670.00"
2019-05-15,2019051501013138,SLBS,43,1,18,870.00,"15,660.00"
2019-05-15,2019051501013137,SLBS,43,1,18,870.00,"15,660.00"
2019-05-15,2019051501013136,SLBS,43,1,18,870.00,"15,660.00"
2019-05-15,2019051501013473,SLICL,58,26,60,608.00,"36,480.00"
2019-05-15,2019051501013472,SLICL,58,22,250,607.00,"151,750.00"
2019-05-15,2019051501013471,SLICL,58,34,500,604.00,"302,000.00"
2019-05-15,2019051501013470,SLICL,58,58,40,603.00,"24,120.00"
2019-05-15,2019051501013469,SLICL,58,6,50,602.00,"30,100.00"
2019-05-15,2019051501013413,SMFDB,55,58,100,589.00,"58,900.00"
2019-05-15,2019051501013412,SMFDB,42,58,10,589.00,"5,890.00"
2019-05-15,2019051501013411,SMFDB,52,58,182,590.00,"107,380.00"
2019-05-15,2019051501013410,SMFDB,32,58,200,591.00,"118,200.00"
2019-05-15,2019051501013161,SPDL,45,4,180,91.00,"16,380.00"
2019-05-15,2019051501013160,SPDL,7,4,247,91.00,"22,477.00"
2019-05-15,2019051501013159,SPDL,26,4,20,91.00,"1,820.00"
2019-05-15,2019051501013158,SPDL,55,4,53,92.00,"4,876.00"
2019-05-15,2019051501013571,SRBL,34,43,"1,000",258.00,"258,000.00"
2019-05-15,2019051501013242,SRBL,58,19,197,259.00,"51,023.00"
2019-05-15,2019051501013602,SWBBL,44,42,20,919.00,"18,380.00"
2019-05-15,2019051501013457,SWBBL,44,47,15,908.00,"13,620.00"
2019-05-15,2019051501013580,TRH,49,7,500,255.00,"127,500.00"
2019-05-15,2019051501013624,UMHL,59,40,10,119.00,"1,190.00"
2019-05-15,2019051501013280,UPCL,37,40,150,94.00,"14,100.00"
2019-05-15,2019051501013586,UPPER,1,51,270,246.00,"66,420.00"
2019-05-15,2019051501013515,UPPER,46,40,50,247.00,"12,350.00"
2019-05-15,2019051501013484,UPPER,1,11,20,246.00,"4,920.00"
2019-05-15,2019051501013449,UPPER,1,17,800,246.00,"196,800.00"
2019-05-15,2019051501013385,UPPER,1,11,40,246.00,"9,840.00"
2019-05-15,2019051501013370,UPPER,1,44,100,246.00,"24,600.00"
2019-05-15,2019051501013153,UPPER,54,17,150,247.00,"37,050.00"
2019-05-15,2019051501013152,UPPER,34,17,200,247.00,"49,400.00"
2019-05-15,2019051501013151,UPPER,54,17,35,247.00,"8,645.00"
2019-05-15,2019051501013145,UPPER,54,17,65,247.00,"16,055.00"
2019-05-15,2019051501013144,UPPER,1,17,935,247.00,"230,945.00"
2019-05-15,2019051501013214,UPPER,32,44,745,247.00,"184,015.00"
2019-05-15,2019051501013201,UPPER,32,59,100,247.00,"24,700.00"
2019-05-15,2019051501013167,UPPER,32,32,40,247.00,"9,880.00"
2019-05-15,2019051501013156,UPPER,32,17,115,247.00,"28,405.00"
2019-05-15,2019051501013155,UPPER,46,17,300,247.00,"74,100.00"
2019-05-15,2019051501013154,UPPER,1,17,200,247.00,"49,400.00"
2019-05-15,2019051501013194,VLBS,13,57,15,590.00,"8,850.00"
2019-05-15,2019051501013004,ADBL,49,16,10,437.00,"4,370.00"
2019-05-15,2019051501013003,ADBL,49,57,195,434.00,"84,630.00"
2019-05-15,2019051501012981,ADBL,40,57,50,434.00,"21,700.00"
2019-05-15,2019051501012980,ADBL,42,57,100,434.00,"43,400.00"
2019-05-15,2019051501012979,ADBL,32,57,22,434.00,"9,548.00"
2019-05-15,2019051501012679,ADBL,19,49,76,436.00,"33,136.00"
2019-05-15,2019051501012678,ADBL,19,8,40,436.00,"17,440.00"
2019-05-15,2019051501012677,ADBL,19,14,24,436.00,"10,464.00"
2019-05-15,2019051501012676,ADBL,19,57,85,436.00,"37,060.00"
2019-05-15,2019051501012675,ADBL,19,17,275,435.00,"119,625.00"
2019-05-15,2019051501012978,ADBL,56,57,13,435.00,"5,655.00"
2019-05-15,2019051501012971,ADBL,56,47,37,435.00,"16,095.00"
2019-05-15,2019051501012970,ADBL,53,47,64,435.00,"27,840.00"
2019-05-15,2019051501012946,ADBL,53,47,136,435.00,"59,160.00"
2019-05-15,2019051501012725,ADBL,34,49,20,436.00,"8,720.00"
2019-05-15,2019051501012689,ADBL,32,26,50,434.00,"21,700.00"
2019-05-15,2019051501013013,ALBSL,57,26,10,464.00,"4,640.00"
2019-05-15,2019051501012968,ALBSL,57,45,10,464.00,"4,640.00"
2019-05-15,2019051501012742,ALBSL,57,44,10,464.00,"4,640.00"
2019-05-15,2019051501012650,ALBSL,57,10,10,464.00,"4,640.00"
2019-05-15,2019051501012888,API,25,58,32,144.00,"4,608.00"
2019-05-15,2019051501012808,API,6,17,21,142.00,"2,982.00"
2019-05-15,2019051501012772,API,6,17,10,142.00,"1,420.00"
2019-05-15,2019051501013015,BOKL,52,55,250,280.00,"70,000.00"
2019-05-15,2019051501012901,BOKL,33,49,185,281.00,"51,985.00"
2019-05-15,2019051501013041,BPCL,46,21,71,388.00,"27,548.00"
2019-05-15,2019051501013040,BPCL,17,21,39,388.00,"15,132.00"
2019-05-15,2019051501012868,BPCL,17,7,10,388.00,"3,880.00"
2019-05-15,2019051501012791,BPCL,17,58,55,388.00,"21,340.00"
2019-05-15,2019051501012778,BPCL,57,58,445,389.00,"173,105.00"
2019-05-15,2019051501012697,BPCL,57,10,11,389.00,"4,279.00"
2019-05-15,2019051501013101,CBBL,54,52,84,957.00,"80,388.00"
2019-05-15,2019051501013100,CBBL,53,52,16,957.00,"15,312.00"
2019-05-15,2019051501013064,CBBL,53,33,100,957.00,"95,700.00"
2019-05-15,2019051501012961,CBBL,53,19,10,957.00,"9,570.00"
2019-05-15,2019051501012960,CBBL,10,19,50,958.00,"47,900.00"
2019-05-15,2019051501012788,CBBL,10,33,150,958.00,"143,700.00"
2019-05-15,2019051501013051,CBL,17,22,100,150.00,"15,000.00"
2019-05-15,2019051501013050,CBL,17,29,18,150.00,"2,700.00"
2019-05-15,2019051501012766,CBL,56,29,482,150.00,"72,300.00"
2019-05-15,2019051501012769,CCBL,34,20,98,171.00,"16,758.00"
2019-05-15,2019051501012993,CHLBS,49,45,10,457.00,"4,570.00"
2019-05-15,2019051501012824,CHLBS,49,32,10,457.00,"4,570.00"
2019-05-15,2019051501012734,CHLBS,49,5,10,457.00,"4,570.00"
2019-05-15,2019051501012671,CHLBS,25,17,10,462.00,"4,620.00"
2019-05-15,2019051501013110,CIT,52,42,17,"2,647.00","44,999.00"
2019-05-15,2019051501012777,CIT,52,49,33,"2,647.00","87,351.00"
2019-05-15,2019051501012776,CIT,55,49,17,"2,647.00","44,999.00"
2019-05-15,2019051501013134,CZBIL,28,4,500,233.00,"116,500.00"
2019-05-15,2019051501012797,CZBIL,51,43,200,232.00,"46,400.00"
2019-05-15,2019051501012804,DBBL,54,44,14,142.00,"1,988.00"
2019-05-15,2019051501012714,DBBL,40,49,"2,000",143.00,"286,000.00"
2019-05-15,2019051501012683,DBBL,45,17,41,144.00,"5,904.00"
2019-05-15,2019051501012785,DDBL,53,35,97,746.00,"72,362.00"
2019-05-15,2019051501012784,DDBL,35,35,48,747.00,"35,856.00"
2019-05-15,2019051501012957,EBL,58,41,15,682.00,"10,230.00"
2019-05-15,2019051501012918,EBL,45,6,500,680.00,"340,000.00"
2019-05-15,2019051501012917,EBL,45,6,200,680.00,"136,000.00"
2019-05-15,2019051501012916,EBL,45,22,10,680.00,"6,800.00"
2019-05-15,2019051501012915,EBL,45,13,259,679.00,"175,861.00"
2019-05-15,2019051501012719,EBL,19,13,300,679.00,"203,700.00"
2019-05-15,2019051501012843,FMDBL,41,48,265,414.00,"109,710.00"
2019-05-15,2019051501012842,FMDBL,55,48,200,415.00,"83,000.00"
2019-05-15,2019051501012811,FMDBL,34,56,110,419.00,"46,090.00"
2019-05-15,2019051501013055,GBBL,45,58,200,230.00,"46,000.00"
2019-05-15,2019051501013053,GBBL,45,11,200,230.00,"46,000.00"
2019-05-15,2019051501012967,GBBL,45,42,200,230.00,"46,000.00"
2019-05-15,2019051501012924,GBBL,58,26,441,231.00,"101,871.00"
2019-05-15,2019051501012732,GBBL,58,48,210,231.00,"48,510.00"
2019-05-15,2019051501012707,GBBL,45,14,215,230.00,"49,450.00"
2019-05-15,2019051501012702,GBBL,45,48,90,231.00,"20,790.00"
2019-05-15,2019051501012930,GBIME,44,16,"1,000",315.00,"315,000.00"
2019-05-15,2019051501012895,GBIME,1,46,50,316.00,"15,800.00"
2019-05-15,2019051501012849,GBLBS,16,35,100,364.00,"36,400.00"
2019-05-15,2019051501012848,GBLBS,16,36,155,364.00,"56,420.00"
2019-05-15,2019051501012847,GBLBS,16,49,190,363.00,"68,970.00"
2019-05-15,2019051501012810,GBLBS,36,4,480,362.00,"173,760.00"
2019-05-15,2019051501012809,GBLBS,39,4,20,362.00,"7,240.00"
2019-05-15,2019051501013057,GDBL,58,49,500,217.00,"108,500.00"
2019-05-15,2019051501013035,GDBL,58,49,95,218.00,"20,710.00"
2019-05-15,2019051501013034,GDBL,58,14,105,218.00,"22,890.00"
2019-05-15,2019051501012790,GDBL,58,14,395,218.00,"86,110.00"
2019-05-15,2019051501013070,HBL,32,55,200,617.00,"123,400.00"
2019-05-15,2019051501012803,HBL,58,29,100,621.00,"62,100.00"
2019-05-15,2019051501012720,HBL,56,3,50,618.00,"30,900.00"
2019-05-15,2019051501012913,HDL,35,33,10,"1,883.00","18,830.00"
2019-05-15,2019051501012912,HDL,22,33,10,"1,883.00","18,830.00"
2019-05-15,2019051501012705,HGI,35,49,17,390.00,"6,630.00"
2019-05-15,2019051501012704,HGI,21,49,73,390.00,"28,470.00"
2019-05-15,2019051501012703,HGI,22,49,100,391.00,"39,100.00"
2019-05-15,2019051501013075,HIDCL,45,17,61,161.00,"9,821.00"
2019-05-15,2019051501013054,HIDCL,33,34,173,163.00,"28,199.00"
2019-05-15,2019051501013021,HIDCL,33,16,11,163.00,"1,793.00"
2019-05-15,2019051501013020,HIDCL,33,22,500,163.00,"81,500.00"
2019-05-15,2019051501013019,HIDCL,33,6,35,163.00,"5,705.00"
2019-05-15,2019051501013018,HIDCL,33,59,145,163.00,"23,635.00"
2019-05-15,2019051501012745,HIDCL,39,35,100,163.00,"16,300.00"
2019-05-15,2019051501012744,HIDCL,39,11,"1,201",163.00,"195,763.00"
2019-05-15,2019051501012743,HIDCL,39,55,61,163.00,"9,943.00"
2019-05-15,2019051501012716,HIDCL,51,17,175,162.00,"28,350.00"
2019-05-15,2019051501012698,HIDCL,45,36,374,161.00,"60,214.00"
2019-05-15,2019051501013017,HIDCL,33,41,136,162.00,"22,032.00"
2019-05-15,2019051501012992,HIDCL,45,10,84,161.00,"13,524.00"
2019-05-15,2019051501012932,HIDCL,51,41,100,162.00,"16,200.00"
2019-05-15,2019051501012931,HIDCL,51,41,764,162.00,"123,768.00"
2019-05-15,2019051501012789,HIDCL,51,22,300,162.00,"48,600.00"
2019-05-15,2019051501012747,HIDCL,51,17,61,162.00,"9,882.00"
2019-05-15,2019051501012684,HPPL,36,7,10,181.00,"1,810.00"
2019-05-15,2019051501012770,JBBL,1,21,150,145.00,"21,750.00"
2019-05-15,2019051501013115,JBNL,45,58,151,206.00,"31,106.00"
2019-05-15,2019051501013114,JBNL,26,58,61,206.00,"12,566.00"
2019-05-15,2019051501013113,JBNL,49,58,250,206.00,"51,500.00"
2019-05-15,2019051501013112,JBNL,51,58,"1,538",206.00,"316,828.00"
2019-05-15,2019051501013086,JBNL,51,58,462,206.00,"95,172.00"
2019-05-15,2019051501013085,JBNL,29,58,"2,000",206.00,"412,000.00"
2019-05-15,2019051501012867,JBNL,5,58,17,207.00,"3,519.00"
2019-05-15,2019051501013084,JBNL,40,58,600,206.00,"123,600.00"
2019-05-15,2019051501013083,JBNL,50,58,938,206.00,"193,228.00"
2019-05-15,2019051501012879,JBNL,25,40,200,207.00,"41,400.00"
2019-05-15,2019051501012878,JBNL,39,40,"1,000",207.00,"207,000.00"
2019-05-15,2019051501012877,JBNL,48,40,200,207.00,"41,400.00"
2019-05-15,2019051501012876,JBNL,5,40,149,207.00,"30,843.00"
2019-05-15,2019051501013077,JFL,59,51,50,175.00,"8,750.00"
2019-05-15,2019051501012750,JFL,51,39,10,178.00,"1,780.00"
2019-05-15,2019051501012669,KBBL,42,51,51,230.00,"11,730.00"
2019-05-15,2019051501013128,KBL,52,43,97,222.00,"21,534.00"
2019-05-15,2019051501013127,KBL,49,43,903,222.00,"200,466.00"
2019-05-15,2019051501012866,KBL,49,43,"1,000",222.00,"222,000.00"
2019-05-15,2019051501012844,KBL,49,19,100,222.00,"22,200.00"
2019-05-15,2019051501012706,KBL,49,44,42,222.00,"9,324.00"
2019-05-15,2019051501013116,KMCDB,32,38,80,715.00,"57,200.00"
2019-05-15,2019051501012870,KNBL,22,46,50,140.00,"7,000.00"
2019-05-15,2019051501012723,KNBL,55,43,151,141.00,"21,291.00"
2019-05-15,2019051501013047,KPCL,1,57,10,91.00,910.00
2019-05-15,2019051501013016,KSBBL,14,28,300,154.00,"46,200.00"
2019-05-15,2019051501012736,KSBBL,41,57,340,152.00,"51,680.00"
2019-05-15,2019051501012934,LBBL,4,10,150,195.00,"29,250.00"
2019-05-15,2019051501012933,LBBL,59,10,730,195.00,"142,350.00"
2019-05-15,2019051501012892,LBBL,37,39,630,196.00,"123,480.00"
2019-05-15,2019051501012891,LBBL,37,57,270,196.00,"52,920.00"
2019-05-15,2019051501012751,LBBL,22,57,10,196.00,"1,960.00"
2019-05-15,2019051501012738,LBBL,59,34,270,195.00,"52,650.00"
2019-05-15,2019051501012737,LBBL,32,34,230,195.00,"44,850.00"
2019-05-15,2019051501012923,LGIL,25,25,100,514.00,"51,400.00"
2019-05-15,2019051501012969,MBL,49,45,300,272.00,"81,600.00"
2019-05-15,2019051501012792,MDB,35,32,890,259.00,"230,510.00"
2019-05-15,2019051501013007,MEGA,33,42,127,199.00,"25,273.00"
2019-05-15,2019051501013006,MEGA,33,42,373,199.00,"74,227.00"
2019-05-15,2019051501012974,MEGA,33,46,30,199.00,"5,970.00"
2019-05-15,2019051501012955,MEGA,16,13,50,200.00,"10,000.00"
2019-05-15,2019051501012882,MEGA,17,13,100,200.00,"20,000.00"
2019-05-15,2019051501012836,MEGA,17,13,105,200.00,"21,000.00"
2019-05-15,2019051501012635,MEGA,33,1,600,200.00,"120,000.00"
2019-05-15,2019051501012835,MEGA,17,14,33,200.00,"6,600.00"
2019-05-15,2019051501012834,MEGA,17,14,36,200.00,"7,200.00"
2019-05-15,2019051501012833,MEGA,17,57,609,200.00,"121,800.00"
2019-05-15,2019051501012832,MEGA,17,32,17,200.00,"3,400.00"
2019-05-15,2019051501012637,MEGA,33,32,283,200.00,"56,600.00"
2019-05-15,2019051501012636,MEGA,33,54,200,200.00,"40,000.00"
2019-05-15,2019051501012765,MERO,19,14,54,635.00,"34,290.00"
2019-05-15,2019051501013132,MLBL,49,33,500,193.00,"96,500.00"
2019-05-15,2019051501013098,MNBBL,38,8,"1,000",386.00,"386,000.00"
2019-05-15,2019051501012741,MNBBL,17,46,189,387.00,"73,143.00"
2019-05-15,2019051501012740,MNBBL,17,50,200,386.00,"77,200.00"
2019-05-15,2019051501012646,MNBBL,51,4,21,385.00,"8,085.00"
2019-05-15,2019051501012645,MNBBL,4,4,59,385.00,"22,715.00"
2019-05-15,2019051501013012,NABIL,14,41,185,851.00,"157,435.00"
2019-05-15,2019051501012818,NABIL,14,37,295,851.00,"251,045.00"
2019-05-15,2019051501012817,NABIL,45,37,250,852.00,"213,000.00"
2019-05-15,2019051501013131,NADEP,49,7,30,490.00,"14,700.00"
2019-05-15,2019051501013130,NADEP,52,7,10,490.00,"4,900.00"
2019-05-15,2019051501013129,NADEP,17,7,100,491.00,"49,100.00"
2019-05-15,2019051501013046,NADEP,48,19,50,492.00,"24,600.00"
2019-05-15,2019051501013045,NADEP,56,19,120,492.00,"59,040.00"
2019-05-15,2019051501013044,NADEP,25,19,15,492.00,"7,380.00"
2019-05-15,2019051501012975,NADEP,56,41,20,492.00,"9,840.00"
2019-05-15,2019051501013126,NBL,57,4,850,317.00,"269,450.00"
2019-05-15,2019051501013125,NBL,5,4,"1,000",317.00,"317,000.00"
2019-05-15,2019051501013124,NBL,17,4,100,317.00,"31,700.00"
2019-05-15,2019051501013123,NBL,7,4,300,317.00,"95,100.00"
2019-05-15,2019051501013122,NBL,3,4,100,317.00,"31,700.00"
2019-05-15,2019051501013121,NBL,34,4,"1,000",317.00,"317,000.00"
2019-05-15,2019051501012759,NBL,53,43,100,317.00,"31,700.00"
2019-05-15,2019051501012758,NBL,26,43,60,317.00,"19,020.00"
2019-05-15,2019051501012739,NBL,6,4,500,318.00,"159,000.00"
2019-05-15,2019051501012718,NBL,6,4,200,318.00,"63,600.00"
2019-05-15,2019051501012670,NBL,40,4,500,318.00,"159,000.00"
2019-05-15,2019051501012828,NBL,55,4,547,318.00,"173,946.00"
2019-05-15,2019051501012764,NBL,59,43,140,317.00,"44,380.00"
2019-05-15,2019051501012763,NBL,3,43,200,317.00,"63,400.00"
2019-05-15,2019051501012762,NBL,19,43,500,317.00,"158,500.00"
2019-05-15,2019051501012761,NBL,5,43,"1,000",317.00,"317,000.00"
2019-05-15,2019051501012760,NBL,34,43,"1,000",317.00,"317,000.00"
2019-05-15,2019051501012928,NBL,21,43,440,317.00,"139,480.00"
2019-05-15,2019051501012927,NBL,45,43,500,317.00,"158,500.00"
2019-05-15,2019051501012926,NBL,17,43,"1,000",317.00,"317,000.00"
2019-05-15,2019051501012925,NBL,59,43,60,317.00,"19,020.00"
2019-05-15,2019051501012830,NBL,55,11,253,318.00,"80,454.00"
2019-05-15,2019051501012829,NBL,55,32,200,318.00,"63,600.00"
2019-05-15,2019051501013066,NBL,16,4,260,317.00,"82,420.00"
2019-05-15,2019051501013063,NBL,16,45,240,317.00,"76,080.00"
2019-05-15,2019051501013062,NBL,59,45,500,317.00,"158,500.00"
2019-05-15,2019051501013061,NBL,45,45,200,317.00,"63,400.00"
2019-05-15,2019051501013060,NBL,21,45,60,317.00,"19,020.00"
2019-05-15,2019051501013042,NBL,21,39,500,317.00,"158,500.00"
2019-05-15,2019051501013120,NBL,32,4,500,317.00,"158,500.00"
2019-05-15,2019051501013119,NBL,32,4,500,317.00,"158,500.00"
2019-05-15,2019051501013118,NBL,33,4,"2,000",317.00,"634,000.00"
2019-05-15,2019051501013117,NBL,14,4,"1,650",317.00,"523,050.00"
2019-05-15,2019051501013068,NBL,14,4,350,317.00,"110,950.00"
2019-05-15,2019051501013067,NBL,43,4,500,317.00,"158,500.00"
2019-05-15,2019051501013133,NCCB,35,7,500,261.00,"130,500.00"
2019-05-15,2019051501013079,NCCB,42,4,320,260.00,"83,200.00"
2019-05-15,2019051501013078,NCCB,38,4,"1,180",260.00,"306,800.00"
2019-05-15,2019051501013027,NCCB,38,13,300,260.00,"78,000.00"
2019-05-15,2019051501012991,NCCB,14,7,277,261.00,"72,297.00"
2019-05-15,2019051501012990,NCCB,14,58,723,261.00,"188,703.00"
2019-05-15,2019051501012748,NCCB,41,56,500,261.00,"130,500.00"
2019-05-15,2019051501012733,NCCB,37,35,100,260.00,"26,000.00"
2019-05-15,2019051501012642,NCCB,37,10,206,260.00,"53,560.00"
2019-05-15,2019051501012812,NCCB,33,39,225,261.00,"58,725.00"
2019-05-15,2019051501012796,NCCB,46,39,235,261.00,"61,335.00"
2019-05-15,2019051501012795,NCCB,48,39,20,261.00,"5,220.00"
2019-05-15,2019051501012787,NCCB,45,39,100,261.00,"26,100.00"
2019-05-15,2019051501012774,NCCB,10,39,420,261.00,"109,620.00"
2019-05-15,2019051501012773,NCCB,10,56,580,261.00,"151,380.00"
2019-05-15,2019051501012852,NCCB,33,34,"1,500",261.00,"391,500.00"
2019-05-15,2019051501012827,NCCB,33,34,998,261.00,"260,478.00"
2019-05-15,2019051501012826,NCCB,33,36,502,261.00,"131,022.00"
2019-05-15,2019051501012825,NCCB,53,36,250,261.00,"65,250.00"
2019-05-15,2019051501012814,NCCB,33,36,"1,248",261.00,"325,728.00"
2019-05-15,2019051501012813,NCCB,33,33,27,261.00,"7,047.00"
2019-05-15,2019051501012944,NCCB,57,4,250,260.00,"65,000.00"
2019-05-15,2019051501012943,NCCB,1,4,200,260.00,"52,000.00"
2019-05-15,2019051501012942,NCCB,37,4,220,260.00,"57,200.00"
2019-05-15,2019051501012890,NCCB,36,58,277,261.00,"72,297.00"
2019-05-15,2019051501012889,NCCB,36,34,723,261.00,"188,703.00"
2019-05-15,2019051501012856,NCCB,50,34,"1,000",261.00,"261,000.00"
2019-05-15,2019051501012989,NCCB,38,4,520,260.00,"135,200.00"
2019-05-15,2019051501012988,NCCB,6,4,10,260.00,"2,600.00"
2019-05-15,2019051501012987,NCCB,54,4,200,260.00,"52,000.00"
2019-05-15,2019051501012986,NCCB,50,4,100,260.00,"26,000.00"
2019-05-15,2019051501012985,NCCB,1,4,170,260.00,"44,200.00"
2019-05-15,2019051501012945,NCCB,1,4,830,260.00,"215,800.00"
2019-05-15,2019051501012893,NCDB,4,5,14,149.00,"2,086.00"
2019-05-15,2019051501013031,NIB,22,38,100,550.00,"55,000.00"
2019-05-15,2019051501012853,NIB,6,38,25,550.00,"13,750.00"
2019-05-15,2019051501012688,NIB,19,38,300,550.00,"165,000.00"
2019-05-15,2019051501012886,NICA,8,41,576,491.00,"282,816.00"
2019-05-15,2019051501012885,NICA,14,41,566,491.00,"277,906.00"
2019-05-15,2019051501012859,NICA,14,55,434,491.00,"213,094.00"
2019-05-15,2019051501012858,NICA,46,55,500,491.00,"245,500.00"
2019-05-15,2019051501012857,NICA,28,55,66,492.00,"32,472.00"
2019-05-15,2019051501013056,NICGF,17,7,900,9.70,"8,730.00"
2019-05-15,2019051501012831,NICL,42,17,156,400.00,"62,400.00"
2019-05-15,2019051501012682,NICL,42,19,410,400.00,"164,000.00"
2019-05-15,2019051501012910,NIL,34,35,11,525.00,"5,775.00"
2019-05-15,2019051501012909,NIL,34,35,270,525.00,"141,750.00"
2019-05-15,2019051501012908,NIL,34,35,50,525.00,"26,250.00"
2019-05-15,2019051501012822,NIL,34,25,50,525.00,"26,250.00"
2019-05-15,2019051501012821,NIL,34,25,100,525.00,"52,500.00"
2019-05-15,2019051501012820,NIL,34,25,130,525.00,"68,250.00"
2019-05-15,2019051501012819,NIL,41,25,20,525.00,"10,500.00"
2019-05-15,2019051501012874,NLG,58,49,100,836.00,"83,600.00"
2019-05-15,2019051501012873,NLG,41,49,45,837.00,"37,665.00"
2019-05-15,2019051501012872,NLG,45,49,15,838.00,"12,570.00"
2019-05-15,2019051501012871,NLG,19,49,65,838.00,"54,470.00"
2019-05-15,2019051501012846,NLIC,14,33,84,961.00,"80,724.00"
2019-05-15,2019051501012845,NLIC,42,33,16,962.00,"15,392.00"
2019-05-15,2019051501012806,NLIC,41,46,20,963.00,"19,260.00"
2019-05-15,2019051501012956,NLICL,55,1,32,670.00,"21,440.00"
2019-05-15,2019051501013052,NMB,8,58,300,388.00,"116,400.00"
2019-05-15,2019051501012656,NMB,19,57,300,389.00,"116,700.00"
2019-05-15,2019051501013049,NTC,44,36,50,720.00,"36,000.00"
2019-05-15,2019051501012914,NTC,44,36,50,720.00,"36,000.00"
2019-05-15,2019051501013029,NUBL,41,48,200,879.00,"175,800.00"
2019-05-15,2019051501013028,NUBL,19,48,65,879.00,"57,135.00"
2019-05-15,2019051501012838,OHL,45,56,200,643.00,"128,600.00"
2019-05-15,2019051501012837,OHL,57,56,19,644.00,"12,236.00"
2019-05-15,2019051501012771,OHL,57,25,100,644.00,"64,400.00"
2019-05-15,2019051501012841,OHL,57,56,431,640.00,"275,840.00"
2019-05-15,2019051501012840,OHL,36,56,300,641.00,"192,300.00"
2019-05-15,2019051501012839,OHL,55,56,50,641.00,"32,050.00"
2019-05-15,2019051501013091,PCBL,39,17,291,377.00,"109,707.00"
2019-05-15,2019051501013090,PCBL,39,14,61,377.00,"22,997.00"
2019-05-15,2019051501012983,PCBL,32,56,127,376.00,"47,752.00"
2019-05-15,2019051501012982,PCBL,40,56,373,376.00,"140,248.00"
2019-05-15,2019051501012962,PCBL,42,14,500,377.00,"188,500.00"
2019-05-15,2019051501012779,PCBL,40,35,100,376.00,"37,600.00"
2019-05-15,2019051501012700,PCBL,19,14,64,377.00,"24,128.00"
2019-05-15,2019051501012699,PCBL,19,51,236,377.00,"88,972.00"
2019-05-15,2019051501012691,PCBL,45,51,100,377.00,"37,700.00"
2019-05-15,2019051501012673,PCBL,40,48,27,376.00,"10,152.00"
2019-05-15,2019051501012672,PCBL,40,48,100,376.00,"37,600.00"
2019-05-15,2019051501013099,PIC,36,33,12,"1,207.00","14,484.00"
2019-05-15,2019051501013058,PIC,8,5,100,"1,199.00","119,900.00"
2019-05-15,2019051501013038,PIC,57,39,276,"1,205.00","332,580.00"
2019-05-15,2019051501013037,PIC,57,40,200,"1,204.00","240,800.00"
2019-05-15,2019051501013030,PIC,29,5,50,"1,199.00","59,950.00"
2019-05-15,2019051501012919,PIC,8,54,100,"1,200.00","120,000.00"
2019-05-15,2019051501012767,PIC,8,54,300,"1,205.00","361,500.00"
2019-05-15,2019051501012757,PIC,57,40,180,"1,204.00","216,720.00"
2019-05-15,2019051501012756,PIC,57,39,100,"1,203.00","120,300.00"
2019-05-15,2019051501012724,PIC,29,5,50,"1,200.00","60,000.00"
2019-05-15,2019051501012900,PIC,57,54,100,"1,200.00","120,000.00"
2019-05-15,2019051501012899,PIC,41,54,100,"1,201.00","120,100.00"
2019-05-15,2019051501012782,PIC,57,6,11,"1,202.00","13,222.00"
2019-05-15,2019051501012781,PIC,57,5,25,"1,200.00","30,000.00"
2019-05-15,2019051501012775,PIC,18,5,25,"1,200.00","30,000.00"
2019-05-15,2019051501012768,PIC,8,21,100,"1,205.00","120,500.00"
2019-05-15,2019051501012749,PMHPL,56,44,10,109.00,"1,090.00"
2019-05-15,2019051501012713,PRIN,36,4,119,415.00,"49,385.00"
2019-05-15,2019051501012712,PRIN,41,4,100,415.00,"41,500.00"
2019-05-15,2019051501012711,PRIN,35,4,60,416.00,"24,960.00"
2019-05-15,2019051501012710,PRIN,58,4,100,416.00,"41,600.00"
2019-05-15,2019051501012709,PRIN,41,4,100,416.00,"41,600.00"
2019-05-15,2019051501012708,PRIN,17,4,33,416.00,"13,728.00"
2019-05-15,2019051501013033,PRVU,14,1,36,282.00,"10,152.00"
2019-05-15,2019051501012965,PRVU,58,54,440,283.00,"124,520.00"
2019-05-15,2019051501012964,PRVU,58,6,60,283.00,"16,980.00"
2019-05-15,2019051501012753,PRVU,32,41,500,282.00,"141,000.00"
2019-05-15,2019051501012794,PRVU,32,51,500,283.00,"141,500.00"
2019-05-15,2019051501012754,PRVU,14,41,250,282.00,"70,500.00"
2019-05-15,2019051501012963,PRVU,58,43,500,283.00,"141,500.00"
2019-05-15,2019051501012958,PRVU,14,55,500,282.00,"141,000.00"
2019-05-15,2019051501012869,PRVU,58,51,500,283.00,"141,500.00"
2019-05-15,2019051501013059,RBCL,10,39,10,"11,260.00","112,600.00"
2019-05-15,2019051501012717,SADBL,36,6,284,154.00,"43,736.00"
2019-05-15,2019051501013097,SANIMA,58,57,370,365.00,"135,050.00"
2019-05-15,2019051501013096,SANIMA,19,57,500,365.00,"182,500.00"
2019-05-15,2019051501013095,SANIMA,25,57,284,365.00,"103,660.00"
2019-05-15,2019051501013094,SANIMA,35,57,30,366.00,"10,980.00"
2019-05-15,2019051501013093,SANIMA,58,57,"1,000",366.00,"366,000.00"
2019-05-15,2019051501013092,SANIMA,19,57,916,366.00,"335,256.00"
2019-05-15,2019051501012674,SANIMA,47,44,60,366.00,"21,960.00"
2019-05-15,2019051501013023,SANIMA,19,7,84,366.00,"30,744.00"
2019-05-15,2019051501013022,SANIMA,47,7,416,366.00,"152,256.00"
2019-05-15,2019051501012999,SANIMA,47,22,313,366.00,"114,558.00"
2019-05-15,2019051501012727,SANIMA,25,43,100,367.00,"36,700.00"
2019-05-15,2019051501012726,SANIMA,25,14,200,367.00,"73,400.00"
2019-05-15,2019051501012715,SANIMA,19,14,300,367.00,"110,100.00"
2019-05-15,2019051501013026,SBI,48,56,"1,000",491.00,"491,000.00"
2019-05-15,2019051501013025,SBI,39,47,11,497.00,"5,467.00"
2019-05-15,2019051501013024,SBI,39,58,69,496.00,"34,224.00"
2019-05-15,2019051501013001,SBI,48,56,256,491.00,"125,696.00"
2019-05-15,2019051501013000,SBI,28,56,200,491.00,"98,200.00"
2019-05-15,2019051501012976,SBI,57,56,477,492.00,"234,684.00"
2019-05-15,2019051501012894,SBI,57,58,23,492.00,"11,316.00"
2019-05-15,2019051501012884,SBI,17,58,500,493.00,"246,500.00"
2019-05-15,2019051501012883,SBI,42,58,300,493.00,"147,900.00"
2019-05-15,2019051501012875,SBI,42,56,67,495.00,"33,165.00"
2019-05-15,2019051501012802,SBL,40,44,500,343.00,"171,500.00"
2019-05-15,2019051501012801,SBL,42,44,"1,000",343.00,"343,000.00"
2019-05-15,2019051501012800,SBL,25,44,200,343.00,"68,600.00"
2019-05-15,2019051501012799,SBL,34,44,547,343.00,"187,621.00"
2019-05-15,2019051501012984,SCB,6,36,30,695.00,"20,850.00"
2019-05-15,2019051501012681,SCB,44,37,20,693.00,"13,860.00"
2019-05-15,2019051501012973,SEF,5,22,"5,000",9.77,"48,850.00"
2019-05-15,2019051501013111,SHIVM,44,56,50,518.00,"25,900.00"
2019-05-15,2019051501013109,SHIVM,58,43,180,517.00,"93,060.00"
2019-05-15,2019051501013108,SHIVM,5,43,500,517.00,"258,500.00"
2019-05-15,2019051501013107,SHIVM,49,43,150,518.00,"77,700.00"
2019-05-15,2019051501013106,SHIVM,22,43,200,518.00,"103,600.00"
2019-05-15,2019051501013105,SHIVM,36,43,100,518.00,"51,800.00"
2019-05-15,2019051501012639,SHIVM,16,34,20,523.00,"10,460.00"
2019-05-15,2019051501012638,SHIVM,39,34,30,523.00,"15,690.00"
2019-05-15,2019051501012662,SHIVM,25,28,30,523.00,"15,690.00"
2019-05-15,2019051501012649,SHIVM,58,34,13,523.00,"6,799.00"
2019-05-15,2019051501012648,SHIVM,45,34,500,523.00,"261,500.00"
2019-05-15,2019051501012647,SHIVM,48,34,480,523.00,"251,040.00"
2019-05-15,2019051501012644,SHIVM,48,38,20,523.00,"10,460.00"
2019-05-15,2019051501012643,SHIVM,16,38,180,523.00,"94,140.00"
2019-05-15,2019051501012668,SHIVM,52,40,240,522.00,"125,280.00"
2019-05-15,2019051501012667,SHIVM,40,40,500,522.00,"261,000.00"
2019-05-15,2019051501012666,SHIVM,25,40,100,522.00,"52,200.00"
2019-05-15,2019051501012665,SHIVM,16,40,"1,000",522.00,"522,000.00"
2019-05-15,2019051501012664,SHIVM,49,40,100,522.00,"52,200.00"
2019-05-15,2019051501012663,SHIVM,46,40,500,522.00,"261,000.00"
2019-05-15,2019051501012693,SHIVM,34,38,100,521.00,"52,100.00"
2019-05-15,2019051501012692,SHIVM,55,38,170,521.00,"88,570.00"
2019-05-15,2019051501012690,SHIVM,55,57,50,521.00,"26,050.00"
2019-05-15,2019051501012687,SHIVM,25,49,50,523.00,"26,150.00"
2019-05-15,2019051501012686,SHIVM,55,21,80,521.00,"41,680.00"
2019-05-15,2019051501012680,SHIVM,41,50,40,521.00,"20,840.00"
2019-05-15,2019051501012729,SHIVM,5,42,70,520.00,"36,400.00"
2019-05-15,2019051501012728,SHIVM,32,42,150,521.00,"78,150.00"
2019-05-15,2019051501012722,SHIVM,32,39,50,521.00,"26,050.00"
2019-05-15,2019051501012696,SHIVM,5,38,130,520.00,"67,600.00"
2019-05-15,2019051501012695,SHIVM,46,38,500,520.00,"260,000.00"
2019-05-15,2019051501012694,SHIVM,50,38,100,521.00,"52,100.00"
2019-05-15,2019051501012798,SHIVM,39,37,10,521.00,"5,210.00"
2019-05-15,2019051501012786,SHIVM,46,44,100,528.00,"52,800.00"
2019-05-15,2019051501012783,SHIVM,42,25,50,522.00,"26,100.00"
2019-05-15,2019051501012746,SHIVM,25,39,50,521.00,"26,050.00"
2019-05-15,2019051501012731,SHIVM,58,42,20,520.00,"10,400.00"
2019-05-15,2019051501012730,SHIVM,22,42,100,520.00,"52,000.00"
2019-05-15,2019051501012855,SHIVM,39,57,10,521.00,"5,210.00"
2019-05-15,2019051501012854,SHIVM,50,57,40,522.00,"20,880.00"
2019-05-15,2019051501012823,SHIVM,50,57,50,522.00,"26,100.00"
2019-05-15,2019051501012816,SHIVM,50,11,10,522.00,"5,220.00"
2019-05-15,2019051501012815,SHIVM,40,11,50,522.00,"26,100.00"
2019-05-15,2019051501012805,SHIVM,40,42,100,522.00,"52,200.00"
2019-05-15,2019051501012887,SHIVM,52,37,50,521.00,"26,050.00"
2019-05-15,2019051501012865,SHIVM,52,11,70,521.00,"36,470.00"
2019-05-15,2019051501012864,SHIVM,19,11,30,521.00,"15,630.00"
2019-05-15,2019051501012863,SHIVM,39,3,100,525.00,"52,500.00"
2019-05-15,2019051501012861,SHIVM,19,11,20,521.00,"10,420.00"
2019-05-15,2019051501012860,SHIVM,39,11,30,521.00,"15,630.00"
2019-05-15,2019051501012921,SHIVM,57,21,30,521.00,"15,630.00"
2019-05-15,2019051501012903,SHIVM,57,5,20,521.00,"10,420.00"
2019-05-15,2019051501012902,SHIVM,45,5,180,521.00,"93,780.00"
2019-05-15,2019051501012898,SHIVM,45,42,100,521.00,"52,100.00"
2019-05-15,2019051501012897,SHIVM,45,37,20,521.00,"10,420.00"
2019-05-15,2019051501012896,SHIVM,52,37,80,521.00,"41,680.00"
2019-05-15,2019051501012939,SHIVM,10,22,200,520.00,"104,000.00"
2019-05-15,2019051501012938,SHIVM,26,22,50,520.00,"26,000.00"
2019-05-15,2019051501012937,SHIVM,38,22,20,520.00,"10,400.00"
2019-05-15,2019051501012936,SHIVM,58,22,180,520.00,"93,600.00"
2019-05-15,2019051501012935,SHIVM,42,22,30,521.00,"15,630.00"
2019-05-15,2019051501012922,SHIVM,42,21,20,521.00,"10,420.00"
2019-05-15,2019051501012996,SHIVM,19,21,50,520.00,"26,000.00"
2019-05-15,2019051501012995,SHIVM,19,1,250,520.00,"130,000.00"
2019-05-15,2019051501012994,SHIVM,19,47,10,520.00,"5,200.00"
2019-05-15,2019051501012959,SHIVM,41,47,90,520.00,"46,800.00"
2019-05-15,2019051501012941,SHIVM,41,22,10,520.00,"5,200.00"
2019-05-15,2019051501012940,SHIVM,40,22,10,520.00,"5,200.00"
2019-05-15,2019051501013010,SHIVM,14,3,100,519.00,"51,900.00"
2019-05-15,2019051501013009,SHIVM,50,3,100,519.00,"51,900.00"
2019-05-15,2019051501013008,SHIVM,29,3,40,520.00,"20,800.00"
2019-05-15,2019051501013002,SHIVM,29,47,60,520.00,"31,200.00"
2019-05-15,2019051501012998,SHIVM,19,47,40,520.00,"20,800.00"
2019-05-15,2019051501012997,SHIVM,19,34,150,520.00,"78,000.00"
2019-05-15,2019051501013071,SHIVM,37,3,50,520.00,"26,000.00"
2019-05-15,2019051501013065,SHIVM,38,14,10,522.00,"5,220.00"
2019-05-15,2019051501013039,SHIVM,22,34,150,518.00,"77,700.00"
2019-05-15,2019051501013036,SHIVM,16,11,50,518.00,"25,900.00"
2019-05-15,2019051501013032,SHIVM,25,7,50,520.00,"26,000.00"
2019-05-15,2019051501013011,SHIVM,44,3,760,518.00,"393,680.00"
2019-05-15,2019051501013104,SHIVM,22,43,200,518.00,"103,600.00"
2019-05-15,2019051501013103,SHIVM,42,43,50,518.00,"25,900.00"
2019-05-15,2019051501013102,SHIVM,52,43,20,518.00,"10,360.00"
2019-05-15,2019051501013076,SHIVM,52,22,30,518.00,"15,540.00"
2019-05-15,2019051501013073,SHIVM,52,42,50,518.00,"25,900.00"
2019-05-15,2019051501013072,SHIVM,22,42,50,518.00,"25,900.00"
2019-05-15,2019051501013014,SHL,45,19,"1,000",242.00,"242,000.00"
2019-05-15,2019051501012655,SHL,17,59,112,246.00,"27,552.00"
2019-05-15,2019051501012654,SHL,17,11,100,246.00,"24,600.00"
2019-05-15,2019051501012653,SHL,17,54,100,245.00,"24,500.00"
2019-05-15,2019051501012735,SHPC,43,14,129,266.00,"34,314.00"
2019-05-15,2019051501012661,SIL,34,5,101,597.00,"60,297.00"
2019-05-15,2019051501012660,SIL,41,5,20,598.00,"11,960.00"
2019-05-15,2019051501012659,SIL,37,5,150,598.00,"89,700.00"
2019-05-15,2019051501012658,SIL,41,5,90,599.00,"53,910.00"
2019-05-15,2019051501012657,SIL,33,5,339,599.00,"203,061.00"
2019-05-15,2019051501012862,SKBBL,5,52,15,"1,005.00","15,075.00"
2019-05-15,2019051501013089,SLBBL,43,21,15,482.00,"7,230.00"
2019-05-15,2019051501013088,SLBBL,1,21,57,483.00,"27,531.00"
2019-05-15,2019051501013087,SLBBL,16,21,36,483.00,"17,388.00"
2019-05-15,2019051501013074,SLBSL,43,21,10,575.00,"5,750.00"
2019-05-15,2019051501013069,SLBSL,43,55,10,580.00,"5,800.00"
2019-05-15,2019051501012701,SLBSL,43,5,10,575.00,"5,750.00"
2019-05-15,2019051501013081,SLICL,44,34,189,601.00,"113,589.00"
2019-05-15,2019051501013080,SLICL,17,34,500,602.00,"301,000.00"
2019-05-15,2019051501012907,SLICL,44,19,586,601.00,"352,186.00"
2019-05-15,2019051501012906,SLICL,25,19,50,602.00,"30,100.00"
2019-05-15,2019051501012905,SLICL,52,19,50,602.00,"30,100.00"
2019-05-15,2019051501012904,SLICL,32,19,125,602.00,"75,250.00"
2019-05-15,2019051501012793,SLICL,32,4,365,602.00,"219,730.00"
2019-05-15,2019051501012755,SLICL,32,41,10,602.00,"6,020.00"
2019-05-15,2019051501012640,SLICL,58,35,200,602.00,"120,400.00"
2019-05-15,2019051501012651,SPDL,55,28,147,92.00,"13,524.00"
2019-05-15,2019051501013082,SRBL,58,38,291,259.00,"75,369.00"
2019-05-15,2019051501012807,SRBL,58,59,200,259.00,"51,800.00"
2019-05-15,2019051501012752,SRBL,58,57,312,259.00,"80,808.00"
2019-05-15,2019051501012641,SRBL,6,36,797,259.00,"206,423.00"
2019-05-15,2019051501012972,SWBBL,44,41,10,908.00,"9,080.00"
2019-05-15,2019051501012920,SWBBL,44,6,180,910.00,"163,800.00"
2019-05-15,2019051501013048,TRH,49,49,10,255.00,"2,550.00"
2019-05-15,2019051501012911,TRH,36,44,300,250.00,"75,000.00"
2019-05-15,2019051501012881,TRH,35,44,500,250.00,"125,000.00"
2019-05-15,2019051501012780,TRH,19,44,200,250.00,"50,000.00"
2019-05-15,2019051501012652,TRH,5,44,"1,000",254.00,"254,000.00"
2019-05-15,2019051501012851,UIC,17,21,180,965.00,"173,700.00"
2019-05-15,2019051501012850,UIC,17,21,20,965.00,"19,300.00"
2019-05-15,2019051501012954,UPCL,46,39,50,95.00,"4,750.00"
2019-05-15,2019051501012953,UPCL,46,14,50,95.00,"4,750.00"
2019-05-15,2019051501012952,UPCL,46,58,50,95.00,"4,750.00"
2019-05-15,2019051501012951,UPCL,46,54,100,95.00,"9,500.00"
2019-05-15,2019051501012950,UPCL,46,40,50,95.00,"4,750.00"
2019-05-15,2019051501012949,UPCL,46,40,50,95.00,"4,750.00"
2019-05-15,2019051501012948,UPCL,46,14,50,95.00,"4,750.00"
2019-05-15,2019051501012947,UPCL,46,32,100,95.00,"9,500.00"
2019-05-15,2019051501013043,UPPER,1,57,50,247.00,"12,350.00"
2019-05-15,2019051501013005,UPPER,1,45,40,247.00,"9,880.00"
2019-05-15,2019051501012977,UPPER,1,57,40,247.00,"9,880.00"
2019-05-15,2019051501012966,UPPER,1,34,40,247.00,"9,880.00"
2019-05-15,2019051501012929,UPPER,1,57,50,247.00,"12,350.00"
2019-05-15,2019051501012880,UPPER,1,34,40,247.00,"9,880.00"
2019-05-15,2019051501012721,UPPER,1,38,40,247.00,"9,880.00"
2019-05-15,2019051501012685,UPPER,1,14,40,247.00,"9,880.00"
2019-05-15,2019051501012524,ADBL,32,57,300,434.00,"130,200.00"
2019-05-15,2019051501012484,ADBL,32,59,100,434.00,"43,400.00"
2019-05-15,2019051501012377,ADBL,32,22,28,434.00,"12,152.00"
2019-05-15,2019051501012328,ADBL,6,16,105,433.00,"45,465.00"
2019-05-15,2019051501012327,ADBL,6,32,150,433.00,"64,950.00"
2019-05-15,2019051501012250,ADBL,6,38,500,433.00,"216,500.00"
2019-05-15,2019051501012143,ADBL,6,21,10,433.00,"4,330.00"
2019-05-15,2019051501012613,AHPC,36,51,245,107.00,"26,215.00"
2019-05-15,2019051501012612,AHPC,21,51,10,107.00,"1,070.00"
2019-05-15,2019051501012527,ALBSL,57,45,80,464.00,"37,120.00"
2019-05-15,2019051501012498,ALBSL,57,35,90,464.00,"41,760.00"
2019-05-15,2019051501012486,ALBSL,57,45,10,464.00,"4,640.00"
2019-05-15,2019051501012572,ALICL,17,52,140,445.00,"62,300.00"
2019-05-15,2019051501012463,AMFI,7,28,10,570.00,"5,700.00"
2019-05-15,2019051501012462,AMFI,18,28,10,575.00,"5,750.00"
2019-05-15,2019051501012586,API,25,58,18,144.00,"2,592.00"
2019-05-15,2019051501012585,API,25,56,102,143.00,"14,586.00"
2019-05-15,2019051501012626,BOKL,52,46,30,280.00,"8,400.00"
2019-05-15,2019051501012260,BOKL,33,49,15,281.00,"4,215.00"
2019-05-15,2019051501012259,BOKL,33,52,485,281.00,"136,285.00"
2019-05-15,2019051501012386,BPCL,39,58,690,390.00,"269,100.00"
2019-05-15,2019051501012376,BPCL,39,13,172,390.00,"67,080.00"
2019-05-15,2019051501012365,BPCL,39,52,55,390.00,"21,450.00"
2019-05-15,2019051501012355,BPCL,39,44,33,390.00,"12,870.00"
2019-05-15,2019051501012353,BPCL,39,58,50,390.00,"19,500.00"
2019-05-15,2019051501012336,BPCL,57,44,33,389.00,"12,837.00"
2019-05-15,2019051501012282,BPCL,35,58,20,390.00,"7,800.00"
2019-05-15,2019051501012576,CBL,56,22,50,150.00,"7,500.00"
2019-05-15,2019051501012467,CBL,56,32,988,150.00,"148,200.00"
2019-05-15,2019051501012411,CBL,56,32,"1,480",150.00,"222,000.00"
2019-05-15,2019051501012410,CBL,22,32,663,150.00,"99,450.00"
2019-05-15,2019051501012409,CBL,6,32,500,150.00,"75,000.00"
2019-05-15,2019051501012408,CBL,6,32,500,150.00,"75,000.00"
2019-05-15,2019051501012158,CBL,52,43,168,150.00,"25,200.00"
2019-05-15,2019051501012157,CBL,17,43,100,150.00,"15,000.00"
2019-05-15,2019051501012156,CBL,14,43,732,150.00,"109,800.00"
2019-05-15,2019051501012401,CBL,57,32,200,150.00,"30,000.00"
2019-05-15,2019051501012400,CBL,6,32,"2,000",150.00,"300,000.00"
2019-05-15,2019051501012399,CBL,34,32,"1,500",150.00,"225,000.00"
2019-05-15,2019051501012398,CBL,34,32,952,150.00,"142,800.00"
2019-05-15,2019051501012364,CBL,34,51,48,150.00,"7,200.00"
2019-05-15,2019051501012363,CBL,52,51,52,150.00,"7,800.00"
2019-05-15,2019051501012407,CBL,56,32,25,150.00,"3,750.00"
2019-05-15,2019051501012406,CBL,56,32,180,150.00,"27,000.00"
2019-05-15,2019051501012405,CBL,11,32,200,150.00,"30,000.00"
2019-05-15,2019051501012404,CBL,1,32,"1,000",150.00,"150,000.00"
2019-05-15,2019051501012403,CBL,6,32,500,150.00,"75,000.00"
2019-05-15,2019051501012402,CBL,17,32,300,150.00,"45,000.00"
2019-05-15,2019051501012609,CCBL,34,25,902,171.00,"154,242.00"
2019-05-15,2019051501012608,CCBL,52,25,"1,000",171.00,"171,000.00"
2019-05-15,2019051501012607,CCBL,49,25,798,171.00,"136,458.00"
2019-05-15,2019051501012525,CCBL,35,38,98,172.00,"16,856.00"
2019-05-15,2019051501012501,CCBL,49,45,51,171.00,"8,721.00"
2019-05-15,2019051501012419,CCBL,49,59,151,171.00,"25,821.00"
2019-05-15,2019051501012418,CCBL,52,59,500,171.00,"85,500.00"
2019-05-15,2019051501012417,CCBL,17,59,493,171.00,"84,303.00"
2019-05-15,2019051501012385,CCBL,17,16,35,171.00,"5,985.00"
2019-05-15,2019051501012246,CCBL,17,8,"1,050",171.00,"179,550.00"
2019-05-15,2019051501012167,CCBL,17,10,167,171.00,"28,557.00"
2019-05-15,2019051501012627,CFCL,28,22,600,113.00,"67,800.00"
2019-05-15,2019051501012412,CHCL,35,57,48,529.00,"25,392.00"
2019-05-15,2019051501012371,CHCL,44,52,50,530.00,"26,500.00"
2019-05-15,2019051501012370,CHCL,1,52,25,530.00,"13,250.00"
2019-05-15,2019051501012369,CHCL,42,52,10,530.00,"5,300.00"
2019-05-15,2019051501012587,CHLBS,25,44,10,460.00,"4,600.00"
2019-05-15,2019051501012551,CHLBS,33,6,10,460.00,"4,600.00"
2019-05-15,2019051501012514,CHLBS,49,47,10,457.00,"4,570.00"
2019-05-15,2019051501012190,CHLBS,49,5,110,457.00,"50,270.00"
2019-05-15,2019051501012189,CHLBS,35,5,50,457.00,"22,850.00"
2019-05-15,2019051501012573,CIT,55,4,33,"2,647.00","87,351.00"
2019-05-15,2019051501012256,CZBIL,28,56,500,233.00,"116,500.00"
2019-05-15,2019051501012519,DBBL,32,16,347,143.00,"49,621.00"
2019-05-15,2019051501012496,DBBL,58,16,"1,000",143.00,"143,000.00"
2019-05-15,2019051501012397,DBBL,40,48,"15,296",143.00,"2,187,328.00"
2019-05-15,2019051501012237,DBBL,54,39,500,142.00,"71,000.00"
2019-05-15,2019051501012600,DDBL,35,4,49,747.00,"36,603.00"
2019-05-15,2019051501012616,EBL,17,46,20,677.00,"13,540.00"
2019-05-15,2019051501012330,EIC,35,49,20,429.00,"8,580.00"
2019-05-15,2019051501012624,GBBL,45,49,50,230.00,"11,500.00"
2019-05-15,2019051501012589,GBBL,58,42,500,231.00,"115,500.00"
2019-05-15,2019051501012588,GBBL,58,45,379,231.00,"87,549.00"
2019-05-15,2019051501012577,GBBL,45,37,797,230.00,"183,310.00"
2019-05-15,2019051501012555,GBBL,45,57,600,230.00,"138,000.00"
2019-05-15,2019051501012508,GBBL,45,39,127,230.00,"29,210.00"
2019-05-15,2019051501012239,GBBL,50,49,500,231.00,"115,500.00"
2019-05-15,2019051501012136,GBBL,45,25,467,230.00,"107,410.00"
2019-05-15,2019051501012135,GBBL,50,25,33,230.00,"7,590.00"
2019-05-15,2019051501012305,GDBL,17,25,300,217.00,"65,100.00"
2019-05-15,2019051501012304,GDBL,58,25,44,217.00,"9,548.00"
2019-05-15,2019051501012350,GILB,38,19,100,"1,311.00","131,100.00"
2019-05-15,2019051501012348,GILB,38,42,19,"1,311.00","24,909.00"
2019-05-15,2019051501012457,GLICL,5,40,121,583.00,"70,543.00"
2019-05-15,2019051501012456,GLICL,5,43,28,583.00,"16,324.00"
2019-05-15,2019051501012455,GLICL,5,48,11,583.00,"6,413.00"
2019-05-15,2019051501012454,GLICL,5,47,100,582.00,"58,200.00"
2019-05-15,2019051501012453,GLICL,5,57,50,582.00,"29,100.00"
2019-05-15,2019051501012452,GLICL,5,46,100,582.00,"58,200.00"
2019-05-15,2019051501012451,GLICL,5,52,90,580.00,"52,200.00"
2019-05-15,2019051501012469,HBL,52,52,6,604.00,"3,624.00"
2019-05-15,2019051501012436,HBL,58,33,30,616.00,"18,480.00"
2019-05-15,2019051501012382,HBL,58,33,70,616.00,"43,120.00"
2019-05-15,2019051501012357,HBL,58,55,100,620.00,"62,000.00"
2019-05-15,2019051501012303,HBL,56,3,300,617.00,"185,100.00"
2019-05-15,2019051501012302,HBL,10,3,200,617.00,"123,400.00"
2019-05-15,2019051501012445,HDL,45,58,10,"1,900.00","19,000.00"
2019-05-15,2019051501012391,HDL,45,19,40,"1,900.00","76,000.00"
2019-05-15,2019051501012183,HGI,21,56,127,390.00,"49,530.00"
2019-05-15,2019051501012182,HGI,33,56,156,390.00,"60,840.00"
2019-05-15,2019051501012615,HIDCL,33,6,13,162.00,"2,106.00"
2019-05-15,2019051501012614,HIDCL,33,6,12,162.00,"1,944.00"
2019-05-15,2019051501012528,HPPL,36,45,10,181.00,"1,810.00"
2019-05-15,2019051501012216,HPPL,45,35,25,183.00,"4,575.00"
2019-05-15,2019051501012215,HPPL,45,56,170,183.00,"31,110.00"
2019-05-15,2019051501012214,HPPL,45,21,80,182.00,"14,560.00"
2019-05-15,2019051501012213,HPPL,45,38,10,182.00,"1,820.00"
2019-05-15,2019051501012565,ICFC,42,4,605,156.00,"94,380.00"
2019-05-15,2019051501012520,ICFC,42,51,106,156.00,"16,536.00"
2019-05-15,2019051501012389,JBNL,5,22,500,207.00,"103,500.00"
2019-05-15,2019051501012388,JBNL,5,48,840,207.00,"173,880.00"
2019-05-15,2019051501012387,JBNL,5,25,494,207.00,"102,258.00"
2019-05-15,2019051501012317,JBNL,50,6,400,206.00,"82,400.00"
2019-05-15,2019051501012252,JBNL,5,48,160,207.00,"33,120.00"
2019-05-15,2019051501012251,JBNL,5,57,40,207.00,"8,280.00"
2019-05-15,2019051501012244,JBNL,50,13,94,206.00,"19,364.00"
2019-05-15,2019051501012611,KBL,53,5,250,223.00,"55,750.00"
2019-05-15,2019051501012567,KBL,49,26,513,222.00,"113,886.00"
2019-05-15,2019051501012439,KBL,49,51,50,222.00,"11,100.00"
2019-05-15,2019051501012359,KBL,25,42,500,223.00,"111,500.00"
2019-05-15,2019051501012537,KNBL,22,21,50,142.00,"7,100.00"
2019-05-15,2019051501012513,KPCL,1,45,10,91.00,910.00
2019-05-15,2019051501012281,KPCL,1,16,10,91.00,910.00
2019-05-15,2019051501012368,KRBL,22,51,"1,000",100.00,"100,000.00"
2019-05-15,2019051501012367,KRBL,52,51,306,100.00,"30,600.00"
2019-05-15,2019051501012545,KSBBL,32,54,349,153.00,"53,397.00"
2019-05-15,2019051501012544,KSBBL,32,33,88,153.00,"13,464.00"
2019-05-15,2019051501012375,LBL,56,5,401,229.00,"91,829.00"
2019-05-15,2019051501012242,LBL,56,35,99,229.00,"22,671.00"
2019-05-15,2019051501012141,LBL,13,35,49,229.00,"11,221.00"
2019-05-15,2019051501012352,LLBS,32,32,100,775.00,"77,500.00"
2019-05-15,2019051501012272,MDB,25,4,200,260.00,"52,000.00"
2019-05-15,2019051501012634,MEGA,33,29,317,200.00,"63,400.00"
2019-05-15,2019051501012575,MEGA,48,29,500,200.00,"100,000.00"
2019-05-15,2019051501012560,MEGA,33,4,100,199.00,"19,900.00"
2019-05-15,2019051501012464,MEGA,22,29,200,200.00,"40,000.00"
2019-05-15,2019051501012294,MEGA,57,29,500,200.00,"100,000.00"
2019-05-15,2019051501012236,MEGA,33,28,497,199.00,"98,903.00"
2019-05-15,2019051501012169,MEGA,33,29,271,200.00,"54,200.00"
2019-05-15,2019051501012168,MEGA,33,26,229,200.00,"45,800.00"
2019-05-15,2019051501012235,MEGA,29,28,353,199.00,"70,247.00"
2019-05-15,2019051501012174,MEGA,29,28,147,199.00,"29,253.00"
2019-05-15,2019051501012173,MEGA,42,28,200,199.00,"39,800.00"
2019-05-15,2019051501012172,MEGA,21,28,20,199.00,"3,980.00"
2019-05-15,2019051501012171,MEGA,35,28,100,199.00,"19,900.00"
2019-05-15,2019051501012170,MEGA,58,28,533,199.00,"106,067.00"
2019-05-15,2019051501012258,MERO,19,1,50,635.00,"31,750.00"
2019-05-15,2019051501012150,MFIL,17,55,93,115.00,"10,695.00"
2019-05-15,2019051501012149,MFIL,41,55,17,115.00,"1,955.00"
2019-05-15,2019051501012152,MHNL,35,16,20,89.00,"1,780.00"
2019-05-15,2019051501012315,MLBL,37,52,30,194.00,"5,820.00"
2019-05-15,2019051501012269,MNBBL,4,49,100,385.00,"38,500.00"
2019-05-15,2019051501012178,MNBBL,4,49,341,385.00,"131,285.00"
2019-05-15,2019051501012177,MNBBL,46,49,100,385.00,"38,500.00"
2019-05-15,2019051501012176,MNBBL,32,49,59,385.00,"22,715.00"
2019-05-15,2019051501012249,NABIL,45,49,50,852.00,"42,600.00"
2019-05-15,2019051501012145,NADEP,43,7,30,492.00,"14,760.00"
2019-05-15,2019051501012144,NADEP,22,7,100,493.00,"49,300.00"
2019-05-15,2019051501012146,NADEP,25,7,85,492.00,"41,820.00"
2019-05-15,2019051501012468,NBB,6,48,72,231.00,"16,632.00"
2019-05-15,2019051501012384,NBB,6,40,25,231.00,"5,775.00"
2019-05-15,2019051501012383,NBB,58,40,185,231.00,"42,735.00"
2019-05-15,2019051501012332,NBB,58,14,115,231.00,"26,565.00"
2019-05-15,2019051501012331,NBB,54,14,65,231.00,"15,015.00"
2019-05-15,2019051501012604,NBL,26,10,300,317.00,"95,100.00"
2019-05-15,2019051501012578,NBL,14,4,"1,000",318.00,"318,000.00"
2019-05-15,2019051501012554,NBL,21,4,"1,000",318.00,"318,000.00"
2019-05-15,2019051501012497,NBL,43,4,200,318.00,"63,600.00"
2019-05-15,2019051501012450,NBL,56,4,30,318.00,"9,540.00"
2019-05-15,2019051501012440,NBL,26,48,340,317.00,"107,780.00"
2019-05-15,2019051501012271,NBL,4,4,"1,000",318.00,"318,000.00"
2019-05-15,2019051501012243,NBL,26,4,500,318.00,"159,000.00"
2019-05-15,2019051501012437,NBL,59,4,100,318.00,"31,800.00"
2019-05-15,2019051501012414,NBL,25,4,500,318.00,"159,000.00"
2019-05-15,2019051501012358,NBL,59,4,50,318.00,"15,900.00"
2019-05-15,2019051501012343,NBL,59,4,100,318.00,"31,800.00"
2019-05-15,2019051501012323,NBL,49,4,"1,500",318.00,"477,000.00"
2019-05-15,2019051501012297,NBL,21,4,100,318.00,"31,800.00"
2019-05-15,2019051501012625,NCCB,50,56,100,261.00,"26,100.00"
2019-05-15,2019051501012523,NCCB,1,56,20,261.00,"5,220.00"
2019-05-15,2019051501012495,NCCB,37,39,474,260.00,"123,240.00"
2019-05-15,2019051501012494,NCCB,20,39,50,260.00,"13,000.00"
2019-05-15,2019051501012493,NCCB,36,39,476,260.00,"123,760.00"
2019-05-15,2019051501012396,NCCB,36,48,24,260.00,"6,240.00"
2019-05-15,2019051501012161,NCCB,16,8,300,260.00,"78,000.00"
2019-05-15,2019051501012160,NCCB,48,8,250,260.00,"65,000.00"
2019-05-15,2019051501012159,NCCB,59,8,500,260.00,"130,000.00"
2019-05-15,2019051501012154,NCCB,34,36,200,261.00,"52,200.00"
2019-05-15,2019051501012142,NCCB,22,36,100,261.00,"26,100.00"
2019-05-15,2019051501012309,NCCB,26,36,500,261.00,"130,500.00"
2019-05-15,2019051501012273,NCCB,5,36,200,261.00,"52,200.00"
2019-05-15,2019051501012240,NCCB,16,36,500,261.00,"130,500.00"
2019-05-15,2019051501012232,NCCB,55,36,50,261.00,"13,050.00"
2019-05-15,2019051501012175,NCCB,16,34,60,260.00,"15,600.00"
2019-05-15,2019051501012162,NCCB,16,8,264,260.00,"68,640.00"
2019-05-15,2019051501012395,NCCB,50,48,100,260.00,"26,000.00"
2019-05-15,2019051501012394,NCCB,38,48,200,260.00,"52,000.00"
2019-05-15,2019051501012393,NCCB,16,48,176,260.00,"45,760.00"
2019-05-15,2019051501012320,NCCB,50,4,950,261.00,"247,950.00"
2019-05-15,2019051501012319,NCCB,50,36,50,261.00,"13,050.00"
2019-05-15,2019051501012312,NCCB,21,36,300,261.00,"78,300.00"
2019-05-15,2019051501012610,NGPL,16,45,11,117.00,"1,287.00"
2019-05-15,2019051501012241,NHPC,25,38,170,68.00,"11,560.00"
2019-05-15,2019051501012416,NIB,6,38,10,550.00,"5,500.00"
2019-05-15,2019051501012354,NIB,1,55,44,549.00,"24,156.00"
2019-05-15,2019051501012278,NIBPO,32,52,45,516.00,"23,220.00"
2019-05-15,2019051501012277,NIBPO,35,52,30,516.00,"15,480.00"
2019-05-15,2019051501012276,NIBPO,44,52,50,517.00,"25,850.00"
2019-05-15,2019051501012275,NIBPO,44,52,50,517.00,"25,850.00"
2019-05-15,2019051501012274,NIBPO,46,52,25,518.00,"12,950.00"
2019-05-15,2019051501012633,NICA,28,36,144,492.00,"70,848.00"
2019-05-15,2019051501012632,NICA,55,36,"1,000",492.00,"492,000.00"
2019-05-15,2019051501012631,NICA,7,36,500,492.00,"246,000.00"
2019-05-15,2019051501012630,NICA,17,36,"1,000",492.00,"492,000.00"
2019-05-15,2019051501012629,NICA,21,36,200,493.00,"98,600.00"
2019-05-15,2019051501012628,NICA,38,36,56,493.00,"27,608.00"
2019-05-15,2019051501012594,NICA,38,33,90,493.00,"44,370.00"
2019-05-15,2019051501012593,NICA,1,33,10,494.00,"4,940.00"
2019-05-15,2019051501012233,NICA,38,49,500,493.00,"246,500.00"
2019-05-15,2019051501012218,NICA,38,8,254,493.00,"125,222.00"
2019-05-15,2019051501012217,NICA,49,8,846,493.00,"417,078.00"
2019-05-15,2019051501012483,NICL,42,16,34,400.00,"13,600.00"
2019-05-15,2019051501012482,NICL,29,16,500,400.00,"200,000.00"
2019-05-15,2019051501012481,NICL,8,16,66,401.00,"26,466.00"
2019-05-15,2019051501012381,NICL,8,19,434,401.00,"174,034.00"
2019-05-15,2019051501012380,NICL,8,19,500,401.00,"200,500.00"
2019-05-15,2019051501012379,NICL,1,19,566,401.00,"226,966.00"
2019-05-15,2019051501012505,NIL,41,35,30,525.00,"15,750.00"
2019-05-15,2019051501012504,NIL,59,35,370,525.00,"194,250.00"
2019-05-15,2019051501012485,NIL,16,38,100,527.00,"52,700.00"
2019-05-15,2019051501012433,NIL,59,22,390,525.00,"204,750.00"
2019-05-15,2019051501012432,NIL,34,22,120,525.00,"63,000.00"
2019-05-15,2019051501012431,NIL,43,22,20,525.00,"10,500.00"
2019-05-15,2019051501012188,NIL,55,38,"1,000",526.00,"526,000.00"
2019-05-15,2019051501012187,NIL,48,38,100,526.00,"52,600.00"
2019-05-15,2019051501012186,NIL,34,38,100,526.00,"52,600.00"
2019-05-15,2019051501012185,NIL,8,38,150,526.00,"78,900.00"
2019-05-15,2019051501012347,NIL,34,45,20,525.00,"10,500.00"
2019-05-15,2019051501012346,NIL,16,45,50,525.00,"26,250.00"
2019-05-15,2019051501012345,NIL,34,45,130,525.00,"68,250.00"
2019-05-15,2019051501012344,NIL,55,45,100,525.00,"52,500.00"
2019-05-15,2019051501012430,NIL,35,22,100,525.00,"52,500.00"
2019-05-15,2019051501012429,NIL,43,22,80,525.00,"42,000.00"
2019-05-15,2019051501012428,NIL,43,22,50,525.00,"26,250.00"
2019-05-15,2019051501012427,NIL,43,22,50,525.00,"26,250.00"
2019-05-15,2019051501012426,NIL,43,22,30,525.00,"15,750.00"
2019-05-15,2019051501012425,NIL,34,22,160,525.00,"84,000.00"
2019-05-15,2019051501012335,NLBBL,56,49,104,531.00,"55,224.00"
2019-05-15,2019051501012334,NLBBL,6,49,100,531.00,"53,100.00"
2019-05-15,2019051501012333,NLBBL,32,49,74,534.00,"39,516.00"
2019-05-15,2019051501012500,NLIC,42,16,17,962.00,"16,354.00"
2019-05-15,2019051501012155,NLIC,42,55,17,962.00,"16,354.00"
2019-05-15,2019051501012591,NLICL,55,57,139,670.00,"93,130.00"
2019-05-15,2019051501012444,NLICL,55,20,134,670.00,"89,780.00"
2019-05-15,2019051501012443,NLICL,21,20,66,671.00,"44,286.00"
2019-05-15,2019051501012329,NLICL,21,22,144,671.00,"96,624.00"
2019-05-15,2019051501012318,NLICL,35,22,389,672.00,"261,408.00"
2019-05-15,2019051501012301,NLICL,35,8,111,672.00,"74,592.00"
2019-05-15,2019051501012300,NLICL,19,8,76,673.00,"51,148.00"
2019-05-15,2019051501012296,NLICL,19,49,124,673.00,"83,452.00"
2019-05-15,2019051501012295,NLICL,39,49,76,673.00,"51,148.00"
2019-05-15,2019051501012255,NLICL,39,45,24,673.00,"16,152.00"
2019-05-15,2019051501012254,NLICL,42,45,33,673.00,"22,209.00"
2019-05-15,2019051501012253,NLICL,8,45,18,673.00,"12,114.00"
2019-05-15,2019051501012602,NMB,55,36,270,387.00,"104,490.00"
2019-05-15,2019051501012601,NMB,1,36,46,387.00,"17,802.00"
2019-05-15,2019051501012550,NMB,1,26,265,387.00,"102,555.00"
2019-05-15,2019051501012549,NMB,48,26,100,387.00,"38,700.00"
2019-05-15,2019051501012548,NMB,49,26,11,387.00,"4,257.00"
2019-05-15,2019051501012529,NMB,49,16,12,387.00,"4,644.00"
2019-05-15,2019051501012283,NMB,49,4,799,388.00,"310,012.00"
2019-05-15,2019051501012435,NMB,14,14,"25,907",388.00,"10,051,916.00"
2019-05-15,2019051501012306,NMB,49,4,177,387.00,"68,499.00"
2019-05-15,2019051501012292,NMB,14,4,587,388.00,"227,756.00"
2019-05-15,2019051501012286,NMB,14,1,313,388.00,"121,444.00"
2019-05-15,2019051501012285,NMB,48,1,319,388.00,"123,772.00"
2019-05-15,2019051501012284,NMB,48,4,181,388.00,"70,228.00"
2019-05-15,2019051501012522,NMBSF1,22,35,"10,800",10.72,"115,776.00"
2019-05-15,2019051501012506,NMBSF1,21,35,"5,000",10.75,"53,750.00"
2019-05-15,2019051501012568,NSEWA,45,8,10,459.00,"4,590.00"
2019-05-15,2019051501012559,NSEWA,11,45,30,460.00,"13,800.00"
2019-05-15,2019051501012461,NSEWA,14,45,100,460.00,"46,000.00"
2019-05-15,2019051501012460,NSEWA,1,45,10,461.00,"4,610.00"
2019-05-15,2019051501012413,NSEWA,1,21,10,461.00,"4,610.00"
2019-05-15,2019051501012571,NTC,33,44,10,725.00,"7,250.00"
2019-05-15,2019051501012322,OHL,42,43,500,654.00,"327,000.00"
2019-05-15,2019051501012321,OHL,42,32,50,653.00,"32,650.00"
2019-05-15,2019051501012374,PCBL,54,17,200,377.00,"75,400.00"
2019-05-15,2019051501012373,PCBL,52,17,50,378.00,"18,900.00"
2019-05-15,2019051501012270,PCBL,32,14,55,379.00,"20,845.00"
2019-05-15,2019051501012268,PCBL,41,51,40,377.00,"15,080.00"
2019-05-15,2019051501012267,PCBL,14,51,300,377.00,"113,100.00"
2019-05-15,2019051501012266,PCBL,56,51,100,377.00,"37,700.00"
2019-05-15,2019051501012265,PCBL,14,51,259,377.00,"97,643.00"
2019-05-15,2019051501012492,PFL,1,32,39,137.00,"5,343.00"
2019-05-15,2019051501012592,PIC,37,39,1,"1,210.00","1,210.00"
2019-05-15,2019051501012553,PIC,33,50,20,"1,203.00","24,060.00"
2019-05-15,2019051501012422,PIC,42,40,20,"1,204.00","24,080.00"
2019-05-15,2019051501012361,PIC,57,16,11,"1,197.00","13,167.00"
2019-05-15,2019051501012290,PIC,57,19,115,"1,197.00","137,655.00"
2019-05-15,2019051501012289,PIC,33,19,290,"1,198.00","347,420.00"
2019-05-15,2019051501012288,PIC,59,19,50,"1,199.00","59,950.00"
2019-05-15,2019051501012257,PIC,57,6,11,"1,200.00","13,200.00"
2019-05-15,2019051501012234,PIC,39,6,100,"1,204.00","120,400.00"
2019-05-15,2019051501012499,PICL,6,6,85,732.00,"62,220.00"
2019-05-15,2019051501012415,PLIC,44,10,100,486.00,"48,600.00"
2019-05-15,2019051501012619,PMHPL,56,45,10,109.00,"1,090.00"
2019-05-15,2019051501012557,PMHPL,56,14,10,109.00,"1,090.00"
2019-05-15,2019051501012151,PMHPL,56,36,950,110.00,"104,500.00"
2019-05-15,2019051501012140,PMHPL,32,48,10,109.00,"1,090.00"
2019-05-15,2019051501012342,PRIN,17,58,67,416.00,"27,872.00"
2019-05-15,2019051501012341,PRIN,43,58,10,416.00,"4,160.00"
2019-05-15,2019051501012340,PRIN,7,58,189,416.00,"78,624.00"
2019-05-15,2019051501012339,PRIN,58,58,294,417.00,"122,598.00"
2019-05-15,2019051501012153,PRIN,58,48,146,417.00,"60,882.00"
2019-05-15,2019051501012231,PRVU,6,54,250,283.00,"70,750.00"
2019-05-15,2019051501012230,PRVU,49,54,100,283.00,"28,300.00"
2019-05-15,2019051501012193,PRVU,53,26,200,284.00,"56,800.00"
2019-05-15,2019051501012192,PRVU,36,26,100,284.00,"28,400.00"
2019-05-15,2019051501012191,PRVU,51,26,25,284.00,"7,100.00"
2019-05-15,2019051501012223,PRVU,48,54,500,283.00,"141,500.00"
2019-05-15,2019051501012222,PRVU,14,54,"1,000",283.00,"283,000.00"
2019-05-15,2019051501012221,PRVU,14,54,"1,000",283.00,"283,000.00"
2019-05-15,2019051501012220,PRVU,33,54,40,283.00,"11,320.00"
2019-05-15,2019051501012219,PRVU,22,54,90,284.00,"25,560.00"
2019-05-15,2019051501012194,PRVU,22,26,260,284.00,"73,840.00"
2019-05-15,2019051501012229,PRVU,58,54,"3,000",283.00,"849,000.00"
2019-05-15,2019051501012228,PRVU,19,54,400,283.00,"113,200.00"
2019-05-15,2019051501012227,PRVU,10,54,10,283.00,"2,830.00"
2019-05-15,2019051501012226,PRVU,36,54,100,283.00,"28,300.00"
2019-05-15,2019051501012225,PRVU,8,54,400,283.00,"113,200.00"
2019-05-15,2019051501012224,PRVU,14,54,"1,000",283.00,"283,000.00"
2019-05-15,2019051501012606,RBCL,38,59,20,"11,200.00","224,000.00"
2019-05-15,2019051501012590,RBCL,38,41,20,"11,200.00","224,000.00"
2019-05-15,2019051501012556,RBCL,38,28,10,"11,200.00","112,000.00"
2019-05-15,2019051501012298,RBCL,19,59,20,"11,201.00","224,020.00"
2019-05-15,2019051501012566,RBCLPO,51,56,40,"9,965.00","398,600.00"
2019-05-15,2019051501012552,RBCLPO,51,59,10,"9,965.00","99,650.00"
2019-05-15,2019051501012421,RBCLPO,51,28,45,"9,990.00","449,550.00"
2019-05-15,2019051501012420,RBCLPO,43,28,15,"10,094.00","151,410.00"
2019-05-15,2019051501012507,RMDC,52,26,15,669.00,"10,035.00"
2019-05-15,2019051501012618,RRHP,35,14,10,94.00,940.00
2019-05-15,2019051501012434,RRHP,35,42,10,94.00,940.00
2019-05-15,2019051501012446,SADBL,36,6,716,154.00,"110,264.00"
2019-05-15,2019051501012480,SBBLJ,25,38,10,202.00,"2,020.00"
2019-05-15,2019051501012479,SBBLJ,25,6,10,201.00,"2,010.00"
2019-05-15,2019051501012372,SBBLJ,25,6,10,201.00,"2,010.00"
2019-05-15,2019051501012351,SBBLJ,25,6,10,200.00,"2,000.00"
2019-05-15,2019051501012621,SBI,42,4,18,495.00,"8,910.00"
2019-05-15,2019051501012293,SBI,39,58,131,496.00,"64,976.00"
2019-05-15,2019051501012248,SBI,39,49,369,496.00,"183,024.00"
2019-05-15,2019051501012247,SBI,52,49,257,496.00,"127,472.00"
2019-05-15,2019051501012579,SBL,48,28,150,344.00,"51,600.00"
2019-05-15,2019051501012299,SBL,49,14,"1,000",344.00,"344,000.00"
2019-05-15,2019051501012148,SBL,29,36,100,345.00,"34,500.00"
2019-05-15,2019051501012617,SCB,48,37,20,692.00,"13,840.00"
2019-05-15,2019051501012558,SCB,40,37,20,691.00,"13,820.00"
2019-05-15,2019051501012521,SCB,40,37,20,691.00,"13,820.00"
2019-05-15,2019051501012466,SCB,11,11,20,692.00,"13,840.00"
2019-05-15,2019051501012449,SCB,40,4,160,691.00,"110,560.00"
2019-05-15,2019051501012448,SCB,50,4,80,691.00,"55,280.00"
2019-05-15,2019051501012441,SCB,42,36,20,695.00,"13,900.00"
2019-05-15,2019051501012424,SCB,50,4,20,691.00,"13,820.00"
2019-05-15,2019051501012423,SCB,48,4,480,692.00,"332,160.00"
2019-05-15,2019051501012392,SCB,11,11,20,693.00,"13,860.00"
2019-05-15,2019051501012291,SCB,48,55,20,692.00,"13,840.00"
2019-05-15,2019051501012569,SDESI,41,16,23,621.00,"14,283.00"
2019-05-15,2019051501012349,SHINE,33,10,100,249.00,"24,900.00"
2019-05-15,2019051501012620,SHIVM,22,38,"1,000",526.00,"526,000.00"
2019-05-15,2019051501012599,SHIVM,7,38,400,525.00,"210,000.00"
2019-05-15,2019051501012598,SHIVM,22,38,500,525.00,"262,500.00"
2019-05-15,2019051501012597,SHIVM,41,38,200,525.00,"105,000.00"
2019-05-15,2019051501012596,SHIVM,25,38,100,525.00,"52,500.00"
2019-05-15,2019051501012595,SHIVM,32,38,330,525.00,"173,250.00"
2019-05-15,2019051501012179,SHIVM,22,28,80,536.00,"42,880.00"
2019-05-15,2019051501012139,SHIVM,22,56,10,536.00,"5,360.00"
2019-05-15,2019051501012138,SHIVM,32,56,40,537.00,"21,480.00"
2019-05-15,2019051501012198,SHIVM,22,50,100,535.00,"53,500.00"
2019-05-15,2019051501012197,SHIVM,34,50,350,535.00,"187,250.00"
2019-05-15,2019051501012196,SHIVM,32,50,200,536.00,"107,200.00"
2019-05-15,2019051501012195,SHIVM,32,50,110,536.00,"58,960.00"
2019-05-15,2019051501012184,SHIVM,32,59,50,536.00,"26,800.00"
2019-05-15,2019051501012180,SHIVM,32,28,40,536.00,"21,440.00"
2019-05-15,2019051501012204,SHIVM,22,50,610,534.00,"325,740.00"
2019-05-15,2019051501012203,SHIVM,32,50,200,535.00,"107,000.00"
2019-05-15,2019051501012202,SHIVM,36,50,200,535.00,"107,000.00"
2019-05-15,2019051501012201,SHIVM,50,50,100,535.00,"53,500.00"
2019-05-15,2019051501012200,SHIVM,13,50,20,535.00,"10,700.00"
2019-05-15,2019051501012199,SHIVM,1,50,20,535.00,"10,700.00"
2019-05-15,2019051501012210,SHIVM,22,50,500,532.00,"266,000.00"
2019-05-15,2019051501012209,SHIVM,39,50,50,532.00,"26,600.00"
2019-05-15,2019051501012208,SHIVM,48,50,371,532.00,"197,372.00"
2019-05-15,2019051501012207,SHIVM,42,50,"1,560",533.00,"831,480.00"
2019-05-15,2019051501012206,SHIVM,5,50,500,534.00,"267,000.00"
2019-05-15,2019051501012205,SHIVM,39,50,500,534.00,"267,000.00"
2019-05-15,2019051501012313,SHIVM,59,26,50,535.00,"26,750.00"
2019-05-15,2019051501012307,SHIVM,58,33,140,538.00,"75,320.00"
2019-05-15,2019051501012287,SHIVM,6,34,50,539.00,"26,950.00"
2019-05-15,2019051501012238,SHIVM,22,50,209,532.00,"111,188.00"
2019-05-15,2019051501012212,SHIVM,47,50,"1,000",532.00,"532,000.00"
2019-05-15,2019051501012211,SHIVM,39,50,100,532.00,"53,200.00"
2019-05-15,2019051501012362,SHIVM,57,26,100,532.00,"53,200.00"
2019-05-15,2019051501012337,SHIVM,58,40,200,531.00,"106,200.00"
2019-05-15,2019051501012325,SHIVM,58,52,50,531.00,"26,550.00"
2019-05-15,2019051501012324,SHIVM,39,26,30,532.00,"15,960.00"
2019-05-15,2019051501012314,SHIVM,47,26,250,532.00,"133,000.00"
2019-05-15,2019051501012470,SHIVM,40,36,900,531.00,"477,900.00"
2019-05-15,2019051501012465,SHIVM,40,50,50,531.00,"26,550.00"
2019-05-15,2019051501012447,SHIVM,40,38,50,531.00,"26,550.00"
2019-05-15,2019051501012438,SHIVM,58,50,50,531.00,"26,550.00"
2019-05-15,2019051501012390,SHIVM,58,46,50,531.00,"26,550.00"
2019-05-15,2019051501012378,SHIVM,58,41,200,531.00,"106,200.00"
2019-05-15,2019051501012476,SHIVM,39,36,30,530.00,"15,900.00"
2019-05-15,2019051501012475,SHIVM,10,36,100,530.00,"53,000.00"
2019-05-15,2019051501012474,SHIVM,36,36,100,530.00,"53,000.00"
2019-05-15,2019051501012473,SHIVM,59,36,500,530.00,"265,000.00"
2019-05-15,2019051501012472,SHIVM,59,36,500,530.00,"265,000.00"
2019-05-15,2019051501012471,SHIVM,1,36,649,530.00,"343,970.00"
2019-05-15,2019051501012512,SHIVM,46,34,121,530.00,"64,130.00"
2019-05-15,2019051501012511,SHIVM,52,34,200,530.00,"106,000.00"
2019-05-15,2019051501012510,SHIVM,22,34,100,530.00,"53,000.00"
2019-05-15,2019051501012509,SHIVM,8,34,79,530.00,"41,870.00"
2019-05-15,2019051501012478,SHIVM,8,36,421,530.00,"223,130.00"
2019-05-15,2019051501012477,SHIVM,41,36,300,530.00,"159,000.00"
2019-05-15,2019051501012530,SHIVM,8,4,10,528.00,"5,280.00"
2019-05-15,2019051501012526,SHIVM,48,46,"1,000",528.00,"528,000.00"
2019-05-15,2019051501012518,SHIVM,10,38,50,530.00,"26,500.00"
2019-05-15,2019051501012517,SHIVM,16,38,25,530.00,"13,250.00"
2019-05-15,2019051501012516,SHIVM,51,38,500,530.00,"265,000.00"
2019-05-15,2019051501012515,SHIVM,46,38,29,530.00,"15,370.00"
2019-05-15,2019051501012536,SHIVM,25,4,100,526.00,"52,600.00"
2019-05-15,2019051501012535,SHIVM,49,4,50,526.00,"26,300.00"
2019-05-15,2019051501012534,SHIVM,47,4,100,526.00,"52,600.00"
2019-05-15,2019051501012533,SHIVM,22,4,200,526.00,"105,200.00"
2019-05-15,2019051501012532,SHIVM,50,4,100,526.00,"52,600.00"
2019-05-15,2019051501012531,SHIVM,16,4,100,527.00,"52,700.00"
2019-05-15,2019051501012584,SHIVM,32,45,150,525.00,"78,750.00"
2019-05-15,2019051501012583,SHIVM,10,45,200,526.00,"105,200.00"
2019-05-15,2019051501012574,SHIVM,34,22,150,527.00,"79,050.00"
2019-05-15,2019051501012570,SHIVM,34,45,50,527.00,"26,350.00"
2019-05-15,2019051501012547,SHIVM,32,44,20,525.00,"10,500.00"
2019-05-15,2019051501012546,SHIVM,36,44,80,525.00,"42,000.00"
2019-05-15,2019051501012264,SHL,45,25,154,242.00,"37,268.00"
2019-05-15,2019051501012582,SHPC,39,36,500,269.00,"134,500.00"
2019-05-15,2019051501012581,SHPC,39,37,196,268.00,"52,528.00"
2019-05-15,2019051501012580,SHPC,39,57,17,267.00,"4,539.00"
2019-05-15,2019051501012166,SIC,20,32,160,"1,465.00","234,400.00"
2019-05-15,2019051501012165,SIC,14,32,100,"1,465.00","146,500.00"
2019-05-15,2019051501012164,SIC,20,32,160,"1,466.00","234,560.00"
2019-05-15,2019051501012163,SIC,6,32,72,"1,466.00","105,552.00"
2019-05-15,2019051501012563,SICL,19,42,100,880.00,"88,000.00"
2019-05-15,2019051501012562,SICL,36,42,100,880.00,"88,000.00"
2019-05-15,2019051501012561,SICL,35,42,30,881.00,"26,430.00"
2019-05-15,2019051501012543,SICL,48,42,58,882.00,"51,156.00"
2019-05-15,2019051501012542,SICL,34,42,100,882.00,"88,200.00"
2019-05-15,2019051501012541,SICL,56,42,50,882.00,"44,100.00"
2019-05-15,2019051501012488,SICL,26,10,50,884.00,"44,200.00"
2019-05-15,2019051501012487,SICL,53,10,149,884.00,"131,716.00"
2019-05-15,2019051501012316,SICL,42,43,50,887.00,"44,350.00"
2019-05-15,2019051501012261,SICL,6,43,400,885.00,"354,000.00"
2019-05-15,2019051501012540,SICL,49,42,50,882.00,"44,100.00"
2019-05-15,2019051501012539,SICL,7,42,10,882.00,"8,820.00"
2019-05-15,2019051501012538,SICL,49,42,99,883.00,"87,417.00"
2019-05-15,2019051501012491,SICL,49,10,131,883.00,"115,673.00"
2019-05-15,2019051501012490,SICL,25,10,50,884.00,"44,200.00"
2019-05-15,2019051501012489,SICL,6,10,20,884.00,"17,680.00"
2019-05-15,2019051501012623,SLBSL,43,44,10,575.00,"5,750.00"
2019-05-15,2019051501012311,SLICL,22,26,100,604.00,"60,400.00"
2019-05-15,2019051501012310,SLICL,22,52,50,604.00,"30,200.00"
2019-05-15,2019051501012262,SLICL,39,5,100,602.00,"60,200.00"
2019-05-15,2019051501012308,SPDL,26,55,15,91.00,"1,365.00"
2019-05-15,2019051501012245,SRBL,6,43,38,259.00,"9,842.00"
2019-05-15,2019051501012280,TRH,42,56,260,253.00,"65,780.00"
2019-05-15,2019051501012279,TRH,42,28,400,252.00,"100,800.00"
2019-05-15,2019051501012459,UIC,17,19,80,965.00,"77,200.00"
2019-05-15,2019051501012458,UIC,17,19,20,970.00,"19,400.00"
2019-05-15,2019051501012564,UNL,3,17,10,"20,000.00","200,000.00"
2019-05-15,2019051501012622,UPPER,1,36,125,247.00,"30,875.00"
2019-05-15,2019051501012605,UPPER,1,16,40,247.00,"9,880.00"
2019-05-15,2019051501012603,UPPER,1,55,40,247.00,"9,880.00"
2019-05-15,2019051501012503,UPPER,1,52,40,247.00,"9,880.00"
2019-05-15,2019051501012502,UPPER,1,48,200,247.00,"49,400.00"
2019-05-15,2019051501012263,UPPER,1,47,50,247.00,"12,350.00"
2019-05-15,2019051501012181,UPPER,1,48,40,247.00,"9,880.00"
2019-05-15,2019051501012147,UPPER,1,26,40,247.00,"9,880.00"
2019-05-15,2019051501012137,UPPER,41,58,40,247.00,"9,880.00"
2019-05-15,2019051501012442,UPPER,1,45,10,247.00,"2,470.00"
2019-05-15,2019051501012366,UPPER,8,34,300,248.00,"74,400.00"
2019-05-15,2019051501012360,UPPER,1,55,50,247.00,"12,350.00"
2019-05-15,2019051501012338,UPPER,1,52,50,247.00,"12,350.00"
2019-05-15,2019051501012326,UPPER,1,55,40,247.00,"9,880.00"
2019-05-15,2019051501012356,VLBS,43,10,15,585.00,"8,775.00"
2019-05-15,2019051501012105,ADBL,17,22,472,434.00,"204,848.00"
2019-05-15,2019051501012094,ADBL,17,33,478,434.00,"207,452.00"
2019-05-15,2019051501012077,ADBL,45,33,22,435.00,"9,570.00"
2019-05-15,2019051501011995,ADBL,42,57,15,436.00,"6,540.00"
2019-05-15,2019051501011793,ADBL,45,22,30,435.00,"13,050.00"
2019-05-15,2019051501011731,ADBL,45,35,263,435.00,"114,405.00"
2019-05-15,2019051501011651,ADBL,45,38,185,435.00,"80,475.00"
2019-05-15,2019051501011794,AHPC,21,58,106,107.00,"11,342.00"
2019-05-15,2019051501012044,AKPL,4,58,10,196.00,"1,960.00"
2019-05-15,2019051501012116,ALBSL,57,58,10,464.00,"4,640.00"
2019-05-15,2019051501011967,ALBSL,57,55,10,464.00,"4,640.00"
2019-05-15,2019051501011901,ALBSL,57,8,10,464.00,"4,640.00"
2019-05-15,2019051501011884,ALBSL,57,8,10,464.00,"4,640.00"
2019-05-15,2019051501011864,ALBSL,57,8,10,464.00,"4,640.00"
2019-05-15,2019051501011636,ALBSL,22,40,10,465.00,"4,650.00"
2019-05-15,2019051501011868,ALICL,17,48,160,445.00,"71,200.00"
2019-05-15,2019051501011867,ALICL,43,48,200,445.00,"89,000.00"
2019-05-15,2019051501011685,ALICL,26,56,100,446.00,"44,600.00"
2019-05-15,2019051501011767,API,6,35,28,142.00,"3,976.00"
2019-05-15,2019051501011820,BARUN,56,35,10,92.00,920.00
2019-05-15,2019051501012073,BOKL,45,42,257,281.00,"72,217.00"
2019-05-15,2019051501012059,BOKL,45,8,243,281.00,"68,283.00"
2019-05-15,2019051501012058,BOKL,33,8,"1,000",281.00,"281,000.00"
2019-05-15,2019051501012057,BOKL,32,8,48,281.00,"13,488.00"
2019-05-15,2019051501011923,BOKL,32,48,452,281.00,"127,012.00"
2019-05-15,2019051501011922,BOKL,17,48,548,281.00,"153,988.00"
2019-05-15,2019051501011753,BOKL,17,26,11,281.00,"3,091.00"
2019-05-15,2019051501012125,BPCL,57,16,11,389.00,"4,279.00"
2019-05-15,2019051501012063,BPCL,17,48,11,388.00,"4,268.00"
2019-05-15,2019051501012037,BPCL,17,58,11,388.00,"4,268.00"
2019-05-15,2019051501011663,BPCL,17,36,374,388.00,"145,112.00"
2019-05-15,2019051501011662,BPCL,17,36,434,388.00,"168,392.00"
2019-05-15,2019051501011661,BPCL,52,36,500,389.00,"194,500.00"
2019-05-15,2019051501011994,CBBL,53,58,104,957.00,"99,528.00"
2019-05-15,2019051501011993,CBBL,26,58,26,957.00,"24,882.00"
2019-05-15,2019051501011866,CBBL,26,50,154,957.00,"147,378.00"
2019-05-15,2019051501011865,CBBL,43,50,100,958.00,"95,800.00"
2019-05-15,2019051501012102,CBL,14,22,50,150.00,"7,500.00"
2019-05-15,2019051501011931,CBL,21,6,429,151.00,"64,779.00"
2019-05-15,2019051501011930,CBL,21,42,"1,071",151.00,"161,721.00"
2019-05-15,2019051501011873,CBL,14,26,10,150.00,"1,500.00"
2019-05-15,2019051501011900,CCBL,17,33,255,171.00,"43,605.00"
2019-05-15,2019051501011899,CCBL,25,33,"1,000",171.00,"171,000.00"
2019-05-15,2019051501011898,CCBL,17,33,"1,000",171.00,"171,000.00"
2019-05-15,2019051501011897,CCBL,14,33,400,171.00,"68,400.00"
2019-05-15,2019051501011850,CCBL,14,58,118,171.00,"20,178.00"
2019-05-15,2019051501011783,CCBL,14,34,200,171.00,"34,200.00"
2019-05-15,2019051501011766,CCBL,14,26,12,171.00,"2,052.00"
2019-05-15,2019051501011659,CCBL,14,56,149,171.00,"25,479.00"
2019-05-15,2019051501012008,CFCL,28,14,"1,027",113.00,"116,051.00"
2019-05-15,2019051501012078,CHLBS,35,48,10,457.00,"4,570.00"
2019-05-15,2019051501012098,CZBIL,48,48,10,232.00,"2,320.00"
2019-05-15,2019051501012085,CZBIL,48,19,"1,208",232.00,"280,256.00"
2019-05-15,2019051501012084,CZBIL,21,19,200,232.00,"46,400.00"
2019-05-15,2019051501012083,CZBIL,34,19,220,233.00,"51,260.00"
2019-05-15,2019051501012082,CZBIL,17,19,372,233.00,"86,676.00"
2019-05-15,2019051501011706,CZBIL,17,36,"1,000",233.00,"233,000.00"
2019-05-15,2019051501011670,CZBIL,17,44,10,233.00,"2,330.00"
2019-05-15,2019051501012124,DBBL,54,10,300,142.00,"42,600.00"
2019-05-15,2019051501011936,DBBL,54,26,20,142.00,"2,840.00"
2019-05-15,2019051501011895,DBBL,54,39,89,142.00,"12,638.00"
2019-05-15,2019051501011832,DBBL,54,39,"1,000",142.00,"142,000.00"
2019-05-15,2019051501011691,DBBL,54,25,520,142.00,"73,840.00"
2019-05-15,2019051501012052,DHPL,26,58,11,74.00,814.00
2019-05-15,2019051501012080,EBL,17,32,400,677.00,"270,800.00"
2019-05-15,2019051501011836,EBL,50,50,100,680.00,"68,000.00"
2019-05-15,2019051501011701,EBL,17,14,100,680.00,"68,000.00"
2019-05-15,2019051501011700,EBL,17,35,376,680.00,"255,680.00"
2019-05-15,2019051501011863,FMDBL,42,17,500,423.00,"211,500.00"
2019-05-15,2019051501011717,FOWAD,36,16,15,"1,550.00","23,250.00"
2019-05-15,2019051501012101,GBBL,59,22,100,231.00,"23,100.00"
2019-05-15,2019051501012100,GBBL,53,22,200,231.00,"46,200.00"
2019-05-15,2019051501012071,GBBL,53,55,300,231.00,"69,300.00"
2019-05-15,2019051501012099,GBIME,3,46,460,315.00,"144,900.00"
2019-05-15,2019051501011914,GBIME,17,46,"1,000",315.00,"315,000.00"
2019-05-15,2019051501011913,GBIME,40,46,200,315.00,"63,000.00"
2019-05-15,2019051501011912,GBIME,6,46,500,315.00,"157,500.00"
2019-05-15,2019051501011911,GBIME,1,46,114,315.00,"35,910.00"
2019-05-15,2019051501011910,GBIME,50,46,327,315.00,"103,005.00"
2019-05-15,2019051501011909,GBIME,38,46,215,316.00,"67,940.00"
2019-05-15,2019051501011893,GBIME,49,36,"1,000",317.00,"317,000.00"
2019-05-15,2019051501011830,GBIME,38,49,480,316.00,"151,680.00"
2019-05-15,2019051501011780,GBIME,38,26,23,316.00,"7,268.00"
2019-05-15,2019051501011769,GBIME,47,36,900,317.00,"285,300.00"
2019-05-15,2019051501011768,GBIME,47,36,238,317.00,"75,446.00"
2019-05-15,2019051501011953,GBLBS,19,36,130,364.00,"47,320.00"
2019-05-15,2019051501011851,GBLBS,39,35,10,362.00,"3,620.00"
2019-05-15,2019051501012020,GDBL,58,5,56,217.00,"12,152.00"
2019-05-15,2019051501012019,GDBL,49,5,244,217.00,"52,948.00"
2019-05-15,2019051501011696,GDBL,39,34,"1,000",218.00,"218,000.00"
2019-05-15,2019051501011695,GDBL,39,32,"1,000",218.00,"218,000.00"
2019-05-15,2019051501011694,GDBL,39,14,566,218.00,"123,388.00"
2019-05-15,2019051501011693,GDBL,39,34,350,218.00,"76,300.00"
2019-05-15,2019051501011712,GDBL,39,47,200,219.00,"43,800.00"
2019-05-15,2019051501011711,GDBL,39,39,260,219.00,"56,940.00"
2019-05-15,2019051501011710,GDBL,39,34,"1,000",219.00,"219,000.00"
2019-05-15,2019051501011709,GDBL,39,1,50,219.00,"10,950.00"
2019-05-15,2019051501011708,GDBL,39,34,185,219.00,"40,515.00"
2019-05-15,2019051501011707,GDBL,39,43,100,218.00,"21,800.00"
2019-05-15,2019051501011723,GDBL,39,32,84,218.00,"18,312.00"
2019-05-15,2019051501011716,GDBL,39,42,105,219.00,"22,995.00"
2019-05-15,2019051501011715,GDBL,39,32,600,219.00,"131,400.00"
2019-05-15,2019051501011714,GDBL,39,32,200,219.00,"43,800.00"
2019-05-15,2019051501011713,GDBL,39,1,"1,000",219.00,"219,000.00"
2019-05-15,2019051501011781,GDBL,39,48,250,218.00,"54,500.00"
2019-05-15,2019051501011755,GDBL,39,32,916,218.00,"199,688.00"
2019-05-15,2019051501012049,GFCL,1,59,10,124.00,"1,240.00"
2019-05-15,2019051501012030,GFCL,1,1,100,122.00,"12,200.00"
2019-05-15,2019051501012029,GFCL,1,43,147,122.00,"17,934.00"
2019-05-15,2019051501011935,GILB,38,19,17,"1,311.00","22,287.00"
2019-05-15,2019051501011934,GILB,38,19,31,"1,312.00","40,672.00"
