Date,Transact. No.,Symbol,Buyer,Seller,Quantity,Rate,Amount
2019-11-12,2019111201004935,ADBL,39,50,100,417.00,"41,700.00"
2019-11-12,2019111201004549,ADBL,39,45,315,418.00,"131,670.00"
2019-11-12,2019111201004987,AKJCL,29,56,60,58.00,"3,480.00"
2019-11-12,2019111201004651,AKJCL,22,56,30,58.00,"1,740.00"
2019-11-12,2019111201004979,ALBSL,22,42,10,398.00,"3,980.00"
2019-11-12,2019111201004785,ALBSL,33,51,10,393.00,"3,930.00"
2019-11-12,2019111201005005,API,25,34,10,107.00,"1,070.00"
2019-11-12,2019111201005004,API,25,58,990,106.00,"104,940.00"
2019-11-12,2019111201004934,API,25,58,10,106.00,"1,060.00"
2019-11-12,2019111201004933,API,25,25,50,105.00,"5,250.00"
2019-11-12,2019111201004681,API,49,25,50,105.00,"5,250.00"
2019-11-12,2019111201004652,API,49,25,10,105.00,"1,050.00"
2019-11-12,2019111201004903,API,13,25,400,105.00,"42,000.00"
2019-11-12,2019111201004746,API,25,58,300,106.00,"31,800.00"
2019-11-12,2019111201004727,API,43,25,31,104.00,"3,224.00"
2019-11-12,2019111201004726,API,34,25,100,104.00,"10,400.00"
2019-11-12,2019111201004725,API,51,25,"1,369",104.00,"142,376.00"
2019-11-12,2019111201004717,API,51,22,20,104.00,"2,080.00"
2019-11-12,2019111201004550,BOKL,6,22,20,222.00,"4,440.00"
2019-11-12,2019111201004956,BPCL,16,19,177,359.00,"63,543.00"
2019-11-12,2019111201004649,BPCL,50,19,"1,000",359.00,"359,000.00"
2019-11-12,2019111201004570,BPCL,44,19,50,356.00,"17,800.00"
2019-11-12,2019111201004569,BPCL,48,19,50,356.00,"17,800.00"
2019-11-12,2019111201004568,BPCL,7,19,500,356.00,"178,000.00"
2019-11-12,2019111201004561,BPCL,58,19,20,357.00,"7,140.00"
2019-11-12,2019111201004560,BPCL,13,19,17,357.00,"6,069.00"
2019-11-12,2019111201004559,BPCL,55,19,500,358.00,"179,000.00"
2019-11-12,2019111201004558,BPCL,33,19,155,358.00,"55,490.00"
2019-11-12,2019111201004567,BPCL,49,19,200,356.00,"71,200.00"
2019-11-12,2019111201004566,BPCL,43,19,100,356.00,"35,600.00"
2019-11-12,2019111201004565,BPCL,59,19,150,357.00,"53,550.00"
2019-11-12,2019111201004564,BPCL,59,19,150,357.00,"53,550.00"
2019-11-12,2019111201004563,BPCL,51,19,50,357.00,"17,850.00"
2019-11-12,2019111201004562,BPCL,22,19,20,357.00,"7,140.00"
2019-11-12,2019111201005029,CBBL,58,58,10,980.00,"9,800.00"
2019-11-12,2019111201004897,CBBL,10,57,59,975.00,"57,525.00"
2019-11-12,2019111201004837,CBL,42,13,50,140.00,"7,000.00"
2019-11-12,2019111201004882,CCBL,6,16,500,155.00,"77,500.00"
2019-11-12,2019111201004783,CCBL,26,16,200,155.00,"31,000.00"
2019-11-12,2019111201004640,CCBL,42,16,20,155.00,"3,100.00"
2019-11-12,2019111201004639,CCBL,49,16,580,155.00,"89,900.00"
2019-11-12,2019111201004638,CCBL,8,16,430,155.00,"66,650.00"
2019-11-12,2019111201004771,CFCL,57,49,19,108.00,"2,052.00"
2019-11-12,2019111201005020,CHCL,6,52,50,451.00,"22,550.00"
2019-11-12,2019111201004998,CHCL,11,16,20,452.00,"9,040.00"
2019-11-12,2019111201004985,CHCL,41,16,100,452.00,"45,200.00"
2019-11-12,2019111201004977,CHCL,6,51,124,451.00,"55,924.00"
2019-11-12,2019111201004976,CHCL,7,51,40,451.00,"18,040.00"
2019-11-12,2019111201004975,CHCL,41,51,22,451.00,"9,922.00"
2019-11-12,2019111201004554,CHCL,57,44,200,453.00,"90,600.00"
2019-11-12,2019111201004540,CHCL,14,44,67,453.00,"30,351.00"
2019-11-12,2019111201004653,CHCL,36,32,400,453.00,"181,200.00"
2019-11-12,2019111201004646,CHCL,10,32,50,453.00,"22,650.00"
2019-11-12,2019111201004629,CHCL,14,32,23,453.00,"10,419.00"
2019-11-12,2019111201004628,CHCL,14,44,77,453.00,"34,881.00"
2019-11-12,2019111201004621,CHCL,6,25,50,452.00,"22,600.00"
2019-11-12,2019111201004604,CHCL,6,42,64,452.00,"28,928.00"
2019-11-12,2019111201004667,CHCL,47,55,500,452.00,"226,000.00"
2019-11-12,2019111201004666,CHCL,35,55,82,452.00,"37,064.00"
2019-11-12,2019111201004665,CHCL,35,49,118,452.00,"53,336.00"
2019-11-12,2019111201004664,CHCL,25,49,200,452.00,"90,400.00"
2019-11-12,2019111201004663,CHCL,21,49,151,452.00,"68,252.00"
2019-11-12,2019111201004662,CHCL,6,49,16,452.00,"7,232.00"
2019-11-12,2019111201004720,CHCL,1,46,11,453.00,"4,983.00"
2019-11-12,2019111201004719,CHCL,6,46,62,453.00,"28,086.00"
2019-11-12,2019111201004680,CHCL,6,32,38,453.00,"17,214.00"
2019-11-12,2019111201004670,CHCL,16,55,118,452.00,"53,336.00"
2019-11-12,2019111201004669,CHCL,36,55,100,452.00,"45,200.00"
2019-11-12,2019111201004668,CHCL,11,55,200,452.00,"90,400.00"
2019-11-12,2019111201004739,CHCL,6,29,240,453.00,"108,720.00"
2019-11-12,2019111201004738,CHCL,7,44,200,454.00,"90,800.00"
2019-11-12,2019111201004733,CHCL,6,44,50,453.00,"22,650.00"
2019-11-12,2019111201004732,CHCL,6,44,100,453.00,"45,300.00"
2019-11-12,2019111201004722,CHCL,6,46,427,453.00,"193,431.00"
2019-11-12,2019111201004721,CHCL,5,46,500,453.00,"226,500.00"
2019-11-12,2019111201004769,CHCL,6,55,13,453.00,"5,889.00"
2019-11-12,2019111201004768,CHCL,6,32,287,453.00,"130,011.00"
2019-11-12,2019111201004763,CHCL,47,44,78,451.00,"35,178.00"
2019-11-12,2019111201004762,CHCL,16,44,22,452.00,"9,944.00"
2019-11-12,2019111201004749,CHCL,11,32,30,453.00,"13,590.00"
2019-11-12,2019111201004742,CHCL,6,32,183,453.00,"82,899.00"
2019-11-12,2019111201004826,CHCL,6,28,758,454.00,"344,132.00"
2019-11-12,2019111201004825,CHCL,6,36,242,453.00,"109,626.00"
2019-11-12,2019111201004823,CHCL,56,36,13,453.00,"5,889.00"
2019-11-12,2019111201004822,CHCL,56,55,87,453.00,"39,411.00"
2019-11-12,2019111201004792,CHCL,6,44,100,452.00,"45,200.00"
2019-11-12,2019111201004782,CHCL,6,44,50,452.00,"22,600.00"
2019-11-12,2019111201004917,CHCL,6,13,564,454.00,"256,056.00"
2019-11-12,2019111201004916,CHCL,6,58,98,454.00,"44,492.00"
2019-11-12,2019111201004915,CHCL,6,28,250,454.00,"113,500.00"
2019-11-12,2019111201004850,CHCL,6,45,88,452.00,"39,776.00"
2019-11-12,2019111201004838,CHCL,6,28,492,454.00,"223,368.00"
2019-11-12,2019111201004831,CHCL,6,4,358,452.00,"161,816.00"
2019-11-12,2019111201004951,CHCL,51,10,200,453.00,"90,600.00"
2019-11-12,2019111201004932,CHCL,57,10,100,453.00,"45,300.00"
2019-11-12,2019111201004931,CHCL,57,44,100,453.00,"45,300.00"
2019-11-12,2019111201004927,CHCL,41,42,178,451.00,"80,278.00"
2019-11-12,2019111201004926,CHCL,45,42,200,451.00,"90,200.00"
2019-11-12,2019111201004925,CHCL,47,42,22,451.00,"9,922.00"
2019-11-12,2019111201004711,CIT,52,35,25,"1,760.00","44,000.00"
2019-11-12,2019111201004702,CIT,13,35,50,"1,760.00","88,000.00"
2019-11-12,2019111201004701,CIT,52,35,100,"1,761.00","176,100.00"
2019-11-12,2019111201004700,CIT,45,35,25,"1,762.00","44,050.00"
2019-11-12,2019111201004770,CZBIL,16,6,"2,265",189.00,"428,085.00"
2019-11-12,2019111201004856,DDBL,44,13,50,751.00,"37,550.00"
2019-11-12,2019111201004712,DDBL,44,58,695,751.00,"521,945.00"
2019-11-12,2019111201004779,EIC,45,13,100,221.00,"22,100.00"
2019-11-12,2019111201004778,EIC,51,13,166,221.00,"36,686.00"
2019-11-12,2019111201004965,FMDBL,57,1,10,309.00,"3,090.00"
2019-11-12,2019111201004957,FMDBL,47,1,10,309.00,"3,090.00"
2019-11-12,2019111201004599,FMDBL,59,41,151,306.00,"46,206.00"
2019-11-12,2019111201004598,FMDBL,59,41,150,306.00,"45,900.00"
2019-11-12,2019111201004597,FMDBL,37,41,50,307.00,"15,350.00"
2019-11-12,2019111201004839,FOWAD,37,6,11,"1,360.00","14,960.00"
2019-11-12,2019111201004949,GBBL,52,25,176,221.00,"38,896.00"
2019-11-12,2019111201004948,GBBL,52,4,611,221.00,"135,031.00"
2019-11-12,2019111201004947,GBBL,52,34,213,220.00,"46,860.00"
2019-11-12,2019111201004855,GBBL,5,34,100,220.00,"22,000.00"
2019-11-12,2019111201004854,GBBL,45,34,800,220.00,"176,000.00"
2019-11-12,2019111201004853,GBBL,11,34,300,220.00,"66,000.00"
2019-11-12,2019111201004852,GBBL,54,34,30,220.00,"6,600.00"
2019-11-12,2019111201004851,GBBL,32,34,57,220.00,"12,540.00"
2019-11-12,2019111201004544,GBBL,41,4,80,221.00,"17,680.00"
2019-11-12,2019111201005032,GLBSL,19,34,50,449.00,"22,450.00"
2019-11-12,2019111201004918,GLBSL,19,34,50,449.00,"22,450.00"
2019-11-12,2019111201004847,GLBSL,16,58,10,450.00,"4,500.00"
2019-11-12,2019111201004821,GLBSL,1,14,100,442.00,"44,200.00"
2019-11-12,2019111201004790,GLBSL,16,42,10,442.00,"4,420.00"
2019-11-12,2019111201004760,GLBSL,19,39,10,451.00,"4,510.00"
2019-11-12,2019111201004595,GLBSL,1,39,40,447.00,"17,880.00"
2019-11-12,2019111201004643,GLBSL,1,7,10,447.00,"4,470.00"
2019-11-12,2019111201004641,GLBSL,19,39,10,451.00,"4,510.00"
2019-11-12,2019111201004627,GLBSL,19,14,10,450.00,"4,500.00"
2019-11-12,2019111201004751,GLBSL,19,42,10,450.00,"4,500.00"
2019-11-12,2019111201004697,GLBSL,19,39,10,451.00,"4,510.00"
2019-11-12,2019111201004689,GLBSL,19,21,10,450.00,"4,500.00"
2019-11-12,2019111201004682,GLBSL,19,7,20,446.00,"8,920.00"
2019-11-12,2019111201004650,GLBSL,16,7,80,446.00,"35,680.00"
2019-11-12,2019111201004644,GLBSL,16,7,90,446.00,"40,140.00"
2019-11-12,2019111201004707,GMFBS,58,39,30,480.00,"14,400.00"
2019-11-12,2019111201004592,GMFBS,56,21,10,484.00,"4,840.00"
2019-11-12,2019111201005003,GRDBL,43,48,10,106.00,"1,060.00"
2019-11-12,2019111201004796,GRDBL,49,22,10,105.00,"1,050.00"
2019-11-12,2019111201004840,HBL,42,25,51,484.00,"24,684.00"
2019-11-12,2019111201004582,HBL,45,41,45,482.00,"21,690.00"
2019-11-12,2019111201004581,HBL,8,41,50,482.00,"24,100.00"
2019-11-12,2019111201005016,HDL,28,56,10,"1,839.00","18,390.00"
2019-11-12,2019111201004994,HDL,58,56,10,"1,840.00","18,400.00"
2019-11-12,2019111201004993,HDL,58,3,10,"1,838.00","18,380.00"
2019-11-12,2019111201004992,HDL,58,53,30,"1,835.00","55,050.00"
2019-11-12,2019111201004978,HDL,10,53,70,"1,825.00","127,750.00"
2019-11-12,2019111201004954,HDL,10,56,130,"1,825.00","237,250.00"
2019-11-12,2019111201004613,HDL,58,17,50,"1,845.00","92,250.00"
2019-11-12,2019111201004612,HDL,58,25,20,"1,840.00","36,800.00"
2019-11-12,2019111201004611,HDL,7,51,20,"1,835.00","36,700.00"
2019-11-12,2019111201004953,HDL,5,56,20,"1,826.00","36,520.00"
2019-11-12,2019111201004775,HDL,7,40,20,"1,835.00","36,700.00"
2019-11-12,2019111201004754,HDL,7,58,150,"1,835.00","275,250.00"
2019-11-12,2019111201004753,HDL,45,58,50,"1,836.00","91,800.00"
2019-11-12,2019111201004617,HDL,7,38,10,"1,835.00","18,350.00"
2019-11-12,2019111201004614,HDL,58,56,130,"1,846.00","239,980.00"
2019-11-12,2019111201005011,HIDCL,38,39,10,133.00,"1,330.00"
2019-11-12,2019111201004950,HIDCL,48,22,30,131.00,"3,930.00"
2019-11-12,2019111201004913,HIDCL,48,35,63,131.00,"8,253.00"
2019-11-12,2019111201004912,HIDCL,47,35,489,131.00,"64,059.00"
2019-11-12,2019111201004794,HIDCL,50,29,200,132.00,"26,400.00"
2019-11-12,2019111201004793,HIDCL,7,29,970,132.00,"128,040.00"
2019-11-12,2019111201004745,HIDCL,7,22,30,132.00,"3,960.00"
2019-11-12,2019111201004894,HPPL,29,29,10,137.00,"1,370.00"
2019-11-12,2019111201004893,HPPL,29,29,10,137.00,"1,370.00"
2019-11-12,2019111201004892,HPPL,29,29,10,137.00,"1,370.00"
2019-11-12,2019111201004891,HPPL,29,29,10,137.00,"1,370.00"
2019-11-12,2019111201004890,HPPL,29,29,20,137.00,"2,740.00"
2019-11-12,2019111201004889,HPPL,29,29,10,137.00,"1,370.00"
2019-11-12,2019111201004637,HPPL,29,29,10,137.00,"1,370.00"
2019-11-12,2019111201004636,HPPL,29,29,10,137.00,"1,370.00"
2019-11-12,2019111201004635,HPPL,29,29,20,137.00,"2,740.00"
2019-11-12,2019111201004634,HPPL,29,29,10,137.00,"1,370.00"
2019-11-12,2019111201005013,HURJA,45,51,20,102.00,"2,040.00"
2019-11-12,2019111201004989,HURJA,59,10,"1,000",103.00,"103,000.00"
2019-11-12,2019111201004988,HURJA,6,10,240,103.00,"24,720.00"
2019-11-12,2019111201005006,ILBS,39,10,80,464.00,"37,120.00"
2019-11-12,2019111201004911,ILBS,38,38,30,462.00,"13,860.00"
2019-11-12,2019111201004551,ILBS,1,11,40,461.00,"18,440.00"
2019-11-12,2019111201004999,JBBL,50,13,150,156.00,"23,400.00"
2019-11-12,2019111201004715,JFL,32,28,169,192.00,"32,448.00"
2019-11-12,2019111201004691,JFL,17,28,200,192.00,"38,400.00"
2019-11-12,2019111201004800,KBL,5,45,86,180.00,"15,480.00"
2019-11-12,2019111201004910,KSBBL,45,22,20,140.00,"2,800.00"
2019-11-12,2019111201004870,KSBBL,45,22,20,140.00,"2,800.00"
2019-11-12,2019111201004654,KSBBL,28,44,"1,000",141.00,"141,000.00"
2019-11-12,2019111201004596,KSBBL,45,44,555,141.00,"78,255.00"
2019-11-12,2019111201004877,LBL,19,42,100,218.00,"21,800.00"
2019-11-12,2019111201004584,LBL,19,34,100,218.00,"21,800.00"
2019-11-12,2019111201004590,LBL,26,34,100,218.00,"21,800.00"
2019-11-12,2019111201004589,LBL,29,34,"2,000",218.00,"436,000.00"
2019-11-12,2019111201004588,LBL,34,34,300,218.00,"65,400.00"
2019-11-12,2019111201004587,LBL,1,34,300,218.00,"65,400.00"
2019-11-12,2019111201004586,LBL,34,34,200,218.00,"43,600.00"
2019-11-12,2019111201004585,LBL,35,34,100,218.00,"21,800.00"
2019-11-12,2019111201004881,MBL,28,14,200,228.00,"45,600.00"
2019-11-12,2019111201004735,MBL,38,48,429,227.00,"97,383.00"
2019-11-12,2019111201004734,MBL,42,48,100,227.00,"22,700.00"
2019-11-12,2019111201004830,MDB,14,14,2,241.00,482.00
2019-11-12,2019111201004824,MDB,14,14,8,241.00,"1,928.00"
2019-11-12,2019111201004679,MDB,34,17,107,243.00,"26,001.00"
2019-11-12,2019111201004678,MDB,34,6,313,243.00,"76,059.00"
2019-11-12,2019111201004677,MDB,34,26,100,243.00,"24,300.00"
2019-11-12,2019111201004959,MEGA,52,42,101,185.00,"18,685.00"
2019-11-12,2019111201004958,MEGA,28,42,99,185.00,"18,315.00"
2019-11-12,2019111201004941,MEGA,43,29,10,186.00,"1,860.00"
2019-11-12,2019111201004896,MEGA,28,45,301,185.00,"55,685.00"
2019-11-12,2019111201004895,MEGA,19,45,99,185.00,"18,315.00"
2019-11-12,2019111201004886,MERO,3,58,145,425.00,"61,625.00"
2019-11-12,2019111201004885,MERO,45,58,200,427.00,"85,400.00"
2019-11-12,2019111201004873,MERO,42,58,50,428.00,"21,400.00"
2019-11-12,2019111201004872,MERO,41,58,20,430.00,"8,600.00"
2019-11-12,2019111201004871,MERO,26,58,10,431.00,"4,310.00"
2019-11-12,2019111201004820,MERO,36,19,34,436.00,"14,824.00"
2019-11-12,2019111201004632,MERO,36,47,16,436.00,"6,976.00"
2019-11-12,2019111201004574,MSLB,50,48,46,865.00,"39,790.00"
2019-11-12,2019111201004969,NABIL,16,49,"1,745",750.00,"1,308,750.00"
2019-11-12,2019111201004968,NABIL,16,49,500,750.00,"375,000.00"
2019-11-12,2019111201004967,NABIL,44,49,100,750.00,"75,000.00"
2019-11-12,2019111201004923,NABIL,19,58,"1,000",752.00,"752,000.00"
2019-11-12,2019111201004791,NABIL,44,6,"1,000",751.00,"751,000.00"
2019-11-12,2019111201004736,NABIL,16,59,255,752.00,"191,760.00"
2019-11-12,2019111201004616,NABIL,42,6,100,750.00,"75,000.00"
2019-11-12,2019111201004615,NABIL,44,6,200,750.00,"150,000.00"
2019-11-12,2019111201004553,NABIL,39,59,35,752.00,"26,320.00"
2019-11-12,2019111201004986,NBB,33,34,10,205.00,"2,050.00"
2019-11-12,2019111201004966,NBB,8,34,13,205.00,"2,665.00"
2019-11-12,2019111201004541,NBB,8,22,20,203.00,"4,060.00"
2019-11-12,2019111201004963,NBL,43,6,20,307.00,"6,140.00"
2019-11-12,2019111201004869,NBL,3,52,400,306.00,"122,400.00"
2019-11-12,2019111201004868,NBL,3,5,170,306.00,"52,020.00"
2019-11-12,2019111201004867,NBL,32,22,"1,000",305.00,"305,000.00"
2019-11-12,2019111201004781,NBL,56,5,700,305.00,"213,500.00"
2019-11-12,2019111201004773,NBL,56,34,100,305.00,"30,500.00"
2019-11-12,2019111201004772,NBL,56,5,"1,000",305.00,"305,000.00"
2019-11-12,2019111201004728,NBL,56,4,200,305.00,"61,000.00"
2019-11-12,2019111201004687,NBL,32,22,"1,500",305.00,"457,500.00"
2019-11-12,2019111201005010,NCCB,5,36,464,204.00,"94,656.00"
2019-11-12,2019111201005009,NCCB,58,36,"1,536",204.00,"313,344.00"
2019-11-12,2019111201004914,NCCB,49,34,"1,757",205.00,"360,185.00"
2019-11-12,2019111201004888,NCCB,49,11,"1,000",205.00,"205,000.00"
2019-11-12,2019111201004887,NCCB,49,11,243,205.00,"49,815.00"
2019-11-12,2019111201004876,NCCB,53,11,757,205.00,"155,185.00"
2019-11-12,2019111201004875,NCCB,53,36,243,205.00,"49,815.00"
2019-11-12,2019111201004761,NCCB,49,36,500,205.00,"102,500.00"
2019-11-12,2019111201004625,NCCB,58,34,"1,672",204.00,"341,088.00"
2019-11-12,2019111201004624,NCCB,49,34,300,204.00,"61,200.00"
2019-11-12,2019111201004623,NCCB,33,34,100,204.00,"20,400.00"
2019-11-12,2019111201004622,NCCB,25,34,173,204.00,"35,292.00"
2019-11-12,2019111201005019,NIB,8,17,450,459.00,"206,550.00"
2019-11-12,2019111201005015,NIB,45,17,250,459.00,"114,750.00"
2019-11-12,2019111201005014,NIB,45,6,50,459.00,"22,950.00"
2019-11-12,2019111201004752,NIB,49,6,44,456.00,"20,064.00"
2019-11-12,2019111201004723,NIB,49,6,44,456.00,"20,064.00"
2019-11-12,2019111201004694,NIB,37,6,44,455.00,"20,020.00"
2019-11-12,2019111201004579,NIB,22,56,150,456.00,"68,400.00"
2019-11-12,2019111201004577,NIB,16,42,50,455.00,"22,750.00"
2019-11-12,2019111201004576,NIB,16,52,50,455.00,"22,750.00"
2019-11-12,2019111201004575,NIB,16,51,662,455.00,"301,210.00"
2019-11-12,2019111201004557,NIB,8,7,68,454.00,"30,872.00"
2019-11-12,2019111201004661,NIB,37,22,40,455.00,"18,200.00"
2019-11-12,2019111201004655,NIB,39,22,100,455.00,"45,500.00"
2019-11-12,2019111201004642,NIB,54,6,44,455.00,"20,020.00"
2019-11-12,2019111201004626,NIB,58,51,44,456.00,"20,064.00"
2019-11-12,2019111201004591,NIB,22,51,106,456.00,"48,336.00"
2019-11-12,2019111201004583,NIB,22,6,44,456.00,"20,064.00"
2019-11-12,2019111201005028,NIBPO,8,4,100,410.00,"41,000.00"
2019-11-12,2019111201005025,NIBPO,8,4,50,410.00,"20,500.00"
2019-11-12,2019111201005024,NIBPO,43,4,200,411.00,"82,200.00"
2019-11-12,2019111201004757,NIBPO,8,4,10,410.00,"4,100.00"
2019-11-12,2019111201004756,NIBPO,43,4,100,411.00,"41,100.00"
2019-11-12,2019111201004755,NIBPO,28,4,100,411.00,"41,100.00"
2019-11-12,2019111201004706,NIBPO,44,4,10,412.00,"4,120.00"
2019-11-12,2019111201004705,NIBPO,35,4,100,413.00,"41,300.00"
2019-11-12,2019111201004696,NIBPO,25,37,50,418.00,"20,900.00"
2019-11-12,2019111201004909,NICA,4,33,30,398.00,"11,940.00"
2019-11-12,2019111201004908,NICA,4,33,50,398.00,"19,900.00"
2019-11-12,2019111201004907,NICA,4,33,50,398.00,"19,900.00"
2019-11-12,2019111201004906,NICA,4,33,50,398.00,"19,900.00"
2019-11-12,2019111201004905,NICA,4,33,50,398.00,"19,900.00"
2019-11-12,2019111201004904,NICA,4,33,150,398.00,"59,700.00"
2019-11-12,2019111201004798,NICA,42,25,157,399.00,"62,643.00"
2019-11-12,2019111201004767,NICA,42,48,43,399.00,"17,157.00"
2019-11-12,2019111201004766,NICA,6,48,457,399.00,"182,343.00"
2019-11-12,2019111201004816,NICA,4,25,43,398.00,"17,114.00"
2019-11-12,2019111201004815,NICA,4,25,150,398.00,"59,700.00"
2019-11-12,2019111201004814,NICA,4,25,500,398.00,"199,000.00"
2019-11-12,2019111201004813,NICA,4,25,150,398.00,"59,700.00"
2019-11-12,2019111201004812,NICA,4,25,100,398.00,"39,800.00"
2019-11-12,2019111201004811,NICA,4,25,250,398.00,"99,500.00"
2019-11-12,2019111201004777,NIL,34,38,500,380.00,"190,000.00"
2019-11-12,2019111201004605,NLG,14,16,125,541.00,"67,625.00"
2019-11-12,2019111201004864,NLIC,6,48,14,800.00,"11,200.00"
2019-11-12,2019111201004863,NLIC,6,46,102,800.00,"81,600.00"
2019-11-12,2019111201004862,NLIC,6,29,106,800.00,"84,800.00"
2019-11-12,2019111201004861,NLIC,6,36,22,800.00,"17,600.00"
2019-11-12,2019111201004860,NLIC,6,53,117,800.00,"93,600.00"
2019-11-12,2019111201004859,NLIC,6,50,31,800.00,"24,800.00"
2019-11-12,2019111201004858,NLIC,6,47,30,796.00,"23,880.00"
2019-11-12,2019111201004857,NLIC,6,44,78,795.00,"62,010.00"
2019-11-12,2019111201004747,NLIC,6,44,222,795.00,"176,490.00"
2019-11-12,2019111201004744,NLIC,6,34,100,795.00,"79,500.00"
2019-11-12,2019111201004648,NLIC,6,6,22,795.00,"17,490.00"
2019-11-12,2019111201004939,NLICL,51,28,111,418.00,"46,398.00"
2019-11-12,2019111201004938,NLICL,44,28,500,418.00,"209,000.00"
2019-11-12,2019111201004937,NLICL,39,28,100,420.00,"42,000.00"
2019-11-12,2019111201004936,NLICL,14,28,300,420.00,"126,000.00"
2019-11-12,2019111201004902,NLICL,50,42,100,421.00,"42,100.00"
2019-11-12,2019111201004552,NLICL,25,44,10,425.00,"4,250.00"
2019-11-12,2019111201005008,NMB,44,49,"1,661",380.00,"631,180.00"
2019-11-12,2019111201005007,NMB,45,49,424,380.00,"161,120.00"
2019-11-12,2019111201004974,NMB,45,56,12,380.00,"4,560.00"
2019-11-12,2019111201004973,NMB,42,56,10,380.00,"3,800.00"
2019-11-12,2019111201004921,NMB,35,35,"10,000",380.00,"3,800,000.00"
2019-11-12,2019111201004920,NMB,35,59,300,380.00,"114,000.00"
2019-11-12,2019111201004533,NMB,13,59,150,380.00,"57,000.00"
2019-11-12,2019111201004539,NMB,41,59,150,380.00,"57,000.00"
2019-11-12,2019111201004538,NMB,21,59,50,380.00,"19,000.00"
2019-11-12,2019111201004537,NMB,38,59,50,380.00,"19,000.00"
2019-11-12,2019111201004536,NMB,34,59,200,380.00,"76,000.00"
2019-11-12,2019111201004535,NMB,35,59,100,380.00,"38,000.00"
2019-11-12,2019111201004534,NMB,25,59,140,380.00,"53,200.00"
2019-11-12,2019111201004594,NMB,53,52,281,380.00,"106,780.00"
2019-11-12,2019111201004580,NMB,1,52,100,380.00,"38,000.00"
2019-11-12,2019111201004573,NMB,13,52,22,380.00,"8,360.00"
2019-11-12,2019111201004572,NMB,13,52,100,380.00,"38,000.00"
2019-11-12,2019111201004571,NMB,13,59,28,380.00,"10,640.00"
2019-11-12,2019111201004548,NMB,49,59,500,380.00,"190,000.00"
2019-11-12,2019111201004759,NMB,38,35,104,379.00,"39,416.00"
2019-11-12,2019111201004730,NMB,42,45,10,380.00,"3,800.00"
2019-11-12,2019111201004709,NMB,54,45,100,380.00,"38,000.00"
2019-11-12,2019111201004693,NMB,50,52,297,380.00,"112,860.00"
2019-11-12,2019111201004692,NMB,49,52,300,380.00,"114,000.00"
2019-11-12,2019111201004683,NMB,1,29,200,379.00,"75,800.00"
2019-11-12,2019111201004919,NMB,35,35,"4,060",380.00,"1,542,800.00"
2019-11-12,2019111201004879,NMB,51,35,940,380.00,"357,200.00"
2019-11-12,2019111201004878,NMB,51,45,60,380.00,"22,800.00"
2019-11-12,2019111201004810,NMB,45,45,100,380.00,"38,000.00"
2019-11-12,2019111201004805,NMB,45,45,100,380.00,"38,000.00"
2019-11-12,2019111201004765,NMB,45,45,30,380.00,"11,400.00"
2019-11-12,2019111201004645,NMBMF,38,32,31,497.00,"15,407.00"
2019-11-12,2019111201005021,NNLB,32,37,10,469.00,"4,690.00"
2019-11-12,2019111201004930,NNLB,37,40,150,460.00,"69,000.00"
2019-11-12,2019111201004848,NNLB,37,40,100,460.00,"46,000.00"
2019-11-12,2019111201004819,NNLB,37,40,100,460.00,"46,000.00"
2019-11-12,2019111201004818,NNLB,21,40,100,460.00,"46,000.00"
2019-11-12,2019111201004737,NSEWA,19,58,40,378.00,"15,120.00"
2019-11-12,2019111201004718,NSEWA,38,58,50,380.00,"19,000.00"
2019-11-12,2019111201005001,NTC,6,44,400,620.00,"248,000.00"
2019-11-12,2019111201004997,NTC,43,34,10,622.00,"6,220.00"
2019-11-12,2019111201004970,NTC,6,36,100,620.00,"62,000.00"
2019-11-12,2019111201004960,NTC,6,44,"1,000",620.00,"620,000.00"
2019-11-12,2019111201004809,NTC,6,34,140,618.00,"86,520.00"
2019-11-12,2019111201004808,NTC,6,34,20,618.00,"12,360.00"
2019-11-12,2019111201004741,NTC,6,54,20,618.00,"12,360.00"
2019-11-12,2019111201004740,NTC,34,54,30,618.00,"18,540.00"
2019-11-12,2019111201005012,NUBL,41,28,216,905.00,"195,480.00"
2019-11-12,2019111201004991,NUBL,41,28,500,905.00,"452,500.00"
2019-11-12,2019111201004846,NUBL,41,58,10,905.00,"9,050.00"
2019-11-12,2019111201004833,NUBL,1,58,20,906.00,"18,120.00"
2019-11-12,2019111201004832,NUBL,25,58,20,906.00,"18,120.00"
2019-11-12,2019111201005023,OHL,50,19,20,450.00,"9,000.00"
2019-11-12,2019111201004619,OHL,47,57,200,450.00,"90,000.00"
2019-11-12,2019111201005017,PCBL,38,39,100,268.00,"26,800.00"
2019-11-12,2019111201004996,PCBL,42,39,50,268.00,"13,400.00"
2019-11-12,2019111201004983,PCBL,34,39,108,268.00,"28,944.00"
2019-11-12,2019111201004982,PCBL,34,58,192,268.00,"51,456.00"
2019-11-12,2019111201004940,PCBL,19,58,100,268.00,"26,800.00"
2019-11-12,2019111201004901,PCBL,7,58,208,268.00,"55,744.00"
2019-11-12,2019111201004900,PCBL,7,44,792,268.00,"212,256.00"
2019-11-12,2019111201004849,PCBL,34,17,14,267.00,"3,738.00"
2019-11-12,2019111201004695,PCBL,57,44,508,268.00,"136,144.00"
2019-11-12,2019111201004656,PCBL,26,44,200,268.00,"53,600.00"
2019-11-12,2019111201004547,PCBL,40,44,27,268.00,"7,236.00"
2019-11-12,2019111201004844,PIC,42,41,47,357.00,"16,779.00"
2019-11-12,2019111201004843,PIC,45,41,27,357.00,"9,639.00"
2019-11-12,2019111201004842,PIC,39,41,14,357.00,"4,998.00"
2019-11-12,2019111201004841,PIC,29,41,10,358.00,"3,580.00"
2019-11-12,2019111201004543,PIC,52,39,20,360.00,"7,200.00"
2019-11-12,2019111201005031,PPCL,53,51,30,92.00,"2,760.00"
2019-11-12,2019111201004807,PPCL,53,51,30,92.00,"2,760.00"
2019-11-12,2019111201004955,PRIN,49,50,100,310.00,"31,000.00"
2019-11-12,2019111201004774,PRIN,49,14,200,310.00,"62,000.00"
2019-11-12,2019111201005000,PRVU,22,42,300,228.00,"68,400.00"
2019-11-12,2019111201004984,PRVU,52,42,200,228.00,"45,600.00"
2019-11-12,2019111201004981,PRVU,38,44,100,228.00,"22,800.00"
2019-11-12,2019111201004946,PRVU,34,17,278,227.00,"63,106.00"
2019-11-12,2019111201004945,PRVU,25,17,200,227.00,"45,400.00"
2019-11-12,2019111201004944,PRVU,54,17,522,227.00,"118,494.00"
2019-11-12,2019111201004922,PRVU,54,17,800,227.00,"181,600.00"
2019-11-12,2019111201004836,PRVU,54,22,20,227.00,"4,540.00"
2019-11-12,2019111201004714,RBCL,14,28,10,"8,046.00","80,460.00"
2019-11-12,2019111201004713,RBCL,49,28,10,"8,047.00","80,470.00"
2019-11-12,2019111201004607,RHPC,14,40,52,79.00,"4,108.00"
2019-11-12,2019111201004610,RHPC,34,40,100,78.00,"7,800.00"
2019-11-12,2019111201004609,RHPC,1,40,100,78.00,"7,800.00"
2019-11-12,2019111201004608,RHPC,56,40,10,79.00,790.00
2019-11-12,2019111201005022,RHPL,59,14,300,168.00,"50,400.00"
2019-11-12,2019111201004928,RHPL,59,59,75,168.00,"12,600.00"
2019-11-12,2019111201004924,RHPL,59,59,425,168.00,"71,400.00"
2019-11-12,2019111201004898,RHPL,59,58,30,168.00,"5,040.00"
2019-11-12,2019111201004865,RHPL,59,59,45,168.00,"7,560.00"
2019-11-12,2019111201004817,RHPL,59,59,500,168.00,"84,000.00"
2019-11-12,2019111201004703,RHPL,59,1,30,168.00,"5,040.00"
2019-11-12,2019111201004593,RHPL,59,26,40,168.00,"6,720.00"
2019-11-12,2019111201004801,RHPL,59,59,455,168.00,"76,440.00"
2019-11-12,2019111201004789,RHPL,59,40,45,168.00,"7,560.00"
2019-11-12,2019111201004788,RHPL,16,40,200,168.00,"33,600.00"
2019-11-12,2019111201004787,RHPL,59,40,255,168.00,"42,840.00"
2019-11-12,2019111201004776,RHPL,59,51,40,168.00,"6,720.00"
2019-11-12,2019111201004731,RHPL,59,1,30,168.00,"5,040.00"
2019-11-12,2019111201004880,RSDC,26,33,30,319.00,"9,570.00"
2019-11-12,2019111201004699,RSDC,35,58,70,317.00,"22,190.00"
2019-11-12,2019111201004690,RSDC,53,33,470,318.00,"149,460.00"
2019-11-12,2019111201004688,RSDC,53,58,30,318.00,"9,540.00"
2019-11-12,2019111201004671,RSDC,45,58,150,319.00,"47,850.00"
2019-11-12,2019111201004556,RSDC,58,33,100,320.00,"32,000.00"
2019-11-12,2019111201004866,SABSL,5,1,20,526.00,"10,520.00"
2019-11-12,2019111201004845,SABSL,34,25,100,524.00,"52,400.00"
2019-11-12,2019111201004829,SABSL,48,25,29,525.00,"15,225.00"
2019-11-12,2019111201004828,SABSL,48,25,31,525.00,"16,275.00"
2019-11-12,2019111201004827,SABSL,41,1,30,527.00,"15,810.00"
2019-11-12,2019111201004804,SABSL,48,16,269,525.00,"141,225.00"
2019-11-12,2019111201004578,SABSL,56,28,40,528.00,"21,120.00"
2019-11-12,2019111201004803,SABSL,19,16,31,526.00,"16,306.00"
2019-11-12,2019111201004743,SABSL,19,50,59,526.00,"31,034.00"
2019-11-12,2019111201004647,SABSL,19,58,50,526.00,"26,300.00"
2019-11-12,2019111201004633,SABSL,22,58,10,527.00,"5,270.00"
2019-11-12,2019111201004631,SABSL,22,28,50,527.00,"26,350.00"
2019-11-12,2019111201004606,SABSL,22,26,10,527.00,"5,270.00"
2019-11-12,2019111201004971,SANIMA,14,22,30,305.00,"9,150.00"
2019-11-12,2019111201004686,SANIMA,56,56,49,306.00,"14,994.00"
2019-11-12,2019111201004685,SANIMA,1,56,500,306.00,"153,000.00"
2019-11-12,2019111201004684,SANIMA,22,56,159,306.00,"48,654.00"
2019-11-12,2019111201004676,SANIMA,22,56,341,306.00,"104,346.00"
2019-11-12,2019111201004675,SANIMA,57,56,600,306.00,"183,600.00"
2019-11-12,2019111201004674,SANIMA,59,56,300,306.00,"91,800.00"
2019-11-12,2019111201004673,SANIMA,47,56,109,306.00,"33,354.00"
2019-11-12,2019111201004672,SANIMA,47,56,150,306.00,"45,900.00"
2019-11-12,2019111201004806,SAPDBL,55,49,60,119.00,"7,140.00"
2019-11-12,2019111201004942,SBL,14,14,"2,651",291.00,"771,441.00"
2019-11-12,2019111201004555,SBL,33,36,80,292.00,"23,360.00"
2019-11-12,2019111201004964,SCB,11,55,100,549.00,"54,900.00"
2019-11-12,2019111201004618,SCB,45,6,20,546.00,"10,920.00"
2019-11-12,2019111201004786,SDESI,46,25,10,652.00,"6,520.00"
2019-11-12,2019111201004784,SDESI,46,22,14,640.00,"8,960.00"
2019-11-12,2019111201005030,SHIVM,48,52,10,488.00,"4,880.00"
2019-11-12,2019111201005002,SHIVM,26,35,400,487.00,"194,800.00"
2019-11-12,2019111201004972,SHIVM,26,35,100,487.00,"48,700.00"
2019-11-12,2019111201004883,SHIVM,45,25,50,485.00,"24,250.00"
2019-11-12,2019111201004835,SHIVM,45,22,350,485.00,"169,750.00"
2019-11-12,2019111201004834,SHIVM,35,22,150,485.00,"72,750.00"
2019-11-12,2019111201004750,SHIVM,35,51,50,485.00,"24,250.00"
2019-11-12,2019111201004724,SHL,52,40,100,207.00,"20,700.00"
2019-11-12,2019111201004962,SHPC,57,34,36,187.00,"6,732.00"
2019-11-12,2019111201004961,SHPC,48,34,44,187.00,"8,228.00"
2019-11-12,2019111201004780,SIC,37,52,50,460.00,"23,000.00"
2019-11-12,2019111201004802,SJCL,52,45,190,164.00,"31,160.00"
2019-11-12,2019111201004764,SJCL,35,51,20,163.00,"3,260.00"
2019-11-12,2019111201004758,SJCL,45,45,10,164.00,"1,640.00"
2019-11-12,2019111201004748,SJCL,35,1,20,163.00,"3,260.00"
2019-11-12,2019111201004708,SJCL,35,1,20,163.00,"3,260.00"
2019-11-12,2019111201004630,SJCL,35,26,20,163.00,"3,260.00"
2019-11-12,2019111201004710,SKBBL,22,50,100,940.00,"94,000.00"
2019-11-12,2019111201004620,SKBBL,22,32,15,939.00,"14,085.00"
2019-11-12,2019111201004603,SKBBL,22,32,15,938.00,"14,070.00"
2019-11-12,2019111201004602,SKBBL,22,32,15,938.00,"14,070.00"
2019-11-12,2019111201004546,SKBBL,22,50,130,937.00,"121,810.00"
2019-11-12,2019111201004929,SLBBL,58,42,200,601.00,"120,200.00"
2019-11-12,2019111201005027,SLBSL,57,55,30,725.00,"21,750.00"
2019-11-12,2019111201005026,SLBSL,49,55,20,725.00,"14,500.00"
2019-11-12,2019111201005018,SLICL,21,22,10,254.00,"2,540.00"
2019-11-12,2019111201004658,SLICL,5,36,47,254.00,"11,938.00"
2019-11-12,2019111201004657,SLICL,52,36,100,255.00,"25,500.00"
2019-11-12,2019111201004660,SLICL,29,36,353,253.00,"89,309.00"
2019-11-12,2019111201004659,SLICL,1,36,200,254.00,"50,800.00"
2019-11-12,2019111201004797,SMFBS,25,21,10,780.00,"7,800.00"
2019-11-12,2019111201004980,SMFDB,7,14,20,520.00,"10,400.00"
2019-11-12,2019111201004716,SMFDB,7,5,190,520.00,"98,800.00"
2019-11-12,2019111201004704,SMFDB,50,7,10,510.00,"5,100.00"
2019-11-12,2019111201004601,SPARS,57,58,14,522.00,"7,308.00"
2019-11-12,2019111201004600,SPARS,32,58,16,523.00,"8,368.00"
2019-11-12,2019111201004542,SRBL,34,51,500,212.00,"106,000.00"
2019-11-12,2019111201004884,SWBBL,10,7,60,935.00,"56,100.00"
2019-11-12,2019111201004990,TRH,45,22,21,275.00,"5,775.00"
2019-11-12,2019111201004995,UPCL,13,51,100,78.00,"7,800.00"
2019-11-12,2019111201004952,UPCL,19,45,10,79.00,790.00
2019-11-12,2019111201004943,UPCL,19,58,500,78.00,"39,000.00"
2019-11-12,2019111201004899,UPCL,13,47,170,77.00,"13,090.00"
2019-11-12,2019111201004874,UPCL,13,47,680,77.00,"52,360.00"
2019-11-12,2019111201004799,UPCL,13,51,50,77.00,"3,850.00"
2019-11-12,2019111201004729,UPCL,13,51,100,77.00,"7,700.00"
2019-11-12,2019111201004698,UPCL,13,55,200,78.00,"15,600.00"
2019-11-12,2019111201004795,UPPER,17,4,100,233.00,"23,300.00"
2019-11-12,2019111201004545,UPPER,25,4,20,233.00,"4,660.00"
2019-11-12,2019111201004473,ADBL,39,49,425,418.00,"177,650.00"
2019-11-12,2019111201004339,ADBL,39,26,200,418.00,"83,600.00"
2019-11-12,2019111201004264,ADBL,39,47,600,418.00,"250,800.00"
2019-11-12,2019111201004223,ADBL,39,59,100,418.00,"41,800.00"
2019-11-12,2019111201004213,ADBL,39,59,100,418.00,"41,800.00"
2019-11-12,2019111201004211,ADBL,39,45,150,418.00,"62,700.00"
2019-11-12,2019111201004049,ADBL,39,41,100,418.00,"41,800.00"
2019-11-12,2019111201004246,AKBSL,7,55,10,420.00,"4,200.00"
2019-11-12,2019111201004245,AKBSL,7,36,10,420.00,"4,200.00"
2019-11-12,2019111201004244,AKBSL,7,34,10,420.00,"4,200.00"
2019-11-12,2019111201004453,AKJCL,56,56,10,58.00,580.00
2019-11-12,2019111201004391,AKJCL,11,21,100,57.00,"5,700.00"
2019-11-12,2019111201004171,ALBSL,22,5,30,395.00,"11,850.00"
2019-11-12,2019111201004382,ALICL,13,58,100,312.00,"31,200.00"
2019-11-12,2019111201004381,ALICL,59,58,109,312.00,"34,008.00"
2019-11-12,2019111201004377,ALICL,59,21,17,312.00,"5,304.00"
2019-11-12,2019111201004189,ALICL,59,34,374,312.00,"116,688.00"
2019-11-12,2019111201004188,ALICL,50,34,100,312.00,"31,200.00"
2019-11-12,2019111201004187,ALICL,22,34,100,313.00,"31,300.00"
2019-11-12,2019111201004497,API,51,25,11,104.00,"1,144.00"
2019-11-12,2019111201004451,API,51,25,600,104.00,"62,400.00"
2019-11-12,2019111201004450,API,11,25,300,104.00,"31,200.00"
2019-11-12,2019111201004449,API,42,25,100,104.00,"10,400.00"
2019-11-12,2019111201004448,API,51,25,500,104.00,"52,000.00"
2019-11-12,2019111201004338,API,25,58,50,106.00,"5,300.00"
2019-11-12,2019111201004070,API,4,58,200,106.00,"21,200.00"
2019-11-12,2019111201004063,API,16,58,200,106.00,"21,200.00"
2019-11-12,2019111201004151,API,34,49,500,104.00,"52,000.00"
2019-11-12,2019111201004150,API,48,49,300,105.00,"31,500.00"
2019-11-12,2019111201004149,API,34,49,300,105.00,"31,500.00"
2019-11-12,2019111201004148,API,34,49,300,105.00,"31,500.00"
2019-11-12,2019111201004147,API,10,49,500,105.00,"52,500.00"
2019-11-12,2019111201004146,API,29,49,154,105.00,"16,170.00"
2019-11-12,2019111201004165,API,25,49,"1,754",104.00,"182,416.00"
2019-11-12,2019111201004156,API,25,49,"1,246",104.00,"129,584.00"
2019-11-12,2019111201004155,API,14,49,200,104.00,"20,800.00"
2019-11-12,2019111201004154,API,42,49,110,104.00,"11,440.00"
2019-11-12,2019111201004153,API,52,49,190,104.00,"19,760.00"
2019-11-12,2019111201004152,API,22,49,200,104.00,"20,800.00"
2019-11-12,2019111201004179,API,34,49,176,104.00,"18,304.00"
2019-11-12,2019111201004168,API,19,49,70,104.00,"7,280.00"
2019-11-12,2019111201004167,API,41,49,"1,000",104.00,"104,000.00"
2019-11-12,2019111201004166,API,52,49,"1,000",104.00,"104,000.00"
2019-11-12,2019111201004212,BOKL,52,52,72,223.00,"16,056.00"
2019-11-12,2019111201004068,BOKL,22,52,300,223.00,"66,900.00"
2019-11-12,2019111201004261,BPCL,46,46,2,351.00,702.00
2019-11-12,2019111201004202,BPCL,33,33,100,358.00,"35,800.00"
2019-11-12,2019111201004380,CBBL,58,58,10,980.00,"9,800.00"
2019-11-12,2019111201004511,CBL,32,13,200,140.00,"28,000.00"
2019-11-12,2019111201004468,CBL,29,6,181,139.00,"25,159.00"
2019-11-12,2019111201004312,CCBL,46,46,1,153.00,153.00
2019-11-12,2019111201004215,CCBL,52,16,10,156.00,"1,560.00"
2019-11-12,2019111201004205,CCBL,49,44,822,155.00,"127,410.00"
2019-11-12,2019111201004519,CHCL,14,13,100,453.00,"45,300.00"
2019-11-12,2019111201004510,CHCL,14,1,333,453.00,"150,849.00"
2019-11-12,2019111201004509,CHCL,16,1,100,453.00,"45,300.00"
2019-11-12,2019111201004508,CHCL,32,1,67,453.00,"30,351.00"
2019-11-12,2019111201004422,CHCL,32,56,33,453.00,"14,949.00"
2019-11-12,2019111201004419,CHCL,49,56,100,453.00,"45,300.00"
2019-11-12,2019111201004084,CHCL,29,55,88,453.00,"39,864.00"
2019-11-12,2019111201004083,CHCL,29,55,220,453.00,"99,660.00"
2019-11-12,2019111201004082,CHCL,29,34,10,452.00,"4,520.00"
2019-11-12,2019111201004126,CHCL,35,44,150,454.00,"68,100.00"
2019-11-12,2019111201004125,CHCL,35,40,"1,000",454.00,"454,000.00"
2019-11-12,2019111201004124,CHCL,35,22,150,454.00,"68,100.00"
2019-11-12,2019111201004113,CHCL,33,21,188,453.00,"85,164.00"
2019-11-12,2019111201004086,CHCL,29,21,62,453.00,"28,086.00"
2019-11-12,2019111201004085,CHCL,29,55,120,453.00,"54,360.00"
2019-11-12,2019111201004216,CHCL,33,56,88,453.00,"39,864.00"
2019-11-12,2019111201004214,CHCL,33,44,150,453.00,"67,950.00"
2019-11-12,2019111201004143,CHCL,35,56,324,454.00,"147,096.00"
2019-11-12,2019111201004129,CHCL,35,36,208,454.00,"94,432.00"
2019-11-12,2019111201004128,CHCL,35,52,50,454.00,"22,700.00"
2019-11-12,2019111201004127,CHCL,35,44,118,454.00,"53,572.00"
2019-11-12,2019111201004418,CHCL,57,56,53,453.00,"24,009.00"
2019-11-12,2019111201004402,CHCL,57,45,200,453.00,"90,600.00"
2019-11-12,2019111201004401,CHCL,57,45,47,453.00,"21,291.00"
2019-11-12,2019111201004295,CHCL,6,37,48,452.00,"21,696.00"
2019-11-12,2019111201004265,CHCL,51,45,200,453.00,"90,600.00"
2019-11-12,2019111201004230,CHCL,33,56,174,453.00,"78,822.00"
2019-11-12,2019111201004516,CHL,58,6,54,79.00,"4,266.00"
2019-11-12,2019111201004487,CHL,10,6,446,80.00,"35,680.00"
2019-11-12,2019111201004425,CIT,5,51,23,"1,763.00","40,549.00"
2019-11-12,2019111201004375,CIT,14,51,23,"1,763.00","40,549.00"
2019-11-12,2019111201004278,CIT,19,51,54,"1,763.00","95,202.00"
2019-11-12,2019111201004258,CIT,19,29,146,"1,763.00","257,398.00"
2019-11-12,2019111201004257,CIT,22,29,20,"1,764.00","35,280.00"
2019-11-12,2019111201004087,CLBSL,58,22,11,454.00,"4,994.00"
2019-11-12,2019111201004318,CZBIL,16,53,"1,000",189.00,"189,000.00"
2019-11-12,2019111201004275,CZBIL,1,54,10,188.00,"1,880.00"
2019-11-12,2019111201004274,CZBIL,32,54,50,188.00,"9,400.00"
2019-11-12,2019111201004273,CZBIL,51,54,200,188.00,"37,600.00"
2019-11-12,2019111201004272,CZBIL,44,54,40,188.00,"7,520.00"
2019-11-12,2019111201004379,DDBL,44,54,212,751.00,"159,212.00"
2019-11-12,2019111201004378,DDBL,14,54,200,752.00,"150,400.00"
2019-11-12,2019111201004342,DDBL,14,13,80,756.00,"60,480.00"
2019-11-12,2019111201004341,DDBL,14,26,142,755.00,"107,210.00"
2019-11-12,2019111201004340,DDBL,14,40,100,755.00,"75,500.00"
2019-11-12,2019111201004415,DHPL,51,21,200,49.00,"9,800.00"
2019-11-12,2019111201004452,EBL,36,51,30,552.00,"16,560.00"
2019-11-12,2019111201004194,EBL,5,29,10,555.00,"5,550.00"
2019-11-12,2019111201004325,EIC,51,41,234,221.00,"51,714.00"
2019-11-12,2019111201004324,EIC,45,41,200,222.00,"44,400.00"
2019-11-12,2019111201004323,EIC,55,41,20,222.00,"4,440.00"
2019-11-12,2019111201004322,EIC,38,41,42,224.00,"9,408.00"
2019-11-12,2019111201004321,EIC,22,41,20,224.00,"4,480.00"
2019-11-12,2019111201004108,FMDBL,6,41,200,306.00,"61,200.00"
2019-11-12,2019111201004107,FMDBL,56,41,100,307.00,"30,700.00"
2019-11-12,2019111201004106,FMDBL,1,41,49,307.00,"15,043.00"
2019-11-12,2019111201004105,FMDBL,22,41,100,310.00,"31,000.00"
2019-11-12,2019111201004315,FOWAD,52,54,"1,079","1,343.00","1,449,097.00"
2019-11-12,2019111201004314,FOWAD,44,54,100,"1,344.00","134,400.00"
2019-11-12,2019111201004313,FOWAD,32,54,10,"1,344.00","13,440.00"
2019-11-12,2019111201004190,GBBL,55,4,29,221.00,"6,409.00"
2019-11-12,2019111201004427,GBLBS,58,51,5,310.00,"1,550.00"
2019-11-12,2019111201004426,GBLBS,41,51,10,310.00,"3,100.00"
2019-11-12,2019111201004360,GBLBS,41,45,10,310.00,"3,100.00"
2019-11-12,2019111201004200,GFCL,5,11,40,131.00,"5,240.00"
2019-11-12,2019111201004199,GFCL,47,11,100,132.00,"13,200.00"
2019-11-12,2019111201004483,GILB,13,32,12,750.00,"9,000.00"
2019-11-12,2019111201004231,GILB,46,46,3,735.00,"2,205.00"
2019-11-12,2019111201004368,GLBSL,19,48,10,450.00,"4,500.00"
2019-11-12,2019111201004367,GLBSL,19,42,10,450.00,"4,500.00"
2019-11-12,2019111201004366,GLBSL,19,37,10,450.00,"4,500.00"
2019-11-12,2019111201004228,GLBSL,19,39,10,451.00,"4,510.00"
2019-11-12,2019111201004227,GLBSL,19,39,10,451.00,"4,510.00"
2019-11-12,2019111201004073,GLBSL,19,45,10,452.00,"4,520.00"
2019-11-12,2019111201004072,GLBSL,19,11,10,452.00,"4,520.00"
2019-11-12,2019111201004067,GLBSL,19,54,10,450.00,"4,500.00"
2019-11-12,2019111201004066,GLBSL,19,6,15,450.00,"6,750.00"
2019-11-12,2019111201004363,GLICL,46,41,100,356.00,"35,600.00"
2019-11-12,2019111201004362,GLICL,57,41,100,356.00,"35,600.00"
2019-11-12,2019111201004191,GLICL,46,46,1,354.00,354.00
2019-11-12,2019111201004524,GMFBS,56,53,10,480.00,"4,800.00"
2019-11-12,2019111201004523,GMFBS,56,21,390,480.00,"187,200.00"
2019-11-12,2019111201004290,GMFIL,1,21,13,114.00,"1,482.00"
2019-11-12,2019111201004482,HBL,38,41,10,483.00,"4,830.00"
2019-11-12,2019111201004515,HDL,28,25,30,"1,840.00","55,200.00"
2019-11-12,2019111201004514,HDL,28,52,30,"1,840.00","55,200.00"
2019-11-12,2019111201004513,HDL,28,58,40,"1,836.00","73,440.00"
2019-11-12,2019111201004494,HDL,26,56,140,"1,835.00","256,900.00"
2019-11-12,2019111201004489,HDL,58,56,30,"1,835.00","55,050.00"
2019-11-12,2019111201004488,HDL,58,3,20,"1,834.00","36,680.00"
2019-11-12,2019111201004279,HDL,58,54,200,"1,830.00","366,000.00"
2019-11-12,2019111201004271,HDL,52,3,20,"1,829.00","36,580.00"
2019-11-12,2019111201004186,HDL,49,58,"3,440","1,800.00","6,192,000.00"
2019-11-12,2019111201004100,HDL,49,58,"3,440","1,800.00","6,192,000.00"
2019-11-12,2019111201004446,HDL,56,56,50,"1,835.00","91,750.00"
2019-11-12,2019111201004383,HDL,42,56,30,"1,835.00","55,050.00"
2019-11-12,2019111201004326,HDL,58,53,100,"1,835.00","183,500.00"
2019-11-12,2019111201004300,HDL,25,58,40,"1,836.00","73,440.00"
2019-11-12,2019111201004299,HDL,25,54,10,"1,835.00","18,350.00"
2019-11-12,2019111201004280,HDL,58,53,100,"1,835.00","183,500.00"
2019-11-12,2019111201004232,HIDCL,38,29,"1,000",132.00,"132,000.00"
2019-11-12,2019111201004384,IGI,49,21,160,285.00,"45,600.00"
2019-11-12,2019111201004222,ILBS,45,54,10,461.00,"4,610.00"
2019-11-12,2019111201004074,ILBS,1,46,10,462.00,"4,620.00"
2019-11-12,2019111201004462,JFL,56,28,300,193.00,"57,900.00"
2019-11-12,2019111201004461,JFL,17,28,200,193.00,"38,600.00"
2019-11-12,2019111201004460,JFL,14,28,21,194.00,"4,074.00"
2019-11-12,2019111201004459,JFL,47,28,100,194.00,"19,400.00"
2019-11-12,2019111201004458,JFL,48,28,10,195.00,"1,950.00"
2019-11-12,2019111201004398,KBL,21,6,20,181.00,"3,620.00"
2019-11-12,2019111201004297,KBL,5,34,146,180.00,"26,280.00"
2019-11-12,2019111201004177,KBL,58,34,100,180.00,"18,000.00"
2019-11-12,2019111201004176,KBL,19,34,500,180.00,"90,000.00"
2019-11-12,2019111201004175,KBL,59,34,300,180.00,"54,000.00"
2019-11-12,2019111201004174,KBL,6,34,"1,000",180.00,"180,000.00"
2019-11-12,2019111201004173,KBL,19,34,154,180.00,"27,720.00"
2019-11-12,2019111201004420,KKHC,46,21,54,53.00,"2,862.00"
2019-11-12,2019111201004260,KRBL,38,26,66,100.00,"6,600.00"
2019-11-12,2019111201004051,KRBL,22,55,100,102.00,"10,200.00"
2019-11-12,2019111201004412,KSBBL,10,44,600,141.00,"84,600.00"
2019-11-12,2019111201004303,KSBBL,45,44,621,141.00,"87,561.00"
2019-11-12,2019111201004209,KSBBL,26,44,545,141.00,"76,845.00"
2019-11-12,2019111201004057,LBBL,19,6,35,173.00,"6,055.00"
2019-11-12,2019111201004056,LBBL,19,6,35,173.00,"6,055.00"
2019-11-12,2019111201004055,LBBL,19,6,35,173.00,"6,055.00"
2019-11-12,2019111201004243,LBL,36,43,35,218.00,"7,630.00"
2019-11-12,2019111201004242,LBL,56,43,20,218.00,"4,360.00"
2019-11-12,2019111201004241,LBL,29,43,112,218.00,"24,416.00"
2019-11-12,2019111201004240,LBL,29,43,185,218.00,"40,330.00"
2019-11-12,2019111201004239,LBL,55,43,500,218.00,"109,000.00"
2019-11-12,2019111201004238,LBL,53,43,106,218.00,"23,108.00"
2019-11-12,2019111201004090,LBL,14,34,17,219.00,"3,723.00"
2019-11-12,2019111201004089,LBL,34,34,980,219.00,"214,620.00"
2019-11-12,2019111201004237,LBL,42,43,300,218.00,"65,400.00"
2019-11-12,2019111201004236,LBL,14,43,200,218.00,"43,600.00"
2019-11-12,2019111201004235,LBL,5,43,20,218.00,"4,360.00"
2019-11-12,2019111201004234,LBL,6,43,100,218.00,"21,800.00"
2019-11-12,2019111201004233,LBL,14,43,384,218.00,"83,712.00"
2019-11-12,2019111201004091,LBL,45,34,500,219.00,"109,500.00"
2019-11-12,2019111201004481,LGIL,42,42,50,319.00,"15,950.00"
2019-11-12,2019111201004298,LGIL,44,21,500,316.00,"158,000.00"
2019-11-12,2019111201004386,MBL,44,14,500,228.00,"114,000.00"
2019-11-12,2019111201004316,MBL,44,14,500,228.00,"114,000.00"
2019-11-12,2019111201004466,MDB,18,17,100,241.00,"24,100.00"
2019-11-12,2019111201004034,MEGA,53,6,83,186.00,"15,438.00"
2019-11-12,2019111201004033,MEGA,53,6,87,186.00,"16,182.00"
2019-11-12,2019111201004036,MEGA,53,29,230,186.00,"42,780.00"
2019-11-12,2019111201004035,MEGA,53,36,"1,000",186.00,"186,000.00"
2019-11-12,2019111201004359,MERO,26,22,10,431.00,"4,310.00"
2019-11-12,2019111201004178,MERO,46,46,4,424.00,"1,696.00"
2019-11-12,2019111201004512,MHNL,40,48,98,76.00,"7,448.00"
2019-11-12,2019111201004133,MHNL,38,59,60,77.00,"4,620.00"
2019-11-12,2019111201004286,MLBBL,26,38,36,425.00,"15,300.00"
2019-11-12,2019111201004270,MLBBL,49,49,11,430.00,"4,730.00"
2019-11-12,2019111201004269,MLBBL,49,44,34,428.00,"14,552.00"
2019-11-12,2019111201004197,MLBBL,22,44,14,428.00,"5,992.00"
2019-11-12,2019111201004103,MLBBL,37,49,39,427.00,"16,653.00"
2019-11-12,2019111201004102,MLBBL,37,32,23,426.00,"9,798.00"
2019-11-12,2019111201004101,MLBBL,37,32,23,425.00,"9,775.00"
2019-11-12,2019111201004159,MSLB,50,22,16,863.00,"13,808.00"
2019-11-12,2019111201004122,MSLB,16,22,10,863.00,"8,630.00"
2019-11-12,2019111201004219,MSMBS,46,38,50,459.00,"22,950.00"
2019-11-12,2019111201004218,MSMBS,16,38,150,460.00,"69,000.00"
2019-11-12,2019111201004217,MSMBS,16,38,17,461.00,"7,837.00"
2019-11-12,2019111201004520,NABIL,44,52,300,750.00,"225,000.00"
2019-11-12,2019111201004474,NABIL,47,59,10,752.00,"7,520.00"
2019-11-12,2019111201004374,NABIL,17,48,65,749.00,"48,685.00"
2019-11-12,2019111201004320,NABIL,16,6,"1,300",750.00,"975,000.00"
2019-11-12,2019111201004294,NABIL,16,26,200,750.00,"150,000.00"
2019-11-12,2019111201004170,NABIL,16,6,281,750.00,"210,750.00"
2019-11-12,2019111201004169,NABIL,16,6,"1,129",750.00,"846,750.00"
2019-11-12,2019111201004282,NADEP,13,22,20,391.00,"7,820.00"
2019-11-12,2019111201004276,NADEP,42,45,20,396.00,"7,920.00"
2019-11-12,2019111201004130,NADEP,13,32,10,391.00,"3,910.00"
2019-11-12,2019111201004114,NADEP,13,22,20,391.00,"7,820.00"
2019-11-12,2019111201004094,NADEP,13,54,20,391.00,"7,820.00"
2019-11-12,2019111201004522,NBL,32,22,500,305.00,"152,500.00"
2019-11-12,2019111201004521,NBL,58,22,250,305.00,"76,250.00"
2019-11-12,2019111201004475,NBL,58,35,50,305.00,"15,250.00"
2019-11-12,2019111201004397,NBL,56,22,500,305.00,"152,500.00"
2019-11-12,2019111201004396,NBL,3,22,100,305.00,"30,500.00"
2019-11-12,2019111201004358,NBL,3,22,300,305.00,"91,500.00"
2019-11-12,2019111201004042,NBL,58,34,"1,000",305.00,"305,000.00"
2019-11-12,2019111201004357,NBL,22,22,300,305.00,"91,500.00"
2019-11-12,2019111201004047,NBL,1,34,74,305.00,"22,570.00"
2019-11-12,2019111201004046,NBL,59,34,300,305.00,"91,500.00"
2019-11-12,2019111201004045,NBL,43,34,500,305.00,"152,500.00"
2019-11-12,2019111201004044,NBL,32,34,"1,000",305.00,"305,000.00"
2019-11-12,2019111201004043,NBL,7,34,126,305.00,"38,430.00"
2019-11-12,2019111201004078,NCCB,25,26,34,204.00,"6,936.00"
2019-11-12,2019111201004069,NCCB,25,36,10,205.00,"2,050.00"
2019-11-12,2019111201004337,NHDL,57,4,100,96.00,"9,600.00"
2019-11-12,2019111201004064,NHPC,32,25,200,54.00,"10,800.00"
2019-11-12,2019111201004493,NIB,16,44,200,453.00,"90,600.00"
2019-11-12,2019111201004492,NIB,16,16,100,453.00,"45,300.00"
2019-11-12,2019111201004491,NIB,16,32,240,453.00,"108,720.00"
2019-11-12,2019111201004486,NIB,50,51,50,452.00,"22,600.00"
2019-11-12,2019111201004404,NIB,46,46,1,444.00,444.00
2019-11-12,2019111201004309,NIB,8,32,660,453.00,"298,980.00"
2019-11-12,2019111201004193,NIB,50,7,100,452.00,"45,200.00"
2019-11-12,2019111201004172,NIB,46,46,1,443.00,443.00
2019-11-12,2019111201004040,NIB,50,28,69,452.00,"31,188.00"
2019-11-12,2019111201004039,NIB,50,43,28,452.00,"12,656.00"
2019-11-12,2019111201004308,NIB,8,32,340,453.00,"154,020.00"
2019-11-12,2019111201004302,NIB,50,26,200,452.00,"90,400.00"
2019-11-12,2019111201004292,NIB,32,32,600,453.00,"271,800.00"
2019-11-12,2019111201004291,NIB,40,32,60,453.00,"27,180.00"
2019-11-12,2019111201004285,NIB,33,51,139,455.00,"63,245.00"
2019-11-12,2019111201004198,NIB,43,45,600,453.00,"271,800.00"
2019-11-12,2019111201004256,NIBPO,8,4,20,410.00,"8,200.00"
2019-11-12,2019111201004255,NIBPO,10,4,100,411.00,"41,100.00"
2019-11-12,2019111201004181,NIBPO,10,4,100,411.00,"41,100.00"
2019-11-12,2019111201004111,NIBPO,44,40,100,417.00,"41,700.00"
2019-11-12,2019111201004110,NIBPO,44,25,237,415.00,"98,355.00"
2019-11-12,2019111201004088,NIBPO,40,40,10,417.00,"4,170.00"
2019-11-12,2019111201004281,NICA,10,33,20,400.00,"8,000.00"
2019-11-12,2019111201004268,NICA,6,54,43,399.00,"17,157.00"
2019-11-12,2019111201004267,NICA,48,54,200,399.00,"79,800.00"
2019-11-12,2019111201004266,NICA,42,54,60,399.00,"23,940.00"
2019-11-12,2019111201004472,NLIC,6,17,100,795.00,"79,500.00"
2019-11-12,2019111201004471,NLIC,6,26,56,795.00,"44,520.00"
2019-11-12,2019111201004465,NLIC,6,26,244,795.00,"193,980.00"
2019-11-12,2019111201004455,NLIC,6,26,500,795.00,"397,500.00"
2019-11-12,2019111201004432,NLIC,6,45,14,795.00,"11,130.00"
2019-11-12,2019111201004431,NLIC,6,28,486,794.00,"385,884.00"
2019-11-12,2019111201004336,NLIC,21,28,100,794.00,"79,400.00"
2019-11-12,2019111201004335,NLIC,21,6,100,793.00,"79,300.00"
2019-11-12,2019111201004075,NLIC,22,6,100,793.00,"79,300.00"
2019-11-12,2019111201004480,NLICL,50,26,100,421.00,"42,100.00"
2019-11-12,2019111201004532,NMB,34,59,50,380.00,"19,000.00"
2019-11-12,2019111201004531,NMB,55,59,50,380.00,"19,000.00"
2019-11-12,2019111201004530,NMB,38,59,"1,000",380.00,"380,000.00"
2019-11-12,2019111201004529,NMB,52,59,32,380.00,"12,160.00"
2019-11-12,2019111201004528,NMB,52,38,168,380.00,"63,840.00"
2019-11-12,2019111201004527,NMB,33,38,100,380.00,"38,000.00"
2019-11-12,2019111201004099,NMB,42,45,13,383.00,"4,979.00"
2019-11-12,2019111201004098,NMB,52,45,200,383.00,"76,600.00"
2019-11-12,2019111201004053,NMB,52,35,"1,483",383.00,"567,989.00"
2019-11-12,2019111201004052,NMB,21,35,200,383.00,"76,600.00"
2019-11-12,2019111201004163,NMB,6,59,"1,000",382.00,"382,000.00"
2019-11-12,2019111201004162,NMB,44,59,100,382.00,"38,200.00"
2019-11-12,2019111201004161,NMB,6,59,896,382.00,"342,272.00"
2019-11-12,2019111201004160,NMB,29,59,87,383.00,"33,321.00"
2019-11-12,2019111201004158,NMB,29,45,113,383.00,"43,279.00"
2019-11-12,2019111201004157,NMB,42,45,87,383.00,"33,321.00"
2019-11-12,2019111201004262,NMB,43,45,210,382.00,"80,220.00"
2019-11-12,2019111201004252,NMB,45,45,290,382.00,"110,780.00"
2019-11-12,2019111201004249,NMB,36,45,100,382.00,"38,200.00"
2019-11-12,2019111201004210,NMB,43,59,98,382.00,"37,436.00"
2019-11-12,2019111201004206,NMB,21,59,200,382.00,"76,400.00"
2019-11-12,2019111201004164,NMB,6,59,919,382.00,"351,058.00"
2019-11-12,2019111201004332,NMB,49,49,367,382.00,"140,194.00"
2019-11-12,2019111201004317,NMB,49,53,158,382.00,"60,356.00"
2019-11-12,2019111201004311,NMB,26,53,142,382.00,"54,244.00"
2019-11-12,2019111201004310,NMB,26,33,58,382.00,"22,156.00"
2019-11-12,2019111201004289,NMB,33,33,152,382.00,"58,064.00"
2019-11-12,2019111201004263,NMB,43,33,290,382.00,"110,780.00"
2019-11-12,2019111201004347,NMB,38,49,"1,000",381.00,"381,000.00"
2019-11-12,2019111201004346,NMB,6,49,300,381.00,"114,300.00"
2019-11-12,2019111201004345,NMB,39,49,50,381.00,"19,050.00"
2019-11-12,2019111201004344,NMB,44,49,"1,000",381.00,"381,000.00"
2019-11-12,2019111201004343,NMB,35,49,100,382.00,"38,200.00"
2019-11-12,2019111201004333,NMB,40,49,250,382.00,"95,500.00"
2019-11-12,2019111201004353,NMB,6,49,300,381.00,"114,300.00"
2019-11-12,2019111201004352,NMB,22,49,190,381.00,"72,390.00"
2019-11-12,2019111201004351,NMB,36,49,19,381.00,"7,239.00"
2019-11-12,2019111201004350,NMB,43,49,"1,000",381.00,"381,000.00"
2019-11-12,2019111201004349,NMB,14,49,500,381.00,"190,500.00"
2019-11-12,2019111201004348,NMB,42,49,500,381.00,"190,500.00"
2019-11-12,2019111201004394,NMB,36,42,50,381.00,"19,050.00"
2019-11-12,2019111201004393,NMB,35,42,100,381.00,"38,100.00"
2019-11-12,2019111201004392,NMB,13,42,396,381.00,"150,876.00"
2019-11-12,2019111201004370,NMB,13,49,100,382.00,"38,200.00"
2019-11-12,2019111201004355,NMB,13,49,104,381.00,"39,624.00"
2019-11-12,2019111201004354,NMB,13,49,37,381.00,"14,097.00"
2019-11-12,2019111201004437,NMB,54,49,63,382.00,"24,066.00"
2019-11-12,2019111201004435,NMB,38,49,954,381.00,"363,474.00"
2019-11-12,2019111201004434,NMB,29,49,546,381.00,"208,026.00"
2019-11-12,2019111201004414,NMB,29,45,"2,000",381.00,"762,000.00"
2019-11-12,2019111201004413,NMB,21,49,120,382.00,"45,840.00"
2019-11-12,2019111201004395,NMB,29,42,454,381.00,"172,974.00"
2019-11-12,2019111201004485,NMB,45,19,344,381.00,"131,064.00"
2019-11-12,2019111201004484,NMB,38,19,46,381.00,"17,526.00"
2019-11-12,2019111201004454,NMB,54,49,442,382.00,"168,844.00"
2019-11-12,2019111201004440,NMB,54,1,355,382.00,"135,610.00"
2019-11-12,2019111201004439,NMB,54,50,140,382.00,"53,480.00"
2019-11-12,2019111201004438,NMB,54,49,"1,000",382.00,"382,000.00"
2019-11-12,2019111201004503,NMB,41,45,200,380.00,"76,000.00"
2019-11-12,2019111201004502,NMB,36,45,10,380.00,"3,800.00"
2019-11-12,2019111201004501,NMB,57,45,50,380.00,"19,000.00"
2019-11-12,2019111201004500,NMB,5,45,72,380.00,"27,360.00"
2019-11-12,2019111201004495,NMB,45,49,15,381.00,"5,715.00"
2019-11-12,2019111201004490,NMB,45,42,41,381.00,"15,621.00"
2019-11-12,2019111201004526,NMB,38,38,300,380.00,"114,000.00"
2019-11-12,2019111201004525,NMB,6,38,352,380.00,"133,760.00"
2019-11-12,2019111201004507,NMB,6,45,148,380.00,"56,240.00"
2019-11-12,2019111201004506,NMB,4,45,"1,000",380.00,"380,000.00"
2019-11-12,2019111201004505,NMB,26,45,500,380.00,"190,000.00"
2019-11-12,2019111201004504,NMB,6,45,20,380.00,"7,600.00"
2019-11-12,2019111201004403,NMBMF,58,32,10,497.00,"4,970.00"
2019-11-12,2019111201004062,NMBMF,39,32,41,493.00,"20,213.00"
2019-11-12,2019111201004061,NMBMF,39,32,41,492.00,"20,172.00"
2019-11-12,2019111201004060,NMBMF,39,32,41,492.00,"20,172.00"
2019-11-12,2019111201004247,NTC,6,59,"1,000",620.00,"620,000.00"
2019-11-12,2019111201004096,NUBL,48,41,25,907.00,"22,675.00"
2019-11-12,2019111201004048,NUBL,44,28,284,908.00,"257,872.00"
2019-11-12,2019111201004441,PCBL,22,44,27,268.00,"7,236.00"
2019-11-12,2019111201004436,PCBL,14,44,204,268.00,"54,672.00"
2019-11-12,2019111201004416,PCBL,58,44,10,268.00,"2,680.00"
2019-11-12,2019111201004330,PCBL,34,49,37,267.00,"9,879.00"
2019-11-12,2019111201004329,PCBL,38,49,100,267.00,"26,700.00"
2019-11-12,2019111201004328,PCBL,41,49,60,267.00,"16,020.00"
2019-11-12,2019111201004327,PCBL,14,49,150,267.00,"40,050.00"
2019-11-12,2019111201004076,PCBL,38,44,200,268.00,"53,600.00"
2019-11-12,2019111201004038,PCBL,14,4,350,267.00,"93,450.00"
2019-11-12,2019111201004388,PIC,29,29,10,358.00,"3,580.00"
2019-11-12,2019111201004387,PIC,42,29,10,358.00,"3,580.00"
2019-11-12,2019111201004373,PIC,39,39,56,357.00,"19,992.00"
2019-11-12,2019111201004372,PIC,14,39,100,357.00,"35,700.00"
2019-11-12,2019111201004371,PIC,39,39,64,357.00,"22,848.00"
2019-11-12,2019111201004361,PIC,22,39,200,358.00,"71,600.00"
2019-11-12,2019111201004319,PIC,29,29,20,359.00,"7,180.00"
2019-11-12,2019111201004296,PIC,29,29,20,359.00,"7,180.00"
2019-11-12,2019111201004203,PIC,22,57,100,358.00,"35,800.00"
2019-11-12,2019111201004389,PICL,37,48,39,420.00,"16,380.00"
2019-11-12,2019111201004226,PICL,37,42,11,420.00,"4,620.00"
2019-11-12,2019111201004225,PICL,45,42,29,420.00,"12,180.00"
2019-11-12,2019111201004467,PRVU,54,17,"1,500",227.00,"340,500.00"
2019-11-12,2019111201004445,PRVU,54,17,158,227.00,"35,866.00"
2019-11-12,2019111201004444,PRVU,34,17,500,227.00,"113,500.00"
2019-11-12,2019111201004443,PRVU,47,17,500,227.00,"113,500.00"
2019-11-12,2019111201004442,PRVU,46,17,342,228.00,"77,976.00"
2019-11-12,2019111201004433,PRVU,41,47,100,229.00,"22,900.00"
2019-11-12,2019111201004408,PRVU,32,25,100,228.00,"22,800.00"
2019-11-12,2019111201004407,PRVU,14,25,500,228.00,"114,000.00"
2019-11-12,2019111201004406,PRVU,53,25,20,228.00,"4,560.00"
2019-11-12,2019111201004405,PRVU,39,25,606,228.00,"138,168.00"
2019-11-12,2019111201004071,PRVU,16,47,100,229.00,"22,900.00"
2019-11-12,2019111201004423,PRVU,22,47,42,229.00,"9,618.00"
2019-11-12,2019111201004421,PRVU,46,57,100,228.00,"22,800.00"
2019-11-12,2019111201004417,PRVU,21,47,20,229.00,"4,580.00"
2019-11-12,2019111201004411,PRVU,46,25,558,228.00,"127,224.00"
2019-11-12,2019111201004410,PRVU,39,25,116,228.00,"26,448.00"
2019-11-12,2019111201004409,PRVU,17,25,100,228.00,"22,800.00"
2019-11-12,2019111201004464,RHPC,14,26,53,79.00,"4,187.00"
2019-11-12,2019111201004058,RHPC,4,6,18,80.00,"1,440.00"
2019-11-12,2019111201004123,RHPC,4,11,82,80.00,"6,560.00"
2019-11-12,2019111201004059,RHPC,4,26,100,80.00,"8,000.00"
2019-11-12,2019111201004447,RHPL,59,46,40,168.00,"6,720.00"
2019-11-12,2019111201004356,RHPL,59,46,40,168.00,"6,720.00"
2019-11-12,2019111201004284,RHPL,59,47,25,168.00,"4,200.00"
2019-11-12,2019111201004283,RHPL,16,47,15,168.00,"2,520.00"
2019-11-12,2019111201004134,RHPL,16,26,20,168.00,"3,360.00"
2019-11-12,2019111201004081,RHPL,16,54,10,168.00,"1,680.00"
2019-11-12,2019111201004080,RHPL,16,46,40,168.00,"6,720.00"
2019-11-12,2019111201004144,RLFL,47,34,"1,000",107.00,"107,000.00"
2019-11-12,2019111201004132,RLFL,32,34,100,108.00,"10,800.00"
2019-11-12,2019111201004131,RLFL,1,34,"1,000",108.00,"108,000.00"
2019-11-12,2019111201004390,RMDC,46,46,1,600.00,600.00
2019-11-12,2019111201004424,RRHP,22,21,10,102.00,"1,020.00"
2019-11-12,2019111201004476,RSDC,52,33,100,320.00,"32,000.00"
2019-11-12,2019111201004331,RSDC,40,22,60,320.00,"19,200.00"
2019-11-12,2019111201004277,RSDC,45,22,50,319.00,"15,950.00"
2019-11-12,2019111201004138,RSDC,53,33,470,318.00,"149,460.00"
2019-11-12,2019111201004137,RSDC,52,33,100,318.00,"31,800.00"
2019-11-12,2019111201004136,RSDC,58,33,100,318.00,"31,800.00"
2019-11-12,2019111201004135,RSDC,26,33,30,319.00,"9,570.00"
2019-11-12,2019111201004518,SABSL,1,21,100,533.00,"53,300.00"
2019-11-12,2019111201004517,SABSL,19,1,50,529.00,"26,450.00"
2019-11-12,2019111201004457,SABSL,41,1,70,534.00,"37,380.00"
2019-11-12,2019111201004334,SABSL,21,50,20,534.00,"10,680.00"
2019-11-12,2019111201004307,SABSL,56,48,60,528.00,"31,680.00"
2019-11-12,2019111201004306,SABSL,4,48,50,528.00,"26,400.00"
2019-11-12,2019111201004305,SABSL,32,48,10,528.00,"5,280.00"
2019-11-12,2019111201004304,SABSL,57,48,20,529.00,"10,580.00"
2019-11-12,2019111201004254,SABSL,54,50,11,534.00,"5,874.00"
2019-11-12,2019111201004253,SABSL,54,46,10,533.00,"5,330.00"
2019-11-12,2019111201004050,SABSL,7,50,50,534.00,"26,700.00"
2019-11-12,2019111201004182,SADBL,59,34,116,136.00,"15,776.00"
2019-11-12,2019111201004119,SADBL,35,34,500,136.00,"68,000.00"
2019-11-12,2019111201004118,SADBL,42,34,500,137.00,"68,500.00"
2019-11-12,2019111201004117,SADBL,57,34,500,137.00,"68,500.00"
2019-11-12,2019111201004116,SADBL,53,34,370,137.00,"50,690.00"
2019-11-12,2019111201004115,SADBL,28,34,14,137.00,"1,918.00"
2019-11-12,2019111201004470,SANIMA,47,17,95,306.00,"29,070.00"
2019-11-12,2019111201004469,SANIMA,47,17,250,306.00,"76,500.00"
2019-11-12,2019111201004365,SBI,34,21,20,405.00,"8,100.00"
2019-11-12,2019111201004195,SBI,34,1,100,405.00,"40,500.00"
2019-11-12,2019111201004430,SBL,21,25,95,291.00,"27,645.00"
2019-11-12,2019111201004429,SBL,41,25,185,291.00,"53,835.00"
2019-11-12,2019111201004428,SBL,58,25,20,291.00,"5,820.00"
2019-11-12,2019111201004400,SBL,41,41,15,291.00,"4,365.00"
2019-11-12,2019111201004399,SBL,45,41,85,291.00,"24,735.00"
2019-11-12,2019111201004499,SCB,45,20,120,546.00,"65,520.00"
2019-11-12,2019111201004498,SCB,44,20,80,547.00,"43,760.00"
2019-11-12,2019111201004301,SCB,44,22,20,547.00,"10,940.00"
2019-11-12,2019111201004180,SCB,5,55,10,549.00,"5,490.00"
2019-11-12,2019111201004293,SDESI,45,22,13,640.00,"8,320.00"
2019-11-12,2019111201004251,SDESI,45,25,57,640.00,"36,480.00"
2019-11-12,2019111201004250,SDESI,16,25,18,640.00,"11,520.00"
2019-11-12,2019111201004229,SDESI,16,21,12,640.00,"7,680.00"
2019-11-12,2019111201004192,SDESI,19,29,23,641.00,"14,743.00"
2019-11-12,2019111201004097,SHINE,57,22,43,254.00,"10,922.00"
2019-11-12,2019111201004095,SHPC,48,22,39,187.00,"7,293.00"
2019-11-12,2019111201004463,SJCL,35,46,10,163.00,"1,630.00"
2019-11-12,2019111201004456,SJCL,35,22,20,165.00,"3,300.00"
2019-11-12,2019111201004364,SJCL,35,46,20,163.00,"3,260.00"
2019-11-12,2019111201004204,SJCL,35,52,10,163.00,"1,630.00"
2019-11-12,2019111201004185,SJCL,35,26,20,163.00,"3,260.00"
2019-11-12,2019111201004120,SJCL,35,26,20,163.00,"3,260.00"
2019-11-12,2019111201004104,SJCL,35,46,20,163.00,"3,260.00"
2019-11-12,2019111201004077,SJCL,35,54,10,163.00,"1,630.00"
2019-11-12,2019111201004041,SJCL,35,14,10,163.00,"1,630.00"
2019-11-12,2019111201004037,SJCL,35,46,20,163.00,"3,260.00"
2019-11-12,2019111201004479,SKBBL,22,50,170,937.00,"159,290.00"
2019-11-12,2019111201004478,SKBBL,22,32,15,937.00,"14,055.00"
2019-11-12,2019111201004477,SKBBL,22,32,15,937.00,"14,055.00"
2019-11-12,2019111201004184,SKBBL,57,50,130,932.00,"121,160.00"
2019-11-12,2019111201004145,SKBBL,22,50,70,932.00,"65,240.00"
2019-11-12,2019111201004121,SKBBL,22,32,15,932.00,"13,980.00"
2019-11-12,2019111201004109,SKBBL,22,32,15,932.00,"13,980.00"
2019-11-12,2019111201004201,SLBBL,47,51,100,600.00,"60,000.00"
2019-11-12,2019111201004221,SLBSL,49,22,50,725.00,"36,250.00"
2019-11-12,2019111201004220,SLBSL,19,22,50,726.00,"36,300.00"
2019-11-12,2019111201004259,SLICL,52,59,100,255.00,"25,500.00"
2019-11-12,2019111201004183,SLICL,52,21,300,255.00,"76,500.00"
2019-11-12,2019111201004224,SMFBS,22,44,10,795.00,"7,950.00"
2019-11-12,2019111201004208,SMFBS,22,22,10,794.00,"7,940.00"
2019-11-12,2019111201004207,SMFBS,22,44,10,794.00,"7,940.00"
2019-11-12,2019111201004248,SMFDB,55,7,10,507.00,"5,070.00"
2019-11-12,2019111201004093,SRBL,44,52,"1,570",213.00,"334,410.00"
2019-11-12,2019111201004092,SRBL,44,3,15,213.00,"3,195.00"
2019-11-12,2019111201004079,SRBL,34,25,100,212.00,"21,200.00"
2019-11-12,2019111201004376,UFL,17,28,50,180.00,"9,000.00"
2019-11-12,2019111201004385,UMHL,17,35,100,100.00,"10,000.00"
2019-11-12,2019111201004369,UMHL,21,35,30,100.00,"3,000.00"
2019-11-12,2019111201004196,UMHL,33,26,14,99.00,"1,386.00"
2019-11-12,2019111201004065,UMHL,33,14,24,99.00,"2,376.00"
2019-11-12,2019111201004288,UPCL,13,36,200,78.00,"15,600.00"
2019-11-12,2019111201004287,UPCL,13,47,50,78.00,"3,900.00"
2019-11-12,2019111201004496,UPPER,52,39,50,232.00,"11,600.00"
2019-11-12,2019111201004142,UPPER,52,4,64,232.00,"14,848.00"
2019-11-12,2019111201004141,UPPER,6,4,586,232.00,"135,952.00"
2019-11-12,2019111201004140,UPPER,10,4,100,232.00,"23,200.00"
2019-11-12,2019111201004139,UPPER,16,4,750,232.00,"174,000.00"
2019-11-12,2019111201004054,UPPER,16,46,50,232.00,"11,600.00"
2019-11-12,2019111201004112,VLBS,45,22,13,579.00,"7,527.00"
2019-11-12,2019111201004000,ADBL,39,40,"1,010",418.00,"422,180.00"
2019-11-12,2019111201003999,ADBL,45,40,50,418.00,"20,900.00"
2019-11-12,2019111201003759,AHPC,55,53,300,96.00,"28,800.00"
2019-11-12,2019111201003711,AHPC,55,29,380,97.00,"36,860.00"
2019-11-12,2019111201003710,AHPC,55,26,26,97.00,"2,522.00"
2019-11-12,2019111201003922,AKBSL,16,16,10,417.00,"4,170.00"
2019-11-12,2019111201003896,AKBSL,1,54,10,416.00,"4,160.00"
2019-11-12,2019111201003549,AKBSL,57,57,10,419.00,"4,190.00"
2019-11-12,2019111201003649,AKJCL,29,26,20,56.00,"1,120.00"
2019-11-12,2019111201003565,AKPL,55,25,10,125.00,"1,250.00"
2019-11-12,2019111201003538,AKPL,55,25,10,123.00,"1,230.00"
2019-11-12,2019111201003585,AKPL,55,22,20,130.00,"2,600.00"
2019-11-12,2019111201003577,AKPL,55,22,13,129.00,"1,677.00"
2019-11-12,2019111201003571,AKPL,55,45,10,127.00,"1,270.00"
2019-11-12,2019111201003570,AKPL,55,45,10,127.00,"1,270.00"
2019-11-12,2019111201004017,ALBSL,22,46,10,395.00,"3,950.00"
2019-11-12,2019111201003967,ALBSL,22,22,10,395.00,"3,950.00"
2019-11-12,2019111201003665,ALBSL,46,7,180,395.00,"71,100.00"
2019-11-12,2019111201003651,ALBSL,42,7,50,395.00,"19,750.00"
2019-11-12,2019111201003650,ALBSL,48,7,100,395.00,"39,500.00"
2019-11-12,2019111201003591,ALBSL,56,7,200,396.00,"79,200.00"
2019-11-12,2019111201003590,ALBSL,38,7,70,396.00,"27,720.00"
2019-11-12,2019111201003589,ALBSL,46,7,100,397.00,"39,700.00"
2019-11-12,2019111201004018,API,25,58,15,106.00,"1,590.00"
2019-11-12,2019111201003835,API,29,47,46,105.00,"4,830.00"
2019-11-12,2019111201003834,API,40,47,100,105.00,"10,500.00"
2019-11-12,2019111201003816,API,33,58,235,106.00,"24,910.00"
2019-11-12,2019111201003653,API,33,26,17,106.00,"1,802.00"
2019-11-12,2019111201003635,BFC,34,51,30,92.00,"2,760.00"
2019-11-12,2019111201003843,BPCL,33,47,34,358.00,"12,172.00"
2019-11-12,2019111201003842,BPCL,45,47,10,359.00,"3,590.00"
2019-11-12,2019111201003856,CBBL,42,58,84,980.00,"82,320.00"
2019-11-12,2019111201003840,CBBL,42,4,200,979.00,"195,800.00"
2019-11-12,2019111201003839,CBBL,42,14,16,977.00,"15,632.00"
2019-11-12,2019111201003546,CBBL,46,33,223,975.00,"217,425.00"
2019-11-12,2019111201003954,CBL,58,13,100,140.00,"14,000.00"
2019-11-12,2019111201003879,CBL,29,26,35,139.00,"4,865.00"
2019-11-12,2019111201003841,CBL,29,26,35,139.00,"4,865.00"
2019-11-12,2019111201003724,CBL,29,40,50,139.00,"6,950.00"
2019-11-12,2019111201003636,CBL,29,42,106,139.00,"14,734.00"
2019-11-12,2019111201004031,CCBL,8,6,40,155.00,"6,200.00"
2019-11-12,2019111201004030,CCBL,8,47,30,155.00,"4,650.00"
2019-11-12,2019111201003723,CCBL,43,14,13,154.00,"2,002.00"
2019-11-12,2019111201004020,CHCL,32,34,10,452.00,"4,520.00"
2019-11-12,2019111201003988,CHCL,21,55,67,453.00,"30,351.00"
2019-11-12,2019111201003987,CHCL,21,44,44,453.00,"19,932.00"
2019-11-12,2019111201003986,CHCL,21,25,39,453.00,"17,667.00"
2019-11-12,2019111201003947,CHCL,47,25,130,453.00,"58,890.00"
2019-11-12,2019111201003938,CHCL,46,55,99,452.00,"44,748.00"
2019-11-12,2019111201003584,CHCL,57,16,100,453.00,"45,300.00"
2019-11-12,2019111201003583,CHCL,1,16,200,453.00,"90,600.00"
2019-11-12,2019111201003547,CHCL,16,56,14,454.00,"6,356.00"
2019-11-12,2019111201003544,CHCL,16,56,100,454.00,"45,400.00"
2019-11-12,2019111201003543,CHCL,16,56,86,454.00,"39,044.00"
2019-11-12,2019111201003712,CHCL,45,56,40,454.00,"18,160.00"
2019-11-12,2019111201003695,CHCL,52,36,100,453.00,"45,300.00"
2019-11-12,2019111201003694,CHCL,19,36,100,453.00,"45,300.00"
2019-11-12,2019111201003693,CHCL,57,36,100,453.00,"45,300.00"
2019-11-12,2019111201003690,CHCL,57,21,100,453.00,"45,300.00"
2019-11-12,2019111201003620,CHCL,22,56,100,454.00,"45,400.00"
2019-11-12,2019111201003764,CHCL,21,22,50,454.00,"22,700.00"
2019-11-12,2019111201003763,CHCL,21,56,50,454.00,"22,700.00"
2019-11-12,2019111201003745,CHCL,14,56,47,453.00,"21,291.00"
2019-11-12,2019111201003744,CHCL,52,56,53,453.00,"24,009.00"
2019-11-12,2019111201003718,CHCL,46,56,10,454.00,"4,540.00"
2019-11-12,2019111201003714,CHCL,52,58,500,453.00,"226,500.00"
2019-11-12,2019111201003937,CHCL,25,55,200,452.00,"90,400.00"
2019-11-12,2019111201003936,CHCL,6,55,500,452.00,"226,000.00"
2019-11-12,2019111201003935,CHCL,6,55,300,452.00,"135,600.00"
2019-11-12,2019111201003934,CHCL,43,55,601,452.00,"271,652.00"
2019-11-12,2019111201003827,CHCL,6,25,31,453.00,"14,043.00"
2019-11-12,2019111201003765,CHCL,17,25,50,453.00,"22,650.00"
2019-11-12,2019111201003698,CHL,10,21,20,80.00,"1,600.00"
2019-11-12,2019111201003663,CHL,10,26,34,80.00,"2,720.00"
2019-11-12,2019111201003995,CZBIL,44,14,10,188.00,"1,880.00"
2019-11-12,2019111201003941,CZBIL,34,6,"2,000",189.00,"378,000.00"
2019-11-12,2019111201004008,DBBL,37,26,30,124.00,"3,720.00"
2019-11-12,2019111201003818,DDBL,44,34,22,751.00,"16,522.00"
2019-11-12,2019111201003679,DDBL,44,26,200,751.00,"150,200.00"
2019-11-12,2019111201003850,DHPL,51,47,10,49.00,490.00
2019-11-12,2019111201003683,DHPL,51,6,11,49.00,539.00
2019-11-12,2019111201003666,DHPL,51,26,11,49.00,539.00
2019-11-12,2019111201003551,DHPL,51,6,11,49.00,539.00
2019-11-12,2019111201003877,EBL,36,19,10,552.00,"5,520.00"
2019-11-12,2019111201003990,FMDBL,56,37,200,310.00,"62,000.00"
2019-11-12,2019111201003608,FMDBL,1,42,100,307.00,"30,700.00"
2019-11-12,2019111201004016,GBBL,47,4,260,221.00,"57,460.00"
2019-11-12,2019111201003795,GBBL,52,4,500,221.00,"110,500.00"
2019-11-12,2019111201003914,GBLBS,41,6,15,310.00,"4,650.00"
2019-11-12,2019111201003902,GBLBS,41,6,15,310.00,"4,650.00"
2019-11-12,2019111201003977,GLBSL,36,6,25,450.00,"11,250.00"
2019-11-12,2019111201003960,GLBSL,36,36,10,450.00,"4,500.00"
2019-11-12,2019111201003952,GLBSL,36,28,10,450.00,"4,500.00"
2019-11-12,2019111201003912,GLBSL,36,48,155,450.00,"69,750.00"
2019-11-12,2019111201003897,GLBSL,36,17,20,450.00,"9,000.00"
2019-11-12,2019111201003824,GLBSL,36,7,120,450.00,"54,000.00"
2019-11-12,2019111201003797,GLBSL,36,10,130,450.00,"58,500.00"
2019-11-12,2019111201003957,GMFBS,10,54,10,480.00,"4,800.00"
2019-11-12,2019111201003906,GMFBS,7,17,10,478.00,"4,780.00"
2019-11-12,2019111201003869,GMFBS,10,5,100,480.00,"48,000.00"
2019-11-12,2019111201003868,GMFBS,10,58,50,480.00,"24,000.00"
2019-11-12,2019111201003867,GMFBS,10,54,10,480.00,"4,800.00"
2019-11-12,2019111201003623,GMFBS,58,21,90,481.00,"43,290.00"
2019-11-12,2019111201004026,GRDBL,29,29,50,105.00,"5,250.00"
2019-11-12,2019111201003989,GRDBL,29,29,50,105.00,"5,250.00"
2019-11-12,2019111201003784,GUFL,42,8,236,109.00,"25,724.00"
2019-11-12,2019111201003930,HDL,58,38,50,"1,825.00","91,250.00"
2019-11-12,2019111201003815,HDL,56,6,100,"1,828.00","182,800.00"
2019-11-12,2019111201003814,HDL,56,17,50,"1,825.00","91,250.00"
2019-11-12,2019111201003813,HDL,56,6,20,"1,825.00","36,500.00"
2019-11-12,2019111201003812,HDL,56,53,100,"1,824.00","182,400.00"
2019-11-12,2019111201003793,HDL,56,34,25,"1,817.00","45,425.00"
2019-11-12,2019111201003540,HDL,58,50,40,"1,795.00","71,800.00"
2019-11-12,2019111201003539,HDL,58,54,10,"1,793.00","17,930.00"
2019-11-12,2019111201003537,HDL,48,45,50,"1,794.00","89,700.00"
2019-11-12,2019111201003607,HDL,28,50,200,"1,795.00","359,000.00"
2019-11-12,2019111201003605,HDL,58,50,20,"1,795.00","35,900.00"
2019-11-12,2019111201003603,HDL,47,50,20,"1,795.00","35,900.00"
2019-11-12,2019111201003586,HDL,58,50,20,"1,795.00","35,900.00"
2019-11-12,2019111201003559,HDL,58,50,20,"1,795.00","35,900.00"
2019-11-12,2019111201003555,HDL,10,50,20,"1,795.00","35,900.00"
2019-11-12,2019111201003615,HDL,50,54,135,"1,800.00","243,000.00"
2019-11-12,2019111201003614,HDL,50,7,300,"1,799.00","539,700.00"
2019-11-12,2019111201003613,HDL,50,25,50,"1,799.00","89,950.00"
2019-11-12,2019111201003612,HDL,50,7,220,"1,798.00","395,560.00"
2019-11-12,2019111201003611,HDL,50,6,30,"1,798.00","53,940.00"
2019-11-12,2019111201003610,HDL,50,50,160,"1,795.00","287,200.00"
2019-11-12,2019111201003631,HDL,58,56,30,"1,811.00","54,330.00"
2019-11-12,2019111201003630,HDL,58,42,20,"1,810.00","36,200.00"
2019-11-12,2019111201003619,HDL,50,50,500,"1,800.00","900,000.00"
2019-11-12,2019111201003618,HDL,50,25,200,"1,800.00","360,000.00"
2019-11-12,2019111201003617,HDL,50,57,185,"1,800.00","333,000.00"
2019-11-12,2019111201003616,HDL,50,54,100,"1,800.00","180,000.00"
2019-11-12,2019111201003778,HDL,49,53,50,"1,815.00","90,750.00"
2019-11-12,2019111201003762,HDL,5,53,20,"1,815.00","36,300.00"
2019-11-12,2019111201003749,HDL,58,53,30,"1,815.00","54,450.00"
2019-11-12,2019111201003748,HDL,58,45,20,"1,815.00","36,300.00"
2019-11-12,2019111201003675,HDL,58,45,20,"1,815.00","36,300.00"
2019-11-12,2019111201003646,HDL,14,45,60,"1,815.00","108,900.00"
2019-11-12,2019111201003604,HGI,26,42,98,261.00,"25,578.00"
2019-11-12,2019111201003670,HIDCL,47,26,11,131.00,"1,441.00"
2019-11-12,2019111201003669,HIDCL,45,26,39,132.00,"5,148.00"
2019-11-12,2019111201003645,HIDCL,45,38,11,132.00,"1,452.00"
2019-11-12,2019111201003644,HIDCL,16,38,89,132.00,"11,748.00"
2019-11-12,2019111201003542,HIDCL,47,47,31,133.00,"4,123.00"
2019-11-12,2019111201004004,HPPL,5,45,10,137.00,"1,370.00"
2019-11-12,2019111201004003,HPPL,5,42,10,137.00,"1,370.00"
2019-11-12,2019111201004002,HPPL,5,42,10,136.00,"1,360.00"
2019-11-12,2019111201003974,HPPL,40,22,20,135.00,"2,700.00"
2019-11-12,2019111201003673,HPPL,40,26,20,135.00,"2,700.00"
2019-11-12,2019111201003739,ICFC,19,5,200,160.00,"32,000.00"
2019-11-12,2019111201003722,IGI,38,58,210,287.00,"60,270.00"
2019-11-12,2019111201003975,ILBS,1,22,10,462.00,"4,620.00"
2019-11-12,2019111201003880,ILBS,53,54,10,463.00,"4,630.00"
2019-11-12,2019111201003779,ILBS,53,54,10,463.00,"4,630.00"
2019-11-12,2019111201003721,ILBS,53,22,10,463.00,"4,630.00"
2019-11-12,2019111201003720,ILBS,53,54,10,463.00,"4,630.00"
2019-11-12,2019111201003678,ILBS,53,29,140,463.00,"64,820.00"
2019-11-12,2019111201003677,ILBS,35,29,190,465.00,"88,350.00"
2019-11-12,2019111201003676,ILBS,58,29,70,465.00,"32,550.00"
2019-11-12,2019111201003671,ILBS,1,54,10,466.00,"4,660.00"
2019-11-12,2019111201003588,ILBS,1,46,10,466.00,"4,660.00"
2019-11-12,2019111201004009,JOSHI,13,14,20,56.00,"1,120.00"
2019-11-12,2019111201003917,KBL,19,37,46,180.00,"8,280.00"
2019-11-12,2019111201003916,KBL,1,37,154,180.00,"27,720.00"
2019-11-12,2019111201003887,KBL,1,14,46,180.00,"8,280.00"
2019-11-12,2019111201003886,KBL,57,14,250,180.00,"45,000.00"
2019-11-12,2019111201003556,KBL,57,26,250,180.00,"45,000.00"
2019-11-12,2019111201003855,KKHC,46,47,10,53.00,530.00
2019-11-12,2019111201003680,KKHC,46,26,16,53.00,848.00
2019-11-12,2019111201003913,KSBBL,14,44,379,141.00,"53,439.00"
2019-11-12,2019111201003780,LBL,54,43,10,220.00,"2,200.00"
2019-11-12,2019111201003740,LBL,34,29,612,219.00,"134,028.00"
2019-11-12,2019111201003569,LBL,34,40,408,219.00,"89,352.00"
2019-11-12,2019111201003568,LBL,22,40,22,219.00,"4,818.00"
2019-11-12,2019111201003552,LBL,22,47,28,219.00,"6,132.00"
2019-11-12,2019111201003550,LBL,47,43,28,220.00,"6,160.00"
2019-11-12,2019111201003624,LGIL,44,42,150,316.00,"47,400.00"
2019-11-12,2019111201003964,LLBS,41,11,33,703.00,"23,199.00"
2019-11-12,2019111201003963,LLBS,45,11,22,710.00,"15,620.00"
2019-11-12,2019111201003865,LLBS,18,22,24,714.00,"17,136.00"
2019-11-12,2019111201003746,LLBS,22,33,40,711.00,"28,440.00"
2019-11-12,2019111201003684,LLBS,45,40,300,710.00,"213,000.00"
2019-11-12,2019111201003933,MBL,44,44,500,228.00,"114,000.00"
2019-11-12,2019111201003758,MBL,44,14,111,228.00,"25,308.00"
2019-11-12,2019111201003564,MBL,26,38,100,227.00,"22,700.00"
2019-11-12,2019111201003859,MEGA,45,21,29,185.00,"5,365.00"
2019-11-12,2019111201003864,MEGA,19,21,101,185.00,"18,685.00"
2019-11-12,2019111201003863,MEGA,59,21,300,185.00,"55,500.00"
2019-11-12,2019111201003862,MEGA,38,21,60,185.00,"11,100.00"
2019-11-12,2019111201003861,MEGA,36,21,10,185.00,"1,850.00"
2019-11-12,2019111201003860,MEGA,59,21,200,185.00,"37,000.00"
2019-11-12,2019111201003983,MERO,51,22,10,432.00,"4,320.00"
2019-11-12,2019111201003982,MERO,58,22,10,432.00,"4,320.00"
2019-11-12,2019111201003870,MERO,46,46,7,425.00,"2,975.00"
2019-11-12,2019111201003741,MFIL,32,4,100,126.00,"12,600.00"
2019-11-12,2019111201003692,MLBBL,22,32,23,424.00,"9,752.00"
2019-11-12,2019111201003691,MLBBL,22,32,23,423.00,"9,729.00"
2019-11-12,2019111201004012,MLBL,42,26,10,184.00,"1,840.00"
2019-11-12,2019111201003557,MLBL,47,47,11,184.00,"2,024.00"
2019-11-12,2019111201003951,MNBBL,13,33,55,316.00,"17,380.00"
2019-11-12,2019111201003950,MNBBL,54,33,10,316.00,"3,160.00"
2019-11-12,2019111201003582,MPFL,47,47,16,100.00,"1,600.00"
2019-11-12,2019111201003909,MSMBS,16,6,23,461.00,"10,603.00"
2019-11-12,2019111201003908,MSMBS,46,6,21,461.00,"9,681.00"
2019-11-12,2019111201003751,MSMBS,46,58,10,461.00,"4,610.00"
2019-11-12,2019111201003929,NABIL,16,49,500,752.00,"376,000.00"
2019-11-12,2019111201003928,NABIL,16,6,363,752.00,"272,976.00"
2019-11-12,2019111201003927,NABIL,16,58,356,752.00,"267,712.00"
2019-11-12,2019111201003901,NABIL,21,58,130,752.00,"97,760.00"
2019-11-12,2019111201003717,NABIL,16,58,371,750.00,"278,250.00"
2019-11-12,2019111201003703,NABIL,16,6,637,750.00,"477,750.00"
2019-11-12,2019111201003625,NABIL,16,59,363,750.00,"272,250.00"
2019-11-12,2019111201003573,NABIL,29,59,10,750.00,"7,500.00"
2019-11-12,2019111201003572,NABIL,16,59,127,750.00,"95,250.00"
2019-11-12,2019111201003971,NADEP,13,54,20,391.00,"7,820.00"
2019-11-12,2019111201003742,NADEP,46,46,10,394.00,"3,940.00"
2019-11-12,2019111201003536,NADEP,45,6,20,395.00,"7,900.00"
2019-11-12,2019111201003535,NADEP,45,6,20,395.00,"7,900.00"
2019-11-12,2019111201003534,NADEP,45,32,10,395.00,"3,950.00"
2019-11-12,2019111201003894,NBB,8,21,387,203.00,"78,561.00"
2019-11-12,2019111201003893,NBB,29,21,15,203.00,"3,045.00"
2019-11-12,2019111201003892,NBB,34,21,98,203.00,"19,894.00"
2019-11-12,2019111201003945,NBL,7,21,24,305.00,"7,320.00"
2019-11-12,2019111201003944,NBL,38,21,200,305.00,"61,000.00"
2019-11-12,2019111201003943,NBL,52,21,276,306.00,"84,456.00"
2019-11-12,2019111201003871,NBL,52,57,500,306.00,"153,000.00"
2019-11-12,2019111201003817,NBL,52,40,24,306.00,"7,344.00"
2019-11-12,2019111201003708,NBL,25,40,276,306.00,"84,456.00"
2019-11-12,2019111201003661,NBL,25,14,124,306.00,"37,944.00"
2019-11-12,2019111201003660,NBL,25,36,100,306.00,"30,600.00"
2019-11-12,2019111201004028,NCCB,50,36,274,205.00,"56,170.00"
2019-11-12,2019111201004027,NCCB,50,40,226,205.00,"46,330.00"
2019-11-12,2019111201003946,NCCB,45,40,100,205.00,"20,500.00"
2019-11-12,2019111201003806,NCCB,58,40,673,205.00,"137,965.00"
2019-11-12,2019111201003702,NCCB,58,34,307,205.00,"62,935.00"
2019-11-12,2019111201003596,NCCB,58,47,20,205.00,"4,100.00"
2019-11-12,2019111201003593,NCCB,47,11,20,206.00,"4,120.00"
2019-11-12,2019111201003685,NGPL,33,26,11,102.00,"1,122.00"
2019-11-12,2019111201004015,NIB,32,43,200,452.00,"90,400.00"
2019-11-12,2019111201003926,NIB,5,43,22,452.00,"9,944.00"
2019-11-12,2019111201003925,NIB,5,21,20,452.00,"9,040.00"
2019-11-12,2019111201003924,NIB,5,28,36,452.00,"16,272.00"
2019-11-12,2019111201003923,NIB,5,32,22,452.00,"9,944.00"
2019-11-12,2019111201003905,NIB,46,46,1,442.00,442.00
2019-11-12,2019111201003786,NIB,28,42,30,450.00,"13,500.00"
2019-11-12,2019111201003785,NIB,28,25,139,450.00,"62,550.00"
2019-11-12,2019111201003558,NIB,44,55,"1,177",448.00,"527,296.00"
2019-11-12,2019111201003852,NIB,33,22,150,451.00,"67,650.00"
2019-11-12,2019111201003823,NIB,33,17,150,451.00,"67,650.00"
2019-11-12,2019111201003822,NIB,33,33,11,451.00,"4,961.00"
2019-11-12,2019111201003821,NIB,33,10,50,451.00,"22,550.00"
2019-11-12,2019111201003820,NIB,49,10,150,451.00,"67,650.00"
2019-11-12,2019111201003787,NIB,28,32,300,450.00,"135,000.00"
2019-11-12,2019111201003997,NIBPO,8,4,10,410.00,"4,100.00"
2019-11-12,2019111201003996,NIBPO,14,4,40,411.00,"16,440.00"
2019-11-12,2019111201003968,NIBPO,28,4,612,412.00,"252,144.00"
2019-11-12,2019111201003689,NIBPO,8,8,340,410.00,"139,400.00"
2019-11-12,2019111201003600,NICA,28,55,"1,000",399.00,"399,000.00"
2019-11-12,2019111201003599,NICA,34,55,"2,000",399.00,"798,000.00"
2019-11-12,2019111201003598,NICA,21,55,50,400.00,"20,000.00"
2019-11-12,2019111201003597,NICA,28,55,297,400.00,"118,800.00"
2019-11-12,2019111201003576,NICA,38,25,150,401.00,"60,150.00"
2019-11-12,2019111201003915,NICGF,22,22,200,8.97,"1,794.00"
2019-11-12,2019111201003992,NIL,34,25,200,380.00,"76,000.00"
2019-11-12,2019111201003991,NIL,34,22,100,380.00,"38,000.00"
2019-11-12,2019111201003845,NLIC,29,29,4,777.00,"3,108.00"
2019-11-12,2019111201003790,NLIC,14,6,22,792.00,"17,424.00"
2019-11-12,2019111201003789,NLIC,14,40,55,792.00,"43,560.00"
2019-11-12,2019111201003788,NLIC,14,6,22,792.00,"17,424.00"
2019-11-12,2019111201003781,NLIC,29,29,4,775.00,"3,100.00"
2019-11-12,2019111201003705,NLIC,29,29,4,775.00,"3,100.00"
2019-11-12,2019111201003672,NLIC,29,29,4,775.00,"3,100.00"
2019-11-12,2019111201003533,NLIC,26,40,20,790.00,"15,800.00"
2019-11-12,2019111201003953,NLICL,25,43,10,428.00,"4,280.00"
2019-11-12,2019111201003844,NLICL,25,43,10,425.00,"4,250.00"
2019-11-12,2019111201003809,NLICL,56,43,"1,227",417.00,"511,659.00"
2019-11-12,2019111201003808,NLICL,56,43,773,417.00,"322,341.00"
2019-11-12,2019111201003805,NLICL,44,43,500,417.00,"208,500.00"
2019-11-12,2019111201003804,NLICL,44,43,"2,000",417.00,"834,000.00"
2019-11-12,2019111201003640,NLICL,22,42,10,425.00,"4,250.00"
2019-11-12,2019111201003639,NLICL,10,42,87,425.00,"36,975.00"
2019-11-12,2019111201003803,NLICL,56,43,"1,000",419.00,"419,000.00"
2019-11-12,2019111201003802,NLICL,39,43,"1,686",420.00,"708,120.00"
2019-11-12,2019111201003801,NLICL,1,43,100,420.00,"42,000.00"
2019-11-12,2019111201003800,NLICL,39,43,"1,000",421.00,"421,000.00"
2019-11-12,2019111201003799,NLICL,45,43,20,422.00,"8,440.00"
2019-11-12,2019111201003798,NLICL,26,43,20,422.00,"8,440.00"
2019-11-12,2019111201003981,NMB,4,57,100,383.00,"38,300.00"
2019-11-12,2019111201003980,NMB,4,45,666,383.00,"255,078.00"
2019-11-12,2019111201003966,NMB,7,45,334,383.00,"127,922.00"
2019-11-12,2019111201003965,NMB,7,19,66,383.00,"25,278.00"
2019-11-12,2019111201003962,NMB,21,19,200,383.00,"76,600.00"
2019-11-12,2019111201003961,NMB,21,50,200,383.00,"76,600.00"
2019-11-12,2019111201003606,NMB,4,28,200,382.00,"76,400.00"
2019-11-12,2019111201003587,NMB,4,22,12,382.00,"4,584.00"
2019-11-12,2019111201003553,NMB,4,22,12,382.00,"4,584.00"
2019-11-12,2019111201003754,NMB,6,18,500,383.00,"191,500.00"
2019-11-12,2019111201003753,NMB,6,48,900,383.00,"344,700.00"
2019-11-12,2019111201003752,NMB,6,13,68,383.00,"26,044.00"
2019-11-12,2019111201003706,NMB,58,13,20,383.00,"7,660.00"
2019-11-12,2019111201003659,NMB,34,13,30,383.00,"11,490.00"
2019-11-12,2019111201003609,NMB,42,13,200,383.00,"76,600.00"
2019-11-12,2019111201003767,NMB,25,16,50,382.00,"19,100.00"
2019-11-12,2019111201003766,NMB,4,16,464,382.00,"177,248.00"
2019-11-12,2019111201003761,NMB,54,38,10,383.00,"3,830.00"
2019-11-12,2019111201003757,NMB,6,38,92,383.00,"35,236.00"
2019-11-12,2019111201003756,NMB,6,47,40,383.00,"15,320.00"
2019-11-12,2019111201003755,NMB,6,41,400,383.00,"153,200.00"
2019-11-12,2019111201003782,NMB,42,47,18,382.00,"6,876.00"
2019-11-12,2019111201003772,NMB,42,16,32,382.00,"12,224.00"
2019-11-12,2019111201003771,NMB,17,16,254,382.00,"97,028.00"
2019-11-12,2019111201003770,NMB,22,16,100,382.00,"38,200.00"
2019-11-12,2019111201003769,NMB,43,16,"1,000",382.00,"382,000.00"
2019-11-12,2019111201003768,NMB,45,16,100,382.00,"38,200.00"
2019-11-12,2019111201003881,NMB,4,38,515,383.00,"197,245.00"
2019-11-12,2019111201003874,NMB,4,26,37,382.00,"14,134.00"
2019-11-12,2019111201003873,NMB,32,26,65,382.00,"24,830.00"
2019-11-12,2019111201003872,NMB,21,26,18,382.00,"6,876.00"
2019-11-12,2019111201003794,NMB,21,38,120,383.00,"45,960.00"
2019-11-12,2019111201003783,NMB,21,47,12,382.00,"4,584.00"
2019-11-12,2019111201003949,NMB,5,22,12,383.00,"4,596.00"
2019-11-12,2019111201003948,NMB,5,1,13,383.00,"4,979.00"
2019-11-12,2019111201003898,NMB,6,26,41,382.00,"15,662.00"
2019-11-12,2019111201003895,NMB,6,26,63,382.00,"24,066.00"
2019-11-12,2019111201003883,NMB,21,1,287,383.00,"109,921.00"
2019-11-12,2019111201003882,NMB,21,38,43,383.00,"16,469.00"
2019-11-12,2019111201004014,NTC,22,34,30,620.00,"18,600.00"
2019-11-12,2019111201004013,NTC,6,34,70,620.00,"43,400.00"
2019-11-12,2019111201004021,NUBL,16,4,10,909.00,"9,090.00"
2019-11-12,2019111201003993,NUBL,44,28,716,908.00,"650,128.00"
2019-11-12,2019111201003634,NUBL,37,28,284,908.00,"257,872.00"
2019-11-12,2019111201003633,NUBL,37,32,16,908.00,"14,528.00"
2019-11-12,2019111201003632,NUBL,37,37,200,907.00,"181,400.00"
2019-11-12,2019111201003548,NUBL,48,41,25,906.00,"22,650.00"
2019-11-12,2019111201004032,PCBL,6,26,12,266.00,"3,192.00"
2019-11-12,2019111201003807,PCBL,42,4,86,267.00,"22,962.00"
2019-11-12,2019111201003750,PCBL,41,4,400,267.00,"106,800.00"
2019-11-12,2019111201003642,PCBL,6,42,385,266.00,"102,410.00"
2019-11-12,2019111201003641,PCBL,48,42,300,267.00,"80,100.00"
2019-11-12,2019111201003563,PCBL,48,44,100,267.00,"26,700.00"
2019-11-12,2019111201003876,PFL,13,47,39,133.00,"5,187.00"
2019-11-12,2019111201003899,PIC,39,47,14,357.00,"4,998.00"
2019-11-12,2019111201003900,PPCL,53,14,10,92.00,920.00
2019-11-12,2019111201003664,PRIN,49,47,50,310.00,"15,500.00"
2019-11-12,2019111201004019,PRVU,39,29,"1,000",228.00,"228,000.00"
2019-11-12,2019111201004010,PRVU,39,33,200,228.00,"45,600.00"
2019-11-12,2019111201004001,PRVU,39,57,200,228.00,"45,600.00"
2019-11-12,2019111201003932,PRVU,39,47,300,228.00,"68,400.00"
2019-11-12,2019111201003910,PRVU,39,44,"2,000",228.00,"456,000.00"
2019-11-12,2019111201003858,PRVU,39,51,400,228.00,"91,200.00"
2019-11-12,2019111201003838,PRVU,39,29,294,228.00,"67,032.00"
2019-11-12,2019111201003837,PRVU,37,29,706,228.00,"160,968.00"
2019-11-12,2019111201003638,PRVU,6,47,30,229.00,"6,870.00"
2019-11-12,2019111201003622,PRVU,47,47,4,228.00,912.00
2019-11-12,2019111201003637,RHPC,47,47,18,80.00,"1,440.00"
2019-11-12,2019111201003575,RHPC,21,6,13,80.00,"1,040.00"
2019-11-12,2019111201003574,RHPC,21,6,47,80.00,"3,760.00"
2019-11-12,2019111201004029,RHPL,16,14,10,168.00,"1,680.00"
2019-11-12,2019111201004023,RHPL,16,46,30,168.00,"5,040.00"
2019-11-12,2019111201004007,RHPL,16,54,10,168.00,"1,680.00"
2019-11-12,2019111201003976,RHPL,16,46,40,168.00,"6,720.00"
2019-11-12,2019111201003959,RHPL,16,54,10,168.00,"1,680.00"
2019-11-12,2019111201003921,RHPL,16,14,10,168.00,"1,680.00"
2019-11-12,2019111201003554,RHPL,57,46,40,168.00,"6,720.00"
2019-11-12,2019111201003602,RHPL,43,16,30,168.00,"5,040.00"
2019-11-12,2019111201003601,RHPL,43,46,40,168.00,"6,720.00"
2019-11-12,2019111201003595,RHPL,43,38,60,168.00,"10,080.00"
2019-11-12,2019111201003594,RHPL,59,38,480,168.00,"80,640.00"
2019-11-12,2019111201003567,RHPL,59,46,20,168.00,"3,360.00"
2019-11-12,2019111201003566,RHPL,57,46,20,168.00,"3,360.00"
2019-11-12,2019111201003686,RHPL,43,14,780,168.00,"131,040.00"
2019-11-12,2019111201003674,RHPL,43,28,40,168.00,"6,720.00"
2019-11-12,2019111201003668,RHPL,42,38,40,169.00,"6,760.00"
2019-11-12,2019111201003667,RHPL,42,26,10,169.00,"1,690.00"
2019-11-12,2019111201003658,RHPL,43,54,10,168.00,"1,680.00"
2019-11-12,2019111201003621,RHPL,43,28,40,168.00,"6,720.00"
2019-11-12,2019111201003760,RHPL,16,46,40,168.00,"6,720.00"
2019-11-12,2019111201003743,RHPL,16,28,40,168.00,"6,720.00"
2019-11-12,2019111201003715,RHPL,16,54,10,168.00,"1,680.00"
2019-11-12,2019111201003709,RHPL,16,28,40,168.00,"6,720.00"
2019-11-12,2019111201003688,RHPL,54,14,160,167.00,"26,720.00"
2019-11-12,2019111201003687,RHPL,43,14,60,167.00,"10,020.00"
2019-11-12,2019111201003918,RHPL,16,26,65,168.00,"10,920.00"
2019-11-12,2019111201003884,RHPL,16,47,40,168.00,"6,720.00"
2019-11-12,2019111201003875,RHPL,16,54,10,168.00,"1,680.00"
2019-11-12,2019111201003819,RHPL,16,54,10,168.00,"1,680.00"
2019-11-12,2019111201003810,RHPL,16,59,40,168.00,"6,720.00"
2019-11-12,2019111201003777,RHPL,16,54,10,168.00,"1,680.00"
2019-11-12,2019111201003878,RMDC,46,46,5,600.00,"3,000.00"
2019-11-12,2019111201003643,RMDC,47,47,45,612.00,"27,540.00"
2019-11-12,2019111201003696,RRHP,22,26,10,102.00,"1,020.00"
2019-11-12,2019111201003648,RSDC,56,42,100,319.00,"31,900.00"
2019-11-12,2019111201004024,SABSL,59,50,110,534.00,"58,740.00"
2019-11-12,2019111201004022,SABSL,59,40,70,534.00,"37,380.00"
2019-11-12,2019111201004011,SABSL,59,54,10,534.00,"5,340.00"
2019-11-12,2019111201003958,SABSL,5,58,10,535.00,"5,350.00"
2019-11-12,2019111201003920,SABSL,19,42,10,527.00,"5,270.00"
2019-11-12,2019111201003911,SABSL,19,45,10,530.00,"5,300.00"
2019-11-12,2019111201003726,SABSL,19,1,10,529.00,"5,290.00"
2019-11-12,2019111201003725,SABSL,19,22,30,528.00,"15,840.00"
2019-11-12,2019111201003719,SABSL,42,28,10,526.00,"5,260.00"
2019-11-12,2019111201003697,SABSL,55,22,20,526.00,"10,520.00"
2019-11-12,2019111201003681,SABSL,19,46,10,525.00,"5,250.00"
2019-11-12,2019111201003545,SABSL,5,36,10,527.00,"5,270.00"
2019-11-12,2019111201003732,SABSL,19,42,10,530.00,"5,300.00"
2019-11-12,2019111201003731,SABSL,19,1,10,530.00,"5,300.00"
2019-11-12,2019111201003730,SABSL,19,1,10,530.00,"5,300.00"
2019-11-12,2019111201003729,SABSL,19,1,10,530.00,"5,300.00"
2019-11-12,2019111201003728,SABSL,19,28,100,529.00,"52,900.00"
2019-11-12,2019111201003727,SABSL,19,45,10,529.00,"5,290.00"
2019-11-12,2019111201003738,SABSL,19,42,10,530.00,"5,300.00"
2019-11-12,2019111201003737,SABSL,19,45,100,530.00,"53,000.00"
2019-11-12,2019111201003736,SABSL,19,19,10,530.00,"5,300.00"
2019-11-12,2019111201003735,SABSL,19,34,20,530.00,"10,600.00"
2019-11-12,2019111201003734,SABSL,19,41,10,530.00,"5,300.00"
2019-11-12,2019111201003733,SABSL,19,6,100,530.00,"53,000.00"
2019-11-12,2019111201003854,SABSL,22,14,10,534.00,"5,340.00"
2019-11-12,2019111201003849,SABSL,22,4,10,534.00,"5,340.00"
2019-11-12,2019111201003848,SABSL,22,40,80,533.00,"42,640.00"
2019-11-12,2019111201003836,SABSL,45,40,10,533.00,"5,330.00"
2019-11-12,2019111201003826,SABSL,19,51,100,531.00,"53,100.00"
2019-11-12,2019111201003825,SABSL,19,34,40,531.00,"21,240.00"
2019-11-12,2019111201003830,SADBL,28,37,486,137.00,"66,582.00"
2019-11-12,2019111201003829,SADBL,38,37,300,137.00,"41,100.00"
2019-11-12,2019111201004006,SANIMA,35,56,10,308.00,"3,080.00"
2019-11-12,2019111201004005,SANIMA,35,21,154,307.00,"47,278.00"
2019-11-12,2019111201003970,SANIMA,41,21,36,307.00,"11,052.00"
2019-11-12,2019111201003969,SANIMA,41,53,164,307.00,"50,348.00"
2019-11-12,2019111201003940,SANIMA,57,53,136,307.00,"41,752.00"
2019-11-12,2019111201003939,SANIMA,57,45,189,307.00,"58,023.00"
2019-11-12,2019111201003904,SANIMA,45,45,78,307.00,"23,946.00"
2019-11-12,2019111201003956,SBI,34,5,985,405.00,"398,925.00"
2019-11-12,2019111201003774,SBI,34,5,300,405.00,"121,500.00"
2019-11-12,2019111201003773,SBI,34,43,"1,000",405.00,"405,000.00"
2019-11-12,2019111201003656,SBL,45,22,15,291.00,"4,365.00"
2019-11-12,2019111201003655,SBL,26,22,285,291.00,"82,935.00"
2019-11-12,2019111201003846,SCB,35,29,60,548.00,"32,880.00"
2019-11-12,2019111201003885,SFFIL,57,45,850,178.00,"151,300.00"
2019-11-12,2019111201003955,SHIVM,56,40,300,486.00,"145,800.00"
2019-11-12,2019111201003629,SHIVM,4,16,12,484.00,"5,808.00"
2019-11-12,2019111201003628,SHIVM,39,16,50,484.00,"24,200.00"
2019-11-12,2019111201003627,SHIVM,45,16,238,484.00,"115,192.00"
2019-11-12,2019111201003541,SHIVM,45,42,300,484.00,"145,200.00"
2019-11-12,2019111201003792,SIL,42,47,65,391.00,"25,415.00"
2019-11-12,2019111201003791,SIL,42,5,30,391.00,"11,730.00"
2019-11-12,2019111201004025,SJCL,35,21,20,163.00,"3,260.00"
2019-11-12,2019111201003998,SJCL,35,54,10,163.00,"1,630.00"
2019-11-12,2019111201003978,SJCL,35,46,20,163.00,"3,260.00"
2019-11-12,2019111201003942,SJCL,35,54,10,163.00,"1,630.00"
2019-11-12,2019111201003931,SJCL,35,14,10,163.00,"1,630.00"
2019-11-12,2019111201003907,SJCL,35,47,20,163.00,"3,260.00"
2019-11-12,2019111201003626,SJCL,42,46,20,162.00,"3,240.00"
2019-11-12,2019111201003592,SJCL,42,16,20,162.00,"3,240.00"
2019-11-12,2019111201003581,SJCL,42,38,280,162.00,"45,360.00"
2019-11-12,2019111201003580,SJCL,47,38,100,162.00,"16,200.00"
2019-11-12,2019111201003579,SJCL,10,38,100,163.00,"16,300.00"
2019-11-12,2019111201003578,SJCL,56,38,20,163.00,"3,260.00"
2019-11-12,2019111201003716,SJCL,35,28,20,163.00,"3,260.00"
2019-11-12,2019111201003713,SJCL,42,54,10,164.00,"1,640.00"
2019-11-12,2019111201003682,SJCL,42,28,20,164.00,"3,280.00"
2019-11-12,2019111201003657,SJCL,42,28,20,164.00,"3,280.00"
2019-11-12,2019111201003654,SJCL,42,54,10,162.00,"1,620.00"
2019-11-12,2019111201003647,SJCL,42,28,20,162.00,"3,240.00"
2019-11-12,2019111201003811,SJCL,51,54,10,164.00,"1,640.00"
2019-11-12,2019111201003796,SJCL,51,59,20,164.00,"3,280.00"
2019-11-12,2019111201003776,SJCL,35,46,20,163.00,"3,260.00"
2019-11-12,2019111201003775,SJCL,35,54,10,163.00,"1,630.00"
2019-11-12,2019111201003747,SJCL,35,28,10,163.00,"1,630.00"
2019-11-12,2019111201003866,SJCL,35,54,10,163.00,"1,630.00"
2019-11-12,2019111201003828,SKBBL,22,50,100,932.00,"93,200.00"
2019-11-12,2019111201003857,SLBBL,7,16,120,591.00,"70,920.00"
2019-11-12,2019111201003562,SLBBL,56,1,"1,000",596.00,"596,000.00"
2019-11-12,2019111201003561,SLBBL,7,1,300,596.00,"178,800.00"
2019-11-12,2019111201003560,SLBBL,58,1,195,598.00,"116,610.00"
2019-11-12,2019111201003979,SLBSL,34,55,40,740.00,"29,600.00"
2019-11-12,2019111201003707,SLBSL,34,5,60,740.00,"44,400.00"
2019-11-12,2019111201003851,SMFDB,55,7,10,515.00,"5,150.00"
2019-11-12,2019111201003847,SMFDB,16,5,10,520.00,"5,200.00"
2019-11-12,2019111201003919,SPARS,57,54,10,522.00,"5,220.00"
2019-11-12,2019111201003853,SPARS,1,54,10,525.00,"5,250.00"
2019-11-12,2019111201003700,SPDL,56,26,15,73.00,"1,095.00"
2019-11-12,2019111201003699,SRBL,34,7,559,212.00,"118,508.00"
2019-11-12,2019111201003652,SRBL,44,51,"2,000",212.00,"424,000.00"
2019-11-12,2019111201003891,TRH,28,14,200,275.00,"55,000.00"
2019-11-12,2019111201003890,TRH,58,14,200,275.00,"55,000.00"
2019-11-12,2019111201003889,TRH,16,14,30,275.00,"8,250.00"
2019-11-12,2019111201003888,TRH,22,14,100,275.00,"27,500.00"
2019-11-12,2019111201003662,TRH,44,19,660,276.00,"182,160.00"
2019-11-12,2019111201003973,UMHL,42,6,14,100.00,"1,400.00"
2019-11-12,2019111201003972,UMHL,42,6,14,100.00,"1,400.00"
2019-11-12,2019111201003701,UMHL,33,26,23,99.00,"2,277.00"
2019-11-12,2019111201003994,UPPER,16,22,40,232.00,"9,280.00"
2019-11-12,2019111201003985,UPPER,11,4,50,233.00,"11,650.00"
2019-11-12,2019111201003984,UPPER,11,6,50,233.00,"11,650.00"
2019-11-12,2019111201003903,UPPER,16,47,40,232.00,"9,280.00"
2019-11-12,2019111201003704,UPPER,16,26,40,232.00,"9,280.00"
2019-11-12,2019111201003833,VLBS,33,7,139,575.00,"79,925.00"
2019-11-12,2019111201003832,VLBS,45,7,100,577.00,"57,700.00"
2019-11-12,2019111201003831,VLBS,45,7,61,581.00,"35,441.00"
2019-11-12,2019111201003529,ADBL,39,32,71,417.00,"29,607.00"
2019-11-12,2019111201003488,ADBL,39,42,"2,000",418.00,"836,000.00"
2019-11-12,2019111201003180,ADBL,56,7,150,418.00,"62,700.00"
2019-11-12,2019111201003092,ADBL,39,37,15,417.00,"6,255.00"
2019-11-12,2019111201003221,AKBSL,17,17,10,417.00,"4,170.00"
2019-11-12,2019111201003374,AKJCL,29,58,20,56.00,"1,120.00"
2019-11-12,2019111201003264,AKJCL,17,17,20,57.00,"1,140.00"
2019-11-12,2019111201003249,AKJCL,29,47,20,56.00,"1,120.00"
2019-11-12,2019111201003247,AKJCL,17,17,20,57.00,"1,140.00"
2019-11-12,2019111201003231,AKJCL,17,17,10,57.00,570.00
2019-11-12,2019111201003152,AKJCL,29,56,90,57.00,"5,130.00"
2019-11-12,2019111201003113,AKJCL,29,20,10,57.00,570.00
2019-11-12,2019111201003380,AKPL,6,26,100,121.00,"12,100.00"
2019-11-12,2019111201003379,AKPL,34,26,100,121.00,"12,100.00"
2019-11-12,2019111201003322,API,33,32,48,106.00,"5,088.00"
2019-11-12,2019111201003321,API,51,32,52,106.00,"5,512.00"
2019-11-12,2019111201003507,BOKL,18,52,100,223.00,"22,300.00"
2019-11-12,2019111201003506,BOKL,49,52,200,223.00,"44,600.00"
2019-11-12,2019111201003084,BOKL,16,16,"3,000",223.00,"669,000.00"
2019-11-12,2019111201003494,BPCL,33,44,11,358.00,"3,938.00"
2019-11-12,2019111201003420,BPCL,45,57,12,360.00,"4,320.00"
2019-11-12,2019111201003394,BPCL,57,57,10,360.00,"3,600.00"
2019-11-12,2019111201003375,BPCL,55,6,218,359.00,"78,262.00"
2019-11-12,2019111201003359,BPCL,57,6,22,359.00,"7,898.00"
2019-11-12,2019111201003256,BPCL,57,57,22,360.00,"7,920.00"
2019-11-12,2019111201003183,BPCL,19,26,12,361.00,"4,332.00"
2019-11-12,2019111201003170,BPCL,57,57,12,358.00,"4,296.00"
2019-11-12,2019111201003156,BPCL,1,57,10,360.00,"3,600.00"
2019-11-12,2019111201003254,CBBL,45,33,27,975.00,"26,325.00"
2019-11-12,2019111201003510,CBL,29,47,102,139.00,"14,178.00"
2019-11-12,2019111201003509,CBL,47,13,102,140.00,"14,280.00"
2019-11-12,2019111201003513,CCBL,47,47,75,155.00,"11,625.00"
2019-11-12,2019111201003426,CCBL,14,14,1,154.00,154.00
2019-11-12,2019111201003422,CCBL,14,14,1,154.00,154.00
2019-11-12,2019111201003419,CCBL,14,14,1,154.00,154.00
2019-11-12,2019111201003415,CCBL,14,14,2,154.00,308.00
2019-11-12,2019111201003413,CCBL,14,14,2,154.00,308.00
2019-11-12,2019111201003409,CCBL,14,14,2,154.00,308.00
2019-11-12,2019111201003377,CCBL,43,6,243,154.00,"37,422.00"
2019-11-12,2019111201003141,CCBL,43,41,189,154.00,"29,106.00"
2019-11-12,2019111201003140,CCBL,6,41,100,154.00,"15,400.00"
2019-11-12,2019111201003139,CCBL,17,41,111,154.00,"17,094.00"
2019-11-12,2019111201003200,CFCL,32,28,10,110.00,"1,100.00"
2019-11-12,2019111201003482,CHCL,14,56,14,454.00,"6,356.00"
2019-11-12,2019111201003481,CHCL,14,45,36,454.00,"16,344.00"
2019-11-12,2019111201003452,CHCL,47,45,200,454.00,"90,800.00"
2019-11-12,2019111201003401,CHCL,6,45,10,454.00,"4,540.00"
2019-11-12,2019111201003400,CHCL,6,45,12,454.00,"5,448.00"
2019-11-12,2019111201003332,CHCL,45,45,20,455.00,"9,100.00"
2019-11-12,2019111201003094,CHCL,45,45,100,455.00,"45,500.00"
2019-11-12,2019111201003064,CHCL,6,59,275,455.00,"125,125.00"
2019-11-12,2019111201003063,CHCL,14,59,13,455.00,"5,915.00"
2019-11-12,2019111201003062,CHCL,14,32,13,455.00,"5,915.00"
2019-11-12,2019111201003061,CHCL,14,42,24,455.00,"10,920.00"
2019-11-12,2019111201003151,CHCL,41,45,100,455.00,"45,500.00"
2019-11-12,2019111201003123,CHCL,34,43,200,454.00,"90,800.00"
2019-11-12,2019111201003122,CHCL,49,43,300,454.00,"136,200.00"
2019-11-12,2019111201003121,CHCL,33,43,300,454.00,"136,200.00"
2019-11-12,2019111201003120,CHCL,6,43,881,454.00,"399,974.00"
2019-11-12,2019111201003109,CHCL,1,45,100,455.00,"45,500.00"
2019-11-12,2019111201003223,CHCL,32,43,103,454.00,"46,762.00"
2019-11-12,2019111201003222,CHCL,45,43,25,455.00,"11,375.00"
2019-11-12,2019111201003218,CHCL,45,32,25,455.00,"11,375.00"
2019-11-12,2019111201003217,CHCL,45,45,50,455.00,"22,750.00"
2019-11-12,2019111201003199,CHCL,8,45,50,455.00,"22,750.00"
2019-11-12,2019111201003189,CHCL,8,45,100,455.00,"45,500.00"
2019-11-12,2019111201003301,CHCL,6,56,88,454.00,"39,952.00"
2019-11-12,2019111201003300,CHCL,34,56,12,454.00,"5,448.00"
2019-11-12,2019111201003284,CHCL,52,28,300,453.00,"135,900.00"
2019-11-12,2019111201003283,CHCL,38,28,"1,000",453.00,"453,000.00"
2019-11-12,2019111201003251,CHCL,6,43,"1,000",454.00,"454,000.00"
2019-11-12,2019111201003236,CHCL,6,40,500,455.00,"227,500.00"
2019-11-12,2019111201003318,CIT,45,51,25,"1,760.00","44,000.00"
2019-11-12,2019111201003267,CIT,41,51,10,"1,760.00","17,600.00"
2019-11-12,2019111201003162,CLBSL,58,42,17,454.00,"7,718.00"
2019-11-12,2019111201003142,CLBSL,48,42,17,455.00,"7,735.00"
2019-11-12,2019111201003418,CZBIL,42,6,100,190.00,"19,000.00"
2019-11-12,2019111201003194,CZBIL,34,6,"1,954",190.00,"371,260.00"
2019-11-12,2019111201003193,CZBIL,34,22,20,190.00,"3,800.00"
2019-11-12,2019111201003060,CZBIL,34,42,26,189.00,"4,914.00"
2019-11-12,2019111201003382,DHPL,51,6,11,49.00,539.00
2019-11-12,2019111201003381,EBL,44,19,150,552.00,"82,800.00"
2019-11-12,2019111201003346,EBL,45,19,40,552.00,"22,080.00"
2019-11-12,2019111201003345,EBL,34,19,200,552.00,"110,400.00"
2019-11-12,2019111201003227,EBL,45,45,10,552.00,"5,520.00"
2019-11-12,2019111201003376,EIC,51,19,150,225.00,"33,750.00"
2019-11-12,2019111201003448,FOWAD,44,44,95,"1,355.00","128,725.00"
2019-11-12,2019111201003424,FOWAD,44,44,300,"1,355.00","406,500.00"
2019-11-12,2019111201003310,FOWAD,44,40,100,"1,355.00","135,500.00"
2019-11-12,2019111201003293,FOWAD,44,28,300,"1,355.00","406,500.00"
2019-11-12,2019111201003255,FOWAD,44,34,300,"1,355.00","406,500.00"
2019-11-12,2019111201003114,FOWAD,51,47,50,"1,356.00","67,800.00"
2019-11-12,2019111201003106,FOWAD,51,32,10,"1,356.00","13,560.00"
2019-11-12,2019111201003087,FOWAD,51,47,26,"1,356.00","35,256.00"
2019-11-12,2019111201003451,GBLBS,58,50,245,310.00,"75,950.00"
2019-11-12,2019111201003450,GBLBS,10,50,200,310.00,"62,000.00"
2019-11-12,2019111201003449,GBLBS,46,50,55,310.00,"17,050.00"
2019-11-12,2019111201003325,GBLBS,46,49,100,310.00,"31,000.00"
2019-11-12,2019111201003290,GBLBS,17,17,15,311.00,"4,665.00"
2019-11-12,2019111201003073,GBLBS,46,57,65,311.00,"20,215.00"
2019-11-12,2019111201003517,GLBSL,36,4,10,450.00,"4,500.00"
2019-11-12,2019111201003473,GLBSL,36,21,10,450.00,"4,500.00"
2019-11-12,2019111201003323,GLBSL,36,54,10,450.00,"4,500.00"
2019-11-12,2019111201003206,GLBSL,10,10,20,453.00,"9,060.00"
2019-11-12,2019111201003188,GLBSL,16,45,10,446.00,"4,460.00"
2019-11-12,2019111201003159,GLBSL,19,10,10,454.00,"4,540.00"
2019-11-12,2019111201003138,GLBSL,19,54,10,450.00,"4,500.00"
2019-11-12,2019111201003130,GLBSL,19,10,10,454.00,"4,540.00"
2019-11-12,2019111201003125,GLBSL,16,42,10,446.00,"4,460.00"
2019-11-12,2019111201003104,GLBSL,16,20,10,446.00,"4,460.00"
2019-11-12,2019111201003089,GLBSL,19,20,10,450.00,"4,500.00"
2019-11-12,2019111201003055,GLBSL,19,7,40,450.00,"18,000.00"
2019-11-12,2019111201003320,GLICL,39,17,100,361.00,"36,100.00"
2019-11-12,2019111201003319,GLICL,5,17,100,361.00,"36,100.00"
2019-11-12,2019111201003205,GMFBS,58,5,10,481.00,"4,810.00"
2019-11-12,2019111201003050,GMFBS,44,33,280,480.00,"134,400.00"
2019-11-12,2019111201003042,GMFBS,44,32,200,480.00,"96,000.00"
2019-11-12,2019111201003250,GMFIL,1,19,100,114.00,"11,400.00"
2019-11-12,2019111201003525,HDL,58,45,50,"1,794.00","89,700.00"
2019-11-12,2019111201003524,HDL,58,16,100,"1,793.00","179,300.00"
2019-11-12,2019111201003505,HDL,5,7,20,"1,790.00","35,800.00"
2019-11-12,2019111201003502,HDL,19,7,200,"1,790.00","358,000.00"
2019-11-12,2019111201003501,HDL,28,7,60,"1,790.00","107,400.00"
2019-11-12,2019111201003470,HDL,28,17,40,"1,790.00","71,600.00"
2019-11-12,2019111201003077,HDL,50,17,50,"1,785.00","89,250.00"
2019-11-12,2019111201003076,HDL,38,17,30,"1,787.00","53,610.00"
2019-11-12,2019111201003059,HDL,1,47,20,"1,789.00","35,780.00"
2019-11-12,2019111201003046,HDL,6,47,10,"1,789.00","17,890.00"
2019-11-12,2019111201003302,HDL,38,53,100,"1,781.00","178,100.00"
