Date,Transact. No.,Symbol,Buyer,Seller,Quantity,Rate,Amount
2019-06-25,2019062501005578,ADBL,46,18,365,416.00,"151,840.00"
2019-06-25,2019062501005577,ADBL,46,49,89,416.00,"37,024.00"
2019-06-25,2019062501005576,ADBL,46,36,46,415.00,"19,090.00"
2019-06-25,2019062501005564,ADBL,7,36,500,415.00,"207,500.00"
2019-06-25,2019062501005503,ADBL,34,36,50,415.00,"20,750.00"
2019-06-25,2019062501005502,ADBL,28,36,"1,000",415.00,"415,000.00"
2019-06-25,2019062501005501,ADBL,28,36,230,415.00,"95,450.00"
2019-06-25,2019062501005498,ADBL,40,49,100,416.00,"41,600.00"
2019-06-25,2019062501005428,ADBL,28,43,500,415.00,"207,500.00"
2019-06-25,2019062501005221,ADBL,42,49,203,416.00,"84,448.00"
2019-06-25,2019062501005214,ADBL,28,44,100,415.00,"41,500.00"
2019-06-25,2019062501005115,ADBL,25,14,150,416.00,"62,400.00"
2019-06-25,2019062501005575,AHPC,7,1,10,108.00,"1,080.00"
2019-06-25,2019062501005316,AHPC,32,43,755,106.00,"80,030.00"
2019-06-25,2019062501005315,AHPC,42,43,10,106.00,"1,060.00"
2019-06-25,2019062501005314,AHPC,29,43,500,106.00,"53,000.00"
2019-06-25,2019062501005313,AHPC,34,43,50,106.00,"5,300.00"
2019-06-25,2019062501005312,AHPC,22,43,685,106.00,"72,610.00"
2019-06-25,2019062501005424,AKPL,56,50,13,182.00,"2,366.00"
2019-06-25,2019062501005174,ALICL,43,51,100,384.00,"38,400.00"
2019-06-25,2019062501005343,API,25,36,16,146.00,"2,336.00"
2019-06-25,2019062501005342,API,25,45,196,145.00,"28,420.00"
2019-06-25,2019062501005341,API,25,38,758,144.00,"109,152.00"
2019-06-25,2019062501005225,API,25,38,42,144.00,"6,048.00"
2019-06-25,2019062501005224,API,25,36,58,143.00,"8,294.00"
2019-06-25,2019062501005481,BOKL,42,34,10,266.00,"2,660.00"
2019-06-25,2019062501005480,BOKL,42,41,379,265.00,"100,435.00"
2019-06-25,2019062501005479,BOKL,42,41,379,265.00,"100,435.00"
2019-06-25,2019062501005478,BOKL,42,26,18,265.00,"4,770.00"
2019-06-25,2019062501005477,BOKL,42,26,200,265.00,"53,000.00"
2019-06-25,2019062501005476,BOKL,42,39,60,265.00,"15,900.00"
2019-06-25,2019062501005475,BOKL,42,11,200,265.00,"53,000.00"
2019-06-25,2019062501005467,BOKL,42,22,"1,500",264.00,"396,000.00"
2019-06-25,2019062501005459,BOKL,42,22,500,264.00,"132,000.00"
2019-06-25,2019062501005458,BOKL,42,25,"1,000",264.00,"264,000.00"
2019-06-25,2019062501005346,BOKL,54,54,144,262.00,"37,728.00"
2019-06-25,2019062501005345,BOKL,48,54,556,262.00,"145,672.00"
2019-06-25,2019062501005360,CBBL,54,7,500,938.00,"469,000.00"
2019-06-25,2019062501005298,CBBL,45,38,100,935.00,"93,500.00"
2019-06-25,2019062501005391,CBL,49,6,100,147.00,"14,700.00"
2019-06-25,2019062501005390,CBL,6,6,100,147.00,"14,700.00"
2019-06-25,2019062501005389,CBL,33,6,80,147.00,"11,760.00"
2019-06-25,2019062501005549,CCBL,40,37,57,167.00,"9,519.00"
2019-06-25,2019062501005548,CCBL,43,37,200,167.00,"33,400.00"
2019-06-25,2019062501005547,CCBL,36,37,"1,000",167.00,"167,000.00"
2019-06-25,2019062501005546,CCBL,14,37,570,167.00,"95,190.00"
2019-06-25,2019062501005531,CCBL,54,37,20,168.00,"3,360.00"
2019-06-25,2019062501005507,CCBL,45,37,500,168.00,"84,000.00"
2019-06-25,2019062501005281,CCBL,54,37,15,168.00,"2,520.00"
2019-06-25,2019062501005269,CCBL,45,37,200,168.00,"33,600.00"
2019-06-25,2019062501005268,CCBL,45,37,100,168.00,"16,800.00"
2019-06-25,2019062501005426,CHCL,45,35,15,518.00,"7,770.00"
2019-06-25,2019062501005425,CHCL,45,39,85,517.00,"43,945.00"
2019-06-25,2019062501005101,CZBIL,28,52,321,220.00,"70,620.00"
2019-06-25,2019062501005427,DDBL,26,35,48,715.00,"34,320.00"
2019-06-25,2019062501005453,EBL,11,38,50,665.00,"33,250.00"
2019-06-25,2019062501005295,EBL,28,8,200,665.00,"133,000.00"
2019-06-25,2019062501005220,EIC,29,41,102,366.00,"37,332.00"
2019-06-25,2019062501005219,EIC,42,41,50,366.00,"18,300.00"
2019-06-25,2019062501005218,EIC,55,41,22,367.00,"8,074.00"
2019-06-25,2019062501005217,EIC,14,41,40,368.00,"14,720.00"
2019-06-25,2019062501005216,EIC,42,41,94,370.00,"34,780.00"
2019-06-25,2019062501005125,EIC,42,26,56,370.00,"20,720.00"
2019-06-25,2019062501005463,FMDBL,42,34,82,386.00,"31,652.00"
2019-06-25,2019062501005206,FMDBL,42,51,18,386.00,"6,948.00"
2019-06-25,2019062501005205,FMDBL,45,51,82,386.00,"31,652.00"
2019-06-25,2019062501005128,FMDBL,45,52,18,386.00,"6,948.00"
2019-06-25,2019062501005127,FMDBL,45,52,82,386.00,"31,652.00"
2019-06-25,2019062501005363,FOWAD,28,16,19,"1,350.00","25,650.00"
2019-06-25,2019062501005362,FOWAD,28,11,15,"1,349.00","20,235.00"
2019-06-25,2019062501005361,FOWAD,28,11,15,"1,344.00","20,160.00"
2019-06-25,2019062501005533,GBBL,6,28,500,223.00,"111,500.00"
2019-06-25,2019062501005366,GBBL,4,4,700,222.00,"155,400.00"
2019-06-25,2019062501005365,GBBL,34,4,300,222.00,"66,600.00"
2019-06-25,2019062501005133,GBBL,47,4,100,222.00,"22,200.00"
2019-06-25,2019062501005132,GBBL,1,4,10,222.00,"2,220.00"
2019-06-25,2019062501005131,GBBL,4,4,130,222.00,"28,860.00"
2019-06-25,2019062501005105,GBBL,1,4,200,222.00,"44,400.00"
2019-06-25,2019062501005104,GBBL,32,4,300,222.00,"66,600.00"
2019-06-25,2019062501005111,GBBL,4,4,870,222.00,"193,140.00"
2019-06-25,2019062501005110,GBBL,35,4,80,222.00,"17,760.00"
2019-06-25,2019062501005109,GBBL,35,4,200,222.00,"44,400.00"
2019-06-25,2019062501005108,GBBL,35,4,100,222.00,"22,200.00"
2019-06-25,2019062501005107,GBBL,35,4,200,222.00,"44,400.00"
2019-06-25,2019062501005106,GBBL,35,4,50,222.00,"11,100.00"
2019-06-25,2019062501005465,GBIME,42,17,50,306.00,"15,300.00"
2019-06-25,2019062501005369,GBIME,40,11,184,304.00,"55,936.00"
2019-06-25,2019062501005368,GBIME,42,11,10,305.00,"3,050.00"
2019-06-25,2019062501005096,GBIME,42,48,390,305.00,"118,950.00"
2019-06-25,2019062501005197,GBLBS,56,47,10,355.00,"3,550.00"
2019-06-25,2019062501005196,GBLBS,56,38,10,355.00,"3,550.00"
2019-06-25,2019062501005532,GLBSL,39,59,10,440.00,"4,400.00"
2019-06-25,2019062501005469,GLBSL,39,48,10,440.00,"4,400.00"
2019-06-25,2019062501005454,GLBSL,39,34,10,440.00,"4,400.00"
2019-06-25,2019062501005442,GLBSL,39,45,10,440.00,"4,400.00"
2019-06-25,2019062501005440,GLBSL,39,48,10,440.00,"4,400.00"
2019-06-25,2019062501005434,GLBSL,39,34,10,440.00,"4,400.00"
2019-06-25,2019062501005090,GLBSL,39,1,10,440.00,"4,400.00"
2019-06-25,2019062501005130,GLBSL,39,35,10,440.00,"4,400.00"
2019-06-25,2019062501005120,GLBSL,39,35,10,440.00,"4,400.00"
2019-06-25,2019062501005119,GLBSL,39,21,10,440.00,"4,400.00"
2019-06-25,2019062501005116,GLBSL,39,1,10,440.00,"4,400.00"
2019-06-25,2019062501005112,GLBSL,39,16,10,440.00,"4,400.00"
2019-06-25,2019062501005100,GLBSL,39,21,10,440.00,"4,400.00"
2019-06-25,2019062501005215,GLBSL,39,1,10,440.00,"4,400.00"
2019-06-25,2019062501005188,GLBSL,39,1,10,440.00,"4,400.00"
2019-06-25,2019062501005187,GLBSL,39,1,10,440.00,"4,400.00"
2019-06-25,2019062501005160,GLBSL,39,1,10,440.00,"4,400.00"
2019-06-25,2019062501005141,GLBSL,39,21,10,440.00,"4,400.00"
2019-06-25,2019062501005134,GLBSL,39,1,10,440.00,"4,400.00"
2019-06-25,2019062501005414,GLBSL,39,34,10,440.00,"4,400.00"
2019-06-25,2019062501005374,GLBSL,39,34,10,440.00,"4,400.00"
2019-06-25,2019062501005336,GLBSL,39,1,10,440.00,"4,400.00"
2019-06-25,2019062501005286,GLBSL,39,1,10,440.00,"4,400.00"
2019-06-25,2019062501005263,GLBSL,39,53,10,440.00,"4,400.00"
2019-06-25,2019062501005247,GLBSL,39,56,10,440.00,"4,400.00"
2019-06-25,2019062501005438,GLICL,36,51,10,488.00,"4,880.00"
2019-06-25,2019062501005235,GLICL,1,51,90,488.00,"43,920.00"
2019-06-25,2019062501005212,GLICL,1,32,20,488.00,"9,760.00"
2019-06-25,2019062501005211,GLICL,13,32,30,488.00,"14,640.00"
2019-06-25,2019062501005121,GLICL,55,26,18,489.00,"8,802.00"
2019-06-25,2019062501005348,GMFBS,58,20,10,432.00,"4,320.00"
2019-06-25,2019062501005420,GUFL,52,43,10,119.00,"1,190.00"
2019-06-25,2019062501005113,GUFL,28,51,500,120.00,"60,000.00"
2019-06-25,2019062501005580,HDL,35,1,200,"1,673.00","334,600.00"
2019-06-25,2019062501005251,HGI,34,34,"2,000",356.00,"712,000.00"
2019-06-25,2019062501005231,HGI,34,34,747,356.00,"265,932.00"
2019-06-25,2019062501005230,HGI,43,34,50,356.00,"17,800.00"
2019-06-25,2019062501005229,HGI,46,34,150,357.00,"53,550.00"
2019-06-25,2019062501005228,HGI,20,34,38,357.00,"13,566.00"
2019-06-25,2019062501005227,HGI,7,34,100,357.00,"35,700.00"
2019-06-25,2019062501005226,HGI,57,34,415,358.00,"148,570.00"
2019-06-25,2019062501005122,HGI,57,52,100,358.00,"35,800.00"
2019-06-25,2019062501005282,HIDCL,36,43,168,159.00,"26,712.00"
2019-06-25,2019062501005167,HIDCL,43,43,200,159.00,"31,800.00"
2019-06-25,2019062501005166,HIDCL,34,43,300,159.00,"47,700.00"
2019-06-25,2019062501005165,HIDCL,28,43,100,159.00,"15,900.00"
2019-06-25,2019062501005164,HIDCL,1,43,500,159.00,"79,500.00"
2019-06-25,2019062501005163,HIDCL,1,43,"1,000",159.00,"159,000.00"
2019-06-25,2019062501005162,HIDCL,36,43,"3,000",159.00,"477,000.00"
2019-06-25,2019062501005161,HIDCL,39,43,238,159.00,"37,842.00"
2019-06-25,2019062501005252,HURJA,45,22,10,142.00,"1,420.00"
2019-06-25,2019062501005123,HURJA,45,21,20,142.00,"2,840.00"
2019-06-25,2019062501005474,IGI,42,55,10,374.00,"3,740.00"
2019-06-25,2019062501005584,JBNL,44,57,314,207.00,"64,998.00"
2019-06-25,2019062501005411,JBNL,44,32,152,207.00,"31,464.00"
2019-06-25,2019062501005410,JBNL,52,32,101,207.00,"20,907.00"
2019-06-25,2019062501005209,JBNL,28,32,47,208.00,"9,776.00"
2019-06-25,2019062501005278,JSLBB,43,50,54,"1,181.00","63,774.00"
2019-06-25,2019062501005472,KBBLPO,32,13,"3,300",128.00,"422,400.00"
2019-06-25,2019062501005529,KBL,37,16,138,211.00,"29,118.00"
2019-06-25,2019062501005528,KBL,44,16,"2,112",211.00,"445,632.00"
2019-06-25,2019062501005505,KBL,44,48,263,211.00,"55,493.00"
2019-06-25,2019062501005496,KBL,35,46,150,212.00,"31,800.00"
2019-06-25,2019062501005222,KBL,50,46,50,212.00,"10,600.00"
2019-06-25,2019062501005191,KBL,42,46,203,212.00,"43,036.00"
2019-06-25,2019062501005190,KBL,42,25,100,212.00,"21,200.00"
2019-06-25,2019062501005126,KBL,45,46,30,212.00,"6,360.00"
2019-06-25,2019062501005397,KRBL,17,33,912,116.00,"105,792.00"
2019-06-25,2019062501005154,KSBBL,58,58,1,154.00,154.00
2019-06-25,2019062501005095,KSBBL,58,6,1,154.00,154.00
2019-06-25,2019062501005493,LGIL,22,34,440,432.00,"190,080.00"
2019-06-25,2019062501005492,LGIL,51,34,100,432.00,"43,200.00"
2019-06-25,2019062501005491,LGIL,1,34,100,432.00,"43,200.00"
2019-06-25,2019062501005490,LGIL,45,34,200,432.00,"86,400.00"
2019-06-25,2019062501005489,LGIL,59,34,200,432.00,"86,400.00"
2019-06-25,2019062501005488,LGIL,16,34,100,433.00,"43,300.00"
2019-06-25,2019062501005487,LGIL,45,34,30,435.00,"13,050.00"
2019-06-25,2019062501005486,LGIL,52,34,100,435.00,"43,500.00"
2019-06-25,2019062501005485,LGIL,45,34,200,435.00,"87,000.00"
2019-06-25,2019062501005484,LGIL,57,34,10,435.00,"4,350.00"
2019-06-25,2019062501005483,LGIL,51,34,50,436.00,"21,800.00"
2019-06-25,2019062501005582,LICN,14,56,40,"1,577.00","63,080.00"
2019-06-25,2019062501005581,LICN,47,56,20,"1,578.00","31,560.00"
2019-06-25,2019062501005506,LICN,25,38,10,"1,600.00","16,000.00"
2019-06-25,2019062501005370,LICN,58,28,22,"1,578.00","34,716.00"
2019-06-25,2019062501005297,LICN,35,28,20,"1,578.00","31,560.00"
2019-06-25,2019062501005260,LICN,11,16,50,"1,599.00","79,950.00"
2019-06-25,2019062501005259,LICN,11,6,60,"1,599.00","95,940.00"
2019-06-25,2019062501005504,LLBS,57,57,10,678.00,"6,780.00"
2019-06-25,2019062501005244,MBL,8,59,247,265.00,"65,455.00"
2019-06-25,2019062501005193,MBLPO,52,39,"10,077",148.00,"1,491,396.00"
2019-06-25,2019062501005540,MEGA,43,28,10,201.00,"2,010.00"
2019-06-25,2019062501005513,MEGA,34,52,185,200.00,"37,000.00"
2019-06-25,2019062501005512,MEGA,32,52,300,200.00,"60,000.00"
2019-06-25,2019062501005511,MEGA,28,52,15,200.00,"3,000.00"
2019-06-25,2019062501005186,MEGA,49,49,3,200.00,600.00
2019-06-25,2019062501005172,MEGA,28,52,43,200.00,"8,600.00"
2019-06-25,2019062501005138,MEGA,28,32,400,200.00,"80,000.00"
2019-06-25,2019062501005572,MERO,32,16,123,529.00,"65,067.00"
2019-06-25,2019062501005377,MERO,35,59,15,531.00,"7,965.00"
2019-06-25,2019062501005455,MFIL,54,43,10,126.00,"1,260.00"
2019-06-25,2019062501005508,MLBBL,26,52,25,421.00,"10,525.00"
2019-06-25,2019062501005358,MLBL,48,54,383,192.00,"73,536.00"
2019-06-25,2019062501005357,MLBL,44,54,"1,038",192.00,"199,296.00"
2019-06-25,2019062501005223,MNBBL,58,17,322,370.00,"119,140.00"
2019-06-25,2019062501005114,MNBBL,36,17,20,370.00,"7,400.00"
2019-06-25,2019062501005585,MPFL,43,58,20,187.00,"3,740.00"
2019-06-25,2019062501005543,MPFL,33,58,100,187.00,"18,700.00"
2019-06-25,2019062501005517,MPFL,46,58,50,187.00,"9,350.00"
2019-06-25,2019062501005516,MPFL,33,58,100,187.00,"18,700.00"
2019-06-25,2019062501005515,MPFL,28,58,50,187.00,"9,350.00"
2019-06-25,2019062501005449,MPFL,28,33,125,190.00,"23,750.00"
2019-06-25,2019062501005195,MPFL,22,7,40,190.00,"7,600.00"
2019-06-25,2019062501005194,MPFL,22,10,25,190.00,"4,750.00"
2019-06-25,2019062501005189,MPFL,38,10,10,190.00,"1,900.00"
2019-06-25,2019062501005176,MPFL,1,39,14,188.00,"2,632.00"
2019-06-25,2019062501005091,MPFL,58,10,15,190.00,"2,850.00"
2019-06-25,2019062501005238,MPFL,22,11,10,188.00,"1,880.00"
2019-06-25,2019062501005237,MPFL,21,11,22,188.00,"4,136.00"
2019-06-25,2019062501005236,MPFL,1,11,124,188.00,"23,312.00"
2019-06-25,2019062501005234,MPFL,1,39,24,188.00,"4,512.00"
2019-06-25,2019062501005213,MPFL,1,39,14,188.00,"2,632.00"
2019-06-25,2019062501005204,MPFL,22,49,35,190.00,"6,650.00"
2019-06-25,2019062501005320,MPFL,49,5,28,187.00,"5,236.00"
2019-06-25,2019062501005288,MPFL,49,39,38,187.00,"7,106.00"
2019-06-25,2019062501005264,MPFL,17,33,885,190.00,"168,150.00"
2019-06-25,2019062501005255,MPFL,17,49,115,190.00,"21,850.00"
2019-06-25,2019062501005240,MPFL,49,11,34,187.00,"6,358.00"
2019-06-25,2019062501005239,MPFL,51,11,10,187.00,"1,870.00"
2019-06-25,2019062501005329,MPFL,44,35,50,187.00,"9,350.00"
2019-06-25,2019062501005328,MPFL,17,35,30,187.00,"5,610.00"
2019-06-25,2019062501005324,MPFL,17,5,70,187.00,"13,090.00"
2019-06-25,2019062501005323,MPFL,48,5,10,187.00,"1,870.00"
2019-06-25,2019062501005322,MPFL,35,5,10,187.00,"1,870.00"
2019-06-25,2019062501005321,MPFL,42,5,10,187.00,"1,870.00"
2019-06-25,2019062501005335,MPFL,50,35,20,187.00,"3,740.00"
2019-06-25,2019062501005334,MPFL,47,35,11,187.00,"2,057.00"
2019-06-25,2019062501005333,MPFL,33,35,200,187.00,"37,400.00"
2019-06-25,2019062501005332,MPFL,40,35,34,187.00,"6,358.00"
2019-06-25,2019062501005331,MPFL,33,35,10,187.00,"1,870.00"
2019-06-25,2019062501005330,MPFL,33,35,150,187.00,"28,050.00"
2019-06-25,2019062501005448,MPFL,28,32,375,190.00,"71,250.00"
2019-06-25,2019062501005409,MPFL,56,32,25,190.00,"4,750.00"
2019-06-25,2019062501005407,MPFL,28,49,20,187.00,"3,740.00"
2019-06-25,2019062501005406,MPFL,28,35,95,187.00,"17,765.00"
2019-06-25,2019062501005392,MPFL,57,35,50,187.00,"9,350.00"
2019-06-25,2019062501005388,MPFL,52,35,200,187.00,"37,400.00"
2019-06-25,2019062501005290,MSMBS,57,59,22,419.00,"9,218.00"
2019-06-25,2019062501005178,MSMBS,57,29,22,419.00,"9,218.00"
2019-06-25,2019062501005276,NABIL,18,3,50,810.00,"40,500.00"
2019-06-25,2019062501005089,NABIL,16,3,90,810.00,"72,900.00"
2019-06-25,2019062501005088,NABIL,16,44,10,810.00,"8,100.00"
2019-06-25,2019062501005375,NADEP,48,26,20,433.00,"8,660.00"
2019-06-25,2019062501005349,NBB,32,35,200,221.00,"44,200.00"
2019-06-25,2019062501005586,NBL,33,58,100,326.00,"32,600.00"
2019-06-25,2019062501005423,NBL,32,58,39,326.00,"12,714.00"
2019-06-25,2019062501005344,NBL,51,45,100,327.00,"32,700.00"
2019-06-25,2019062501005185,NBL,32,51,"1,000",326.00,"326,000.00"
2019-06-25,2019062501005184,NBL,32,42,200,326.00,"65,200.00"
2019-06-25,2019062501005183,NBL,32,49,"1,500",326.00,"489,000.00"
2019-06-25,2019062501005182,NBL,32,41,561,326.00,"182,886.00"
2019-06-25,2019062501005181,NBL,32,17,"1,000",326.00,"326,000.00"
2019-06-25,2019062501005180,NBL,32,36,700,326.00,"228,200.00"
2019-06-25,2019062501005175,NBL,43,45,350,325.00,"113,750.00"
2019-06-25,2019062501005117,NBL,43,38,25,325.00,"8,125.00"
2019-06-25,2019062501005526,NCCB,35,17,400,255.00,"102,000.00"
2019-06-25,2019062501005525,NCCB,35,34,"1,000",255.00,"255,000.00"
2019-06-25,2019062501005524,NCCB,35,7,29,255.00,"7,395.00"
2019-06-25,2019062501005523,NCCB,35,55,"2,000",255.00,"510,000.00"
2019-06-25,2019062501005522,NCCB,35,50,"2,039",255.00,"519,945.00"
2019-06-25,2019062501005521,NCCB,35,29,200,255.00,"51,000.00"
2019-06-25,2019062501005520,NCCB,35,32,600,255.00,"153,000.00"
2019-06-25,2019062501005519,NCCB,35,11,500,255.00,"127,500.00"
2019-06-25,2019062501005518,NCCB,35,44,585,255.00,"149,175.00"
2019-06-25,2019062501005292,NCCB,57,44,150,255.00,"38,250.00"
2019-06-25,2019062501005207,NHDL,58,52,10,125.00,"1,250.00"
2019-06-25,2019062501005258,NHPC,56,57,20,68.00,"1,360.00"
2019-06-25,2019062501005159,NHPC,42,58,200,67.00,"13,400.00"
2019-06-25,2019062501005556,NIB,8,16,757,526.00,"398,182.00"
2019-06-25,2019062501005555,NIB,8,16,113,526.00,"59,438.00"
2019-06-25,2019062501005550,NIB,8,52,318,526.00,"167,268.00"
2019-06-25,2019062501005473,NIB,8,57,182,526.00,"95,732.00"
2019-06-25,2019062501005277,NIB,38,57,100,527.00,"52,700.00"
2019-06-25,2019062501005241,NIB,8,42,50,526.00,"26,300.00"
2019-06-25,2019062501005351,NIBPO,11,52,"1,000",482.00,"482,000.00"
2019-06-25,2019062501005275,NIBPO,7,52,500,482.00,"241,000.00"
2019-06-25,2019062501005537,NICA,45,57,272,469.00,"127,568.00"
2019-06-25,2019062501005536,NICA,45,17,15,469.00,"7,035.00"
2019-06-25,2019062501005535,NICA,45,22,194,469.00,"90,986.00"
2019-06-25,2019062501005534,NICA,45,52,19,468.00,"8,892.00"
2019-06-25,2019062501005399,NICA,45,57,339,467.00,"158,313.00"
2019-06-25,2019062501005398,NICA,54,57,"3,661",467.00,"1,709,687.00"
2019-06-25,2019062501005203,NICA,54,54,"1,339",467.00,"625,313.00"
2019-06-25,2019062501005202,NICA,45,54,500,467.00,"233,500.00"
2019-06-25,2019062501005201,NICA,6,54,100,467.00,"46,700.00"
2019-06-25,2019062501005200,NICA,6,54,55,467.00,"25,685.00"
2019-06-25,2019062501005199,NICA,49,54,70,468.00,"32,760.00"
2019-06-25,2019062501005198,NICA,49,54,140,468.00,"65,520.00"
2019-06-25,2019062501005497,NICL,43,45,10,365.00,"3,650.00"
2019-06-25,2019062501005500,NIL,14,14,151,475.00,"71,725.00"
2019-06-25,2019062501005499,NIL,4,14,149,475.00,"70,775.00"
2019-06-25,2019062501005253,NIL,4,51,200,475.00,"95,000.00"
2019-06-25,2019062501005563,NLIC,11,43,40,896.00,"35,840.00"
2019-06-25,2019062501005273,NLIC,29,43,100,896.00,"89,600.00"
2019-06-25,2019062501005169,NLIC,16,57,17,895.00,"15,215.00"
2019-06-25,2019062501005118,NLIC,34,3,40,895.00,"35,800.00"
2019-06-25,2019062501005565,NLICL,43,16,10,612.00,"6,120.00"
2019-06-25,2019062501005445,NMBMF,38,37,50,"1,005.00","50,250.00"
2019-06-25,2019062501005444,NMBMF,38,38,100,"1,004.00","100,400.00"
2019-06-25,2019062501005443,NMBMF,38,43,200,"1,000.00","200,000.00"
2019-06-25,2019062501005319,NMFBS,33,14,15,"1,478.00","22,170.00"
2019-06-25,2019062501005318,NMFBS,33,43,10,"1,478.00","14,780.00"
2019-06-25,2019062501005250,NMFBS,33,43,10,"1,466.00","14,660.00"
2019-06-25,2019062501005249,NMFBS,33,29,30,"1,459.00","43,770.00"
2019-06-25,2019062501005248,NMFBS,33,35,30,"1,455.00","43,650.00"
2019-06-25,2019062501005179,NMFBS,33,42,15,"1,459.00","21,885.00"
2019-06-25,2019062501005102,NTC,33,32,10,699.00,"6,990.00"
2019-06-25,2019062501005317,NUBL,45,16,120,833.00,"99,960.00"
2019-06-25,2019062501005265,PCBL,38,39,200,287.00,"57,400.00"
2019-06-25,2019062501005168,PCBL,56,54,300,286.00,"85,800.00"
2019-06-25,2019062501005495,PFL,10,38,957,138.00,"132,066.00"
2019-06-25,2019062501005494,PFL,36,38,358,138.00,"49,404.00"
2019-06-25,2019062501005262,PFL,36,52,12,138.00,"1,656.00"
2019-06-25,2019062501005261,PFL,41,52,14,139.00,"1,946.00"
2019-06-25,2019062501005587,PIC,32,53,109,997.00,"108,673.00"
2019-06-25,2019062501005509,PIC,32,34,50,996.00,"49,800.00"
2019-06-25,2019062501005287,PIC,32,51,10,994.00,"9,940.00"
2019-06-25,2019062501005271,PIC,39,51,60,994.00,"59,640.00"
2019-06-25,2019062501005270,PIC,51,51,30,994.00,"29,820.00"
2019-06-25,2019062501005514,PICL,6,6,15,570.00,"8,550.00"
2019-06-25,2019062501005405,PICL,21,6,70,560.00,"39,200.00"
2019-06-25,2019062501005404,PICL,59,6,50,560.00,"28,000.00"
2019-06-25,2019062501005403,PICL,7,6,150,561.00,"84,150.00"
2019-06-25,2019062501005402,PICL,13,6,150,561.00,"84,150.00"
2019-06-25,2019062501005326,PICL,13,51,50,561.00,"28,050.00"
2019-06-25,2019062501005325,PICL,21,51,100,562.00,"56,200.00"
2019-06-25,2019062501005364,PLIC,59,51,100,433.00,"43,300.00"
2019-06-25,2019062501005470,PPCL,14,39,10,139.00,"1,390.00"
2019-06-25,2019062501005452,PPCL,14,39,30,139.00,"4,170.00"
2019-06-25,2019062501005433,PPCL,14,39,30,139.00,"4,170.00"
2019-06-25,2019062501005418,PPCL,14,39,30,139.00,"4,170.00"
2019-06-25,2019062501005396,PPCL,14,39,30,139.00,"4,170.00"
2019-06-25,2019062501005376,PPCL,14,39,30,139.00,"4,170.00"
2019-06-25,2019062501005142,PPCL,14,39,30,139.00,"4,170.00"
2019-06-25,2019062501005135,PPCL,14,20,10,138.00,"1,380.00"
2019-06-25,2019062501005129,PPCL,14,21,10,138.00,"1,380.00"
2019-06-25,2019062501005148,PPCL,14,39,30,139.00,"4,170.00"
2019-06-25,2019062501005147,PPCL,14,39,30,139.00,"4,170.00"
2019-06-25,2019062501005146,PPCL,14,39,30,139.00,"4,170.00"
2019-06-25,2019062501005145,PPCL,14,39,30,139.00,"4,170.00"
2019-06-25,2019062501005144,PPCL,14,39,30,139.00,"4,170.00"
2019-06-25,2019062501005143,PPCL,14,39,30,139.00,"4,170.00"
2019-06-25,2019062501005232,PPCL,19,34,20,140.00,"2,800.00"
2019-06-25,2019062501005153,PPCL,14,32,20,139.00,"2,780.00"
2019-06-25,2019062501005152,PPCL,14,51,30,139.00,"4,170.00"
2019-06-25,2019062501005151,PPCL,14,39,30,139.00,"4,170.00"
2019-06-25,2019062501005150,PPCL,14,39,30,139.00,"4,170.00"
2019-06-25,2019062501005149,PPCL,14,39,30,139.00,"4,170.00"
2019-06-25,2019062501005367,PPCL,14,39,30,139.00,"4,170.00"
2019-06-25,2019062501005327,PPCL,14,39,30,139.00,"4,170.00"
2019-06-25,2019062501005291,PPCL,14,39,30,139.00,"4,170.00"
2019-06-25,2019062501005284,PPCL,14,39,30,139.00,"4,170.00"
2019-06-25,2019062501005274,PPCL,14,52,30,139.00,"4,170.00"
2019-06-25,2019062501005233,PPCL,19,43,480,140.00,"67,200.00"
2019-06-25,2019062501005439,PRIN,22,48,50,375.00,"18,750.00"
2019-06-25,2019062501005380,PRIN,22,51,200,375.00,"75,000.00"
2019-06-25,2019062501005285,PRIN,22,3,50,375.00,"18,750.00"
2019-06-25,2019062501005103,PRIN,14,3,30,376.00,"11,280.00"
2019-06-25,2019062501005567,PRVU,5,45,700,266.00,"186,200.00"
2019-06-25,2019062501005566,PRVU,56,45,500,266.00,"133,000.00"
2019-06-25,2019062501005421,PRVU,4,45,"2,000",267.00,"534,000.00"
2019-06-25,2019062501005311,PRVU,36,34,80,266.00,"21,280.00"
2019-06-25,2019062501005310,PRVU,54,34,200,266.00,"53,200.00"
2019-06-25,2019062501005309,PRVU,59,34,250,266.00,"66,500.00"
2019-06-25,2019062501005302,PRVU,50,34,"1,000",266.00,"266,000.00"
2019-06-25,2019062501005301,PRVU,47,34,200,266.00,"53,200.00"
2019-06-25,2019062501005300,PRVU,47,34,560,266.00,"148,960.00"
2019-06-25,2019062501005299,PRVU,52,34,54,266.00,"14,364.00"
2019-06-25,2019062501005296,PRVU,51,45,100,267.00,"26,700.00"
2019-06-25,2019062501005156,PRVU,51,45,50,267.00,"13,350.00"
2019-06-25,2019062501005308,PRVU,57,34,100,266.00,"26,600.00"
2019-06-25,2019062501005307,PRVU,48,34,100,266.00,"26,600.00"
2019-06-25,2019062501005306,PRVU,35,34,20,266.00,"5,320.00"
2019-06-25,2019062501005305,PRVU,43,34,200,266.00,"53,200.00"
2019-06-25,2019062501005304,PRVU,41,34,100,266.00,"26,600.00"
2019-06-25,2019062501005303,PRVU,44,34,100,266.00,"26,600.00"
2019-06-25,2019062501005571,RADHI,22,6,241,152.00,"36,632.00"
2019-06-25,2019062501005561,RADHI,17,6,100,153.00,"15,300.00"
2019-06-25,2019062501005560,RADHI,47,6,50,153.00,"7,650.00"
2019-06-25,2019062501005559,RADHI,13,6,55,153.00,"8,415.00"
2019-06-25,2019062501005558,RADHI,25,6,10,153.00,"1,530.00"
2019-06-25,2019062501005539,RADHI,13,6,34,155.00,"5,270.00"
2019-06-25,2019062501005450,RBCL,18,46,10,"9,490.00","94,900.00"
2019-06-25,2019062501005437,RRHP,22,39,10,113.00,"1,130.00"
2019-06-25,2019062501005436,RRHP,22,39,10,113.00,"1,130.00"
2019-06-25,2019062501005435,RRHP,22,39,10,113.00,"1,130.00"
2019-06-25,2019062501005408,RRHP,22,38,10,112.00,"1,120.00"
2019-06-25,2019062501005385,RRHP,22,44,10,112.00,"1,120.00"
2019-06-25,2019062501005384,RRHP,22,44,10,112.00,"1,120.00"
2019-06-25,2019062501005254,RRHP,22,38,10,110.00,"1,100.00"
2019-06-25,2019062501005359,RRHP,22,38,10,110.00,"1,100.00"
2019-06-25,2019062501005340,RRHP,22,38,10,110.00,"1,100.00"
2019-06-25,2019062501005294,RRHP,22,52,10,110.00,"1,100.00"
2019-06-25,2019062501005293,RRHP,22,38,10,110.00,"1,100.00"
2019-06-25,2019062501005283,RRHP,22,38,10,110.00,"1,100.00"
2019-06-25,2019062501005266,RRHP,22,38,10,110.00,"1,100.00"
2019-06-25,2019062501005383,RRHP,22,44,10,112.00,"1,120.00"
2019-06-25,2019062501005382,RRHP,22,44,10,112.00,"1,120.00"
2019-06-25,2019062501005381,RRHP,22,44,10,112.00,"1,120.00"
2019-06-25,2019062501005378,RRHP,22,48,10,110.00,"1,100.00"
2019-06-25,2019062501005371,RRHP,22,38,10,110.00,"1,100.00"
2019-06-25,2019062501005417,RSDC,25,51,153,350.00,"53,550.00"
2019-06-25,2019062501005416,RSDC,42,51,47,350.00,"16,450.00"
2019-06-25,2019062501005173,SAEF,34,53,500,9.42,"4,710.00"
2019-06-25,2019062501005140,SAEF,34,53,"2,000",9.42,"18,840.00"
2019-06-25,2019062501005542,SANIMA,57,1,103,350.00,"36,050.00"
2019-06-25,2019062501005124,SBBLJ,6,14,160,195.00,"31,200.00"
2019-06-25,2019062501005246,SBI,32,28,27,465.00,"12,555.00"
2019-06-25,2019062501005583,SBL,26,25,100,321.00,"32,100.00"
2019-06-25,2019062501005347,SBL,26,52,169,321.00,"54,249.00"
2019-06-25,2019062501005527,SCB,34,22,25,664.00,"16,600.00"
2019-06-25,2019062501005441,SDESI,58,51,50,550.00,"27,500.00"
2019-06-25,2019062501005210,SEF,43,53,100,9.63,963.00
2019-06-25,2019062501005192,SEF,43,53,"1,000",9.63,"9,630.00"
2019-06-25,2019062501005568,SEOS,49,13,"1,000",10.55,"10,550.00"
2019-06-25,2019062501005574,SHINE,6,49,450,255.00,"114,750.00"
2019-06-25,2019062501005510,SHINE,6,49,100,255.00,"25,500.00"
2019-06-25,2019062501005457,SHINE,6,49,"1,000",255.00,"255,000.00"
2019-06-25,2019062501005456,SHINE,6,58,450,255.00,"114,750.00"
2019-06-25,2019062501005279,SHINE,19,49,440,255.00,"112,200.00"
2019-06-25,2019062501005245,SHINE,42,49,50,255.00,"12,750.00"
2019-06-25,2019062501005431,SHINE,6,49,137,254.00,"34,798.00"
2019-06-25,2019062501005430,SHINE,34,49,30,254.00,"7,620.00"
2019-06-25,2019062501005429,SHINE,51,49,100,254.00,"25,400.00"
2019-06-25,2019062501005339,SHINE,19,58,560,255.00,"142,800.00"
2019-06-25,2019062501005338,SHINE,48,58,490,255.00,"124,950.00"
2019-06-25,2019062501005570,SHIVM,57,57,50,658.00,"32,900.00"
2019-06-25,2019062501005569,SHIVM,57,36,90,658.00,"59,220.00"
2019-06-25,2019062501005562,SHIVM,1,28,10,657.00,"6,570.00"
2019-06-25,2019062501005557,SHIVM,49,36,10,658.00,"6,580.00"
2019-06-25,2019062501005541,SHIVM,39,36,100,658.00,"65,800.00"
2019-06-25,2019062501005413,SHIVM,1,52,14,657.00,"9,198.00"
2019-06-25,2019062501005412,SHIVM,1,52,186,657.00,"122,202.00"
2019-06-25,2019062501005350,SHIVM,1,3,14,657.00,"9,198.00"
2019-06-25,2019062501005289,SHIVM,50,16,50,657.00,"32,850.00"
2019-06-25,2019062501005158,SHIVM,7,29,30,657.00,"19,710.00"
2019-06-25,2019062501005157,SHIVM,7,22,35,657.00,"22,995.00"
2019-06-25,2019062501005460,SHL,22,53,300,231.00,"69,300.00"
2019-06-25,2019062501005401,SHL,22,21,100,231.00,"23,100.00"
2019-06-25,2019062501005400,SHL,3,21,100,231.00,"23,100.00"
2019-06-25,2019062501005554,SHPC,16,39,"1,808",248.00,"448,384.00"
2019-06-25,2019062501005553,SHPC,40,39,500,248.00,"124,000.00"
2019-06-25,2019062501005552,SHPC,17,39,20,248.00,"4,960.00"
2019-06-25,2019062501005551,SHPC,37,39,672,250.00,"168,000.00"
2019-06-25,2019062501005356,SHPC,37,43,303,250.00,"75,750.00"
2019-06-25,2019062501005355,SHPC,28,43,500,250.00,"125,000.00"
2019-06-25,2019062501005354,SHPC,25,43,200,251.00,"50,200.00"
2019-06-25,2019062501005353,SHPC,45,43,297,251.00,"74,547.00"
2019-06-25,2019062501005352,SHPC,45,43,200,252.00,"50,400.00"
2019-06-25,2019062501005094,SHPC,45,36,203,251.00,"50,953.00"
2019-06-25,2019062501005093,SHPC,57,36,118,251.00,"29,618.00"
2019-06-25,2019062501005092,SHPC,52,36,179,252.00,"45,108.00"
2019-06-25,2019062501005419,SIC,25,29,10,640.00,"6,400.00"
2019-06-25,2019062501005373,SIC,52,25,40,635.00,"25,400.00"
2019-06-25,2019062501005372,SIC,54,25,10,636.00,"6,360.00"
2019-06-25,2019062501005171,SIC,54,25,90,636.00,"57,240.00"
2019-06-25,2019062501005170,SIC,51,25,40,637.00,"25,480.00"
2019-06-25,2019062501005099,SIC,13,29,200,637.00,"127,400.00"
2019-06-25,2019062501005098,SIC,53,29,100,637.00,"63,700.00"
2019-06-25,2019062501005097,SIC,45,29,10,638.00,"6,380.00"
2019-06-25,2019062501005466,SICL,55,4,21,760.00,"15,960.00"
2019-06-25,2019062501005482,SIL,25,13,10,446.00,"4,460.00"
2019-06-25,2019062501005462,SIL,34,51,119,442.00,"52,598.00"
2019-06-25,2019062501005461,SIL,34,51,81,442.00,"35,802.00"
2019-06-25,2019062501005530,SLBSL,43,40,10,529.00,"5,290.00"
2019-06-25,2019062501005137,SLBSL,52,58,40,522.00,"20,880.00"
2019-06-25,2019062501005136,SLBSL,43,58,10,523.00,"5,230.00"
2019-06-25,2019062501005579,SMATA,41,17,10,"1,140.00","11,400.00"
2019-06-25,2019062501005468,SMB,34,11,10,400.00,"4,000.00"
2019-06-25,2019062501005379,SMB,34,52,10,400.00,"4,000.00"
2019-06-25,2019062501005573,SMFDB,26,49,10,499.00,"4,990.00"
2019-06-25,2019062501005422,SRBL,6,13,"1,026",252.00,"258,552.00"
2019-06-25,2019062501005387,SRBL,6,41,785,252.00,"197,820.00"
2019-06-25,2019062501005386,SRBL,1,41,215,252.00,"54,180.00"
2019-06-25,2019062501005545,SWBBL,44,38,50,900.00,"45,000.00"
2019-06-25,2019062501005471,SWBBL,55,49,15,905.00,"13,575.00"
2019-06-25,2019062501005272,SWBBL,28,17,100,905.00,"90,500.00"
2019-06-25,2019062501005155,SWBBL,44,25,112,900.00,"100,800.00"
2019-06-25,2019062501005447,TRH,26,59,50,314.00,"15,700.00"
2019-06-25,2019062501005446,TRH,26,59,50,314.00,"15,700.00"
2019-06-25,2019062501005267,TRH,32,28,27,315.00,"8,505.00"
2019-06-25,2019062501005177,TRH,32,49,200,314.00,"62,800.00"
2019-06-25,2019062501005243,UIC,47,48,100,920.00,"92,000.00"
2019-06-25,2019062501005242,UIC,47,41,100,920.00,"92,000.00"
2019-06-25,2019062501005415,UNL,3,3,10,"19,264.00","192,640.00"
2019-06-25,2019062501005544,UPPER,25,21,50,268.00,"13,400.00"
2019-06-25,2019062501005538,UPPER,22,42,10,266.00,"2,660.00"
2019-06-25,2019062501005464,UPPER,25,16,50,268.00,"13,400.00"
2019-06-25,2019062501005451,UPPER,22,42,40,266.00,"10,640.00"
2019-06-25,2019062501005432,UPPER,22,21,74,266.00,"19,684.00"
2019-06-25,2019062501005256,UPPER,11,47,40,267.00,"10,680.00"
2019-06-25,2019062501005208,UPPER,25,47,50,267.00,"13,350.00"
2019-06-25,2019062501005395,UPPER,22,42,53,266.00,"14,098.00"
2019-06-25,2019062501005394,UPPER,21,21,219,267.00,"58,473.00"
2019-06-25,2019062501005393,UPPER,21,33,74,267.00,"19,758.00"
2019-06-25,2019062501005337,UPPER,22,4,50,266.00,"13,300.00"
2019-06-25,2019062501005280,UPPER,22,45,200,266.00,"53,200.00"
2019-06-25,2019062501005257,UPPER,11,33,260,267.00,"69,420.00"
2019-06-25,2019062501005084,ADBL,28,14,170,415.00,"70,550.00"
2019-06-25,2019062501005051,ADBL,17,14,20,415.00,"8,300.00"
2019-06-25,2019062501005042,ADBL,40,14,100,415.00,"41,500.00"
2019-06-25,2019062501005040,ADBL,57,14,10,415.00,"4,150.00"
2019-06-25,2019062501005039,ADBL,57,13,10,415.00,"4,150.00"
2019-06-25,2019062501004948,ADBL,7,49,"1,158",415.00,"480,570.00"
2019-06-25,2019062501004614,ADBL,56,28,200,415.00,"83,000.00"
2019-06-25,2019062501004791,ADBL,49,1,46,415.00,"19,090.00"
2019-06-25,2019062501004651,ADBL,7,1,190,415.00,"78,850.00"
2019-06-25,2019062501004650,ADBL,7,14,60,415.00,"24,900.00"
2019-06-25,2019062501004649,ADBL,7,43,400,415.00,"166,000.00"
2019-06-25,2019062501004621,ADBL,56,43,600,415.00,"249,000.00"
2019-06-25,2019062501004615,ADBL,56,25,200,415.00,"83,000.00"
2019-06-25,2019062501004928,ADBL,56,49,600,415.00,"249,000.00"
2019-06-25,2019062501004876,ADBL,56,59,400,415.00,"166,000.00"
2019-06-25,2019062501004814,ADBL,14,26,14,415.00,"5,810.00"
2019-06-25,2019062501004801,ADBL,14,52,46,415.00,"19,090.00"
2019-06-25,2019062501004800,ADBL,14,25,100,415.00,"41,500.00"
2019-06-25,2019062501004792,ADBL,49,52,54,415.00,"22,410.00"
2019-06-25,2019062501004943,ADBL,7,49,330,414.00,"136,620.00"
2019-06-25,2019062501004942,ADBL,19,49,500,414.00,"207,000.00"
2019-06-25,2019062501004941,ADBL,6,49,50,414.00,"20,700.00"
2019-06-25,2019062501004940,ADBL,52,49,100,414.00,"41,400.00"
2019-06-25,2019062501004939,ADBL,38,49,420,414.00,"173,880.00"
2019-06-25,2019062501004929,ADBL,7,49,"1,350",415.00,"560,250.00"
2019-06-25,2019062501004923,AKJCL,45,45,10,73.00,730.00
2019-06-25,2019062501004618,AKJCL,57,7,10,72.00,720.00
2019-06-25,2019062501005074,AKPL,56,19,98,182.00,"17,836.00"
2019-06-25,2019062501005073,AKPL,14,19,200,182.00,"36,400.00"
2019-06-25,2019062501005072,AKPL,39,19,12,182.00,"2,184.00"
2019-06-25,2019062501005059,ALBSL,26,47,10,407.00,"4,070.00"
2019-06-25,2019062501005057,API,6,19,144,143.00,"20,592.00"
2019-06-25,2019062501005056,API,34,19,100,143.00,"14,300.00"
2019-06-25,2019062501005055,API,58,19,400,143.00,"57,200.00"
2019-06-25,2019062501005054,API,59,19,356,143.00,"50,908.00"
2019-06-25,2019062501004997,API,41,38,200,144.00,"28,800.00"
2019-06-25,2019062501004822,API,14,54,220,143.00,"31,460.00"
2019-06-25,2019062501004818,API,14,47,29,143.00,"4,147.00"
2019-06-25,2019062501004806,API,14,47,29,143.00,"4,147.00"
2019-06-25,2019062501004944,API,25,56,179,144.00,"25,776.00"
2019-06-25,2019062501004938,API,59,16,29,143.00,"4,147.00"
2019-06-25,2019062501004825,API,59,54,115,143.00,"16,445.00"
2019-06-25,2019062501004824,API,16,54,500,143.00,"71,500.00"
2019-06-25,2019062501004823,API,49,54,"2,000",143.00,"286,000.00"
2019-06-25,2019062501004907,BARUN,34,47,10,91.00,910.00
2019-06-25,2019062501004951,BOKL,32,25,250,263.00,"65,750.00"
2019-06-25,2019062501004815,BOKL,13,25,750,263.00,"197,250.00"
2019-06-25,2019062501005086,BPCL,7,13,20,405.00,"8,100.00"
2019-06-25,2019062501004884,BPCL,29,54,149,403.00,"60,047.00"
2019-06-25,2019062501004883,BPCL,21,54,300,403.00,"120,900.00"
2019-06-25,2019062501004882,BPCL,14,54,355,403.00,"143,065.00"
2019-06-25,2019062501004881,BPCL,25,54,22,404.00,"8,888.00"
2019-06-25,2019062501004880,BPCL,29,54,28,404.00,"11,312.00"
2019-06-25,2019062501004879,BPCL,32,54,200,404.00,"80,800.00"
2019-06-25,2019062501004878,BPCL,37,54,289,404.00,"116,756.00"
2019-06-25,2019062501004877,BPCL,34,54,10,404.00,"4,040.00"
2019-06-25,2019062501004957,CBBL,16,36,50,934.00,"46,700.00"
2019-06-25,2019062501005049,CCBL,14,52,116,167.00,"19,372.00"
2019-06-25,2019062501004984,CCBL,52,37,200,168.00,"33,600.00"
2019-06-25,2019062501004973,CCBL,26,37,150,168.00,"25,200.00"
2019-06-25,2019062501004972,CCBL,45,37,200,168.00,"33,600.00"
2019-06-25,2019062501004960,CCBL,57,38,422,168.00,"70,896.00"
2019-06-25,2019062501004959,CCBL,58,38,578,168.00,"97,104.00"
2019-06-25,2019062501004922,CCBL,21,21,1,170.00,170.00
2019-06-25,2019062501004920,CCBL,58,47,21,168.00,"3,528.00"
2019-06-25,2019062501004885,CCBL,58,50,265,168.00,"44,520.00"
2019-06-25,2019062501004712,CCBL,44,32,10,170.00,"1,700.00"
2019-06-25,2019062501004971,CCBL,45,37,40,168.00,"6,720.00"
2019-06-25,2019062501004970,CCBL,56,37,100,168.00,"16,800.00"
2019-06-25,2019062501004969,CCBL,41,37,50,168.00,"8,400.00"
2019-06-25,2019062501004968,CCBL,50,37,20,168.00,"3,360.00"
2019-06-25,2019062501004967,CCBL,57,37,"1,578",168.00,"265,104.00"
2019-06-25,2019062501004955,CHCL,10,39,19,517.00,"9,823.00"
2019-06-25,2019062501004902,CHCL,34,39,36,517.00,"18,612.00"
2019-06-25,2019062501004745,CHCL,49,39,200,517.00,"103,400.00"
2019-06-25,2019062501004678,CHCL,28,35,479,515.00,"246,685.00"
2019-06-25,2019062501004677,CHCL,28,35,121,516.00,"62,436.00"
2019-06-25,2019062501004917,CIT,45,49,10,"2,490.00","24,900.00"
2019-06-25,2019062501004916,CIT,22,49,10,"2,490.00","24,900.00"
2019-06-25,2019062501005076,CMF1,43,52,"3,000",9.43,"28,290.00"
2019-06-25,2019062501004891,CZBIL,35,26,100,221.00,"22,100.00"
2019-06-25,2019062501004821,CZBIL,28,33,500,220.00,"110,000.00"
2019-06-25,2019062501005025,DBBL,38,48,200,140.00,"28,000.00"
2019-06-25,2019062501004985,DDBL,45,35,10,716.00,"7,160.00"
2019-06-25,2019062501005052,EBL,34,34,"2,000",665.00,"1,330,000.00"
2019-06-25,2019062501004589,EBL,35,21,137,663.00,"90,831.00"
2019-06-25,2019062501004588,EBL,44,21,300,663.00,"198,900.00"
2019-06-25,2019062501004992,EIC,14,40,10,368.00,"3,680.00"
2019-06-25,2019062501004991,EIC,45,40,20,368.00,"7,360.00"
2019-06-25,2019062501004974,EIC,8,40,60,369.00,"22,140.00"
2019-06-25,2019062501004904,FOWAD,14,41,55,"1,335.00","73,425.00"
2019-06-25,2019062501004896,FOWAD,45,25,159,"1,332.00","211,788.00"
2019-06-25,2019062501004804,FOWAD,41,41,20,"1,335.00","26,700.00"
2019-06-25,2019062501004728,FOWAD,49,25,10,"1,340.00","13,400.00"
2019-06-25,2019062501004803,GBBL,58,57,126,223.00,"28,098.00"
2019-06-25,2019062501004802,GBBL,58,35,"1,339",223.00,"298,597.00"
2019-06-25,2019062501004752,GBBL,8,16,94,222.00,"20,868.00"
2019-06-25,2019062501005078,GBIME,25,48,20,305.00,"6,100.00"
2019-06-25,2019062501005077,GBIME,38,48,90,305.00,"27,450.00"
2019-06-25,2019062501005087,GLBSL,39,13,10,440.00,"4,400.00"
2019-06-25,2019062501005083,GLBSL,39,21,10,440.00,"4,400.00"
2019-06-25,2019062501005082,GLBSL,39,42,10,440.00,"4,400.00"
2019-06-25,2019062501005079,GLBSL,39,21,10,440.00,"4,400.00"
2019-06-25,2019062501005070,GLBSL,39,1,10,440.00,"4,400.00"
2019-06-25,2019062501004713,GLBSL,6,42,10,440.00,"4,400.00"
2019-06-25,2019062501004703,GLBSL,6,42,10,440.00,"4,400.00"
2019-06-25,2019062501004661,GLBSL,43,52,10,440.00,"4,400.00"
2019-06-25,2019062501004599,GLBSL,6,7,10,441.00,"4,410.00"
2019-06-25,2019062501004762,GLBSL,6,3,10,440.00,"4,400.00"
2019-06-25,2019062501004761,GLBSL,6,41,10,440.00,"4,400.00"
2019-06-25,2019062501004750,GLBSL,6,42,10,440.00,"4,400.00"
2019-06-25,2019062501004737,GLBSL,6,3,10,440.00,"4,400.00"
2019-06-25,2019062501004734,GLBSL,6,42,10,440.00,"4,400.00"
2019-06-25,2019062501004714,GLBSL,6,44,10,440.00,"4,400.00"
2019-06-25,2019062501004830,GLBSL,41,3,10,440.00,"4,400.00"
2019-06-25,2019062501004820,GLBSL,41,3,10,440.00,"4,400.00"
2019-06-25,2019062501004797,GLBSL,41,3,10,440.00,"4,400.00"
2019-06-25,2019062501004793,GLBSL,41,3,10,440.00,"4,400.00"
2019-06-25,2019062501004787,GLBSL,6,3,10,440.00,"4,400.00"
2019-06-25,2019062501004780,GLBSL,6,42,10,440.00,"4,400.00"
2019-06-25,2019062501004890,GLBSL,41,3,10,440.00,"4,400.00"
2019-06-25,2019062501004888,GLBSL,41,3,10,440.00,"4,400.00"
2019-06-25,2019062501004867,GLBSL,41,3,10,440.00,"4,400.00"
2019-06-25,2019062501004861,GLBSL,41,3,10,440.00,"4,400.00"
2019-06-25,2019062501004860,GLBSL,35,29,10,441.00,"4,410.00"
2019-06-25,2019062501004834,GLBSL,40,1,10,442.00,"4,420.00"
2019-06-25,2019062501004975,GLBSL,39,1,10,440.00,"4,400.00"
2019-06-25,2019062501004962,GLBSL,39,3,10,440.00,"4,400.00"
2019-06-25,2019062501004952,GLBSL,39,3,10,440.00,"4,400.00"
2019-06-25,2019062501004946,GLBSL,39,3,10,440.00,"4,400.00"
2019-06-25,2019062501004919,GLBSL,41,51,10,440.00,"4,400.00"
2019-06-25,2019062501004912,GLBSL,41,44,10,440.00,"4,400.00"
2019-06-25,2019062501005030,GLBSL,14,55,10,441.00,"4,410.00"
2019-06-25,2019062501005026,GLBSL,14,38,10,441.00,"4,410.00"
2019-06-25,2019062501005020,GLBSL,14,1,10,441.00,"4,410.00"
2019-06-25,2019062501005009,GLBSL,14,42,10,441.00,"4,410.00"
2019-06-25,2019062501004986,GLBSL,39,1,10,440.00,"4,400.00"
2019-06-25,2019062501004976,GLBSL,39,42,10,440.00,"4,400.00"
2019-06-25,2019062501005069,GLBSL,39,42,10,440.00,"4,400.00"
2019-06-25,2019062501005053,GLBSL,39,42,10,440.00,"4,400.00"
2019-06-25,2019062501005048,GLBSL,39,45,10,440.00,"4,400.00"
2019-06-25,2019062501005046,GLBSL,39,1,10,440.00,"4,400.00"
2019-06-25,2019062501005041,GLBSL,45,46,10,442.00,"4,420.00"
2019-06-25,2019062501005032,GLBSL,14,42,10,441.00,"4,410.00"
2019-06-25,2019062501004961,GLICL,45,26,50,489.00,"24,450.00"
2019-06-25,2019062501004704,GLICL,17,26,20,489.00,"9,780.00"
2019-06-25,2019062501004623,GLICL,17,26,80,489.00,"39,120.00"
2019-06-25,2019062501004622,GLICL,53,26,20,490.00,"9,800.00"
2019-06-25,2019062501005067,GUFL,52,11,252,119.00,"29,988.00"
2019-06-25,2019062501004688,HBL,32,58,216,560.00,"120,960.00"
2019-06-25,2019062501004687,HBL,32,54,910,559.00,"508,690.00"
2019-06-25,2019062501004686,HBL,32,43,774,557.00,"431,118.00"
2019-06-25,2019062501004685,HBL,32,42,100,557.00,"55,700.00"
2019-06-25,2019062501004810,HGI,57,33,485,358.00,"173,630.00"
2019-06-25,2019062501004809,HGI,25,33,20,358.00,"7,160.00"
2019-06-25,2019062501004808,HGI,41,33,15,358.00,"5,370.00"
2019-06-25,2019062501004807,HGI,51,33,280,358.00,"100,240.00"
2019-06-25,2019062501004751,HGI,51,34,200,358.00,"71,600.00"
2019-06-25,2019062501004709,HGI,21,34,200,359.00,"71,800.00"
2019-06-25,2019062501004979,HIDCL,11,5,11,161.00,"1,771.00"
2019-06-25,2019062501004956,HIDCL,36,5,987,160.00,"157,920.00"
2019-06-25,2019062501004924,HIDCL,36,47,13,160.00,"2,080.00"
2019-06-25,2019062501004721,HIDCL,49,5,300,161.00,"48,300.00"
2019-06-25,2019062501004612,HIDCL,36,25,"1,000",161.00,"161,000.00"
2019-06-25,2019062501004611,HIDCL,36,57,30,161.00,"4,830.00"
2019-06-25,2019062501005068,JBBL,44,48,14,156.00,"2,184.00"
2019-06-25,2019062501005000,JBBL,44,45,21,156.00,"3,276.00"
2019-06-25,2019062501004999,JBBL,53,45,179,156.00,"27,924.00"
2019-06-25,2019062501004642,JBBL,53,34,21,156.00,"3,276.00"
2019-06-25,2019062501004641,JBBL,43,34,29,156.00,"4,524.00"
2019-06-25,2019062501004947,JBNL,28,41,153,208.00,"31,824.00"
2019-06-25,2019062501004925,JBNL,16,41,30,208.00,"6,240.00"
2019-06-25,2019062501004726,JBNL,25,41,50,208.00,"10,400.00"
2019-06-25,2019062501004725,JBNL,22,41,500,208.00,"104,000.00"
2019-06-25,2019062501004724,JBNL,34,41,"1,000",208.00,"208,000.00"
2019-06-25,2019062501004723,JBNL,39,41,100,208.00,"20,800.00"
2019-06-25,2019062501004722,JBNL,45,41,167,208.00,"34,736.00"
2019-06-25,2019062501004954,JOSHI,45,45,20,83.00,"1,660.00"
2019-06-25,2019062501004644,JOSHI,46,7,10,82.00,820.00
2019-06-25,2019062501004643,JOSHI,45,7,10,82.00,820.00
2019-06-25,2019062501005022,JSLBB,57,50,50,"1,185.00","59,250.00"
2019-06-25,2019062501005021,JSLBB,57,50,50,"1,185.00","59,250.00"
2019-06-25,2019062501004965,JSLBB,21,50,10,"1,190.00","11,900.00"
2019-06-25,2019062501004863,KBBL,58,58,"3,183",231.00,"735,273.00"
2019-06-25,2019062501004850,KBBL,8,58,"4,000",231.00,"924,000.00"
2019-06-25,2019062501004849,KBBL,36,58,500,231.00,"115,500.00"
2019-06-25,2019062501004848,KBBL,25,58,"2,000",231.00,"462,000.00"
2019-06-25,2019062501004847,KBBL,34,58,200,231.00,"46,200.00"
2019-06-25,2019062501004846,KBBL,44,58,220,231.00,"50,820.00"
2019-06-25,2019062501004839,KBBL,58,58,431,231.00,"99,561.00"
2019-06-25,2019062501004838,KBBL,35,58,200,232.00,"46,400.00"
2019-06-25,2019062501004837,KBBL,8,58,352,232.00,"81,664.00"
2019-06-25,2019062501004836,KBBL,35,58,523,232.00,"121,336.00"
2019-06-25,2019062501004663,KBBL,8,33,110,233.00,"25,630.00"
2019-06-25,2019062501004845,KBBL,48,58,"1,000",231.00,"231,000.00"
2019-06-25,2019062501004844,KBBL,51,58,200,231.00,"46,200.00"
2019-06-25,2019062501004843,KBBL,38,58,200,231.00,"46,200.00"
2019-06-25,2019062501004842,KBBL,8,58,"2,000",231.00,"462,000.00"
2019-06-25,2019062501004841,KBBL,10,58,500,231.00,"115,500.00"
2019-06-25,2019062501004840,KBBL,58,58,"2,000",231.00,"462,000.00"
2019-06-25,2019062501004988,KBL,36,13,"2,000",212.00,"424,000.00"
2019-06-25,2019062501004658,KBL,44,21,28,211.00,"5,908.00"
2019-06-25,2019062501004657,KBL,32,21,308,212.00,"65,296.00"
2019-06-25,2019062501004656,KBL,41,21,100,212.00,"21,200.00"
2019-06-25,2019062501004655,KBL,41,21,775,212.00,"164,300.00"
2019-06-25,2019062501004747,KPCL,45,45,10,92.00,920.00
2019-06-25,2019062501004794,KPCL,45,39,10,93.00,930.00
2019-06-25,2019062501005024,KSBBL,57,33,500,154.00,"77,000.00"
2019-06-25,2019062501005023,KSBBL,57,4,335,154.00,"51,590.00"
2019-06-25,2019062501004744,LBL,50,38,44,219.00,"9,636.00"
2019-06-25,2019062501004934,LGIL,37,34,109,436.00,"47,524.00"
2019-06-25,2019062501004910,LGIL,34,34,"5,000",432.00,"2,160,000.00"
2019-06-25,2019062501004852,LGIL,37,50,41,436.00,"17,876.00"
2019-06-25,2019062501004766,LGIL,45,50,59,436.00,"25,724.00"
2019-06-25,2019062501004921,MBL,11,47,58,266.00,"15,428.00"
2019-06-25,2019062501004684,MBL,43,47,80,266.00,"21,280.00"
2019-06-25,2019062501004683,MBL,51,47,200,266.00,"53,200.00"
2019-06-25,2019062501004682,MBL,44,47,304,266.00,"80,864.00"
2019-06-25,2019062501004617,MBL,19,28,30,267.00,"8,010.00"
2019-06-25,2019062501004616,MBL,19,21,70,267.00,"18,690.00"
2019-06-25,2019062501005043,MEGA,28,25,500,200.00,"100,000.00"
2019-06-25,2019062501004933,MEGA,28,36,42,200.00,"8,400.00"
2019-06-25,2019062501004932,MEGA,49,36,458,200.00,"91,600.00"
2019-06-25,2019062501004930,MEGA,28,28,500,201.00,"100,500.00"
2019-06-25,2019062501004868,MEGA,49,21,19,200.00,"3,800.00"
2019-06-25,2019062501004760,MEGA,49,28,300,201.00,"60,300.00"
2019-06-25,2019062501004639,MEGA,49,21,523,200.00,"104,600.00"
2019-06-25,2019062501004638,MEGA,26,21,172,200.00,"34,400.00"
2019-06-25,2019062501004894,MERO,35,17,74,531.00,"39,294.00"
2019-06-25,2019062501004893,MERO,35,28,11,530.00,"5,830.00"
2019-06-25,2019062501004598,MERO,42,37,18,531.00,"9,558.00"
2019-06-25,2019062501004811,MERO,28,28,22,530.00,"11,660.00"
2019-06-25,2019062501004764,MERO,28,28,28,530.00,"14,840.00"
2019-06-25,2019062501004763,MERO,32,28,30,530.00,"15,900.00"
2019-06-25,2019062501004606,MERO,42,17,27,531.00,"14,337.00"
2019-06-25,2019062501005071,MFIL,32,47,100,128.00,"12,800.00"
2019-06-25,2019062501004927,MLBL,44,1,365,192.00,"70,080.00"
2019-06-25,2019062501004785,MNBBL,48,17,10,370.00,"3,700.00"
2019-06-25,2019062501004784,MNBBL,17,17,30,370.00,"11,100.00"
2019-06-25,2019062501004783,MNBBL,25,17,18,370.00,"6,660.00"
2019-06-25,2019062501005060,MPFL,33,10,50,190.00,"9,500.00"
2019-06-25,2019062501005029,MPFL,21,10,10,190.00,"1,900.00"
2019-06-25,2019062501005013,MPFL,1,5,124,188.00,"23,312.00"
2019-06-25,2019062501005012,MPFL,42,5,10,189.00,"1,890.00"
2019-06-25,2019062501005011,MPFL,14,5,100,189.00,"18,900.00"
2019-06-25,2019062501005010,MPFL,1,5,14,189.00,"2,646.00"
2019-06-25,2019062501004710,MPFL,4,49,10,195.00,"1,950.00"
2019-06-25,2019062501004696,MPFL,19,49,20,196.00,"3,920.00"
2019-06-25,2019062501004674,MPFL,19,39,80,196.00,"15,680.00"
2019-06-25,2019062501004660,MPFL,7,49,400,197.00,"78,800.00"
2019-06-25,2019062501004648,MPFL,7,17,50,197.00,"9,850.00"
2019-06-25,2019062501004647,MPFL,7,17,50,196.00,"9,800.00"
2019-06-25,2019062501004753,MPFL,19,49,100,194.00,"19,400.00"
2019-06-25,2019062501004733,MPFL,1,58,25,193.00,"4,825.00"
2019-06-25,2019062501004732,MPFL,42,58,10,193.00,"1,930.00"
2019-06-25,2019062501004731,MPFL,22,58,50,193.00,"9,650.00"
2019-06-25,2019062501004730,MPFL,26,58,20,193.00,"3,860.00"
2019-06-25,2019062501004711,MPFL,47,49,31,195.00,"6,045.00"
2019-06-25,2019062501004759,MPFL,58,49,36,192.00,"6,912.00"
2019-06-25,2019062501004758,MPFL,1,49,50,192.00,"9,600.00"
2019-06-25,2019062501004757,MPFL,1,49,577,192.00,"110,784.00"
2019-06-25,2019062501004756,MPFL,47,49,10,193.00,"1,930.00"
2019-06-25,2019062501004755,MPFL,28,49,261,193.00,"50,373.00"
2019-06-25,2019062501004754,MPFL,1,49,25,193.00,"4,825.00"
2019-06-25,2019062501004773,MPFL,56,50,10,190.00,"1,900.00"
2019-06-25,2019062501004772,MPFL,45,50,250,191.00,"47,750.00"
2019-06-25,2019062501004771,MPFL,14,50,40,191.00,"7,640.00"
2019-06-25,2019062501004770,MPFL,45,50,20,191.00,"3,820.00"
2019-06-25,2019062501004769,MPFL,28,50,77,191.00,"14,707.00"
2019-06-25,2019062501004768,MPFL,58,50,64,192.00,"12,288.00"
2019-06-25,2019062501004779,MPFL,28,50,599,190.00,"113,810.00"
2019-06-25,2019062501004778,MPFL,56,50,90,190.00,"17,100.00"
2019-06-25,2019062501004777,MPFL,17,50,50,190.00,"9,500.00"
2019-06-25,2019062501004776,MPFL,1,50,200,190.00,"38,000.00"
2019-06-25,2019062501004775,MPFL,42,50,50,190.00,"9,500.00"
2019-06-25,2019062501004774,MPFL,52,50,50,190.00,"9,500.00"
2019-06-25,2019062501004996,MPFL,48,10,10,190.00,"1,900.00"
2019-06-25,2019062501004995,MPFL,42,10,10,190.00,"1,900.00"
2019-06-25,2019062501004994,MPFL,54,10,10,191.00,"1,910.00"
2019-06-25,2019062501004953,MPFL,42,17,30,193.00,"5,790.00"
2019-06-25,2019062501004909,MPFL,51,5,10,190.00,"1,900.00"
2019-06-25,2019062501004908,MPFL,22,5,50,190.00,"9,500.00"
2019-06-25,2019062501005038,NABIL,59,3,50,809.00,"40,450.00"
2019-06-25,2019062501005001,NABIL,16,44,10,810.00,"8,100.00"
2019-06-25,2019062501004738,NABIL,59,57,200,809.00,"161,800.00"
2019-06-25,2019062501005062,NBB,26,35,300,221.00,"66,300.00"
2019-06-25,2019062501004596,NBB,35,42,500,221.00,"110,500.00"
2019-06-25,2019062501004595,NBB,34,42,837,221.00,"184,977.00"
2019-06-25,2019062501005028,NBL,43,39,350,325.00,"113,750.00"
2019-06-25,2019062501004989,NBL,43,51,100,325.00,"32,500.00"
2019-06-25,2019062501004931,NBL,43,38,49,325.00,"15,925.00"
2019-06-25,2019062501004918,NBL,43,46,500,325.00,"162,500.00"
2019-06-25,2019062501004790,NBL,43,50,500,325.00,"162,500.00"
2019-06-25,2019062501004720,NBL,43,47,74,325.00,"24,050.00"
2019-06-25,2019062501004719,NBL,43,47,50,325.00,"16,250.00"
2019-06-25,2019062501004605,NBL,43,14,950,325.00,"308,750.00"
2019-06-25,2019062501004604,NBL,28,14,50,325.00,"16,250.00"
2019-06-25,2019062501004998,NCCB,49,44,240,255.00,"61,200.00"
2019-06-25,2019062501004915,NCCB,42,32,180,254.00,"45,720.00"
2019-06-25,2019062501004914,NCCB,25,32,100,254.00,"25,400.00"
2019-06-25,2019062501004913,NCCB,43,32,720,254.00,"182,880.00"
2019-06-25,2019062501004828,NCCB,43,11,500,254.00,"127,000.00"
2019-06-25,2019062501004827,NCCB,43,6,280,254.00,"71,120.00"
2019-06-25,2019062501004666,NCCB,14,6,170,254.00,"43,180.00"
2019-06-25,2019062501004665,NCCB,14,56,330,254.00,"83,820.00"
2019-06-25,2019062501004609,NGPL,1,40,10,119.00,"1,190.00"
2019-06-25,2019062501004796,NHPC,56,57,20,68.00,"1,360.00"
2019-06-25,2019062501005007,NIB,8,43,237,526.00,"124,662.00"
2019-06-25,2019062501005006,NIB,43,43,100,526.00,"52,600.00"
2019-06-25,2019062501005005,NIB,48,43,180,526.00,"94,680.00"
2019-06-25,2019062501005004,NIB,39,43,200,526.00,"105,200.00"
2019-06-25,2019062501005003,NIB,42,43,200,526.00,"105,200.00"
2019-06-25,2019062501005002,NIB,35,43,83,526.00,"43,658.00"
2019-06-25,2019062501004945,NIB,11,33,16,528.00,"8,448.00"
2019-06-25,2019062501004716,NIBLPF,36,51,"1,000",7.21,"7,210.00"
2019-06-25,2019062501004693,NIBPO,25,4,419,481.00,"201,539.00"
2019-06-25,2019062501004692,NIBPO,46,4,40,481.00,"19,240.00"
2019-06-25,2019062501004691,NIBPO,46,4,40,481.00,"19,240.00"
2019-06-25,2019062501004690,NIBPO,46,4,38,481.00,"18,278.00"
2019-06-25,2019062501004689,NIBPO,56,4,100,482.00,"48,200.00"
2019-06-25,2019062501004871,NIBSF1,58,58,"4,500",9.30,"41,850.00"
2019-06-25,2019062501005063,NICA,49,42,50,468.00,"23,400.00"
2019-06-25,2019062501005016,NICA,49,13,10,468.00,"4,680.00"
2019-06-25,2019062501004964,NICA,6,43,13,467.00,"6,071.00"
2019-06-25,2019062501004963,NICA,45,43,487,467.00,"227,429.00"
2019-06-25,2019062501004662,NICA,38,38,858,468.00,"401,544.00"
2019-06-25,2019062501004898,NICL,49,43,69,363.00,"25,047.00"
2019-06-25,2019062501004897,NICL,28,43,336,363.00,"121,968.00"
2019-06-25,2019062501004608,NICL,28,43,200,363.00,"72,600.00"
2019-06-25,2019062501004987,NLBBL,29,28,50,490.00,"24,500.00"
2019-06-25,2019062501004695,NLG,49,44,12,741.00,"8,892.00"
2019-06-25,2019062501004826,NLIC,18,47,19,895.00,"17,005.00"
2019-06-25,2019062501004729,NLIC,21,14,10,894.00,"8,940.00"
2019-06-25,2019062501004667,NLIC,5,47,81,895.00,"72,495.00"
2019-06-25,2019062501005019,NLICL,26,48,410,610.00,"250,100.00"
2019-06-25,2019062501005018,NLICL,16,48,10,610.00,"6,100.00"
2019-06-25,2019062501005017,NLICL,50,48,40,611.00,"24,440.00"
2019-06-25,2019062501004978,NLICL,50,51,160,611.00,"97,760.00"
2019-06-25,2019062501004895,NLICL,7,22,480,611.00,"293,280.00"
2019-06-25,2019062501004813,NLICL,7,6,20,611.00,"12,220.00"
2019-06-25,2019062501004795,NLICL,7,26,108,611.00,"65,988.00"
2019-06-25,2019062501004864,NMFBS,14,16,15,"1,431.00","21,465.00"
2019-06-25,2019062501004671,NTC,45,16,100,697.00,"69,700.00"
2019-06-25,2019062501005044,PCBL,56,28,584,286.00,"167,024.00"
2019-06-25,2019062501005036,PCBL,56,25,40,286.00,"11,440.00"
2019-06-25,2019062501005035,PCBL,49,25,20,286.00,"5,720.00"
2019-06-25,2019062501005034,PCBL,20,25,250,286.00,"71,500.00"
2019-06-25,2019062501005033,PCBL,41,25,690,286.00,"197,340.00"
2019-06-25,2019062501004702,PCBL,41,37,310,286.00,"88,660.00"
2019-06-25,2019062501004701,PCBL,5,37,200,286.00,"57,200.00"
2019-06-25,2019062501004700,PCBL,46,37,175,286.00,"50,050.00"
2019-06-25,2019062501004699,PCBL,34,37,300,286.00,"85,800.00"
2019-06-25,2019062501004698,PCBL,34,37,15,286.00,"4,290.00"
2019-06-25,2019062501004590,PCBL,45,39,100,287.00,"28,700.00"
2019-06-25,2019062501004993,PIC,32,39,50,993.00,"49,650.00"
2019-06-25,2019062501004901,PIC,32,45,74,993.00,"73,482.00"
2019-06-25,2019062501004900,PIC,19,45,50,993.00,"49,650.00"
2019-06-25,2019062501004899,PIC,35,45,11,994.00,"10,934.00"
2019-06-25,2019062501004812,PIC,42,45,50,996.00,"49,800.00"
2019-06-25,2019062501004591,PIC,32,1,100,995.00,"99,500.00"
2019-06-25,2019062501004958,PMHPL,45,49,10,107.00,"1,070.00"
2019-06-25,2019062501004672,PMHPL,45,45,10,108.00,"1,080.00"
2019-06-25,2019062501005045,PPCL,14,35,20,138.00,"2,760.00"
2019-06-25,2019062501004889,PPCL,14,51,20,138.00,"2,760.00"
2019-06-25,2019062501004870,PPCL,14,51,20,138.00,"2,760.00"
2019-06-25,2019062501004862,PPCL,14,38,30,138.00,"4,140.00"
2019-06-25,2019062501004859,PPCL,14,51,20,138.00,"2,760.00"
2019-06-25,2019062501004851,PPCL,14,20,10,138.00,"1,380.00"
2019-06-25,2019062501004659,PPCL,14,20,10,138.00,"1,380.00"
2019-06-25,2019062501004613,PPCL,14,20,10,138.00,"1,380.00"
2019-06-25,2019062501004592,PPCL,14,20,20,138.00,"2,760.00"
2019-06-25,2019062501004718,PPCL,14,46,10,138.00,"1,380.00"
2019-06-25,2019062501004706,PPCL,14,20,10,138.00,"1,380.00"
2019-06-25,2019062501004694,PPCL,14,20,10,138.00,"1,380.00"
2019-06-25,2019062501004679,PPCL,14,46,10,138.00,"1,380.00"
2019-06-25,2019062501004673,PPCL,14,20,10,138.00,"1,380.00"
2019-06-25,2019062501004668,PPCL,14,20,10,138.00,"1,380.00"
2019-06-25,2019062501004829,PPCL,14,51,20,138.00,"2,760.00"
2019-06-25,2019062501004819,PPCL,14,51,20,138.00,"2,760.00"
2019-06-25,2019062501004799,PPCL,14,20,10,138.00,"1,380.00"
2019-06-25,2019062501004749,PPCL,14,46,10,138.00,"1,380.00"
2019-06-25,2019062501004746,PPCL,14,20,10,138.00,"1,380.00"
2019-06-25,2019062501004735,PPCL,14,46,10,138.00,"1,380.00"
2019-06-25,2019062501005037,PRIN,32,3,200,376.00,"75,200.00"
2019-06-25,2019062501005031,PRIN,51,40,300,376.00,"112,800.00"
2019-06-25,2019062501005015,PRIN,25,40,92,376.00,"34,592.00"
2019-06-25,2019062501005014,PRIN,59,40,408,376.00,"153,408.00"
2019-06-25,2019062501004782,PRIN,59,50,92,376.00,"34,592.00"
2019-06-25,2019062501004781,PRIN,51,50,33,377.00,"12,441.00"
2019-06-25,2019062501005066,PRVU,52,36,38,266.00,"10,108.00"
2019-06-25,2019062501005065,PRVU,5,36,98,266.00,"26,068.00"
2019-06-25,2019062501004911,PRVU,21,21,9,264.00,"2,376.00"
2019-06-25,2019062501004905,PRVU,16,45,50,267.00,"13,350.00"
2019-06-25,2019062501004681,PRVU,56,45,224,267.00,"59,808.00"
2019-06-25,2019062501004607,PRVU,19,34,100,267.00,"26,700.00"
2019-06-25,2019062501004629,PRVU,49,28,400,266.00,"106,400.00"
2019-06-25,2019062501004628,PRVU,1,28,300,266.00,"79,800.00"
2019-06-25,2019062501004627,PRVU,47,28,200,266.00,"53,200.00"
2019-06-25,2019062501004626,PRVU,50,28,123,266.00,"32,718.00"
2019-06-25,2019062501004625,PRVU,47,28,500,266.00,"133,000.00"
2019-06-25,2019062501004624,PRVU,16,28,314,266.00,"83,524.00"
2019-06-25,2019062501004635,PRVU,32,28,500,266.00,"133,000.00"
2019-06-25,2019062501004634,PRVU,1,28,680,266.00,"180,880.00"
2019-06-25,2019062501004633,PRVU,1,28,475,266.00,"126,350.00"
2019-06-25,2019062501004632,PRVU,1,28,100,266.00,"26,600.00"
2019-06-25,2019062501004631,PRVU,13,28,200,266.00,"53,200.00"
2019-06-25,2019062501004630,PRVU,1,28,500,266.00,"133,000.00"
2019-06-25,2019062501004680,PRVU,56,34,776,267.00,"207,192.00"
2019-06-25,2019062501004664,PRVU,16,34,100,267.00,"26,700.00"
2019-06-25,2019062501004646,PRVU,5,28,500,266.00,"133,000.00"
2019-06-25,2019062501004645,PRVU,19,28,"1,000",266.00,"266,000.00"
2019-06-25,2019062501004637,PRVU,5,28,402,266.00,"106,932.00"
2019-06-25,2019062501004636,PRVU,45,28,306,266.00,"81,396.00"
2019-06-25,2019062501004866,RBCLPO,42,33,10,"8,700.00","87,000.00"
2019-06-25,2019062501005081,RHPC,58,58,100,91.00,"9,100.00"
2019-06-25,2019062501005008,RMDC,17,49,10,655.00,"6,550.00"
2019-06-25,2019062501004869,RRHP,22,28,10,110.00,"1,100.00"
2019-06-25,2019062501004594,RRHP,38,22,100,111.00,"11,100.00"
2019-06-25,2019062501004593,RRHP,22,22,300,111.00,"33,300.00"
2019-06-25,2019062501004950,RSDC,42,51,27,350.00,"9,450.00"
2019-06-25,2019062501004949,RSDC,6,51,100,351.00,"35,100.00"
2019-06-25,2019062501005061,SADBL,59,52,10,151.00,"1,510.00"
2019-06-25,2019062501004603,SADBL,22,10,339,149.00,"50,511.00"
2019-06-25,2019062501004602,SADBL,14,10,150,150.00,"22,500.00"
2019-06-25,2019062501004601,SADBL,36,10,11,150.00,"1,650.00"
2019-06-25,2019062501004835,SANIMA,38,21,267,348.00,"92,916.00"
2019-06-25,2019062501004705,SANIMA,57,51,"2,000",349.00,"698,000.00"
2019-06-25,2019062501004600,SANIMA,38,21,455,348.00,"158,340.00"
2019-06-25,2019062501004982,SBBLJ,41,14,50,195.00,"9,750.00"
2019-06-25,2019062501004981,SBBLJ,56,14,10,195.00,"1,950.00"
2019-06-25,2019062501004980,SBBLJ,6,14,380,195.00,"74,100.00"
2019-06-25,2019062501004670,SBI,32,25,700,464.00,"324,800.00"
2019-06-25,2019062501004652,SBI,16,25,40,464.00,"18,560.00"
2019-06-25,2019062501004610,SBI,16,21,278,464.00,"128,992.00"
2019-06-25,2019062501004767,SBL,26,38,14,321.00,"4,494.00"
2019-06-25,2019062501004765,SBL,26,25,"1,500",321.00,"481,500.00"
2019-06-25,2019062501004697,SBL,26,13,139,321.00,"44,619.00"
2019-06-25,2019062501004597,SBL,1,57,10,322.00,"3,220.00"
2019-06-25,2019062501005085,SDESI,41,33,40,558.00,"22,320.00"
2019-06-25,2019062501004966,SHIVM,48,22,15,657.00,"9,855.00"
2019-06-25,2019062501004798,SHIVM,48,48,250,657.00,"164,250.00"
2019-06-25,2019062501004789,SHIVM,48,36,235,657.00,"154,395.00"
2019-06-25,2019062501004788,SHIVM,28,36,295,657.00,"193,815.00"
2019-06-25,2019062501004743,SHIVM,28,37,205,657.00,"134,685.00"
2019-06-25,2019062501004742,SHIVM,35,37,20,657.00,"13,140.00"
2019-06-25,2019062501004619,SHIVM,1,10,100,658.00,"65,800.00"
2019-06-25,2019062501004741,SHIVM,16,37,100,657.00,"65,700.00"
2019-06-25,2019062501004740,SHIVM,40,37,100,657.00,"65,700.00"
2019-06-25,2019062501004739,SHIVM,35,49,20,658.00,"13,160.00"
2019-06-25,2019062501004654,SHIVM,48,48,200,658.00,"131,600.00"
2019-06-25,2019062501004653,SHIVM,48,48,100,658.00,"65,800.00"
2019-06-25,2019062501004620,SHIVM,48,10,400,658.00,"263,200.00"
2019-06-25,2019062501004906,SHPC,52,50,71,252.00,"17,892.00"
2019-06-25,2019062501004717,SHPC,43,50,378,252.00,"95,256.00"
2019-06-25,2019062501004887,SICL,55,4,179,760.00,"136,040.00"
2019-06-25,2019062501004886,SICL,35,4,121,760.00,"91,960.00"
2019-06-25,2019062501004833,SICL,35,57,29,760.00,"22,040.00"
2019-06-25,2019062501004832,SICL,45,57,15,761.00,"11,415.00"
2019-06-25,2019062501004831,SICL,44,57,14,761.00,"10,654.00"
2019-06-25,2019062501005064,SIFC,25,58,263,154.00,"40,502.00"
2019-06-25,2019062501005050,SLBSL,43,14,10,523.00,"5,230.00"
2019-06-25,2019062501004990,SLBSL,42,52,10,524.00,"5,240.00"
2019-06-25,2019062501004977,SMFDB,58,16,42,490.00,"20,580.00"
2019-06-25,2019062501004865,SPARS,43,57,10,462.00,"4,620.00"
2019-06-25,2019062501004816,SPARS,43,55,10,462.00,"4,620.00"
2019-06-25,2019062501004805,SPARS,43,13,10,460.00,"4,600.00"
2019-06-25,2019062501004676,SRBL,25,39,462,253.00,"116,886.00"
2019-06-25,2019062501004675,SRBL,25,39,38,253.00,"9,614.00"
2019-06-25,2019062501004669,SRBL,25,39,500,253.00,"126,500.00"
2019-06-25,2019062501004858,SWBBL,39,29,100,910.00,"91,000.00"
2019-06-25,2019062501004857,SWBBL,39,36,210,910.00,"191,100.00"
2019-06-25,2019062501004856,SWBBL,39,49,199,909.00,"180,891.00"
2019-06-25,2019062501004855,SWBBL,39,51,16,905.00,"14,480.00"
2019-06-25,2019062501004854,SWBBL,39,25,208,904.00,"188,032.00"
2019-06-25,2019062501004853,SWBBL,39,8,85,904.00,"76,840.00"
2019-06-25,2019062501004640,TRH,32,52,500,314.00,"157,000.00"
2019-06-25,2019062501005047,UIC,47,16,300,920.00,"276,000.00"
2019-06-25,2019062501005027,UIC,47,33,200,920.00,"184,000.00"
2019-06-25,2019062501004935,UIC,47,48,500,920.00,"460,000.00"
2019-06-25,2019062501004926,UIC,7,57,100,924.00,"92,400.00"
2019-06-25,2019062501004892,UIC,47,37,300,920.00,"276,000.00"
2019-06-25,2019062501004748,UIC,47,7,125,920.00,"115,000.00"
2019-06-25,2019062501005075,UPCL,41,57,100,92.00,"9,200.00"
2019-06-25,2019062501004786,UPCL,22,21,50,92.00,"4,600.00"
2019-06-25,2019062501004736,UPCL,22,21,50,92.00,"4,600.00"
2019-06-25,2019062501004727,UPCL,22,21,50,92.00,"4,600.00"
2019-06-25,2019062501004715,UPCL,22,21,50,92.00,"4,600.00"
2019-06-25,2019062501004708,UPCL,22,49,30,92.00,"2,760.00"
2019-06-25,2019062501004707,UPCL,45,49,70,92.00,"6,440.00"
2019-06-25,2019062501005080,UPPER,22,45,50,266.00,"13,300.00"
2019-06-25,2019062501005058,UPPER,22,22,40,266.00,"10,640.00"
2019-06-25,2019062501004983,UPPER,22,49,40,266.00,"10,640.00"
2019-06-25,2019062501004937,UPPER,22,45,700,266.00,"186,200.00"
2019-06-25,2019062501004936,UPPER,22,45,300,266.00,"79,800.00"
2019-06-25,2019062501004903,UPPER,45,28,20,266.00,"5,320.00"
2019-06-25,2019062501004875,UPPER,22,45,500,267.00,"133,500.00"
2019-06-25,2019062501004874,UPPER,22,18,476,267.00,"127,092.00"
2019-06-25,2019062501004873,UPPER,22,32,50,267.00,"13,350.00"
2019-06-25,2019062501004872,UPPER,22,32,30,267.00,"8,010.00"
2019-06-25,2019062501004817,UPPER,56,32,100,267.00,"26,700.00"
2019-06-25,2019062501004532,ADBL,38,38,850,415.00,"352,750.00"
2019-06-25,2019062501004455,ADBL,38,26,150,415.00,"62,250.00"
2019-06-25,2019062501004346,ADBL,21,52,500,415.00,"207,500.00"
2019-06-25,2019062501004345,ADBL,21,47,91,415.00,"37,765.00"
2019-06-25,2019062501004344,ADBL,21,49,388,415.00,"161,020.00"
2019-06-25,2019062501004343,ADBL,21,49,33,415.00,"13,695.00"
2019-06-25,2019062501004112,ADBL,34,49,167,415.00,"69,305.00"
2019-06-25,2019062501004337,AHPC,13,1,209,108.00,"22,572.00"
2019-06-25,2019062501004336,AHPC,13,45,300,108.00,"32,400.00"
2019-06-25,2019062501004484,AKJCL,57,43,10,72.00,720.00
2019-06-25,2019062501004282,AKJCL,45,45,20,72.00,"1,440.00"
2019-06-25,2019062501004175,AKJCL,34,8,10,72.00,720.00
2019-06-25,2019062501004148,AKJCL,34,50,10,72.00,720.00
2019-06-25,2019062501004301,AKPL,39,53,10,182.00,"1,820.00"
2019-06-25,2019062501004560,ALICL,8,21,300,383.00,"114,900.00"
2019-06-25,2019062501004559,ALICL,45,21,140,384.00,"53,760.00"
2019-06-25,2019062501004558,ALICL,37,21,80,385.00,"30,800.00"
2019-06-25,2019062501004252,ALICL,37,17,420,385.00,"161,700.00"
2019-06-25,2019062501004251,ALICL,21,17,30,385.00,"11,550.00"
2019-06-25,2019062501004250,ALICL,32,17,50,385.00,"19,250.00"
2019-06-25,2019062501004580,API,16,56,150,144.00,"21,600.00"
2019-06-25,2019062501004579,API,1,56,171,144.00,"24,624.00"
2019-06-25,2019062501004328,API,1,11,29,144.00,"4,176.00"
2019-06-25,2019062501004439,BARUN,21,10,10,91.00,910.00
2019-06-25,2019062501004361,BARUN,21,11,10,91.00,910.00
2019-06-25,2019062501004567,BOKL,13,4,250,263.00,"65,750.00"
2019-06-25,2019062501004440,BOKL,32,4,900,263.00,"236,700.00"
2019-06-25,2019062501004308,BOKL,48,18,170,262.00,"44,540.00"
2019-06-25,2019062501004107,BOKL,48,6,52,262.00,"13,624.00"
2019-06-25,2019062501004483,BPCL,37,43,11,404.00,"4,444.00"
2019-06-25,2019062501004451,BPCL,40,34,30,405.00,"12,150.00"
2019-06-25,2019062501004450,BPCL,51,34,200,405.00,"81,000.00"
2019-06-25,2019062501004449,BPCL,13,34,17,405.00,"6,885.00"
2019-06-25,2019062501004133,BPCL,13,45,22,405.00,"8,910.00"
2019-06-25,2019062501004528,CBBL,16,43,10,934.00,"9,340.00"
2019-06-25,2019062501004309,CBBL,16,22,95,934.00,"88,730.00"
2019-06-25,2019062501004159,CBL,5,47,200,146.00,"29,200.00"
2019-06-25,2019062501004576,CCBL,58,21,136,168.00,"22,848.00"
2019-06-25,2019062501004575,CCBL,16,21,100,169.00,"16,900.00"
2019-06-25,2019062501004574,CCBL,35,21,200,169.00,"33,800.00"
2019-06-25,2019062501004573,CCBL,17,21,30,169.00,"5,070.00"
2019-06-25,2019062501004555,CCBL,17,42,170,169.00,"28,730.00"
2019-06-25,2019062501004554,CCBL,21,42,150,169.00,"25,350.00"
2019-06-25,2019062501004198,CCBL,8,51,10,170.00,"1,700.00"
2019-06-25,2019062501004183,CCBL,21,21,5,166.00,830.00
2019-06-25,2019062501004150,CCBL,37,47,200,169.00,"33,800.00"
2019-06-25,2019062501004106,CCBL,21,21,2,166.00,332.00
2019-06-25,2019062501004503,CCBL,39,32,910,170.00,"154,700.00"
2019-06-25,2019062501004502,CCBL,39,51,90,170.00,"15,300.00"
2019-06-25,2019062501004410,CCBL,36,10,20,169.00,"3,380.00"
2019-06-25,2019062501004394,CCBL,37,11,133,169.00,"22,477.00"
2019-06-25,2019062501004302,CCBL,21,21,5,167.00,835.00
2019-06-25,2019062501004553,CCBL,34,42,"1,000",169.00,"169,000.00"
2019-06-25,2019062501004552,CCBL,53,42,100,169.00,"16,900.00"
2019-06-25,2019062501004551,CCBL,40,42,100,169.00,"16,900.00"
2019-06-25,2019062501004550,CCBL,17,42,500,169.00,"84,500.00"
2019-06-25,2019062501004549,CCBL,36,42,980,169.00,"165,620.00"
2019-06-25,2019062501004526,CHCL,28,29,379,516.00,"195,564.00"
2019-06-25,2019062501004428,CHCL,21,21,1,515.00,515.00
2019-06-25,2019062501004377,CHCL,21,21,1,515.00,515.00
2019-06-25,2019062501004220,CHCL,21,21,1,515.00,515.00
2019-06-25,2019062501004130,CHCL,10,25,67,516.00,"34,572.00"
2019-06-25,2019062501004119,CHCL,21,21,1,515.00,515.00
2019-06-25,2019062501004583,CZBIL,28,21,144,220.00,"31,680.00"
2019-06-25,2019062501004582,CZBIL,13,21,204,220.00,"44,880.00"
2019-06-25,2019062501004417,CZBIL,29,26,200,221.00,"44,200.00"
2019-06-25,2019062501004149,CZBIL,13,10,10,219.00,"2,190.00"
2019-06-25,2019062501004144,DBBL,32,4,500,140.00,"70,000.00"
2019-06-25,2019062501004492,DDBL,26,52,50,715.00,"35,750.00"
2019-06-25,2019062501004587,EBL,10,21,32,664.00,"21,248.00"
2019-06-25,2019062501004519,EBL,10,56,18,664.00,"11,952.00"
2019-06-25,2019062501004518,EBL,28,56,31,665.00,"20,615.00"
2019-06-25,2019062501004505,EBL,28,34,833,665.00,"553,945.00"
2019-06-25,2019062501004462,EBL,28,43,136,665.00,"90,440.00"
2019-06-25,2019062501004283,EBL,43,45,10,665.00,"6,650.00"
2019-06-25,2019062501004163,EBL,43,17,46,665.00,"30,590.00"
2019-06-25,2019062501004461,EBL,43,43,14,665.00,"9,310.00"
2019-06-25,2019062501004460,EBL,25,43,10,666.00,"6,660.00"
2019-06-25,2019062501004459,EBL,14,43,140,666.00,"93,240.00"
2019-06-25,2019062501004378,EBL,14,53,60,666.00,"39,960.00"
2019-06-25,2019062501004543,EIC,45,13,100,372.00,"37,200.00"
2019-06-25,2019062501004539,FMDBL,45,16,18,386.00,"6,948.00"
2019-06-25,2019062501004538,FMDBL,53,16,10,386.00,"3,860.00"
2019-06-25,2019062501004537,FMDBL,14,16,30,386.00,"11,580.00"
2019-06-25,2019062501004477,FOWAD,41,32,25,"1,340.00","33,500.00"
2019-06-25,2019062501004292,FOWAD,21,32,20,"1,340.00","26,800.00"
2019-06-25,2019062501004287,FOWAD,45,8,14,"1,332.00","18,648.00"
2019-06-25,2019062501004276,FOWAD,56,32,10,"1,340.00","13,400.00"
2019-06-25,2019062501004275,FOWAD,45,32,20,"1,341.00","26,820.00"
2019-06-25,2019062501004485,GBBL,21,21,1,222.00,222.00
2019-06-25,2019062501004312,GBBL,22,35,200,223.00,"44,600.00"
2019-06-25,2019062501004310,GBBL,21,21,1,222.00,222.00
2019-06-25,2019062501004253,GBBL,21,21,1,222.00,222.00
2019-06-25,2019062501004193,GBBL,21,21,1,222.00,222.00
2019-06-25,2019062501004136,GBBL,21,21,1,222.00,222.00
2019-06-25,2019062501004407,GBIME,38,32,10,305.00,"3,050.00"
2019-06-25,2019062501004393,GBIME,38,32,90,305.00,"27,450.00"
2019-06-25,2019062501004359,GBIME,38,32,102,305.00,"31,110.00"
2019-06-25,2019062501004358,GBIME,40,32,98,305.00,"29,890.00"
2019-06-25,2019062501004403,GBLBS,54,4,10,355.00,"3,550.00"
2019-06-25,2019062501004129,GBLBS,46,41,10,353.00,"3,530.00"
2019-06-25,2019062501004140,GFCL,58,59,750,133.00,"99,750.00"
2019-06-25,2019062501004139,GFCL,38,59,229,133.00,"30,457.00"
2019-06-25,2019062501004099,GFCL,38,17,271,133.00,"36,043.00"
2019-06-25,2019062501004232,GHL,39,4,30,83.00,"2,490.00"
2019-06-25,2019062501004501,GLBSL,42,34,80,444.00,"35,520.00"
2019-06-25,2019062501004433,GLBSL,42,56,10,444.00,"4,440.00"
2019-06-25,2019062501004432,GLBSL,42,21,10,444.00,"4,440.00"
2019-06-25,2019062501004391,GLBSL,38,38,10,442.00,"4,420.00"
2019-06-25,2019062501004390,GLBSL,38,34,10,442.00,"4,420.00"
2019-06-25,2019062501004389,GLBSL,38,34,10,442.00,"4,420.00"
2019-06-25,2019062501004092,GLBSL,6,21,10,441.00,"4,410.00"
2019-06-25,2019062501004190,GLBSL,6,47,10,441.00,"4,410.00"
2019-06-25,2019062501004120,GLBSL,49,21,10,442.00,"4,420.00"
2019-06-25,2019062501004110,GLBSL,6,21,10,441.00,"4,410.00"
2019-06-25,2019062501004098,GLBSL,49,51,10,442.00,"4,420.00"
2019-06-25,2019062501004097,GLBSL,49,39,10,442.00,"4,420.00"
2019-06-25,2019062501004096,GLBSL,49,38,10,442.00,"4,420.00"
2019-06-25,2019062501004203,GLBSL,49,46,10,442.00,"4,420.00"
2019-06-25,2019062501004202,GLBSL,49,25,10,442.00,"4,420.00"
2019-06-25,2019062501004201,GLBSL,49,25,10,442.00,"4,420.00"
2019-06-25,2019062501004200,GLBSL,49,8,10,442.00,"4,420.00"
2019-06-25,2019062501004199,GLBSL,6,8,10,441.00,"4,410.00"
2019-06-25,2019062501004192,GLBSL,6,52,50,441.00,"22,050.00"
2019-06-25,2019062501004382,GLBSL,38,34,10,442.00,"4,420.00"
2019-06-25,2019062501004381,GLBSL,38,34,10,442.00,"4,420.00"
2019-06-25,2019062501004380,GLBSL,38,8,10,442.00,"4,420.00"
2019-06-25,2019062501004321,GLBSL,42,34,10,442.00,"4,420.00"
2019-06-25,2019062501004320,GLBSL,42,8,10,442.00,"4,420.00"
2019-06-25,2019062501004238,GLBSL,49,58,10,442.00,"4,420.00"
2019-06-25,2019062501004388,GLBSL,38,38,10,442.00,"4,420.00"
2019-06-25,2019062501004387,GLBSL,38,34,10,442.00,"4,420.00"
2019-06-25,2019062501004386,GLBSL,38,38,10,442.00,"4,420.00"
2019-06-25,2019062501004385,GLBSL,38,34,10,442.00,"4,420.00"
2019-06-25,2019062501004384,GLBSL,38,8,10,442.00,"4,420.00"
2019-06-25,2019062501004383,GLBSL,38,4,10,442.00,"4,420.00"
2019-06-25,2019062501004195,GMFBS,58,47,10,432.00,"4,320.00"
2019-06-25,2019062501004115,GRDBL,57,45,200,117.00,"23,400.00"
2019-06-25,2019062501004469,GUFL,28,6,382,120.00,"45,840.00"
2019-06-25,2019062501004468,GUFL,28,52,70,120.00,"8,400.00"
2019-06-25,2019062501004408,HGI,42,34,300,359.00,"107,700.00"
2019-06-25,2019062501004512,HIDCL,14,5,"1,000",160.00,"160,000.00"
2019-06-25,2019062501004511,HIDCL,36,5,"1,000",160.00,"160,000.00"
2019-06-25,2019062501004510,HIDCL,39,5,10,160.00,"1,600.00"
2019-06-25,2019062501004509,HIDCL,34,5,200,160.00,"32,000.00"
2019-06-25,2019062501004508,HIDCL,41,5,100,160.00,"16,000.00"
2019-06-25,2019062501004507,HIDCL,16,5,25,160.00,"4,000.00"
2019-06-25,2019062501004168,HIDCL,51,57,22,161.00,"3,542.00"
2019-06-25,2019062501004167,HIDCL,51,21,31,161.00,"4,991.00"
2019-06-25,2019062501004166,HIDCL,51,28,22,161.00,"3,542.00"
2019-06-25,2019062501004165,HIDCL,51,55,25,161.00,"4,025.00"
2019-06-25,2019062501004331,HPPL,3,29,10,178.00,"1,780.00"
2019-06-25,2019062501004210,HPPL,3,42,10,178.00,"1,780.00"
2019-06-25,2019062501004102,HPPL,22,34,10,180.00,"1,800.00"
2019-06-25,2019062501004101,HPPL,22,34,360,180.00,"64,800.00"
2019-06-25,2019062501004100,HPPL,22,35,10,180.00,"1,800.00"
2019-06-25,2019062501004498,HURJA,22,32,20,143.00,"2,860.00"
2019-06-25,2019062501004497,HURJA,22,32,20,143.00,"2,860.00"
2019-06-25,2019062501004496,HURJA,22,42,20,143.00,"2,860.00"
2019-06-25,2019062501004495,HURJA,22,42,20,143.00,"2,860.00"
2019-06-25,2019062501004494,HURJA,22,42,20,143.00,"2,860.00"
2019-06-25,2019062501004326,HURJA,45,29,20,142.00,"2,840.00"
2019-06-25,2019062501004536,JBNL,28,17,200,209.00,"41,800.00"
2019-06-25,2019062501004184,JBNL,45,47,100,208.00,"20,800.00"
2019-06-25,2019062501004306,JFL,41,59,24,175.00,"4,200.00"
2019-06-25,2019062501004305,JFL,14,59,50,175.00,"8,750.00"
2019-06-25,2019062501004304,JFL,58,59,200,175.00,"35,000.00"
2019-06-25,2019062501004299,JFL,17,6,170,176.00,"29,920.00"
2019-06-25,2019062501004364,JOSHI,45,45,20,82.00,"1,640.00"
2019-06-25,2019062501004356,JOSHI,45,50,20,83.00,"1,660.00"
2019-06-25,2019062501004237,JSLBB,21,50,80,"1,190.00","95,200.00"
2019-06-25,2019062501004541,JSLBB,20,1,100,"1,190.00","119,000.00"
2019-06-25,2019062501004490,KBBL,35,4,27,232.00,"6,264.00"
2019-06-25,2019062501004352,KBBL,35,5,450,232.00,"104,400.00"
2019-06-25,2019062501004351,KBBL,36,5,500,232.00,"116,000.00"
2019-06-25,2019062501004350,KBBL,32,5,"1,000",232.00,"232,000.00"
2019-06-25,2019062501004349,KBBL,42,5,50,232.00,"11,600.00"
2019-06-25,2019062501004298,KBL,41,25,225,212.00,"47,700.00"
2019-06-25,2019062501004262,KBL,44,5,"2,000",211.00,"422,000.00"
2019-06-25,2019062501004430,KKHC,42,11,16,70.00,"1,120.00"
2019-06-25,2019062501004290,KPCL,56,45,10,92.00,920.00
2019-06-25,2019062501004297,KPCL,45,39,10,93.00,930.00
2019-06-25,2019062501004456,KSBBL,45,4,100,154.00,"15,400.00"
2019-06-25,2019062501004156,KSBBL,21,21,1,153.00,153.00
2019-06-25,2019062501004289,LBBL,44,46,159,196.00,"31,164.00"
2019-06-25,2019062501004288,LBBL,28,46,341,196.00,"66,836.00"
2019-06-25,2019062501004265,LBBL,28,49,500,196.00,"98,000.00"
2019-06-25,2019062501004303,LBL,32,38,"1,870",220.00,"411,400.00"
2019-06-25,2019062501004249,LBL,32,48,130,220.00,"28,600.00"
2019-06-25,2019062501004557,LGIL,44,34,"1,000",440.00,"440,000.00"
2019-06-25,2019062501004556,LGIL,44,34,"1,480",439.00,"649,720.00"
2019-06-25,2019062501004542,LGIL,45,43,20,436.00,"8,720.00"
2019-06-25,2019062501004535,LGIL,44,34,"1,361",437.00,"594,757.00"
2019-06-25,2019062501004420,LGIL,35,34,500,438.00,"219,000.00"
2019-06-25,2019062501004419,LGIL,14,34,20,438.00,"8,760.00"
2019-06-25,2019062501004399,LICN,38,58,77,"1,600.00","123,200.00"
2019-06-25,2019062501004398,LICN,38,59,26,"1,595.00","41,470.00"
2019-06-25,2019062501004397,LICN,38,25,10,"1,594.00","15,940.00"
2019-06-25,2019062501004396,LICN,38,59,19,"1,591.00","30,229.00"
2019-06-25,2019062501004395,LICN,38,28,82,"1,590.00","130,380.00"
2019-06-25,2019062501004234,LICN,33,28,94,"1,576.00","148,144.00"
2019-06-25,2019062501004233,LICN,35,28,18,"1,576.00","28,368.00"
2019-06-25,2019062501004172,LICN,47,59,14,"1,589.00","22,246.00"
2019-06-25,2019062501004429,LLBS,28,41,22,665.00,"14,630.00"
2019-06-25,2019062501004565,MEGA,26,33,328,200.00,"65,600.00"
2019-06-25,2019062501004564,MEGA,7,33,50,200.00,"10,000.00"
2019-06-25,2019062501004563,MEGA,16,33,500,200.00,"100,000.00"
2019-06-25,2019062501004562,MEGA,44,33,122,200.00,"24,400.00"
2019-06-25,2019062501004426,MEGA,44,46,100,200.00,"20,000.00"
2019-06-25,2019062501004341,MEGA,44,28,278,200.00,"55,600.00"
2019-06-25,2019062501004340,MEGA,45,28,"1,000",200.00,"200,000.00"
2019-06-25,2019062501004339,MEGA,36,28,322,200.00,"64,400.00"
2019-06-25,2019062501004325,MEGA,36,25,178,200.00,"35,600.00"
2019-06-25,2019062501004324,MEGA,25,25,100,200.00,"20,000.00"
2019-06-25,2019062501004323,MEGA,39,25,50,200.00,"10,000.00"
2019-06-25,2019062501004322,MEGA,33,25,493,200.00,"98,600.00"
2019-06-25,2019062501004442,MERO,42,25,55,531.00,"29,205.00"
2019-06-25,2019062501004438,MERO,28,28,3,530.00,"1,590.00"
2019-06-25,2019062501004409,MERO,28,28,3,530.00,"1,590.00"
2019-06-25,2019062501004363,MERO,28,28,3,530.00,"1,590.00"
2019-06-25,2019062501004362,MERO,48,25,25,531.00,"13,275.00"
2019-06-25,2019062501004357,MERO,32,37,33,530.00,"17,490.00"
2019-06-25,2019062501004347,MERO,28,28,3,530.00,"1,590.00"
2019-06-25,2019062501004254,MFIL,28,44,576,127.00,"73,152.00"
2019-06-25,2019062501004108,MFIL,54,35,188,126.00,"23,688.00"
2019-06-25,2019062501004366,MHNL,36,42,20,104.00,"2,080.00"
2019-06-25,2019062501004230,MHNL,29,42,10,104.00,"1,040.00"
2019-06-25,2019062501004570,MPFL,51,17,50,194.00,"9,700.00"
2019-06-25,2019062501004569,MPFL,17,17,100,194.00,"19,400.00"
2019-06-25,2019062501004561,MPFL,17,17,100,195.00,"19,500.00"
2019-06-25,2019062501004524,MPFL,42,11,50,196.00,"9,800.00"
2019-06-25,2019062501004478,MPFL,39,7,40,195.00,"7,800.00"
2019-06-25,2019062501004422,MPFL,45,11,100,193.00,"19,300.00"
2019-06-25,2019062501004153,MPFL,6,48,16,193.00,"3,088.00"
2019-06-25,2019062501004114,MPFL,6,33,50,193.00,"9,650.00"
2019-06-25,2019062501004113,MPFL,34,33,100,193.00,"19,300.00"
2019-06-25,2019062501004277,MPFL,48,11,20,195.00,"3,900.00"
2019-06-25,2019062501004224,MPFL,1,28,423,192.00,"81,216.00"
2019-06-25,2019062501004223,MPFL,6,28,34,193.00,"6,562.00"
2019-06-25,2019062501004222,MPFL,6,28,25,194.00,"4,850.00"
2019-06-25,2019062501004221,MPFL,58,28,40,194.00,"7,760.00"
2019-06-25,2019062501004169,MPFL,58,11,10,194.00,"1,940.00"
2019-06-25,2019062501004416,MPFL,22,7,20,195.00,"3,900.00"
2019-06-25,2019062501004392,MPFL,55,7,10,195.00,"1,950.00"
2019-06-25,2019062501004348,MPFL,44,7,80,195.00,"15,600.00"
2019-06-25,2019062501004280,MPFL,42,11,15,193.00,"2,895.00"
2019-06-25,2019062501004279,MPFL,42,11,15,193.00,"2,895.00"
2019-06-25,2019062501004278,MPFL,29,11,500,193.00,"96,500.00"
2019-06-25,2019062501004315,NABIL,5,40,172,810.00,"139,320.00"
2019-06-25,2019062501004314,NABIL,5,17,200,810.00,"162,000.00"
2019-06-25,2019062501004313,NABIL,5,48,100,810.00,"81,000.00"
2019-06-25,2019062501004584,NABILP,6,6,"2,584",785.00,"2,028,440.00"
2019-06-25,2019062501004376,NBB,34,34,"8,163",221.00,"1,804,023.00"
2019-06-25,2019062501004375,NBB,28,34,"1,000",221.00,"221,000.00"
2019-06-25,2019062501004374,NBB,41,34,"1,500",221.00,"331,500.00"
2019-06-25,2019062501004373,NBB,57,34,"2,000",221.00,"442,000.00"
2019-06-25,2019062501004372,NBB,41,34,100,221.00,"22,100.00"
2019-06-25,2019062501004371,NBB,55,34,200,221.00,"44,200.00"
2019-06-25,2019062501004370,NBB,10,34,100,221.00,"22,100.00"
2019-06-25,2019062501004369,NBB,53,34,"1,000",221.00,"221,000.00"
2019-06-25,2019062501004368,NBB,53,34,200,221.00,"44,200.00"
2019-06-25,2019062501004367,NBB,32,34,500,221.00,"110,500.00"
2019-06-25,2019062501004572,NBL,28,11,50,325.00,"16,250.00"
2019-06-25,2019062501004571,NBL,43,11,950,325.00,"308,750.00"
2019-06-25,2019062501004548,NBL,43,11,50,325.00,"16,250.00"
2019-06-25,2019062501004547,NBL,43,11,950,325.00,"308,750.00"
2019-06-25,2019062501004480,NBL,43,49,50,325.00,"16,250.00"
2019-06-25,2019062501004446,NBL,43,32,75,325.00,"24,375.00"
2019-06-25,2019062501004141,NBL,5,49,247,324.00,"80,028.00"
2019-06-25,2019062501004269,NBL,43,14,100,325.00,"32,500.00"
2019-06-25,2019062501004268,NBL,43,58,30,325.00,"9,750.00"
2019-06-25,2019062501004267,NBL,43,22,425,325.00,"138,125.00"
2019-06-25,2019062501004258,NBL,32,22,200,324.00,"64,800.00"
2019-06-25,2019062501004143,NBL,32,49,733,324.00,"237,492.00"
2019-06-25,2019062501004142,NBL,35,49,20,324.00,"6,480.00"
2019-06-25,2019062501004401,NBL,43,50,917,325.00,"298,025.00"
2019-06-25,2019062501004400,NBL,39,50,83,325.00,"26,975.00"
2019-06-25,2019062501004342,NBL,39,29,62,325.00,"20,150.00"
2019-06-25,2019062501004327,NBL,39,34,100,325.00,"32,500.00"
2019-06-25,2019062501004296,NBL,39,57,55,325.00,"17,875.00"
2019-06-25,2019062501004270,NBL,43,57,945,325.00,"307,125.00"
2019-06-25,2019062501004586,NCCB,8,56,270,254.00,"68,580.00"
2019-06-25,2019062501004493,NCCB,47,56,100,254.00,"25,400.00"
2019-06-25,2019062501004454,NCCB,1,56,100,254.00,"25,400.00"
2019-06-25,2019062501004421,NCCB,51,56,200,254.00,"50,800.00"
2019-06-25,2019062501004353,NCCB,5,56,"1,000",254.00,"254,000.00"
2019-06-25,2019062501004330,NCCB,49,59,"1,000",254.00,"254,000.00"
2019-06-25,2019062501004316,NCCB,59,52,200,254.00,"50,800.00"
2019-06-25,2019062501004127,NCCB,33,1,"1,000",254.00,"254,000.00"
2019-06-25,2019062501004126,NCCB,33,50,362,254.00,"91,948.00"
2019-06-25,2019062501004095,NCCB,45,50,150,254.00,"38,100.00"
2019-06-25,2019062501004482,NHPC,42,43,"1,480",67.00,"99,160.00"
2019-06-25,2019062501004431,NHPC,56,43,20,68.00,"1,360.00"
2019-06-25,2019062501004499,NIB,11,53,343,527.00,"180,761.00"
2019-06-25,2019062501004360,NIB,34,53,50,527.00,"26,350.00"
2019-06-25,2019062501004329,NIB,52,53,100,527.00,"52,700.00"
2019-06-25,2019062501004257,NIB,35,58,37,526.00,"19,462.00"
2019-06-25,2019062501004256,NIB,37,58,400,526.00,"210,400.00"
2019-06-25,2019062501004255,NIB,59,58,13,526.00,"6,838.00"
2019-06-25,2019062501004457,NIBSF1,13,58,500,9.30,"4,650.00"
2019-06-25,2019062501004487,NICA,45,46,140,467.00,"65,380.00"
2019-06-25,2019062501004479,NICA,28,46,100,468.00,"46,800.00"
2019-06-25,2019062501004466,NICA,54,26,300,469.00,"140,700.00"
2019-06-25,2019062501004465,NICA,54,21,950,469.00,"445,550.00"
2019-06-25,2019062501004464,NICA,54,59,250,469.00,"117,250.00"
2019-06-25,2019062501004463,NICA,54,26,197,469.00,"92,393.00"
2019-06-25,2019062501004443,NICA,28,29,180,468.00,"84,240.00"
2019-06-25,2019062501004411,NICA,44,29,320,468.00,"149,760.00"
2019-06-25,2019062501004404,NICA,44,25,80,468.00,"37,440.00"
2019-06-25,2019062501004402,NICA,44,25,100,468.00,"46,800.00"
2019-06-25,2019062501004585,NICL,28,6,214,363.00,"77,682.00"
2019-06-25,2019062501004475,NICL,28,10,250,363.00,"90,750.00"
2019-06-25,2019062501004474,NICL,45,10,10,363.00,"3,630.00"
2019-06-25,2019062501004473,NICL,22,10,10,363.00,"3,630.00"
2019-06-25,2019062501004472,NICL,22,10,30,364.00,"10,920.00"
2019-06-25,2019062501004413,NIL,4,40,151,475.00,"71,725.00"
2019-06-25,2019062501004412,NIL,34,40,149,475.00,"70,775.00"
2019-06-25,2019062501004291,NIL,34,4,726,475.00,"344,850.00"
2019-06-25,2019062501004132,NIL,34,51,125,475.00,"59,375.00"
2019-06-25,2019062501004131,NIL,46,51,50,476.00,"23,800.00"
2019-06-25,2019062501004540,NLBBL,41,1,182,491.00,"89,362.00"
2019-06-25,2019062501004104,NLBBL,11,43,50,495.00,"24,750.00"
2019-06-25,2019062501004090,NLBBL,41,53,18,491.00,"8,838.00"
2019-06-25,2019062501004533,NLIC,5,34,169,895.00,"151,255.00"
2019-06-25,2019062501004517,NLIC,6,34,100,895.00,"89,500.00"
2019-06-25,2019062501004514,NLIC,21,38,97,895.00,"86,815.00"
2019-06-25,2019062501004513,NLIC,34,38,50,895.00,"44,750.00"
2019-06-25,2019062501004245,NLIC,34,13,47,895.00,"42,065.00"
2019-06-25,2019062501004244,NLIC,4,13,30,895.00,"26,850.00"
2019-06-25,2019062501004105,NLIC,34,53,17,895.00,"15,215.00"
2019-06-25,2019062501004243,NLIC,34,13,50,895.00,"44,750.00"
2019-06-25,2019062501004242,NLIC,4,13,50,895.00,"44,750.00"
2019-06-25,2019062501004241,NLIC,4,13,50,895.00,"44,750.00"
2019-06-25,2019062501004240,NLIC,34,13,366,895.00,"327,570.00"
2019-06-25,2019062501004158,NLIC,56,38,37,896.00,"33,152.00"
2019-06-25,2019062501004135,NLIC,34,50,50,895.00,"44,750.00"
2019-06-25,2019062501004458,NMFBS,14,10,29,"1,431.00","41,499.00"
2019-06-25,2019062501004504,NUBL,45,43,12,833.00,"9,996.00"
2019-06-25,2019062501004581,OHL,49,49,815,630.00,"513,450.00"
2019-06-25,2019062501004531,OHL,6,26,600,630.00,"378,000.00"
2019-06-25,2019062501004530,OHL,45,26,378,630.00,"238,140.00"
2019-06-25,2019062501004334,OHL,57,33,250,631.00,"157,750.00"
2019-06-25,2019062501004333,OHL,7,33,50,632.00,"31,600.00"
2019-06-25,2019062501004335,OHL,45,33,122,630.00,"76,860.00"
2019-06-25,2019062501004272,PCBL,21,21,2,285.00,570.00
2019-06-25,2019062501004471,PIC,49,45,40,996.00,"39,840.00"
2019-06-25,2019062501004415,PIC,33,38,225,994.00,"223,650.00"
2019-06-25,2019062501004219,PIC,35,45,15,995.00,"14,925.00"
2019-06-25,2019062501004218,PIC,47,45,100,995.00,"99,500.00"
2019-06-25,2019062501004118,PIC,47,53,100,997.00,"99,700.00"
2019-06-25,2019062501004117,PIC,35,53,11,998.00,"10,978.00"
2019-06-25,2019062501004116,PIC,53,53,28,998.00,"27,944.00"
2019-06-25,2019062501004577,PLIC,59,16,25,433.00,"10,825.00"
2019-06-25,2019062501004568,PLIC,59,43,35,433.00,"15,155.00"
2019-06-25,2019062501004273,PMHPL,45,45,10,108.00,"1,080.00"
2019-06-25,2019062501004227,PMHPL,56,40,10,108.00,"1,080.00"
2019-06-25,2019062501004205,PMHPL,43,42,10,106.00,"1,060.00"
2019-06-25,2019062501004355,PPCL,14,29,10,138.00,"1,380.00"
2019-06-25,2019062501004294,PPCL,14,52,10,138.00,"1,380.00"
2019-06-25,2019062501004293,PPCL,56,52,10,138.00,"1,380.00"
2019-06-25,2019062501004281,PPCL,56,52,20,138.00,"2,760.00"
2019-06-25,2019062501004194,PPCL,56,42,10,138.00,"1,380.00"
2019-06-25,2019062501004134,PPCL,56,45,10,138.00,"1,380.00"
2019-06-25,2019062501004109,PPCL,56,45,10,138.00,"1,380.00"
2019-06-25,2019062501004338,PRIN,51,4,150,377.00,"56,550.00"
2019-06-25,2019062501004138,PRIN,51,53,17,377.00,"6,409.00"
2019-06-25,2019062501004137,PRIN,5,53,300,377.00,"113,100.00"
2019-06-25,2019062501004566,PRVU,16,16,17,266.00,"4,522.00"
2019-06-25,2019062501004488,PRVU,21,21,1,266.00,266.00
2019-06-25,2019062501004444,PRVU,21,21,1,266.00,266.00
2019-06-25,2019062501004319,PRVU,21,21,1,266.00,266.00
2019-06-25,2019062501004271,PRVU,38,34,"1,000",267.00,"267,000.00"
2019-06-25,2019062501004208,PRVU,21,21,1,266.00,266.00
2019-06-25,2019062501004088,PRVU,21,21,1,266.00,266.00
2019-06-25,2019062501004441,PRVU,1,34,100,267.00,"26,700.00"
2019-06-25,2019062501004435,PRVU,45,34,10,267.00,"2,670.00"
2019-06-25,2019062501004406,PRVU,29,34,200,267.00,"53,400.00"
2019-06-25,2019062501004405,PRVU,21,21,1,266.00,266.00
2019-06-25,2019062501004365,PRVU,16,29,16,266.00,"4,256.00"
2019-06-25,2019062501004522,RMDC,57,16,12,653.00,"7,836.00"
2019-06-25,2019062501004414,RMDC,6,49,282,655.00,"184,710.00"
2019-06-25,2019062501004188,RMDC,6,44,42,655.00,"27,510.00"
2019-06-25,2019062501004546,RRHP,45,44,10,112.00,"1,120.00"
2019-06-25,2019062501004545,RRHP,22,22,700,111.00,"77,700.00"
2019-06-25,2019062501004544,RRHP,17,22,400,111.00,"44,400.00"
2019-06-25,2019062501004534,RRHP,17,45,10,111.00,"1,110.00"
2019-06-25,2019062501004089,RRHP,17,45,10,111.00,"1,110.00"
2019-06-25,2019062501004500,RRHP,17,44,10,111.00,"1,110.00"
2019-06-25,2019062501004418,RRHP,17,10,10,111.00,"1,110.00"
2019-06-25,2019062501004311,RRHP,17,42,10,111.00,"1,110.00"
2019-06-25,2019062501004157,RRHP,17,10,10,111.00,"1,110.00"
2019-06-25,2019062501004111,RRHP,17,45,10,111.00,"1,110.00"
2019-06-25,2019062501004093,RRHP,45,45,10,112.00,"1,120.00"
2019-06-25,2019062501004527,RSDC,42,16,26,350.00,"9,100.00"
2019-06-25,2019062501004467,RSDC,21,21,9,350.00,"3,150.00"
2019-06-25,2019062501004516,SADBL,36,43,64,150.00,"9,600.00"
2019-06-25,2019062501004437,SADBL,36,29,16,150.00,"2,400.00"
2019-06-25,2019062501004231,SADBL,36,54,107,150.00,"16,050.00"
2019-06-25,2019062501004212,SADBL,36,6,140,150.00,"21,000.00"
2019-06-25,2019062501004263,SANIMA,56,51,"2,000",349.00,"698,000.00"
2019-06-25,2019062501004229,SANIMA,38,51,142,349.00,"49,558.00"
2019-06-25,2019062501004476,SBI,16,52,150,464.00,"69,600.00"
2019-06-25,2019062501004470,SBI,11,28,83,465.00,"38,595.00"
2019-06-25,2019062501004266,SBI,17,28,75,465.00,"34,875.00"
2019-06-25,2019062501004146,SBI,38,28,909,465.00,"422,685.00"
2019-06-25,2019062501004145,SBI,38,26,91,465.00,"42,315.00"
2019-06-25,2019062501004155,SBL,49,53,261,320.00,"83,520.00"
2019-06-25,2019062501004154,SBL,45,53,83,320.00,"26,560.00"
2019-06-25,2019062501004481,SCB,29,22,480,660.00,"316,800.00"
2019-06-25,2019062501004103,SCB,58,22,30,665.00,"19,950.00"
2019-06-25,2019062501004171,SHINE,45,47,200,256.00,"51,200.00"
2019-06-25,2019062501004448,SHINE,45,49,500,255.00,"127,500.00"
2019-06-25,2019062501004447,SHINE,50,49,10,255.00,"2,550.00"
2019-06-25,2019062501004529,SHIVM,55,48,190,659.00,"125,210.00"
2019-06-25,2019062501004506,SHIVM,55,32,10,659.00,"6,590.00"
2019-06-25,2019062501004274,SHIVM,55,34,100,659.00,"65,900.00"
2019-06-25,2019062501004264,SHIVM,55,22,50,659.00,"32,950.00"
2019-06-25,2019062501004261,SHIVM,55,58,50,659.00,"32,950.00"
2019-06-25,2019062501004259,SHIVM,55,34,100,659.00,"65,900.00"
2019-06-25,2019062501004228,SHIVM,21,48,300,658.00,"197,400.00"
2019-06-25,2019062501004207,SHIVM,21,56,50,658.00,"32,900.00"
2019-06-25,2019062501004189,SHIVM,21,56,50,658.00,"32,900.00"
2019-06-25,2019062501004176,SHIVM,17,42,50,659.00,"32,950.00"
2019-06-25,2019062501004525,SIC,35,35,38,642.00,"24,396.00"
2019-06-25,2019062501004260,SIC,36,25,130,640.00,"83,200.00"
2019-06-25,2019062501004213,SIC,17,29,40,645.00,"25,800.00"
2019-06-25,2019062501004160,SICL,44,53,111,761.00,"84,471.00"
2019-06-25,2019062501004191,SIFC,35,19,150,154.00,"23,100.00"
2019-06-25,2019062501004182,SIL,34,53,19,442.00,"8,398.00"
2019-06-25,2019062501004181,SIL,41,53,10,442.00,"4,420.00"
2019-06-25,2019062501004180,SIL,14,53,50,443.00,"22,150.00"
2019-06-25,2019062501004179,SIL,47,53,50,443.00,"22,150.00"
2019-06-25,2019062501004178,SIL,35,53,50,444.00,"22,200.00"
2019-06-25,2019062501004177,SIL,6,53,25,446.00,"11,150.00"
2019-06-25,2019062501004235,SKBBL,59,59,100,942.00,"94,200.00"
2019-06-25,2019062501004174,SKBBL,59,59,400,942.00,"376,800.00"
2019-06-25,2019062501004162,SKBBL,59,59,500,942.00,"471,000.00"
2019-06-25,2019062501004578,SLBSL,42,36,10,524.00,"5,240.00"
2019-06-25,2019062501004379,SLBSL,11,29,10,522.00,"5,220.00"
2019-06-25,2019062501004285,SLBSL,11,49,30,522.00,"15,660.00"
2019-06-25,2019062501004284,SLBSL,43,49,20,523.00,"10,460.00"
2019-06-25,2019062501004236,SLBSL,11,21,10,522.00,"5,220.00"
2019-06-25,2019062501004206,SLBSL,43,54,10,523.00,"5,230.00"
2019-06-25,2019062501004170,SLBSL,43,42,10,523.00,"5,230.00"
2019-06-25,2019062501004445,SLICL,41,25,10,460.00,"4,600.00"
2019-06-25,2019062501004436,SLICL,58,55,65,460.00,"29,900.00"
2019-06-25,2019062501004197,SLICL,58,49,35,460.00,"16,100.00"
2019-06-25,2019062501004196,SLICL,42,49,30,460.00,"13,800.00"
2019-06-25,2019062501004125,SMATA,45,45,1,"1,120.00","1,120.00"
2019-06-25,2019062501004521,SPARS,17,59,10,458.00,"4,580.00"
2019-06-25,2019062501004486,SPARS,28,57,10,462.00,"4,620.00"
2019-06-25,2019062501004239,SPARS,17,8,10,458.00,"4,580.00"
2019-06-25,2019062501004211,SPARS,45,47,10,460.00,"4,600.00"
2019-06-25,2019062501004186,SPARS,39,39,10,462.00,"4,620.00"
2019-06-25,2019062501004185,SPARS,39,39,10,462.00,"4,620.00"
2019-06-25,2019062501004161,SPARS,45,42,10,460.00,"4,600.00"
2019-06-25,2019062501004121,SPARS,28,38,10,462.00,"4,620.00"
2019-06-25,2019062501004204,SPDL,7,53,10,92.00,920.00
2019-06-25,2019062501004187,SPDL,45,45,15,93.00,"1,395.00"
2019-06-25,2019062501004094,SPDL,7,38,15,92.00,"1,380.00"
2019-06-25,2019062501004515,SWBBL,25,8,20,904.00,"18,080.00"
2019-06-25,2019062501004354,SWBBL,14,49,185,903.00,"167,055.00"
2019-06-25,2019062501004453,TRH,32,46,273,314.00,"85,722.00"
2019-06-25,2019062501004452,TRH,17,46,27,314.00,"8,478.00"
2019-06-25,2019062501004489,UIC,47,48,200,920.00,"184,000.00"
2019-06-25,2019062501004124,UIC,47,38,170,920.00,"156,400.00"
2019-06-25,2019062501004123,UIC,53,38,50,921.00,"46,050.00"
2019-06-25,2019062501004122,UIC,51,38,80,922.00,"73,760.00"
2019-06-25,2019062501004215,UMHL,45,45,14,112.00,"1,568.00"
2019-06-25,2019062501004491,UPCL,45,25,50,92.00,"4,600.00"
2019-06-25,2019062501004427,UPCL,45,10,50,92.00,"4,600.00"
2019-06-25,2019062501004217,UPCL,45,4,30,92.00,"2,760.00"
2019-06-25,2019062501004216,UPCL,49,4,20,92.00,"1,840.00"
2019-06-25,2019062501004164,UPCL,49,10,100,92.00,"9,200.00"
2019-06-25,2019062501004523,UPPER,49,32,40,267.00,"10,680.00"
2019-06-25,2019062501004520,UPPER,49,32,40,267.00,"10,680.00"
2019-06-25,2019062501004434,UPPER,49,10,40,266.00,"10,640.00"
2019-06-25,2019062501004425,UPPER,25,45,50,266.00,"13,300.00"
2019-06-25,2019062501004424,UPPER,25,45,50,266.00,"13,300.00"
2019-06-25,2019062501004423,UPPER,25,45,50,266.00,"13,300.00"
2019-06-25,2019062501004147,UPPER,21,45,50,266.00,"13,300.00"
2019-06-25,2019062501004091,UPPER,21,38,50,266.00,"13,300.00"
2019-06-25,2019062501004226,UPPER,50,47,29,266.00,"7,714.00"
2019-06-25,2019062501004225,UPPER,13,47,21,266.00,"5,586.00"
2019-06-25,2019062501004209,UPPER,13,45,423,266.00,"112,518.00"
2019-06-25,2019062501004173,UPPER,13,10,40,266.00,"10,640.00"
2019-06-25,2019062501004152,UPPER,13,42,16,266.00,"4,256.00"
2019-06-25,2019062501004151,UPPER,21,42,34,266.00,"9,044.00"
2019-06-25,2019062501004295,UPPER,50,42,50,266.00,"13,300.00"
2019-06-25,2019062501004286,UPPER,50,42,50,266.00,"13,300.00"
2019-06-25,2019062501004248,UPPER,45,32,300,267.00,"80,100.00"
2019-06-25,2019062501004247,UPPER,45,32,50,267.00,"13,350.00"
2019-06-25,2019062501004246,UPPER,45,32,50,267.00,"13,350.00"
2019-06-25,2019062501004332,UPPER,25,42,40,265.00,"10,600.00"
2019-06-25,2019062501004318,UPPER,25,42,29,265.00,"7,685.00"
2019-06-25,2019062501004317,UPPER,50,42,21,266.00,"5,586.00"
2019-06-25,2019062501004307,UPPER,50,42,50,266.00,"13,300.00"
2019-06-25,2019062501004300,UPPER,50,42,50,266.00,"13,300.00"
2019-06-25,2019062501004214,VLBS,22,53,13,483.00,"6,279.00"
2019-06-25,2019062501004075,ADBL,34,34,833,415.00,"345,695.00"
2019-06-25,2019062501004074,ADBL,4,34,167,415.00,"69,305.00"
2019-06-25,2019062501004056,ADBL,50,49,8,415.00,"3,320.00"
2019-06-25,2019062501004034,ADBL,47,49,50,416.00,"20,800.00"
2019-06-25,2019062501003978,ADBL,4,25,200,415.00,"83,000.00"
2019-06-25,2019062501003973,ADBL,4,25,100,415.00,"41,500.00"
2019-06-25,2019062501003942,ADBL,4,45,33,415.00,"13,695.00"
2019-06-25,2019062501003941,ADBL,39,45,67,415.00,"27,805.00"
2019-06-25,2019062501003835,ADBL,39,25,33,415.00,"13,695.00"
2019-06-25,2019062501003832,ADBL,49,49,50,416.00,"20,800.00"
2019-06-25,2019062501003724,ADBL,50,42,252,415.00,"104,580.00"
2019-06-25,2019062501003975,AKJCL,22,45,10,71.00,710.00
2019-06-25,2019062501003972,AKJCL,45,4,10,72.00,720.00
2019-06-25,2019062501003995,AKPL,45,45,13,184.00,"2,392.00"
2019-06-25,2019062501003694,AKPL,39,21,13,182.00,"2,366.00"
2019-06-25,2019062501003685,AKPL,21,28,13,183.00,"2,379.00"
2019-06-25,2019062501003793,API,44,44,1,143.00,143.00
2019-06-25,2019062501003726,BBC,48,35,10,"1,567.00","15,670.00"
2019-06-25,2019062501004081,BOKL,48,4,222,262.00,"58,164.00"
2019-06-25,2019062501004080,BOKL,45,4,278,262.00,"72,836.00"
2019-06-25,2019062501004035,BPCL,13,45,11,405.00,"4,455.00"
2019-06-25,2019062501003984,BPCL,36,26,529,407.00,"215,303.00"
2019-06-25,2019062501004023,CBBL,39,53,21,934.00,"19,614.00"
2019-06-25,2019062501004008,CBBL,49,53,50,934.00,"46,700.00"
2019-06-25,2019062501004007,CBBL,54,53,50,934.00,"46,700.00"
2019-06-25,2019062501004006,CBBL,39,53,250,934.00,"233,500.00"
2019-06-25,2019062501004005,CBBL,25,53,10,935.00,"9,350.00"
2019-06-25,2019062501003733,CBBL,39,58,250,934.00,"233,500.00"
2019-06-25,2019062501003732,CBBL,47,58,200,934.00,"186,800.00"
2019-06-25,2019062501003731,CBBL,55,58,100,935.00,"93,500.00"
2019-06-25,2019062501003959,CBL,5,48,365,146.00,"53,290.00"
2019-06-25,2019062501003916,CBL,35,48,598,147.00,"87,906.00"
2019-06-25,2019062501003884,CBL,5,48,113,146.00,"16,498.00"
2019-06-25,2019062501003862,CBL,34,48,200,147.00,"29,400.00"
2019-06-25,2019062501003861,CBL,34,48,187,147.00,"27,489.00"
2019-06-25,2019062501003670,CBL,34,51,13,147.00,"1,911.00"
2019-06-25,2019062501004047,CCBL,21,21,5,166.00,830.00
2019-06-25,2019062501004004,CCBL,21,26,5,169.00,845.00
2019-06-25,2019062501003629,CCBL,37,32,33,169.00,"5,577.00"
2019-06-25,2019062501003992,CHCL,21,21,1,516.00,516.00
2019-06-25,2019062501003838,CHCL,28,25,83,516.00,"42,828.00"
2019-06-25,2019062501003709,CHCL,28,52,27,515.00,"13,905.00"
2019-06-25,2019062501003664,CHCL,28,4,48,515.00,"24,720.00"
2019-06-25,2019062501003663,CHCL,28,57,35,515.00,"18,025.00"
2019-06-25,2019062501003662,CHCL,28,57,40,515.00,"20,600.00"
2019-06-25,2019062501003943,CLBSL,28,4,11,514.00,"5,654.00"
2019-06-25,2019062501003983,CZBIL,10,10,853,220.00,"187,660.00"
2019-06-25,2019062501003982,CZBIL,1,10,"1,000",220.00,"220,000.00"
2019-06-25,2019062501003981,CZBIL,56,10,"2,000",220.00,"440,000.00"
2019-06-25,2019062501003980,CZBIL,56,10,"1,000",220.00,"220,000.00"
2019-06-25,2019062501003979,CZBIL,51,10,"1,000",220.00,"220,000.00"
2019-06-25,2019062501003789,CZBIL,34,34,"5,594",220.00,"1,230,680.00"
2019-06-25,2019062501003783,CZBIL,56,34,354,220.00,"77,880.00"
2019-06-25,2019062501003771,CZBIL,56,54,"1,746",220.00,"384,120.00"
2019-06-25,2019062501003770,CZBIL,44,54,133,220.00,"29,260.00"
2019-06-25,2019062501003769,CZBIL,56,54,"5,000",220.00,"1,100,000.00"
2019-06-25,2019062501003768,CZBIL,44,54,371,220.00,"81,620.00"
2019-06-25,2019062501003710,CZBIL,57,26,156,221.00,"34,476.00"
2019-06-25,2019062501003985,DBBL,44,44,6,138.00,828.00
2019-06-25,2019062501003755,DBBL,32,7,200,140.00,"28,000.00"
2019-06-25,2019062501003754,DBBL,32,53,50,140.00,"7,000.00"
2019-06-25,2019062501003753,DBBL,32,44,49,140.00,"6,860.00"
2019-06-25,2019062501004027,DDBL,13,53,16,714.00,"11,424.00"
2019-06-25,2019062501003690,EIC,44,34,61,371.00,"22,631.00"
2019-06-25,2019062501003660,EIC,38,25,200,369.00,"73,800.00"
2019-06-25,2019062501003659,EIC,25,25,40,370.00,"14,800.00"
2019-06-25,2019062501003638,EIC,25,19,160,370.00,"59,200.00"
2019-06-25,2019062501004033,FMDBL,41,35,184,388.00,"71,392.00"
2019-06-25,2019062501003749,GBBL,32,35,50,223.00,"11,150.00"
2019-06-25,2019062501003748,GBBL,35,35,"1,411",223.00,"314,653.00"
2019-06-25,2019062501003743,GBBL,35,10,700,223.00,"156,100.00"
2019-06-25,2019062501004038,GBIME,40,41,102,305.00,"31,110.00"
2019-06-25,2019062501003650,GBIME,58,34,"1,411",306.00,"431,766.00"
2019-06-25,2019062501003649,GBIME,58,58,15,306.00,"4,590.00"
2019-06-25,2019062501003648,GBIME,58,53,400,306.00,"122,400.00"
2019-06-25,2019062501003647,GBIME,58,53,400,306.00,"122,400.00"
2019-06-25,2019062501003646,GBIME,58,34,51,306.00,"15,606.00"
2019-06-25,2019062501003917,GBLBS,46,39,10,353.00,"3,530.00"
2019-06-25,2019062501003820,GBLBS,41,4,15,355.00,"5,325.00"
2019-06-25,2019062501003734,GBLBS,46,28,10,353.00,"3,530.00"
2019-06-25,2019062501004059,GLBSL,34,38,10,441.00,"4,410.00"
2019-06-25,2019062501003974,GLBSL,34,28,10,441.00,"4,410.00"
2019-06-25,2019062501003964,GLBSL,49,44,10,442.00,"4,420.00"
2019-06-25,2019062501003963,GLBSL,49,44,10,442.00,"4,420.00"
2019-06-25,2019062501003962,GLBSL,49,17,10,442.00,"4,420.00"
2019-06-25,2019062501003616,GLBSL,25,10,10,442.00,"4,420.00"
2019-06-25,2019062501003613,GLBSL,25,59,10,442.00,"4,420.00"
2019-06-25,2019062501003652,GLBSL,38,38,10,442.00,"4,420.00"
2019-06-25,2019062501003651,GLBSL,38,28,10,442.00,"4,420.00"
2019-06-25,2019062501003643,GLBSL,38,10,10,442.00,"4,420.00"
2019-06-25,2019062501003632,GLBSL,38,10,10,442.00,"4,420.00"
2019-06-25,2019062501003630,GLBSL,38,58,10,442.00,"4,420.00"
2019-06-25,2019062501003626,GLBSL,25,28,10,442.00,"4,420.00"
2019-06-25,2019062501003686,GLBSL,38,28,10,442.00,"4,420.00"
2019-06-25,2019062501003676,GLBSL,38,39,10,442.00,"4,420.00"
2019-06-25,2019062501003673,GLBSL,38,35,10,442.00,"4,420.00"
2019-06-25,2019062501003672,GLBSL,38,28,10,442.00,"4,420.00"
2019-06-25,2019062501003669,GLBSL,38,38,10,442.00,"4,420.00"
2019-06-25,2019062501003665,GLBSL,38,28,10,442.00,"4,420.00"
2019-06-25,2019062501003742,GLBSL,38,45,10,443.00,"4,430.00"
2019-06-25,2019062501003725,GLBSL,38,51,10,442.00,"4,420.00"
2019-06-25,2019062501003718,GLBSL,38,48,30,442.00,"13,260.00"
2019-06-25,2019062501003697,GLBSL,42,37,10,443.00,"4,430.00"
2019-06-25,2019062501003696,GLBSL,42,37,10,443.00,"4,430.00"
2019-06-25,2019062501003695,GLBSL,38,51,10,442.00,"4,420.00"
2019-06-25,2019062501003819,GLBSL,41,51,10,443.00,"4,430.00"
2019-06-25,2019062501003803,GLBSL,41,44,10,443.00,"4,430.00"
2019-06-25,2019062501003796,GLBSL,41,44,10,443.00,"4,430.00"
2019-06-25,2019062501003790,GLBSL,38,44,10,443.00,"4,430.00"
2019-06-25,2019062501003774,GLBSL,38,28,10,443.00,"4,430.00"
2019-06-25,2019062501003747,GLBSL,38,28,10,443.00,"4,430.00"
2019-06-25,2019062501003855,GLBSL,39,28,10,442.00,"4,420.00"
2019-06-25,2019062501003847,GLBSL,38,44,10,442.00,"4,420.00"
2019-06-25,2019062501003837,GLBSL,38,44,10,442.00,"4,420.00"
2019-06-25,2019062501003833,GLBSL,38,44,10,442.00,"4,420.00"
2019-06-25,2019062501003824,GLBSL,38,28,10,442.00,"4,420.00"
2019-06-25,2019062501003880,GLBSL,26,28,10,442.00,"4,420.00"
2019-06-25,2019062501003879,GLBSL,26,44,10,442.00,"4,420.00"
2019-06-25,2019062501003872,GLBSL,26,44,10,442.00,"4,420.00"
2019-06-25,2019062501003870,GLBSL,26,28,10,442.00,"4,420.00"
2019-06-25,2019062501003863,GLBSL,26,44,10,442.00,"4,420.00"
2019-06-25,2019062501003856,GLBSL,39,44,10,442.00,"4,420.00"
2019-06-25,2019062501003919,GLBSL,34,44,10,441.00,"4,410.00"
2019-06-25,2019062501003918,GLBSL,34,38,10,441.00,"4,410.00"
2019-06-25,2019062501003903,GLBSL,34,28,10,441.00,"4,410.00"
2019-06-25,2019062501003961,GLBSL,49,44,10,442.00,"4,420.00"
2019-06-25,2019062501003952,GLBSL,34,28,10,441.00,"4,410.00"
2019-06-25,2019062501003951,GLBSL,34,44,10,441.00,"4,410.00"
2019-06-25,2019062501003945,GLBSL,34,44,10,441.00,"4,410.00"
2019-06-25,2019062501003938,GLBSL,34,28,10,441.00,"4,410.00"
2019-06-25,2019062501003934,GLBSL,34,44,10,441.00,"4,410.00"
