Date,Transact. No.,Symbol,Buyer,Seller,Quantity,Rate,Amount
2020-02-02,2020020201020434,ADBL,6,22,100,390.00,"39,000.00"
2020-02-02,2020020201020466,AHPC,43,51,10,97.00,970.00
2020-02-02,2020020201020579,AKPL,58,40,"18,100",120.00,"2,172,000.00"
2020-02-02,2020020201020578,AKPL,19,40,500,120.00,"60,000.00"
2020-02-02,2020020201020577,AKPL,59,40,"1,000",120.00,"120,000.00"
2020-02-02,2020020201020576,AKPL,47,40,400,120.00,"48,000.00"
2020-02-02,2020020201020386,AKPL,34,40,"1,000",121.00,"121,000.00"
2020-02-02,2020020201020512,ALBSL,37,42,10,735.00,"7,350.00"
2020-02-02,2020020201020399,ALBSL,55,45,10,730.00,"7,300.00"
2020-02-02,2020020201020282,ALBSL,55,46,10,730.00,"7,300.00"
2020-02-02,2020020201020600,ALICL,16,1,200,569.00,"113,800.00"
2020-02-02,2020020201020591,ALICL,43,1,100,569.00,"56,900.00"
2020-02-02,2020020201020529,ALICL,58,45,188,568.00,"106,784.00"
2020-02-02,2020020201020528,ALICL,8,45,12,568.00,"6,816.00"
2020-02-02,2020020201020370,ALICL,16,1,"1,000",569.00,"569,000.00"
2020-02-02,2020020201020306,ALICL,57,1,100,569.00,"56,900.00"
2020-02-02,2020020201020165,ALICL,8,29,188,568.00,"106,784.00"
2020-02-02,2020020201020542,API,25,29,15,120.00,"1,800.00"
2020-02-02,2020020201020541,API,25,58,500,119.00,"59,500.00"
2020-02-02,2020020201020540,API,25,42,"1,000",119.00,"119,000.00"
2020-02-02,2020020201020539,API,25,40,100,119.00,"11,900.00"
2020-02-02,2020020201020401,BPCL,33,48,10,330.00,"3,300.00"
2020-02-02,2020020201020369,BPCL,43,48,10,330.00,"3,300.00"
2020-02-02,2020020201020583,CBL,43,42,10,150.00,"1,500.00"
2020-02-02,2020020201020346,CBL,29,57,500,149.00,"74,500.00"
2020-02-02,2020020201020345,CBL,29,26,418,149.00,"62,282.00"
2020-02-02,2020020201020263,CBL,43,26,10,149.00,"1,490.00"
2020-02-02,2020020201020255,CBL,14,20,10,148.00,"1,480.00"
2020-02-02,2020020201020544,CCBL,56,50,10,190.00,"1,900.00"
2020-02-02,2020020201020189,CCBL,13,20,10,189.00,"1,890.00"
2020-02-02,2020020201020597,CIT,19,28,147,"2,342.00","344,274.00"
2020-02-02,2020020201020596,CIT,19,54,53,"2,338.00","123,914.00"
2020-02-02,2020020201020451,CIT,48,54,32,"2,338.00","74,816.00"
2020-02-02,2020020201020265,CIT,48,10,58,"2,338.00","135,604.00"
2020-02-02,2020020201020629,CZBIL,49,48,500,200.00,"100,000.00"
2020-02-02,2020020201020628,CZBIL,50,48,200,200.00,"40,000.00"
2020-02-02,2020020201020627,CZBIL,49,48,948,200.00,"189,600.00"
2020-02-02,2020020201020565,CZBIL,5,43,200,201.00,"40,200.00"
2020-02-02,2020020201020151,CZBIL,29,11,180,201.00,"36,180.00"
2020-02-02,2020020201020568,EBL,42,14,400,657.00,"262,800.00"
2020-02-02,2020020201020567,EBL,42,10,250,656.00,"164,000.00"
2020-02-02,2020020201020330,EBL,36,26,50,656.00,"32,800.00"
2020-02-02,2020020201020329,EBL,36,44,20,656.00,"13,120.00"
2020-02-02,2020020201020328,EBL,36,11,300,656.00,"196,800.00"
2020-02-02,2020020201020327,EBL,36,19,100,655.00,"65,500.00"
2020-02-02,2020020201020199,EBL,45,19,100,655.00,"65,500.00"
2020-02-02,2020020201020183,EBL,54,6,100,655.00,"65,500.00"
2020-02-02,2020020201020182,EBL,54,4,391,655.00,"256,105.00"
2020-02-02,2020020201020143,EBL,45,4,200,655.00,"131,000.00"
2020-02-02,2020020201020580,EDBL,58,45,100,365.00,"36,500.00"
2020-02-02,2020020201020534,EIC,56,4,20,442.00,"8,840.00"
2020-02-02,2020020201020523,EIC,52,4,10,442.00,"4,420.00"
2020-02-02,2020020201020454,EIC,50,37,375,440.00,"165,000.00"
2020-02-02,2020020201020442,EIC,50,34,50,440.00,"22,000.00"
2020-02-02,2020020201020361,EIC,42,14,25,441.00,"11,025.00"
2020-02-02,2020020201020377,FOWAD,50,35,500,"1,400.00","700,000.00"
2020-02-02,2020020201020371,FOWAD,6,35,20,"1,400.00","28,000.00"
2020-02-02,2020020201020598,GBIME,1,51,50,290.00,"14,500.00"
2020-02-02,2020020201020384,GBIME,1,16,419,289.00,"121,091.00"
2020-02-02,2020020201020383,GBIME,32,16,178,289.00,"51,442.00"
2020-02-02,2020020201020285,GBIME,6,51,184,290.00,"53,360.00"
2020-02-02,2020020201020284,GBIME,6,55,116,290.00,"33,640.00"
2020-02-02,2020020201020273,GBIME,32,8,922,289.00,"266,458.00"
2020-02-02,2020020201020272,GBIME,38,8,50,289.00,"14,450.00"
2020-02-02,2020020201020271,GBIME,38,8,28,289.00,"8,092.00"
2020-02-02,2020020201020203,GBIME,53,55,84,290.00,"24,360.00"
2020-02-02,2020020201020202,GBIME,53,40,16,290.00,"4,640.00"
2020-02-02,2020020201020169,GBIME,45,40,125,290.00,"36,250.00"
2020-02-02,2020020201020573,GBLBS,22,14,15,498.00,"7,470.00"
2020-02-02,2020020201020572,GBLBS,7,14,100,498.00,"49,800.00"
2020-02-02,2020020201020571,GBLBS,7,14,100,498.00,"49,800.00"
2020-02-02,2020020201020570,GBLBS,5,14,85,498.00,"42,330.00"
2020-02-02,2020020201020160,GBLBS,5,58,15,498.00,"7,470.00"
2020-02-02,2020020201020590,GGBSL,34,1,10,871.00,"8,710.00"
2020-02-02,2020020201020525,GGBSL,29,3,49,872.00,"42,728.00"
2020-02-02,2020020201020524,GGBSL,29,3,51,872.00,"44,472.00"
2020-02-02,2020020201020213,GILB,44,34,560,"1,336.00","748,160.00"
2020-02-02,2020020201020212,GILB,53,34,10,"1,336.00","13,360.00"
2020-02-02,2020020201020211,GILB,46,34,150,"1,339.00","200,850.00"
2020-02-02,2020020201020210,GILB,45,34,500,"1,340.00","670,000.00"
2020-02-02,2020020201020209,GILB,16,34,150,"1,340.00","201,000.00"
2020-02-02,2020020201020208,GILB,40,34,230,"1,341.00","308,430.00"
2020-02-02,2020020201020613,GLICL,34,33,10,734.00,"7,340.00"
2020-02-02,2020020201020587,GLICL,16,33,100,730.00,"73,000.00"
2020-02-02,2020020201020546,GLICL,16,33,900,730.00,"657,000.00"
2020-02-02,2020020201020545,GLICL,43,33,100,731.00,"73,100.00"
2020-02-02,2020020201020468,GLICL,50,58,200,729.00,"145,800.00"
2020-02-02,2020020201020414,GLICL,39,33,250,730.00,"182,500.00"
2020-02-02,2020020201020413,GLICL,41,33,50,730.00,"36,500.00"
2020-02-02,2020020201020412,GLICL,7,33,200,730.00,"146,000.00"
2020-02-02,2020020201020411,GLICL,43,33,100,731.00,"73,100.00"
2020-02-02,2020020201020410,GLICL,26,33,200,731.00,"146,200.00"
2020-02-02,2020020201020380,GLICL,26,33,60,735.00,"44,100.00"
2020-02-02,2020020201020298,GLICL,50,33,200,732.00,"146,400.00"
2020-02-02,2020020201020342,GMFIL,34,34,180,132.00,"23,760.00"
2020-02-02,2020020201020341,GMFIL,37,34,500,132.00,"66,000.00"
2020-02-02,2020020201020319,GMFIL,39,34,320,133.00,"42,560.00"
2020-02-02,2020020201020171,GMFIL,55,4,58,135.00,"7,830.00"
2020-02-02,2020020201020170,GMFIL,55,14,942,135.00,"127,170.00"
2020-02-02,2020020201020575,HBL,32,6,10,522.00,"5,220.00"
2020-02-02,2020020201020500,HBL,34,8,106,514.00,"54,484.00"
2020-02-02,2020020201020615,HDL,49,58,10,"1,225.00","12,250.00"
2020-02-02,2020020201020417,HDL,57,53,50,"1,220.00","61,000.00"
2020-02-02,2020020201020416,HDL,45,53,150,"1,220.00","183,000.00"
2020-02-02,2020020201020368,HDL,45,14,50,"1,220.00","61,000.00"
2020-02-02,2020020201020331,HDL,8,48,100,"1,222.00","122,200.00"
2020-02-02,2020020201020291,HDL,46,59,200,"1,224.00","244,800.00"
2020-02-02,2020020201020260,HDL,58,52,100,"1,224.00","122,400.00"
2020-02-02,2020020201020566,HGI,33,13,10,423.00,"4,230.00"
2020-02-02,2020020201020502,HGI,51,34,50,421.00,"21,050.00"
2020-02-02,2020020201020470,HGI,51,51,140,421.00,"58,940.00"
2020-02-02,2020020201020469,HGI,41,51,60,422.00,"25,320.00"
2020-02-02,2020020201020405,HGI,41,42,40,422.00,"16,880.00"
2020-02-02,2020020201020246,HGI,34,8,210,422.00,"88,620.00"
2020-02-02,2020020201020142,HGI,20,13,100,421.00,"42,100.00"
2020-02-02,2020020201020535,HIDCL,57,47,10,138.00,"1,380.00"
2020-02-02,2020020201020462,HIDCL,57,47,10,138.00,"1,380.00"
2020-02-02,2020020201020389,HIDCL,57,47,10,138.00,"1,380.00"
2020-02-02,2020020201020599,HURJA,50,49,200,110.00,"22,000.00"
2020-02-02,2020020201020429,HURJA,17,52,20,109.00,"2,180.00"
2020-02-02,2020020201020428,HURJA,17,28,20,109.00,"2,180.00"
2020-02-02,2020020201020427,HURJA,17,17,20,108.00,"2,160.00"
2020-02-02,2020020201020426,HURJA,17,8,10,108.00,"1,080.00"
2020-02-02,2020020201020614,IGI,13,45,280,435.00,"121,800.00"
2020-02-02,2020020201020446,IGI,13,14,25,435.00,"10,875.00"
2020-02-02,2020020201020526,ILBS,49,43,10,820.00,"8,200.00"
2020-02-02,2020020201020493,ILBS,49,6,50,815.00,"40,750.00"
2020-02-02,2020020201020233,ILBS,45,42,150,811.00,"121,650.00"
2020-02-02,2020020201020363,JBBL,58,13,200,189.00,"37,800.00"
2020-02-02,2020020201020362,JBBL,58,49,319,189.00,"60,291.00"
2020-02-02,2020020201020610,JFL,42,32,10,190.00,"1,900.00"
2020-02-02,2020020201020603,JSLBB,17,55,50,"1,633.00","81,650.00"
2020-02-02,2020020201020561,JSLBB,17,59,50,"1,630.00","81,500.00"
2020-02-02,2020020201020560,JSLBB,17,58,10,"1,629.00","16,290.00"
2020-02-02,2020020201020518,JSLBB,36,34,200,"1,620.00","324,000.00"
2020-02-02,2020020201020460,JSLBB,36,45,20,"1,619.00","32,380.00"
2020-02-02,2020020201020459,JSLBB,36,28,82,"1,618.00","132,676.00"
2020-02-02,2020020201020323,JSLBB,47,28,100,"1,618.00","161,800.00"
2020-02-02,2020020201020201,JSLBB,42,28,18,"1,618.00","29,124.00"
2020-02-02,2020020201020200,JSLBB,42,44,12,"1,617.00","19,404.00"
2020-02-02,2020020201020423,KBL,1,28,650,198.00,"128,700.00"
2020-02-02,2020020201020422,KBL,58,28,"3,000",198.00,"594,000.00"
2020-02-02,2020020201020421,KBL,34,28,"1,300",198.00,"257,400.00"
2020-02-02,2020020201020187,KBL,32,11,39,198.00,"7,722.00"
2020-02-02,2020020201020219,KBL,47,28,"2,000",199.00,"398,000.00"
2020-02-02,2020020201020218,KBL,47,32,500,199.00,"99,500.00"
2020-02-02,2020020201020217,KBL,47,32,500,199.00,"99,500.00"
2020-02-02,2020020201020216,KBL,47,35,23,199.00,"4,577.00"
2020-02-02,2020020201020215,KBL,47,44,661,199.00,"131,539.00"
2020-02-02,2020020201020188,KBL,46,11,161,198.00,"31,878.00"
2020-02-02,2020020201020420,KBL,34,28,"1,000",198.00,"198,000.00"
2020-02-02,2020020201020419,KBL,46,28,39,198.00,"7,722.00"
2020-02-02,2020020201020223,KBL,47,41,274,200.00,"54,800.00"
2020-02-02,2020020201020222,KBL,47,22,272,200.00,"54,400.00"
2020-02-02,2020020201020221,KBL,47,34,747,200.00,"149,400.00"
2020-02-02,2020020201020220,KBL,47,28,"4,000",200.00,"800,000.00"
2020-02-02,2020020201020511,LBBL,40,53,151,194.00,"29,294.00"
2020-02-02,2020020201020506,LBL,19,28,500,228.00,"114,000.00"
2020-02-02,2020020201020337,LBL,13,11,100,227.00,"22,700.00"
2020-02-02,2020020201020556,LGIL,56,52,200,474.00,"94,800.00"
2020-02-02,2020020201020491,LICN,28,58,12,"1,250.00","15,000.00"
2020-02-02,2020020201020382,LICN,25,38,10,"1,251.00","12,510.00"
2020-02-02,2020020201020283,LICN,28,40,150,"1,250.00","187,500.00"
2020-02-02,2020020201020180,LICN,28,38,12,"1,251.00","15,012.00"
2020-02-02,2020020201020367,LLBS,16,51,200,"1,061.00","212,200.00"
2020-02-02,2020020201020631,MBL,39,38,200,240.00,"48,000.00"
2020-02-02,2020020201020586,MBL,42,38,197,240.00,"47,280.00"
2020-02-02,2020020201020574,MBL,19,38,500,240.00,"120,000.00"
2020-02-02,2020020201020495,MBL,1,38,200,240.00,"48,000.00"
2020-02-02,2020020201020373,MBL,42,11,100,239.00,"23,900.00"
2020-02-02,2020020201020232,MEGA,36,42,48,205.00,"9,840.00"
2020-02-02,2020020201020231,MEGA,36,49,"1,000",205.00,"205,000.00"
2020-02-02,2020020201020230,MEGA,36,36,500,205.00,"102,500.00"
2020-02-02,2020020201020229,MEGA,36,56,500,205.00,"102,500.00"
2020-02-02,2020020201020181,MEGA,43,54,10,204.00,"2,040.00"
2020-02-02,2020020201020228,MEGA,36,57,250,205.00,"51,250.00"
2020-02-02,2020020201020227,MEGA,36,51,947,205.00,"194,135.00"
2020-02-02,2020020201020226,MEGA,36,22,100,204.00,"20,400.00"
2020-02-02,2020020201020225,MEGA,36,35,200,204.00,"40,800.00"
2020-02-02,2020020201020224,MEGA,36,54,55,204.00,"11,220.00"
2020-02-02,2020020201020633,MFIL,56,34,10,197.00,"1,970.00"
2020-02-02,2020020201020424,MFIL,37,3,10,196.00,"1,960.00"
2020-02-02,2020020201020157,MFIL,3,34,17,197.00,"3,349.00"
2020-02-02,2020020201020145,MFIL,43,38,10,198.00,"1,980.00"
2020-02-02,2020020201020409,MLBBL,1,48,10,801.00,"8,010.00"
2020-02-02,2020020201020519,MNBBL,48,55,100,330.00,"33,000.00"
2020-02-02,2020020201020533,MPFL,35,34,100,153.00,"15,300.00"
2020-02-02,2020020201020450,MSMBS,49,53,10,770.00,"7,700.00"
2020-02-02,2020020201020496,NABIL,42,11,20,752.00,"15,040.00"
2020-02-02,2020020201020308,NABIL,32,41,40,750.00,"30,000.00"
2020-02-02,2020020201020307,NABIL,36,41,100,751.00,"75,100.00"
2020-02-02,2020020201020609,NADEP,48,54,77,718.00,"55,286.00"
2020-02-02,2020020201020608,NADEP,48,16,23,717.00,"16,491.00"
2020-02-02,2020020201020261,NADEP,57,51,23,712.00,"16,376.00"
2020-02-02,2020020201020176,NADEP,16,51,23,712.00,"16,376.00"
2020-02-02,2020020201020611,NBB,45,53,100,214.00,"21,400.00"
2020-02-02,2020020201020601,NBB,4,52,200,213.00,"42,600.00"
2020-02-02,2020020201020415,NBB,4,40,"2,000",213.00,"426,000.00"
2020-02-02,2020020201020238,NBB,4,19,"1,000",213.00,"213,000.00"
2020-02-02,2020020201020553,NBL,33,42,20,274.00,"5,480.00"
2020-02-02,2020020201020532,NBL,17,42,100,274.00,"27,400.00"
2020-02-02,2020020201020381,NBL,34,42,100,274.00,"27,400.00"
2020-02-02,2020020201020326,NBL,43,42,100,274.00,"27,400.00"
2020-02-02,2020020201020582,NCCB,32,35,100,201.00,"20,100.00"
2020-02-02,2020020201020581,NCCB,44,35,21,201.00,"4,221.00"
2020-02-02,2020020201020531,NHPC,58,48,10,54.00,540.00
2020-02-02,2020020201020521,NIB,55,38,409,397.00,"162,373.00"
2020-02-02,2020020201020520,NIB,55,1,91,397.00,"36,127.00"
2020-02-02,2020020201020505,NIBPO,14,4,200,357.00,"71,400.00"
2020-02-02,2020020201020504,NIBPO,34,4,500,357.00,"178,500.00"
2020-02-02,2020020201020503,NIBPO,59,4,300,357.00,"107,100.00"
2020-02-02,2020020201020192,NIBPO,44,4,"1,000",358.00,"358,000.00"
2020-02-02,2020020201020191,NIBPO,1,4,80,358.00,"28,640.00"
2020-02-02,2020020201020190,NIBPO,8,4,500,360.00,"180,000.00"
2020-02-02,2020020201020507,NIBSF1,7,50,"10,910",9.55,"104,190.50"
2020-02-02,2020020201020485,NICA,35,56,"1,000",492.00,"492,000.00"
2020-02-02,2020020201020484,NICA,35,22,500,492.00,"246,000.00"
2020-02-02,2020020201020483,NICA,35,51,100,492.00,"49,200.00"
2020-02-02,2020020201020482,NICA,35,39,10,492.00,"4,920.00"
2020-02-02,2020020201020481,NICA,35,22,400,492.00,"196,800.00"
2020-02-02,2020020201020480,NICA,35,51,110,492.00,"54,120.00"
2020-02-02,2020020201020321,NICA,19,29,144,490.00,"70,560.00"
2020-02-02,2020020201020320,NICA,19,16,120,490.00,"58,800.00"
2020-02-02,2020020201020149,NICA,1,16,30,490.00,"14,700.00"
2020-02-02,2020020201020148,NICA,1,18,100,490.00,"49,000.00"
2020-02-02,2020020201020147,NICA,1,44,110,490.00,"53,900.00"
2020-02-02,2020020201020146,NICA,1,35,70,490.00,"34,300.00"
2020-02-02,2020020201020473,NICA,35,28,"1,000",491.00,"491,000.00"
2020-02-02,2020020201020458,NICA,19,55,34,490.00,"16,660.00"
2020-02-02,2020020201020457,NICA,22,55,66,490.00,"32,340.00"
2020-02-02,2020020201020436,NICA,22,51,44,490.00,"21,560.00"
2020-02-02,2020020201020435,NICA,19,51,36,490.00,"17,640.00"
2020-02-02,2020020201020322,NICA,19,57,200,490.00,"98,000.00"
2020-02-02,2020020201020479,NICA,35,16,100,492.00,"49,200.00"
2020-02-02,2020020201020478,NICA,35,51,50,492.00,"24,600.00"
2020-02-02,2020020201020477,NICA,35,4,50,492.00,"24,600.00"
2020-02-02,2020020201020476,NICA,35,3,100,492.00,"49,200.00"
2020-02-02,2020020201020475,NICA,35,58,145,491.00,"71,195.00"
2020-02-02,2020020201020474,NICA,35,6,100,491.00,"49,100.00"
2020-02-02,2020020201020527,NICL,10,42,10,427.00,"4,270.00"
2020-02-02,2020020201020403,NICL,17,37,83,421.00,"34,943.00"
2020-02-02,2020020201020385,NICL,43,42,10,427.00,"4,270.00"
2020-02-02,2020020201020340,NICL,11,45,300,422.00,"126,600.00"
2020-02-02,2020020201020237,NICL,44,11,50,426.00,"21,300.00"
2020-02-02,2020020201020236,NICL,44,26,50,425.00,"21,250.00"
2020-02-02,2020020201020235,NICL,44,6,40,425.00,"17,000.00"
2020-02-02,2020020201020167,NICL,44,28,500,423.00,"211,500.00"
2020-02-02,2020020201020166,NICL,44,46,190,422.00,"80,180.00"
2020-02-02,2020020201020152,NICL,44,14,500,421.00,"210,500.00"
2020-02-02,2020020201020634,NIL,50,22,500,533.00,"266,500.00"
2020-02-02,2020020201020379,NIL,50,21,33,532.00,"17,556.00"
2020-02-02,2020020201020378,NIL,16,21,500,532.00,"266,000.00"
2020-02-02,2020020201020316,NIL,26,21,300,532.00,"159,600.00"
2020-02-02,2020020201020315,NIL,26,47,"1,000",530.00,"530,000.00"
2020-02-02,2020020201020314,NIL,26,35,200,530.00,"106,000.00"
2020-02-02,2020020201020292,NIL,40,25,100,528.00,"52,800.00"
2020-02-02,2020020201020398,NLBBL,40,32,100,782.00,"78,200.00"
2020-02-02,2020020201020262,NLBBL,42,22,100,785.00,"78,500.00"
2020-02-02,2020020201020158,NLG,26,46,10,880.00,"8,800.00"
2020-02-02,2020020201020351,NLIC,5,50,100,"1,133.00","113,300.00"
2020-02-02,2020020201020313,NLIC,16,40,50,"1,128.00","56,400.00"
2020-02-02,2020020201020312,NLIC,20,40,100,"1,128.00","112,800.00"
2020-02-02,2020020201020311,NLIC,42,40,50,"1,128.00","56,400.00"
2020-02-02,2020020201020259,NLIC,5,28,10,"1,134.00","11,340.00"
2020-02-02,2020020201020258,NLIC,5,19,40,"1,134.00","45,360.00"
2020-02-02,2020020201020257,NLIC,5,39,50,"1,133.00","56,650.00"
2020-02-02,2020020201020178,NLIC,49,35,16,"1,132.00","18,112.00"
2020-02-02,2020020201020162,NLIC,57,39,22,"1,133.00","24,926.00"
2020-02-02,2020020201020449,NLICL,34,4,50,662.00,"33,100.00"
2020-02-02,2020020201020359,NLICL,43,16,10,664.00,"6,640.00"
2020-02-02,2020020201020254,NLICL,59,34,450,662.00,"297,900.00"
2020-02-02,2020020201020253,NLICL,59,43,200,661.00,"132,200.00"
2020-02-02,2020020201020252,NLICL,59,49,22,660.00,"14,520.00"
2020-02-02,2020020201020464,NMB,43,48,345,370.00,"127,650.00"
2020-02-02,2020020201020463,NMB,34,48,155,370.00,"57,350.00"
2020-02-02,2020020201020347,NMB,34,4,145,370.00,"53,650.00"
2020-02-02,2020020201020445,NMBMF,50,34,31,924.00,"28,644.00"
2020-02-02,2020020201020444,NMBMF,50,51,50,924.00,"46,200.00"
2020-02-02,2020020201020443,NMBMF,50,45,22,923.00,"20,306.00"
2020-02-02,2020020201020244,NMBMF,52,7,81,915.00,"74,115.00"
2020-02-02,2020020201020161,NSEWA,58,29,10,713.00,"7,130.00"
2020-02-02,2020020201020616,OHL,34,45,10,528.00,"5,280.00"
2020-02-02,2020020201020494,OHL,56,35,13,525.00,"6,825.00"
2020-02-02,2020020201020372,OHL,56,48,400,520.00,"208,000.00"
2020-02-02,2020020201020630,PCBL,1,57,100,284.00,"28,400.00"
2020-02-02,2020020201020439,PCBL,57,57,500,284.00,"142,000.00"
2020-02-02,2020020201020243,PCBL,34,57,198,284.00,"56,232.00"
2020-02-02,2020020201020242,PCBL,34,14,302,284.00,"85,768.00"
2020-02-02,2020020201020358,PFL,51,36,385,161.00,"61,985.00"
2020-02-02,2020020201020498,PIC,33,22,22,575.00,"12,650.00"
2020-02-02,2020020201020397,PIC,33,55,20,575.00,"11,500.00"
2020-02-02,2020020201020396,PIC,33,3,50,575.00,"28,750.00"
2020-02-02,2020020201020395,PIC,33,48,90,575.00,"51,750.00"
2020-02-02,2020020201020394,PIC,33,48,50,575.00,"28,750.00"
2020-02-02,2020020201020393,PIC,33,28,18,575.00,"10,350.00"
2020-02-02,2020020201020392,PIC,33,37,50,574.00,"28,700.00"
2020-02-02,2020020201020343,PIC,56,35,300,570.00,"171,000.00"
2020-02-02,2020020201020302,PIC,33,50,50,570.00,"28,500.00"
2020-02-02,2020020201020301,PIC,33,52,100,570.00,"57,000.00"
2020-02-02,2020020201020300,PIC,33,50,50,570.00,"28,500.00"
2020-02-02,2020020201020514,PLIC,34,17,50,570.00,"28,500.00"
2020-02-02,2020020201020626,PRIN,58,42,280,454.00,"127,120.00"
2020-02-02,2020020201020625,PRIN,58,58,20,454.00,"9,080.00"
2020-02-02,2020020201020624,PRIN,58,36,300,454.00,"136,200.00"
2020-02-02,2020020201020623,PRIN,58,6,100,454.00,"45,400.00"
2020-02-02,2020020201020622,PRIN,58,41,50,454.00,"22,700.00"
2020-02-02,2020020201020621,PRIN,58,33,50,453.00,"22,650.00"
2020-02-02,2020020201020303,PRIN,58,51,400,449.00,"179,600.00"
2020-02-02,2020020201020276,PRIN,58,47,100,450.00,"45,000.00"
2020-02-02,2020020201020240,PRIN,34,47,251,450.00,"112,950.00"
2020-02-02,2020020201020239,PRIN,34,40,249,450.00,"112,050.00"
2020-02-02,2020020201020168,PRIN,58,40,200,450.00,"90,000.00"
2020-02-02,2020020201020159,PRIN,39,17,100,449.00,"44,900.00"
2020-02-02,2020020201020336,PRIN,58,1,21,450.00,"9,450.00"
2020-02-02,2020020201020335,PRIN,58,16,200,450.00,"90,000.00"
2020-02-02,2020020201020334,PRIN,58,41,249,450.00,"112,050.00"
2020-02-02,2020020201020333,PRIN,58,26,30,449.00,"13,470.00"
2020-02-02,2020020201020305,PRIN,58,41,51,450.00,"22,950.00"
2020-02-02,2020020201020304,PRIN,58,47,149,450.00,"67,050.00"
2020-02-02,2020020201020357,PRIN,48,34,273,450.00,"122,850.00"
2020-02-02,2020020201020356,PRIN,48,43,30,450.00,"13,500.00"
2020-02-02,2020020201020355,PRIN,48,42,129,450.00,"58,050.00"
2020-02-02,2020020201020354,PRIN,48,47,568,450.00,"255,600.00"
2020-02-02,2020020201020353,PRIN,39,42,221,450.00,"99,450.00"
2020-02-02,2020020201020352,PRIN,39,1,179,450.00,"80,550.00"
2020-02-02,2020020201020537,PRIN,51,51,30,448.00,"13,440.00"
2020-02-02,2020020201020501,PRIN,34,44,118,451.00,"53,218.00"
2020-02-02,2020020201020407,PRIN,34,29,100,451.00,"45,100.00"
2020-02-02,2020020201020376,PRIN,34,34,"1,000",451.00,"451,000.00"
2020-02-02,2020020201020375,PRIN,34,55,55,450.00,"24,750.00"
2020-02-02,2020020201020374,PRIN,34,34,227,450.00,"102,150.00"
2020-02-02,2020020201020620,PRIN,58,14,50,453.00,"22,650.00"
2020-02-02,2020020201020619,PRIN,58,34,"1,000",452.00,"452,000.00"
2020-02-02,2020020201020618,PRIN,58,49,50,452.00,"22,600.00"
2020-02-02,2020020201020617,PRIN,58,57,100,451.00,"45,100.00"
2020-02-02,2020020201020549,PRIN,34,44,482,451.00,"217,382.00"
2020-02-02,2020020201020538,PRIN,25,51,870,446.00,"388,020.00"
2020-02-02,2020020201020635,PRVU,19,4,10,264.00,"2,640.00"
2020-02-02,2020020201020548,PRVU,14,35,75,263.00,"19,725.00"
2020-02-02,2020020201020547,PRVU,14,4,115,263.00,"30,245.00"
2020-02-02,2020020201020515,PRVU,35,52,250,262.00,"65,500.00"
2020-02-02,2020020201020288,PRVU,14,4,500,263.00,"131,500.00"
2020-02-02,2020020201020287,PRVU,1,4,680,263.00,"178,840.00"
2020-02-02,2020020201020286,PRVU,8,4,"1,085",263.00,"285,355.00"
2020-02-02,2020020201020256,PRVU,8,52,100,263.00,"26,300.00"
2020-02-02,2020020201020437,PRVU,35,53,"1,000",262.00,"262,000.00"
2020-02-02,2020020201020387,PRVU,14,4,300,263.00,"78,900.00"
2020-02-02,2020020201020360,PRVU,35,38,"1,000",262.00,"262,000.00"
2020-02-02,2020020201020299,PRVU,32,4,200,263.00,"52,600.00"
2020-02-02,2020020201020289,PRVU,4,4,120,263.00,"31,560.00"
2020-02-02,2020020201020365,RADHI,52,13,12,149.00,"1,788.00"
2020-02-02,2020020201020364,RADHI,52,33,11,149.00,"1,639.00"
2020-02-02,2020020201020522,RBCL,56,56,20,"9,000.00","180,000.00"
2020-02-02,2020020201020594,RBCLPO,7,19,10,"8,500.00","85,000.00"
2020-02-02,2020020201020441,RBCLPO,49,38,10,"8,588.00","85,880.00"
2020-02-02,2020020201020309,RBCLPO,7,8,10,"8,500.00","85,000.00"
2020-02-02,2020020201020264,RBCLPO,34,8,20,"8,500.00","170,000.00"
2020-02-02,2020020201020490,RHPC,57,40,500,77.00,"38,500.00"
2020-02-02,2020020201020461,RHPL,11,17,40,164.00,"6,560.00"
2020-02-02,2020020201020448,RHPL,11,45,18,164.00,"2,952.00"
2020-02-02,2020020201020447,RHPL,45,45,22,164.00,"3,608.00"
2020-02-02,2020020201020177,RHPL,45,45,40,164.00,"6,560.00"
2020-02-02,2020020201020280,RLFL,57,28,10,139.00,"1,390.00"
2020-02-02,2020020201020632,RMDC,52,45,100,688.00,"68,800.00"
2020-02-02,2020020201020251,RMDC,14,46,500,685.00,"342,500.00"
2020-02-02,2020020201020250,RMDC,14,42,33,685.00,"22,605.00"
2020-02-02,2020020201020249,RMDC,14,25,50,682.00,"34,100.00"
2020-02-02,2020020201020248,RMDC,14,32,26,680.00,"17,680.00"
2020-02-02,2020020201020247,RMDC,14,43,107,680.00,"72,760.00"
2020-02-02,2020020201020593,RSDC,45,49,100,489.00,"48,900.00"
2020-02-02,2020020201020402,RSDC,46,45,100,488.00,"48,800.00"
2020-02-02,2020020201020400,RSDC,41,45,63,489.00,"30,807.00"
2020-02-02,2020020201020193,RSDC,46,43,180,488.00,"87,840.00"
2020-02-02,2020020201020175,RSDC,57,43,290,488.00,"141,520.00"
2020-02-02,2020020201020174,RSDC,57,41,180,488.00,"87,840.00"
2020-02-02,2020020201020173,RSDC,57,44,30,487.00,"14,610.00"
2020-02-02,2020020201020559,SABSL,17,59,228,867.00,"197,676.00"
2020-02-02,2020020201020558,SABSL,39,59,80,868.00,"69,440.00"
2020-02-02,2020020201020557,SABSL,18,59,12,885.00,"10,620.00"
2020-02-02,2020020201020408,SABSL,39,59,120,868.00,"104,160.00"
2020-02-02,2020020201020241,SABSL,39,59,60,868.00,"52,080.00"
2020-02-02,2020020201020140,SABSL,7,59,200,868.00,"173,600.00"
2020-02-02,2020020201020139,SABSL,26,59,100,868.00,"86,800.00"
2020-02-02,2020020201020138,SABSL,19,59,100,869.00,"86,900.00"
2020-02-02,2020020201020137,SABSL,18,59,160,871.00,"139,360.00"
2020-02-02,2020020201020136,SABSL,58,59,100,872.00,"87,200.00"
2020-02-02,2020020201020569,SANIMA,48,32,10,355.00,"3,550.00"
2020-02-02,2020020201020453,SANIMA,4,32,"1,000",355.00,"355,000.00"
2020-02-02,2020020201020275,SCB,46,5,12,628.00,"7,536.00"
2020-02-02,2020020201020274,SCB,46,5,40,625.00,"25,000.00"
2020-02-02,2020020201020234,SCB,46,49,490,624.00,"305,760.00"
2020-02-02,2020020201020150,SCB,16,52,200,622.00,"124,400.00"
2020-02-02,2020020201020530,SDESI,35,25,10,887.00,"8,870.00"
2020-02-02,2020020201020350,SDESI,40,26,170,871.00,"148,070.00"
2020-02-02,2020020201020349,SDESI,35,26,30,872.00,"26,160.00"
2020-02-02,2020020201020612,SHINE,34,4,100,262.00,"26,200.00"
2020-02-02,2020020201020141,SHINE,48,4,500,262.00,"131,000.00"
2020-02-02,2020020201020245,SHINE,4,57,400,261.00,"104,400.00"
2020-02-02,2020020201020564,SHIVM,19,48,980,535.00,"524,300.00"
2020-02-02,2020020201020563,SHIVM,19,25,"1,020",535.00,"545,700.00"
2020-02-02,2020020201020517,SHIVM,50,35,200,536.00,"107,200.00"
2020-02-02,2020020201020155,SHIVM,25,13,250,536.00,"134,000.00"
2020-02-02,2020020201020154,SHIVM,25,43,250,536.00,"134,000.00"
2020-02-02,2020020201020153,SHIVM,26,43,250,536.00,"134,000.00"
2020-02-02,2020020201020269,SHIVM,25,44,220,538.00,"118,360.00"
2020-02-02,2020020201020268,SHIVM,25,35,100,538.00,"53,800.00"
2020-02-02,2020020201020267,SHIVM,25,37,200,538.00,"107,600.00"
2020-02-02,2020020201020266,SHIVM,25,35,100,538.00,"53,800.00"
2020-02-02,2020020201020172,SHIVM,50,52,50,537.00,"26,850.00"
2020-02-02,2020020201020156,SHIVM,25,45,600,536.00,"321,600.00"
2020-02-02,2020020201020438,SHIVM,25,35,50,536.00,"26,800.00"
2020-02-02,2020020201020425,SHIVM,25,44,100,538.00,"53,800.00"
2020-02-02,2020020201020406,SHIVM,25,43,200,536.00,"107,200.00"
2020-02-02,2020020201020332,SHIVM,45,53,10,539.00,"5,390.00"
2020-02-02,2020020201020270,SHIVM,25,22,400,538.00,"215,200.00"
2020-02-02,2020020201020516,SHIVM,50,35,10,536.00,"5,360.00"
2020-02-02,2020020201020492,SHIVM,50,35,40,536.00,"21,440.00"
2020-02-02,2020020201020607,SHPC,56,57,162,200.00,"32,400.00"
2020-02-02,2020020201020606,SHPC,34,57,200,200.00,"40,000.00"
2020-02-02,2020020201020605,SHPC,34,57,100,200.00,"20,000.00"
2020-02-02,2020020201020604,SHPC,29,57,38,200.00,"7,600.00"
2020-02-02,2020020201020499,SHPC,25,34,113,201.00,"22,713.00"
2020-02-02,2020020201020388,SIC,34,56,10,739.00,"7,390.00"
2020-02-02,2020020201020339,SIC,25,37,20,733.00,"14,660.00"
2020-02-02,2020020201020338,SIC,34,37,30,735.00,"22,050.00"
2020-02-02,2020020201020584,SICL,5,5,10,"1,165.00","11,650.00"
2020-02-02,2020020201020509,SICL,50,5,15,"1,160.00","17,400.00"
2020-02-02,2020020201020508,SICL,5,5,10,"1,163.00","11,630.00"
2020-02-02,2020020201020472,SICL,58,50,200,"1,164.00","232,800.00"
2020-02-02,2020020201020471,SICL,58,56,100,"1,163.00","116,300.00"
2020-02-02,2020020201020391,SICL,50,56,77,"1,160.00","89,320.00"
2020-02-02,2020020201020390,SICL,58,56,123,"1,160.00","142,680.00"
2020-02-02,2020020201020317,SIL,34,35,"1,000",580.00,"580,000.00"
2020-02-02,2020020201020198,SIL,4,35,170,580.00,"98,600.00"
2020-02-02,2020020201020197,SIL,4,52,100,580.00,"58,000.00"
2020-02-02,2020020201020196,SIL,4,25,100,580.00,"58,000.00"
2020-02-02,2020020201020195,SIL,4,44,500,580.00,"290,000.00"
2020-02-02,2020020201020194,SIL,4,33,130,580.00,"75,400.00"
2020-02-02,2020020201020164,SIL,25,33,20,580.00,"11,600.00"
2020-02-02,2020020201020163,SIL,25,25,180,579.00,"104,220.00"
2020-02-02,2020020201020467,SJCL,25,45,20,156.00,"3,120.00"
2020-02-02,2020020201020290,SJCL,21,26,200,156.00,"31,200.00"
2020-02-02,2020020201020214,SJCL,32,45,20,155.00,"3,100.00"
2020-02-02,2020020201020562,SKBBL,49,57,10,986.00,"9,860.00"
2020-02-02,2020020201020296,SKBBL,49,36,300,986.00,"295,800.00"
2020-02-02,2020020201020295,SKBBL,55,36,200,987.00,"197,400.00"
2020-02-02,2020020201020294,SKBBL,49,36,200,987.00,"197,400.00"
2020-02-02,2020020201020293,SKBBL,40,36,300,988.00,"296,400.00"
2020-02-02,2020020201020179,SLBBL,22,54,20,868.00,"17,360.00"
2020-02-02,2020020201020589,SLBSL,41,45,10,840.00,"8,400.00"
2020-02-02,2020020201020588,SLBSL,41,37,10,840.00,"8,400.00"
2020-02-02,2020020201020555,SLICL,28,58,951,470.00,"446,970.00"
2020-02-02,2020020201020554,SLICL,28,36,49,469.00,"22,981.00"
2020-02-02,2020020201020513,SLICL,28,36,500,469.00,"234,500.00"
2020-02-02,2020020201020186,SLICL,52,45,200,469.00,"93,800.00"
2020-02-02,2020020201020185,SLICL,42,45,100,469.00,"46,900.00"
2020-02-02,2020020201020184,SLICL,26,45,100,469.00,"46,900.00"
2020-02-02,2020020201020456,SLICL,25,36,300,469.00,"140,700.00"
2020-02-02,2020020201020452,SLICL,32,36,50,469.00,"23,450.00"
2020-02-02,2020020201020404,SLICL,34,36,101,469.00,"47,369.00"
2020-02-02,2020020201020348,SLICL,21,58,751,470.00,"352,970.00"
2020-02-02,2020020201020325,SLICL,52,58,100,469.00,"46,900.00"
2020-02-02,2020020201020324,SLICL,17,58,100,470.00,"47,000.00"
2020-02-02,2020020201020440,SMATA,59,33,100,791.00,"79,100.00"
2020-02-02,2020020201020366,SMATA,46,45,100,795.00,"79,500.00"
2020-02-02,2020020201020207,SMFBS,26,21,100,"1,010.00","101,000.00"
2020-02-02,2020020201020206,SMFBS,26,6,50,"1,009.00","50,450.00"
2020-02-02,2020020201020205,SMFBS,26,41,100,"1,005.00","100,500.00"
2020-02-02,2020020201020204,SMFBS,26,5,50,"1,000.00","50,000.00"
2020-02-02,2020020201020430,SMFDB,6,7,400,800.00,"320,000.00"
2020-02-02,2020020201020278,SMFDB,5,17,100,799.00,"79,900.00"
2020-02-02,2020020201020277,SMFDB,5,25,38,798.00,"30,324.00"
2020-02-02,2020020201020595,SRBL,52,44,50,257.00,"12,850.00"
2020-02-02,2020020201020433,SRBL,44,25,990,256.00,"253,440.00"
2020-02-02,2020020201020432,SRBL,44,17,"1,000",256.00,"256,000.00"
2020-02-02,2020020201020431,SRBL,44,39,163,256.00,"41,728.00"
2020-02-02,2020020201020318,SRBL,46,17,100,256.00,"25,600.00"
2020-02-02,2020020201020310,STC,49,51,200,"2,405.00","481,000.00"
2020-02-02,2020020201020592,SWBBL,14,56,10,"1,124.00","11,240.00"
2020-02-02,2020020201020585,SWBBL,34,56,10,"1,124.00","11,240.00"
2020-02-02,2020020201020344,SWBBL,22,45,70,"1,110.00","77,700.00"
2020-02-02,2020020201020465,UNL,3,7,10,"19,050.00","190,500.00"
2020-02-02,2020020201020552,UPCL,29,32,50,74.00,"3,700.00"
2020-02-02,2020020201020536,UPPER,1,14,100,244.00,"24,400.00"
2020-02-02,2020020201020510,UPPER,55,45,40,243.00,"9,720.00"
2020-02-02,2020020201020281,UPPER,25,14,20,244.00,"4,880.00"
2020-02-02,2020020201020279,UPPER,37,19,500,243.00,"121,500.00"
2020-02-02,2020020201020144,UPPER,50,45,50,242.00,"12,100.00"
2020-02-02,2020020201020602,VLBS,49,33,167,997.00,"166,499.00"
2020-02-02,2020020201020551,VLBS,7,58,87,999.00,"86,913.00"
2020-02-02,2020020201020550,VLBS,7,16,13,999.00,"12,987.00"
2020-02-02,2020020201020418,VLBS,46,13,66,989.00,"65,274.00"
2020-02-02,2020020201020489,VLBS,49,40,200,997.00,"199,400.00"
2020-02-02,2020020201020488,VLBS,49,16,13,995.00,"12,935.00"
2020-02-02,2020020201020487,VLBS,49,14,90,995.00,"89,550.00"
2020-02-02,2020020201020486,VLBS,49,25,30,990.00,"29,700.00"
2020-02-02,2020020201020543,WOMI,56,58,10,"1,033.00","10,330.00"
2020-02-02,2020020201020497,WOMI,34,58,10,"1,033.00","10,330.00"
2020-02-02,2020020201020455,WOMI,34,58,377,"1,033.00","389,441.00"
2020-02-02,2020020201020297,WOMI,34,48,50,"1,032.00","51,600.00"
2020-02-02,2020020201019800,ADBL,53,42,100,392.00,"39,200.00"
2020-02-02,2020020201019799,ADBL,53,49,500,392.00,"196,000.00"
2020-02-02,2020020201019798,ADBL,53,52,305,392.00,"119,560.00"
2020-02-02,2020020201019797,ADBL,53,59,50,391.00,"19,550.00"
2020-02-02,2020020201019796,ADBL,53,53,100,391.00,"39,100.00"
2020-02-02,2020020201019795,ADBL,53,43,155,391.00,"60,605.00"
2020-02-02,2020020201019727,AHPC,6,55,250,96.00,"24,000.00"
2020-02-02,2020020201019726,AHPC,35,55,884,96.00,"84,864.00"
2020-02-02,2020020201019676,AKPL,45,40,500,120.00,"60,000.00"
2020-02-02,2020020201019675,AKPL,59,40,"4,000",120.00,"480,000.00"
2020-02-02,2020020201019674,AKPL,6,40,"2,000",120.00,"240,000.00"
2020-02-02,2020020201019639,AKPL,6,40,200,121.00,"24,200.00"
2020-02-02,2020020201019638,AKPL,3,40,"2,000",121.00,"242,000.00"
2020-02-02,2020020201019637,AKPL,1,40,"4,000",121.00,"484,000.00"
2020-02-02,2020020201019636,AKPL,8,40,500,121.00,"60,500.00"
2020-02-02,2020020201019673,AKPL,45,40,"3,000",120.00,"360,000.00"
2020-02-02,2020020201019672,AKPL,51,40,15,120.00,"1,800.00"
2020-02-02,2020020201019671,AKPL,51,40,"2,000",120.00,"240,000.00"
2020-02-02,2020020201019642,AKPL,1,40,300,121.00,"36,300.00"
2020-02-02,2020020201019641,AKPL,29,40,"1,000",121.00,"121,000.00"
2020-02-02,2020020201019640,AKPL,19,40,"1,000",121.00,"121,000.00"
2020-02-02,2020020201020018,ALBSL,48,34,120,732.00,"87,840.00"
2020-02-02,2020020201020017,ALBSL,48,48,10,731.00,"7,310.00"
2020-02-02,2020020201019816,ALBSL,37,7,85,730.00,"62,050.00"
2020-02-02,2020020201019846,ALICL,53,37,145,567.00,"82,215.00"
2020-02-02,2020020201019678,ALICL,53,57,20,567.00,"11,340.00"
2020-02-02,2020020201019677,ALICL,53,42,200,567.00,"113,400.00"
2020-02-02,2020020201020103,API,25,40,50,119.00,"5,950.00"
2020-02-02,2020020201020081,API,7,25,670,118.00,"79,060.00"
2020-02-02,2020020201020080,API,19,25,"1,000",118.00,"118,000.00"
2020-02-02,2020020201019837,API,35,40,850,119.00,"101,150.00"
2020-02-02,2020020201019836,API,35,33,470,119.00,"55,930.00"
2020-02-02,2020020201019835,API,35,1,180,119.00,"21,420.00"
2020-02-02,2020020201019739,API,25,1,20,119.00,"2,380.00"
2020-02-02,2020020201019934,BOKL,6,59,900,239.00,"215,100.00"
2020-02-02,2020020201019933,BOKL,6,59,100,239.00,"23,900.00"
2020-02-02,2020020201020012,CBBL,33,16,10,997.00,"9,970.00"
2020-02-02,2020020201019777,CBL,14,35,150,148.00,"22,200.00"
2020-02-02,2020020201019752,CBL,59,26,500,149.00,"74,500.00"
2020-02-02,2020020201020120,CCBL,13,36,106,189.00,"20,034.00"
2020-02-02,2020020201019948,CCBL,13,51,89,189.00,"16,821.00"
2020-02-02,2020020201019662,CCBL,4,25,"1,083",189.00,"204,687.00"
2020-02-02,2020020201019947,CCBL,13,51,400,189.00,"75,600.00"
2020-02-02,2020020201019877,CCBL,58,35,365,188.00,"68,620.00"
2020-02-02,2020020201019876,CCBL,4,35,635,188.00,"119,380.00"
2020-02-02,2020020201019807,CCBL,4,55,11,188.00,"2,068.00"
2020-02-02,2020020201019694,CCBL,4,57,32,188.00,"6,016.00"
2020-02-02,2020020201019663,CCBL,4,25,"4,322",188.00,"812,536.00"
2020-02-02,2020020201019680,CLBSL,40,21,10,975.00,"9,750.00"
2020-02-02,2020020201019898,CZBIL,29,5,320,201.00,"64,320.00"
2020-02-02,2020020201019965,DDBL,44,20,200,856.00,"171,200.00"
2020-02-02,2020020201019964,DDBL,44,1,30,855.00,"25,650.00"
2020-02-02,2020020201019937,DDBL,44,39,200,854.00,"170,800.00"
2020-02-02,2020020201019889,DDBL,41,39,300,854.00,"256,200.00"
2020-02-02,2020020201019861,DDBL,5,1,20,855.00,"17,100.00"
2020-02-02,2020020201019802,DHPL,6,14,10,53.00,530.00
2020-02-02,2020020201019783,EBL,54,4,409,655.00,"267,895.00"
2020-02-02,2020020201019782,EBL,54,48,41,655.00,"26,855.00"
2020-02-02,2020020201019781,EBL,54,43,50,655.00,"32,750.00"
2020-02-02,2020020201019754,EBL,36,52,300,654.00,"196,200.00"
2020-02-02,2020020201019753,EBL,36,47,100,653.00,"65,300.00"
2020-02-02,2020020201019679,EBL,45,54,109,650.00,"70,850.00"
2020-02-02,2020020201020033,EDBL,57,45,444,365.00,"162,060.00"
2020-02-02,2020020201020032,EDBL,57,25,56,365.00,"20,440.00"
2020-02-02,2020020201019936,EDBL,57,25,100,365.00,"36,500.00"
2020-02-02,2020020201019935,EDBL,57,17,100,364.00,"36,400.00"
2020-02-02,2020020201019951,EIC,42,20,200,441.00,"88,200.00"
2020-02-02,2020020201019875,EIC,57,47,445,440.00,"195,800.00"
2020-02-02,2020020201019874,EIC,57,13,200,440.00,"88,000.00"
2020-02-02,2020020201019873,EIC,57,6,100,440.00,"44,000.00"
2020-02-02,2020020201019872,EIC,57,59,55,440.00,"24,200.00"
2020-02-02,2020020201019855,EIC,19,59,60,440.00,"26,400.00"
2020-02-02,2020020201019854,EIC,19,26,100,440.00,"44,000.00"
2020-02-02,2020020201019853,EIC,19,50,40,440.00,"17,600.00"
2020-02-02,2020020201019841,EIC,25,56,150,439.00,"65,850.00"
2020-02-02,2020020201020133,FMDBL,50,13,38,480.00,"18,240.00"
2020-02-02,2020020201020132,FMDBL,50,19,662,480.00,"317,760.00"
2020-02-02,2020020201020124,FMDBL,54,19,40,480.00,"19,200.00"
2020-02-02,2020020201020123,FMDBL,54,29,10,480.00,"4,800.00"
2020-02-02,2020020201020107,FMDBL,50,56,100,479.00,"47,900.00"
2020-02-02,2020020201020106,FMDBL,50,39,260,479.00,"124,540.00"
2020-02-02,2020020201020019,FMDBL,45,52,200,475.00,"95,000.00"
2020-02-02,2020020201019860,FMDBL,45,16,60,475.00,"28,500.00"
2020-02-02,2020020201019859,FMDBL,18,16,30,475.00,"14,250.00"
2020-02-02,2020020201019707,FMDBL,18,48,100,475.00,"47,500.00"
2020-02-02,2020020201019706,FMDBL,18,25,125,475.00,"59,375.00"
2020-02-02,2020020201019705,FMDBL,18,53,245,474.00,"116,130.00"
2020-02-02,2020020201019851,GBBL,19,38,222,235.00,"52,170.00"
2020-02-02,2020020201020024,GBIME,38,8,972,289.00,"280,908.00"
2020-02-02,2020020201020023,GBIME,49,8,28,289.00,"8,092.00"
2020-02-02,2020020201019955,GBIME,49,40,50,290.00,"14,500.00"
2020-02-02,2020020201019660,GBIME,32,40,324,290.00,"93,960.00"
2020-02-02,2020020201019659,GBIME,32,45,76,290.00,"22,040.00"
2020-02-02,2020020201019647,GBIME,32,45,100,290.00,"29,000.00"
2020-02-02,2020020201020122,GBLBS,49,58,985,498.00,"490,530.00"
2020-02-02,2020020201020105,GBLBS,49,42,15,498.00,"7,470.00"
2020-02-02,2020020201019931,GBLBS,44,48,100,498.00,"49,800.00"
2020-02-02,2020020201019930,GBLBS,44,44,100,498.00,"49,800.00"
2020-02-02,2020020201019929,GBLBS,44,50,100,498.00,"49,800.00"
2020-02-02,2020020201019928,GBLBS,44,52,100,498.00,"49,800.00"
2020-02-02,2020020201019896,GBLBS,46,48,40,495.00,"19,800.00"
2020-02-02,2020020201019895,GBLBS,41,48,100,495.00,"49,500.00"
2020-02-02,2020020201019850,GBLBS,44,4,500,497.00,"248,500.00"
2020-02-02,2020020201019780,GBLBS,33,57,10,497.00,"4,970.00"
2020-02-02,2020020201019909,GBLBS,44,57,15,498.00,"7,470.00"
2020-02-02,2020020201019908,GBLBS,44,36,315,498.00,"156,870.00"
2020-02-02,2020020201019907,GBLBS,44,22,200,498.00,"99,600.00"
2020-02-02,2020020201019906,GBLBS,44,41,200,498.00,"99,600.00"
2020-02-02,2020020201019905,GBLBS,44,50,50,498.00,"24,900.00"
2020-02-02,2020020201019904,GBLBS,44,57,541,498.00,"269,418.00"
2020-02-02,2020020201019915,GBLBS,44,36,400,498.00,"199,200.00"
2020-02-02,2020020201019914,GBLBS,44,1,48,498.00,"23,904.00"
2020-02-02,2020020201019913,GBLBS,44,41,50,498.00,"24,900.00"
2020-02-02,2020020201019912,GBLBS,44,56,50,498.00,"24,900.00"
2020-02-02,2020020201019911,GBLBS,44,38,100,498.00,"49,800.00"
2020-02-02,2020020201019910,GBLBS,44,58,190,498.00,"94,620.00"
2020-02-02,2020020201019921,GBLBS,44,13,15,498.00,"7,470.00"
2020-02-02,2020020201019920,GBLBS,44,34,300,498.00,"149,400.00"
2020-02-02,2020020201019919,GBLBS,44,42,"2,400",498.00,"1,195,200.00"
2020-02-02,2020020201019918,GBLBS,44,14,100,498.00,"49,800.00"
2020-02-02,2020020201019917,GBLBS,44,42,403,498.00,"200,694.00"
2020-02-02,2020020201019916,GBLBS,44,16,"1,000",498.00,"498,000.00"
2020-02-02,2020020201019927,GBLBS,44,6,500,498.00,"249,000.00"
2020-02-02,2020020201019926,GBLBS,44,41,20,498.00,"9,960.00"
2020-02-02,2020020201019925,GBLBS,44,40,100,498.00,"49,800.00"
2020-02-02,2020020201019924,GBLBS,44,37,"1,000",498.00,"498,000.00"
2020-02-02,2020020201019923,GBLBS,44,42,50,498.00,"24,900.00"
2020-02-02,2020020201019922,GBLBS,44,34,100,498.00,"49,800.00"
2020-02-02,2020020201020102,GILB,40,51,270,"1,341.00","362,070.00"
2020-02-02,2020020201020101,GILB,34,51,30,"1,342.00","40,260.00"
2020-02-02,2020020201019696,GIMES1,7,10,"3,000",8.95,"26,850.00"
2020-02-02,2020020201019695,GIMES1,7,26,"3,000",8.93,"26,790.00"
2020-02-02,2020020201019878,GLICL,58,33,250,735.00,"183,750.00"
2020-02-02,2020020201019840,GLICL,37,25,197,735.00,"144,795.00"
2020-02-02,2020020201019839,GLICL,37,22,10,735.00,"7,350.00"
2020-02-02,2020020201019769,GLICL,50,44,300,729.00,"218,700.00"
2020-02-02,2020020201019768,GLICL,41,44,200,729.00,"145,800.00"
2020-02-02,2020020201019670,GLICL,37,44,50,729.00,"36,450.00"
2020-02-02,2020020201019669,GLICL,7,44,450,729.00,"328,050.00"
2020-02-02,2020020201019645,GLICL,7,42,50,729.00,"36,450.00"
2020-02-02,2020020201019902,GMFIL,42,43,70,134.00,"9,380.00"
2020-02-02,2020020201019886,HBL,32,8,10,518.00,"5,180.00"
2020-02-02,2020020201020116,HIDCL,57,50,313,138.00,"43,194.00"
2020-02-02,2020020201019857,HIDCL,57,29,159,138.00,"21,942.00"
2020-02-02,2020020201019903,IGI,21,6,140,437.00,"61,180.00"
2020-02-02,2020020201019901,IGI,55,6,160,437.00,"69,920.00"
2020-02-02,2020020201019900,IGI,55,57,340,437.00,"148,580.00"
2020-02-02,2020020201019954,IGI,13,37,190,435.00,"82,650.00"
2020-02-02,2020020201019953,IGI,45,37,100,436.00,"43,600.00"
2020-02-02,2020020201019952,IGI,21,37,110,437.00,"48,070.00"
2020-02-02,2020020201020004,JBBL,59,49,200,189.00,"37,800.00"
2020-02-02,2020020201020003,JBBL,58,49,500,189.00,"94,500.00"
2020-02-02,2020020201020002,JBBL,47,49,500,189.00,"94,500.00"
2020-02-02,2020020201020001,JBBL,22,49,"1,000",189.00,"189,000.00"
2020-02-02,2020020201020000,JBBL,42,49,120,189.00,"22,680.00"
2020-02-02,2020020201019999,JBBL,17,49,361,189.00,"68,229.00"
2020-02-02,2020020201019745,JFL,38,21,200,189.00,"37,800.00"
2020-02-02,2020020201020010,JSLBB,16,44,188,"1,617.00","303,996.00"
2020-02-02,2020020201020009,JSLBB,16,13,31,"1,617.00","50,127.00"
2020-02-02,2020020201020008,JSLBB,16,38,31,"1,616.00","50,096.00"
2020-02-02,2020020201020007,JSLBB,16,45,50,"1,616.00","80,800.00"
2020-02-02,2020020201019991,KBL,32,35,75,198.00,"14,850.00"
2020-02-02,2020020201019744,KBL,32,32,386,198.00,"76,428.00"
2020-02-02,2020020201019743,KBL,55,32,"1,614",198.00,"319,572.00"
2020-02-02,2020020201019897,KKHC,51,29,16,60.00,960.00
2020-02-02,2020020201019842,KKHC,51,38,10,60.00,600.00
2020-02-02,2020020201019942,KPCL,55,29,10,88.00,880.00
2020-02-02,2020020201019813,KPCL,55,42,10,88.00,880.00
2020-02-02,2020020201020047,KRBL,32,38,330,112.00,"36,960.00"
2020-02-02,2020020201020046,KRBL,32,36,125,112.00,"14,000.00"
2020-02-02,2020020201020045,KRBL,32,36,63,112.00,"7,056.00"
2020-02-02,2020020201019932,KSBBL,50,19,"1,000",158.00,"158,000.00"
2020-02-02,2020020201019996,LBL,13,29,325,227.00,"73,775.00"
2020-02-02,2020020201019801,LBL,13,26,"1,400",227.00,"317,800.00"
2020-02-02,2020020201019664,LBL,13,17,"1,612",227.00,"365,924.00"
2020-02-02,2020020201020131,LICN,59,35,71,"1,250.00","88,750.00"
2020-02-02,2020020201020130,LICN,59,59,50,"1,250.00","62,500.00"
2020-02-02,2020020201020129,LICN,59,17,100,"1,249.00","124,900.00"
2020-02-02,2020020201020128,LICN,59,43,26,"1,248.00","32,448.00"
2020-02-02,2020020201020082,LICN,22,5,180,"1,247.00","224,460.00"
2020-02-02,2020020201019687,LICN,25,5,10,"1,247.00","12,470.00"
2020-02-02,2020020201019893,MBL,42,45,203,239.00,"48,517.00"
2020-02-02,2020020201019892,MBL,17,45,500,239.00,"119,500.00"
2020-02-02,2020020201019891,MBL,14,45,485,239.00,"115,915.00"
2020-02-02,2020020201019812,MBL,14,52,15,239.00,"3,585.00"
2020-02-02,2020020201020062,MEGA,45,29,143,203.00,"29,029.00"
2020-02-02,2020020201020061,MEGA,36,29,44,203.00,"8,932.00"
2020-02-02,2020020201020060,MEGA,22,29,155,203.00,"31,465.00"
2020-02-02,2020020201019849,MEGA,7,55,505,204.00,"103,020.00"
2020-02-02,2020020201020090,MERO,17,26,90,693.00,"62,370.00"
2020-02-02,2020020201020089,MERO,17,16,100,693.00,"69,300.00"
2020-02-02,2020020201019958,MERO,43,26,10,693.00,"6,930.00"
2020-02-02,2020020201019990,MFIL,37,14,186,196.00,"36,456.00"
2020-02-02,2020020201019989,MFIL,44,14,200,196.00,"39,200.00"
2020-02-02,2020020201019988,MFIL,6,14,15,196.00,"2,940.00"
2020-02-02,2020020201019858,MLBBL,1,34,10,801.00,"8,010.00"
2020-02-02,2020020201020115,MNBBL,16,55,50,330.00,"16,500.00"
2020-02-02,2020020201019852,MNBBL,48,53,514,329.00,"169,106.00"
2020-02-02,2020020201019723,MNBBL,34,25,400,329.00,"131,600.00"
2020-02-02,2020020201020014,NABIL,29,11,195,752.00,"146,640.00"
2020-02-02,2020020201020013,NABIL,29,11,205,752.00,"154,160.00"
2020-02-02,2020020201019888,NABIL,29,51,90,751.00,"67,590.00"
2020-02-02,2020020201019814,NABIL,14,1,100,750.00,"75,000.00"
2020-02-02,2020020201019756,NABIL,14,7,318,750.00,"238,500.00"
2020-02-02,2020020201019747,NABIL,14,19,50,750.00,"37,500.00"
2020-02-02,2020020201019742,NABIL,14,40,56,750.00,"42,000.00"
2020-02-02,2020020201019740,NABIL,45,51,50,751.00,"37,550.00"
2020-02-02,2020020201019966,NADEP,41,40,100,717.00,"71,700.00"
2020-02-02,2020020201019817,NADEP,44,40,33,716.00,"23,628.00"
2020-02-02,2020020201020052,NBB,4,35,80,213.00,"17,040.00"
2020-02-02,2020020201020126,NBL,51,32,223,273.00,"60,879.00"
2020-02-02,2020020201020125,NBL,41,32,82,273.00,"22,386.00"
2020-02-02,2020020201019941,NBL,41,53,100,273.00,"27,300.00"
2020-02-02,2020020201020117,NCCB,44,29,79,201.00,"15,879.00"
2020-02-02,2020020201020044,NIB,42,1,"3,909",397.00,"1,551,873.00"
2020-02-02,2020020201020043,NIB,42,44,150,397.00,"59,550.00"
2020-02-02,2020020201020042,NIB,42,41,50,397.00,"19,850.00"
2020-02-02,2020020201020041,NIB,42,11,91,396.00,"36,036.00"
2020-02-02,2020020201019832,NIBPO,1,4,720,358.00,"257,760.00"
2020-02-02,2020020201019825,NIBPO,32,4,100,359.00,"35,900.00"
2020-02-02,2020020201019824,NIBPO,14,4,200,359.00,"71,800.00"
2020-02-02,2020020201019823,NIBPO,22,4,500,359.00,"179,500.00"
2020-02-02,2020020201019822,NIBPO,32,4,200,359.00,"71,800.00"
2020-02-02,2020020201019831,NIBPO,19,4,"1,000",358.00,"358,000.00"
2020-02-02,2020020201019830,NIBPO,45,4,200,358.00,"71,600.00"
2020-02-02,2020020201019829,NIBPO,13,4,500,358.00,"179,000.00"
2020-02-02,2020020201019828,NIBPO,14,4,30,358.00,"10,740.00"
2020-02-02,2020020201019827,NIBPO,32,4,250,358.00,"89,500.00"
2020-02-02,2020020201019826,NIBPO,13,4,300,359.00,"107,700.00"
2020-02-02,2020020201020127,NICA,42,35,100,489.00,"48,900.00"
2020-02-02,2020020201019945,NICA,56,33,100,490.00,"49,000.00"
2020-02-02,2020020201019944,NICA,56,28,998,490.00,"489,020.00"
2020-02-02,2020020201019943,NICA,56,55,401,490.00,"196,490.00"
2020-02-02,2020020201019722,NICA,41,55,99,490.00,"48,510.00"
2020-02-02,2020020201019721,NICA,41,22,151,490.00,"73,990.00"
2020-02-02,2020020201019667,NICA,19,22,349,490.00,"171,010.00"
2020-02-02,2020020201019666,NICA,19,49,600,490.00,"294,000.00"
2020-02-02,2020020201019665,NICA,19,22,101,490.00,"49,490.00"
2020-02-02,2020020201019819,NICL,32,46,500,420.00,"210,000.00"
2020-02-02,2020020201019818,NICL,45,46,310,421.00,"130,510.00"
2020-02-02,2020020201019741,NICL,6,26,"1,118",422.00,"471,796.00"
2020-02-02,2020020201019734,NICL,5,26,30,422.00,"12,660.00"
2020-02-02,2020020201019733,NICL,5,14,200,422.00,"84,400.00"
2020-02-02,2020020201019720,NICL,45,45,"3,500",421.00,"1,473,500.00"
2020-02-02,2020020201019704,NICL,45,42,140,421.00,"58,940.00"
2020-02-02,2020020201019684,NICL,45,55,50,421.00,"21,050.00"
2020-02-02,2020020201020079,NIL,52,28,200,529.00,"105,800.00"
2020-02-02,2020020201020078,NIL,52,22,"1,000",529.00,"529,000.00"
2020-02-02,2020020201020077,NIL,52,53,178,529.00,"94,162.00"
2020-02-02,2020020201019650,NIL,10,25,500,529.00,"264,500.00"
2020-02-02,2020020201019656,NIL,28,25,100,526.00,"52,600.00"
2020-02-02,2020020201019655,NIL,40,25,500,527.00,"263,500.00"
2020-02-02,2020020201019654,NIL,41,25,120,527.00,"63,240.00"
2020-02-02,2020020201019653,NIL,11,25,27,527.00,"14,229.00"
2020-02-02,2020020201019652,NIL,54,25,500,528.00,"264,000.00"
2020-02-02,2020020201019651,NIL,42,25,68,528.00,"35,904.00"
2020-02-02,2020020201019746,NIL,10,46,65,525.00,"34,125.00"
2020-02-02,2020020201019738,NIL,41,46,120,525.00,"63,000.00"
2020-02-02,2020020201019737,NIL,49,46,500,525.00,"262,500.00"
2020-02-02,2020020201019736,NIL,28,46,"1,000",525.00,"525,000.00"
2020-02-02,2020020201019735,NIL,28,46,815,526.00,"428,690.00"
2020-02-02,2020020201019657,NIL,28,25,"1,185",526.00,"623,310.00"
2020-02-02,2020020201019834,NLBBL,57,32,50,781.00,"39,050.00"
2020-02-02,2020020201019833,NLBBL,58,32,150,782.00,"117,300.00"
2020-02-02,2020020201019749,NLBBL,45,57,100,782.00,"78,200.00"
2020-02-02,2020020201020095,NLIC,49,46,280,"1,132.00","316,960.00"
2020-02-02,2020020201020022,NLIC,45,56,20,"1,131.00","22,620.00"
2020-02-02,2020020201019940,NLIC,51,50,100,"1,131.00","113,100.00"
2020-02-02,2020020201019890,NLIC,42,46,20,"1,132.00","22,640.00"
2020-02-02,2020020201019847,NLIC,45,58,112,"1,131.00","126,672.00"
2020-02-02,2020020201019787,NLIC,51,58,350,"1,131.00","395,850.00"
2020-02-02,2020020201019773,NLIC,55,50,150,"1,130.00","169,500.00"
2020-02-02,2020020201019751,NLIC,55,26,350,"1,130.00","395,500.00"
2020-02-02,2020020201020026,NLICL,34,49,50,660.00,"33,000.00"
2020-02-02,2020020201020025,NLICL,5,49,28,660.00,"18,480.00"
2020-02-02,2020020201019856,NLICL,47,58,500,661.00,"330,500.00"
2020-02-02,2020020201019775,NLICL,5,7,72,660.00,"47,520.00"
2020-02-02,2020020201019774,NLICL,46,7,28,660.00,"18,480.00"
2020-02-02,2020020201019730,NLICL,46,50,36,660.00,"23,760.00"
2020-02-02,2020020201020053,NMB,54,51,100,369.00,"36,900.00"
2020-02-02,2020020201020038,NMB,54,42,50,369.00,"18,450.00"
2020-02-02,2020020201019887,NMB,54,13,300,369.00,"110,700.00"
2020-02-02,2020020201019794,NMB,14,4,700,370.00,"259,000.00"
2020-02-02,2020020201019792,NMB,34,4,"1,000",370.00,"370,000.00"
2020-02-02,2020020201019766,NMB,34,4,155,370.00,"57,350.00"
2020-02-02,2020020201019765,NMB,34,57,500,370.00,"185,000.00"
2020-02-02,2020020201019764,NMB,34,36,50,370.00,"18,500.00"
2020-02-02,2020020201019763,NMB,34,25,174,370.00,"64,380.00"
2020-02-02,2020020201019762,NMB,34,44,121,370.00,"44,770.00"
2020-02-02,2020020201019732,NMB,54,57,69,369.00,"25,461.00"
2020-02-02,2020020201019691,NMB,54,57,12,369.00,"4,428.00"
2020-02-02,2020020201020118,NMFBS,40,16,15,"1,601.00","24,015.00"
2020-02-02,2020020201020099,NMFBS,40,43,305,"1,601.00","488,305.00"
2020-02-02,2020020201020098,NMFBS,53,43,10,"1,620.00","16,200.00"
2020-02-02,2020020201020097,NMFBS,16,43,85,"1,620.00","137,700.00"
2020-02-02,2020020201020048,NSEWA,58,19,340,713.00,"242,420.00"
2020-02-02,2020020201019689,NSEWA,58,40,10,700.00,"7,000.00"
2020-02-02,2020020201019803,NTC,42,16,100,622.00,"62,200.00"
2020-02-02,2020020201020121,OHL,56,26,500,520.00,"260,000.00"
2020-02-02,2020020201019938,OHL,56,48,500,520.00,"260,000.00"
2020-02-02,2020020201020104,PFL,41,52,100,160.00,"16,000.00"
2020-02-02,2020020201019779,PIC,58,36,100,567.00,"56,700.00"
2020-02-02,2020020201020037,PICL,17,36,760,676.00,"513,760.00"
2020-02-02,2020020201020036,PICL,7,36,450,677.00,"304,650.00"
2020-02-02,2020020201020035,PICL,16,36,50,678.00,"33,900.00"
2020-02-02,2020020201020034,PICL,17,36,290,678.00,"196,620.00"
2020-02-02,2020020201020096,PLIC,57,58,50,569.00,"28,450.00"
2020-02-02,2020020201019962,PLIC,32,58,450,569.00,"256,050.00"
2020-02-02,2020020201019961,PLIC,32,41,50,568.00,"28,400.00"
2020-02-02,2020020201019960,PLIC,32,57,500,568.00,"284,000.00"
2020-02-02,2020020201019791,PLIC,53,39,300,566.00,"169,800.00"
2020-02-02,2020020201019790,PLIC,53,42,200,565.00,"113,000.00"
2020-02-02,2020020201019646,PMHPL,54,47,10,87.00,870.00
2020-02-02,2020020201019658,PPCL,14,26,10,122.00,"1,220.00"
2020-02-02,2020020201020094,PRIN,58,45,330,445.00,"146,850.00"
2020-02-02,2020020201020093,PRIN,48,45,20,445.00,"8,900.00"
2020-02-02,2020020201020088,PRIN,48,40,51,450.00,"22,950.00"
2020-02-02,2020020201020087,PRIN,48,57,100,450.00,"45,000.00"
2020-02-02,2020020201020086,PRIN,48,10,249,450.00,"112,050.00"
2020-02-02,2020020201020085,PRIN,48,25,100,450.00,"45,000.00"
2020-02-02,2020020201019698,PRIN,58,17,300,444.00,"133,200.00"
2020-02-02,2020020201019697,PRIN,58,41,50,443.00,"22,150.00"
2020-02-02,2020020201019808,PRIN,58,39,500,445.00,"222,500.00"
2020-02-02,2020020201019703,PRIN,58,50,500,445.00,"222,500.00"
2020-02-02,2020020201019702,PRIN,58,38,200,445.00,"89,000.00"
2020-02-02,2020020201019701,PRIN,58,58,500,445.00,"222,500.00"
2020-02-02,2020020201019700,PRIN,58,47,100,445.00,"44,500.00"
2020-02-02,2020020201019699,PRIN,58,43,400,444.00,"177,600.00"
2020-02-02,2020020201019864,PRIN,58,58,105,448.00,"47,040.00"
2020-02-02,2020020201019863,PRIN,58,44,295,448.00,"132,160.00"
2020-02-02,2020020201019862,PRIN,58,44,"1,100",447.00,"491,700.00"
2020-02-02,2020020201019811,PRIN,58,44,900,447.00,"402,300.00"
2020-02-02,2020020201019810,PRIN,58,57,100,447.00,"44,700.00"
2020-02-02,2020020201019809,PRIN,58,13,500,446.00,"223,000.00"
2020-02-02,2020020201020039,PRIN,48,26,200,447.00,"89,400.00"
2020-02-02,2020020201019995,PRIN,48,57,480,445.00,"213,600.00"
2020-02-02,2020020201019994,PRIN,58,57,400,445.00,"178,000.00"
2020-02-02,2020020201019993,PRIN,49,57,20,445.00,"8,900.00"
2020-02-02,2020020201019894,PRIN,48,58,200,448.00,"89,600.00"
2020-02-02,2020020201019868,PRIN,51,51,100,444.00,"44,400.00"
2020-02-02,2020020201020068,PRIN,58,38,"1,000",449.00,"449,000.00"
2020-02-02,2020020201020067,PRIN,58,45,258,449.00,"115,842.00"
2020-02-02,2020020201020066,PRIN,58,52,250,448.00,"112,000.00"
2020-02-02,2020020201020065,PRIN,58,14,500,448.00,"224,000.00"
2020-02-02,2020020201020064,PRIN,58,39,200,448.00,"89,600.00"
2020-02-02,2020020201020063,PRIN,58,58,195,448.00,"87,360.00"
2020-02-02,2020020201020074,PRIN,58,10,51,450.00,"22,950.00"
2020-02-02,2020020201020073,PRIN,58,36,10,450.00,"4,500.00"
2020-02-02,2020020201020072,PRIN,58,22,349,449.00,"156,701.00"
2020-02-02,2020020201020071,PRIN,58,21,87,449.00,"39,063.00"
2020-02-02,2020020201020070,PRIN,58,25,50,449.00,"22,450.00"
2020-02-02,2020020201020069,PRIN,58,26,550,449.00,"246,950.00"
2020-02-02,2020020201019957,PRVU,8,53,529,263.00,"139,127.00"
2020-02-02,2020020201019950,PRVU,16,4,50,264.00,"13,200.00"
2020-02-02,2020020201019869,PRVU,8,36,"1,000",263.00,"263,000.00"
2020-02-02,2020020201019789,PRVU,8,25,271,263.00,"71,273.00"
2020-02-02,2020020201019686,PRVU,21,44,400,263.00,"105,200.00"
2020-02-02,2020020201019685,PRVU,34,44,75,263.00,"19,725.00"
2020-02-02,2020020201019788,PRVU,8,26,"1,015",263.00,"266,945.00"
2020-02-02,2020020201019772,PRVU,32,26,985,263.00,"259,055.00"
2020-02-02,2020020201019771,PRVU,32,25,115,263.00,"30,245.00"
2020-02-02,2020020201019728,PRVU,8,25,475,263.00,"124,925.00"
2020-02-02,2020020201019725,PRVU,8,4,"1,000",263.00,"263,000.00"
2020-02-02,2020020201019724,PRVU,8,44,"2,525",263.00,"664,075.00"
2020-02-02,2020020201019708,RBCLPO,49,8,10,"8,500.00","85,000.00"
2020-02-02,2020020201020051,RHPL,45,45,40,164.00,"6,560.00"
2020-02-02,2020020201019793,RHPL,45,7,40,164.00,"6,560.00"
2020-02-02,2020020201019681,RHPL,45,47,40,164.00,"6,560.00"
2020-02-02,2020020201019644,RHPL,45,45,40,164.00,"6,560.00"
2020-02-02,2020020201020056,RMDC,42,34,29,675.00,"19,575.00"
2020-02-02,2020020201020055,RMDC,26,34,25,675.00,"16,875.00"
2020-02-02,2020020201020054,RMDC,59,34,246,675.00,"166,050.00"
2020-02-02,2020020201020005,RMDC,47,57,50,676.00,"33,800.00"
2020-02-02,2020020201019867,RMDC,59,28,254,675.00,"171,450.00"
2020-02-02,2020020201019866,RMDC,56,28,30,675.00,"20,250.00"
2020-02-02,2020020201019865,RMDC,38,28,216,676.00,"146,016.00"
2020-02-02,2020020201019805,RMDC,38,28,284,676.00,"191,984.00"
2020-02-02,2020020201019804,RMDC,21,28,216,676.00,"146,016.00"
2020-02-02,2020020201019758,RMDC,21,28,284,676.00,"191,984.00"
2020-02-02,2020020201019757,RMDC,37,28,89,676.00,"60,164.00"
2020-02-02,2020020201019786,RSDC,41,39,440,485.00,"213,400.00"
2020-02-02,2020020201019785,RSDC,54,39,100,485.00,"48,500.00"
2020-02-02,2020020201019778,RSDC,45,44,50,487.00,"24,350.00"
2020-02-02,2020020201020135,SABSL,16,59,500,873.00,"436,500.00"
2020-02-02,2020020201020134,SABSL,25,59,40,875.00,"35,000.00"
2020-02-02,2020020201020030,SADBL,57,4,200,160.00,"32,000.00"
2020-02-02,2020020201020029,SADBL,47,4,100,160.00,"16,000.00"
2020-02-02,2020020201020028,SADBL,59,4,500,160.00,"80,000.00"
2020-02-02,2020020201020027,SADBL,48,4,200,160.00,"32,000.00"
2020-02-02,2020020201019693,SADBL,35,59,200,161.00,"32,200.00"
2020-02-02,2020020201019885,SANIMA,4,32,"2,517",355.00,"893,535.00"
2020-02-02,2020020201019884,SANIMA,4,59,"1,000",355.00,"355,000.00"
2020-02-02,2020020201019883,SANIMA,4,34,200,355.00,"71,000.00"
2020-02-02,2020020201019882,SANIMA,4,16,200,355.00,"71,000.00"
2020-02-02,2020020201019881,SANIMA,4,59,200,355.00,"71,000.00"
2020-02-02,2020020201019880,SANIMA,4,32,776,355.00,"275,480.00"
2020-02-02,2020020201019879,SANIMA,4,54,107,354.00,"37,878.00"
2020-02-02,2020020201019776,SANIMA,50,54,100,354.00,"35,400.00"
2020-02-02,2020020201019729,SANIMA,39,54,200,354.00,"70,800.00"
2020-02-02,2020020201019959,SBL,52,49,200,320.00,"64,000.00"
2020-02-02,2020020201020006,SCB,32,49,10,624.00,"6,240.00"
2020-02-02,2020020201019821,SCB,16,53,300,622.00,"186,600.00"
2020-02-02,2020020201019820,SCB,57,53,500,622.00,"311,000.00"
2020-02-02,2020020201019761,SCB,32,51,100,624.00,"62,400.00"
2020-02-02,2020020201020050,SHINE,4,34,"1,000",261.00,"261,000.00"
2020-02-02,2020020201019683,SHINE,4,45,500,261.00,"130,500.00"
2020-02-02,2020020201019682,SHINE,34,4,500,262.00,"131,000.00"
2020-02-02,2020020201020059,SHIVM,45,45,100,536.00,"53,600.00"
2020-02-02,2020020201020058,SHIVM,45,22,300,536.00,"160,800.00"
2020-02-02,2020020201020057,SHIVM,45,44,100,536.00,"53,600.00"
2020-02-02,2020020201019969,SHIVM,44,52,100,534.00,"53,400.00"
2020-02-02,2020020201019845,SHIVM,44,38,"1,000",534.00,"534,000.00"
2020-02-02,2020020201019844,SHIVM,37,38,100,535.00,"53,500.00"
2020-02-02,2020020201019843,SHIVM,50,38,500,535.00,"267,500.00"
2020-02-02,2020020201019767,SHIVM,44,37,510,534.00,"272,340.00"
2020-02-02,2020020201019750,SHIVM,25,45,200,535.00,"107,000.00"
2020-02-02,2020020201019719,SHIVM,16,45,300,535.00,"160,500.00"
2020-02-02,2020020201019709,SHIVM,16,44,100,536.00,"53,600.00"
2020-02-02,2020020201019949,SHL,10,58,273,208.00,"56,784.00"
2020-02-02,2020020201019939,SHL,10,11,100,208.00,"20,800.00"
2020-02-02,2020020201019946,SIC,34,41,30,739.00,"22,170.00"
2020-02-02,2020020201020049,SIL,50,25,20,579.00,"11,580.00"
2020-02-02,2020020201019998,SIL,50,17,50,575.00,"28,750.00"
2020-02-02,2020020201019997,SIL,50,44,550,575.00,"316,250.00"
2020-02-02,2020020201019899,SIL,34,44,"1,000",575.00,"575,000.00"
2020-02-02,2020020201019870,SIL,34,44,"1,000",575.00,"575,000.00"
2020-02-02,2020020201019848,SIL,44,53,123,572.00,"70,356.00"
2020-02-02,2020020201019838,SIL,25,44,44,575.00,"25,300.00"
2020-02-02,2020020201019806,SIL,25,35,100,574.00,"57,400.00"
2020-02-02,2020020201020092,SJCL,32,45,20,155.00,"3,100.00"
2020-02-02,2020020201019987,SJCL,32,34,100,155.00,"15,500.00"
2020-02-02,2020020201019986,SJCL,22,34,500,156.00,"78,000.00"
2020-02-02,2020020201019692,SJCL,47,47,10,157.00,"1,570.00"
2020-02-02,2020020201019973,SJCL,40,34,200,156.00,"31,200.00"
2020-02-02,2020020201019972,SJCL,46,34,30,156.00,"4,680.00"
2020-02-02,2020020201019971,SJCL,34,34,100,157.00,"15,700.00"
2020-02-02,2020020201019970,SJCL,47,34,60,157.00,"9,420.00"
2020-02-02,2020020201019755,SJCL,47,45,20,157.00,"3,140.00"
2020-02-02,2020020201019979,SJCL,11,34,10,156.00,"1,560.00"
2020-02-02,2020020201019978,SJCL,42,34,200,156.00,"31,200.00"
2020-02-02,2020020201019977,SJCL,32,34,300,156.00,"46,800.00"
2020-02-02,2020020201019976,SJCL,45,34,100,156.00,"15,600.00"
2020-02-02,2020020201019975,SJCL,13,34,200,156.00,"31,200.00"
2020-02-02,2020020201019974,SJCL,25,34,200,156.00,"31,200.00"
2020-02-02,2020020201019985,SJCL,22,34,100,156.00,"15,600.00"
2020-02-02,2020020201019984,SJCL,22,34,50,156.00,"7,800.00"
2020-02-02,2020020201019983,SJCL,38,34,300,156.00,"46,800.00"
2020-02-02,2020020201019982,SJCL,6,34,200,156.00,"31,200.00"
2020-02-02,2020020201019981,SJCL,6,34,100,156.00,"15,600.00"
2020-02-02,2020020201019980,SJCL,34,34,500,156.00,"78,000.00"
2020-02-02,2020020201020100,SKBBL,35,4,200,990.00,"198,000.00"
2020-02-02,2020020201019690,SLBBL,6,34,10,858.00,"8,580.00"
2020-02-02,2020020201020119,SLICL,26,58,100,469.00,"46,900.00"
2020-02-02,2020020201020076,SLICL,37,49,50,469.00,"23,450.00"
2020-02-02,2020020201020075,SLICL,37,16,90,469.00,"42,210.00"
2020-02-02,2020020201020016,SLICL,58,45,50,466.00,"23,300.00"
2020-02-02,2020020201020015,SLICL,26,45,200,467.00,"93,400.00"
2020-02-02,2020020201019712,SLICL,44,11,100,468.00,"46,800.00"
2020-02-02,2020020201019711,SLICL,42,11,300,469.00,"140,700.00"
2020-02-02,2020020201019710,SLICL,47,11,100,469.00,"46,900.00"
2020-02-02,2020020201019688,SLICL,50,58,100,470.00,"47,000.00"
2020-02-02,2020020201019668,SLICL,55,58,500,470.00,"235,000.00"
2020-02-02,2020020201019643,SLICL,42,58,70,470.00,"32,900.00"
2020-02-02,2020020201019718,SLICL,58,11,140,466.00,"65,240.00"
2020-02-02,2020020201019717,SLICL,52,11,200,466.00,"93,200.00"
2020-02-02,2020020201019716,SLICL,50,11,50,466.00,"23,300.00"
2020-02-02,2020020201019715,SLICL,10,11,200,467.00,"93,400.00"
2020-02-02,2020020201019714,SLICL,41,11,210,467.00,"98,070.00"
2020-02-02,2020020201019713,SLICL,43,11,500,468.00,"234,000.00"
2020-02-02,2020020201019815,SLICL,26,58,100,470.00,"47,000.00"
2020-02-02,2020020201019759,SLICL,44,58,20,470.00,"9,400.00"
2020-02-02,2020020201020091,SMATA,50,45,85,795.00,"67,575.00"
2020-02-02,2020020201020084,SMB,43,17,10,780.00,"7,800.00"
2020-02-02,2020020201020083,SMB,43,55,15,778.00,"11,670.00"
2020-02-02,2020020201019661,SMB,16,40,10,770.00,"7,700.00"
2020-02-02,2020020201019731,SMFBS,25,17,10,"1,005.00","10,050.00"
2020-02-02,2020020201020031,SMFDB,45,25,100,798.00,"79,800.00"
2020-02-02,2020020201019871,SMFDB,57,25,150,798.00,"119,700.00"
2020-02-02,2020020201019760,SPARS,39,57,100,838.00,"83,800.00"
2020-02-02,2020020201019956,SRBL,42,10,200,256.00,"51,200.00"
2020-02-02,2020020201019748,SRBL,19,14,500,255.00,"127,500.00"
2020-02-02,2020020201019784,SWBBL,34,58,10,"1,128.00","11,280.00"
2020-02-02,2020020201019968,UIC,43,16,17,428.00,"7,276.00"
2020-02-02,2020020201019967,UIC,41,16,23,428.00,"9,844.00"
2020-02-02,2020020201019649,UNHPL,22,42,50,57.00,"2,850.00"
2020-02-02,2020020201019648,UNHPL,22,42,50,57.00,"2,850.00"
2020-02-02,2020020201019770,UPCL,48,7,50,73.00,"3,650.00"
2020-02-02,2020020201020114,UPPER,33,33,570,243.00,"138,510.00"
2020-02-02,2020020201020113,UPPER,33,6,300,243.00,"72,900.00"
2020-02-02,2020020201020112,UPPER,33,25,500,243.00,"121,500.00"
2020-02-02,2020020201020111,UPPER,33,19,500,243.00,"121,500.00"
2020-02-02,2020020201020110,UPPER,33,48,90,243.00,"21,870.00"
2020-02-02,2020020201020109,UPPER,33,19,385,243.00,"93,555.00"
2020-02-02,2020020201020108,UPPER,33,45,14,243.00,"3,402.00"
2020-02-02,2020020201020011,UPPER,50,50,800,242.00,"193,600.00"
2020-02-02,2020020201019992,UPPER,50,17,40,242.00,"9,680.00"
2020-02-02,2020020201020040,WOMI,34,34,205,"1,027.00","210,535.00"
2020-02-02,2020020201020021,WOMI,34,5,100,"1,030.00","103,000.00"
2020-02-02,2020020201020020,WOMI,34,43,32,"1,028.00","32,896.00"
2020-02-02,2020020201019963,WOMI,34,43,100,"1,027.00","102,700.00"
2020-02-02,2020020201019468,ADBL,36,56,100,390.00,"39,000.00"
2020-02-02,2020020201019467,ADBL,36,42,365,390.00,"142,350.00"
2020-02-02,2020020201019466,ADBL,36,51,50,390.00,"19,500.00"
2020-02-02,2020020201019465,ADBL,36,57,500,390.00,"195,000.00"
2020-02-02,2020020201019464,ADBL,36,43,196,390.00,"76,440.00"
2020-02-02,2020020201019463,ADBL,36,47,25,390.00,"9,750.00"
2020-02-02,2020020201019462,ADBL,36,50,32,390.00,"12,480.00"
2020-02-02,2020020201019461,ADBL,36,17,100,390.00,"39,000.00"
2020-02-02,2020020201019460,ADBL,36,58,"1,000",389.00,"389,000.00"
2020-02-02,2020020201019387,ADBL,35,46,127,388.00,"49,276.00"
2020-02-02,2020020201019635,AKPL,25,40,200,121.00,"24,200.00"
2020-02-02,2020020201019634,AKPL,45,40,"5,000",121.00,"605,000.00"
2020-02-02,2020020201019633,AKPL,42,40,500,121.00,"60,500.00"
2020-02-02,2020020201019632,AKPL,34,40,500,121.00,"60,500.00"
2020-02-02,2020020201019631,AKPL,53,40,"4,980",121.00,"602,580.00"
2020-02-02,2020020201019258,AKPL,11,40,404,123.00,"49,692.00"
2020-02-02,2020020201019250,AKPL,11,22,13,123.00,"1,599.00"
2020-02-02,2020020201019288,AKPL,21,40,500,122.00,"61,000.00"
2020-02-02,2020020201019287,AKPL,59,40,"1,000",122.00,"122,000.00"
2020-02-02,2020020201019286,AKPL,38,40,"2,000",122.00,"244,000.00"
2020-02-02,2020020201019261,AKPL,34,40,100,123.00,"12,300.00"
2020-02-02,2020020201019260,AKPL,21,40,300,123.00,"36,900.00"
2020-02-02,2020020201019259,AKPL,57,40,"1,000",123.00,"123,000.00"
2020-02-02,2020020201019293,AKPL,16,40,"2,000",122.00,"244,000.00"
2020-02-02,2020020201019292,AKPL,42,40,100,122.00,"12,200.00"
2020-02-02,2020020201019291,AKPL,35,40,"3,000",122.00,"366,000.00"
2020-02-02,2020020201019290,AKPL,58,40,"1,000",122.00,"122,000.00"
2020-02-02,2020020201019289,AKPL,59,40,"1,000",122.00,"122,000.00"
2020-02-02,2020020201019595,ALBSL,47,41,150,728.00,"109,200.00"
2020-02-02,2020020201019216,ALBSL,14,7,500,732.00,"366,000.00"
2020-02-02,2020020201019154,ALBSL,17,34,50,732.00,"36,600.00"
2020-02-02,2020020201019153,ALBSL,14,34,40,733.00,"29,320.00"
2020-02-02,2020020201019152,ALBSL,26,34,90,733.00,"65,970.00"
2020-02-02,2020020201019220,ALBSL,32,7,25,730.00,"18,250.00"
2020-02-02,2020020201019219,ALBSL,26,7,150,730.00,"109,500.00"
2020-02-02,2020020201019218,ALBSL,34,7,10,731.00,"7,310.00"
2020-02-02,2020020201019217,ALBSL,47,7,200,731.00,"146,200.00"
2020-02-02,2020020201019587,ALBSL,18,18,5,730.00,"3,650.00"
2020-02-02,2020020201019586,ALICL,8,59,300,566.00,"169,800.00"
2020-02-02,2020020201019470,ALICL,8,51,100,566.00,"56,600.00"
2020-02-02,2020020201019233,ALICL,16,43,200,564.00,"112,800.00"
2020-02-02,2020020201019211,ALICL,16,43,95,564.00,"53,580.00"
2020-02-02,2020020201019210,ALICL,19,43,12,565.00,"6,780.00"
2020-02-02,2020020201019209,ALICL,5,43,93,565.00,"52,545.00"
2020-02-02,2020020201019574,BOKL,39,57,376,240.00,"90,240.00"
2020-02-02,2020020201019573,BOKL,39,39,124,240.00,"29,760.00"
2020-02-02,2020020201019309,BOKL,51,53,100,239.00,"23,900.00"
2020-02-02,2020020201019455,CBBL,49,17,36,997.00,"35,892.00"
2020-02-02,2020020201019323,CBBL,33,35,500,"1,000.00","500,000.00"
2020-02-02,2020020201019322,CBBL,33,39,300,"1,000.00","300,000.00"
2020-02-02,2020020201019321,CBBL,33,44,500,"1,000.00","500,000.00"
2020-02-02,2020020201019320,CBBL,33,20,210,"1,000.00","210,000.00"
2020-02-02,2020020201019319,CBBL,33,38,200,"1,000.00","200,000.00"
2020-02-02,2020020201019327,CBBL,33,22,100,"1,000.00","100,000.00"
2020-02-02,2020020201019326,CBBL,33,45,86,"1,000.00","86,000.00"
2020-02-02,2020020201019325,CBBL,33,54,200,"1,000.00","200,000.00"
2020-02-02,2020020201019324,CBBL,33,51,200,"1,000.00","200,000.00"
2020-02-02,2020020201019584,CBL,14,35,"1,166",148.00,"172,568.00"
2020-02-02,2020020201019583,CBL,14,35,334,148.00,"49,432.00"
2020-02-02,2020020201019187,CBL,45,26,30,149.00,"4,470.00"
2020-02-02,2020020201019597,CCBL,52,34,"2,870",189.00,"542,430.00"
2020-02-02,2020020201019560,CCBL,13,34,"2,000",189.00,"378,000.00"
2020-02-02,2020020201019226,CCBL,4,45,23,188.00,"4,324.00"
2020-02-02,2020020201019283,CHL,8,22,10,88.00,880.00
2020-02-02,2020020201019458,CIT,4,28,20,"2,342.00","46,840.00"
2020-02-02,2020020201019299,CIT,4,21,20,"2,342.00","46,840.00"
2020-02-02,2020020201019298,CIT,4,51,50,"2,340.00","117,000.00"
2020-02-02,2020020201019297,CIT,4,10,48,"2,338.00","112,224.00"
2020-02-02,2020020201019296,CIT,4,45,20,"2,338.00","46,760.00"
2020-02-02,2020020201019242,CIT,4,3,200,"2,335.00","467,000.00"
2020-02-02,2020020201019241,CIT,4,58,105,"2,335.00","245,175.00"
2020-02-02,2020020201019240,CIT,4,46,100,"2,334.00","233,400.00"
2020-02-02,2020020201019239,CIT,4,34,110,"2,334.00","256,740.00"
2020-02-02,2020020201019238,CIT,4,22,100,"2,333.00","233,300.00"
2020-02-02,2020020201019536,CZBIL,29,46,215,201.00,"43,215.00"
2020-02-02,2020020201019535,CZBIL,22,46,100,201.00,"20,100.00"
2020-02-02,2020020201019314,CZBIL,49,52,52,200.00,"10,400.00"
2020-02-02,2020020201019351,DDBL,57,34,100,855.00,"85,500.00"
2020-02-02,2020020201019207,DDBL,41,1,50,853.00,"42,650.00"
2020-02-02,2020020201019206,DDBL,26,1,50,853.00,"42,650.00"
2020-02-02,2020020201019147,DDBL,41,1,50,855.00,"42,750.00"
2020-02-02,2020020201019146,DDBL,41,45,50,855.00,"42,750.00"
2020-02-02,2020020201019512,EBL,45,6,31,650.00,"20,150.00"
2020-02-02,2020020201019511,EBL,45,6,150,651.00,"97,650.00"
2020-02-02,2020020201019302,EBL,36,58,100,652.00,"65,200.00"
2020-02-02,2020020201019604,EIC,25,54,150,439.00,"65,850.00"
2020-02-02,2020020201019541,EIC,50,50,350,440.00,"154,000.00"
2020-02-02,2020020201019533,EIC,45,50,270,440.00,"118,800.00"
2020-02-02,2020020201019451,EIC,25,1,200,439.00,"87,800.00"
2020-02-02,2020020201019253,EIC,17,50,10,440.00,"4,400.00"
2020-02-02,2020020201019145,EIC,53,50,50,440.00,"22,000.00"
2020-02-02,2020020201019513,FMDBL,26,34,400,473.00,"189,200.00"
2020-02-02,2020020201019266,FMDBL,5,34,10,471.00,"4,710.00"
2020-02-02,2020020201019191,FMDBL,13,50,200,471.00,"94,200.00"
2020-02-02,2020020201019301,FOWAD,14,58,200,"1,384.00","276,800.00"
2020-02-02,2020020201019563,GBIME,52,45,300,290.00,"87,000.00"
2020-02-02,2020020201019562,GBIME,50,45,74,290.00,"21,460.00"
2020-02-02,2020020201019372,GBIME,50,29,78,290.00,"22,620.00"
2020-02-02,2020020201019190,GBIME,50,41,848,290.00,"245,920.00"
2020-02-02,2020020201019189,GBIME,50,41,122,290.00,"35,380.00"
2020-02-02,2020020201019181,GBIME,50,59,10,290.00,"2,900.00"
2020-02-02,2020020201019174,GBIME,50,57,483,290.00,"140,070.00"
2020-02-02,2020020201019170,GBIME,50,59,41,290.00,"11,890.00"
2020-02-02,2020020201019572,GBLBS,16,57,459,498.00,"228,582.00"
2020-02-02,2020020201019571,GBLBS,16,17,16,497.00,"7,952.00"
2020-02-02,2020020201019570,GBLBS,16,55,50,497.00,"24,850.00"
2020-02-02,2020020201019569,GBLBS,16,50,975,497.00,"484,575.00"
2020-02-02,2020020201019449,GBLBS,57,50,25,497.00,"12,425.00"
2020-02-02,2020020201019448,GBLBS,57,43,25,497.00,"12,425.00"
2020-02-02,2020020201019235,GBLBS,28,50,130,494.00,"64,220.00"
2020-02-02,2020020201019234,GBLBS,28,29,470,493.00,"231,710.00"
2020-02-02,2020020201019370,GBLBS,41,34,605,496.00,"300,080.00"
2020-02-02,2020020201019369,GBLBS,41,4,400,496.00,"198,400.00"
2020-02-02,2020020201019347,GBLBS,41,45,200,495.00,"99,000.00"
2020-02-02,2020020201019346,GBLBS,41,50,30,494.00,"14,820.00"
2020-02-02,2020020201019339,GBLBS,5,50,100,494.00,"49,400.00"
2020-02-02,2020020201019329,GBLBS,5,50,900,494.00,"444,600.00"
2020-02-02,2020020201019447,GBLBS,57,58,500,497.00,"248,500.00"
2020-02-02,2020020201019446,GBLBS,57,44,"1,000",497.00,"497,000.00"
2020-02-02,2020020201019445,GBLBS,57,58,"1,000",497.00,"497,000.00"
2020-02-02,2020020201019444,GBLBS,57,55,15,497.00,"7,455.00"
2020-02-02,2020020201019443,GBLBS,57,1,50,497.00,"24,850.00"
2020-02-02,2020020201019371,GBLBS,41,19,15,496.00,"7,440.00"
2020-02-02,2020020201019166,GGBSL,26,37,10,870.00,"8,700.00"
2020-02-02,2020020201019592,GLBSL,34,34,20,690.00,"13,800.00"
2020-02-02,2020020201019160,GLBSL,34,53,10,690.00,"6,900.00"
2020-02-02,2020020201019593,GLICL,46,47,20,736.00,"14,720.00"
2020-02-02,2020020201019532,GLICL,53,44,100,730.00,"73,000.00"
2020-02-02,2020020201019531,GLICL,25,44,"1,000",730.00,"730,000.00"
2020-02-02,2020020201019530,GLICL,46,44,90,731.00,"65,790.00"
2020-02-02,2020020201019419,GLICL,46,11,210,731.00,"153,510.00"
2020-02-02,2020020201019418,GLICL,7,11,500,731.00,"365,500.00"
2020-02-02,2020020201019417,GLICL,5,11,200,732.00,"146,400.00"
2020-02-02,2020020201019416,GLICL,47,11,11,733.00,"8,063.00"
2020-02-02,2020020201019415,GLICL,26,11,25,733.00,"18,325.00"
2020-02-02,2020020201019414,GLICL,42,11,500,733.00,"366,500.00"
2020-02-02,2020020201019404,GMFBS,13,26,150,848.00,"127,200.00"
2020-02-02,2020020201019403,GMFBS,36,26,150,848.00,"127,200.00"
2020-02-02,2020020201019402,GMFBS,7,26,10,850.00,"8,500.00"
2020-02-02,2020020201019178,GMFBS,46,10,15,849.00,"12,735.00"
2020-02-02,2020020201019386,GMFIL,48,43,170,134.00,"22,780.00"
2020-02-02,2020020201019613,HBL,34,34,459,514.00,"235,926.00"
2020-02-02,2020020201019612,HBL,34,34,531,514.00,"272,934.00"
2020-02-02,2020020201019611,HBL,32,34,10,517.00,"5,170.00"
2020-02-02,2020020201019380,HBL,34,19,454,514.00,"233,356.00"
2020-02-02,2020020201019379,HBL,16,19,100,515.00,"51,500.00"
2020-02-02,2020020201019378,HBL,44,19,11,515.00,"5,665.00"
2020-02-02,2020020201019578,HDL,57,52,100,"1,220.00","122,000.00"
2020-02-02,2020020201019551,HDL,54,26,100,"1,220.00","122,000.00"
2020-02-02,2020020201019246,HDL,54,40,200,"1,220.00","244,000.00"
2020-02-02,2020020201019554,HGI,17,8,90,422.00,"37,980.00"
2020-02-02,2020020201019553,HGI,17,51,10,422.00,"4,220.00"
2020-02-02,2020020201019520,HGI,20,42,200,420.00,"84,000.00"
2020-02-02,2020020201019519,HGI,20,58,300,420.00,"126,000.00"
2020-02-02,2020020201019434,HGI,57,58,200,420.00,"84,000.00"
2020-02-02,2020020201019215,HGI,51,8,100,419.00,"41,900.00"
2020-02-02,2020020201019525,HIDCL,1,51,705,139.00,"97,995.00"
2020-02-02,2020020201019337,HIDCL,1,22,287,139.00,"39,893.00"
2020-02-02,2020020201019180,HIDCL,1,53,31,139.00,"4,309.00"
2020-02-02,2020020201019200,HPPL,5,53,10,147.00,"1,470.00"
2020-02-02,2020020201019171,HURJA,7,8,10,108.00,"1,080.00"
2020-02-02,2020020201019440,IGI,13,57,153,435.00,"66,555.00"
2020-02-02,2020020201019439,IGI,47,57,250,435.00,"108,750.00"
2020-02-02,2020020201019438,IGI,37,57,70,435.00,"30,450.00"
2020-02-02,2020020201019436,IGI,32,57,200,437.00,"87,400.00"
2020-02-02,2020020201019394,IGI,37,8,100,435.00,"43,500.00"
2020-02-02,2020020201019305,JBBL,17,53,16,189.00,"3,024.00"
2020-02-02,2020020201019496,JFL,1,17,800,190.00,"152,000.00"
2020-02-02,2020020201019495,JFL,38,17,10,190.00,"1,900.00"
2020-02-02,2020020201019471,JOSHI,45,45,20,63.00,"1,260.00"
2020-02-02,2020020201019224,JOSHI,45,22,20,64.00,"1,280.00"
2020-02-02,2020020201019223,JOSHI,45,42,20,64.00,"1,280.00"
2020-02-02,2020020201019222,JOSHI,45,42,20,64.00,"1,280.00"
2020-02-02,2020020201019528,KBL,55,45,87,198.00,"17,226.00"
2020-02-02,2020020201019333,KKHC,51,53,16,60.00,960.00
2020-02-02,2020020201019559,KRBL,47,38,20,112.00,"2,240.00"
2020-02-02,2020020201019282,KSBBL,22,1,202,158.00,"31,916.00"
2020-02-02,2020020201019196,KSBBL,22,21,98,158.00,"15,484.00"
2020-02-02,2020020201019384,LBBL,40,51,35,194.00,"6,790.00"
2020-02-02,2020020201019188,LBBL,40,35,329,194.00,"63,826.00"
2020-02-02,2020020201019393,LBL,13,46,217,227.00,"49,259.00"
2020-02-02,2020020201019392,LBL,13,42,25,227.00,"5,675.00"
2020-02-02,2020020201019391,LBL,13,6,146,227.00,"33,142.00"
2020-02-02,2020020201019539,LGIL,58,52,11,474.00,"5,214.00"
2020-02-02,2020020201019480,LGIL,20,43,490,473.00,"231,770.00"
2020-02-02,2020020201019348,LGIL,58,43,200,473.00,"94,600.00"
2020-02-02,2020020201019265,LGIL,54,13,"1,000",472.00,"472,000.00"
2020-02-02,2020020201019141,LGIL,10,43,110,473.00,"52,030.00"
2020-02-02,2020020201019591,LICN,40,25,95,"1,241.00","117,895.00"
2020-02-02,2020020201019590,LICN,50,25,103,"1,242.00","127,926.00"
2020-02-02,2020020201019589,LICN,40,25,12,"1,243.00","14,916.00"
2020-02-02,2020020201019341,MBL,38,14,151,238.00,"35,938.00"
2020-02-02,2020020201019340,MBL,40,14,349,238.00,"83,062.00"
2020-02-02,2020020201019205,MBL,40,28,151,238.00,"35,938.00"
2020-02-02,2020020201019204,MBL,38,28,100,238.00,"23,800.00"
2020-02-02,2020020201019203,MBL,39,28,119,238.00,"28,322.00"
2020-02-02,2020020201019202,MBL,29,28,27,239.00,"6,453.00"
2020-02-02,2020020201019607,MEGA,48,6,100,204.00,"20,400.00"
2020-02-02,2020020201019606,MEGA,48,28,145,204.00,"29,580.00"
2020-02-02,2020020201019269,MEGA,48,28,55,204.00,"11,220.00"
2020-02-02,2020020201019268,MEGA,48,8,945,204.00,"192,780.00"
2020-02-02,2020020201019248,MEGA,1,8,55,204.00,"11,220.00"
2020-02-02,2020020201019247,MEGA,1,55,195,204.00,"39,780.00"
2020-02-02,2020020201019237,MEGA,22,45,27,203.00,"5,481.00"
2020-02-02,2020020201019524,MERO,6,34,20,688.00,"13,760.00"
2020-02-02,2020020201019142,MERO,6,4,40,688.00,"27,520.00"
2020-02-02,2020020201019359,MERO,6,53,33,688.00,"22,704.00"
2020-02-02,2020020201019493,MHNL,53,22,30,90.00,"2,700.00"
2020-02-02,2020020201019492,MHNL,53,34,170,90.00,"15,300.00"
2020-02-02,2020020201019382,MNBBL,16,48,40,328.00,"13,120.00"
2020-02-02,2020020201019381,MNBBL,6,48,960,328.00,"314,880.00"
2020-02-02,2020020201019342,MNBBL,6,45,600,329.00,"197,400.00"
2020-02-02,2020020201019232,MNBBL,40,45,400,329.00,"131,600.00"
2020-02-02,2020020201019231,MNBBL,40,6,100,329.00,"32,900.00"
2020-02-02,2020020201019138,MNBBL,6,47,40,328.00,"13,120.00"
2020-02-02,2020020201019508,MPFL,35,26,10,156.00,"1,560.00"
2020-02-02,2020020201019548,MSMBS,13,28,22,760.00,"16,720.00"
2020-02-02,2020020201019547,MSMBS,47,28,50,760.00,"38,000.00"
2020-02-02,2020020201019546,MSMBS,22,28,201,760.00,"152,760.00"
2020-02-02,2020020201019545,MSMBS,49,28,100,761.00,"76,100.00"
2020-02-02,2020020201019594,NADEP,16,34,23,712.00,"16,376.00"
2020-02-02,2020020201019549,NADEP,45,18,23,715.00,"16,445.00"
2020-02-02,2020020201019506,NADEP,44,10,23,711.00,"16,353.00"
2020-02-02,2020020201019497,NADEP,44,11,23,711.00,"16,353.00"
2020-02-02,2020020201019395,NADEP,17,53,10,711.00,"7,110.00"
2020-02-02,2020020201019158,NADEP,17,32,60,711.00,"42,660.00"
2020-02-02,2020020201019137,NADEP,17,32,50,711.00,"35,550.00"
2020-02-02,2020020201019365,NBB,45,28,500,213.00,"106,500.00"
2020-02-02,2020020201019364,NBB,45,22,302,213.00,"64,326.00"
2020-02-02,2020020201019363,NBB,45,41,"1,328",213.00,"282,864.00"
2020-02-02,2020020201019362,NBB,45,41,200,213.00,"42,600.00"
2020-02-02,2020020201019361,NBB,45,56,200,213.00,"42,600.00"
2020-02-02,2020020201019360,NBB,45,25,"1,478",213.00,"314,814.00"
2020-02-02,2020020201019328,NBB,47,33,12,212.00,"2,544.00"
2020-02-02,2020020201019577,NBL,35,42,117,274.00,"32,058.00"
2020-02-02,2020020201019576,NBL,35,59,83,274.00,"22,742.00"
2020-02-02,2020020201019276,NBL,48,59,797,274.00,"218,378.00"
2020-02-02,2020020201019275,NBL,48,36,172,274.00,"47,128.00"
2020-02-02,2020020201019274,NBL,48,17,"1,000",274.00,"274,000.00"
2020-02-02,2020020201019273,NBL,48,57,"1,301",274.00,"356,474.00"
2020-02-02,2020020201019272,NBL,48,25,230,274.00,"63,020.00"
2020-02-02,2020020201019627,NCCB,48,45,60,202.00,"12,120.00"
2020-02-02,2020020201019626,NCCB,48,36,40,202.00,"8,080.00"
2020-02-02,2020020201019459,NCCB,35,19,300,201.00,"60,300.00"
2020-02-02,2020020201019437,NCCB,35,35,300,201.00,"60,300.00"
2020-02-02,2020020201019150,NCCB,35,17,394,201.00,"79,194.00"
2020-02-02,2020020201019149,NCCB,4,17,50,201.00,"10,050.00"
2020-02-02,2020020201019148,NCCB,17,17,156,201.00,"31,356.00"
2020-02-02,2020020201019435,NGPL,1,53,11,115.00,"1,265.00"
2020-02-02,2020020201019421,NGPL,1,11,178,115.00,"20,470.00"
2020-02-02,2020020201019376,NGPL,41,42,158,116.00,"18,328.00"
2020-02-02,2020020201019457,NHDL,56,53,10,122.00,"1,220.00"
2020-02-02,2020020201019354,NIB,35,22,21,395.00,"8,295.00"
2020-02-02,2020020201019353,NIB,38,22,23,395.00,"9,085.00"
2020-02-02,2020020201019173,NIB,38,35,69,395.00,"27,255.00"
2020-02-02,2020020201019430,NIBPO,8,4,"1,000",360.00,"360,000.00"
2020-02-02,2020020201019429,NIBPO,44,4,200,360.00,"72,000.00"
2020-02-02,2020020201019162,NIBPO,22,4,100,362.00,"36,200.00"
2020-02-02,2020020201019580,NICL,5,39,120,420.00,"50,400.00"
2020-02-02,2020020201019557,NICL,5,39,60,420.00,"25,200.00"
2020-02-02,2020020201019542,NICL,32,39,290,420.00,"121,800.00"
2020-02-02,2020020201019538,NICL,5,39,200,420.00,"84,000.00"
2020-02-02,2020020201019494,NICL,5,20,170,419.00,"71,230.00"
2020-02-02,2020020201019277,NICL,6,39,100,420.00,"42,000.00"
2020-02-02,2020020201019442,NICL,6,20,30,419.00,"12,570.00"
2020-02-02,2020020201019332,NICL,57,39,230,420.00,"96,600.00"
2020-02-02,2020020201019375,NIL,40,58,500,530.00,"265,000.00"
2020-02-02,2020020201019374,NIL,40,17,118,530.00,"62,540.00"
2020-02-02,2020020201019350,NIL,42,22,300,528.00,"158,400.00"
2020-02-02,2020020201019278,NIL,42,21,132,528.00,"69,696.00"
2020-02-02,2020020201019456,NLBBL,6,32,200,781.00,"156,200.00"
2020-02-02,2020020201019575,NLG,26,46,20,880.00,"17,600.00"
2020-02-02,2020020201019561,NLG,44,1,100,876.00,"87,600.00"
2020-02-02,2020020201019304,NLG,21,46,50,880.00,"44,000.00"
2020-02-02,2020020201019303,NLG,21,45,50,879.00,"43,950.00"
2020-02-02,2020020201019482,NLIC,33,53,22,"1,127.00","24,794.00"
2020-02-02,2020020201019479,NLIC,33,46,78,"1,127.00","87,906.00"
2020-02-02,2020020201019478,NLIC,45,46,22,"1,128.00","24,816.00"
2020-02-02,2020020201019428,NLIC,45,22,86,"1,128.00","97,008.00"
2020-02-02,2020020201019389,NLIC,45,17,70,"1,128.00","78,960.00"
2020-02-02,2020020201019357,NLIC,32,58,38,"1,131.00","42,978.00"
2020-02-02,2020020201019356,NLIC,32,53,15,"1,131.00","16,965.00"
2020-02-02,2020020201019355,NLIC,32,45,47,"1,130.00","53,110.00"
2020-02-02,2020020201019315,NLIC,45,44,172,"1,128.00","194,016.00"
2020-02-02,2020020201019136,NLIC,33,4,22,"1,127.00","24,794.00"
2020-02-02,2020020201019579,NLICL,46,44,51,659.00,"33,609.00"
2020-02-02,2020020201019433,NLICL,47,17,81,657.00,"53,217.00"
2020-02-02,2020020201019432,NLICL,26,17,69,658.00,"45,402.00"
2020-02-02,2020020201019390,NLICL,26,28,414,658.00,"272,412.00"
2020-02-02,2020020201019244,NLICL,26,49,17,658.00,"11,186.00"
2020-02-02,2020020201019184,NMB,54,4,100,369.00,"36,900.00"
2020-02-02,2020020201019441,NMBMF,29,34,10,905.00,"9,050.00"
2020-02-02,2020020201019505,NMFBS,16,53,15,"1,620.00","24,300.00"
2020-02-02,2020020201019431,NSEWA,58,19,10,713.00,"7,130.00"
2020-02-02,2020020201019385,NSEWA,58,19,50,713.00,"35,650.00"
2020-02-02,2020020201019529,PCBL,34,25,946,283.00,"267,718.00"
2020-02-02,2020020201019473,PCBL,34,53,205,283.00,"58,015.00"
2020-02-02,2020020201019472,PCBL,17,53,84,283.00,"23,772.00"
2020-02-02,2020020201019450,PCBL,6,53,211,284.00,"59,924.00"
2020-02-02,2020020201019262,PFL,41,41,13,160.00,"2,080.00"
2020-02-02,2020020201019608,PIC,40,34,50,566.00,"28,300.00"
2020-02-02,2020020201019527,PIC,28,50,50,570.00,"28,500.00"
2020-02-02,2020020201019401,PIC,55,50,100,570.00,"57,000.00"
2020-02-02,2020020201019400,PIC,55,42,100,570.00,"57,000.00"
2020-02-02,2020020201019399,PIC,55,34,300,569.00,"170,700.00"
2020-02-02,2020020201019284,PIC,40,42,43,566.00,"24,338.00"
2020-02-02,2020020201019179,PIC,4,42,57,568.00,"32,376.00"
2020-02-02,2020020201019175,PIC,4,56,55,568.00,"31,240.00"
2020-02-02,2020020201019610,PICL,17,1,10,678.00,"6,780.00"
2020-02-02,2020020201019609,PICL,17,1,90,678.00,"61,020.00"
2020-02-02,2020020201019243,PICL,17,22,200,680.00,"136,000.00"
2020-02-02,2020020201019168,PLIC,22,26,50,565.00,"28,250.00"
2020-02-02,2020020201019167,PLIC,22,5,317,565.00,"179,105.00"
2020-02-02,2020020201019582,PMHPL,54,45,10,87.00,870.00
2020-02-02,2020020201019581,PMHPL,54,45,10,87.00,870.00
2020-02-02,2020020201019521,PMHPL,36,53,10,86.00,860.00
2020-02-02,2020020201019601,PPCL,37,45,30,120.00,"3,600.00"
2020-02-02,2020020201019558,PRIN,58,17,200,444.00,"88,800.00"
2020-02-02,2020020201019504,PRIN,56,36,100,441.00,"44,100.00"
2020-02-02,2020020201019502,PRIN,58,10,20,443.00,"8,860.00"
2020-02-02,2020020201019501,PRIN,58,48,450,443.00,"199,350.00"
2020-02-02,2020020201019500,PRIN,58,28,60,443.00,"26,580.00"
2020-02-02,2020020201019499,PRIN,58,16,883,443.00,"391,169.00"
2020-02-02,2020020201019285,PRIN,58,58,"1,000",439.00,"439,000.00"
2020-02-02,2020020201019245,PRIN,58,34,500,439.00,"219,500.00"
2020-02-02,2020020201019498,PRIN,58,38,236,443.00,"104,548.00"
2020-02-02,2020020201019413,PRIN,56,58,500,442.00,"221,000.00"
2020-02-02,2020020201019336,PRIN,58,44,120,439.00,"52,680.00"
2020-02-02,2020020201019335,PRIN,58,44,880,440.00,"387,200.00"
2020-02-02,2020020201019331,PRIN,58,8,100,440.00,"44,000.00"
2020-02-02,2020020201019330,PRIN,58,42,20,440.00,"8,800.00"
2020-02-02,2020020201019585,PROFL,33,55,200,108.00,"21,600.00"
2020-02-02,2020020201019622,PRVU,8,46,999,263.00,"262,737.00"
2020-02-02,2020020201019517,PRVU,8,58,500,263.00,"131,500.00"
2020-02-02,2020020201019516,PRVU,8,49,251,263.00,"66,013.00"
2020-02-02,2020020201019515,PRVU,8,49,50,263.00,"13,150.00"
2020-02-02,2020020201019514,PRVU,8,4,200,263.00,"52,600.00"
2020-02-02,2020020201019344,PRVU,8,4,"1,800",263.00,"473,400.00"
2020-02-02,2020020201019343,PRVU,8,58,200,263.00,"52,600.00"
2020-02-02,2020020201019300,PRVU,8,1,227,263.00,"59,701.00"
2020-02-02,2020020201019151,PRVU,8,26,"1,200",263.00,"315,600.00"
2020-02-02,2020020201019452,RADHI,52,22,12,148.00,"1,776.00"
2020-02-02,2020020201019236,RADHI,52,21,12,148.00,"1,776.00"
2020-02-02,2020020201019605,RBCL,56,11,40,"9,000.00","360,000.00"
2020-02-02,2020020201019543,RBCL,56,3,20,"8,999.00","179,980.00"
2020-02-02,2020020201019264,RBCL,41,11,53,"9,000.00","477,000.00"
2020-02-02,2020020201019481,RHPC,16,22,21,76.00,"1,596.00"
2020-02-02,2020020201019316,RHPC,16,34,18,76.00,"1,368.00"
2020-02-02,2020020201019383,RHPL,45,54,40,164.00,"6,560.00"
2020-02-02,2020020201019263,RHPL,45,45,50,164.00,"8,200.00"
2020-02-02,2020020201019165,RHPL,45,4,50,164.00,"8,200.00"
2020-02-02,2020020201019159,RHPL,45,45,50,164.00,"8,200.00"
2020-02-02,2020020201019140,RHPL,45,44,10,164.00,"1,640.00"
2020-02-02,2020020201019317,RMDC,17,28,10,680.00,"6,800.00"
2020-02-02,2020020201019271,RMDC,37,33,111,676.00,"75,036.00"
2020-02-02,2020020201019164,RMDC,56,34,500,678.00,"339,000.00"
2020-02-02,2020020201019163,RMDC,49,34,500,678.00,"339,000.00"
2020-02-02,2020020201019230,RRHP,19,22,10,98.00,980.00
2020-02-02,2020020201019144,RRHP,47,10,10,99.00,990.00
2020-02-02,2020020201019143,RRHP,47,45,255,99.00,"25,245.00"
2020-02-02,2020020201019550,RSDC,45,43,500,485.00,"242,500.00"
2020-02-02,2020020201019313,SABSL,25,57,160,875.00,"140,000.00"
2020-02-02,2020020201019312,SABSL,43,57,100,876.00,"87,600.00"
2020-02-02,2020020201019311,SABSL,26,57,100,876.00,"87,600.00"
2020-02-02,2020020201019267,SABSL,18,57,40,880.00,"35,200.00"
2020-02-02,2020020201019227,SABSL,18,29,10,880.00,"8,800.00"
2020-02-02,2020020201019212,SABSL,18,45,10,880.00,"8,800.00"
2020-02-02,2020020201019208,SABSL,18,37,10,880.00,"8,800.00"
2020-02-02,2020020201019169,SABSL,18,29,10,880.00,"8,800.00"
2020-02-02,2020020201019490,SANIMA,13,54,93,354.00,"32,922.00"
2020-02-02,2020020201019489,SANIMA,13,52,61,354.00,"21,594.00"
2020-02-02,2020020201019488,SANIMA,13,48,100,354.00,"35,400.00"
2020-02-02,2020020201019487,SANIMA,13,51,58,354.00,"20,532.00"
2020-02-02,2020020201019486,SANIMA,13,41,75,354.00,"26,550.00"
2020-02-02,2020020201019377,SANIMA,6,51,20,354.00,"7,080.00"
2020-02-02,2020020201019201,SANIMA,29,57,500,353.00,"176,500.00"
2020-02-02,2020020201019157,SAPDBL,4,45,51,144.00,"7,344.00"
2020-02-02,2020020201019544,SBI,35,35,"2,500",425.00,"1,062,500.00"
2020-02-02,2020020201019526,SBI,35,39,21,425.00,"8,925.00"
2020-02-02,2020020201019454,SBI,34,47,304,421.00,"127,984.00"
2020-02-02,2020020201019453,SBI,59,47,196,422.00,"82,712.00"
2020-02-02,2020020201019420,SBI,59,47,50,422.00,"21,100.00"
2020-02-02,2020020201019388,SBI,59,47,200,422.00,"84,400.00"
2020-02-02,2020020201019193,SBI,16,47,200,424.00,"84,800.00"
2020-02-02,2020020201019192,SBI,40,47,350,424.00,"148,400.00"
2020-02-02,2020020201019279,SBI,37,47,75,422.00,"31,650.00"
2020-02-02,2020020201019249,SBI,37,47,250,422.00,"105,500.00"
2020-02-02,2020020201019229,SBI,37,47,175,422.00,"73,850.00"
2020-02-02,2020020201019228,SBI,56,47,75,423.00,"31,725.00"
2020-02-02,2020020201019195,SBI,56,47,225,423.00,"95,175.00"
2020-02-02,2020020201019194,SBI,26,47,25,423.00,"10,575.00"
2020-02-02,2020020201019368,SBI,59,47,54,422.00,"22,788.00"
2020-02-02,2020020201019367,SBI,16,47,71,422.00,"29,962.00"
2020-02-02,2020020201019352,SBI,16,16,10,422.00,"4,220.00"
2020-02-02,2020020201019338,SBI,16,47,210,422.00,"88,620.00"
2020-02-02,2020020201019281,SBI,16,47,209,422.00,"88,198.00"
2020-02-02,2020020201019280,SBI,58,47,16,422.00,"6,752.00"
2020-02-02,2020020201019476,SBL,56,6,97,319.00,"30,943.00"
2020-02-02,2020020201019475,SBL,5,6,500,319.00,"159,500.00"
2020-02-02,2020020201019474,SBL,52,6,403,319.00,"128,557.00"
2020-02-02,2020020201019358,SCB,57,5,200,623.00,"124,600.00"
2020-02-02,2020020201019213,SCB,32,21,20,622.00,"12,440.00"
2020-02-02,2020020201019197,SCB,32,4,20,622.00,"12,440.00"
2020-02-02,2020020201019186,SCB,26,55,960,623.00,"598,080.00"
2020-02-02,2020020201019366,SEF,41,21,500,9.51,"4,755.00"
2020-02-02,2020020201019307,SEF,41,29,700,9.51,"6,657.00"
2020-02-02,2020020201019624,SHINE,39,4,900,262.00,"235,800.00"
2020-02-02,2020020201019623,SHINE,39,49,100,262.00,"26,200.00"
2020-02-02,2020020201019310,SHINE,4,1,"1,000",261.00,"261,000.00"
2020-02-02,2020020201019614,SHIVM,37,4,300,535.00,"160,500.00"
2020-02-02,2020020201019334,SHIVM,37,4,100,535.00,"53,500.00"
2020-02-02,2020020201019534,SHL,10,58,"1,000",208.00,"208,000.00"
2020-02-02,2020020201019252,SHL,10,46,977,208.00,"203,216.00"
2020-02-02,2020020201019155,SHL,58,34,"1,000",206.00,"206,000.00"
2020-02-02,2020020201019477,SIC,39,51,50,739.00,"36,950.00"
2020-02-02,2020020201019318,SIC,39,4,163,732.00,"119,316.00"
2020-02-02,2020020201019257,SIC,44,4,"1,000",732.00,"732,000.00"
2020-02-02,2020020201019256,SIC,33,4,100,733.00,"73,300.00"
2020-02-02,2020020201019255,SIC,34,4,200,733.00,"146,600.00"
2020-02-02,2020020201019254,SIC,21,4,37,736.00,"27,232.00"
2020-02-02,2020020201019221,SIC,39,41,190,738.00,"140,220.00"
2020-02-02,2020020201019603,SICL,34,5,151,"1,165.00","175,915.00"
2020-02-02,2020020201019602,SICL,34,51,39,"1,165.00","45,435.00"
2020-02-02,2020020201019556,SICL,34,58,310,"1,162.00","360,220.00"
2020-02-02,2020020201019540,SICL,58,34,177,"1,160.00","205,320.00"
2020-02-02,2020020201019523,SICL,34,58,165,"1,162.00","191,730.00"
2020-02-02,2020020201019522,SICL,34,46,35,"1,161.00","40,635.00"
2020-02-02,2020020201019510,SICL,58,46,265,"1,161.00","307,665.00"
2020-02-02,2020020201019373,SICL,58,55,297,"1,160.00","344,520.00"
2020-02-02,2020020201019185,SICL,58,34,20,"1,160.00","23,200.00"
2020-02-02,2020020201019172,SICL,58,14,300,"1,160.00","348,000.00"
2020-02-02,2020020201019615,SIL,37,44,200,575.00,"115,000.00"
2020-02-02,2020020201019600,SIL,44,46,195,572.00,"111,540.00"
2020-02-02,2020020201019599,SIL,45,46,200,573.00,"114,600.00"
2020-02-02,2020020201019598,SIL,4,46,405,573.00,"232,065.00"
2020-02-02,2020020201019507,SIL,4,17,95,573.00,"54,435.00"
2020-02-02,2020020201019485,SIL,53,44,50,576.00,"28,800.00"
2020-02-02,2020020201019484,SIL,25,44,41,576.00,"23,616.00"
2020-02-02,2020020201019483,SIL,58,44,70,578.00,"40,460.00"
2020-02-02,2020020201019469,SIL,58,48,30,578.00,"17,340.00"
2020-02-02,2020020201019176,SIL,25,44,50,579.00,"28,950.00"
2020-02-02,2020020201019156,SIL,25,50,59,576.00,"33,984.00"
2020-02-02,2020020201019630,SINDU,25,56,200,132.00,"26,400.00"
2020-02-02,2020020201019629,SINDU,57,56,200,132.00,"26,400.00"
2020-02-02,2020020201019295,SJCL,47,45,20,157.00,"3,140.00"
2020-02-02,2020020201019225,SJCL,47,4,20,157.00,"3,140.00"
2020-02-02,2020020201019214,SJCL,47,54,20,157.00,"3,140.00"
2020-02-02,2020020201019177,SJCL,47,45,10,157.00,"1,570.00"
2020-02-02,2020020201019588,SKBBL,22,4,535,990.00,"529,650.00"
2020-02-02,2020020201019509,SKBBL,22,39,500,989.00,"494,500.00"
2020-02-02,2020020201019345,SLBBL,6,34,10,858.00,"8,580.00"
2020-02-02,2020020201019183,SLBSL,11,32,100,847.00,"84,700.00"
2020-02-02,2020020201019182,SLBSL,11,1,100,846.00,"84,600.00"
2020-02-02,2020020201019628,SLICL,42,54,130,470.00,"61,100.00"
2020-02-02,2020020201019568,SLICL,40,11,200,472.00,"94,400.00"
2020-02-02,2020020201019555,SLICL,52,20,300,473.00,"141,900.00"
2020-02-02,2020020201019537,SLICL,40,55,300,472.00,"141,600.00"
2020-02-02,2020020201019161,SLICL,44,53,20,474.00,"9,480.00"
2020-02-02,2020020201019251,SMATA,50,57,65,782.00,"50,830.00"
2020-02-02,2020020201019427,SPARS,39,57,200,837.00,"167,400.00"
2020-02-02,2020020201019426,SPARS,21,57,50,838.00,"41,900.00"
2020-02-02,2020020201019425,SPARS,19,57,190,838.00,"159,220.00"
2020-02-02,2020020201019424,SPARS,20,57,10,838.00,"8,380.00"
2020-02-02,2020020201019423,SPARS,49,57,100,839.00,"83,900.00"
2020-02-02,2020020201019422,SPARS,26,57,100,840.00,"84,000.00"
2020-02-02,2020020201019270,SPARS,17,21,10,840.00,"8,400.00"
2020-02-02,2020020201019503,SPDL,13,22,15,101.00,"1,515.00"
2020-02-02,2020020201019308,SPDL,13,21,18,101.00,"1,818.00"
2020-02-02,2020020201019491,SRBL,52,49,293,254.00,"74,422.00"
2020-02-02,2020020201019349,SRBL,52,32,350,254.00,"88,900.00"
2020-02-02,2020020201019412,STC,49,55,50,"2,400.00","120,000.00"
2020-02-02,2020020201019411,STC,55,55,30,"2,401.00","72,030.00"
2020-02-02,2020020201019410,STC,26,55,100,"2,401.00","240,100.00"
2020-02-02,2020020201019409,STC,46,55,120,"2,402.00","288,240.00"
2020-02-02,2020020201019408,STC,52,55,100,"2,405.00","240,500.00"
2020-02-02,2020020201019407,STC,25,55,30,"2,406.00","72,180.00"
2020-02-02,2020020201019406,STC,56,55,20,"2,406.00","48,120.00"
2020-02-02,2020020201019405,STC,40,55,200,"2,407.00","481,400.00"
2020-02-02,2020020201019621,UIC,41,32,77,428.00,"32,956.00"
2020-02-02,2020020201019620,UIC,56,32,200,428.00,"85,600.00"
2020-02-02,2020020201019619,UIC,42,32,10,428.00,"4,280.00"
2020-02-02,2020020201019618,UIC,36,32,45,428.00,"19,260.00"
2020-02-02,2020020201019617,UIC,38,32,18,429.00,"7,722.00"
2020-02-02,2020020201019616,UIC,25,32,50,429.00,"21,450.00"
2020-02-02,2020020201019398,UIC,57,39,200,430.00,"86,000.00"
2020-02-02,2020020201019397,UIC,50,39,400,431.00,"172,400.00"
2020-02-02,2020020201019396,UIC,41,39,100,432.00,"43,200.00"
2020-02-02,2020020201019518,UPCL,48,22,50,73.00,"3,650.00"
2020-02-02,2020020201019625,UPPER,50,40,57,242.00,"13,794.00"
2020-02-02,2020020201019596,UPPER,50,54,40,242.00,"9,680.00"
2020-02-02,2020020201019567,UPPER,34,51,50,242.00,"12,100.00"
2020-02-02,2020020201019566,UPPER,36,51,100,242.00,"24,200.00"
2020-02-02,2020020201019565,UPPER,38,51,100,242.00,"24,200.00"
2020-02-02,2020020201019564,UPPER,1,51,37,242.00,"8,954.00"
2020-02-02,2020020201019306,UPPER,11,45,20,243.00,"4,860.00"
2020-02-02,2020020201019294,UPPER,1,4,40,242.00,"9,680.00"
2020-02-02,2020020201019139,VLBS,3,14,10,995.00,"9,950.00"
2020-02-02,2020020201019552,WOMI,34,43,18,"1,028.00","18,504.00"
2020-02-02,2020020201019199,WOMI,3,58,22,"1,024.00","22,528.00"
2020-02-02,2020020201019198,WOMI,49,58,67,"1,024.00","68,608.00"
2020-02-02,2020020201019077,AKPL,11,22,13,123.00,"1,599.00"
2020-02-02,2020020201019043,AKPL,11,53,20,123.00,"2,460.00"
2020-02-02,2020020201018956,AKPL,11,39,50,123.00,"6,150.00"
2020-02-02,2020020201018955,AKPL,6,39,650,123.00,"79,950.00"
2020-02-02,2020020201018767,AKPL,35,40,"2,400",124.00,"297,600.00"
2020-02-02,2020020201018645,AKPL,6,53,20,123.00,"2,460.00"
2020-02-02,2020020201019055,ALBSL,26,53,10,733.00,"7,330.00"
2020-02-02,2020020201018704,ALBSL,17,51,50,732.00,"36,600.00"
2020-02-02,2020020201018703,ALBSL,43,51,50,732.00,"36,600.00"
2020-02-02,2020020201018663,ALBSL,43,53,10,732.00,"7,320.00"
2020-02-02,2020020201019100,ALICL,5,55,100,565.00,"56,500.00"
2020-02-02,2020020201019040,ALICL,26,42,300,566.00,"169,800.00"
2020-02-02,2020020201018953,ALICL,26,14,200,566.00,"113,200.00"
2020-02-02,2020020201018934,ALICL,5,46,307,565.00,"173,455.00"
2020-02-02,2020020201018810,ALICL,57,36,"1,000",565.00,"565,000.00"
2020-02-02,2020020201018809,ALICL,49,36,500,565.00,"282,500.00"
2020-02-02,2020020201018808,ALICL,14,36,200,565.00,"113,000.00"
2020-02-02,2020020201018807,ALICL,14,36,400,565.00,"226,000.00"
2020-02-02,2020020201018806,ALICL,19,36,188,566.00,"106,408.00"
2020-02-02,2020020201018740,ALICL,19,57,100,569.00,"56,900.00"
2020-02-02,2020020201018813,ALICL,16,36,312,564.00,"175,968.00"
2020-02-02,2020020201018812,ALICL,6,36,100,564.00,"56,400.00"
2020-02-02,2020020201018811,ALICL,16,36,300,565.00,"169,500.00"
2020-02-02,2020020201018978,API,25,38,96,118.00,"11,328.00"
2020-02-02,2020020201018957,API,35,38,300,118.00,"35,400.00"
2020-02-02,2020020201018875,API,43,4,29,117.00,"3,393.00"
2020-02-02,2020020201018786,API,40,38,"1,500",118.00,"177,000.00"
2020-02-02,2020020201018785,API,53,38,500,118.00,"59,000.00"
2020-02-02,2020020201018784,API,34,38,300,118.00,"35,400.00"
2020-02-02,2020020201018783,API,42,38,554,118.00,"65,372.00"
2020-02-02,2020020201018675,API,42,53,29,118.00,"3,422.00"
2020-02-02,2020020201019105,BARUN,21,53,10,93.00,930.00
2020-02-02,2020020201019053,BARUN,21,45,42,93.00,"3,906.00"
2020-02-02,2020020201018654,BARUN,39,48,200,94.00,"18,800.00"
2020-02-02,2020020201018653,BARUN,39,48,50,94.00,"4,700.00"
2020-02-02,2020020201019132,BOKL,51,45,101,239.00,"24,139.00"
2020-02-02,2020020201018963,BOKL,51,26,100,239.00,"23,900.00"
2020-02-02,2020020201018922,BOKL,51,11,100,239.00,"23,900.00"
2020-02-02,2020020201018636,BOKL,11,39,100,240.00,"24,000.00"
2020-02-02,2020020201018994,BPCL,49,21,11,326.00,"3,586.00"
2020-02-02,2020020201018855,CBBL,26,53,200,999.00,"199,800.00"
2020-02-02,2020020201018854,CBBL,26,44,450,999.00,"449,550.00"
2020-02-02,2020020201018853,CBBL,26,44,50,998.00,"49,900.00"
2020-02-02,2020020201018852,CBBL,26,17,10,998.00,"9,980.00"
2020-02-02,2020020201018800,CBBL,58,54,300,997.00,"299,100.00"
2020-02-02,2020020201018644,CBBL,33,42,300,996.00,"298,800.00"
2020-02-02,2020020201018883,CBBL,26,4,50,999.00,"49,950.00"
2020-02-02,2020020201018857,CBBL,26,4,50,999.00,"49,950.00"
2020-02-02,2020020201018856,CBBL,26,25,50,999.00,"49,950.00"
2020-02-02,2020020201019078,CBL,43,26,29,149.00,"4,321.00"
2020-02-02,2020020201019046,CBL,14,42,100,148.00,"14,800.00"
2020-02-02,2020020201019131,CCBL,4,57,"1,071",188.00,"201,348.00"
2020-02-02,2020020201019076,CCBL,4,53,95,188.00,"17,860.00"
2020-02-02,2020020201018838,CIT,19,32,50,"2,333.00","116,650.00"
2020-02-02,2020020201018799,CIT,40,6,100,"2,329.00","232,900.00"
2020-02-02,2020020201019026,CMF1,26,21,500,9.70,"4,850.00"
2020-02-02,2020020201019108,CZBIL,51,53,10,201.00,"2,010.00"
2020-02-02,2020020201019006,CZBIL,57,49,100,202.00,"20,200.00"
2020-02-02,2020020201018951,CZBIL,51,25,863,201.00,"173,463.00"
2020-02-02,2020020201018891,CZBIL,51,4,14,201.00,"2,814.00"
2020-02-02,2020020201018890,CZBIL,45,4,500,201.00,"100,500.00"
2020-02-02,2020020201018780,CZBIL,49,49,200,202.00,"40,400.00"
2020-02-02,2020020201018766,CZBIL,34,49,500,202.00,"101,000.00"
2020-02-02,2020020201018765,CZBIL,26,49,923,202.00,"186,446.00"
2020-02-02,2020020201019124,DHPL,6,53,10,52.00,520.00
2020-02-02,2020020201019058,EBL,36,49,268,650.00,"174,200.00"
2020-02-02,2020020201019001,EBL,47,49,100,650.00,"65,000.00"
2020-02-02,2020020201019000,EBL,44,49,132,650.00,"85,800.00"
2020-02-02,2020020201018993,EBL,44,53,100,650.00,"65,000.00"
2020-02-02,2020020201018986,EBL,44,11,50,650.00,"32,500.00"
2020-02-02,2020020201018917,EBL,44,55,903,650.00,"586,950.00"
2020-02-02,2020020201018715,EBL,44,5,140,650.00,"91,000.00"
2020-02-02,2020020201018672,EBL,36,5,"1,000",651.00,"651,000.00"
2020-02-02,2020020201019002,EDBL,36,39,50,362.00,"18,100.00"
2020-02-02,2020020201018895,EDBL,16,39,50,362.00,"18,100.00"
2020-02-02,2020020201018894,EDBL,36,39,100,363.00,"36,300.00"
2020-02-02,2020020201019102,EIC,59,42,100,438.00,"43,800.00"
2020-02-02,2020020201019075,EIC,59,1,105,438.00,"45,990.00"
2020-02-02,2020020201019069,EIC,59,55,100,438.00,"43,800.00"
2020-02-02,2020020201018990,EIC,41,33,500,439.00,"219,500.00"
2020-02-02,2020020201018914,EIC,59,57,20,438.00,"8,760.00"
2020-02-02,2020020201018870,EIC,42,56,500,439.00,"219,500.00"
2020-02-02,2020020201019119,FMDBL,13,43,52,471.00,"24,492.00"
2020-02-02,2020020201019112,FMDBL,42,44,100,471.00,"47,100.00"
2020-02-02,2020020201018977,FMDBL,13,58,35,471.00,"16,485.00"
2020-02-02,2020020201018976,FMDBL,13,22,10,471.00,"4,710.00"
2020-02-02,2020020201018724,FMDBL,57,19,20,472.00,"9,440.00"
2020-02-02,2020020201018711,FOWAD,50,53,19,"1,383.00","26,277.00"
2020-02-02,2020020201019133,GBBL,4,34,"1,720",235.00,"404,200.00"
2020-02-02,2020020201019070,GBBL,26,38,165,235.00,"38,775.00"
2020-02-02,2020020201018999,GBBL,26,43,35,235.00,"8,225.00"
2020-02-02,2020020201018998,GBBL,20,43,154,235.00,"36,190.00"
2020-02-02,2020020201019020,GBIME,50,19,50,290.00,"14,500.00"
2020-02-02,2020020201018882,GBIME,50,17,29,290.00,"8,410.00"
2020-02-02,2020020201018824,GBIME,50,29,500,290.00,"145,000.00"
2020-02-02,2020020201018823,GBIME,50,29,365,290.00,"105,850.00"
2020-02-02,2020020201018822,GBIME,50,29,135,290.00,"39,150.00"
2020-02-02,2020020201018797,GBIME,50,42,405,290.00,"117,450.00"
2020-02-02,2020020201018664,GBIME,19,43,29,290.00,"8,410.00"
2020-02-02,2020020201018743,GBIME,38,25,100,289.00,"28,900.00"
2020-02-02,2020020201018742,GBIME,39,25,"1,826",289.00,"527,714.00"
2020-02-02,2020020201018739,GBIME,39,11,74,289.00,"21,386.00"
2020-02-02,2020020201018673,GBIME,39,29,211,289.00,"60,979.00"
2020-02-02,2020020201018666,GBIME,39,43,521,289.00,"150,569.00"
2020-02-02,2020020201018665,GBIME,44,43,50,290.00,"14,500.00"
