Date,Transact. No.,Symbol,Buyer,Seller,Quantity,Rate,Amount
2019-10-01,2019100101003491,ADBL,58,14,59,417.00,"24,603.00"
2019-10-01,2019100101003379,ADBL,53,1,370,418.00,"154,660.00"
2019-10-01,2019100101003335,ADBL,49,57,"3,486",417.00,"1,453,662.00"
2019-10-01,2019100101003286,ADBL,58,7,41,416.00,"17,056.00"
2019-10-01,2019100101003285,ADBL,7,7,37,416.00,"15,392.00"
2019-10-01,2019100101003190,ADBL,40,28,170,417.00,"70,890.00"
2019-10-01,2019100101003447,AKBSL,19,18,40,415.00,"16,600.00"
2019-10-01,2019100101003345,AKBSL,36,36,10,416.00,"4,160.00"
2019-10-01,2019100101003239,AKBSL,1,33,170,416.00,"70,720.00"
2019-10-01,2019100101003621,AKPL,41,16,991,139.00,"137,749.00"
2019-10-01,2019100101003681,ALBSL,39,1,30,434.00,"13,020.00"
2019-10-01,2019100101003645,ALBSL,25,55,35,433.00,"15,155.00"
2019-10-01,2019100101003633,ALBSL,39,58,10,433.00,"4,330.00"
2019-10-01,2019100101003483,ALBSL,39,14,20,431.00,"8,620.00"
2019-10-01,2019100101003448,ALBSL,39,21,10,431.00,"4,310.00"
2019-10-01,2019100101003235,ALBSL,26,21,10,430.00,"4,300.00"
2019-10-01,2019100101003231,ALBSL,7,21,10,431.00,"4,310.00"
2019-10-01,2019100101003225,ALBSL,7,21,10,431.00,"4,310.00"
2019-10-01,2019100101003218,ALBSL,7,21,10,431.00,"4,310.00"
2019-10-01,2019100101003191,ALBSL,1,47,10,431.00,"4,310.00"
2019-10-01,2019100101003308,ALBSL,39,17,10,431.00,"4,310.00"
2019-10-01,2019100101003281,ALBSL,26,21,10,430.00,"4,300.00"
2019-10-01,2019100101003269,ALBSL,26,21,10,430.00,"4,300.00"
2019-10-01,2019100101003255,ALBSL,26,21,10,430.00,"4,300.00"
2019-10-01,2019100101003249,ALBSL,26,21,10,430.00,"4,300.00"
2019-10-01,2019100101003238,ALBSL,26,21,10,430.00,"4,300.00"
2019-10-01,2019100101003314,ALBSL,39,40,10,433.00,"4,330.00"
2019-10-01,2019100101003313,ALBSL,39,4,10,433.00,"4,330.00"
2019-10-01,2019100101003312,ALBSL,39,40,10,433.00,"4,330.00"
2019-10-01,2019100101003311,ALBSL,39,40,10,433.00,"4,330.00"
2019-10-01,2019100101003310,ALBSL,39,40,10,433.00,"4,330.00"
2019-10-01,2019100101003309,ALBSL,39,55,30,433.00,"12,990.00"
2019-10-01,2019100101003334,ALICL,16,50,100,317.00,"31,700.00"
2019-10-01,2019100101003302,ALICL,14,14,105,316.00,"33,180.00"
2019-10-01,2019100101003354,API,49,25,400,115.00,"46,000.00"
2019-10-01,2019100101003273,API,25,25,18,115.00,"2,070.00"
2019-10-01,2019100101003272,API,25,38,100,114.00,"11,400.00"
2019-10-01,2019100101003271,API,25,39,421,114.00,"47,994.00"
2019-10-01,2019100101003216,API,25,39,324,114.00,"36,936.00"
2019-10-01,2019100101003197,API,5,39,500,114.00,"57,000.00"
2019-10-01,2019100101003565,BFC,8,6,20,91.00,"1,820.00"
2019-10-01,2019100101003351,BFC,8,58,50,92.00,"4,600.00"
2019-10-01,2019100101003678,BOKL,14,57,85,259.00,"22,015.00"
2019-10-01,2019100101003677,BOKL,14,25,166,259.00,"42,994.00"
2019-10-01,2019100101003676,BOKL,14,25,165,259.00,"42,735.00"
2019-10-01,2019100101003675,BOKL,14,51,370,259.00,"95,830.00"
2019-10-01,2019100101003674,BOKL,14,51,444,259.00,"114,996.00"
2019-10-01,2019100101003673,BOKL,14,37,202,259.00,"52,318.00"
2019-10-01,2019100101003672,BOKL,14,51,68,259.00,"17,612.00"
2019-10-01,2019100101003522,BOKL,34,25,336,257.00,"86,352.00"
2019-10-01,2019100101003521,BOKL,7,25,164,257.00,"42,148.00"
2019-10-01,2019100101003412,BOKL,13,29,80,258.00,"20,640.00"
2019-10-01,2019100101003247,BOKL,41,29,36,258.00,"9,288.00"
2019-10-01,2019100101003217,BOKL,28,29,300,258.00,"77,400.00"
2019-10-01,2019100101003443,BPCL,20,58,280,361.00,"101,080.00"
2019-10-01,2019100101003442,BPCL,20,43,20,361.00,"7,220.00"
2019-10-01,2019100101003427,CBBL,59,21,35,970.00,"33,950.00"
2019-10-01,2019100101003426,CBBL,3,21,10,971.00,"9,710.00"
2019-10-01,2019100101003537,CBL,43,53,10,144.00,"1,440.00"
2019-10-01,2019100101003297,CBL,40,7,30,143.00,"4,290.00"
2019-10-01,2019100101003240,CBL,14,53,"1,000",144.00,"144,000.00"
2019-10-01,2019100101003208,CBL,40,57,55,143.00,"7,865.00"
2019-10-01,2019100101003200,CBL,40,49,800,143.00,"114,400.00"
2019-10-01,2019100101003541,CCBL,21,7,118,155.00,"18,290.00"
2019-10-01,2019100101003540,CCBL,21,5,331,155.00,"51,305.00"
2019-10-01,2019100101003539,CCBL,21,43,16,155.00,"2,480.00"
2019-10-01,2019100101003387,CCBL,26,5,500,154.00,"77,000.00"
2019-10-01,2019100101003603,CHCL,19,56,19,421.00,"7,999.00"
2019-10-01,2019100101003453,CHCL,39,59,90,422.00,"37,980.00"
2019-10-01,2019100101003385,CHCL,19,52,100,421.00,"42,100.00"
2019-10-01,2019100101003337,CHCL,19,7,89,421.00,"37,469.00"
2019-10-01,2019100101003280,CHCL,19,19,32,421.00,"13,472.00"
2019-10-01,2019100101003279,CHCL,19,56,60,421.00,"25,260.00"
2019-10-01,2019100101003186,CHCL,46,56,20,420.00,"8,400.00"
2019-10-01,2019100101003486,CIT,6,22,10,"1,818.00","18,180.00"
2019-10-01,2019100101003602,CLBSL,10,37,90,473.00,"42,570.00"
2019-10-01,2019100101003601,CLBSL,48,37,38,474.00,"18,012.00"
2019-10-01,2019100101003489,CMF1,51,32,590,9.20,"5,428.00"
2019-10-01,2019100101003322,CZBIL,35,39,145,194.00,"28,130.00"
2019-10-01,2019100101003321,CZBIL,42,39,25,195.00,"4,875.00"
2019-10-01,2019100101003320,CZBIL,42,39,50,195.00,"9,750.00"
2019-10-01,2019100101003319,CZBIL,34,39,100,195.00,"19,500.00"
2019-10-01,2019100101003318,CZBIL,59,39,300,195.00,"58,500.00"
2019-10-01,2019100101003317,CZBIL,26,39,100,195.00,"19,500.00"
2019-10-01,2019100101003316,CZBIL,38,39,200,195.00,"39,000.00"
2019-10-01,2019100101003315,CZBIL,14,39,80,195.00,"15,600.00"
2019-10-01,2019100101003482,DBBL,57,26,150,128.00,"19,200.00"
2019-10-01,2019100101003655,EBL,6,33,160,577.00,"92,320.00"
2019-10-01,2019100101003652,EBL,33,33,180,577.00,"103,860.00"
2019-10-01,2019100101003333,EBL,33,51,20,576.00,"11,520.00"
2019-10-01,2019100101003612,EIC,39,51,200,240.00,"48,000.00"
2019-10-01,2019100101003604,EIC,58,14,79,237.00,"18,723.00"
2019-10-01,2019100101003564,EIC,6,14,92,237.00,"21,804.00"
2019-10-01,2019100101003563,EIC,42,14,100,238.00,"23,800.00"
2019-10-01,2019100101003460,EIC,49,51,50,240.00,"12,000.00"
2019-10-01,2019100101003254,EIC,6,41,408,237.00,"96,696.00"
2019-10-01,2019100101003661,FMDBL,47,57,20,319.00,"6,380.00"
2019-10-01,2019100101003185,FMDBL,34,51,100,320.00,"32,000.00"
2019-10-01,2019100101003184,FMDBL,37,51,200,320.00,"64,000.00"
2019-10-01,2019100101003429,GFCL,22,11,160,135.00,"21,600.00"
2019-10-01,2019100101003397,GFCL,59,11,400,135.00,"54,000.00"
2019-10-01,2019100101003600,GLBSL,26,6,120,436.00,"52,320.00"
2019-10-01,2019100101003237,GLICL,45,57,100,369.00,"36,900.00"
2019-10-01,2019100101003188,GLICL,41,38,200,370.00,"74,000.00"
2019-10-01,2019100101003490,GMFBS,56,54,10,460.00,"4,600.00"
2019-10-01,2019100101003336,GMFBS,14,14,10,460.00,"4,600.00"
2019-10-01,2019100101003396,HBL,32,6,50,500.00,"25,000.00"
2019-10-01,2019100101003368,HBL,14,39,206,495.00,"101,970.00"
2019-10-01,2019100101003367,HBL,58,39,10,496.00,"4,960.00"
2019-10-01,2019100101003671,HDL,26,53,50,"1,451.00","72,550.00"
2019-10-01,2019100101003625,HDL,26,53,30,"1,451.00","43,530.00"
2019-10-01,2019100101003624,HDL,32,53,20,"1,452.00","29,040.00"
2019-10-01,2019100101003465,HDL,58,58,"6,800","1,465.00","9,962,000.00"
2019-10-01,2019100101003187,HDL,32,53,100,"1,452.00","145,200.00"
2019-10-01,2019100101003620,HPPL,45,36,10,149.00,"1,490.00"
2019-10-01,2019100101003619,HPPL,45,21,10,147.00,"1,470.00"
2019-10-01,2019100101003618,HPPL,45,16,30,145.00,"4,350.00"
2019-10-01,2019100101003617,HPPL,45,47,30,143.00,"4,290.00"
2019-10-01,2019100101003508,HURJA,42,39,10,107.00,"1,070.00"
2019-10-01,2019100101003472,HURJA,42,39,20,107.00,"2,140.00"
2019-10-01,2019100101003434,HURJA,42,39,20,107.00,"2,140.00"
2019-10-01,2019100101003357,HURJA,42,39,10,107.00,"1,070.00"
2019-10-01,2019100101003356,HURJA,42,39,20,107.00,"2,140.00"
2019-10-01,2019100101003355,HURJA,42,39,20,107.00,"2,140.00"
2019-10-01,2019100101003199,HURJA,36,16,10,108.00,"1,080.00"
2019-10-01,2019100101003198,HURJA,36,43,20,108.00,"2,160.00"
2019-10-01,2019100101003192,HURJA,29,5,20,106.00,"2,120.00"
2019-10-01,2019100101003500,ICFC,34,52,10,161.00,"1,610.00"
2019-10-01,2019100101003571,IGI,45,52,100,300.00,"30,000.00"
2019-10-01,2019100101003570,IGI,45,11,100,299.00,"29,900.00"
2019-10-01,2019100101003468,ILBS,35,34,10,430.00,"4,300.00"
2019-10-01,2019100101003404,ILBS,14,14,10,422.00,"4,220.00"
2019-10-01,2019100101003347,ILBS,35,35,10,422.00,"4,220.00"
2019-10-01,2019100101003306,ILBS,57,6,50,425.00,"21,250.00"
2019-10-01,2019100101003262,ILBS,45,6,100,425.00,"42,500.00"
2019-10-01,2019100101003211,ILBS,35,35,10,426.00,"4,260.00"
2019-10-01,2019100101003481,JBBL,58,11,29,157.00,"4,553.00"
2019-10-01,2019100101003467,JBBL,58,11,29,157.00,"4,553.00"
2019-10-01,2019100101003509,JFL,56,1,300,196.00,"58,800.00"
2019-10-01,2019100101003341,JOSHI,7,7,20,56.00,"1,120.00"
2019-10-01,2019100101003380,KBL,1,7,72,179.00,"12,888.00"
2019-10-01,2019100101003359,KBL,14,7,100,180.00,"18,000.00"
2019-10-01,2019100101003291,KBL,14,32,108,180.00,"19,440.00"
2019-10-01,2019100101003290,KBL,42,32,100,180.00,"18,000.00"
2019-10-01,2019100101003572,LBBL,59,35,190,174.00,"33,060.00"
2019-10-01,2019100101003366,LBBL,42,50,800,174.00,"139,200.00"
2019-10-01,2019100101003644,LBL,34,16,10,215.00,"2,150.00"
2019-10-01,2019100101003402,LBL,6,16,238,214.00,"50,932.00"
2019-10-01,2019100101003462,LGIL,52,40,75,345.00,"25,875.00"
2019-10-01,2019100101003461,LGIL,46,40,75,345.00,"25,875.00"
2019-10-01,2019100101003554,LICN,21,10,10,"1,000.00","10,000.00"
2019-10-01,2019100101003519,LICN,25,10,10,"1,000.00","10,000.00"
2019-10-01,2019100101003504,LICN,47,25,30,996.00,"29,880.00"
2019-10-01,2019100101003445,LICN,43,10,150,995.00,"149,250.00"
2019-10-01,2019100101003393,LICN,25,1,50,999.00,"49,950.00"
2019-10-01,2019100101003450,LLBS,57,33,100,655.00,"65,500.00"
2019-10-01,2019100101003449,LLBS,40,33,30,655.00,"19,650.00"
2019-10-01,2019100101003666,MBL,14,37,100,225.00,"22,500.00"
2019-10-01,2019100101003665,MBL,14,53,200,225.00,"45,000.00"
2019-10-01,2019100101003664,MBL,14,16,40,225.00,"9,000.00"
2019-10-01,2019100101003464,MBL,14,48,279,224.00,"62,496.00"
2019-10-01,2019100101003444,MBL,14,50,200,224.00,"44,800.00"
2019-10-01,2019100101003263,MBL,59,48,200,223.00,"44,600.00"
2019-10-01,2019100101003639,MDB,44,45,100,251.00,"25,100.00"
2019-10-01,2019100101003682,MEGA,36,33,"1,000",194.00,"194,000.00"
2019-10-01,2019100101003284,MEGA,49,33,100,194.00,"19,400.00"
2019-10-01,2019100101003399,MEGA,47,36,150,193.00,"28,950.00"
2019-10-01,2019100101003352,MEGA,47,36,150,193.00,"28,950.00"
2019-10-01,2019100101003512,MEGA,57,18,500,194.00,"97,000.00"
2019-10-01,2019100101003511,MEGA,57,33,"1,283",194.00,"248,902.00"
2019-10-01,2019100101003548,MEGA,43,25,10,195.00,"1,950.00"
2019-10-01,2019100101003515,MEGA,57,49,"20,000",194.00,"3,880,000.00"
2019-10-01,2019100101003514,MEGA,57,37,500,194.00,"97,000.00"
2019-10-01,2019100101003513,MEGA,57,7,113,194.00,"21,922.00"
2019-10-01,2019100101003433,MERO,19,41,100,557.00,"55,700.00"
2019-10-01,2019100101003437,MLBL,40,52,"1,000",213.00,"213,000.00"
2019-10-01,2019100101003401,MLBL,25,29,500,213.00,"106,500.00"
2019-10-01,2019100101003395,MLBL,42,4,21,214.00,"4,494.00"
2019-10-01,2019100101003642,MNBBL,14,54,483,308.00,"148,764.00"
2019-10-01,2019100101003641,MNBBL,1,54,17,308.00,"5,236.00"
2019-10-01,2019100101003264,MNBBL,49,14,60,309.00,"18,540.00"
2019-10-01,2019100101003418,MSMBS,32,45,10,478.00,"4,780.00"
2019-10-01,2019100101003340,MSMBS,40,29,10,469.00,"4,690.00"
2019-10-01,2019100101003339,MSMBS,40,26,40,465.00,"18,600.00"
2019-10-01,2019100101003323,MSMBS,39,26,10,465.00,"4,650.00"
2019-10-01,2019100101003517,NABIL,36,22,53,772.00,"40,916.00"
2019-10-01,2019100101003680,NAGRO,35,35,10,716.00,"7,160.00"
2019-10-01,2019100101003424,NBB,25,48,50,211.00,"10,550.00"
2019-10-01,2019100101003301,NBB,34,58,21,210.00,"4,410.00"
2019-10-01,2019100101003300,NBB,16,58,50,210.00,"10,500.00"
2019-10-01,2019100101003236,NBB,41,48,200,211.00,"42,200.00"
2019-10-01,2019100101003205,NBB,51,45,30,211.00,"6,330.00"
2019-10-01,2019100101003386,NBL,42,6,25,316.00,"7,900.00"
2019-10-01,2019100101003230,NBL,42,6,25,316.00,"7,900.00"
2019-10-01,2019100101003215,NBL,49,57,50,315.00,"15,750.00"
2019-10-01,2019100101003441,NCCB,57,50,900,199.00,"179,100.00"
2019-10-01,2019100101003406,NCCB,57,32,61,200.00,"12,200.00"
2019-10-01,2019100101003405,NCCB,42,32,100,200.00,"20,000.00"
2019-10-01,2019100101003374,NCCB,42,57,100,200.00,"20,000.00"
2019-10-01,2019100101003373,NCCB,42,45,50,200.00,"10,000.00"
2019-10-01,2019100101003372,NCCB,42,51,250,200.00,"50,000.00"
2019-10-01,2019100101003324,NCCB,39,32,10,200.00,"2,000.00"
2019-10-01,2019100101003660,NEF,13,10,"91,240",7.32,"667,876.80"
2019-10-01,2019100101003659,NEF,17,10,"6,000",7.33,"43,980.00"
2019-10-01,2019100101003658,NEF,11,10,"2,000",7.40,"14,800.00"
2019-10-01,2019100101003657,NEF,22,10,160,7.52,"1,203.20"
2019-10-01,2019100101003656,NEF,6,10,600,7.52,"4,512.00"
2019-10-01,2019100101003583,NHDL,35,35,10,94.00,940.00
2019-10-01,2019100101003388,NHPC,20,56,"1,000",53.00,"53,000.00"
2019-10-01,2019100101003547,NIB,36,36,50,445.00,"22,250.00"
2019-10-01,2019100101003452,NIB,43,17,75,443.00,"33,225.00"
2019-10-01,2019100101003431,NIB,43,17,500,443.00,"221,500.00"
2019-10-01,2019100101003430,NIB,42,17,25,443.00,"11,075.00"
2019-10-01,2019100101003270,NIB,51,36,250,445.00,"111,250.00"
2019-10-01,2019100101003233,NIB,36,36,30,445.00,"13,350.00"
2019-10-01,2019100101003503,NIBPO,55,52,200,412.00,"82,400.00"
2019-10-01,2019100101003502,NIBPO,34,52,"2,660",412.00,"1,095,920.00"
2019-10-01,2019100101003485,NIBPO,1,52,500,413.00,"206,500.00"
2019-10-01,2019100101003484,NIBPO,8,52,500,414.00,"207,000.00"
2019-10-01,2019100101003670,NICA,54,14,100,384.00,"38,400.00"
2019-10-01,2019100101003669,NICA,54,17,100,384.00,"38,400.00"
2019-10-01,2019100101003668,NICA,54,53,150,384.00,"57,600.00"
2019-10-01,2019100101003667,NICA,54,25,150,384.00,"57,600.00"
2019-10-01,2019100101003569,NICA,50,22,47,383.00,"18,001.00"
2019-10-01,2019100101003568,NICA,50,35,201,383.00,"76,983.00"
2019-10-01,2019100101003567,NICA,50,48,30,383.00,"11,490.00"
2019-10-01,2019100101003566,NICA,50,21,688,383.00,"263,504.00"
2019-10-01,2019100101003546,NICA,57,21,50,383.00,"19,150.00"
2019-10-01,2019100101003428,NICA,40,52,104,382.00,"39,728.00"
2019-10-01,2019100101003403,NICA,40,34,100,382.00,"38,200.00"
2019-10-01,2019100101003370,NICA,40,7,75,382.00,"28,650.00"
2019-10-01,2019100101003362,NICL,43,56,10,270.00,"2,700.00"
2019-10-01,2019100101003350,NICL,25,56,10,270.00,"2,700.00"
2019-10-01,2019100101003330,NICL,35,56,"1,000",265.00,"265,000.00"
2019-10-01,2019100101003329,NICL,17,56,100,265.00,"26,500.00"
2019-10-01,2019100101003328,NICL,21,56,40,266.00,"10,640.00"
2019-10-01,2019100101003327,NICL,44,56,"1,000",266.00,"266,000.00"
2019-10-01,2019100101003326,NICL,32,56,30,266.00,"7,980.00"
2019-10-01,2019100101003325,NICL,26,56,400,267.00,"106,800.00"
2019-10-01,2019100101003646,NLG,6,6,10,577.00,"5,770.00"
2019-10-01,2019100101003549,NLG,25,45,10,578.00,"5,780.00"
2019-10-01,2019100101003523,NLG,7,6,21,568.00,"11,928.00"
2019-10-01,2019100101003400,NLG,25,25,10,579.00,"5,790.00"
2019-10-01,2019100101003381,NLG,7,6,23,570.00,"13,110.00"
2019-10-01,2019100101003637,NLIC,32,28,100,765.00,"76,500.00"
2019-10-01,2019100101003636,NLIC,41,28,142,765.00,"108,630.00"
2019-10-01,2019100101003635,NLIC,28,28,300,767.00,"230,100.00"
2019-10-01,2019100101003634,NLIC,40,28,50,767.00,"38,350.00"
2019-10-01,2019100101003613,NLIC,45,28,100,770.00,"77,000.00"
2019-10-01,2019100101003609,NLIC,45,28,27,770.00,"20,790.00"
2019-10-01,2019100101003608,NLIC,45,45,33,770.00,"25,410.00"
2019-10-01,2019100101003607,NLIC,45,32,80,770.00,"61,600.00"
2019-10-01,2019100101003451,NLIC,11,32,20,770.00,"15,400.00"
2019-10-01,2019100101003392,NLIC,45,28,360,769.00,"276,840.00"
2019-10-01,2019100101003383,NLIC,45,14,400,768.00,"307,200.00"
2019-10-01,2019100101003615,NLICL,43,6,10,475.00,"4,750.00"
2019-10-01,2019100101003599,NLICL,59,6,756,468.00,"353,808.00"
2019-10-01,2019100101003598,NLICL,43,6,60,468.00,"28,080.00"
2019-10-01,2019100101003597,NLICL,44,6,474,469.00,"222,306.00"
2019-10-01,2019100101003596,NLICL,56,6,100,469.00,"46,900.00"
2019-10-01,2019100101003595,NLICL,14,6,300,470.00,"141,000.00"
2019-10-01,2019100101003594,NLICL,47,6,80,470.00,"37,600.00"
2019-10-01,2019100101003593,NLICL,45,6,100,470.00,"47,000.00"
2019-10-01,2019100101003592,NLICL,17,6,100,470.00,"47,000.00"
2019-10-01,2019100101003591,NLICL,6,6,30,470.00,"14,100.00"
2019-10-01,2019100101003498,NLICL,43,25,10,474.00,"4,740.00"
2019-10-01,2019100101003369,NMBHF1,17,17,187,8.29,"1,550.23"
2019-10-01,2019100101003640,NMFBS,49,48,100,"1,666.00","166,600.00"
2019-10-01,2019100101003577,NTC,43,6,10,627.00,"6,270.00"
2019-10-01,2019100101003425,NTC,41,52,95,621.00,"58,995.00"
2019-10-01,2019100101003417,NTC,54,52,85,622.00,"52,870.00"
2019-10-01,2019100101003364,NTC,54,7,65,622.00,"40,430.00"
2019-10-01,2019100101003363,NTC,28,7,35,622.00,"21,770.00"
2019-10-01,2019100101003195,NTC,59,52,10,628.00,"6,280.00"
2019-10-01,2019100101003496,PCBL,14,5,10,267.00,"2,670.00"
2019-10-01,2019100101003495,PCBL,14,43,190,267.00,"50,730.00"
2019-10-01,2019100101003436,PCBL,41,43,500,267.00,"133,500.00"
2019-10-01,2019100101003423,PCBL,17,43,30,266.00,"7,980.00"
2019-10-01,2019100101003422,PCBL,54,43,100,266.00,"26,600.00"
2019-10-01,2019100101003421,PCBL,48,43,20,266.00,"5,320.00"
2019-10-01,2019100101003275,PCBL,14,37,100,269.00,"26,900.00"
2019-10-01,2019100101003246,PCBL,14,33,24,269.00,"6,456.00"
2019-10-01,2019100101003245,PCBL,14,25,100,269.00,"26,900.00"
2019-10-01,2019100101003244,PCBL,14,14,122,269.00,"32,818.00"
2019-10-01,2019100101003243,PCBL,14,45,54,268.00,"14,472.00"
2019-10-01,2019100101003420,PCBL,45,43,50,266.00,"13,300.00"
2019-10-01,2019100101003303,PCBL,25,43,100,267.00,"26,700.00"
2019-10-01,2019100101003293,PCBL,14,43,200,268.00,"53,600.00"
2019-10-01,2019100101003289,PCBL,47,43,10,268.00,"2,680.00"
2019-10-01,2019100101003277,PCBL,14,5,65,269.00,"17,485.00"
2019-10-01,2019100101003276,PCBL,14,33,35,269.00,"9,415.00"
2019-10-01,2019100101003296,PFL,57,52,30,135.00,"4,050.00"
2019-10-01,2019100101003623,PIC,8,6,10,373.00,"3,730.00"
2019-10-01,2019100101003371,PIC,52,33,100,368.00,"36,800.00"
2019-10-01,2019100101003348,PIC,45,6,500,370.00,"185,000.00"
2019-10-01,2019100101003299,PIC,58,6,287,370.00,"106,190.00"
2019-10-01,2019100101003298,PIC,58,43,13,370.00,"4,810.00"
2019-10-01,2019100101003274,PIC,17,17,20,368.00,"7,360.00"
2019-10-01,2019100101003663,PLIC,45,25,174,330.00,"57,420.00"
2019-10-01,2019100101003662,PLIC,45,16,88,329.00,"28,952.00"
2019-10-01,2019100101003616,PLIC,21,16,100,329.00,"32,900.00"
2019-10-01,2019100101003377,PLIC,7,50,20,325.00,"6,500.00"
2019-10-01,2019100101003376,PLIC,45,50,100,325.00,"32,500.00"
2019-10-01,2019100101003488,PRVU,43,20,10,264.00,"2,640.00"
2019-10-01,2019100101003458,PRVU,16,17,780,262.00,"204,360.00"
2019-10-01,2019100101003457,PRVU,25,17,100,262.00,"26,200.00"
2019-10-01,2019100101003456,PRVU,33,17,47,262.00,"12,314.00"
2019-10-01,2019100101003455,PRVU,51,17,100,263.00,"26,300.00"
2019-10-01,2019100101003454,PRVU,45,17,500,263.00,"131,500.00"
2019-10-01,2019100101003222,RADHI,17,57,11,134.00,"1,474.00"
2019-10-01,2019100101003382,RHPC,49,40,121,82.00,"9,922.00"
2019-10-01,2019100101003647,RHPL,52,44,"2,380",159.00,"378,420.00"
2019-10-01,2019100101003626,RHPL,58,44,200,159.00,"31,800.00"
2019-10-01,2019100101003553,RHPL,49,44,200,159.00,"31,800.00"
2019-10-01,2019100101003543,RHPL,40,44,220,159.00,"34,980.00"
2019-10-01,2019100101003533,RHPL,40,6,350,159.00,"55,650.00"
2019-10-01,2019100101003516,RHPL,40,39,20,159.00,"3,180.00"
2019-10-01,2019100101003193,RHPL,34,17,30,159.00,"4,770.00"
2019-10-01,2019100101003287,RHPL,54,17,30,159.00,"4,770.00"
2019-10-01,2019100101003282,RHPL,57,10,40,160.00,"6,400.00"
2019-10-01,2019100101003268,RHPL,54,36,40,159.00,"6,360.00"
2019-10-01,2019100101003241,RHPL,54,17,30,159.00,"4,770.00"
2019-10-01,2019100101003213,RHPL,54,5,20,159.00,"3,180.00"
2019-10-01,2019100101003212,RHPL,34,5,20,159.00,"3,180.00"
2019-10-01,2019100101003494,RHPL,40,34,10,159.00,"1,590.00"
2019-10-01,2019100101003493,RHPL,54,34,60,159.00,"9,540.00"
2019-10-01,2019100101003414,RHPL,54,6,700,159.00,"111,300.00"
2019-10-01,2019100101003394,RHPL,54,36,40,159.00,"6,360.00"
2019-10-01,2019100101003375,RHPL,54,57,40,159.00,"6,360.00"
2019-10-01,2019100101003360,RHPL,54,57,40,159.00,"6,360.00"
2019-10-01,2019100101003649,RSDC,42,50,72,324.00,"23,328.00"
2019-10-01,2019100101003440,RSDC,36,50,72,321.00,"23,112.00"
2019-10-01,2019100101003413,RSDC,6,50,30,324.00,"9,720.00"
2019-10-01,2019100101003338,RSDC,17,17,1,325.00,325.00
2019-10-01,2019100101003648,SABSL,39,16,10,460.00,"4,600.00"
2019-10-01,2019100101003631,SABSL,34,58,10,459.00,"4,590.00"
2019-10-01,2019100101003627,SABSL,39,6,120,450.00,"54,000.00"
2019-10-01,2019100101003576,SABSL,1,6,30,450.00,"13,500.00"
2019-10-01,2019100101003575,SABSL,1,6,20,450.00,"9,000.00"
2019-10-01,2019100101003574,SABSL,47,6,30,453.00,"13,590.00"
2019-10-01,2019100101003459,SABSL,35,35,10,454.00,"4,540.00"
2019-10-01,2019100101003384,SABSL,14,14,10,454.00,"4,540.00"
2019-10-01,2019100101003331,SABSL,57,57,10,455.00,"4,550.00"
2019-10-01,2019100101003227,SABSL,58,17,10,452.00,"4,520.00"
2019-10-01,2019100101003473,SANIMA,45,5,50,307.00,"15,350.00"
2019-10-01,2019100101003411,SANIMA,28,5,190,307.00,"58,330.00"
2019-10-01,2019100101003229,SAPDBL,52,38,59,130.00,"7,670.00"
2019-10-01,2019100101003628,SBI,11,42,45,405.00,"18,225.00"
2019-10-01,2019100101003614,SBI,36,13,10,409.00,"4,090.00"
2019-10-01,2019100101003470,SBI,25,45,100,405.00,"40,500.00"
2019-10-01,2019100101003469,SBI,5,45,100,405.00,"40,500.00"
2019-10-01,2019100101003611,SBL,36,28,100,334.00,"33,400.00"
2019-10-01,2019100101003610,SBL,42,58,500,333.00,"166,500.00"
2019-10-01,2019100101003446,SBL,45,28,100,334.00,"33,400.00"
2019-10-01,2019100101003391,SBL,33,35,"1,000",334.00,"334,000.00"
2019-10-01,2019100101003390,SBL,36,35,28,334.00,"9,352.00"
2019-10-01,2019100101003248,SBL,28,14,100,335.00,"33,500.00"
2019-10-01,2019100101003224,SBL,36,29,22,334.00,"7,348.00"
2019-10-01,2019100101003223,SBL,45,29,10,334.00,"3,340.00"
2019-10-01,2019100101003365,SCB,58,32,50,578.00,"28,900.00"
2019-10-01,2019100101003295,SCB,58,43,10,580.00,"5,800.00"
2019-10-01,2019100101003294,SCB,17,43,48,580.00,"27,840.00"
2019-10-01,2019100101003209,SCB,17,43,100,580.00,"58,000.00"
2019-10-01,2019100101003251,SDESI,45,6,50,610.00,"30,500.00"
2019-10-01,2019100101003520,SFFIL,6,45,50,195.00,"9,750.00"
2019-10-01,2019100101003632,SHIVM,51,41,100,520.00,"52,000.00"
2019-10-01,2019100101003630,SHIVM,51,43,200,520.00,"104,000.00"
2019-10-01,2019100101003622,SHIVM,51,35,100,520.00,"52,000.00"
2019-10-01,2019100101003606,SHIVM,25,57,150,521.00,"78,150.00"
2019-10-01,2019100101003605,SHIVM,25,22,50,520.00,"26,000.00"
2019-10-01,2019100101003589,SHIVM,58,5,30,519.00,"15,570.00"
2019-10-01,2019100101003194,SHIVM,51,6,50,521.00,"26,050.00"
2019-10-01,2019100101003474,SHIVM,35,22,100,521.00,"52,100.00"
2019-10-01,2019100101003361,SHIVM,55,26,100,521.00,"52,100.00"
2019-10-01,2019100101003305,SHIVM,38,59,50,521.00,"26,050.00"
2019-10-01,2019100101003261,SHIVM,6,54,100,521.00,"52,100.00"
2019-10-01,2019100101003232,SHIVM,32,5,200,521.00,"104,200.00"
2019-10-01,2019100101003210,SHIVM,51,38,50,521.00,"26,050.00"
2019-10-01,2019100101003499,SHIVM,4,32,100,520.00,"52,000.00"
2019-10-01,2019100101003492,SHIVM,1,38,100,521.00,"52,100.00"
2019-10-01,2019100101003478,SHIVM,35,22,30,521.00,"15,630.00"
2019-10-01,2019100101003477,SHIVM,51,22,50,521.00,"26,050.00"
2019-10-01,2019100101003476,SHIVM,22,22,20,521.00,"10,420.00"
2019-10-01,2019100101003475,SHIVM,3,22,10,521.00,"5,210.00"
2019-10-01,2019100101003527,SHIVM,58,39,10,520.00,"5,200.00"
2019-10-01,2019100101003526,SHIVM,35,39,50,520.00,"26,000.00"
2019-10-01,2019100101003525,SHIVM,56,39,50,520.00,"26,000.00"
2019-10-01,2019100101003524,SHIVM,4,39,55,520.00,"28,600.00"
2019-10-01,2019100101003505,SHIVM,36,38,100,521.00,"52,100.00"
2019-10-01,2019100101003534,SHIVM,44,17,20,520.00,"10,400.00"
2019-10-01,2019100101003532,SHIVM,44,39,480,520.00,"249,600.00"
2019-10-01,2019100101003531,SHIVM,45,39,10,520.00,"5,200.00"
2019-10-01,2019100101003530,SHIVM,20,39,100,520.00,"52,000.00"
2019-10-01,2019100101003529,SHIVM,20,39,100,520.00,"52,000.00"
2019-10-01,2019100101003528,SHIVM,3,39,20,520.00,"10,400.00"
2019-10-01,2019100101003550,SHIVM,39,28,290,520.00,"150,800.00"
2019-10-01,2019100101003545,SHIVM,50,28,200,520.00,"104,000.00"
2019-10-01,2019100101003544,SHIVM,29,28,160,520.00,"83,200.00"
2019-10-01,2019100101003538,SHIVM,29,22,300,520.00,"156,000.00"
2019-10-01,2019100101003536,SHIVM,29,17,340,520.00,"176,800.00"
2019-10-01,2019100101003535,SHIVM,54,17,50,520.00,"26,000.00"
2019-10-01,2019100101003561,SHIVM,3,46,10,519.00,"5,190.00"
2019-10-01,2019100101003560,SHIVM,34,46,100,519.00,"51,900.00"
2019-10-01,2019100101003559,SHIVM,43,46,50,519.00,"25,950.00"
2019-10-01,2019100101003558,SHIVM,34,46,50,519.00,"25,950.00"
2019-10-01,2019100101003557,SHIVM,56,46,200,519.00,"103,800.00"
2019-10-01,2019100101003556,SHIVM,39,46,210,520.00,"109,200.00"
2019-10-01,2019100101003588,SHIVM,43,5,100,519.00,"51,900.00"
2019-10-01,2019100101003587,SHIVM,20,5,100,519.00,"51,900.00"
2019-10-01,2019100101003586,SHIVM,6,5,50,519.00,"25,950.00"
2019-10-01,2019100101003585,SHIVM,56,5,420,519.00,"217,980.00"
2019-10-01,2019100101003582,SHIVM,29,22,200,520.00,"104,000.00"
2019-10-01,2019100101003562,SHIVM,56,46,80,519.00,"41,520.00"
2019-10-01,2019100101003214,SHL,29,53,160,217.00,"34,720.00"
2019-10-01,2019100101003435,SIC,58,51,25,476.00,"11,900.00"
2019-10-01,2019100101003679,SJCL,10,59,10,170.00,"1,700.00"
2019-10-01,2019100101003643,SJCL,14,14,20,169.00,"3,380.00"
2019-10-01,2019100101003638,SJCL,36,49,20,168.00,"3,360.00"
2019-10-01,2019100101003590,SJCL,36,49,20,168.00,"3,360.00"
2019-10-01,2019100101003584,SJCL,14,14,10,169.00,"1,690.00"
2019-10-01,2019100101003201,SJCL,10,17,10,169.00,"1,690.00"
2019-10-01,2019100101003196,SJCL,10,49,20,169.00,"3,380.00"
2019-10-01,2019100101003267,SJCL,36,49,20,168.00,"3,360.00"
2019-10-01,2019100101003250,SJCL,36,17,20,168.00,"3,360.00"
2019-10-01,2019100101003242,SJCL,36,49,20,168.00,"3,360.00"
2019-10-01,2019100101003226,SJCL,36,49,20,168.00,"3,360.00"
2019-10-01,2019100101003206,SJCL,36,5,20,168.00,"3,360.00"
2019-10-01,2019100101003202,SJCL,36,17,10,168.00,"1,680.00"
2019-10-01,2019100101003346,SJCL,57,57,20,169.00,"3,380.00"
2019-10-01,2019100101003332,SJCL,36,49,20,168.00,"3,360.00"
2019-10-01,2019100101003307,SJCL,36,36,20,168.00,"3,360.00"
2019-10-01,2019100101003292,SJCL,36,17,20,168.00,"3,360.00"
2019-10-01,2019100101003288,SJCL,36,49,20,168.00,"3,360.00"
2019-10-01,2019100101003398,SJCL,36,36,20,168.00,"3,360.00"
2019-10-01,2019100101003389,SJCL,36,49,20,168.00,"3,360.00"
2019-10-01,2019100101003378,SJCL,36,49,20,168.00,"3,360.00"
2019-10-01,2019100101003353,SJCL,36,49,20,168.00,"3,360.00"
2019-10-01,2019100101003507,SJCL,14,14,20,169.00,"3,380.00"
2019-10-01,2019100101003501,SJCL,36,49,20,168.00,"3,360.00"
2019-10-01,2019100101003471,SJCL,36,49,20,168.00,"3,360.00"
2019-10-01,2019100101003410,SJCL,36,49,20,168.00,"3,360.00"
2019-10-01,2019100101003555,SJCL,42,59,80,170.00,"13,600.00"
2019-10-01,2019100101003542,SJCL,36,49,20,168.00,"3,360.00"
2019-10-01,2019100101003432,SKBBL,22,25,10,921.00,"9,210.00"
2019-10-01,2019100101003234,SKBBL,22,51,200,919.00,"183,800.00"
2019-10-01,2019100101003283,SLBBL,35,47,40,539.00,"21,560.00"
2019-10-01,2019100101003629,SLBSL,19,47,10,688.00,"6,880.00"
2019-10-01,2019100101003207,SLBSL,54,17,10,675.00,"6,750.00"
2019-10-01,2019100101003653,SLICL,33,1,10,277.00,"2,770.00"
2019-10-01,2019100101003506,SMFBS,35,35,10,801.00,"8,010.00"
2019-10-01,2019100101003228,SMFBS,45,6,110,800.00,"88,000.00"
2019-10-01,2019100101003204,SMFBS,45,21,10,805.00,"8,050.00"
2019-10-01,2019100101003203,SMFBS,45,39,10,805.00,"8,050.00"
2019-10-01,2019100101003654,SMFDB,5,50,37,511.00,"18,907.00"
2019-10-01,2019100101003439,SPARS,6,44,10,545.00,"5,450.00"
2019-10-01,2019100101003438,SPARS,6,44,10,545.00,"5,450.00"
2019-10-01,2019100101003416,SPARS,35,35,10,537.00,"5,370.00"
2019-10-01,2019100101003349,SPARS,42,7,10,536.00,"5,360.00"
2019-10-01,2019100101003304,SPARS,45,17,10,535.00,"5,350.00"
2019-10-01,2019100101003552,SPDL,45,45,20,78.00,"1,560.00"
2019-10-01,2019100101003551,SPDL,45,45,10,76.00,760.00
2019-10-01,2019100101003573,SRBL,34,43,10,238.00,"2,380.00"
2019-10-01,2019100101003518,SRBL,50,28,269,234.00,"62,946.00"
2019-10-01,2019100101003480,SRBL,20,28,80,234.00,"18,720.00"
2019-10-01,2019100101003409,SRBL,20,43,270,234.00,"63,180.00"
2019-10-01,2019100101003408,SRBL,41,43,200,234.00,"46,800.00"
2019-10-01,2019100101003407,SRBL,47,43,30,234.00,"7,020.00"
2019-10-01,2019100101003257,SRBL,45,43,182,236.00,"42,952.00"
2019-10-01,2019100101003256,SRBL,53,43,180,237.00,"42,660.00"
2019-10-01,2019100101003344,SRBL,58,28,"2,000",235.00,"470,000.00"
2019-10-01,2019100101003343,SRBL,36,28,"1,230",235.00,"289,050.00"
2019-10-01,2019100101003342,SRBL,14,28,162,236.00,"38,232.00"
2019-10-01,2019100101003260,SRBL,28,43,70,238.00,"16,660.00"
2019-10-01,2019100101003259,SRBL,28,25,80,238.00,"19,040.00"
2019-10-01,2019100101003258,SRBL,14,43,338,236.00,"79,768.00"
2019-10-01,2019100101003221,TMDBL,28,32,"2,000",151.00,"302,000.00"
2019-10-01,2019100101003220,TMDBL,59,32,150,151.00,"22,650.00"
2019-10-01,2019100101003219,TMDBL,40,32,10,152.00,"1,520.00"
2019-10-01,2019100101003497,TRH,45,17,10,293.00,"2,930.00"
2019-10-01,2019100101003487,TRH,33,11,10,290.00,"2,900.00"
2019-10-01,2019100101003479,TRH,14,43,450,285.00,"128,250.00"
2019-10-01,2019100101003463,TRH,14,8,100,285.00,"28,500.00"
2019-10-01,2019100101003415,TRH,14,43,100,285.00,"28,500.00"
2019-10-01,2019100101003581,UFL,32,54,10,194.00,"1,940.00"
2019-10-01,2019100101003580,UFL,32,40,200,194.00,"38,800.00"
2019-10-01,2019100101003579,UFL,32,22,300,191.00,"57,300.00"
2019-10-01,2019100101003578,UFL,32,39,50,191.00,"9,550.00"
2019-10-01,2019100101003266,UIC,34,41,24,261.00,"6,264.00"
2019-10-01,2019100101003265,UIC,48,41,73,261.00,"19,053.00"
2019-10-01,2019100101003278,UPCL,22,49,50,79.00,"3,950.00"
2019-10-01,2019100101003683,UPPER,58,36,10,237.00,"2,370.00"
2019-10-01,2019100101003651,UPPER,10,45,40,236.00,"9,440.00"
2019-10-01,2019100101003650,UPPER,10,6,100,236.00,"23,600.00"
2019-10-01,2019100101003466,UPPER,33,36,10,237.00,"2,370.00"
2019-10-01,2019100101003419,UPPER,10,1,"1,500",236.00,"354,000.00"
2019-10-01,2019100101003358,UPPER,46,7,40,235.00,"9,400.00"
2019-10-01,2019100101003253,UPPER,46,25,300,235.00,"70,500.00"
2019-10-01,2019100101003252,UPPER,40,25,200,235.00,"47,000.00"
2019-10-01,2019100101003189,UPPER,42,56,195,235.00,"45,825.00"
2019-10-01,2019100101003510,VLBS,44,33,200,545.00,"109,000.00"
2019-10-01,2019100101003171,ADBL,42,1,10,418.00,"4,180.00"
2019-10-01,2019100101003152,ADBL,40,14,300,417.00,"125,100.00"
2019-10-01,2019100101003020,ADBL,36,1,32,418.00,"13,376.00"
2019-10-01,2019100101002995,ADBL,40,14,30,417.00,"12,510.00"
2019-10-01,2019100101002811,ADBL,44,14,170,417.00,"70,890.00"
2019-10-01,2019100101003161,AKBSL,1,33,10,416.00,"4,160.00"
2019-10-01,2019100101003136,AKBSL,1,58,10,416.00,"4,160.00"
2019-10-01,2019100101002930,AKBSL,35,35,10,419.00,"4,190.00"
2019-10-01,2019100101002850,AKBSL,1,17,10,416.00,"4,160.00"
2019-10-01,2019100101002803,AKBSL,56,17,10,416.00,"4,160.00"
2019-10-01,2019100101002722,AKBSL,14,14,10,418.00,"4,180.00"
2019-10-01,2019100101003126,AKJCL,41,49,20,53.00,"1,060.00"
2019-10-01,2019100101003164,ALBSL,1,20,10,431.00,"4,310.00"
2019-10-01,2019100101003160,ALBSL,1,38,10,431.00,"4,310.00"
2019-10-01,2019100101003049,ALBSL,1,17,10,431.00,"4,310.00"
2019-10-01,2019100101003029,ALBSL,34,55,30,433.00,"12,990.00"
2019-10-01,2019100101003021,ALBSL,34,55,30,433.00,"12,990.00"
2019-10-01,2019100101002972,ALBSL,1,29,10,431.00,"4,310.00"
2019-10-01,2019100101002706,ALBSL,26,17,130,429.00,"55,770.00"
2019-10-01,2019100101002691,ALBSL,32,17,40,429.00,"17,160.00"
2019-10-01,2019100101002881,ALBSL,47,29,10,431.00,"4,310.00"
2019-10-01,2019100101002824,ALBSL,47,21,10,431.00,"4,310.00"
2019-10-01,2019100101002822,ALBSL,21,58,10,432.00,"4,320.00"
2019-10-01,2019100101002804,ALBSL,35,57,10,431.00,"4,310.00"
2019-10-01,2019100101002767,ALBSL,57,42,10,431.00,"4,310.00"
2019-10-01,2019100101002707,ALBSL,26,58,10,430.00,"4,300.00"
2019-10-01,2019100101002971,ALBSL,1,17,40,431.00,"17,240.00"
2019-10-01,2019100101002969,ALBSL,26,38,40,430.00,"17,200.00"
2019-10-01,2019100101002940,ALBSL,26,17,10,430.00,"4,300.00"
2019-10-01,2019100101002929,ALBSL,47,17,60,431.00,"25,860.00"
2019-10-01,2019100101002924,ALBSL,47,22,10,431.00,"4,310.00"
2019-10-01,2019100101002899,ALBSL,47,22,10,431.00,"4,310.00"
2019-10-01,2019100101002949,ALICL,56,36,98,316.00,"30,968.00"
2019-10-01,2019100101002781,ALICL,41,17,220,315.00,"69,300.00"
2019-10-01,2019100101002724,ALICL,41,17,167,315.00,"52,605.00"
2019-10-01,2019100101002723,ALICL,16,17,50,315.00,"15,750.00"
2019-10-01,2019100101003074,BOKL,29,29,164,258.00,"42,312.00"
2019-10-01,2019100101003073,BOKL,29,28,379,258.00,"97,782.00"
2019-10-01,2019100101003072,BOKL,29,42,157,258.00,"40,506.00"
2019-10-01,2019100101003071,BOKL,29,1,300,258.00,"77,400.00"
2019-10-01,2019100101002994,BOKL,25,1,100,258.00,"25,800.00"
2019-10-01,2019100101002951,BOKL,53,1,100,258.00,"25,800.00"
2019-10-01,2019100101003101,BPCL,11,43,186,360.00,"66,960.00"
2019-10-01,2019100101003031,BPCL,50,43,14,360.00,"5,040.00"
2019-10-01,2019100101002975,BPCL,50,1,11,360.00,"3,960.00"
2019-10-01,2019100101002902,BPCL,49,47,"5,153",358.00,"1,844,774.00"
2019-10-01,2019100101002715,BPCL,50,51,25,360.00,"9,000.00"
2019-10-01,2019100101003047,CBBL,59,45,25,970.00,"24,250.00"
2019-10-01,2019100101003157,CBL,57,49,200,143.00,"28,600.00"
2019-10-01,2019100101003022,CBL,59,11,27,143.00,"3,861.00"
2019-10-01,2019100101002945,CBL,59,11,169,143.00,"24,167.00"
2019-10-01,2019100101002873,CBL,59,11,131,143.00,"18,733.00"
2019-10-01,2019100101002828,CBL,59,53,200,144.00,"28,800.00"
2019-10-01,2019100101003124,CCBL,50,43,55,155.00,"8,525.00"
2019-10-01,2019100101003123,CCBL,5,43,41,155.00,"6,355.00"
2019-10-01,2019100101003122,CCBL,5,58,16,155.00,"2,480.00"
2019-10-01,2019100101003028,CCBL,5,47,100,155.00,"15,500.00"
2019-10-01,2019100101003010,CEFL,4,34,500,106.00,"53,000.00"
2019-10-01,2019100101003170,CHCL,46,56,100,420.00,"42,000.00"
2019-10-01,2019100101003169,CHCL,58,56,10,420.00,"4,200.00"
2019-10-01,2019100101003168,CHCL,58,56,10,420.00,"4,200.00"
2019-10-01,2019100101003156,CIT,17,22,150,"1,815.00","272,250.00"
2019-10-01,2019100101002912,CIT,39,32,30,"1,817.00","54,510.00"
2019-10-01,2019100101003063,CZBIL,14,57,10,195.00,"1,950.00"
2019-10-01,2019100101002988,CZBIL,14,1,10,195.00,"1,950.00"
2019-10-01,2019100101002807,CZBIL,57,28,10,196.00,"1,960.00"
2019-10-01,2019100101002788,CZBIL,55,28,253,196.00,"49,588.00"
2019-10-01,2019100101002778,CZBIL,55,33,10,196.00,"1,960.00"
2019-10-01,2019100101002777,CZBIL,55,6,216,196.00,"42,336.00"
2019-10-01,2019100101002937,EBL,36,51,85,576.00,"48,960.00"
2019-10-01,2019100101002709,EBL,13,51,20,576.00,"11,520.00"
2019-10-01,2019100101002732,EIC,40,6,72,236.00,"16,992.00"
2019-10-01,2019100101003183,FMDBL,6,51,30,320.00,"9,600.00"
2019-10-01,2019100101003182,FMDBL,41,51,30,321.00,"9,630.00"
2019-10-01,2019100101003181,FMDBL,45,51,90,321.00,"28,890.00"
2019-10-01,2019100101002765,FMDBL,53,32,50,322.00,"16,100.00"
2019-10-01,2019100101003045,FOWAD,28,39,24,"1,270.00","30,480.00"
2019-10-01,2019100101003044,FOWAD,21,39,100,"1,270.00","127,000.00"
2019-10-01,2019100101003043,FOWAD,59,39,16,"1,271.00","20,336.00"
2019-10-01,2019100101003039,FOWAD,47,39,50,"1,275.00","63,750.00"
2019-10-01,2019100101003038,FOWAD,34,39,10,"1,300.00","13,000.00"
2019-10-01,2019100101002965,FOWAD,34,11,20,"1,300.00","26,000.00"
2019-10-01,2019100101002810,FOWAD,49,11,18,"1,299.00","23,382.00"
2019-10-01,2019100101002797,FOWAD,49,33,50,"1,295.00","64,750.00"
2019-10-01,2019100101002796,FOWAD,49,39,15,"1,294.00","19,410.00"
2019-10-01,2019100101002795,FOWAD,49,5,20,"1,294.00","25,880.00"
2019-10-01,2019100101003082,GBBL,14,59,448,212.00,"94,976.00"
2019-10-01,2019100101002992,GBBL,14,11,381,212.00,"80,772.00"
2019-10-01,2019100101002941,GBLBS,36,36,10,322.00,"3,220.00"
2019-10-01,2019100101002826,GBLBS,57,57,15,323.00,"4,845.00"
2019-10-01,2019100101003050,GLBSL,35,35,10,437.00,"4,370.00"
2019-10-01,2019100101003174,GLICL,41,22,100,370.00,"37,000.00"
2019-10-01,2019100101003163,GLICL,41,38,150,368.00,"55,200.00"
2019-10-01,2019100101003108,GMFBS,56,17,10,459.00,"4,590.00"
2019-10-01,2019100101002791,GMFBS,22,17,10,460.00,"4,600.00"
2019-10-01,2019100101002761,HBL,36,6,12,500.00,"6,000.00"
2019-10-01,2019100101002760,HBL,36,14,108,495.00,"53,460.00"
2019-10-01,2019100101003125,HDL,32,39,200,"1,452.00","290,400.00"
2019-10-01,2019100101003041,HPPL,52,47,70,143.00,"10,010.00"
2019-10-01,2019100101002999,HPPL,52,1,10,143.00,"1,430.00"
2019-10-01,2019100101002997,HURJA,29,49,20,106.00,"2,120.00"
2019-10-01,2019100101002818,HURJA,14,14,20,107.00,"2,140.00"
2019-10-01,2019100101002687,HURJA,14,14,20,107.00,"2,140.00"
2019-10-01,2019100101003100,IGI,34,50,400,298.00,"119,200.00"
2019-10-01,2019100101003087,IGI,34,7,57,297.00,"16,929.00"
2019-10-01,2019100101002772,IGI,19,14,198,291.00,"57,618.00"
2019-10-01,2019100101002771,IGI,42,14,100,292.00,"29,200.00"
2019-10-01,2019100101002817,IGI,34,11,100,294.00,"29,400.00"
2019-10-01,2019100101002808,IGI,34,14,35,291.00,"10,185.00"
2019-10-01,2019100101003024,IGI,34,52,50,295.00,"14,750.00"
2019-10-01,2019100101003023,IGI,34,32,50,295.00,"14,750.00"
2019-10-01,2019100101002944,ILBS,22,17,10,421.00,"4,210.00"
2019-10-01,2019100101002910,ILBS,26,6,90,425.00,"38,250.00"
2019-10-01,2019100101002909,ILBS,43,6,100,425.00,"42,500.00"
2019-10-01,2019100101002908,ILBS,25,6,120,426.00,"51,120.00"
2019-10-01,2019100101002907,ILBS,35,6,20,426.00,"8,520.00"
2019-10-01,2019100101002906,ILBS,34,6,10,426.00,"4,260.00"
2019-10-01,2019100101002905,ILBS,42,6,10,426.00,"4,260.00"
2019-10-01,2019100101002859,ILBS,42,32,10,426.00,"4,260.00"
2019-10-01,2019100101002833,ILBS,14,14,10,427.00,"4,270.00"
2019-10-01,2019100101002785,ILBS,42,17,10,426.00,"4,260.00"
2019-10-01,2019100101003146,JFL,56,1,300,196.00,"58,800.00"
2019-10-01,2019100101003145,JFL,47,1,10,196.00,"1,960.00"
2019-10-01,2019100101003032,JOSHI,7,49,20,56.00,"1,120.00"
2019-10-01,2019100101003014,JOSHI,53,19,20,57.00,"1,140.00"
2019-10-01,2019100101003013,JOSHI,53,28,20,57.00,"1,140.00"
2019-10-01,2019100101003012,JOSHI,53,28,20,57.00,"1,140.00"
2019-10-01,2019100101003011,JOSHI,53,39,20,57.00,"1,140.00"
2019-10-01,2019100101003109,JSLBB,41,49,10,955.00,"9,550.00"
2019-10-01,2019100101003129,KBL,6,32,37,180.00,"6,660.00"
2019-10-01,2019100101003117,KBL,14,32,500,180.00,"90,000.00"
2019-10-01,2019100101003116,KBL,28,32,"1,000",180.00,"180,000.00"
2019-10-01,2019100101003115,KBL,45,32,255,180.00,"45,900.00"
2019-10-01,2019100101002834,KBL,21,21,1,180.00,180.00
2019-10-01,2019100101002805,KBL,45,11,125,180.00,"22,500.00"
2019-10-01,2019100101002757,KBL,21,21,1,180.00,180.00
2019-10-01,2019100101002720,KBL,21,21,1,180.00,180.00
2019-10-01,2019100101002946,KSBBL,33,29,400,142.00,"56,800.00"
2019-10-01,2019100101002845,KSBBL,33,40,17,140.00,"2,380.00"
2019-10-01,2019100101002829,KSBBL,41,40,800,141.00,"112,800.00"
2019-10-01,2019100101002823,KSBBL,50,21,700,141.00,"98,700.00"
2019-10-01,2019100101003147,LBL,57,16,100,214.00,"21,400.00"
2019-10-01,2019100101003057,LBL,58,16,162,214.00,"34,668.00"
2019-10-01,2019100101002934,LGIL,22,40,150,347.00,"52,050.00"
2019-10-01,2019100101003095,MBL,33,32,100,223.00,"22,300.00"
2019-10-01,2019100101003094,MBL,33,32,30,223.00,"6,690.00"
2019-10-01,2019100101003003,MBL,14,16,77,222.00,"17,094.00"
2019-10-01,2019100101003002,MBL,41,16,100,222.00,"22,200.00"
2019-10-01,2019100101003001,MBL,34,16,50,222.00,"11,100.00"
2019-10-01,2019100101002685,MBL,47,32,20,223.00,"4,460.00"
2019-10-01,2019100101002692,MEGA,45,34,44,193.00,"8,492.00"
2019-10-01,2019100101003019,MEGA,47,47,37,193.00,"7,141.00"
2019-10-01,2019100101003018,MEGA,46,47,50,193.00,"9,650.00"
2019-10-01,2019100101003017,MEGA,45,47,13,193.00,"2,509.00"
2019-10-01,2019100101003064,MEGA,59,33,300,194.00,"58,200.00"
2019-10-01,2019100101002718,MERO,41,19,110,558.00,"61,380.00"
2019-10-01,2019100101002717,MERO,41,19,115,557.00,"64,055.00"
2019-10-01,2019100101002716,MERO,41,5,46,557.00,"25,622.00"
2019-10-01,2019100101003175,MHNL,45,19,40,78.00,"3,120.00"
2019-10-01,2019100101003159,MHNL,40,28,30,78.00,"2,340.00"
2019-10-01,2019100101003138,MLBL,33,4,979,214.00,"209,506.00"
2019-10-01,2019100101003137,MLBL,33,5,21,214.00,"4,494.00"
2019-10-01,2019100101002862,MLBL,59,4,100,213.00,"21,300.00"
2019-10-01,2019100101002861,MLBL,59,4,100,213.00,"21,300.00"
2019-10-01,2019100101003035,MLBL,33,32,500,213.00,"106,500.00"
2019-10-01,2019100101003016,MLBL,53,4,50,213.00,"10,650.00"
2019-10-01,2019100101003015,MLBL,53,4,50,213.00,"10,650.00"
2019-10-01,2019100101002865,MLBL,59,4,100,213.00,"21,300.00"
2019-10-01,2019100101002864,MLBL,59,4,50,213.00,"10,650.00"
2019-10-01,2019100101002863,MLBL,59,4,150,213.00,"31,950.00"
2019-10-01,2019100101003005,MNBBL,1,54,83,308.00,"25,564.00"
2019-10-01,2019100101002936,MNBBL,21,45,50,307.00,"15,350.00"
2019-10-01,2019100101002812,MNBBL,35,54,200,308.00,"61,600.00"
2019-10-01,2019100101003091,MPFL,14,29,150,97.00,"14,550.00"
2019-10-01,2019100101003090,MPFL,59,29,50,97.00,"4,850.00"
2019-10-01,2019100101002802,MPFL,38,48,100,98.00,"9,800.00"
2019-10-01,2019100101003113,NABIL,32,22,100,772.00,"77,200.00"
2019-10-01,2019100101002801,NABIL,36,38,11,773.00,"8,503.00"
2019-10-01,2019100101002800,NABIL,36,25,50,770.00,"38,500.00"
2019-10-01,2019100101002960,NAGRO,59,1,10,720.00,"7,200.00"
2019-10-01,2019100101003155,NBB,51,19,89,211.00,"18,779.00"
2019-10-01,2019100101003149,NBB,51,58,155,211.00,"32,705.00"
2019-10-01,2019100101003148,NBB,33,58,45,211.00,"9,495.00"
2019-10-01,2019100101003135,NBB,51,28,31,211.00,"6,541.00"
2019-10-01,2019100101003134,NBB,52,28,100,211.00,"21,100.00"
2019-10-01,2019100101003133,NBB,34,28,200,211.00,"42,200.00"
2019-10-01,2019100101003132,NBB,14,28,46,211.00,"9,706.00"
2019-10-01,2019100101003081,NBL,49,29,250,315.00,"78,750.00"
2019-10-01,2019100101003080,NBL,45,29,250,315.00,"78,750.00"
2019-10-01,2019100101003007,NBL,45,1,50,315.00,"15,750.00"
2019-10-01,2019100101002998,NBL,36,6,22,316.00,"6,952.00"
2019-10-01,2019100101002978,NBL,59,22,254,315.00,"80,010.00"
2019-10-01,2019100101002918,NBL,25,22,200,315.00,"63,000.00"
2019-10-01,2019100101002794,NBL,29,44,824,315.00,"259,560.00"
2019-10-01,2019100101002793,NBL,25,44,10,315.00,"3,150.00"
2019-10-01,2019100101002792,NBL,32,44,150,315.00,"47,250.00"
2019-10-01,2019100101002915,NBL,35,22,100,315.00,"31,500.00"
2019-10-01,2019100101002914,NBL,39,22,100,315.00,"31,500.00"
2019-10-01,2019100101002913,NBL,49,22,346,315.00,"108,990.00"
2019-10-01,2019100101002898,NBL,49,22,654,315.00,"206,010.00"
2019-10-01,2019100101002897,NBL,29,22,26,315.00,"8,190.00"
2019-10-01,2019100101002854,NBL,29,49,150,315.00,"47,250.00"
2019-10-01,2019100101003127,NCCB,57,38,100,199.00,"19,900.00"
2019-10-01,2019100101002855,NCCB,11,6,10,201.00,"2,010.00"
2019-10-01,2019100101002827,NCCB,55,16,500,200.00,"100,000.00"
2019-10-01,2019100101002830,NHDL,22,37,10,93.00,930.00
2019-10-01,2019100101003025,NHPC,1,56,200,53.00,"10,600.00"
2019-10-01,2019100101002922,NIB,40,22,372,443.00,"164,796.00"
2019-10-01,2019100101002921,NIB,40,14,320,443.00,"141,760.00"
2019-10-01,2019100101002697,NIB,42,32,10,442.00,"4,420.00"
2019-10-01,2019100101002690,NIB,45,32,20,442.00,"8,840.00"
2019-10-01,2019100101002814,NIBPO,34,17,340,412.00,"140,080.00"
2019-10-01,2019100101002813,NIBPO,25,17,150,413.00,"61,950.00"
2019-10-01,2019100101003051,NICA,36,21,14,383.00,"5,362.00"
2019-10-01,2019100101002699,NICA,32,32,55,381.00,"20,955.00"
2019-10-01,2019100101002872,NICL,26,38,100,267.00,"26,700.00"
2019-10-01,2019100101002871,NICL,46,38,100,267.00,"26,700.00"
2019-10-01,2019100101002819,NICL,40,38,144,270.00,"38,880.00"
2019-10-01,2019100101002713,NICL,43,17,10,271.00,"2,710.00"
2019-10-01,2019100101003143,NLIC,41,32,58,765.00,"44,370.00"
2019-10-01,2019100101003142,NLIC,34,32,100,765.00,"76,500.00"
2019-10-01,2019100101003141,NLIC,14,32,10,765.00,"7,650.00"
2019-10-01,2019100101003140,NLIC,7,32,100,766.00,"76,600.00"
2019-10-01,2019100101003139,NLIC,22,32,32,767.00,"24,544.00"
2019-10-01,2019100101003119,NLIC,58,28,50,768.00,"38,400.00"
2019-10-01,2019100101003118,NLIC,4,28,50,768.00,"38,400.00"
2019-10-01,2019100101003077,NLIC,7,56,350,768.00,"268,800.00"
2019-10-01,2019100101003048,NLIC,40,25,50,767.00,"38,350.00"
2019-10-01,2019100101003026,NLIC,7,56,50,768.00,"38,400.00"
2019-10-01,2019100101002689,NLIC,40,17,300,768.00,"230,400.00"
2019-10-01,2019100101002688,NLIC,45,17,60,769.00,"46,140.00"
2019-10-01,2019100101002684,NLICL,44,17,76,471.00,"35,796.00"
2019-10-01,2019100101002770,NMBMF,56,57,20,"1,042.00","20,840.00"
2019-10-01,2019100101002749,NMBMF,47,57,10,"1,042.00","10,420.00"
2019-10-01,2019100101002698,NMBMF,50,17,43,"1,043.00","44,849.00"
2019-10-01,2019100101002956,NMFBS,39,16,12,"1,665.00","19,980.00"
2019-10-01,2019100101002955,NMFBS,40,16,50,"1,666.00","83,300.00"
2019-10-01,2019100101002954,NMFBS,45,16,100,"1,666.00","166,600.00"
2019-10-01,2019100101002953,NMFBS,1,16,30,"1,666.00","49,980.00"
2019-10-01,2019100101002952,NMFBS,48,16,50,"1,680.00","84,000.00"
2019-10-01,2019100101003165,NTC,43,43,"2,000",621.00,"1,242,000.00"
2019-10-01,2019100101003151,NTC,33,52,10,628.00,"6,280.00"
2019-10-01,2019100101002847,NTC,49,47,"8,000",620.00,"4,960,000.00"
2019-10-01,2019100101003093,NTC,45,52,50,625.00,"31,250.00"
2019-10-01,2019100101003092,NTC,58,52,20,626.00,"12,520.00"
2019-10-01,2019100101003006,NTC,59,52,10,628.00,"6,280.00"
2019-10-01,2019100101002991,NTC,49,47,"1,980",620.00,"1,227,600.00"
2019-10-01,2019100101002875,NTC,33,52,10,628.00,"6,280.00"
2019-10-01,2019100101002860,NTC,49,47,"8,000",620.00,"4,960,000.00"
2019-10-01,2019100101003107,NTC,28,52,65,622.00,"40,430.00"
2019-10-01,2019100101003106,NTC,34,52,30,622.00,"18,660.00"
2019-10-01,2019100101003105,NTC,44,52,90,622.00,"55,980.00"
2019-10-01,2019100101002719,PCBL,22,14,28,269.00,"7,532.00"
2019-10-01,2019100101002704,PCBL,22,43,300,269.00,"80,700.00"
2019-10-01,2019100101003054,PIC,59,53,211,367.00,"77,437.00"
2019-10-01,2019100101003053,PIC,44,53,50,368.00,"18,400.00"
2019-10-01,2019100101002882,PIC,46,17,140,369.00,"51,660.00"
2019-10-01,2019100101002798,PIC,46,41,53,369.00,"19,557.00"
2019-10-01,2019100101002782,PIC,47,41,100,369.00,"36,900.00"
2019-10-01,2019100101003069,PLIC,14,53,343,324.00,"111,132.00"
2019-10-01,2019100101002726,PLIC,14,17,100,324.00,"32,400.00"
2019-10-01,2019100101003128,PMHPL,52,49,10,89.00,890.00
2019-10-01,2019100101002866,PMHPL,17,17,10,89.00,890.00
2019-10-01,2019100101002837,PMHPL,17,17,10,89.00,890.00
2019-10-01,2019100101003180,PRIN,44,39,684,314.00,"214,776.00"
2019-10-01,2019100101003179,PRIN,14,39,206,315.00,"64,890.00"
2019-10-01,2019100101003178,PRIN,42,39,10,315.00,"3,150.00"
2019-10-01,2019100101003177,PRIN,17,39,200,315.00,"63,000.00"
2019-10-01,2019100101003176,PRIN,42,39,100,316.00,"31,600.00"
2019-10-01,2019100101003052,PRIN,17,47,50,315.00,"15,750.00"
2019-10-01,2019100101002714,PRIN,17,32,50,315.00,"15,750.00"
2019-10-01,2019100101003062,PRVU,49,49,99,263.00,"26,037.00"
2019-10-01,2019100101003061,PRVU,49,49,100,263.00,"26,300.00"
2019-10-01,2019100101003060,PRVU,41,49,273,263.00,"71,799.00"
2019-10-01,2019100101002968,PRVU,36,20,22,264.00,"5,808.00"
2019-10-01,2019100101002967,PRVU,47,20,200,264.00,"52,800.00"
2019-10-01,2019100101002884,PRVU,36,6,78,264.00,"20,592.00"
2019-10-01,2019100101002735,PRVU,47,45,92,265.00,"24,380.00"
2019-10-01,2019100101002721,PRVU,47,32,58,265.00,"15,370.00"
2019-10-01,2019100101002856,RADHI,57,57,12,136.00,"1,632.00"
2019-10-01,2019100101002877,RBCLPO,33,17,10,"7,449.00","74,490.00"
2019-10-01,2019100101002876,RBCLPO,33,49,10,"7,447.00","74,470.00"
2019-10-01,2019100101002705,RHPC,35,35,10,83.00,830.00
2019-10-01,2019100101003144,RHPL,34,17,30,159.00,"4,770.00"
2019-10-01,2019100101003120,RHPL,41,17,30,159.00,"4,770.00"
2019-10-01,2019100101003103,RHPL,41,36,40,159.00,"6,360.00"
2019-10-01,2019100101003098,RHPL,41,17,30,159.00,"4,770.00"
2019-10-01,2019100101003097,RHPL,36,38,10,160.00,"1,600.00"
2019-10-01,2019100101003096,RHPL,36,34,30,160.00,"4,800.00"
2019-10-01,2019100101002734,RHPL,41,21,10,159.00,"1,590.00"
2019-10-01,2019100101002733,RHPL,40,21,30,159.00,"4,770.00"
2019-10-01,2019100101002729,RHPL,40,17,30,159.00,"4,770.00"
2019-10-01,2019100101002725,RHPL,40,32,50,159.00,"7,950.00"
2019-10-01,2019100101002775,RHPL,21,47,40,160.00,"6,400.00"
2019-10-01,2019100101002756,RHPL,41,17,30,159.00,"4,770.00"
2019-10-01,2019100101002751,RHPL,56,42,10,160.00,"1,600.00"
2019-10-01,2019100101002750,RHPL,56,37,50,160.00,"8,000.00"
2019-10-01,2019100101002747,RHPL,41,22,40,159.00,"6,360.00"
2019-10-01,2019100101002736,RHPL,21,37,40,160.00,"6,400.00"
2019-10-01,2019100101002903,RHPL,57,42,30,160.00,"4,800.00"
2019-10-01,2019100101002896,RHPL,41,32,50,159.00,"7,950.00"
2019-10-01,2019100101002879,RHPL,41,17,30,159.00,"4,770.00"
2019-10-01,2019100101002820,RHPL,41,17,30,159.00,"4,770.00"
2019-10-01,2019100101002809,RHPL,41,17,30,159.00,"4,770.00"
2019-10-01,2019100101002776,RHPL,41,21,40,159.00,"6,360.00"
2019-10-01,2019100101003066,RHPL,41,17,30,159.00,"4,770.00"
2019-10-01,2019100101003036,RHPL,41,17,30,159.00,"4,770.00"
2019-10-01,2019100101002970,RHPL,41,17,30,159.00,"4,770.00"
2019-10-01,2019100101002935,RHPL,41,32,40,159.00,"6,360.00"
2019-10-01,2019100101002926,RHPL,41,17,10,159.00,"1,590.00"
2019-10-01,2019100101002904,RHPL,57,34,10,160.00,"1,600.00"
2019-10-01,2019100101002686,RMDC,47,53,100,618.00,"61,800.00"
2019-10-01,2019100101002868,RRHP,35,35,10,104.00,"1,040.00"
2019-10-01,2019100101002784,RSDC,34,8,50,325.00,"16,250.00"
2019-10-01,2019100101002783,RSDC,14,8,50,325.00,"16,250.00"
2019-10-01,2019100101003173,SABSL,16,33,10,454.00,"4,540.00"
2019-10-01,2019100101003086,SABSL,16,17,10,454.00,"4,540.00"
2019-10-01,2019100101002939,SABSL,57,57,10,455.00,"4,550.00"
2019-10-01,2019100101002925,SABSL,16,45,10,454.00,"4,540.00"
2019-10-01,2019100101002901,SABSL,16,45,10,454.00,"4,540.00"
2019-10-01,2019100101002880,SABSL,16,45,10,454.00,"4,540.00"
2019-10-01,2019100101002786,SABSL,14,14,10,455.00,"4,550.00"
2019-10-01,2019100101002768,SABSL,16,17,10,454.00,"4,540.00"
2019-10-01,2019100101002728,SABSL,16,21,10,454.00,"4,540.00"
2019-10-01,2019100101002727,SABSL,21,48,10,455.00,"4,550.00"
2019-10-01,2019100101003154,SADBL,19,34,336,139.00,"46,704.00"
2019-10-01,2019100101003153,SADBL,8,34,10,139.00,"1,390.00"
2019-10-01,2019100101003076,SAEF,25,28,"1,000",8.32,"8,320.00"
2019-10-01,2019100101003034,SANIMA,6,32,50,308.00,"15,400.00"
2019-10-01,2019100101002942,SANIMA,14,8,400,308.00,"123,200.00"
2019-10-01,2019100101002932,SANIMA,14,10,200,308.00,"61,600.00"
2019-10-01,2019100101002931,SANIMA,14,8,500,308.00,"154,000.00"
2019-10-01,2019100101002848,SANIMA,28,32,10,307.00,"3,070.00"
2019-10-01,2019100101002836,SANIMA,21,28,22,306.00,"6,732.00"
2019-10-01,2019100101002730,SANIMA,42,32,40,307.00,"12,280.00"
2019-10-01,2019100101002977,SAPDBL,21,58,50,130.00,"6,500.00"
2019-10-01,2019100101002976,SAPDBL,21,58,30,130.00,"3,900.00"
2019-10-01,2019100101002780,SAPDBL,52,58,19,130.00,"2,470.00"
2019-10-01,2019100101002745,SAPDBL,42,58,10,130.00,"1,300.00"
2019-10-01,2019100101002731,SAPDBL,52,58,20,130.00,"2,600.00"
2019-10-01,2019100101002708,SAPDBL,52,39,10,132.00,"1,320.00"
2019-10-01,2019100101003059,SBI,33,42,10,410.00,"4,100.00"
2019-10-01,2019100101002964,SBI,14,51,990,408.00,"403,920.00"
2019-10-01,2019100101002963,SBI,14,21,100,407.00,"40,700.00"
2019-10-01,2019100101002962,SBI,14,37,322,405.00,"130,410.00"
2019-10-01,2019100101003162,SBL,10,14,400,335.00,"134,000.00"
2019-10-01,2019100101003078,SBL,11,14,160,335.00,"53,600.00"
2019-10-01,2019100101003068,SBL,11,14,110,335.00,"36,850.00"
2019-10-01,2019100101002948,SBL,38,43,42,335.00,"14,070.00"
2019-10-01,2019100101002947,SBL,38,35,58,335.00,"19,430.00"
2019-10-01,2019100101002787,SBL,45,26,95,334.00,"31,730.00"
2019-10-01,2019100101002712,SBL,22,14,150,334.00,"50,100.00"
2019-10-01,2019100101002711,SBL,51,14,50,334.00,"16,700.00"
2019-10-01,2019100101003102,SCB,34,22,100,580.00,"58,000.00"
2019-10-01,2019100101003075,SCB,59,59,20,581.00,"11,620.00"
2019-10-01,2019100101003058,SCB,34,45,20,580.00,"11,600.00"
2019-10-01,2019100101003042,SCB,34,59,20,580.00,"11,600.00"
2019-10-01,2019100101003037,SCB,34,59,20,580.00,"11,600.00"
2019-10-01,2019100101003027,SCB,34,59,20,580.00,"11,600.00"
2019-10-01,2019100101002700,SCB,17,14,620,582.00,"360,840.00"
2019-10-01,2019100101002857,SCB,21,45,50,582.00,"29,100.00"
2019-10-01,2019100101002853,SCB,43,45,100,582.00,"58,200.00"
2019-10-01,2019100101002846,SCB,34,21,10,580.00,"5,800.00"
2019-10-01,2019100101002703,SCB,17,45,30,582.00,"17,460.00"
2019-10-01,2019100101002702,SCB,17,38,300,582.00,"174,600.00"
2019-10-01,2019100101002701,SCB,17,50,50,582.00,"29,100.00"
2019-10-01,2019100101002753,SDESI,45,17,197,611.00,"120,367.00"
2019-10-01,2019100101002752,SDESI,45,17,83,611.00,"50,713.00"
2019-10-01,2019100101003114,SHIVM,4,21,25,520.00,"13,000.00"
2019-10-01,2019100101003004,SHIVM,4,58,50,520.00,"26,000.00"
2019-10-01,2019100101002993,SHIVM,4,58,40,520.00,"20,800.00"
2019-10-01,2019100101002985,SHIVM,4,43,230,520.00,"119,600.00"
2019-10-01,2019100101002984,SHIVM,10,43,100,520.00,"52,000.00"
2019-10-01,2019100101002983,SHIVM,28,43,200,520.00,"104,000.00"
2019-10-01,2019100101002839,SHIVM,54,26,50,521.00,"26,050.00"
2019-10-01,2019100101002838,SHIVM,41,26,90,521.00,"46,890.00"
2019-10-01,2019100101002806,SHIVM,41,58,250,521.00,"130,250.00"
2019-10-01,2019100101002779,SHIVM,32,17,300,522.00,"156,600.00"
2019-10-01,2019100101002769,SHIVM,47,17,50,522.00,"26,100.00"
2019-10-01,2019100101002738,SHIVM,6,17,155,522.00,"80,910.00"
2019-10-01,2019100101002852,SHIVM,20,7,110,521.00,"57,310.00"
2019-10-01,2019100101002851,SHIVM,49,7,390,521.00,"203,190.00"
2019-10-01,2019100101002843,SHIVM,49,26,60,521.00,"31,260.00"
2019-10-01,2019100101002842,SHIVM,20,26,300,521.00,"156,300.00"
2019-10-01,2019100101002841,SHIVM,14,26,200,521.00,"104,200.00"
2019-10-01,2019100101002840,SHIVM,20,26,300,521.00,"156,300.00"
2019-10-01,2019100101002888,SHIVM,14,22,"1,000",522.00,"522,000.00"
2019-10-01,2019100101002887,SHIVM,14,7,100,522.00,"52,200.00"
2019-10-01,2019100101002885,SHIVM,45,58,50,520.00,"26,000.00"
2019-10-01,2019100101002870,SHIVM,32,21,300,521.00,"156,300.00"
2019-10-01,2019100101002869,SHIVM,20,21,390,521.00,"203,190.00"
2019-10-01,2019100101002858,SHIVM,50,17,295,522.00,"153,990.00"
2019-10-01,2019100101002894,SHIVM,14,11,25,523.00,"13,075.00"
2019-10-01,2019100101002893,SHIVM,14,17,800,523.00,"418,400.00"
2019-10-01,2019100101002892,SHIVM,14,10,100,523.00,"52,300.00"
2019-10-01,2019100101002891,SHIVM,14,43,55,523.00,"28,765.00"
2019-10-01,2019100101002890,SHIVM,14,38,140,522.00,"73,080.00"
2019-10-01,2019100101002889,SHIVM,14,22,700,522.00,"365,400.00"
2019-10-01,2019100101002982,SHIVM,3,43,10,520.00,"5,200.00"
2019-10-01,2019100101002981,SHIVM,42,43,100,520.00,"52,000.00"
2019-10-01,2019100101002980,SHIVM,28,43,200,520.00,"104,000.00"
2019-10-01,2019100101002979,SHIVM,32,43,260,521.00,"135,460.00"
2019-10-01,2019100101002938,SHIVM,32,58,50,521.00,"26,050.00"
2019-10-01,2019100101002895,SHIVM,14,43,280,524.00,"146,720.00"
2019-10-01,2019100101003089,SHL,34,53,500,216.00,"108,000.00"
2019-10-01,2019100101003084,SHL,34,53,200,216.00,"43,200.00"
2019-10-01,2019100101002928,SHPC,48,37,28,202.00,"5,656.00"
2019-10-01,2019100101002927,SHPC,48,50,100,201.00,"20,100.00"
2019-10-01,2019100101002917,SHPC,48,53,136,199.00,"27,064.00"
2019-10-01,2019100101002916,SHPC,48,53,136,199.00,"27,064.00"
2019-10-01,2019100101003112,SICL,40,10,50,715.00,"35,750.00"
2019-10-01,2019100101003111,SICL,40,58,129,715.00,"92,235.00"
2019-10-01,2019100101003110,SICL,40,41,66,715.00,"47,190.00"
2019-10-01,2019100101003088,SICL,44,10,40,712.00,"28,480.00"
2019-10-01,2019100101003172,SJCL,10,49,20,169.00,"3,380.00"
2019-10-01,2019100101003150,SJCL,42,17,20,167.00,"3,340.00"
2019-10-01,2019100101003130,SJCL,42,17,20,167.00,"3,340.00"
2019-10-01,2019100101003121,SJCL,43,49,10,168.00,"1,680.00"
2019-10-01,2019100101003104,SJCL,43,49,20,168.00,"3,360.00"
2019-10-01,2019100101003099,SJCL,43,17,20,168.00,"3,360.00"
2019-10-01,2019100101002746,SJCL,21,33,20,169.00,"3,380.00"
2019-10-01,2019100101002744,SJCL,14,21,20,168.00,"3,360.00"
2019-10-01,2019100101002743,SJCL,14,32,20,168.00,"3,360.00"
2019-10-01,2019100101002737,SJCL,14,17,20,168.00,"3,360.00"
2019-10-01,2019100101002790,SJCL,56,21,20,169.00,"3,380.00"
2019-10-01,2019100101002789,SJCL,21,47,20,170.00,"3,400.00"
2019-10-01,2019100101002774,SJCL,56,17,20,169.00,"3,380.00"
2019-10-01,2019100101002759,SJCL,56,17,20,169.00,"3,380.00"
2019-10-01,2019100101002758,SJCL,56,19,20,169.00,"3,380.00"
2019-10-01,2019100101002754,SJCL,14,22,20,168.00,"3,360.00"
2019-10-01,2019100101002886,SJCL,14,49,20,168.00,"3,360.00"
2019-10-01,2019100101002883,SJCL,14,17,10,168.00,"1,680.00"
2019-10-01,2019100101002874,SJCL,14,32,20,168.00,"3,360.00"
2019-10-01,2019100101002867,SJCL,14,49,20,168.00,"3,360.00"
2019-10-01,2019100101002825,SJCL,14,17,20,168.00,"3,360.00"
2019-10-01,2019100101002816,SJCL,14,17,20,168.00,"3,360.00"
2019-10-01,2019100101002958,SJCL,43,49,20,168.00,"3,360.00"
2019-10-01,2019100101002943,SJCL,43,49,20,168.00,"3,360.00"
2019-10-01,2019100101002933,SJCL,43,17,10,168.00,"1,680.00"
2019-10-01,2019100101002923,SJCL,34,32,20,168.00,"3,360.00"
2019-10-01,2019100101002920,SJCL,34,49,10,168.00,"1,680.00"
2019-10-01,2019100101002919,SJCL,14,49,10,168.00,"1,680.00"
2019-10-01,2019100101002987,SJCL,43,49,20,168.00,"3,360.00"
2019-10-01,2019100101002973,SJCL,43,17,20,168.00,"3,360.00"
2019-10-01,2019100101002959,SJCL,57,57,20,169.00,"3,380.00"
2019-10-01,2019100101003085,SJCL,36,36,20,169.00,"3,380.00"
2019-10-01,2019100101003083,SJCL,43,49,10,168.00,"1,680.00"
2019-10-01,2019100101003070,SJCL,43,17,20,168.00,"3,360.00"
2019-10-01,2019100101003067,SJCL,43,49,10,168.00,"1,680.00"
2019-10-01,2019100101003040,SJCL,43,17,20,168.00,"3,360.00"
2019-10-01,2019100101002911,SKBBL,22,28,100,919.00,"91,900.00"
2019-10-01,2019100101002849,SKBBL,22,55,20,915.00,"18,300.00"
2019-10-01,2019100101002755,SKBBL,22,32,32,910.00,"29,120.00"
2019-10-01,2019100101003079,SLBSL,55,17,10,673.00,"6,730.00"
2019-10-01,2019100101003056,SLBSL,22,17,10,676.00,"6,760.00"
2019-10-01,2019100101003008,SLBSL,22,17,10,676.00,"6,760.00"
2019-10-01,2019100101002832,SLICL,16,17,100,273.00,"27,300.00"
2019-10-01,2019100101002831,SLICL,42,17,100,274.00,"27,400.00"
2019-10-01,2019100101002696,SMATA,29,45,100,530.00,"53,000.00"
2019-10-01,2019100101002695,SMATA,50,45,20,532.00,"10,640.00"
2019-10-01,2019100101002694,SMATA,22,45,161,535.00,"86,135.00"
2019-10-01,2019100101002693,SMATA,29,45,100,536.00,"53,600.00"
2019-10-01,2019100101002950,SMB,21,1,10,419.00,"4,190.00"
2019-10-01,2019100101003166,SMFBS,35,35,10,801.00,"8,010.00"
2019-10-01,2019100101002799,SMFBS,35,35,10,809.00,"8,090.00"
2019-10-01,2019100101002900,SPARS,45,17,10,535.00,"5,350.00"
2019-10-01,2019100101002815,SPARS,21,21,10,536.00,"5,360.00"
2019-10-01,2019100101002710,SPARS,21,21,10,536.00,"5,360.00"
2019-10-01,2019100101003167,SRBL,49,25,20,238.00,"4,760.00"
2019-10-01,2019100101003158,SRBL,57,43,200,237.00,"47,400.00"
2019-10-01,2019100101003131,SRBL,28,17,150,237.00,"35,550.00"
2019-10-01,2019100101002878,SRBL,28,53,50,237.00,"11,850.00"
2019-10-01,2019100101002835,SRBL,43,25,200,238.00,"47,600.00"
2019-10-01,2019100101002821,SRBL,28,26,300,237.00,"71,100.00"
2019-10-01,2019100101002957,TMDBL,57,59,50,153.00,"7,650.00"
2019-10-01,2019100101003065,TRH,43,8,20,290.00,"5,800.00"
2019-10-01,2019100101002961,UFL,28,54,100,194.00,"19,400.00"
2019-10-01,2019100101002764,UIC,48,38,27,261.00,"7,047.00"
2019-10-01,2019100101002763,UIC,34,38,20,261.00,"5,220.00"
2019-10-01,2019100101002762,UIC,37,38,100,261.00,"26,100.00"
2019-10-01,2019100101002844,UPCL,39,37,50,78.00,"3,900.00"
2019-10-01,2019100101003055,UPPER,58,37,50,235.00,"11,750.00"
2019-10-01,2019100101003046,UPPER,58,37,40,235.00,"9,400.00"
2019-10-01,2019100101003033,UPPER,58,57,40,235.00,"9,400.00"
2019-10-01,2019100101003030,UPPER,58,37,50,235.00,"11,750.00"
2019-10-01,2019100101002741,UPPER,49,17,500,235.00,"117,500.00"
2019-10-01,2019100101002740,UPPER,32,17,60,235.00,"14,100.00"
2019-10-01,2019100101002739,UPPER,6,17,400,236.00,"94,400.00"
2019-10-01,2019100101002773,UPPER,21,21,50,236.00,"11,800.00"
2019-10-01,2019100101002766,UPPER,11,32,25,235.00,"5,875.00"
2019-10-01,2019100101002748,UPPER,33,56,10,237.00,"2,370.00"
2019-10-01,2019100101002742,UPPER,11,17,40,235.00,"9,400.00"
2019-10-01,2019100101002989,UPPER,11,36,95,235.00,"22,325.00"
2019-10-01,2019100101002986,UPPER,57,37,20,236.00,"4,720.00"
2019-10-01,2019100101002974,UPPER,57,37,20,236.00,"4,720.00"
2019-10-01,2019100101002966,UPPER,11,1,40,235.00,"9,400.00"
2019-10-01,2019100101003009,UPPER,58,37,50,235.00,"11,750.00"
2019-10-01,2019100101003000,UPPER,58,37,40,235.00,"9,400.00"
2019-10-01,2019100101002996,UPPER,58,37,30,235.00,"7,050.00"
2019-10-01,2019100101002990,UPPER,58,36,198,235.00,"46,530.00"
2019-10-01,2019100101002626,ADBL,44,45,80,417.00,"33,360.00"
2019-10-01,2019100101002568,ADBL,47,45,20,417.00,"8,340.00"
2019-10-01,2019100101002471,ADBL,17,45,100,417.00,"41,700.00"
2019-10-01,2019100101002363,ADBL,47,14,10,417.00,"4,170.00"
2019-10-01,2019100101002310,ADBL,7,45,63,416.00,"26,208.00"
2019-10-01,2019100101002309,ADBL,49,45,87,416.00,"36,192.00"
2019-10-01,2019100101002204,ADBL,50,14,100,417.00,"41,700.00"
2019-10-01,2019100101002664,AKBSL,56,22,10,416.00,"4,160.00"
2019-10-01,2019100101002493,AKBSL,36,36,10,417.00,"4,170.00"
2019-10-01,2019100101002398,AKBSL,56,13,10,416.00,"4,160.00"
2019-10-01,2019100101002364,AKBSL,21,21,10,420.00,"4,200.00"
2019-10-01,2019100101002395,AKJCL,41,57,10,53.00,530.00
2019-10-01,2019100101002653,ALBSL,7,17,30,429.00,"12,870.00"
2019-10-01,2019100101002528,ALBSL,6,44,10,428.00,"4,280.00"
2019-10-01,2019100101002469,ALBSL,29,29,10,429.00,"4,290.00"
2019-10-01,2019100101002333,ALBSL,39,39,10,429.00,"4,290.00"
2019-10-01,2019100101002278,ALBSL,6,7,45,428.00,"19,260.00"
2019-10-01,2019100101002248,API,21,39,"1,105",114.00,"125,970.00"
2019-10-01,2019100101002247,API,21,43,895,113.00,"101,135.00"
2019-10-01,2019100101002676,BARUN,53,47,60,89.00,"5,340.00"
2019-10-01,2019100101002237,BARUN,6,34,40,89.00,"3,560.00"
2019-10-01,2019100101002637,BOKL,7,25,10,257.00,"2,570.00"
2019-10-01,2019100101002417,BOKL,45,34,100,258.00,"25,800.00"
2019-10-01,2019100101002326,BOKL,45,26,300,258.00,"77,400.00"
2019-10-01,2019100101002662,BPCL,58,51,10,360.00,"3,600.00"
2019-10-01,2019100101002654,BPCL,58,51,10,360.00,"3,600.00"
2019-10-01,2019100101002351,BPCL,38,28,25,360.00,"9,000.00"
2019-10-01,2019100101002281,CBBL,14,21,20,970.00,"19,400.00"
2019-10-01,2019100101002280,CBBL,49,21,135,970.00,"130,950.00"
2019-10-01,2019100101002415,CBL,59,56,100,143.00,"14,300.00"
2019-10-01,2019100101002414,CBL,33,56,"1,500",143.00,"214,500.00"
2019-10-01,2019100101002413,CBL,33,56,50,143.00,"7,150.00"
2019-10-01,2019100101002341,CBL,58,53,300,144.00,"43,200.00"
2019-10-01,2019100101002285,CBL,39,53,135,144.00,"19,440.00"
2019-10-01,2019100101002284,CBL,59,53,29,144.00,"4,176.00"
2019-10-01,2019100101002230,CBL,21,21,5,144.00,720.00
2019-10-01,2019100101002641,CCBL,5,32,57,155.00,"8,835.00"
2019-10-01,2019100101002372,CCBL,21,21,1,156.00,156.00
2019-10-01,2019100101002369,CCBL,47,34,10,156.00,"1,560.00"
2019-10-01,2019100101002238,CCBL,21,21,1,155.00,155.00
2019-10-01,2019100101002218,CCBL,5,22,51,155.00,"7,905.00"
2019-10-01,2019100101002566,CHCL,45,56,100,420.00,"42,000.00"
2019-10-01,2019100101002565,CHCL,19,56,500,421.00,"210,500.00"
2019-10-01,2019100101002313,CIT,28,40,150,"1,817.00","272,550.00"
2019-10-01,2019100101002312,CIT,6,40,10,"1,818.00","18,180.00"
2019-10-01,2019100101002311,CIT,52,40,10,"1,820.00","18,200.00"
2019-10-01,2019100101002293,CIT,52,37,40,"1,820.00","72,800.00"
2019-10-01,2019100101002647,CLBSL,7,32,10,478.00,"4,780.00"
2019-10-01,2019100101002206,CMF1,35,32,500,9.20,"4,600.00"
2019-10-01,2019100101002612,CZBIL,58,6,50,196.00,"9,800.00"
2019-10-01,2019100101002611,CZBIL,7,6,50,196.00,"9,800.00"
2019-10-01,2019100101002610,CZBIL,49,6,394,196.00,"77,224.00"
2019-10-01,2019100101002572,CZBIL,49,51,10,196.00,"1,960.00"
2019-10-01,2019100101002464,CZBIL,49,48,100,196.00,"19,600.00"
2019-10-01,2019100101002419,CZBIL,46,28,40,197.00,"7,880.00"
2019-10-01,2019100101002295,CZBIL,22,28,100,197.00,"19,700.00"
2019-10-01,2019100101002634,DBBL,38,45,100,127.00,"12,700.00"
2019-10-01,2019100101002633,DBBL,38,45,500,127.00,"63,500.00"
2019-10-01,2019100101002632,DBBL,21,45,400,127.00,"50,800.00"
2019-10-01,2019100101002631,DBBL,53,45,100,127.00,"12,700.00"
2019-10-01,2019100101002630,DBBL,41,45,125,127.00,"15,875.00"
2019-10-01,2019100101002535,DBBL,33,56,10,129.00,"1,290.00"
2019-10-01,2019100101002441,DBBL,33,49,"1,850",129.00,"238,650.00"
2019-10-01,2019100101002190,DBBL,41,59,75,127.00,"9,525.00"
2019-10-01,2019100101002189,DBBL,45,59,170,127.00,"21,590.00"
2019-10-01,2019100101002599,EBL,17,50,160,577.00,"92,320.00"
2019-10-01,2019100101002598,EBL,17,50,40,577.00,"23,080.00"
2019-10-01,2019100101002593,EBL,17,51,10,577.00,"5,770.00"
2019-10-01,2019100101002439,EBL,45,33,100,577.00,"57,700.00"
2019-10-01,2019100101002438,EBL,45,33,60,577.00,"34,620.00"
2019-10-01,2019100101002260,EBL,45,34,40,577.00,"23,080.00"
2019-10-01,2019100101002239,EBL,45,58,100,577.00,"57,700.00"
2019-10-01,2019100101002627,EIC,33,6,50,236.00,"11,800.00"
2019-10-01,2019100101002597,EIC,58,6,58,236.00,"13,688.00"
2019-10-01,2019100101002596,EIC,26,6,350,236.00,"82,600.00"
2019-10-01,2019100101002595,EIC,7,6,70,238.00,"16,660.00"
2019-10-01,2019100101002344,EIC,7,38,160,238.00,"38,080.00"
2019-10-01,2019100101002343,EIC,14,38,100,239.00,"23,900.00"
2019-10-01,2019100101002342,EIC,47,38,40,240.00,"9,600.00"
2019-10-01,2019100101002235,EIC,47,34,200,240.00,"48,000.00"
2019-10-01,2019100101002446,FMDBL,57,13,50,323.00,"16,150.00"
2019-10-01,2019100101002275,FMDBL,53,58,200,322.00,"64,400.00"
2019-10-01,2019100101002223,FMDBL,53,1,199,322.00,"64,078.00"
2019-10-01,2019100101002198,FMDBL,53,29,50,322.00,"16,100.00"
2019-10-01,2019100101002550,GBLBS,7,32,54,321.00,"17,334.00"
2019-10-01,2019100101002640,GHL,14,14,20,63.00,"1,260.00"
2019-10-01,2019100101002407,GHL,41,57,30,62.00,"1,860.00"
2019-10-01,2019100101002657,GLICL,6,17,30,363.00,"10,890.00"
2019-10-01,2019100101002656,GLICL,19,17,49,364.00,"17,836.00"
2019-10-01,2019100101002655,GLICL,41,17,40,365.00,"14,600.00"
2019-10-01,2019100101002680,GMFBS,14,14,10,461.00,"4,610.00"
2019-10-01,2019100101002650,GUFL,3,32,100,108.00,"10,800.00"
2019-10-01,2019100101002496,HBL,14,14,12,495.00,"5,940.00"
2019-10-01,2019100101002443,HBL,22,14,200,495.00,"99,000.00"
2019-10-01,2019100101002432,HBL,57,14,80,495.00,"39,600.00"
2019-10-01,2019100101002661,HIDCL,39,32,25,134.00,"3,350.00"
2019-10-01,2019100101002254,HIDCL,22,14,50,135.00,"6,750.00"
2019-10-01,2019100101002217,HIDCL,39,1,200,134.00,"26,800.00"
2019-10-01,2019100101002215,HPPL,52,22,20,143.00,"2,860.00"
2019-10-01,2019100101002410,ILBS,32,46,50,430.00,"21,500.00"
2019-10-01,2019100101002409,ILBS,32,34,10,430.00,"4,300.00"
2019-10-01,2019100101002408,ILBS,32,43,50,430.00,"21,500.00"
2019-10-01,2019100101002246,ILBS,41,43,50,430.00,"21,500.00"
2019-10-01,2019100101002245,ILBS,41,42,10,427.00,"4,270.00"
2019-10-01,2019100101002224,ILBS,42,42,10,426.00,"4,260.00"
2019-10-01,2019100101002671,JBBL,58,32,30,157.00,"4,710.00"
2019-10-01,2019100101002619,JBBL,49,41,190,158.00,"30,020.00"
2019-10-01,2019100101002380,JBBL,47,41,10,158.00,"1,580.00"
2019-10-01,2019100101002545,JOSHI,7,44,20,56.00,"1,120.00"
2019-10-01,2019100101002587,JSLBB,41,51,20,965.00,"19,300.00"
2019-10-01,2019100101002384,JSLBB,34,25,15,970.00,"14,550.00"
2019-10-01,2019100101002383,JSLBB,34,25,20,970.00,"19,400.00"
2019-10-01,2019100101002466,KBL,45,48,120,180.00,"21,600.00"
2019-10-01,2019100101002465,KBL,50,48,30,180.00,"5,400.00"
2019-10-01,2019100101002581,KPCL,35,35,10,77.00,770.00
2019-10-01,2019100101002373,KPCL,19,39,10,76.00,760.00
2019-10-01,2019100101002379,KRBL,37,34,35,102.00,"3,570.00"
2019-10-01,2019100101002283,KRBL,34,34,50,102.00,"5,100.00"
2019-10-01,2019100101002427,KSBBL,50,14,300,141.00,"42,300.00"
2019-10-01,2019100101002367,KSBBL,38,40,500,142.00,"71,000.00"
2019-10-01,2019100101002366,KSBBL,42,40,100,142.00,"14,200.00"
2019-10-01,2019100101002365,KSBBL,34,40,370,142.00,"52,540.00"
2019-10-01,2019100101002251,KSBBL,21,21,6,143.00,858.00
2019-10-01,2019100101002679,LBBL,48,32,50,172.00,"8,600.00"
2019-10-01,2019100101002678,LBBL,41,32,100,172.00,"17,200.00"
2019-10-01,2019100101002636,LBBL,45,50,300,174.00,"52,200.00"
2019-10-01,2019100101002635,LBBL,57,50,374,174.00,"65,076.00"
2019-10-01,2019100101002192,LBBL,57,49,500,174.00,"87,000.00"
2019-10-01,2019100101002574,LBL,58,48,338,214.00,"72,332.00"
2019-10-01,2019100101002573,LBL,38,48,100,214.00,"21,400.00"
2019-10-01,2019100101002266,LBL,28,48,324,215.00,"69,660.00"
2019-10-01,2019100101002682,LGIL,46,32,25,345.00,"8,625.00"
2019-10-01,2019100101002470,LGIL,53,57,13,348.00,"4,524.00"
2019-10-01,2019100101002645,MBL,55,48,10,223.00,"2,230.00"
2019-10-01,2019100101002308,MDB,16,45,90,250.00,"22,500.00"
2019-10-01,2019100101002277,MDB,17,45,10,246.00,"2,460.00"
2019-10-01,2019100101002255,MDB,21,21,2,243.00,486.00
2019-10-01,2019100101002186,MEGA,17,43,150,193.00,"28,950.00"
2019-10-01,2019100101002263,MEGA,21,21,1,193.00,193.00
2019-10-01,2019100101002233,MEGA,28,42,300,193.00,"57,900.00"
2019-10-01,2019100101002232,MEGA,17,42,172,193.00,"33,196.00"
2019-10-01,2019100101002302,MEGA,49,42,29,193.00,"5,597.00"
2019-10-01,2019100101002539,MEGA,57,33,317,194.00,"61,498.00"
2019-10-01,2019100101002538,MEGA,57,13,10,194.00,"1,940.00"
2019-10-01,2019100101002429,MEGA,45,18,443,193.00,"85,499.00"
2019-10-01,2019100101002428,MEGA,49,18,57,193.00,"11,001.00"
2019-10-01,2019100101002604,MLBL,33,16,138,212.00,"29,256.00"
2019-10-01,2019100101002399,MLBL,55,16,111,212.00,"23,532.00"
2019-10-01,2019100101002228,MLBL,25,16,251,212.00,"53,212.00"
2019-10-01,2019100101002259,MNBBL,13,37,100,308.00,"30,800.00"
2019-10-01,2019100101002670,NABIL,17,25,200,770.00,"154,000.00"
2019-10-01,2019100101002669,NABIL,6,25,500,770.00,"385,000.00"
2019-10-01,2019100101002668,NABIL,17,25,100,770.00,"77,000.00"
2019-10-01,2019100101002667,NABIL,14,25,50,771.00,"38,550.00"
2019-10-01,2019100101002666,NABIL,45,25,50,772.00,"38,600.00"
2019-10-01,2019100101002665,NABIL,45,25,50,772.00,"38,600.00"
2019-10-01,2019100101002381,NABIL,14,36,50,776.00,"38,800.00"
2019-10-01,2019100101002544,NABIL,14,22,143,773.00,"110,539.00"
2019-10-01,2019100101002543,NABIL,14,22,184,773.00,"142,232.00"
2019-10-01,2019100101002542,NABIL,25,22,50,774.00,"38,700.00"
2019-10-01,2019100101002533,NABIL,17,22,16,777.00,"12,432.00"
2019-10-01,2019100101002529,NABIL,17,51,14,777.00,"10,878.00"
2019-10-01,2019100101002382,NABIL,14,39,16,777.00,"12,432.00"
2019-10-01,2019100101002495,NAGRO,32,28,40,730.00,"29,200.00"
2019-10-01,2019100101002494,NAGRO,32,58,10,730.00,"7,300.00"
2019-10-01,2019100101002588,NBB,17,58,800,212.00,"169,600.00"
2019-10-01,2019100101002549,NBB,14,17,526,211.00,"110,986.00"
2019-10-01,2019100101002547,NBB,14,17,165,211.00,"34,815.00"
2019-10-01,2019100101002338,NBB,45,17,335,212.00,"71,020.00"
2019-10-01,2019100101002337,NBB,45,48,65,212.00,"13,780.00"
2019-10-01,2019100101002614,NBL,5,22,110,316.00,"34,760.00"
2019-10-01,2019100101002580,NBL,17,22,600,316.00,"189,600.00"
2019-10-01,2019100101002511,NBL,32,48,350,315.00,"110,250.00"
2019-10-01,2019100101002510,NBL,25,48,50,315.00,"15,750.00"
2019-10-01,2019100101002500,NBL,5,22,290,316.00,"91,640.00"
2019-10-01,2019100101002499,NBL,5,51,300,316.00,"94,800.00"
2019-10-01,2019100101002498,NBL,5,40,410,316.00,"129,560.00"
2019-10-01,2019100101002449,NBL,21,40,90,316.00,"28,440.00"
2019-10-01,2019100101002274,NBL,21,16,60,316.00,"18,960.00"
2019-10-01,2019100101002188,NCCB,1,50,960,200.00,"192,000.00"
2019-10-01,2019100101002431,NEF,11,57,"3,000",7.40,"22,200.00"
2019-10-01,2019100101002314,NGPL,26,52,83,102.00,"8,466.00"
2019-10-01,2019100101002270,NGPL,36,45,500,102.00,"51,000.00"
2019-10-01,2019100101002267,NGPL,48,34,105,100.00,"10,500.00"
2019-10-01,2019100101002209,NHDL,59,56,10,92.00,920.00
2019-10-01,2019100101002681,NHPC,39,56,60,53.00,"3,180.00"
2019-10-01,2019100101002620,NIB,58,22,10,445.00,"4,450.00"
2019-10-01,2019100101002589,NIB,42,22,100,442.00,"44,200.00"
2019-10-01,2019100101002575,NIB,36,22,20,446.00,"8,920.00"
2019-10-01,2019100101002564,NIB,26,36,442,440.00,"194,480.00"
2019-10-01,2019100101002563,NIB,43,36,500,440.00,"220,000.00"
2019-10-01,2019100101002562,NIB,39,36,60,440.00,"26,400.00"
2019-10-01,2019100101002216,NIB,55,21,10,445.00,"4,450.00"
2019-10-01,2019100101002555,NIB,55,36,100,443.00,"44,300.00"
2019-10-01,2019100101002554,NIB,43,36,200,444.00,"88,800.00"
2019-10-01,2019100101002553,NIB,33,36,21,444.00,"9,324.00"
2019-10-01,2019100101002552,NIB,58,36,100,444.00,"44,400.00"
2019-10-01,2019100101002551,NIB,43,36,78,444.00,"34,632.00"
2019-10-01,2019100101002318,NIB,43,10,12,444.00,"5,328.00"
2019-10-01,2019100101002561,NIB,33,36,100,441.00,"44,100.00"
2019-10-01,2019100101002560,NIB,22,36,482,441.00,"212,562.00"
2019-10-01,2019100101002559,NIB,1,36,17,441.00,"7,497.00"
2019-10-01,2019100101002558,NIB,46,36,200,442.00,"88,400.00"
2019-10-01,2019100101002557,NIB,43,36,500,442.00,"221,000.00"
2019-10-01,2019100101002556,NIB,44,36,200,443.00,"88,600.00"
2019-10-01,2019100101002505,NICA,36,21,33,383.00,"12,639.00"
2019-10-01,2019100101002243,NICL,1,46,195,266.00,"51,870.00"
2019-10-01,2019100101002242,NICL,21,46,100,267.00,"26,700.00"
2019-10-01,2019100101002241,NICL,1,46,200,268.00,"53,600.00"
2019-10-01,2019100101002203,NICL,46,56,100,270.00,"27,000.00"
2019-10-01,2019100101002202,NICL,14,56,100,271.00,"27,100.00"
2019-10-01,2019100101002624,NIL,35,38,111,364.00,"40,404.00"
2019-10-01,2019100101002603,NLIC,22,34,22,768.00,"16,896.00"
2019-10-01,2019100101002578,NLIC,14,6,84,765.00,"64,260.00"
2019-10-01,2019100101002331,NLIC,14,14,156,765.00,"119,340.00"
2019-10-01,2019100101002330,NLIC,57,14,20,765.00,"15,300.00"
2019-10-01,2019100101002329,NLIC,17,14,30,767.00,"23,010.00"
2019-10-01,2019100101002317,NLIC,17,25,50,767.00,"38,350.00"
2019-10-01,2019100101002273,NLIC,17,1,120,767.00,"92,040.00"
2019-10-01,2019100101002222,NLIC,25,28,25,765.00,"19,125.00"
2019-10-01,2019100101002221,NLIC,52,28,200,765.00,"153,000.00"
2019-10-01,2019100101002220,NLIC,39,28,100,766.00,"76,600.00"
2019-10-01,2019100101002219,NLIC,51,28,90,766.00,"68,940.00"
2019-10-01,2019100101002683,NLICL,14,17,124,472.00,"58,528.00"
2019-10-01,2019100101002534,NLICL,44,6,450,475.00,"213,750.00"
2019-10-01,2019100101002467,NLICL,55,6,50,475.00,"23,750.00"
2019-10-01,2019100101002424,NLICL,59,43,21,476.00,"9,996.00"
2019-10-01,2019100101002423,NLICL,59,39,21,475.00,"9,975.00"
2019-10-01,2019100101002422,NLICL,59,28,36,475.00,"17,100.00"
2019-10-01,2019100101002421,NLICL,59,34,15,474.00,"7,110.00"
2019-10-01,2019100101002205,NLICL,36,43,100,473.00,"47,300.00"
2019-10-01,2019100101002541,NMFBS,45,48,150,"1,681.00","252,150.00"
2019-10-01,2019100101002444,NMFBS,45,26,50,"1,695.00","84,750.00"
2019-10-01,2019100101002355,NMFBS,33,48,195,"1,699.00","331,305.00"
2019-10-01,2019100101002613,NTC,47,52,15,628.00,"9,420.00"
2019-10-01,2019100101002567,NUBL,32,45,40,848.00,"33,920.00"
2019-10-01,2019100101002265,OHL,43,48,11,497.00,"5,467.00"
2019-10-01,2019100101002264,OHL,22,48,20,497.00,"9,940.00"
2019-10-01,2019100101002225,OHL,45,48,75,500.00,"37,500.00"
2019-10-01,2019100101002643,PCBL,22,47,122,269.00,"32,818.00"
2019-10-01,2019100101002642,PCBL,22,25,50,269.00,"13,450.00"
2019-10-01,2019100101002346,PCBL,51,47,50,268.00,"13,400.00"
2019-10-01,2019100101002651,PFL,58,28,10,133.00,"1,330.00"
2019-10-01,2019100101002646,PFL,58,28,10,133.00,"1,330.00"
2019-10-01,2019100101002473,PIC,44,6,950,368.00,"349,600.00"
2019-10-01,2019100101002472,PIC,45,6,50,368.00,"18,400.00"
2019-10-01,2019100101002463,PIC,25,41,75,369.00,"27,675.00"
2019-10-01,2019100101002462,PIC,32,41,10,369.00,"3,690.00"
2019-10-01,2019100101002461,PIC,58,41,50,369.00,"18,450.00"
2019-10-01,2019100101002197,PIC,48,43,96,370.00,"35,520.00"
2019-10-01,2019100101002196,PIC,46,43,59,370.00,"21,830.00"
2019-10-01,2019100101002663,PMHPL,35,35,10,90.00,900.00
2019-10-01,2019100101002412,PRIN,46,59,140,315.00,"44,100.00"
2019-10-01,2019100101002191,PRIN,46,45,110,315.00,"34,650.00"
2019-10-01,2019100101002185,PRIN,53,38,99,316.00,"31,284.00"
2019-10-01,2019100101002644,PRVU,36,36,25,265.00,"6,625.00"
2019-10-01,2019100101002585,PRVU,34,45,10,265.00,"2,650.00"
2019-10-01,2019100101002584,PRVU,29,45,650,265.00,"172,250.00"
2019-10-01,2019100101002546,PRVU,38,58,90,267.00,"24,030.00"
2019-10-01,2019100101002468,PRVU,48,48,500,267.00,"133,500.00"
2019-10-01,2019100101002460,PRVU,29,4,350,265.00,"92,750.00"
2019-10-01,2019100101002435,PRVU,16,32,800,266.00,"212,800.00"
2019-10-01,2019100101002434,PRVU,58,32,200,266.00,"53,200.00"
2019-10-01,2019100101002249,PRVU,16,14,"1,000",267.00,"267,000.00"
2019-10-01,2019100101002459,PRVU,57,4,150,265.00,"39,750.00"
2019-10-01,2019100101002458,PRVU,32,4,"1,000",265.00,"265,000.00"
2019-10-01,2019100101002457,PRVU,6,4,100,265.00,"26,500.00"
2019-10-01,2019100101002456,PRVU,33,4,100,265.00,"26,500.00"
2019-10-01,2019100101002455,PRVU,16,4,100,265.00,"26,500.00"
2019-10-01,2019100101002454,PRVU,16,4,200,266.00,"53,200.00"
2019-10-01,2019100101002677,RHPL,40,22,40,159.00,"6,360.00"
2019-10-01,2019100101002594,RHPL,40,28,40,159.00,"6,360.00"
2019-10-01,2019100101002537,RHPL,40,36,40,159.00,"6,360.00"
2019-10-01,2019100101002536,RHPL,40,36,40,159.00,"6,360.00"
2019-10-01,2019100101002532,RHPL,40,36,40,159.00,"6,360.00"
2019-10-01,2019100101002531,RHPL,40,36,40,159.00,"6,360.00"
2019-10-01,2019100101002231,RHPL,42,35,40,160.00,"6,400.00"
2019-10-01,2019100101002303,RHPL,43,46,50,159.00,"7,950.00"
2019-10-01,2019100101002300,RHPL,43,1,30,159.00,"4,770.00"
2019-10-01,2019100101002289,RHPL,43,1,30,159.00,"4,770.00"
2019-10-01,2019100101002279,RHPL,43,1,30,159.00,"4,770.00"
2019-10-01,2019100101002269,RHPL,43,1,30,159.00,"4,770.00"
2019-10-01,2019100101002256,RHPL,43,1,30,159.00,"4,770.00"
2019-10-01,2019100101002345,RHPL,29,1,30,159.00,"4,770.00"
2019-10-01,2019100101002336,RHPL,29,1,30,159.00,"4,770.00"
2019-10-01,2019100101002324,RHPL,29,1,30,159.00,"4,770.00"
2019-10-01,2019100101002320,RHPL,29,39,40,159.00,"6,360.00"
2019-10-01,2019100101002319,RHPL,43,1,30,159.00,"4,770.00"
2019-10-01,2019100101002304,RHPL,43,1,30,159.00,"4,770.00"
2019-10-01,2019100101002403,RHPL,29,21,50,159.00,"7,950.00"
2019-10-01,2019100101002402,RHPL,29,1,30,159.00,"4,770.00"
2019-10-01,2019100101002401,RHPL,21,35,50,160.00,"8,000.00"
2019-10-01,2019100101002368,RHPL,29,1,30,159.00,"4,770.00"
2019-10-01,2019100101002352,RHPL,29,7,30,159.00,"4,770.00"
2019-10-01,2019100101002348,RHPL,29,1,30,159.00,"4,770.00"
2019-10-01,2019100101002508,RHPL,36,42,40,160.00,"6,400.00"
2019-10-01,2019100101002507,RHPL,36,35,10,160.00,"1,600.00"
2019-10-01,2019100101002503,RHPL,40,40,40,159.00,"6,360.00"
2019-10-01,2019100101002426,RHPL,40,1,10,159.00,"1,590.00"
2019-10-01,2019100101002425,RHPL,59,1,20,159.00,"3,180.00"
2019-10-01,2019100101002416,RHPL,59,1,30,159.00,"4,770.00"
2019-10-01,2019100101002527,RHPL,40,36,40,159.00,"6,360.00"
2019-10-01,2019100101002520,RHPL,40,36,40,159.00,"6,360.00"
2019-10-01,2019100101002517,RHPL,40,36,40,159.00,"6,360.00"
2019-10-01,2019100101002516,RHPL,40,36,40,159.00,"6,360.00"
2019-10-01,2019100101002514,RHPL,40,36,40,159.00,"6,360.00"
2019-10-01,2019100101002509,RHPL,36,37,310,160.00,"49,600.00"
2019-10-01,2019100101002638,RLFL,34,59,10,117.00,"1,170.00"
2019-10-01,2019100101002530,RLFL,34,59,10,115.00,"1,150.00"
2019-10-01,2019100101002502,RLFL,34,44,500,113.00,"56,500.00"
2019-10-01,2019100101002501,RLFL,34,51,109,112.00,"12,208.00"
2019-10-01,2019100101002515,RRHP,47,48,10,102.00,"1,020.00"
2019-10-01,2019100101002451,RRHP,47,48,10,102.00,"1,020.00"
2019-10-01,2019100101002448,RRHP,47,48,10,102.00,"1,020.00"
2019-10-01,2019100101002305,RRHP,47,48,10,102.00,"1,020.00"
2019-10-01,2019100101002440,SABSL,16,50,10,454.00,"4,540.00"
2019-10-01,2019100101002370,SABSL,48,7,10,455.00,"4,550.00"
2019-10-01,2019100101002350,SABSL,10,36,10,464.00,"4,640.00"
2019-10-01,2019100101002335,SABSL,48,48,10,455.00,"4,550.00"
2019-10-01,2019100101002323,SABSL,48,48,10,455.00,"4,550.00"
2019-10-01,2019100101002298,SABSL,48,48,10,455.00,"4,550.00"
2019-10-01,2019100101002582,SANIMA,21,32,100,306.00,"30,600.00"
2019-10-01,2019100101002526,SANIMA,21,8,268,306.00,"82,008.00"
2019-10-01,2019100101002525,SANIMA,14,8,"3,000",306.00,"918,000.00"
2019-10-01,2019100101002524,SANIMA,59,8,182,306.00,"55,692.00"
2019-10-01,2019100101002523,SANIMA,57,8,"1,000",307.00,"307,000.00"
2019-10-01,2019100101002522,SANIMA,51,8,50,307.00,"15,350.00"
2019-10-01,2019100101002195,SANIMA,36,46,10,310.00,"3,100.00"
2019-10-01,2019100101002194,SANIMA,48,46,51,310.00,"15,810.00"
2019-10-01,2019100101002389,SANIMA,34,46,100,307.00,"30,700.00"
2019-10-01,2019100101002388,SANIMA,34,46,50,307.00,"15,350.00"
2019-10-01,2019100101002387,SANIMA,6,46,60,307.00,"18,420.00"
2019-10-01,2019100101002297,SANIMA,41,3,40,309.00,"12,360.00"
2019-10-01,2019100101002236,SANIMA,10,46,315,310.00,"97,650.00"
2019-10-01,2019100101002207,SANIMA,50,46,100,310.00,"31,000.00"
2019-10-01,2019100101002521,SANIMA,50,8,500,307.00,"153,500.00"
2019-10-01,2019100101002394,SANIMA,59,46,18,306.00,"5,508.00"
2019-10-01,2019100101002393,SANIMA,47,46,100,306.00,"30,600.00"
2019-10-01,2019100101002392,SANIMA,6,46,100,306.00,"30,600.00"
2019-10-01,2019100101002391,SANIMA,44,46,100,306.00,"30,600.00"
2019-10-01,2019100101002390,SANIMA,57,46,"2,000",307.00,"614,000.00"
2019-10-01,2019100101002420,SAPDBL,52,58,10,134.00,"1,340.00"
2019-10-01,2019100101002400,SAPDBL,52,39,10,136.00,"1,360.00"
2019-10-01,2019100101002629,SBI,36,51,10,408.00,"4,080.00"
2019-10-01,2019100101002623,SBI,36,51,105,402.00,"42,210.00"
2019-10-01,2019100101002622,SBI,36,52,100,402.00,"40,200.00"
2019-10-01,2019100101002621,SBI,36,45,53,402.00,"21,306.00"
2019-10-01,2019100101002453,SBI,48,40,92,400.00,"36,800.00"
2019-10-01,2019100101002213,SBI,36,42,200,401.00,"80,200.00"
2019-10-01,2019100101002212,SBI,36,41,50,400.00,"20,000.00"
2019-10-01,2019100101002211,SBI,36,32,25,400.00,"10,000.00"
2019-10-01,2019100101002210,SBI,36,45,200,400.00,"80,000.00"
2019-10-01,2019100101002540,SBL,57,35,50,335.00,"16,750.00"
2019-10-01,2019100101002492,SBL,36,35,892,335.00,"298,820.00"
2019-10-01,2019100101002491,SBL,36,58,80,335.00,"26,800.00"
2019-10-01,2019100101002490,SBL,36,34,200,335.00,"67,000.00"
2019-10-01,2019100101002489,SBL,36,29,525,335.00,"175,875.00"
2019-10-01,2019100101002488,SBL,36,17,"1,000",335.00,"335,000.00"
2019-10-01,2019100101002475,SBL,36,32,156,334.00,"52,104.00"
2019-10-01,2019100101002474,SBL,36,47,100,334.00,"33,400.00"
2019-10-01,2019100101002262,SBL,56,35,100,333.00,"33,300.00"
2019-10-01,2019100101002261,SBL,58,35,950,333.00,"316,350.00"
2019-10-01,2019100101002257,SBL,58,16,500,333.00,"166,500.00"
2019-10-01,2019100101002250,SBL,17,47,100,334.00,"33,400.00"
2019-10-01,2019100101002481,SBL,36,28,200,335.00,"67,000.00"
2019-10-01,2019100101002480,SBL,36,19,200,335.00,"67,000.00"
2019-10-01,2019100101002479,SBL,36,32,500,334.00,"167,000.00"
2019-10-01,2019100101002478,SBL,36,6,500,334.00,"167,000.00"
2019-10-01,2019100101002477,SBL,36,16,500,334.00,"167,000.00"
2019-10-01,2019100101002476,SBL,36,16,500,334.00,"167,000.00"
2019-10-01,2019100101002487,SBL,36,4,97,335.00,"32,495.00"
2019-10-01,2019100101002486,SBL,36,4,100,335.00,"33,500.00"
2019-10-01,2019100101002485,SBL,36,4,100,335.00,"33,500.00"
2019-10-01,2019100101002484,SBL,36,4,100,335.00,"33,500.00"
2019-10-01,2019100101002483,SBL,36,4,50,335.00,"16,750.00"
2019-10-01,2019100101002482,SBL,36,52,200,335.00,"67,000.00"
2019-10-01,2019100101002649,SCB,45,14,180,582.00,"104,760.00"
2019-10-01,2019100101002648,SCB,45,33,20,582.00,"11,640.00"
2019-10-01,2019100101002591,SCB,41,35,60,581.00,"34,860.00"
2019-10-01,2019100101002519,SCB,41,1,40,581.00,"23,240.00"
2019-10-01,2019100101002497,SCB,17,1,50,581.00,"29,050.00"
2019-10-01,2019100101002445,SCB,22,1,10,581.00,"5,810.00"
2019-10-01,2019100101002315,SCB,34,56,100,580.00,"58,000.00"
2019-10-01,2019100101002291,SCB,34,47,50,580.00,"29,000.00"
2019-10-01,2019100101002208,SCB,34,21,10,580.00,"5,800.00"
2019-10-01,2019100101002193,SCB,34,39,100,580.00,"58,000.00"
2019-10-01,2019100101002234,SDESI,45,22,17,611.00,"10,387.00"
2019-10-01,2019100101002226,SDESI,3,22,10,612.00,"6,120.00"
2019-10-01,2019100101002609,SHIVM,41,7,300,521.00,"156,300.00"
2019-10-01,2019100101002608,SHIVM,41,22,360,521.00,"187,560.00"
2019-10-01,2019100101002607,SHIVM,21,22,50,521.00,"26,050.00"
2019-10-01,2019100101002606,SHIVM,1,22,400,521.00,"208,400.00"
2019-10-01,2019100101002605,SHIVM,34,22,30,521.00,"15,630.00"
2019-10-01,2019100101002601,SHIVM,28,33,325,522.00,"169,650.00"
2019-10-01,2019100101002252,SHIVM,17,17,150,522.00,"78,300.00"
2019-10-01,2019100101002229,SHIVM,57,17,140,522.00,"73,080.00"
2019-10-01,2019100101002200,SHIVM,57,58,100,522.00,"52,200.00"
2019-10-01,2019100101002184,SHIVM,20,43,60,523.00,"31,380.00"
2019-10-01,2019100101002339,SHIVM,32,59,20,522.00,"10,440.00"
2019-10-01,2019100101002316,SHIVM,32,17,60,522.00,"31,320.00"
2019-10-01,2019100101002307,SHIVM,49,35,100,521.00,"52,100.00"
2019-10-01,2019100101002299,SHIVM,39,17,200,522.00,"104,400.00"
2019-10-01,2019100101002296,SHIVM,34,17,50,522.00,"26,100.00"
2019-10-01,2019100101002288,SHIVM,25,17,200,522.00,"104,400.00"
2019-10-01,2019100101002360,SHIVM,35,14,100,521.00,"52,100.00"
2019-10-01,2019100101002359,SHIVM,34,14,50,521.00,"26,050.00"
2019-10-01,2019100101002358,SHIVM,3,14,10,521.00,"5,210.00"
2019-10-01,2019100101002357,SHIVM,45,14,80,521.00,"41,680.00"
2019-10-01,2019100101002354,SHIVM,45,57,120,521.00,"62,520.00"
2019-10-01,2019100101002353,SHIVM,35,57,30,521.00,"15,630.00"
2019-10-01,2019100101002411,SHIVM,42,57,300,521.00,"156,300.00"
2019-10-01,2019100101002397,SHIVM,14,22,160,522.00,"83,520.00"
2019-10-01,2019100101002386,SHIVM,14,38,100,522.00,"52,200.00"
2019-10-01,2019100101002385,SHIVM,14,59,220,522.00,"114,840.00"
2019-10-01,2019100101002362,SHIVM,42,14,160,521.00,"83,360.00"
2019-10-01,2019100101002361,SHIVM,13,14,200,521.00,"104,200.00"
2019-10-01,2019100101002600,SHIVM,28,22,170,522.00,"88,740.00"
2019-10-01,2019100101002577,SHIVM,42,58,40,521.00,"20,840.00"
2019-10-01,2019100101002442,SHIVM,42,5,200,521.00,"104,200.00"
2019-10-01,2019100101002436,SHIVM,42,5,800,521.00,"416,800.00"
2019-10-01,2019100101002433,SHIVM,42,52,500,521.00,"260,500.00"
2019-10-01,2019100101002292,SHL,14,50,100,217.00,"21,700.00"
2019-10-01,2019100101002240,SHL,14,50,500,217.00,"108,500.00"
2019-10-01,2019100101002518,SHPC,59,39,20,196.00,"3,920.00"
2019-10-01,2019100101002506,SHPC,22,37,50,200.00,"10,000.00"
2019-10-01,2019100101002332,SICL,38,41,200,715.00,"143,000.00"
2019-10-01,2019100101002504,SINDU,52,40,840,121.00,"101,640.00"
2019-10-01,2019100101002450,SINDU,39,40,100,121.00,"12,100.00"
2019-10-01,2019100101002437,SINDU,46,40,200,121.00,"24,200.00"
2019-10-01,2019100101002244,SINDU,45,40,"2,000",120.00,"240,000.00"
2019-10-01,2019100101002672,SJCL,14,22,20,168.00,"3,360.00"
2019-10-01,2019100101002615,SJCL,14,36,20,168.00,"3,360.00"
2019-10-01,2019100101002592,SJCL,14,28,20,168.00,"3,360.00"
2019-10-01,2019100101002590,SJCL,14,36,20,168.00,"3,360.00"
2019-10-01,2019100101002586,SJCL,14,36,20,168.00,"3,360.00"
2019-10-01,2019100101002583,SJCL,14,36,20,168.00,"3,360.00"
2019-10-01,2019100101002268,SJCL,10,42,10,169.00,"1,690.00"
2019-10-01,2019100101002258,SJCL,49,1,20,167.00,"3,340.00"
2019-10-01,2019100101002227,SJCL,49,42,10,167.00,"1,670.00"
2019-10-01,2019100101002306,SJCL,42,1,20,167.00,"3,340.00"
2019-10-01,2019100101002301,SJCL,42,1,20,167.00,"3,340.00"
2019-10-01,2019100101002294,SJCL,42,1,20,167.00,"3,340.00"
2019-10-01,2019100101002286,SJCL,42,1,20,167.00,"3,340.00"
2019-10-01,2019100101002271,SJCL,49,1,20,167.00,"3,340.00"
2019-10-01,2019100101002347,SJCL,42,1,20,167.00,"3,340.00"
2019-10-01,2019100101002340,SJCL,43,1,20,168.00,"3,360.00"
2019-10-01,2019100101002328,SJCL,43,1,20,168.00,"3,360.00"
2019-10-01,2019100101002325,SJCL,43,46,20,168.00,"3,360.00"
2019-10-01,2019100101002322,SJCL,43,39,20,168.00,"3,360.00"
2019-10-01,2019100101002321,SJCL,43,1,20,168.00,"3,360.00"
2019-10-01,2019100101002418,SJCL,42,1,20,167.00,"3,340.00"
2019-10-01,2019100101002406,SJCL,21,21,10,168.00,"1,680.00"
2019-10-01,2019100101002405,SJCL,42,1,20,167.00,"3,340.00"
2019-10-01,2019100101002378,SJCL,42,7,20,167.00,"3,340.00"
2019-10-01,2019100101002371,SJCL,42,1,20,167.00,"3,340.00"
2019-10-01,2019100101002356,SJCL,42,1,20,167.00,"3,340.00"
2019-10-01,2019100101002513,SJCL,14,40,20,168.00,"3,360.00"
2019-10-01,2019100101002430,SJCL,14,1,20,168.00,"3,360.00"
2019-10-01,2019100101002579,SJCL,14,36,20,168.00,"3,360.00"
2019-10-01,2019100101002576,SJCL,14,36,20,168.00,"3,360.00"
2019-10-01,2019100101002571,SJCL,36,35,120,169.00,"20,280.00"
2019-10-01,2019100101002570,SJCL,36,36,20,169.00,"3,380.00"
2019-10-01,2019100101002569,SJCL,36,36,20,169.00,"3,380.00"
2019-10-01,2019100101002548,SJCL,51,35,500,169.00,"84,500.00"
2019-10-01,2019100101002628,SKBBL,22,14,100,911.00,"91,100.00"
2019-10-01,2019100101002512,SLBSL,19,43,20,689.00,"13,780.00"
2019-10-01,2019100101002652,SLICL,25,28,75,277.00,"20,775.00"
2019-10-01,2019100101002639,SLICL,58,28,10,277.00,"2,770.00"
2019-10-01,2019100101002290,SLICL,22,1,60,279.00,"16,740.00"
2019-10-01,2019100101002276,SLICL,22,37,100,279.00,"27,900.00"
2019-10-01,2019100101002334,SMATA,22,59,19,535.00,"10,165.00"
2019-10-01,2019100101002282,SMATA,22,52,70,535.00,"37,450.00"
2019-10-01,2019100101002201,SPARS,39,39,10,536.00,"5,360.00"
2019-10-01,2019100101002199,SPARS,39,39,10,536.00,"5,360.00"
2019-10-01,2019100101002187,SPARS,39,39,10,536.00,"5,360.00"
2019-10-01,2019100101002447,SRBL,28,43,500,237.00,"118,500.00"
2019-10-01,2019100101002349,SRBL,45,48,218,236.00,"51,448.00"
2019-10-01,2019100101002253,SRBL,36,59,150,235.00,"35,250.00"
2019-10-01,2019100101002404,SWBBL,14,58,170,917.00,"155,890.00"
2019-10-01,2019100101002287,TMDBL,47,59,200,154.00,"30,800.00"
2019-10-01,2019100101002660,UFL,32,40,200,193.00,"38,600.00"
2019-10-01,2019100101002659,UFL,32,28,100,192.00,"19,200.00"
2019-10-01,2019100101002658,UFL,32,39,50,187.00,"9,350.00"
2019-10-01,2019100101002625,UFL,32,40,100,190.00,"19,000.00"
2019-10-01,2019100101002618,UFL,32,28,100,187.00,"18,700.00"
2019-10-01,2019100101002617,UFL,32,6,200,185.00,"37,000.00"
2019-10-01,2019100101002616,UFL,32,40,100,185.00,"18,500.00"
2019-10-01,2019100101002214,UFL,32,28,50,184.00,"9,200.00"
2019-10-01,2019100101002675,UIC,1,21,31,265.00,"8,215.00"
2019-10-01,2019100101002674,UIC,1,5,50,265.00,"13,250.00"
2019-10-01,2019100101002673,UPPER,33,33,"1,800",236.00,"424,800.00"
2019-10-01,2019100101002602,UPPER,33,56,10,237.00,"2,370.00"
2019-10-01,2019100101002396,UPPER,32,7,50,235.00,"11,750.00"
2019-10-01,2019100101002377,UPPER,14,22,500,236.00,"118,000.00"
2019-10-01,2019100101002376,UPPER,7,22,200,236.00,"47,200.00"
2019-10-01,2019100101002375,UPPER,42,22,500,236.00,"118,000.00"
2019-10-01,2019100101002374,UPPER,7,22,200,236.00,"47,200.00"
2019-10-01,2019100101002327,UPPER,39,39,50,237.00,"11,850.00"
2019-10-01,2019100101002272,UPPER,56,56,10,238.00,"2,380.00"
2019-10-01,2019100101002452,VLBS,45,48,10,553.00,"5,530.00"
2019-10-01,2019100101002095,ADBL,6,14,61,417.00,"25,437.00"
2019-10-01,2019100101002003,ADBL,17,14,20,417.00,"8,340.00"
2019-10-01,2019100101001905,ADBL,49,6,216,416.00,"89,856.00"
2019-10-01,2019100101001750,ADBL,49,35,87,416.00,"36,192.00"
2019-10-01,2019100101002002,AKBSL,57,29,10,420.00,"4,200.00"
2019-10-01,2019100101001971,AKBSL,48,48,10,414.00,"4,140.00"
2019-10-01,2019100101001788,AKJCL,34,34,10,54.00,540.00
2019-10-01,2019100101002015,AKPL,29,46,200,138.00,"27,600.00"
2019-10-01,2019100101002150,ALBSL,32,55,10,429.00,"4,290.00"
2019-10-01,2019100101001993,ALBSL,48,48,10,429.00,"4,290.00"
2019-10-01,2019100101001990,ALBSL,6,45,10,428.00,"4,280.00"
2019-10-01,2019100101001927,ALBSL,36,36,10,427.00,"4,270.00"
2019-10-01,2019100101001902,ALBSL,32,28,10,426.00,"4,260.00"
2019-10-01,2019100101001810,ALBSL,32,29,10,426.00,"4,260.00"
2019-10-01,2019100101001775,ALBSL,32,28,10,426.00,"4,260.00"
2019-10-01,2019100101002146,ALICL,47,14,100,320.00,"32,000.00"
2019-10-01,2019100101001719,ALICL,16,14,100,320.00,"32,000.00"
2019-10-01,2019100101002182,API,25,43,105,113.00,"11,865.00"
2019-10-01,2019100101002137,API,36,39,500,114.00,"57,000.00"
2019-10-01,2019100101002130,API,25,39,100,114.00,"11,400.00"
2019-10-01,2019100101001924,API,25,39,29,113.00,"3,277.00"
2019-10-01,2019100101001885,API,25,39,16,113.00,"1,808.00"
2019-10-01,2019100101001815,API,25,39,50,114.00,"5,700.00"
2019-10-01,2019100101002177,BARUN,6,34,10,89.00,890.00
2019-10-01,2019100101002176,BARUN,6,49,10,89.00,890.00
2019-10-01,2019100101002162,BFC,59,19,10,93.00,930.00
2019-10-01,2019100101002116,BFC,59,19,20,92.00,"1,840.00"
2019-10-01,2019100101002098,BFC,59,58,"1,000",91.00,"91,000.00"
2019-10-01,2019100101002068,BFC,59,58,980,90.00,"88,200.00"
2019-10-01,2019100101002034,BFC,59,58,20,89.00,"1,780.00"
2019-10-01,2019100101002022,BFC,59,58,"1,000",90.00,"90,000.00"
2019-10-01,2019100101001998,BFC,59,14,50,90.00,"4,500.00"
2019-10-01,2019100101001997,BFC,59,32,300,90.00,"27,000.00"
2019-10-01,2019100101001956,BFC,8,58,"1,000",89.00,"89,000.00"
2019-10-01,2019100101001785,BFC,52,39,500,89.00,"44,500.00"
2019-10-01,2019100101001765,BFC,52,39,100,88.00,"8,800.00"
2019-10-01,2019100101002109,BOKL,48,1,100,258.00,"25,800.00"
2019-10-01,2019100101002108,BOKL,48,50,920,258.00,"237,360.00"
2019-10-01,2019100101002105,BOKL,7,56,126,257.00,"32,382.00"
2019-10-01,2019100101002104,BOKL,42,56,124,257.00,"31,868.00"
2019-10-01,2019100101002074,BOKL,43,50,30,258.00,"7,740.00"
2019-10-01,2019100101002037,BOKL,42,59,100,257.00,"25,700.00"
2019-10-01,2019100101001693,BOKL,14,19,300,258.00,"77,400.00"
2019-10-01,2019100101001692,BOKL,14,40,183,258.00,"47,214.00"
2019-10-01,2019100101001983,BOKL,42,46,156,257.00,"40,092.00"
2019-10-01,2019100101001982,BOKL,38,46,44,257.00,"11,308.00"
2019-10-01,2019100101001962,BOKL,38,48,10,257.00,"2,570.00"
2019-10-01,2019100101001898,BOKL,38,6,946,257.00,"243,122.00"
2019-10-01,2019100101001897,BOKL,45,6,50,257.00,"12,850.00"
2019-10-01,2019100101001752,BOKL,45,50,50,258.00,"12,900.00"
2019-10-01,2019100101001963,CBBL,49,26,15,970.00,"14,550.00"
2019-10-01,2019100101001763,CBBL,14,19,20,975.00,"19,500.00"
2019-10-01,2019100101001762,CBBL,14,45,10,975.00,"9,750.00"
2019-10-01,2019100101001947,CBL,37,56,975,144.00,"140,400.00"
2019-10-01,2019100101001946,CBL,50,56,399,144.00,"57,456.00"
2019-10-01,2019100101001792,CCBL,19,25,200,156.00,"31,200.00"
2019-10-01,2019100101001740,CCBL,19,51,408,156.00,"63,648.00"
2019-10-01,2019100101001724,CCBL,19,34,85,156.00,"13,260.00"
2019-10-01,2019100101001899,CEFL,52,21,50,104.00,"5,200.00"
2019-10-01,2019100101001881,CEFL,52,4,10,104.00,"1,040.00"
2019-10-01,2019100101001958,CHCL,1,56,800,422.00,"337,600.00"
2019-10-01,2019100101001955,CHCL,1,39,200,422.00,"84,400.00"
2019-10-01,2019100101002010,CIT,28,37,50,"1,817.00","90,850.00"
2019-10-01,2019100101001957,CIT,14,40,100,"1,815.00","181,500.00"
2019-10-01,2019100101001819,CIT,58,37,50,"1,815.00","90,750.00"
2019-10-01,2019100101001746,CIT,13,43,50,"1,816.00","90,800.00"
2019-10-01,2019100101001708,CLBSL,7,57,20,481.00,"9,620.00"
2019-10-01,2019100101002157,CZBIL,49,41,496,196.00,"97,216.00"
2019-10-01,2019100101002156,CZBIL,34,41,50,196.00,"9,800.00"
2019-10-01,2019100101001787,CZBIL,55,28,20,197.00,"3,940.00"
2019-10-01,2019100101002059,DBBL,58,32,500,128.00,"64,000.00"
2019-10-01,2019100101002094,EBL,28,58,150,577.00,"86,550.00"
2019-10-01,2019100101002058,EBL,36,58,50,577.00,"28,850.00"
2019-10-01,2019100101001926,EBL,17,58,35,575.00,"20,125.00"
2019-10-01,2019100101001925,EBL,25,58,15,575.00,"8,625.00"
2019-10-01,2019100101001844,EBL,25,28,35,575.00,"20,125.00"
2019-10-01,2019100101001796,EBL,28,22,200,574.00,"114,800.00"
2019-10-01,2019100101002048,EIC,47,33,190,240.00,"45,600.00"
2019-10-01,2019100101002005,EIC,47,39,70,240.00,"16,800.00"
2019-10-01,2019100101001753,EIC,42,14,50,242.00,"12,100.00"
2019-10-01,2019100101002115,FMDBL,35,13,26,323.00,"8,398.00"
2019-10-01,2019100101002114,FMDBL,35,11,40,323.00,"12,920.00"
2019-10-01,2019100101001729,FMDBL,47,7,100,322.00,"32,200.00"
2019-10-01,2019100101001771,FOWAD,58,50,30,"1,290.00","38,700.00"
2019-10-01,2019100101001948,GBBL,22,39,70,211.00,"14,770.00"
2019-10-01,2019100101001904,GBBL,40,45,38,213.00,"8,094.00"
2019-10-01,2019100101001903,GBBL,40,11,101,213.00,"21,513.00"
2019-10-01,2019100101001786,GBBL,11,14,300,211.00,"63,300.00"
2019-10-01,2019100101002025,GBLBS,41,38,200,325.00,"65,000.00"
2019-10-01,2019100101002024,GBLBS,41,1,40,324.00,"12,960.00"
2019-10-01,2019100101002023,GBLBS,41,50,60,324.00,"19,440.00"
2019-10-01,2019100101001789,GBLBS,51,33,15,323.00,"4,845.00"
2019-10-01,2019100101001706,GBLBS,36,40,408,320.00,"130,560.00"
2019-10-01,2019100101002029,GFCL,36,59,40,133.00,"5,320.00"
2019-10-01,2019100101002028,GFCL,35,59,50,133.00,"6,650.00"
2019-10-01,2019100101002027,GFCL,59,59,40,133.00,"5,320.00"
2019-10-01,2019100101002019,GFCL,59,59,100,135.00,"13,500.00"
2019-10-01,2019100101001722,GFCL,59,14,50,137.00,"6,850.00"
2019-10-01,2019100101002117,GLICL,50,59,10,371.00,"3,710.00"
2019-10-01,2019100101002087,GLICL,17,40,26,364.00,"9,464.00"
2019-10-01,2019100101001965,GLICL,25,40,15,364.00,"5,460.00"
2019-10-01,2019100101001930,GLICL,13,40,69,364.00,"25,116.00"
2019-10-01,2019100101001929,GLICL,13,34,31,364.00,"11,284.00"
2019-10-01,2019100101001992,HBL,57,11,20,490.00,"9,800.00"
2019-10-01,2019100101001829,HBL,25,28,42,489.00,"20,538.00"
2019-10-01,2019100101001873,HGI,42,32,200,275.00,"55,000.00"
2019-10-01,2019100101001872,HGI,42,50,100,275.00,"27,500.00"
2019-10-01,2019100101001809,HIDCL,19,58,100,135.00,"13,500.00"
2019-10-01,2019100101001808,HIDCL,19,35,400,135.00,"54,000.00"
2019-10-01,2019100101001704,HIDCL,28,35,100,135.00,"13,500.00"
2019-10-01,2019100101001703,HIDCL,28,38,100,135.00,"13,500.00"
2019-10-01,2019100101001696,HIDCL,39,28,328,134.00,"43,952.00"
2019-10-01,2019100101002178,ILBS,42,32,10,426.00,"4,260.00"
2019-10-01,2019100101002088,ILBS,42,56,50,426.00,"21,300.00"
2019-10-01,2019100101001849,ILBS,41,28,10,425.00,"4,250.00"
2019-10-01,2019100101001716,JBBL,58,19,200,157.00,"31,400.00"
2019-10-01,2019100101001996,JFL,40,40,200,196.00,"39,200.00"
2019-10-01,2019100101001995,JFL,32,40,100,196.00,"19,600.00"
2019-10-01,2019100101001988,JFL,41,32,500,197.00,"98,500.00"
2019-10-01,2019100101001908,JFL,6,32,70,198.00,"13,860.00"
2019-10-01,2019100101002132,KBL,50,43,170,180.00,"30,600.00"
2019-10-01,2019100101002131,KBL,47,43,30,180.00,"5,400.00"
2019-10-01,2019100101002101,KBL,48,49,100,180.00,"18,000.00"
2019-10-01,2019100101001879,KBL,35,43,100,179.00,"17,900.00"
2019-10-01,2019100101001878,KBL,3,43,100,179.00,"17,900.00"
2019-10-01,2019100101001877,KBL,22,43,550,179.00,"98,450.00"
2019-10-01,2019100101001876,KBL,34,43,50,179.00,"8,950.00"
2019-10-01,2019100101002112,KKHC,53,56,100,61.00,"6,100.00"
2019-10-01,2019100101002111,KKHC,53,8,16,60.00,960.00
2019-10-01,2019100101001798,KPCL,6,56,10,77.00,770.00
2019-10-01,2019100101001794,KPCL,6,34,10,77.00,770.00
2019-10-01,2019100101001913,KSBBL,22,14,350,143.00,"50,050.00"
2019-10-01,2019100101002078,LBBL,57,19,300,174.00,"52,200.00"
2019-10-01,2019100101002077,LBBL,57,45,199,174.00,"34,626.00"
