Date,Transact. No.,Symbol,Buyer,Seller,Quantity,Rate,Amount
2020-09-17,2020091701053089,ACLBSL,55,25,100,754.00,"75,400.00"
2020-09-17,2020091701052879,ACLBSL,41,34,100,755.00,"75,500.00"
2020-09-17,2020091701052878,ACLBSL,48,34,100,755.00,"75,500.00"
2020-09-17,2020091701052877,ACLBSL,55,34,200,755.00,"151,000.00"
2020-09-17,2020091701052876,ACLBSL,18,34,49,755.00,"36,995.00"
2020-09-17,2020091701052875,ACLBSL,25,34,100,757.00,"75,700.00"
2020-09-17,2020091701052874,ACLBSL,40,34,90,757.00,"68,130.00"
2020-09-17,2020091701053233,AHPC,58,58,186,178.00,"33,108.00"
2020-09-17,2020091701053232,AHPC,58,22,314,177.00,"55,578.00"
2020-09-17,2020091701053160,AHPC,48,22,"1,686",177.00,"298,422.00"
2020-09-17,2020091701053159,AHPC,48,51,314,177.00,"55,578.00"
2020-09-17,2020091701053157,AHPC,49,51,100,177.00,"17,700.00"
2020-09-17,2020091701053134,AHPC,10,51,500,177.00,"88,500.00"
2020-09-17,2020091701052869,AHPC,56,58,200,178.00,"35,600.00"
2020-09-17,2020091701052819,AHPC,41,58,25,178.00,"4,450.00"
2020-09-17,2020091701052922,AHPC,49,6,200,177.00,"35,400.00"
2020-09-17,2020091701052921,AHPC,5,6,20,177.00,"3,540.00"
2020-09-17,2020091701052912,AHPC,5,21,980,177.00,"173,460.00"
2020-09-17,2020091701052911,AHPC,57,21,20,177.00,"3,540.00"
2020-09-17,2020091701052898,AHPC,57,37,110,177.00,"19,470.00"
2020-09-17,2020091701052884,AHPC,36,58,250,178.00,"44,500.00"
2020-09-17,2020091701053120,AHPC,51,51,86,177.00,"15,222.00"
2020-09-17,2020091701053119,AHPC,51,6,314,177.00,"55,578.00"
2020-09-17,2020091701053110,AHPC,10,40,883,176.00,"155,408.00"
2020-09-17,2020091701053109,AHPC,28,40,"1,117",176.00,"196,592.00"
2020-09-17,2020091701053040,AHPC,42,6,"1,000",177.00,"177,000.00"
2020-09-17,2020091701052923,AHPC,41,6,400,177.00,"70,800.00"
2020-09-17,2020091701053074,AIL,26,11,50,524.00,"26,200.00"
2020-09-17,2020091701053073,AIL,26,44,10,524.00,"5,240.00"
2020-09-17,2020091701052865,AIL,22,33,70,524.00,"36,680.00"
2020-09-17,2020091701052833,AIL,1,56,10,523.00,"5,230.00"
2020-09-17,2020091701052756,AIL,1,41,10,523.00,"5,230.00"
2020-09-17,2020091701052999,AKPL,43,18,150,204.00,"30,600.00"
2020-09-17,2020091701052976,AKPL,45,18,150,204.00,"30,600.00"
2020-09-17,2020091701052858,AKPL,29,18,87,204.00,"17,748.00"
2020-09-17,2020091701052856,AKPL,29,49,113,204.00,"23,052.00"
2020-09-17,2020091701053170,ALBSL,43,52,21,894.00,"18,774.00"
2020-09-17,2020091701053167,ALBSL,28,52,10,894.00,"8,940.00"
2020-09-17,2020091701053166,ALBSL,28,52,11,890.00,"9,790.00"
2020-09-17,2020091701053107,ALICL,45,34,74,749.00,"55,426.00"
2020-09-17,2020091701053106,ALICL,33,34,126,749.00,"94,374.00"
2020-09-17,2020091701053018,ALICL,33,6,200,749.00,"149,800.00"
2020-09-17,2020091701052981,ALICL,55,33,100,750.00,"75,000.00"
2020-09-17,2020091701052793,ALICL,49,33,30,750.00,"22,500.00"
2020-09-17,2020091701052792,ALICL,49,33,100,750.00,"75,000.00"
2020-09-17,2020091701053070,API,6,59,"1,000",171.00,"171,000.00"
2020-09-17,2020091701053131,BFC,54,37,50,116.00,"5,800.00"
2020-09-17,2020091701052857,BOKL,36,49,100,254.00,"25,400.00"
2020-09-17,2020091701052850,BOKL,17,5,100,255.00,"25,500.00"
2020-09-17,2020091701053096,BPCL,55,49,53,420.00,"22,260.00"
2020-09-17,2020091701053095,BPCL,13,49,47,421.00,"19,787.00"
2020-09-17,2020091701053046,BPCL,6,34,50,422.00,"21,100.00"
2020-09-17,2020091701052940,BPCL,13,49,50,423.00,"21,150.00"
2020-09-17,2020091701052790,BPCL,34,49,200,423.00,"84,600.00"
2020-09-17,2020091701052784,BPCL,13,34,43,421.00,"18,103.00"
2020-09-17,2020091701052783,BPCL,3,34,500,421.00,"210,500.00"
2020-09-17,2020091701052782,BPCL,45,34,500,421.00,"210,500.00"
2020-09-17,2020091701052781,BPCL,22,34,957,421.00,"402,897.00"
2020-09-17,2020091701053137,CBBL,34,21,100,"1,118.00","111,800.00"
2020-09-17,2020091701053071,CBL,16,41,10,150.00,"1,500.00"
2020-09-17,2020091701052805,CBL,16,40,98,150.00,"14,700.00"
2020-09-17,2020091701052774,CBL,16,41,709,150.00,"106,350.00"
2020-09-17,2020091701052773,CBL,58,41,100,150.00,"15,000.00"
2020-09-17,2020091701052772,CBL,57,41,30,150.00,"4,500.00"
2020-09-17,2020091701052771,CBL,42,41,161,150.00,"24,150.00"
2020-09-17,2020091701052750,CBL,42,32,85,151.00,"12,835.00"
2020-09-17,2020091701052749,CBL,42,28,15,151.00,"2,265.00"
2020-09-17,2020091701053121,CCBL,41,59,100,183.00,"18,300.00"
2020-09-17,2020091701052997,CCBL,41,11,100,183.00,"18,300.00"
2020-09-17,2020091701052846,CCBL,6,34,200,184.00,"36,800.00"
2020-09-17,2020091701052760,CCBL,29,34,275,184.00,"50,600.00"
2020-09-17,2020091701052759,CCBL,29,37,107,184.00,"19,688.00"
2020-09-17,2020091701052758,CCBL,29,4,248,184.00,"45,632.00"
2020-09-17,2020091701052757,CCBL,29,59,370,184.00,"68,080.00"
2020-09-17,2020091701053045,CHCL,52,5,50,521.00,"26,050.00"
2020-09-17,2020091701053017,CHCL,25,5,100,521.00,"52,100.00"
2020-09-17,2020091701052779,CIT,48,43,10,"3,439.00","34,390.00"
2020-09-17,2020091701053192,CLBSL,4,34,26,722.00,"18,772.00"
2020-09-17,2020091701053191,CLBSL,4,57,82,722.00,"59,204.00"
2020-09-17,2020091701052979,CMF1,6,6,"6,000",11.30,"67,800.00"
2020-09-17,2020091701052978,CMF1,11,6,"1,000",11.30,"11,300.00"
2020-09-17,2020091701053158,CZBIL,57,1,100,203.00,"20,300.00"
2020-09-17,2020091701053116,CZBIL,49,1,50,203.00,"10,150.00"
2020-09-17,2020091701053038,CZBIL,37,40,400,202.00,"80,800.00"
2020-09-17,2020091701052974,CZBIL,56,1,20,203.00,"4,060.00"
2020-09-17,2020091701052936,CZBIL,37,49,100,202.00,"20,200.00"
2020-09-17,2020091701052852,CZBIL,37,5,88,202.00,"17,776.00"
2020-09-17,2020091701052851,CZBIL,6,5,12,202.00,"2,424.00"
2020-09-17,2020091701052807,CZBIL,34,1,50,203.00,"10,150.00"
2020-09-17,2020091701052917,DDBL,57,53,10,891.00,"8,910.00"
2020-09-17,2020091701052916,DDBL,57,5,50,890.00,"44,500.00"
2020-09-17,2020091701052915,DDBL,57,25,220,890.00,"195,800.00"
2020-09-17,2020091701052914,DDBL,57,49,50,889.00,"44,450.00"
2020-09-17,2020091701052928,EBL,19,32,105,741.00,"77,805.00"
2020-09-17,2020091701053091,EIC,52,57,100,558.00,"55,800.00"
2020-09-17,2020091701053072,EIC,49,57,150,558.00,"83,700.00"
2020-09-17,2020091701053056,EIC,51,57,20,558.00,"11,160.00"
2020-09-17,2020091701052845,EIC,57,26,"1,000",559.00,"559,000.00"
2020-09-17,2020091701052800,EIC,47,48,50,557.00,"27,850.00"
2020-09-17,2020091701052799,EIC,33,48,20,557.00,"11,140.00"
2020-09-17,2020091701052798,EIC,26,48,30,557.00,"16,710.00"
2020-09-17,2020091701052797,EIC,57,48,300,558.00,"167,400.00"
2020-09-17,2020091701052796,EIC,26,48,100,558.00,"55,800.00"
2020-09-17,2020091701052795,EIC,46,48,50,558.00,"27,900.00"
2020-09-17,2020091701052794,EIC,49,48,50,559.00,"27,950.00"
2020-09-17,2020091701053165,FOWAD,45,5,34,"1,587.00","53,958.00"
2020-09-17,2020091701053144,GBIME,58,41,100,269.00,"26,900.00"
2020-09-17,2020091701053136,GBIME,29,40,100,268.00,"26,800.00"
2020-09-17,2020091701053129,GBIME,29,57,34,268.00,"9,112.00"
2020-09-17,2020091701053084,GBIME,29,20,"1,116",268.00,"299,088.00"
2020-09-17,2020091701053083,GBIME,29,37,"1,100",268.00,"294,800.00"
2020-09-17,2020091701053039,GBIME,49,20,500,268.00,"134,000.00"
2020-09-17,2020091701052839,GBIME,45,6,50,269.00,"13,450.00"
2020-09-17,2020091701052838,GBIME,45,17,10,269.00,"2,690.00"
2020-09-17,2020091701052837,GBIME,45,51,10,269.00,"2,690.00"
2020-09-17,2020091701052836,GBIME,45,48,100,269.00,"26,900.00"
2020-09-17,2020091701052835,GBIME,45,39,687,269.00,"184,803.00"
2020-09-17,2020091701052754,GBIME,29,33,566,268.00,"151,688.00"
2020-09-17,2020091701052990,GBIME,6,20,50,268.00,"13,400.00"
2020-09-17,2020091701052989,GBIME,45,20,50,268.00,"13,400.00"
2020-09-17,2020091701052988,GBIME,58,20,100,268.00,"26,800.00"
2020-09-17,2020091701052987,GBIME,47,20,150,268.00,"40,200.00"
2020-09-17,2020091701052986,GBIME,29,20,34,268.00,"9,112.00"
2020-09-17,2020091701052840,GBIME,45,41,143,269.00,"38,467.00"
2020-09-17,2020091701053221,GBLBS,29,32,50,551.00,"27,550.00"
2020-09-17,2020091701053220,GBLBS,29,7,300,551.00,"165,300.00"
2020-09-17,2020091701052998,GBLBS,56,44,10,550.00,"5,500.00"
2020-09-17,2020091701052937,GBLBS,56,49,10,550.00,"5,500.00"
2020-09-17,2020091701053049,GFCL,6,36,40,174.00,"6,960.00"
2020-09-17,2020091701053199,GLICL,51,6,10,654.00,"6,540.00"
2020-09-17,2020091701053053,GLICL,43,47,100,650.00,"65,000.00"
2020-09-17,2020091701053052,GLICL,33,47,100,651.00,"65,100.00"
2020-09-17,2020091701052829,GLICL,43,47,30,650.00,"19,500.00"
2020-09-17,2020091701052828,GLICL,37,47,50,650.00,"32,500.00"
2020-09-17,2020091701052827,GLICL,41,47,120,650.00,"78,000.00"
2020-09-17,2020091701052745,GLICL,41,26,380,650.00,"247,000.00"
2020-09-17,2020091701052744,GLICL,49,26,400,650.00,"260,000.00"
2020-09-17,2020091701052743,GLICL,34,26,50,651.00,"32,550.00"
2020-09-17,2020091701052742,GLICL,10,26,100,651.00,"65,100.00"
2020-09-17,2020091701052741,GLICL,33,26,70,651.00,"45,570.00"
2020-09-17,2020091701053219,HDHPC,51,41,300,110.00,"33,000.00"
2020-09-17,2020091701053218,HDHPC,51,19,10,110.00,"1,100.00"
2020-09-17,2020091701053217,HDHPC,51,29,50,110.00,"5,500.00"
2020-09-17,2020091701053216,HDHPC,51,17,10,110.00,"1,100.00"
2020-09-17,2020091701053215,HDHPC,51,57,10,110.00,"1,100.00"
2020-09-17,2020091701053214,HDHPC,51,52,10,110.00,"1,100.00"
2020-09-17,2020091701053047,HDHPC,25,53,20,110.00,"2,200.00"
2020-09-17,2020091701053015,HDHPC,41,49,10,106.00,"1,060.00"
2020-09-17,2020091701052949,HDHPC,50,40,10,103.00,"1,030.00"
2020-09-17,2020091701052841,HDHPC,50,40,10,103.00,"1,030.00"
2020-09-17,2020091701053207,HDHPC,51,46,200,110.00,"22,000.00"
2020-09-17,2020091701053206,HDHPC,51,42,200,110.00,"22,000.00"
2020-09-17,2020091701053205,HDHPC,51,3,40,110.00,"4,400.00"
2020-09-17,2020091701053204,HDHPC,51,34,10,110.00,"1,100.00"
2020-09-17,2020091701053203,HDHPC,51,53,840,110.00,"92,400.00"
2020-09-17,2020091701053123,HDHPC,41,53,10,110.00,"1,100.00"
2020-09-17,2020091701053213,HDHPC,51,49,90,110.00,"9,900.00"
2020-09-17,2020091701053212,HDHPC,51,25,50,110.00,"5,500.00"
2020-09-17,2020091701053211,HDHPC,51,5,50,110.00,"5,500.00"
2020-09-17,2020091701053210,HDHPC,51,52,50,110.00,"5,500.00"
2020-09-17,2020091701053209,HDHPC,51,49,"2,000",110.00,"220,000.00"
2020-09-17,2020091701053208,HDHPC,51,44,80,110.00,"8,800.00"
2020-09-17,2020091701053003,HDL,58,19,100,"1,833.00","183,300.00"
2020-09-17,2020091701053002,HDL,49,19,40,"1,834.00","73,360.00"
2020-09-17,2020091701052992,HDL,42,13,20,"1,837.00","36,740.00"
2020-09-17,2020091701053182,HIDCL,1,51,20,171.00,"3,420.00"
2020-09-17,2020091701052961,HIDCL,52,40,510,167.00,"85,170.00"
2020-09-17,2020091701052960,HIDCL,6,40,200,168.00,"33,600.00"
2020-09-17,2020091701052959,HIDCL,17,40,200,168.00,"33,600.00"
2020-09-17,2020091701052958,HIDCL,16,40,500,168.00,"84,000.00"
2020-09-17,2020091701052957,HIDCL,1,40,15,168.00,"2,520.00"
2020-09-17,2020091701052956,HIDCL,57,40,400,168.00,"67,200.00"
2020-09-17,2020091701052955,HIDCL,37,40,400,169.00,"67,600.00"
2020-09-17,2020091701052954,HIDCL,40,40,50,169.00,"8,450.00"
2020-09-17,2020091701052953,HIDCL,50,40,100,169.00,"16,900.00"
2020-09-17,2020091701052952,HIDCL,59,40,"2,000",170.00,"340,000.00"
2020-09-17,2020091701052951,HIDCL,46,40,625,170.00,"106,250.00"
2020-09-17,2020091701053094,HPPL,25,52,10,202.00,"2,020.00"
2020-09-17,2020091701053093,HPPL,25,36,10,202.00,"2,020.00"
2020-09-17,2020091701053102,ICFC,19,34,10,190.00,"1,900.00"
2020-09-17,2020091701053194,IGI,17,13,422,567.00,"239,274.00"
2020-09-17,2020091701053193,IGI,28,13,186,567.00,"105,462.00"
2020-09-17,2020091701053127,IGI,28,58,14,567.00,"7,938.00"
2020-09-17,2020091701053126,IGI,58,58,10,568.00,"5,680.00"
2020-09-17,2020091701053125,IGI,26,58,50,568.00,"28,400.00"
2020-09-17,2020091701053124,IGI,55,58,92,568.00,"52,256.00"
2020-09-17,2020091701052975,ILBS,10,51,10,858.00,"8,580.00"
2020-09-17,2020091701052887,ILBS,10,34,11,858.00,"9,438.00"
2020-09-17,2020091701053223,JBBL,58,56,249,180.00,"44,820.00"
2020-09-17,2020091701053222,JBBL,58,18,"2,251",179.00,"402,929.00"
2020-09-17,2020091701053175,JBBL,1,18,100,179.00,"17,900.00"
2020-09-17,2020091701053111,JBBL,45,18,250,179.00,"44,750.00"
2020-09-17,2020091701053085,JBBL,46,18,500,179.00,"89,500.00"
2020-09-17,2020091701053115,JFL,58,33,960,190.00,"182,400.00"
2020-09-17,2020091701053114,JFL,58,58,50,190.00,"9,500.00"
2020-09-17,2020091701053113,JFL,58,57,100,190.00,"19,000.00"
2020-09-17,2020091701053112,JFL,58,48,190,190.00,"36,100.00"
2020-09-17,2020091701052810,JFL,44,48,100,190.00,"19,000.00"
2020-09-17,2020091701052889,JOSHI,5,21,20,113.00,"2,260.00"
2020-09-17,2020091701052808,JOSHI,5,45,20,113.00,"2,260.00"
2020-09-17,2020091701053004,KBL,34,20,10,203.00,"2,030.00"
2020-09-17,2020091701052943,KBL,55,40,100,202.00,"20,200.00"
2020-09-17,2020091701052927,KBL,55,34,162,202.00,"32,724.00"
2020-09-17,2020091701052926,KBL,45,34,200,202.00,"40,400.00"
2020-09-17,2020091701052925,KBL,28,34,13,202.00,"2,626.00"
2020-09-17,2020091701052909,KBL,28,55,487,202.00,"98,374.00"
2020-09-17,2020091701052908,KBL,17,55,13,202.00,"2,626.00"
2020-09-17,2020091701052973,KSBBL,29,32,10,154.00,"1,540.00"
2020-09-17,2020091701052864,KSBBL,29,32,890,154.00,"137,060.00"
2020-09-17,2020091701052769,KSBBL,26,32,10,154.00,"1,540.00"
2020-09-17,2020091701053000,LBBL,57,18,200,190.00,"38,000.00"
2020-09-17,2020091701052964,LBL,47,34,60,245.00,"14,700.00"
2020-09-17,2020091701052963,LBL,47,6,140,245.00,"34,300.00"
2020-09-17,2020091701052787,LBL,47,6,10,245.00,"2,450.00"
2020-09-17,2020091701053196,LGIL,26,43,50,563.00,"28,150.00"
2020-09-17,2020091701053195,LGIL,36,43,129,563.00,"72,627.00"
2020-09-17,2020091701053016,LGIL,36,29,50,563.00,"28,150.00"
2020-09-17,2020091701052801,LGIL,36,52,50,563.00,"28,150.00"
2020-09-17,2020091701053225,MBL,57,6,928,234.00,"217,152.00"
2020-09-17,2020091701053224,MBL,57,54,72,234.00,"16,848.00"
2020-09-17,2020091701053179,MBL,25,54,928,234.00,"217,152.00"
2020-09-17,2020091701053178,MBL,25,10,72,234.00,"16,848.00"
2020-09-17,2020091701053067,MBL,29,10,50,234.00,"11,700.00"
2020-09-17,2020091701053066,MBL,22,10,10,234.00,"2,340.00"
2020-09-17,2020091701052748,MBL,34,38,10,235.00,"2,350.00"
2020-09-17,2020091701053065,MBL,45,10,200,234.00,"46,800.00"
2020-09-17,2020091701053064,MBL,50,10,500,234.00,"117,000.00"
2020-09-17,2020091701053063,MBL,59,10,168,234.00,"39,312.00"
2020-09-17,2020091701053060,MBL,34,38,500,235.00,"117,500.00"
2020-09-17,2020091701052891,MBL,45,38,10,235.00,"2,350.00"
2020-09-17,2020091701052778,MBL,57,38,100,235.00,"23,500.00"
2020-09-17,2020091701053117,MEGA,38,14,100,228.00,"22,800.00"
2020-09-17,2020091701053108,MEGA,52,14,250,228.00,"57,000.00"
2020-09-17,2020091701052929,MEGA,49,14,357,228.00,"81,396.00"
2020-09-17,2020091701052886,MEGA,49,6,143,228.00,"32,604.00"
2020-09-17,2020091701052885,MEGA,22,6,57,228.00,"12,996.00"
2020-09-17,2020091701052844,MEGA,43,44,10,229.00,"2,290.00"
2020-09-17,2020091701052848,MERO,34,32,493,761.00,"375,173.00"
2020-09-17,2020091701052789,MERO,34,34,85,763.00,"64,855.00"
2020-09-17,2020091701052788,MERO,34,57,15,762.00,"11,430.00"
2020-09-17,2020091701053149,MERO,57,52,200,760.00,"152,000.00"
2020-09-17,2020091701053148,MERO,59,52,11,760.00,"8,360.00"
2020-09-17,2020091701053151,MERO,58,52,149,760.00,"113,240.00"
2020-09-17,2020091701053150,MERO,58,52,200,760.00,"152,000.00"
2020-09-17,2020091701053180,MFIL,6,4,500,310.00,"155,000.00"
2020-09-17,2020091701052980,MFIL,7,4,100,310.00,"31,000.00"
2020-09-17,2020091701053090,MHNL,17,44,10,117.00,"1,170.00"
2020-09-17,2020091701053092,MLBL,50,47,100,205.00,"20,500.00"
2020-09-17,2020091701052901,MLBL,58,52,20,206.00,"4,120.00"
2020-09-17,2020091701053104,MNBBL,6,11,480,330.00,"158,400.00"
2020-09-17,2020091701053103,MNBBL,6,57,50,330.00,"16,500.00"
2020-09-17,2020091701052939,MPFL,32,16,30,122.00,"3,660.00"
2020-09-17,2020091701052982,NABIL,57,49,100,859.00,"85,900.00"
2020-09-17,2020091701052906,NABIL,51,6,100,860.00,"86,000.00"
2020-09-17,2020091701052791,NABIL,47,6,30,860.00,"25,800.00"
2020-09-17,2020091701053101,NBB,49,38,84,211.00,"17,724.00"
2020-09-17,2020091701053100,NBB,49,38,73,211.00,"15,403.00"
2020-09-17,2020091701053099,NBB,49,52,43,211.00,"9,073.00"
2020-09-17,2020091701053051,NBB,56,38,100,210.00,"21,000.00"
2020-09-17,2020091701052902,NBB,56,56,69,210.00,"14,490.00"
2020-09-17,2020091701052867,NBB,13,56,342,210.00,"71,820.00"
2020-09-17,2020091701052866,NBB,13,49,158,210.00,"33,180.00"
2020-09-17,2020091701052777,NBB,5,49,66,210.00,"13,860.00"
2020-09-17,2020091701052776,NBB,5,6,434,210.00,"91,140.00"
2020-09-17,2020091701053118,NBL,29,49,289,311.00,"89,879.00"
2020-09-17,2020091701053061,NBL,25,49,100,311.00,"31,100.00"
2020-09-17,2020091701052941,NBL,20,49,50,311.00,"15,550.00"
2020-09-17,2020091701052934,NBL,5,16,100,310.00,"31,000.00"
2020-09-17,2020091701052924,NBL,48,49,100,311.00,"31,100.00"
2020-09-17,2020091701052897,NBL,49,49,20,311.00,"6,220.00"
2020-09-17,2020091701052872,NBL,5,26,10,310.00,"3,100.00"
2020-09-17,2020091701052871,NBL,6,26,500,310.00,"155,000.00"
2020-09-17,2020091701052870,NBL,37,26,490,310.00,"151,900.00"
2020-09-17,2020091701052746,NBL,17,49,100,311.00,"31,100.00"
2020-09-17,2020091701052763,NCCB,56,25,440,216.00,"95,040.00"
2020-09-17,2020091701052762,NCCB,56,41,500,216.00,"108,000.00"
2020-09-17,2020091701052761,NCCB,56,4,60,216.00,"12,960.00"
2020-09-17,2020091701052747,NIB,46,11,31,429.00,"13,299.00"
2020-09-17,2020091701053133,NICA,57,16,11,590.00,"6,490.00"
2020-09-17,2020091701053132,NICA,57,45,89,590.00,"52,510.00"
2020-09-17,2020091701053087,NICA,33,45,111,590.00,"65,490.00"
2020-09-17,2020091701053086,NICA,33,41,89,590.00,"52,510.00"
2020-09-17,2020091701053076,NICA,56,41,11,590.00,"6,490.00"
2020-09-17,2020091701053075,NICA,56,38,89,590.00,"52,510.00"
2020-09-17,2020091701052785,NICA,57,10,200,590.00,"118,000.00"
2020-09-17,2020091701053062,NICA,6,38,500,590.00,"295,000.00"
2020-09-17,2020091701053020,NICA,21,38,50,590.00,"29,500.00"
2020-09-17,2020091701052919,NICA,6,38,361,590.00,"212,990.00"
2020-09-17,2020091701052918,NICA,6,10,139,590.00,"82,010.00"
2020-09-17,2020091701052913,NICA,41,10,50,590.00,"29,500.00"
2020-09-17,2020091701052803,NICA,58,10,40,590.00,"23,600.00"
2020-09-17,2020091701053098,NICL,6,6,10,578.00,"5,780.00"
2020-09-17,2020091701053097,NICL,6,44,"2,990",576.00,"1,722,240.00"
2020-09-17,2020091701053041,NICL,43,44,10,576.00,"5,760.00"
2020-09-17,2020091701053186,NIL,36,58,500,829.00,"414,500.00"
2020-09-17,2020091701053185,NIL,3,58,100,829.00,"82,900.00"
2020-09-17,2020091701053184,NIL,14,58,200,829.00,"165,800.00"
2020-09-17,2020091701053183,NIL,37,58,75,829.00,"62,175.00"
2020-09-17,2020091701052962,NIL,48,52,50,830.00,"41,500.00"
2020-09-17,2020091701052873,NIL,49,52,450,830.00,"373,500.00"
2020-09-17,2020091701052855,NIL,37,49,25,829.00,"20,725.00"
2020-09-17,2020091701052854,NIL,47,49,75,829.00,"62,175.00"
2020-09-17,2020091701052752,NLG,6,18,26,765.00,"19,890.00"
2020-09-17,2020091701053198,NLIC,57,47,10,"1,406.00","14,060.00"
2020-09-17,2020091701053173,NLIC,11,47,51,"1,406.00","71,706.00"
2020-09-17,2020091701053172,NLIC,11,36,77,"1,406.00","108,262.00"
2020-09-17,2020091701053171,NLIC,11,39,22,"1,406.00","30,932.00"
2020-09-17,2020091701053021,NLIC,11,54,150,"1,405.00","210,750.00"
2020-09-17,2020091701052862,NLIC,55,7,45,"1,404.00","63,180.00"
2020-09-17,2020091701053168,NLICL,42,4,10,790.00,"7,900.00"
2020-09-17,2020091701053142,NLICL,42,35,75,795.00,"59,625.00"
2020-09-17,2020091701053141,NLICL,42,49,100,794.00,"79,400.00"
2020-09-17,2020091701053140,NLICL,42,32,100,794.00,"79,400.00"
2020-09-17,2020091701053139,NLICL,42,38,100,792.00,"79,200.00"
2020-09-17,2020091701053138,NLICL,42,34,25,791.00,"19,775.00"
2020-09-17,2020091701053023,NLICL,42,4,100,785.00,"78,500.00"
2020-09-17,2020091701052768,NLICL,50,37,272,785.00,"213,520.00"
2020-09-17,2020091701052767,NLICL,50,44,20,784.00,"15,680.00"
2020-09-17,2020091701052766,NLICL,50,6,127,784.00,"99,568.00"
2020-09-17,2020091701052765,NLICL,50,35,58,784.00,"45,472.00"
2020-09-17,2020091701052764,NLICL,50,6,100,783.00,"78,300.00"
2020-09-17,2020091701053029,NLICL,42,16,232,790.00,"183,280.00"
2020-09-17,2020091701053028,NLICL,42,52,200,790.00,"158,000.00"
2020-09-17,2020091701053027,NLICL,42,50,250,790.00,"197,500.00"
2020-09-17,2020091701053026,NLICL,42,38,200,790.00,"158,000.00"
2020-09-17,2020091701053025,NLICL,42,43,68,788.00,"53,584.00"
2020-09-17,2020091701053024,NLICL,42,49,50,788.00,"39,400.00"
2020-09-17,2020091701053057,NLICL,42,44,50,790.00,"39,500.00"
2020-09-17,2020091701053034,NLICL,42,58,100,790.00,"79,000.00"
2020-09-17,2020091701053033,NLICL,42,16,490,790.00,"387,100.00"
2020-09-17,2020091701053032,NLICL,42,42,"1,000",790.00,"790,000.00"
2020-09-17,2020091701053031,NLICL,42,52,50,790.00,"39,500.00"
2020-09-17,2020091701053030,NLICL,42,43,"1,000",790.00,"790,000.00"
2020-09-17,2020091701053055,NMB,32,44,100,425.00,"42,500.00"
2020-09-17,2020091701052890,NMB,53,44,100,425.00,"42,500.00"
2020-09-17,2020091701052880,NMB,58,42,15,423.00,"6,345.00"
2020-09-17,2020091701053197,NRIC,57,58,200,876.00,"175,200.00"
2020-09-17,2020091701053122,NRIC,43,58,220,876.00,"192,720.00"
2020-09-17,2020091701053105,NRIC,43,45,100,876.00,"87,600.00"
2020-09-17,2020091701053088,NRIC,43,58,50,876.00,"43,800.00"
2020-09-17,2020091701053082,NRIC,45,57,260,877.00,"228,020.00"
2020-09-17,2020091701053081,NRIC,45,32,40,877.00,"35,080.00"
2020-09-17,2020091701052843,NRIC,54,48,540,875.00,"472,500.00"
2020-09-17,2020091701052842,NRIC,29,48,60,875.00,"52,500.00"
2020-09-17,2020091701052967,NRIC,50,52,75,876.00,"65,700.00"
2020-09-17,2020091701052966,NRIC,49,52,385,876.00,"337,260.00"
2020-09-17,2020091701052907,NRIC,49,47,115,876.00,"100,740.00"
2020-09-17,2020091701052883,NRIC,56,40,170,875.00,"148,750.00"
2020-09-17,2020091701052882,NRIC,54,40,60,875.00,"52,500.00"
2020-09-17,2020091701052853,NRIC,41,47,10,876.00,"8,760.00"
2020-09-17,2020091701053080,NRIC,45,48,10,877.00,"8,770.00"
2020-09-17,2020091701053079,NRIC,45,26,40,877.00,"35,080.00"
2020-09-17,2020091701053069,NRIC,43,5,30,876.00,"26,280.00"
2020-09-17,2020091701053068,NRIC,49,5,20,876.00,"17,520.00"
2020-09-17,2020091701052969,NRIC,49,52,480,876.00,"420,480.00"
2020-09-17,2020091701052968,NRIC,55,52,60,876.00,"52,560.00"
2020-09-17,2020091701053058,NRN,22,59,100,401.00,"40,100.00"
2020-09-17,2020091701053054,NRN,22,25,10,401.00,"4,010.00"
2020-09-17,2020091701052905,NRN,22,25,10,401.00,"4,010.00"
2020-09-17,2020091701052900,NRN,22,46,10,401.00,"4,010.00"
2020-09-17,2020091701052834,NRN,6,41,10,400.00,"4,000.00"
2020-09-17,2020091701052818,NRN,6,58,10,400.00,"4,000.00"
2020-09-17,2020091701053174,NSEWA,43,17,10,745.00,"7,450.00"
2020-09-17,2020091701052753,NSEWA,17,34,10,735.00,"7,350.00"
2020-09-17,2020091701052910,NTC,3,36,40,712.00,"28,480.00"
2020-09-17,2020091701053169,PCBL,57,56,160,291.00,"46,560.00"
2020-09-17,2020091701053078,PCBL,47,56,120,291.00,"34,920.00"
2020-09-17,2020091701052965,PCBL,47,25,90,290.00,"26,100.00"
2020-09-17,2020091701053189,PIC,6,50,200,809.00,"161,800.00"
2020-09-17,2020091701053161,PIC,34,47,50,808.00,"40,400.00"
2020-09-17,2020091701052948,PIC,55,18,100,808.00,"80,800.00"
2020-09-17,2020091701052881,PIC,7,18,100,808.00,"80,800.00"
2020-09-17,2020091701052780,PIC,55,18,100,808.00,"80,800.00"
2020-09-17,2020091701052972,PICL,14,44,20,572.00,"11,440.00"
2020-09-17,2020091701052971,PICL,14,45,20,572.00,"11,440.00"
2020-09-17,2020091701052970,PICL,14,45,60,571.00,"34,260.00"
2020-09-17,2020091701053227,PLIC,53,18,10,678.00,"6,780.00"
2020-09-17,2020091701053048,PLIC,50,18,50,675.00,"33,750.00"
2020-09-17,2020091701053037,PLIC,21,18,150,675.00,"101,250.00"
2020-09-17,2020091701052996,PMHPL,57,42,10,115.00,"1,150.00"
2020-09-17,2020091701053130,PRIN,21,58,40,623.00,"24,920.00"
2020-09-17,2020091701053014,PRIN,44,58,505,623.00,"314,615.00"
2020-09-17,2020091701053013,PRIN,44,17,200,623.00,"124,600.00"
2020-09-17,2020091701053012,PRIN,44,45,50,623.00,"31,150.00"
2020-09-17,2020091701053011,PRIN,44,33,35,623.00,"21,805.00"
2020-09-17,2020091701053010,PRIN,44,46,200,623.00,"124,600.00"
2020-09-17,2020091701053009,PRIN,44,57,10,623.00,"6,230.00"
2020-09-17,2020091701052983,PRIN,50,10,11,622.00,"6,842.00"
2020-09-17,2020091701053135,PRVU,29,34,500,238.00,"119,000.00"
2020-09-17,2020091701052995,PRVU,26,6,495,238.00,"117,810.00"
2020-09-17,2020091701052994,PRVU,43,6,100,238.00,"23,800.00"
2020-09-17,2020091701052993,PRVU,42,6,305,238.00,"72,590.00"
2020-09-17,2020091701052935,PRVU,34,44,10,239.00,"2,390.00"
2020-09-17,2020091701053022,RBCLPO,54,42,30,"10,255.00","307,650.00"
2020-09-17,2020091701053229,RHPL,29,58,40,195.00,"7,800.00"
2020-09-17,2020091701053228,RHPL,29,41,30,195.00,"5,850.00"
2020-09-17,2020091701052816,RHPL,52,33,130,193.00,"25,090.00"
2020-09-17,2020091701052815,RHPL,34,33,100,193.00,"19,300.00"
2020-09-17,2020091701052814,RHPL,29,33,100,194.00,"19,400.00"
2020-09-17,2020091701052813,RHPL,34,33,70,194.00,"13,580.00"
2020-09-17,2020091701052812,RHPL,53,33,100,195.00,"19,500.00"
2020-09-17,2020091701053177,RLFL,53,22,467,145.00,"67,715.00"
2020-09-17,2020091701053176,RLFL,53,7,50,145.00,"7,250.00"
2020-09-17,2020091701053077,RLFL,53,6,100,144.00,"14,400.00"
2020-09-17,2020091701052991,RLFL,7,7,300,145.00,"43,500.00"
2020-09-17,2020091701052770,RLFL,25,7,100,145.00,"14,500.00"
2020-09-17,2020091701053036,RLI,6,47,10,660.00,"6,600.00"
2020-09-17,2020091701052947,RLI,6,57,10,660.00,"6,600.00"
2020-09-17,2020091701052896,RLI,6,47,10,660.00,"6,600.00"
2020-09-17,2020091701052786,RLI,6,8,10,660.00,"6,600.00"
2020-09-17,2020091701053128,RMDC,55,44,100,858.00,"85,800.00"
2020-09-17,2020091701052895,RMDC,52,48,153,857.00,"131,121.00"
2020-09-17,2020091701052894,RMDC,58,48,30,857.00,"25,710.00"
2020-09-17,2020091701052893,RMDC,40,48,12,857.00,"10,284.00"
2020-09-17,2020091701052817,RMDC,52,44,50,858.00,"42,900.00"
2020-09-17,2020091701052863,SADBL,4,13,49,153.00,"7,497.00"
2020-09-17,2020091701053044,SANIMA,52,58,15,348.00,"5,220.00"
2020-09-17,2020091701053043,SANIMA,46,58,50,348.00,"17,400.00"
2020-09-17,2020091701053042,SANIMA,47,58,100,348.00,"34,800.00"
2020-09-17,2020091701052985,SBI,37,51,100,437.00,"43,700.00"
2020-09-17,2020091701052984,SBI,37,14,200,437.00,"87,400.00"
2020-09-17,2020091701053143,SBL,32,38,10,310.00,"3,100.00"
2020-09-17,2020091701052899,SBL,32,25,20,309.00,"6,180.00"
2020-09-17,2020091701052942,SCB,21,6,14,670.00,"9,380.00"
2020-09-17,2020091701052868,SCB,41,6,20,670.00,"13,400.00"
2020-09-17,2020091701053147,SDLBSL,38,58,10,860.00,"8,600.00"
2020-09-17,2020091701052946,SDLBSL,38,47,37,860.00,"31,820.00"
2020-09-17,2020091701052945,SDLBSL,57,47,23,860.00,"19,780.00"
2020-09-17,2020091701052888,SEF,28,4,"1,000",9.17,"9,170.00"
2020-09-17,2020091701053035,SHINE,25,4,800,246.00,"196,800.00"
2020-09-17,2020091701052930,SHINE,47,4,70,246.00,"17,220.00"
2020-09-17,2020091701052755,SHINE,47,4,200,246.00,"49,200.00"
2020-09-17,2020091701053019,SHIVM,50,42,100,738.00,"73,800.00"
2020-09-17,2020091701052830,SHIVM,29,49,100,740.00,"74,000.00"
2020-09-17,2020091701052804,SHIVM,16,49,15,740.00,"11,100.00"
2020-09-17,2020091701052944,SHPC,8,45,500,300.00,"150,000.00"
2020-09-17,2020091701052892,SHPC,44,45,260,300.00,"78,000.00"
2020-09-17,2020091701052751,SIC,44,52,36,964.00,"34,704.00"
2020-09-17,2020091701053243,SICL,4,55,496,"1,389.00","688,944.00"
2020-09-17,2020091701053242,SICL,4,58,50,"1,389.00","69,450.00"
2020-09-17,2020091701053241,SICL,4,10,50,"1,388.00","69,400.00"
2020-09-17,2020091701053240,SICL,4,16,200,"1,388.00","277,600.00"
2020-09-17,2020091701053239,SICL,4,42,200,"1,388.00","277,600.00"
2020-09-17,2020091701053238,SICL,4,26,100,"1,387.00","138,700.00"
2020-09-17,2020091701052860,SICL,37,36,300,"1,385.00","415,500.00"
2020-09-17,2020091701052859,SICL,37,53,168,"1,385.00","232,680.00"
2020-09-17,2020091701053001,SICL,37,51,200,"1,385.00","277,000.00"
2020-09-17,2020091701052861,SICL,37,21,30,"1,385.00","41,550.00"
2020-09-17,2020091701053237,SICL,4,35,50,"1,387.00","69,350.00"
2020-09-17,2020091701053236,SICL,4,6,100,"1,386.00","138,600.00"
2020-09-17,2020091701053235,SICL,4,44,74,"1,386.00","102,564.00"
2020-09-17,2020091701053234,SICL,4,41,680,"1,385.00","941,800.00"
2020-09-17,2020091701052904,SIL,44,3,100,777.00,"77,700.00"
2020-09-17,2020091701052903,SIL,44,59,90,775.00,"69,750.00"
2020-09-17,2020091701052811,SIL,32,59,10,775.00,"7,750.00"
2020-09-17,2020091701053202,SINDU,57,29,26,135.00,"3,510.00"
2020-09-17,2020091701053201,SINDU,57,36,100,135.00,"13,500.00"
2020-09-17,2020091701053200,SINDU,57,29,74,134.00,"9,916.00"
2020-09-17,2020091701053190,SJCL,43,58,20,179.00,"3,580.00"
2020-09-17,2020091701053146,SKBBL,4,49,300,"1,395.00","418,500.00"
2020-09-17,2020091701052933,SKBBL,10,26,51,"1,399.00","71,349.00"
2020-09-17,2020091701052932,SKBBL,10,17,49,"1,399.00","68,551.00"
2020-09-17,2020091701052806,SKBBL,49,57,10,"1,394.00","13,940.00"
2020-09-17,2020091701052920,SLBBL,28,26,50,878.00,"43,900.00"
2020-09-17,2020091701052950,SLBBL,25,59,100,879.00,"87,900.00"
2020-09-17,2020091701052938,SLBS,11,18,40,984.00,"39,360.00"
2020-09-17,2020091701053156,SLBSL,3,45,40,815.00,"32,600.00"
2020-09-17,2020091701053155,SLBSL,3,19,13,814.00,"10,582.00"
2020-09-17,2020091701053154,SLBSL,3,36,13,813.00,"10,569.00"
2020-09-17,2020091701053153,SLBSL,3,34,16,813.00,"13,008.00"
2020-09-17,2020091701053152,SLBSL,3,53,13,813.00,"10,569.00"
2020-09-17,2020091701052802,SLICL,49,49,100,642.00,"64,200.00"
2020-09-17,2020091701052775,SLICL,49,32,50,640.00,"32,000.00"
2020-09-17,2020091701053188,SPARS,6,45,91,985.00,"89,635.00"
2020-09-17,2020091701053187,SPARS,6,57,15,983.00,"14,745.00"
2020-09-17,2020091701053145,SRBL,58,44,220,240.00,"52,800.00"
2020-09-17,2020091701052931,TMDBL,16,57,100,183.00,"18,300.00"
2020-09-17,2020091701052832,TMDBL,57,21,12,180.00,"2,160.00"
2020-09-17,2020091701052831,TMDBL,8,21,200,180.00,"36,000.00"
2020-09-17,2020091701053231,UIC,36,49,416,450.00,"187,200.00"
2020-09-17,2020091701053230,UIC,36,3,84,450.00,"37,800.00"
2020-09-17,2020091701053050,UIC,42,3,100,450.00,"45,000.00"
2020-09-17,2020091701052826,UIC,17,3,126,450.00,"56,700.00"
2020-09-17,2020091701052825,UIC,17,28,160,450.00,"72,000.00"
2020-09-17,2020091701052824,UIC,17,46,304,450.00,"136,800.00"
2020-09-17,2020091701052823,UIC,17,19,410,450.00,"184,500.00"
2020-09-17,2020091701052809,UIC,41,19,50,450.00,"22,500.00"
2020-09-17,2020091701053059,UPCL,34,48,50,118.00,"5,900.00"
2020-09-17,2020091701052849,UPCL,34,42,20,118.00,"2,360.00"
2020-09-17,2020091701053226,UPPER,48,13,10,284.00,"2,840.00"
2020-09-17,2020091701052822,UPPER,45,42,790,286.00,"225,940.00"
2020-09-17,2020091701052821,UPPER,10,42,100,286.00,"28,600.00"
2020-09-17,2020091701052820,UPPER,41,42,210,286.00,"60,060.00"
2020-09-17,2020091701053008,UPPER,48,34,"2,865",284.00,"813,660.00"
2020-09-17,2020091701053007,UPPER,48,34,200,285.00,"57,000.00"
2020-09-17,2020091701053006,UPPER,57,34,15,285.00,"4,275.00"
2020-09-17,2020091701053005,UPPER,14,34,20,285.00,"5,700.00"
2020-09-17,2020091701053181,USLB,6,35,41,"1,149.00","47,109.00"
2020-09-17,2020091701052847,USLB,6,44,48,"1,148.00","55,104.00"
2020-09-17,2020091701052616,ACLBSL,40,57,100,757.00,"75,700.00"
2020-09-17,2020091701052529,ACLBSL,16,34,20,760.00,"15,200.00"
2020-09-17,2020091701052528,ACLBSL,16,42,10,760.00,"7,600.00"
2020-09-17,2020091701052527,ACLBSL,16,54,10,760.00,"7,600.00"
2020-09-17,2020091701052526,ACLBSL,16,51,50,760.00,"38,000.00"
2020-09-17,2020091701052525,ACLBSL,16,45,10,760.00,"7,600.00"
2020-09-17,2020091701052356,ACLBSL,40,42,10,757.00,"7,570.00"
2020-09-17,2020091701052307,ACLBSL,18,56,38,755.00,"28,690.00"
2020-09-17,2020091701052718,ADBL,42,55,"1,000",437.00,"437,000.00"
2020-09-17,2020091701052626,ADBL,26,42,120,436.00,"52,320.00"
2020-09-17,2020091701052625,ADBL,26,45,500,436.00,"218,000.00"
2020-09-17,2020091701052624,ADBL,26,49,500,436.00,"218,000.00"
2020-09-17,2020091701052623,ADBL,26,39,190,436.00,"82,840.00"
2020-09-17,2020091701052324,ADBL,29,39,10,436.00,"4,360.00"
2020-09-17,2020091701052601,AHPC,49,58,100,178.00,"17,800.00"
2020-09-17,2020091701052532,AHPC,29,58,507,178.00,"90,246.00"
2020-09-17,2020091701052615,AIL,34,41,10,524.00,"5,240.00"
2020-09-17,2020091701052604,AIL,34,14,10,524.00,"5,240.00"
2020-09-17,2020091701052457,AIL,44,58,10,524.00,"5,240.00"
2020-09-17,2020091701052456,AIL,44,47,30,524.00,"15,720.00"
2020-09-17,2020091701052319,AIL,1,56,10,523.00,"5,230.00"
2020-09-17,2020091701052646,AKJCL,44,45,70,90.00,"6,300.00"
2020-09-17,2020091701052702,AKPL,18,49,187,204.00,"38,148.00"
2020-09-17,2020091701052517,ALBSL,17,28,35,885.00,"30,975.00"
2020-09-17,2020091701052703,ALICL,55,50,200,750.00,"150,000.00"
2020-09-17,2020091701052466,ALICL,33,33,350,750.00,"262,500.00"
2020-09-17,2020091701052317,ALICL,16,33,100,750.00,"75,000.00"
2020-09-17,2020091701052613,API,6,33,900,171.00,"153,900.00"
2020-09-17,2020091701052608,API,6,6,50,171.00,"8,550.00"
2020-09-17,2020091701052578,BOKL,28,46,100,253.00,"25,300.00"
2020-09-17,2020091701052577,BOKL,33,46,50,254.00,"12,700.00"
2020-09-17,2020091701052569,BOKL,33,32,"2,000",254.00,"508,000.00"
2020-09-17,2020091701052568,BOKL,33,32,337,254.00,"85,598.00"
2020-09-17,2020091701052548,BOKL,10,32,50,254.00,"12,700.00"
2020-09-17,2020091701052313,BOKL,34,32,39,254.00,"9,906.00"
2020-09-17,2020091701052312,BOKL,34,50,161,254.00,"40,894.00"
2020-09-17,2020091701052305,BOKL,6,6,6,251.00,"1,506.00"
2020-09-17,2020091701052421,BPCL,22,45,43,421.00,"18,103.00"
2020-09-17,2020091701052420,BPCL,46,45,23,421.00,"9,683.00"
2020-09-17,2020091701052419,BPCL,4,45,176,422.00,"74,272.00"
2020-09-17,2020091701052302,BPCL,4,42,50,422.00,"21,100.00"
2020-09-17,2020091701052253,BPCL,52,34,300,424.00,"127,200.00"
2020-09-17,2020091701052700,CBBL,34,41,60,"1,118.00","67,080.00"
2020-09-17,2020091701052699,CBBL,44,41,100,"1,118.00","111,800.00"
2020-09-17,2020091701052698,CBBL,48,41,90,"1,120.00","100,800.00"
2020-09-17,2020091701052582,CBBL,48,22,10,"1,120.00","11,200.00"
2020-09-17,2020091701052638,CBL,42,28,55,151.00,"8,305.00"
2020-09-17,2020091701052622,CBL,32,28,20,151.00,"3,020.00"
2020-09-17,2020091701052572,CBL,42,6,39,150.00,"5,850.00"
2020-09-17,2020091701052571,CBL,26,6,61,150.00,"9,150.00"
2020-09-17,2020091701052558,CBL,43,28,10,151.00,"1,510.00"
2020-09-17,2020091701052715,CCBL,44,59,20,184.00,"3,680.00"
2020-09-17,2020091701052682,CCBL,40,5,49,182.00,"8,918.00"
2020-09-17,2020091701052681,CCBL,1,5,251,182.00,"45,682.00"
2020-09-17,2020091701052534,CCBL,1,22,40,182.00,"7,280.00"
2020-09-17,2020091701052491,CCBL,1,51,85,182.00,"15,470.00"
2020-09-17,2020091701052402,CCBL,1,6,624,182.00,"113,568.00"
2020-09-17,2020091701052401,CCBL,43,6,176,182.00,"32,032.00"
2020-09-17,2020091701052364,CCBL,43,42,174,182.00,"31,668.00"
2020-09-17,2020091701052363,CCBL,29,42,76,183.00,"13,908.00"
2020-09-17,2020091701052341,CCBL,29,44,200,183.00,"36,600.00"
2020-09-17,2020091701052340,CCBL,29,6,224,183.00,"40,992.00"
2020-09-17,2020091701052509,CHCL,34,34,500,520.00,"260,000.00"
2020-09-17,2020091701052508,CHCL,56,36,700,521.00,"364,700.00"
2020-09-17,2020091701052338,CHCL,52,36,"1,500",521.00,"781,500.00"
2020-09-17,2020091701052259,CHCL,33,36,30,521.00,"15,630.00"
2020-09-17,2020091701052514,CIT,7,34,100,"3,432.00","343,200.00"
2020-09-17,2020091701052434,CIT,57,52,393,"3,433.00","1,349,170.00"
2020-09-17,2020091701052433,CIT,25,52,10,"3,434.00","34,340.00"
2020-09-17,2020091701052432,CIT,45,52,20,"3,434.00","68,680.00"
2020-09-17,2020091701052707,CORBL,51,39,100,143.00,"14,300.00"
2020-09-17,2020091701052711,CZBIL,6,42,300,202.00,"60,600.00"
2020-09-17,2020091701052467,CZBIL,14,1,100,203.00,"20,300.00"
2020-09-17,2020091701052328,CZBIL,42,1,60,203.00,"12,180.00"
2020-09-17,2020091701052296,CZBIL,6,52,100,202.00,"20,200.00"
2020-09-17,2020091701052696,DDBL,44,16,50,883.00,"44,150.00"
2020-09-17,2020091701052368,DDBL,57,5,34,890.00,"30,260.00"
2020-09-17,2020091701052365,DDBL,57,47,50,890.00,"44,500.00"
2020-09-17,2020091701052732,EBL,33,6,50,742.00,"37,100.00"
2020-09-17,2020091701052349,EBL,57,53,100,740.00,"74,000.00"
2020-09-17,2020091701052348,EBL,57,26,100,740.00,"74,000.00"
2020-09-17,2020091701052347,EBL,57,36,27,740.00,"19,980.00"
2020-09-17,2020091701052346,EBL,57,44,200,740.00,"148,000.00"
2020-09-17,2020091701052345,EBL,57,54,50,740.00,"37,000.00"
2020-09-17,2020091701052344,EBL,57,57,500,740.00,"370,000.00"
2020-09-17,2020091701052343,EBL,57,16,500,740.00,"370,000.00"
2020-09-17,2020091701052342,EBL,57,14,398,740.00,"294,520.00"
2020-09-17,2020091701052490,EIC,49,29,100,560.00,"56,000.00"
2020-09-17,2020091701052251,EIC,17,29,143,560.00,"80,080.00"
2020-09-17,2020091701052250,EIC,17,29,25,560.00,"14,000.00"
2020-09-17,2020091701052249,EIC,17,13,100,560.00,"56,000.00"
2020-09-17,2020091701052248,EIC,17,38,35,560.00,"19,600.00"
2020-09-17,2020091701052247,EIC,17,34,50,559.00,"27,950.00"
2020-09-17,2020091701052246,EIC,17,41,100,559.00,"55,900.00"
2020-09-17,2020091701052245,EIC,17,50,47,558.00,"26,226.00"
2020-09-17,2020091701052717,FMDBL,16,46,34,600.00,"20,400.00"
2020-09-17,2020091701052464,FMDBL,16,42,75,600.00,"45,000.00"
2020-09-17,2020091701052480,GBBL,56,4,76,246.00,"18,696.00"
2020-09-17,2020091701052452,GBBL,56,4,"2,000",246.00,"492,000.00"
2020-09-17,2020091701052451,GBBL,56,46,120,246.00,"29,520.00"
2020-09-17,2020091701052450,GBBL,56,13,68,246.00,"16,728.00"
2020-09-17,2020091701052449,GBBL,56,45,35,245.00,"8,575.00"
2020-09-17,2020091701052448,GBBL,56,26,650,245.00,"159,250.00"
2020-09-17,2020091701052447,GBBL,56,56,51,245.00,"12,495.00"
2020-09-17,2020091701052400,GBBL,11,18,200,243.00,"48,600.00"
2020-09-17,2020091701052318,GBBL,57,56,100,245.00,"24,500.00"
2020-09-17,2020091701052674,GBIME,58,33,100,268.00,"26,800.00"
2020-09-17,2020091701052667,GBIME,36,33,500,268.00,"134,000.00"
2020-09-17,2020091701052657,GBIME,54,33,150,268.00,"40,200.00"
2020-09-17,2020091701052612,GBIME,49,33,150,268.00,"40,200.00"
2020-09-17,2020091701052611,GBIME,10,33,100,268.00,"26,800.00"
2020-09-17,2020091701052610,GBIME,21,33,100,268.00,"26,800.00"
2020-09-17,2020091701052609,GBIME,29,33,334,268.00,"89,512.00"
2020-09-17,2020091701052430,GBIME,29,33,66,268.00,"17,688.00"
2020-09-17,2020091701052429,GBIME,29,33,934,268.00,"250,312.00"
2020-09-17,2020091701052594,GBLBS,59,41,490,547.00,"268,030.00"
2020-09-17,2020091701052593,GBLBS,35,41,10,548.00,"5,480.00"
2020-09-17,2020091701052454,GBLBS,56,33,120,549.00,"65,880.00"
2020-09-17,2020091701052705,GFCL,40,36,40,174.00,"6,960.00"
2020-09-17,2020091701052704,GFCL,40,32,61,174.00,"10,614.00"
2020-09-17,2020091701052409,GFCL,59,32,39,174.00,"6,786.00"
2020-09-17,2020091701052408,GFCL,59,51,11,174.00,"1,914.00"
2020-09-17,2020091701052297,GILB,44,42,11,"1,230.00","13,530.00"
2020-09-17,2020091701052551,GLICL,33,32,200,651.00,"130,200.00"
2020-09-17,2020091701052709,GMFIL,58,43,200,145.00,"29,000.00"
2020-09-17,2020091701052672,GRDBL,28,49,10,127.00,"1,270.00"
2020-09-17,2020091701052733,HBL,21,14,30,574.00,"17,220.00"
2020-09-17,2020091701052619,HBL,45,1,100,575.00,"57,500.00"
2020-09-17,2020091701052618,HBL,45,40,243,575.00,"139,725.00"
2020-09-17,2020091701052662,HDHPC,25,40,10,101.00,"1,010.00"
2020-09-17,2020091701052592,HDHPC,36,49,100,102.00,"10,200.00"
2020-09-17,2020091701052591,HDHPC,46,49,500,102.00,"51,000.00"
2020-09-17,2020091701052590,HDHPC,33,49,50,102.00,"5,100.00"
2020-09-17,2020091701052589,HDHPC,50,49,500,102.00,"51,000.00"
2020-09-17,2020091701052588,HDHPC,49,49,50,102.00,"5,100.00"
2020-09-17,2020091701052303,HDHPC,51,6,"2,100",104.00,"218,400.00"
2020-09-17,2020091701052587,HDHPC,42,49,575,102.00,"58,650.00"
2020-09-17,2020091701052586,HDHPC,41,49,"1,000",103.00,"103,000.00"
2020-09-17,2020091701052585,HDHPC,40,49,300,104.00,"31,200.00"
2020-09-17,2020091701052584,HDHPC,55,49,10,104.00,"1,040.00"
2020-09-17,2020091701052583,HDHPC,45,49,170,104.00,"17,680.00"
2020-09-17,2020091701052381,HDHPC,45,6,30,104.00,"3,120.00"
2020-09-17,2020091701052710,HIDCL,46,42,200,170.00,"34,000.00"
2020-09-17,2020091701052685,HIDCL,46,16,175,170.00,"29,750.00"
2020-09-17,2020091701052684,HIDCL,49,16,40,170.00,"6,800.00"
2020-09-17,2020091701052476,HIDCL,1,51,892,171.00,"152,532.00"
2020-09-17,2020091701052475,HIDCL,1,17,60,171.00,"10,260.00"
2020-09-17,2020091701052474,HIDCL,1,49,13,171.00,"2,223.00"
2020-09-17,2020091701052426,HIDCL,49,47,800,170.00,"136,000.00"
2020-09-17,2020091701052291,HIDCL,49,35,250,171.00,"42,750.00"
2020-09-17,2020091701052473,HIDCL,1,49,100,171.00,"17,100.00"
2020-09-17,2020091701052472,HIDCL,1,13,30,171.00,"5,130.00"
2020-09-17,2020091701052471,HIDCL,1,13,500,171.00,"85,500.00"
2020-09-17,2020091701052470,HIDCL,1,35,"1,065",171.00,"182,115.00"
2020-09-17,2020091701052455,HIDCL,49,1,60,170.00,"10,200.00"
2020-09-17,2020091701052453,HIDCL,46,35,350,171.00,"59,850.00"
2020-09-17,2020091701052459,HPPL,5,45,100,201.00,"20,100.00"
2020-09-17,2020091701052321,HPPL,5,17,10,201.00,"2,010.00"
2020-09-17,2020091701052310,ICFC,7,50,500,189.00,"94,500.00"
2020-09-17,2020091701052358,IGI,55,45,108,568.00,"61,344.00"
2020-09-17,2020091701052357,IGI,8,45,122,568.00,"69,296.00"
2020-09-17,2020091701052316,ILBS,10,45,11,858.00,"9,438.00"
2020-09-17,2020091701052315,ILBS,10,58,120,858.00,"102,960.00"
2020-09-17,2020091701052314,ILBS,42,58,10,859.00,"8,590.00"
2020-09-17,2020091701052729,JBBL,29,20,15,177.00,"2,655.00"
2020-09-17,2020091701052693,JBBL,58,18,88,179.00,"15,752.00"
2020-09-17,2020091701052692,JBBL,58,26,12,178.00,"2,136.00"
2020-09-17,2020091701052673,JBBL,13,26,200,178.00,"35,600.00"
2020-09-17,2020091701052647,JBBL,13,20,15,178.00,"2,670.00"
2020-09-17,2020091701052538,JBBL,13,40,285,178.00,"50,730.00"
2020-09-17,2020091701052537,JBBL,4,40,200,178.00,"35,600.00"
2020-09-17,2020091701052536,JBBL,59,40,15,178.00,"2,670.00"
2020-09-17,2020091701052441,JBBL,43,51,100,178.00,"17,800.00"
2020-09-17,2020091701052323,JBBL,49,18,500,179.00,"89,500.00"
2020-09-17,2020091701052322,JBBL,51,18,61,179.00,"10,919.00"
2020-09-17,2020091701052304,JBBL,51,33,121,179.00,"21,659.00"
2020-09-17,2020091701052515,JOSHI,5,7,10,113.00,"1,130.00"
2020-09-17,2020091701052670,KBL,17,33,87,202.00,"17,574.00"
2020-09-17,2020091701052669,KBL,56,33,460,202.00,"92,920.00"
2020-09-17,2020091701052645,KBL,56,49,300,202.00,"60,600.00"
2020-09-17,2020091701052644,KBL,56,59,100,202.00,"20,200.00"
2020-09-17,2020091701052643,KBL,56,32,"1,000",202.00,"202,000.00"
2020-09-17,2020091701052642,KBL,56,44,"1,140",202.00,"230,280.00"
2020-09-17,2020091701052482,KBL,49,10,100,202.00,"20,200.00"
2020-09-17,2020091701052479,KBL,34,10,100,202.00,"20,200.00"
2020-09-17,2020091701052311,KBL,48,10,200,202.00,"40,400.00"
2020-09-17,2020091701052298,KBL,26,10,"1,000",202.00,"202,000.00"
2020-09-17,2020091701052267,KBL,22,10,460,202.00,"92,920.00"
2020-09-17,2020091701052266,KBL,22,26,40,202.00,"8,080.00"
2020-09-17,2020091701052606,KBL,34,58,198,201.00,"39,798.00"
2020-09-17,2020091701052605,KBL,34,58,302,201.00,"60,702.00"
2020-09-17,2020091701052603,KBL,1,44,100,202.00,"20,200.00"
2020-09-17,2020091701052541,KBL,26,44,260,202.00,"52,520.00"
2020-09-17,2020091701052540,KBL,26,16,100,202.00,"20,200.00"
2020-09-17,2020091701052539,KBL,26,10,140,202.00,"28,280.00"
2020-09-17,2020091701052481,KSBBL,38,21,10,152.00,"1,520.00"
2020-09-17,2020091701052387,KSBBL,26,59,10,155.00,"1,550.00"
2020-09-17,2020091701052386,KSBBL,26,26,112,154.00,"17,248.00"
2020-09-17,2020091701052597,LBL,47,52,100,245.00,"24,500.00"
2020-09-17,2020091701052596,LBL,47,26,250,245.00,"61,250.00"
2020-09-17,2020091701052595,LBL,47,32,40,245.00,"9,800.00"
2020-09-17,2020091701052521,LBL,44,32,10,245.00,"2,450.00"
2020-09-17,2020091701052501,LGIL,36,41,500,563.00,"281,500.00"
2020-09-17,2020091701052258,LGIL,36,16,200,563.00,"112,600.00"
2020-09-17,2020091701052740,MBL,25,38,22,235.00,"5,170.00"
2020-09-17,2020091701052739,MBL,25,6,500,235.00,"117,500.00"
2020-09-17,2020091701052738,MBL,25,38,478,235.00,"112,330.00"
2020-09-17,2020091701052694,MBL,59,56,100,234.00,"23,400.00"
2020-09-17,2020091701052366,MBL,59,59,300,234.00,"70,200.00"
2020-09-17,2020091701052350,MBL,59,5,408,234.00,"95,472.00"
2020-09-17,2020091701052701,MEGA,22,6,100,228.00,"22,800.00"
2020-09-17,2020091701052523,MEGA,22,13,43,228.00,"9,804.00"
2020-09-17,2020091701052497,MEGA,45,13,57,228.00,"12,996.00"
2020-09-17,2020091701052436,MEGA,45,6,200,228.00,"45,600.00"
2020-09-17,2020091701052425,MERO,49,48,100,764.00,"76,400.00"
2020-09-17,2020091701052385,MERO,59,45,60,760.00,"45,600.00"
2020-09-17,2020091701052293,MERO,49,48,100,764.00,"76,400.00"
2020-09-17,2020091701052283,MERO,59,49,30,760.00,"22,800.00"
2020-09-17,2020091701052686,MFIL,53,4,10,310.00,"3,100.00"
2020-09-17,2020091701052683,MFIL,43,4,10,310.00,"3,100.00"
2020-09-17,2020091701052393,MLBL,50,55,45,204.00,"9,180.00"
2020-09-17,2020091701052550,MMFDB,52,17,88,947.00,"83,336.00"
2020-09-17,2020091701052687,MNBBL,36,32,150,329.00,"49,350.00"
2020-09-17,2020091701052320,MNBBL,13,57,300,330.00,"99,000.00"
2020-09-17,2020091701052567,MPFL,36,18,750,124.00,"93,000.00"
2020-09-17,2020091701052566,MPFL,36,6,250,124.00,"31,000.00"
2020-09-17,2020091701052361,MPFL,6,6,100,124.00,"12,400.00"
2020-09-17,2020091701052308,MPFL,42,6,550,124.00,"68,200.00"
2020-09-17,2020091701052737,NABIL,29,41,100,859.00,"85,900.00"
2020-09-17,2020091701052736,NABIL,47,41,60,859.00,"51,540.00"
2020-09-17,2020091701052697,NABIL,36,6,137,860.00,"117,820.00"
2020-09-17,2020091701052389,NABIL,47,6,20,860.00,"17,200.00"
2020-09-17,2020091701052384,NABIL,57,6,100,860.00,"86,000.00"
2020-09-17,2020091701052680,NBB,46,6,66,210.00,"13,860.00"
2020-09-17,2020091701052679,NBB,46,48,40,210.00,"8,400.00"
2020-09-17,2020091701052678,NBB,46,48,200,210.00,"42,000.00"
2020-09-17,2020091701052677,NBB,46,56,26,210.00,"5,460.00"
2020-09-17,2020091701052676,NBB,46,44,98,210.00,"20,580.00"
2020-09-17,2020091701052675,NBB,46,26,570,210.00,"119,700.00"
2020-09-17,2020091701052655,NBB,29,5,"1,000",209.00,"209,000.00"
2020-09-17,2020091701052279,NBB,19,44,102,210.00,"21,420.00"
2020-09-17,2020091701052278,NBB,19,51,398,210.00,"83,580.00"
2020-09-17,2020091701052620,NBL,14,49,500,311.00,"155,500.00"
2020-09-17,2020091701052561,NBL,14,49,"1,000",311.00,"311,000.00"
2020-09-17,2020091701052535,NBL,37,29,200,310.00,"62,000.00"
2020-09-17,2020091701052489,NBL,48,49,"1,000",311.00,"311,000.00"
2020-09-17,2020091701052336,NCCB,56,42,100,216.00,"21,600.00"
2020-09-17,2020091701052335,NCCB,56,52,50,216.00,"10,800.00"
2020-09-17,2020091701052334,NCCB,56,11,100,216.00,"21,600.00"
2020-09-17,2020091701052333,NCCB,56,11,575,216.00,"124,200.00"
2020-09-17,2020091701052332,NCCB,56,29,500,216.00,"108,000.00"
2020-09-17,2020091701052331,NCCB,56,49,100,216.00,"21,600.00"
2020-09-17,2020091701052286,NCCB,56,49,"1,000",215.00,"215,000.00"
2020-09-17,2020091701052285,NCCB,56,22,543,215.00,"116,745.00"
2020-09-17,2020091701052330,NCCB,56,46,141,216.00,"30,456.00"
2020-09-17,2020091701052329,NCCB,56,36,134,216.00,"28,944.00"
2020-09-17,2020091701052290,NCCB,56,56,91,215.00,"19,565.00"
2020-09-17,2020091701052289,NCCB,56,26,166,215.00,"35,690.00"
2020-09-17,2020091701052288,NCCB,56,28,"1,000",215.00,"215,000.00"
2020-09-17,2020091701052287,NCCB,56,46,500,215.00,"107,500.00"
2020-09-17,2020091701052721,NFS,13,17,40,200.00,"8,000.00"
2020-09-17,2020091701052395,NFS,13,57,20,200.00,"4,000.00"
2020-09-17,2020091701052394,NFS,13,52,100,200.00,"20,000.00"
2020-09-17,2020091701052392,NFS,42,52,100,200.00,"20,000.00"
2020-09-17,2020091701052530,NGPL,52,25,11,173.00,"1,903.00"
2020-09-17,2020091701052265,NGPL,52,1,11,173.00,"1,903.00"
2020-09-17,2020091701052641,NIB,46,52,30,429.00,"12,870.00"
2020-09-17,2020091701052636,NIB,26,28,132,430.00,"56,760.00"
2020-09-17,2020091701052635,NIB,26,53,130,430.00,"55,900.00"
2020-09-17,2020091701052634,NIB,26,49,38,430.00,"16,340.00"
2020-09-17,2020091701052435,NIB,46,7,30,429.00,"12,870.00"
2020-09-17,2020091701052580,NICA,5,45,150,589.00,"88,350.00"
2020-09-17,2020091701052579,NICA,5,40,470,589.00,"276,830.00"
2020-09-17,2020091701052468,NICA,48,40,200,589.00,"117,800.00"
2020-09-17,2020091701052714,NICL,33,54,30,574.00,"17,220.00"
2020-09-17,2020091701052380,NICL,43,6,10,578.00,"5,780.00"
2020-09-17,2020091701052379,NICL,43,11,75,576.00,"43,200.00"
2020-09-17,2020091701052691,NIL,42,52,20,830.00,"16,600.00"
2020-09-17,2020091701052690,NIL,42,46,80,830.00,"66,400.00"
2020-09-17,2020091701052552,NIL,16,46,100,830.00,"83,000.00"
2020-09-17,2020091701052416,NIL,22,46,60,830.00,"49,800.00"
2020-09-17,2020091701052415,NIL,49,46,75,830.00,"62,250.00"
2020-09-17,2020091701052414,NIL,35,46,50,830.00,"41,500.00"
2020-09-17,2020091701052274,NIL,35,45,200,830.00,"166,000.00"
2020-09-17,2020091701052273,NIL,43,45,35,831.00,"29,085.00"
2020-09-17,2020091701052413,NIL,55,46,100,830.00,"83,000.00"
2020-09-17,2020091701052412,NIL,14,46,50,830.00,"41,500.00"
2020-09-17,2020091701052411,NIL,14,46,250,830.00,"207,500.00"
2020-09-17,2020091701052410,NIL,36,46,935,830.00,"776,050.00"
2020-09-17,2020091701052276,NIL,36,45,65,830.00,"53,950.00"
2020-09-17,2020091701052275,NIL,21,45,200,830.00,"166,000.00"
2020-09-17,2020091701052397,NLBBL,40,28,300,787.00,"236,100.00"
2020-09-17,2020091701052257,NLBBL,40,28,260,786.00,"204,360.00"
2020-09-17,2020091701052256,NLBBL,40,46,91,786.00,"71,526.00"
2020-09-17,2020091701052458,NLIC,32,45,22,"1,402.00","30,844.00"
2020-09-17,2020091701052367,NLIC,32,51,21,"1,402.00","29,442.00"
2020-09-17,2020091701052252,NLIC,49,17,27,"1,402.00","37,854.00"
2020-09-17,2020091701052598,NLICL,25,4,50,780.00,"39,000.00"
2020-09-17,2020091701052723,NMB,22,44,100,425.00,"42,500.00"
2020-09-17,2020091701052722,NMB,26,44,60,425.00,"25,500.00"
2020-09-17,2020091701052720,NMB,26,57,47,425.00,"19,975.00"
2020-09-17,2020091701052621,NMB,34,49,10,426.00,"4,260.00"
2020-09-17,2020091701052617,NMB,26,51,40,425.00,"17,000.00"
2020-09-17,2020091701052602,NMB,53,49,100,426.00,"42,600.00"
2020-09-17,2020091701052576,NMB,26,50,100,425.00,"42,500.00"
2020-09-17,2020091701052560,NMB,26,49,200,425.00,"85,000.00"
2020-09-17,2020091701052549,NMB,26,13,"1,000",425.00,"425,000.00"
2020-09-17,2020091701052469,NMB,26,6,300,425.00,"127,500.00"
2020-09-17,2020091701052375,NMB,26,56,80,425.00,"34,000.00"
2020-09-17,2020091701052600,NMBMF,45,4,50,843.00,"42,150.00"
2020-09-17,2020091701052599,NMBMF,45,1,50,843.00,"42,150.00"
2020-09-17,2020091701052264,NMBMF,45,16,100,841.00,"84,100.00"
2020-09-17,2020091701052712,NRIC,34,47,10,876.00,"8,760.00"
2020-09-17,2020091701052671,NRIC,50,47,200,876.00,"175,200.00"
2020-09-17,2020091701052575,NRIC,41,47,165,876.00,"144,540.00"
2020-09-17,2020091701052574,NRIC,41,52,20,876.00,"17,520.00"
2020-09-17,2020091701052573,NRIC,41,28,15,876.00,"13,140.00"
2020-09-17,2020091701052570,NRIC,29,42,40,875.00,"35,000.00"
2020-09-17,2020091701052244,NRIC,33,42,170,874.00,"148,580.00"
2020-09-17,2020091701052243,NRIC,56,42,200,874.00,"174,800.00"
2020-09-17,2020091701052242,NRIC,6,42,250,874.00,"218,500.00"
2020-09-17,2020091701052241,NRIC,6,42,180,874.00,"157,320.00"
2020-09-17,2020091701052281,NRIC,42,37,10,875.00,"8,750.00"
2020-09-17,2020091701052268,NRIC,42,37,40,875.00,"35,000.00"
2020-09-17,2020091701052263,NRIC,50,1,85,876.00,"74,460.00"
2020-09-17,2020091701052262,NRIC,50,44,94,876.00,"82,344.00"
2020-09-17,2020091701052261,NRIC,50,19,20,876.00,"17,520.00"
2020-09-17,2020091701052260,NRIC,50,56,21,876.00,"18,396.00"
2020-09-17,2020091701052487,NRIC,58,40,24,875.00,"21,000.00"
2020-09-17,2020091701052431,NRIC,6,28,110,876.00,"96,360.00"
2020-09-17,2020091701052396,NRIC,26,28,40,876.00,"35,040.00"
2020-09-17,2020091701052360,NRIC,49,28,335,876.00,"293,460.00"
2020-09-17,2020091701052359,NRIC,49,1,115,876.00,"100,740.00"
2020-09-17,2020091701052282,NRIC,42,1,40,875.00,"35,000.00"
2020-09-17,2020091701052708,NRN,6,34,10,400.00,"4,000.00"
2020-09-17,2020091701052557,NRN,49,33,50,402.00,"20,100.00"
2020-09-17,2020091701052556,NRN,49,22,10,401.00,"4,010.00"
2020-09-17,2020091701052555,NRN,49,42,10,401.00,"4,010.00"
2020-09-17,2020091701052554,NRN,49,40,10,401.00,"4,010.00"
2020-09-17,2020091701052442,NRN,6,21,10,400.00,"4,000.00"
2020-09-17,2020091701052270,NRN,34,21,10,401.00,"4,010.00"
2020-09-17,2020091701052254,NRN,34,20,10,401.00,"4,010.00"
2020-09-17,2020091701052417,NRN,6,20,10,400.00,"4,000.00"
2020-09-17,2020091701052374,NRN,48,54,10,401.00,"4,010.00"
2020-09-17,2020091701052354,NRN,48,58,10,401.00,"4,010.00"
2020-09-17,2020091701052339,NRN,48,25,10,401.00,"4,010.00"
2020-09-17,2020091701052327,NRN,34,20,10,401.00,"4,010.00"
2020-09-17,2020091701052277,NRN,34,34,10,401.00,"4,010.00"
2020-09-17,2020091701052730,NSEWA,49,22,10,738.00,"7,380.00"
2020-09-17,2020091701052424,NTC,3,42,20,712.00,"14,240.00"
2020-09-17,2020091701052640,PCBL,58,56,147,291.00,"42,777.00"
2020-09-17,2020091701052639,PCBL,58,3,53,291.00,"15,423.00"
2020-09-17,2020091701052565,PCBL,42,3,47,291.00,"13,677.00"
2020-09-17,2020091701052564,PCBL,42,36,100,291.00,"29,100.00"
2020-09-17,2020091701052563,PCBL,42,17,88,291.00,"25,608.00"
2020-09-17,2020091701052562,PCBL,42,11,265,290.00,"76,850.00"
2020-09-17,2020091701052427,PCBL,34,6,138,291.00,"40,158.00"
2020-09-17,2020091701052295,PCBL,6,29,40,290.00,"11,600.00"
2020-09-17,2020091701052294,PCBL,34,29,60,290.00,"17,400.00"
2020-09-17,2020091701052505,PCBL,42,11,50,290.00,"14,500.00"
2020-09-17,2020091701052504,PCBL,4,11,25,290.00,"7,250.00"
2020-09-17,2020091701052503,PCBL,14,11,200,290.00,"58,000.00"
2020-09-17,2020091701052502,PCBL,6,11,460,290.00,"133,400.00"
2020-09-17,2020091701052498,PCBL,6,50,500,290.00,"145,000.00"
2020-09-17,2020091701052428,PCBL,34,17,162,291.00,"47,142.00"
2020-09-17,2020091701052438,PFL,16,29,50,163.00,"8,150.00"
2020-09-17,2020091701052695,PIC,42,37,340,807.00,"274,380.00"
2020-09-17,2020091701052520,PIC,42,21,20,807.00,"16,140.00"
2020-09-17,2020091701052496,PIC,53,18,40,808.00,"32,320.00"
2020-09-17,2020091701052495,PIC,43,18,100,808.00,"80,800.00"
2020-09-17,2020091701052494,PIC,56,18,20,808.00,"16,160.00"
2020-09-17,2020091701052493,PIC,34,18,10,808.00,"8,080.00"
2020-09-17,2020091701052337,PIC,38,21,20,808.00,"16,160.00"
2020-09-17,2020091701052269,PIC,3,37,160,810.00,"129,600.00"
2020-09-17,2020091701052492,PIC,17,18,228,808.00,"184,224.00"
2020-09-17,2020091701052463,PIC,17,58,10,808.00,"8,080.00"
2020-09-17,2020091701052446,PIC,17,6,762,808.00,"615,696.00"
2020-09-17,2020091701052445,PIC,58,6,600,808.00,"484,800.00"
2020-09-17,2020091701052444,PIC,16,6,200,808.00,"161,600.00"
2020-09-17,2020091701052443,PIC,38,6,438,808.00,"353,904.00"
2020-09-17,2020091701052423,PICL,49,7,250,571.00,"142,750.00"
2020-09-17,2020091701052309,PICL,1,56,100,571.00,"57,100.00"
2020-09-17,2020091701052663,PLIC,57,36,129,674.00,"86,946.00"
2020-09-17,2020091701052280,PPCL,51,48,20,163.00,"3,260.00"
2020-09-17,2020091701052689,PROFL,6,55,"1,000",116.00,"116,000.00"
2020-09-17,2020091701052688,PROFL,6,18,400,116.00,"46,400.00"
2020-09-17,2020091701052531,PRVU,42,6,100,238.00,"23,800.00"
2020-09-17,2020091701052510,PRVU,42,36,95,238.00,"22,610.00"
2020-09-17,2020091701052731,RBCLPO,54,4,60,"10,260.00","615,600.00"
2020-09-17,2020091701052513,RBCLPO,17,4,40,"10,260.00","410,400.00"
2020-09-17,2020091701052668,RHPC,51,49,19,141.00,"2,679.00"
2020-09-17,2020091701052512,RHPC,51,21,204,141.00,"28,764.00"
2020-09-17,2020091701052511,RHPC,21,21,96,141.00,"13,536.00"
2020-09-17,2020091701052388,RHPC,21,32,500,141.00,"70,500.00"
2020-09-17,2020091701052383,RHPL,34,56,30,194.00,"5,820.00"
2020-09-17,2020091701052382,RHPL,29,56,10,194.00,"1,940.00"
2020-09-17,2020091701052271,RHPL,29,58,40,194.00,"7,760.00"
2020-09-17,2020091701052656,RLFL,58,7,50,145.00,"7,250.00"
2020-09-17,2020091701052391,RLFL,58,34,250,145.00,"36,250.00"
2020-09-17,2020091701052706,RLI,6,8,10,660.00,"6,600.00"
2020-09-17,2020091701052648,RLI,6,14,10,660.00,"6,600.00"
2020-09-17,2020091701052637,RLI,6,8,10,660.00,"6,600.00"
2020-09-17,2020091701052607,RLI,6,47,10,660.00,"6,600.00"
2020-09-17,2020091701052546,RLI,6,57,10,660.00,"6,600.00"
2020-09-17,2020091701052533,RLI,6,8,10,660.00,"6,600.00"
2020-09-17,2020091701052437,RLI,6,47,10,660.00,"6,600.00"
2020-09-17,2020091701052418,RLI,6,8,10,660.00,"6,600.00"
2020-09-17,2020091701052355,RLI,6,57,10,660.00,"6,600.00"
2020-09-17,2020091701052483,RMDC,40,3,18,857.00,"15,426.00"
2020-09-17,2020091701052403,RMDC,40,32,100,857.00,"85,700.00"
2020-09-17,2020091701052362,RMDC,40,57,70,857.00,"59,990.00"
2020-09-17,2020091701052488,RRHP,19,48,10,149.00,"1,490.00"
2020-09-17,2020091701052440,RSDC,6,58,18,581.00,"10,458.00"
2020-09-17,2020091701052439,RSDC,6,59,82,578.00,"47,396.00"
2020-09-17,2020091701052373,RSDC,57,59,10,578.00,"5,780.00"
2020-09-17,2020091701052372,RSDC,29,59,57,578.00,"32,946.00"
2020-09-17,2020091701052371,RSDC,53,59,121,579.00,"70,059.00"
2020-09-17,2020091701052292,RSDC,53,44,100,579.00,"57,900.00"
2020-09-17,2020091701052666,SANIMA,56,14,100,349.00,"34,900.00"
2020-09-17,2020091701052665,SANIMA,5,14,200,349.00,"69,800.00"
2020-09-17,2020091701052664,SANIMA,43,14,150,349.00,"52,350.00"
2020-09-17,2020091701052378,SANIMA,44,17,272,350.00,"95,200.00"
2020-09-17,2020091701052377,SANIMA,44,55,44,350.00,"15,400.00"
2020-09-17,2020091701052376,SANIMA,44,54,184,350.00,"64,400.00"
2020-09-17,2020091701052516,SBI,45,28,20,438.00,"8,760.00"
2020-09-17,2020091701052478,SBI,49,14,30,435.00,"13,050.00"
2020-09-17,2020091701052477,SBI,45,14,70,435.00,"30,450.00"
2020-09-17,2020091701052553,SBL,37,38,100,310.00,"31,000.00"
2020-09-17,2020091701052390,SBL,17,38,"1,000",310.00,"310,000.00"
2020-09-17,2020091701052627,SCB,41,6,100,670.00,"67,000.00"
2020-09-17,2020091701052614,SCB,34,16,200,669.00,"133,800.00"
2020-09-17,2020091701052255,SDLBSL,57,49,10,860.00,"8,600.00"
2020-09-17,2020091701052559,SHINE,47,4,60,246.00,"14,760.00"
2020-09-17,2020091701052325,SHINE,6,4,"1,000",246.00,"246,000.00"
2020-09-17,2020091701052326,SHINE,47,4,50,246.00,"12,300.00"
2020-09-17,2020091701052735,SHIVM,49,49,"1,000",740.00,"740,000.00"
2020-09-17,2020091701052734,SHIVM,33,49,120,740.00,"88,800.00"
2020-09-17,2020091701052661,SHIVM,33,57,80,740.00,"59,200.00"
2020-09-17,2020091701052660,SHIVM,16,57,50,740.00,"37,000.00"
2020-09-17,2020091701052659,SHIVM,21,57,50,740.00,"37,000.00"
2020-09-17,2020091701052658,SHIVM,58,57,470,740.00,"347,800.00"
2020-09-17,2020091701052547,SHIVM,56,34,50,742.00,"37,100.00"
2020-09-17,2020091701052633,SHIVM,58,21,30,740.00,"22,200.00"
2020-09-17,2020091701052632,SHIVM,34,21,450,740.00,"333,000.00"
2020-09-17,2020091701052631,SHIVM,36,21,10,741.00,"7,410.00"
2020-09-17,2020091701052630,SHIVM,21,21,100,741.00,"74,100.00"
2020-09-17,2020091701052629,SHIVM,19,21,100,741.00,"74,100.00"
2020-09-17,2020091701052628,SHIVM,56,21,50,742.00,"37,100.00"
2020-09-17,2020091701052405,SHPC,44,58,"1,740",300.00,"522,000.00"
2020-09-17,2020091701052404,SHPC,6,58,260,300.00,"78,000.00"
2020-09-17,2020091701052284,SHPC,6,45,100,300.00,"30,000.00"
2020-09-17,2020091701052407,SIC,32,59,60,965.00,"57,900.00"
2020-09-17,2020091701052406,SIC,32,47,140,965.00,"135,100.00"
2020-09-17,2020091701052301,SICL,21,53,832,"1,385.00","1,152,320.00"
2020-09-17,2020091701052300,SICL,21,56,158,"1,384.00","218,672.00"
2020-09-17,2020091701052299,SICL,21,43,10,"1,384.00","13,840.00"
2020-09-17,2020091701052507,SIL,25,50,180,769.00,"138,420.00"
2020-09-17,2020091701052506,SIL,6,50,20,770.00,"15,400.00"
2020-09-17,2020091701052486,SIL,17,47,270,778.00,"210,060.00"
2020-09-17,2020091701052485,SIL,17,52,80,778.00,"62,240.00"
2020-09-17,2020091701052484,SIL,17,3,150,777.00,"116,550.00"
2020-09-17,2020091701052524,SJCL,43,56,20,179.00,"3,580.00"
2020-09-17,2020091701052719,SLICL,49,45,50,640.00,"32,000.00"
2020-09-17,2020091701052581,SMB,33,43,11,875.00,"9,625.00"
2020-09-17,2020091701052542,SPARS,52,34,11,970.00,"10,670.00"
2020-09-17,2020091701052462,SPARS,6,19,11,980.00,"10,780.00"
2020-09-17,2020091701052461,SPARS,6,50,11,980.00,"10,780.00"
2020-09-17,2020091701052460,SPARS,6,36,51,975.00,"49,725.00"
2020-09-17,2020091701052522,SPDL,25,45,"1,700",181.00,"307,700.00"
2020-09-17,2020091701052519,SRBL,36,44,200,240.00,"48,000.00"
2020-09-17,2020091701052518,SRBL,14,44,300,240.00,"72,000.00"
2020-09-17,2020091701052306,SRBL,14,44,"2,318",240.00,"556,320.00"
2020-09-17,2020091701052272,SRBL,49,44,300,240.00,"72,000.00"
2020-09-17,2020091701052713,STC,17,3,200,"3,300.00","660,000.00"
2020-09-17,2020091701052545,SWBBL,57,57,10,"1,280.00","12,800.00"
2020-09-17,2020091701052544,SWBBL,25,57,50,"1,280.00","64,000.00"
2020-09-17,2020091701052543,SWBBL,42,57,20,"1,280.00","25,600.00"
2020-09-17,2020091701052352,SWBBL,18,6,200,"1,282.00","256,400.00"
2020-09-17,2020091701052351,SWBBL,36,6,300,"1,282.00","384,600.00"
2020-09-17,2020091701052369,TMDBL,57,49,10,180.00,"1,800.00"
2020-09-17,2020091701052500,UFL,6,25,36,196.00,"7,056.00"
2020-09-17,2020091701052499,UFL,32,25,250,197.00,"49,250.00"
2020-09-17,2020091701052724,UIC,42,19,100,450.00,"45,000.00"
2020-09-17,2020091701052422,UIC,49,52,100,449.00,"44,900.00"
2020-09-17,2020091701052399,UIC,19,52,50,449.00,"22,450.00"
2020-09-17,2020091701052398,UIC,19,29,50,449.00,"22,450.00"
2020-09-17,2020091701052370,UIC,51,29,14,448.00,"6,272.00"
2020-09-17,2020091701052465,UPCL,34,37,30,118.00,"3,540.00"
2020-09-17,2020091701052728,UPPER,41,37,100,286.00,"28,600.00"
2020-09-17,2020091701052727,UPPER,41,45,50,286.00,"14,300.00"
2020-09-17,2020091701052726,UPPER,41,51,200,286.00,"57,200.00"
2020-09-17,2020091701052725,UPPER,41,58,440,286.00,"125,840.00"
2020-09-17,2020091701052654,UPPER,14,56,180,285.00,"51,300.00"
2020-09-17,2020091701052653,UPPER,58,56,200,285.00,"57,000.00"
2020-09-17,2020091701052353,UPPER,58,58,100,286.00,"28,600.00"
2020-09-17,2020091701052652,UPPER,42,56,100,285.00,"28,500.00"
2020-09-17,2020091701052651,UPPER,34,56,200,285.00,"57,000.00"
2020-09-17,2020091701052650,UPPER,48,56,300,285.00,"85,500.00"
2020-09-17,2020091701052649,UPPER,45,56,20,285.00,"5,700.00"
2020-09-17,2020091701051959,ACLBSL,18,56,10,755.00,"7,550.00"
2020-09-17,2020091701052172,ADBL,14,22,100,435.00,"43,500.00"
2020-09-17,2020091701052171,ADBL,14,17,100,435.00,"43,500.00"
2020-09-17,2020091701052170,ADBL,14,37,12,435.00,"5,220.00"
2020-09-17,2020091701052018,ADBL,42,22,90,433.00,"38,970.00"
2020-09-17,2020091701052017,ADBL,42,57,86,433.00,"37,238.00"
2020-09-17,2020091701052007,ADBL,25,56,100,432.00,"43,200.00"
2020-09-17,2020091701051919,ADBL,58,57,20,433.00,"8,660.00"
2020-09-17,2020091701051918,ADBL,52,57,150,433.00,"64,950.00"
2020-09-17,2020091701051917,ADBL,34,57,25,433.00,"10,825.00"
2020-09-17,2020091701051916,ADBL,29,57,100,433.00,"43,300.00"
2020-09-17,2020091701051915,ADBL,35,57,70,433.00,"30,310.00"
2020-09-17,2020091701052162,AHPC,57,22,70,177.00,"12,390.00"
2020-09-17,2020091701052067,AHPC,29,22,930,177.00,"164,610.00"
2020-09-17,2020091701052066,AHPC,29,58,"1,070",177.00,"189,390.00"
2020-09-17,2020091701051984,AHPC,48,58,25,177.00,"4,425.00"
2020-09-17,2020091701051976,AHPC,51,58,905,177.00,"160,185.00"
2020-09-17,2020091701051975,AHPC,51,43,56,177.00,"9,912.00"
2020-09-17,2020091701051752,AHPC,47,28,33,176.00,"5,808.00"
2020-09-17,2020091701051751,AHPC,46,28,100,176.00,"17,600.00"
2020-09-17,2020091701051750,AHPC,45,28,200,176.00,"35,200.00"
2020-09-17,2020091701051749,AHPC,45,28,456,176.00,"80,256.00"
2020-09-17,2020091701051974,AHPC,51,22,39,177.00,"6,903.00"
2020-09-17,2020091701051891,AHPC,28,51,383,176.00,"67,408.00"
2020-09-17,2020091701051787,AHPC,33,51,"1,000",176.00,"176,000.00"
2020-09-17,2020091701051761,AHPC,58,51,50,176.00,"8,800.00"
2020-09-17,2020091701051760,AHPC,47,51,567,176.00,"99,792.00"
2020-09-17,2020091701052074,AIL,1,6,10,523.00,"5,230.00"
2020-09-17,2020091701052052,AIL,46,47,50,524.00,"26,200.00"
2020-09-17,2020091701051806,AIL,1,6,10,523.00,"5,230.00"
2020-09-17,2020091701051783,AIL,44,47,40,524.00,"20,960.00"
2020-09-17,2020091701052063,AKPL,14,42,150,204.00,"30,600.00"
2020-09-17,2020091701051966,AKPL,1,49,220,203.00,"44,660.00"
2020-09-17,2020091701051965,AKPL,3,49,780,204.00,"159,120.00"
2020-09-17,2020091701051803,AKPL,3,55,220,204.00,"44,880.00"
2020-09-17,2020091701051802,AKPL,36,55,250,204.00,"51,000.00"
2020-09-17,2020091701051801,AKPL,57,55,30,204.00,"6,120.00"
2020-09-17,2020091701052238,ALBSL,45,59,11,884.00,"9,724.00"
2020-09-17,2020091701051983,ALBSL,45,36,35,884.00,"30,940.00"
2020-09-17,2020091701051883,ALBSL,45,34,11,884.00,"9,724.00"
2020-09-17,2020091701051743,ALBSL,56,16,200,880.00,"176,000.00"
2020-09-17,2020091701051742,ALBSL,19,16,70,882.00,"61,740.00"
2020-09-17,2020091701051741,ALBSL,46,16,50,884.00,"44,200.00"
2020-09-17,2020091701051882,ALBSL,45,19,200,884.00,"176,800.00"
2020-09-17,2020091701051745,ALBSL,29,16,105,880.00,"92,400.00"
2020-09-17,2020091701051744,ALBSL,21,16,20,880.00,"17,600.00"
2020-09-17,2020091701052079,ALICL,50,33,300,751.00,"225,300.00"
2020-09-17,2020091701052077,ALICL,33,33,200,751.00,"150,200.00"
2020-09-17,2020091701051993,ALICL,45,33,50,751.00,"37,550.00"
2020-09-17,2020091701051820,ALICL,33,33,674,749.00,"504,826.00"
2020-09-17,2020091701051819,ALICL,1,33,100,749.00,"74,900.00"
2020-09-17,2020091701051833,API,6,58,"1,784",171.00,"305,064.00"
2020-09-17,2020091701051762,API,6,36,"1,000",171.00,"171,000.00"
2020-09-17,2020091701052180,BFC,54,19,100,116.00,"11,600.00"
2020-09-17,2020091701052075,BOKL,32,50,"1,000",254.00,"254,000.00"
2020-09-17,2020091701051970,BOKL,57,50,"1,000",254.00,"254,000.00"
2020-09-17,2020091701052236,BPCL,4,42,100,422.00,"42,200.00"
2020-09-17,2020091701052123,BPCL,7,14,400,423.00,"169,200.00"
2020-09-17,2020091701052122,BPCL,7,45,250,423.00,"105,750.00"
2020-09-17,2020091701052121,BPCL,7,16,115,423.00,"48,645.00"
2020-09-17,2020091701052120,BPCL,7,26,500,423.00,"211,500.00"
2020-09-17,2020091701052119,BPCL,7,58,500,423.00,"211,500.00"
2020-09-17,2020091701052118,BPCL,7,33,500,423.00,"211,500.00"
2020-09-17,2020091701052117,BPCL,7,29,20,423.00,"8,460.00"
2020-09-17,2020091701052104,BPCL,4,4,174,422.00,"73,428.00"
2020-09-17,2020091701052103,BPCL,22,4,26,422.00,"10,972.00"
2020-09-17,2020091701051879,BPCL,22,13,24,422.00,"10,128.00"
2020-09-17,2020091701051868,BPCL,22,34,10,422.00,"4,220.00"
2020-09-17,2020091701052223,CBL,26,34,320,150.00,"48,000.00"
2020-09-17,2020091701052222,CBL,33,34,"1,000",151.00,"151,000.00"
2020-09-17,2020091701052221,CBL,22,34,70,151.00,"10,570.00"
2020-09-17,2020091701051973,CBL,45,16,57,152.00,"8,664.00"
2020-09-17,2020091701051972,CBL,45,10,200,151.00,"30,200.00"
2020-09-17,2020091701051971,CBL,45,22,443,151.00,"66,893.00"
2020-09-17,2020091701051861,CBL,22,22,190,151.00,"28,690.00"
2020-09-17,2020091701052225,CCBL,43,11,100,182.00,"18,200.00"
2020-09-17,2020091701052205,CCBL,26,26,8,182.00,"1,456.00"
2020-09-17,2020091701052112,CCBL,43,13,50,182.00,"9,100.00"
2020-09-17,2020091701052069,CCBL,45,11,150,181.00,"27,150.00"
2020-09-17,2020091701051995,CCBL,14,11,59,182.00,"10,738.00"
2020-09-17,2020091701051885,CCBL,14,10,141,182.00,"25,662.00"
2020-09-17,2020091701051853,CCBL,41,10,250,182.00,"45,500.00"
2020-09-17,2020091701051852,CCBL,52,10,284,182.00,"51,688.00"
2020-09-17,2020091701052006,CHCL,52,52,200,522.00,"104,400.00"
2020-09-17,2020091701052005,CHCL,52,46,100,521.00,"52,100.00"
2020-09-17,2020091701051989,CHCL,16,43,10,520.00,"5,200.00"
2020-09-17,2020091701051997,CIT,11,52,15,"3,438.00","51,570.00"
2020-09-17,2020091701051958,CIT,26,52,50,"3,438.00","171,900.00"
2020-09-17,2020091701051957,CIT,26,13,50,"3,438.00","171,900.00"
2020-09-17,2020091701051794,CZBIL,6,55,88,202.00,"17,776.00"
2020-09-17,2020091701051793,CZBIL,36,55,83,202.00,"16,766.00"
2020-09-17,2020091701051786,CZBIL,49,1,20,203.00,"4,060.00"
2020-09-17,2020091701051781,CZBIL,42,1,100,203.00,"20,300.00"
2020-09-17,2020091701052235,DDBL,57,32,50,890.00,"44,500.00"
2020-09-17,2020091701052234,DDBL,57,39,80,890.00,"71,200.00"
2020-09-17,2020091701052233,DDBL,57,5,180,886.00,"159,480.00"
2020-09-17,2020091701052232,DDBL,57,11,16,886.00,"14,176.00"
2020-09-17,2020091701052231,DDBL,57,16,100,886.00,"88,600.00"
2020-09-17,2020091701052230,DDBL,57,17,100,883.00,"88,300.00"
2020-09-17,2020091701052227,DDBL,25,16,200,883.00,"176,600.00"
2020-09-17,2020091701051909,EBL,44,45,50,738.00,"36,900.00"
2020-09-17,2020091701052177,EIC,57,50,100,558.00,"55,800.00"
2020-09-17,2020091701052087,EIC,26,59,70,557.00,"38,990.00"
2020-09-17,2020091701052086,EIC,36,59,20,557.00,"11,140.00"
2020-09-17,2020091701052085,EIC,25,59,90,557.00,"50,130.00"
2020-09-17,2020091701052084,EIC,52,59,70,557.00,"38,990.00"
2020-09-17,2020091701052083,EIC,48,59,500,557.00,"278,500.00"
2020-09-17,2020091701051838,EIC,48,50,53,558.00,"29,574.00"
2020-09-17,2020091701051837,EIC,48,28,92,558.00,"51,336.00"
2020-09-17,2020091701051836,EIC,48,36,150,558.00,"83,700.00"
2020-09-17,2020091701051835,EIC,48,56,205,558.00,"114,390.00"
2020-09-17,2020091701051925,FMDBL,16,54,49,600.00,"29,400.00"
2020-09-17,2020091701051924,FMDBL,43,54,50,600.00,"30,000.00"
2020-09-17,2020091701051923,FMDBL,19,54,100,600.00,"60,000.00"
2020-09-17,2020091701051922,FMDBL,51,54,45,600.00,"27,000.00"
2020-09-17,2020091701051921,FMDBL,48,54,256,601.00,"153,856.00"
2020-09-17,2020091701051906,FMDBL,48,51,100,601.00,"60,100.00"
2020-09-17,2020091701051785,FMDBL,48,45,50,601.00,"30,050.00"
2020-09-17,2020091701051754,FMDBL,6,49,100,602.00,"60,200.00"
2020-09-17,2020091701052209,GBBL,11,18,100,243.00,"24,300.00"
2020-09-17,2020091701052033,GBBL,11,34,417,243.00,"101,331.00"
2020-09-17,2020091701052032,GBBL,16,34,210,244.00,"51,240.00"
2020-09-17,2020091701051809,GBBL,16,1,50,244.00,"12,200.00"
2020-09-17,2020091701051808,GBBL,16,4,200,244.00,"48,800.00"
2020-09-17,2020091701051807,GBBL,16,18,40,244.00,"9,760.00"
2020-09-17,2020091701052116,GBIME,44,39,13,269.00,"3,497.00"
2020-09-17,2020091701052115,GBIME,44,42,87,269.00,"23,403.00"
2020-09-17,2020091701051927,GBIME,57,42,13,269.00,"3,497.00"
2020-09-17,2020091701051926,GBIME,57,32,12,269.00,"3,228.00"
2020-09-17,2020091701051920,GBIME,13,32,20,269.00,"5,380.00"
2020-09-17,2020091701051872,GBIME,45,32,50,269.00,"13,450.00"
2020-09-17,2020091701051860,GBIME,29,48,46,268.00,"12,328.00"
2020-09-17,2020091701051790,GBIME,29,49,20,268.00,"5,360.00"
2020-09-17,2020091701051789,GBIME,49,49,50,268.00,"13,400.00"
2020-09-17,2020091701051788,GBIME,49,49,22,268.00,"5,896.00"
2020-09-17,2020091701052158,GBLBS,51,33,100,549.00,"54,900.00"
2020-09-17,2020091701052157,GBLBS,38,33,175,549.00,"96,075.00"
2020-09-17,2020091701051800,GILB,44,45,64,"1,232.00","78,848.00"
2020-09-17,2020091701051799,GILB,44,14,20,"1,230.00","24,600.00"
2020-09-17,2020091701052099,GLICL,33,17,730,651.00,"475,230.00"
2020-09-17,2020091701052098,GLICL,49,17,110,652.00,"71,720.00"
2020-09-17,2020091701052097,GLICL,34,17,20,652.00,"13,040.00"
2020-09-17,2020091701052096,GLICL,10,17,100,652.00,"65,200.00"
2020-09-17,2020091701052095,GLICL,52,17,100,652.00,"65,200.00"
2020-09-17,2020091701052094,GLICL,58,17,200,652.00,"130,400.00"
2020-09-17,2020091701051881,GLICL,43,16,67,653.00,"43,751.00"
2020-09-17,2020091701051880,GLICL,50,16,133,653.00,"86,849.00"
2020-09-17,2020091701051867,GLICL,51,25,10,655.00,"6,550.00"
2020-09-17,2020091701052093,GLICL,35,17,500,652.00,"326,000.00"
2020-09-17,2020091701052092,GLICL,51,17,100,653.00,"65,300.00"
2020-09-17,2020091701052091,GLICL,56,17,50,653.00,"32,650.00"
2020-09-17,2020091701052090,GLICL,32,17,"1,000",653.00,"653,000.00"
2020-09-17,2020091701052089,GLICL,33,17,90,654.00,"58,860.00"
2020-09-17,2020091701052016,GLICL,33,57,10,654.00,"6,540.00"
2020-09-17,2020091701051857,GMFIL,58,28,50,145.00,"7,250.00"
2020-09-17,2020091701051856,GMFIL,45,28,164,145.00,"23,780.00"
2020-09-17,2020091701052078,GRDBL,28,29,25,126.00,"3,150.00"
2020-09-17,2020091701052213,GUFL,59,43,130,136.00,"17,680.00"
2020-09-17,2020091701052226,HDHPC,42,40,10,102.00,"1,020.00"
2020-09-17,2020091701052182,HDHPC,40,45,50,102.00,"5,100.00"
2020-09-17,2020091701052044,HDHPC,25,58,10,101.00,"1,010.00"
2020-09-17,2020091701051930,HDHPC,59,6,"1,000",104.00,"104,000.00"
2020-09-17,2020091701051829,HDHPC,25,22,210,103.00,"21,630.00"
2020-09-17,2020091701052208,HDL,42,4,18,"1,838.00","33,084.00"
2020-09-17,2020091701051774,HDL,58,49,70,"1,833.00","128,310.00"
2020-09-17,2020091701051873,HDL,52,32,100,"1,835.00","183,500.00"
2020-09-17,2020091701052001,HGI,17,11,300,533.00,"159,900.00"
2020-09-17,2020091701051982,HGI,42,38,50,534.00,"26,700.00"
2020-09-17,2020091701051904,HGI,17,25,100,533.00,"53,300.00"
2020-09-17,2020091701051851,HGI,57,38,150,534.00,"80,100.00"
2020-09-17,2020091701051775,HGI,17,11,500,533.00,"266,500.00"
2020-09-17,2020091701052109,HIDCL,49,52,100,170.00,"17,000.00"
2020-09-17,2020091701051934,HIDCL,40,35,500,171.00,"85,500.00"
2020-09-17,2020091701051832,HIDCL,5,35,37,171.00,"6,327.00"
2020-09-17,2020091701051831,HIDCL,5,56,13,171.00,"2,223.00"
2020-09-17,2020091701052193,HPPL,5,1,10,201.00,"2,010.00"
2020-09-17,2020091701051795,ICFC,21,25,979,188.00,"184,052.00"
2020-09-17,2020091701052224,IGI,8,47,100,568.00,"56,800.00"
2020-09-17,2020091701051818,IGI,58,45,20,570.00,"11,400.00"
2020-09-17,2020091701051817,IGI,58,28,10,570.00,"5,700.00"
2020-09-17,2020091701051894,IGI,8,54,278,568.00,"157,904.00"
2020-09-17,2020091701051893,IGI,13,54,20,568.00,"11,360.00"
2020-09-17,2020091701052000,JBBL,51,40,18,179.00,"3,222.00"
2020-09-17,2020091701051999,JBBL,17,40,482,179.00,"86,278.00"
2020-09-17,2020091701052239,JFL,34,48,10,190.00,"1,900.00"
2020-09-17,2020091701052159,JFL,57,57,150,188.00,"28,200.00"
2020-09-17,2020091701051841,JOSHI,5,42,10,113.00,"1,130.00"
2020-09-17,2020091701051840,JOSHI,1,42,10,113.00,"1,130.00"
2020-09-17,2020091701052192,KBL,58,26,93,202.00,"18,786.00"
2020-09-17,2020091701052191,KBL,58,53,369,202.00,"74,538.00"
2020-09-17,2020091701052190,KBL,58,52,500,202.00,"101,000.00"
2020-09-17,2020091701052189,KBL,58,5,38,202.00,"7,676.00"
2020-09-17,2020091701052102,KBL,49,5,962,202.00,"194,324.00"
2020-09-17,2020091701052101,KBL,49,52,38,202.00,"7,676.00"
2020-09-17,2020091701051830,KBL,58,19,87,201.00,"17,487.00"
2020-09-17,2020091701051828,KBL,49,1,20,202.00,"4,040.00"
2020-09-17,2020091701052082,KBL,50,52,60,202.00,"12,120.00"
2020-09-17,2020091701052081,KBL,50,17,100,202.00,"20,200.00"
2020-09-17,2020091701052080,KBL,50,1,40,202.00,"8,080.00"
2020-09-17,2020091701052021,KBL,34,17,221,201.00,"44,421.00"
2020-09-17,2020091701052020,KBL,58,17,179,201.00,"35,979.00"
2020-09-17,2020091701051986,KBL,58,55,100,201.00,"20,100.00"
2020-09-17,2020091701052039,KMCDB,35,48,20,769.00,"15,380.00"
2020-09-17,2020091701051905,KMCDB,56,58,250,770.00,"192,500.00"
2020-09-17,2020091701051823,KMCDB,35,58,10,769.00,"7,690.00"
2020-09-17,2020091701051963,KPCL,19,48,10,155.00,"1,550.00"
2020-09-17,2020091701051746,KSBBL,48,32,100,153.00,"15,300.00"
2020-09-17,2020091701051979,LBBL,29,10,36,189.00,"6,804.00"
2020-09-17,2020091701051978,LBBL,6,10,116,189.00,"21,924.00"
2020-09-17,2020091701051961,LBBL,6,28,244,190.00,"46,360.00"
2020-09-17,2020091701051862,LBBL,6,4,25,189.00,"4,725.00"
2020-09-17,2020091701051812,LBBL,6,28,285,190.00,"54,150.00"
2020-09-17,2020091701051811,LBBL,6,26,215,190.00,"40,850.00"
2020-09-17,2020091701051780,LBBL,6,44,47,189.00,"8,883.00"
2020-09-17,2020091701051855,LBL,40,11,10,245.00,"2,450.00"
2020-09-17,2020091701051854,LBL,40,41,44,245.00,"10,780.00"
2020-09-17,2020091701051892,LGIL,36,5,300,563.00,"168,900.00"
2020-09-17,2020091701051863,LGIL,36,45,100,563.00,"56,300.00"
2020-09-17,2020091701051804,LGIL,36,18,200,563.00,"112,600.00"
2020-09-17,2020091701051755,LGIL,36,25,171,563.00,"96,273.00"
2020-09-17,2020091701051969,MBL,59,34,"1,000",234.00,"234,000.00"
2020-09-17,2020091701051968,MBL,59,34,"1,000",234.00,"234,000.00"
2020-09-17,2020091701051967,MBL,59,6,24,234.00,"5,616.00"
2020-09-17,2020091701051960,MBL,25,5,"1,000",233.00,"233,000.00"
2020-09-17,2020091701051900,MBL,37,6,976,234.00,"228,384.00"
2020-09-17,2020091701051899,MBL,37,17,24,234.00,"5,616.00"
2020-09-17,2020091701052220,MEGA,45,42,300,228.00,"68,400.00"
2020-09-17,2020091701052219,MEGA,45,53,486,228.00,"110,808.00"
2020-09-17,2020091701052218,MEGA,45,25,200,228.00,"45,600.00"
2020-09-17,2020091701052217,MEGA,45,34,200,228.00,"45,600.00"
2020-09-17,2020091701052216,MEGA,45,45,300,228.00,"68,400.00"
2020-09-17,2020091701052215,MEGA,45,49,100,228.00,"22,800.00"
2020-09-17,2020091701052214,MEGA,45,1,157,228.00,"35,796.00"
2020-09-17,2020091701052161,MEGA,43,1,10,228.00,"2,280.00"
2020-09-17,2020091701051848,MEGA,39,6,"1,000",227.00,"227,000.00"
2020-09-17,2020091701052111,MERO,34,48,100,764.00,"76,400.00"
2020-09-17,2020091701052108,MERO,59,6,104,760.00,"79,040.00"
2020-09-17,2020091701052010,MERO,59,42,20,760.00,"15,200.00"
2020-09-17,2020091701052065,MFIL,55,45,100,309.00,"30,900.00"
2020-09-17,2020091701051888,MLBL,53,55,"1,595",205.00,"326,975.00"
2020-09-17,2020091701051886,MMFDB,47,7,100,950.00,"95,000.00"
2020-09-17,2020091701052004,MNBBL,52,57,100,330.00,"33,000.00"
2020-09-17,2020091701052003,MNBBL,46,57,50,330.00,"16,500.00"
2020-09-17,2020091701051866,MNBBL,46,4,100,330.00,"33,000.00"
2020-09-17,2020091701051773,MNBBL,42,49,50,331.00,"16,550.00"
2020-09-17,2020091701052176,NABIL,10,6,200,860.00,"172,000.00"
2020-09-17,2020091701052175,NABIL,6,6,60,860.00,"51,600.00"
2020-09-17,2020091701052174,NABIL,29,6,891,860.00,"766,260.00"
2020-09-17,2020091701052107,NABIL,29,28,109,860.00,"93,740.00"
2020-09-17,2020091701052106,NABIL,49,28,166,860.00,"142,760.00"
2020-09-17,2020091701052105,NABIL,14,28,125,860.00,"107,500.00"
2020-09-17,2020091701052061,NABIL,14,42,21,860.00,"18,060.00"
2020-09-17,2020091701052168,NBB,56,40,358,209.00,"74,822.00"
2020-09-17,2020091701052167,NBB,16,40,642,209.00,"134,178.00"
2020-09-17,2020091701051797,NBB,13,51,102,210.00,"21,420.00"
2020-09-17,2020091701051796,NBB,13,25,398,210.00,"83,580.00"
2020-09-17,2020091701051988,NBL,37,59,310,310.00,"96,100.00"
2020-09-17,2020091701051987,NBL,57,59,90,310.00,"27,900.00"
2020-09-17,2020091701051890,NBL,57,57,50,310.00,"15,500.00"
2020-09-17,2020091701051889,NBL,21,57,50,310.00,"15,500.00"
2020-09-17,2020091701051810,NBL,55,49,200,311.00,"62,200.00"
2020-09-17,2020091701052155,NCCB,1,33,60,214.00,"12,840.00"
2020-09-17,2020091701052154,NCCB,47,33,500,214.00,"107,000.00"
2020-09-17,2020091701052153,NCCB,28,33,320,214.00,"68,480.00"
2020-09-17,2020091701052152,NCCB,45,33,150,214.00,"32,100.00"
2020-09-17,2020091701052151,NCCB,57,33,100,214.00,"21,400.00"
2020-09-17,2020091701052150,NCCB,38,33,500,214.00,"107,000.00"
2020-09-17,2020091701052149,NCCB,44,33,470,214.00,"100,580.00"
2020-09-17,2020091701052051,NCCB,44,6,30,214.00,"6,420.00"
2020-09-17,2020091701052050,NCCB,53,6,970,214.00,"207,580.00"
2020-09-17,2020091701052009,NCCB,53,26,30,214.00,"6,420.00"
2020-09-17,2020091701051981,NCCB,14,22,300,215.00,"64,500.00"
2020-09-17,2020091701051907,NFS,42,58,100,200.00,"20,000.00"
2020-09-17,2020091701051932,NGPL,52,58,11,173.00,"1,903.00"
2020-09-17,2020091701052169,NIB,1,49,20,430.00,"8,600.00"
2020-09-17,2020091701052014,NIB,46,58,29,429.00,"12,441.00"
2020-09-17,2020091701052013,NIB,57,58,20,429.00,"8,580.00"
2020-09-17,2020091701052114,NICA,34,40,10,589.00,"5,890.00"
2020-09-17,2020091701051887,NICA,14,40,300,589.00,"176,700.00"
2020-09-17,2020091701051865,NICGF,44,52,"10,000",9.30,"93,000.00"
2020-09-17,2020091701052125,NICL,6,46,300,575.00,"172,500.00"
2020-09-17,2020091701052124,NICL,6,14,100,575.00,"57,500.00"
2020-09-17,2020091701051878,NICL,6,11,450,576.00,"259,200.00"
2020-09-17,2020091701051877,NICL,6,7,200,576.00,"115,200.00"
2020-09-17,2020091701051876,NICL,6,57,50,576.00,"28,800.00"
2020-09-17,2020091701051875,NICL,6,29,100,575.00,"57,500.00"
2020-09-17,2020091701051815,NICL,1,17,45,575.00,"25,875.00"
2020-09-17,2020091701051814,NICL,1,52,30,575.00,"17,250.00"
2020-09-17,2020091701051813,NICL,1,17,50,575.00,"28,750.00"
2020-09-17,2020091701051791,NICL,33,44,100,574.00,"57,400.00"
2020-09-17,2020091701052113,NIL,43,46,65,831.00,"54,015.00"
2020-09-17,2020091701052060,NIL,32,46,250,831.00,"207,750.00"
2020-09-17,2020091701052045,NLIC,54,17,15,"1,402.00","21,030.00"
2020-09-17,2020091701052036,NLIC,17,17,122,"1,402.00","171,044.00"
2020-09-17,2020091701052035,NLIC,51,17,50,"1,402.00","70,100.00"
2020-09-17,2020091701052034,NLIC,49,17,36,"1,402.00","50,472.00"
2020-09-17,2020091701051757,NLIC,49,45,86,"1,402.00","120,572.00"
2020-09-17,2020091701051756,NLIC,52,45,36,"1,402.00","50,472.00"
2020-09-17,2020091701052199,NMB,26,55,153,425.00,"65,025.00"
2020-09-17,2020091701052198,NMB,26,51,20,423.00,"8,460.00"
2020-09-17,2020091701052156,NMB,59,51,20,423.00,"8,460.00"
2020-09-17,2020091701052046,NMB,43,51,200,423.00,"84,600.00"
2020-09-17,2020091701052043,NMB,40,51,450,423.00,"190,350.00"
2020-09-17,2020091701052037,NMB,57,51,50,423.00,"21,150.00"
2020-09-17,2020091701052008,NMB,51,51,30,423.00,"12,690.00"
2020-09-17,2020091701052240,NRIC,59,42,100,874.00,"87,400.00"
2020-09-17,2020091701052204,NRIC,49,56,19,876.00,"16,644.00"
2020-09-17,2020091701052203,NRIC,49,34,150,876.00,"131,400.00"
2020-09-17,2020091701052202,NRIC,49,45,40,876.00,"35,040.00"
2020-09-17,2020091701052201,NRIC,49,56,40,875.00,"35,000.00"
2020-09-17,2020091701052200,NRIC,49,53,251,875.00,"219,625.00"
2020-09-17,2020091701051770,NRIC,41,6,34,875.00,"29,750.00"
2020-09-17,2020091701051769,NRIC,26,6,200,875.00,"175,000.00"
2020-09-17,2020091701051768,NRIC,42,6,70,875.00,"61,250.00"
2020-09-17,2020091701051767,NRIC,21,6,100,875.00,"87,500.00"
2020-09-17,2020091701051766,NRIC,33,6,280,875.00,"245,000.00"
2020-09-17,2020091701051944,NRIC,58,53,20,875.00,"17,500.00"
2020-09-17,2020091701051943,NRIC,29,53,164,875.00,"143,500.00"
2020-09-17,2020091701051933,NRIC,29,59,40,875.00,"35,000.00"
2020-09-17,2020091701051778,NRIC,29,42,100,875.00,"87,500.00"
2020-09-17,2020091701051772,NRIC,29,6,196,875.00,"171,500.00"
2020-09-17,2020091701051771,NRIC,34,6,20,875.00,"17,500.00"
2020-09-17,2020091701051950,NRIC,46,53,50,875.00,"43,750.00"
2020-09-17,2020091701051949,NRIC,14,53,100,875.00,"87,500.00"
2020-09-17,2020091701051948,NRIC,58,53,95,875.00,"83,125.00"
2020-09-17,2020091701051947,NRIC,19,53,100,875.00,"87,500.00"
2020-09-17,2020091701051946,NRIC,57,53,20,875.00,"17,500.00"
2020-09-17,2020091701051945,NRIC,44,53,10,875.00,"8,750.00"
2020-09-17,2020091701052025,NRIC,49,53,450,875.00,"393,750.00"
2020-09-17,2020091701052022,NRIC,3,53,500,875.00,"437,500.00"
2020-09-17,2020091701051994,NRIC,48,53,50,875.00,"43,750.00"
2020-09-17,2020091701051985,NRIC,22,53,25,875.00,"21,875.00"
2020-09-17,2020091701051964,NRIC,13,53,160,875.00,"140,000.00"
2020-09-17,2020091701051962,NRIC,26,53,20,875.00,"17,500.00"
2020-09-17,2020091701052188,NRIC,6,58,40,874.00,"34,960.00"
2020-09-17,2020091701052163,NRIC,6,49,30,874.00,"26,220.00"
2020-09-17,2020091701052148,NRIC,57,53,20,875.00,"17,500.00"
2020-09-17,2020091701052144,NRIC,45,53,50,875.00,"43,750.00"
2020-09-17,2020091701052088,NRIC,26,53,50,875.00,"43,750.00"
2020-09-17,2020091701052070,NRIC,33,53,30,875.00,"26,250.00"
2020-09-17,2020091701052194,NRN,34,21,10,401.00,"4,010.00"
2020-09-17,2020091701052166,NRN,34,36,10,401.00,"4,010.00"
2020-09-17,2020091701052145,NRN,34,34,10,401.00,"4,010.00"
2020-09-17,2020091701052100,NRN,19,33,100,402.00,"40,200.00"
2020-09-17,2020091701052068,NRN,34,21,10,401.00,"4,010.00"
2020-09-17,2020091701051816,NRN,39,8,10,401.00,"4,010.00"
2020-09-17,2020091701051753,NRN,19,33,120,402.00,"48,240.00"
2020-09-17,2020091701051996,NRN,39,36,10,401.00,"4,010.00"
2020-09-17,2020091701051977,NRN,39,21,10,401.00,"4,010.00"
2020-09-17,2020091701051952,NRN,39,29,10,401.00,"4,010.00"
2020-09-17,2020091701051895,NRN,39,58,10,401.00,"4,010.00"
2020-09-17,2020091701051858,NRN,39,47,10,401.00,"4,010.00"
2020-09-17,2020091701052064,NRN,34,45,10,401.00,"4,010.00"
2020-09-17,2020091701052059,NRN,34,36,10,401.00,"4,010.00"
2020-09-17,2020091701052042,NRN,39,53,10,401.00,"4,010.00"
2020-09-17,2020091701052041,NRN,39,47,10,401.00,"4,010.00"
2020-09-17,2020091701052015,NRN,39,34,10,401.00,"4,010.00"
2020-09-17,2020091701052002,NRN,19,33,100,402.00,"40,200.00"
2020-09-17,2020091701052197,OHL,29,25,44,438.00,"19,272.00"
2020-09-17,2020091701051914,PCBL,45,40,11,289.00,"3,179.00"
2020-09-17,2020091701051913,PCBL,10,40,300,290.00,"87,000.00"
2020-09-17,2020091701051912,PCBL,40,40,189,290.00,"54,810.00"
2020-09-17,2020091701051884,PCBL,40,36,311,290.00,"90,190.00"
2020-09-17,2020091701051822,PCBL,45,26,11,289.00,"3,179.00"
2020-09-17,2020091701052237,PIC,16,37,100,810.00,"81,000.00"
2020-09-17,2020091701052160,PIC,48,37,200,810.00,"162,000.00"
2020-09-17,2020091701052128,PIC,38,52,42,808.00,"33,936.00"
2020-09-17,2020091701052127,PIC,49,52,10,808.00,"8,080.00"
2020-09-17,2020091701052126,PIC,34,52,448,809.00,"362,432.00"
2020-09-17,2020091701052024,PIC,34,42,52,809.00,"42,068.00"
2020-09-17,2020091701052023,PIC,4,42,48,809.00,"38,832.00"
2020-09-17,2020091701051903,PIC,59,37,100,810.00,"81,000.00"
2020-09-17,2020091701051902,PIC,16,37,100,810.00,"81,000.00"
2020-09-17,2020091701051834,PLIC,49,56,535,673.00,"360,055.00"
2020-09-17,2020091701052058,PMHPL,57,56,129,115.00,"14,835.00"
2020-09-17,2020091701052057,PMHPL,29,56,"1,000",115.00,"115,000.00"
2020-09-17,2020091701052056,PMHPL,8,56,200,115.00,"23,000.00"
2020-09-17,2020091701052055,PMHPL,7,56,"4,860",115.00,"558,900.00"
2020-09-17,2020091701052054,PMHPL,6,56,500,115.00,"57,500.00"
2020-09-17,2020091701051980,PMHPL,7,13,10,115.00,"1,150.00"
2020-09-17,2020091701052229,PPCL,51,48,30,163.00,"4,890.00"
2020-09-17,2020091701051928,PPCL,34,37,"1,020",163.00,"166,260.00"
2020-09-17,2020091701051777,PPCL,1,37,980,163.00,"159,740.00"
2020-09-17,2020091701051776,PPCL,1,37,20,163.00,"3,260.00"
2020-09-17,2020091701052212,PRIN,42,10,189,623.00,"117,747.00"
2020-09-17,2020091701052211,PRIN,42,58,100,623.00,"62,300.00"
2020-09-17,2020091701052210,PRIN,42,36,10,623.00,"6,230.00"
2020-09-17,2020091701051779,PRIN,56,13,99,623.00,"61,677.00"
2020-09-17,2020091701052143,PRVU,56,36,"2,405",238.00,"572,390.00"
2020-09-17,2020091701052142,PRVU,56,50,100,238.00,"23,800.00"
2020-09-17,2020091701052141,PRVU,56,4,600,238.00,"142,800.00"
2020-09-17,2020091701052140,PRVU,56,8,100,238.00,"23,800.00"
2020-09-17,2020091701052139,PRVU,56,35,162,238.00,"38,556.00"
2020-09-17,2020091701051901,PRVU,25,34,500,237.00,"118,500.00"
2020-09-17,2020091701051847,PRVU,42,34,261,237.00,"61,857.00"
2020-09-17,2020091701051846,PRVU,42,6,500,237.00,"118,500.00"
2020-09-17,2020091701051845,PRVU,42,45,239,237.00,"56,643.00"
2020-09-17,2020091701051784,PRVU,57,45,210,237.00,"49,770.00"
2020-09-17,2020091701052132,PRVU,56,10,"1,000",238.00,"238,000.00"
2020-09-17,2020091701052131,PRVU,56,50,699,237.00,"165,663.00"
2020-09-17,2020091701052030,PRVU,8,42,80,236.00,"18,880.00"
2020-09-17,2020091701051992,PRVU,58,50,100,237.00,"23,700.00"
2020-09-17,2020091701051991,PRVU,43,50,461,237.00,"109,257.00"
2020-09-17,2020091701051990,PRVU,43,34,39,237.00,"9,243.00"
2020-09-17,2020091701052138,PRVU,56,51,15,238.00,"3,570.00"
2020-09-17,2020091701052137,PRVU,56,54,100,238.00,"23,800.00"
2020-09-17,2020091701052136,PRVU,56,42,500,238.00,"119,000.00"
2020-09-17,2020091701052135,PRVU,56,26,200,238.00,"47,600.00"
2020-09-17,2020091701052134,PRVU,56,36,100,238.00,"23,800.00"
2020-09-17,2020091701052133,PRVU,56,58,19,238.00,"4,522.00"
2020-09-17,2020091701051805,RADHI,52,22,200,284.00,"56,800.00"
2020-09-17,2020091701052073,RBCL,8,34,10,"11,771.00","117,710.00"
2020-09-17,2020091701052072,RBCL,21,34,10,"11,775.00","117,750.00"
2020-09-17,2020091701052196,RBCLPO,17,32,10,"10,260.00","102,600.00"
2020-09-17,2020091701052076,RHPL,20,26,200,195.00,"39,000.00"
2020-09-17,2020091701051763,RHPL,45,56,40,194.00,"7,760.00"
2020-09-17,2020091701051859,RHPL,37,58,500,196.00,"98,000.00"
2020-09-17,2020091701051765,RHPL,45,58,"1,000",195.00,"195,000.00"
2020-09-17,2020091701051764,RHPL,45,37,460,195.00,"89,700.00"
2020-09-17,2020091701052187,RLFL,53,5,300,144.00,"43,200.00"
2020-09-17,2020091701052186,RLFL,59,5,200,144.00,"28,800.00"
2020-09-17,2020091701051870,RLFL,56,58,166,145.00,"24,070.00"
2020-09-17,2020091701051869,RLFL,56,25,"2,100",145.00,"304,500.00"
2020-09-17,2020091701051792,RLFL,51,58,500,145.00,"72,500.00"
2020-09-17,2020091701052173,RLI,6,56,10,660.00,"6,600.00"
2020-09-17,2020091701052130,RLI,6,20,10,660.00,"6,600.00"
2020-09-17,2020091701052062,RLI,6,56,10,660.00,"6,600.00"
2020-09-17,2020091701052031,RLI,6,13,10,660.00,"6,600.00"
2020-09-17,2020091701052019,RLI,6,20,10,660.00,"6,600.00"
2020-09-17,2020091701051951,RLI,6,20,10,660.00,"6,600.00"
2020-09-17,2020091701051931,RLI,6,54,10,660.00,"6,600.00"
2020-09-17,2020091701051798,RLI,6,20,10,660.00,"6,600.00"
2020-09-17,2020091701052185,RMDC,57,44,30,858.00,"25,740.00"
2020-09-17,2020091701052184,RMDC,25,44,100,858.00,"85,800.00"
2020-09-17,2020091701052183,RMDC,54,44,321,858.00,"275,418.00"
2020-09-17,2020091701052049,RMDC,42,48,20,859.00,"17,180.00"
2020-09-17,2020091701052048,RMDC,42,48,200,859.00,"171,800.00"
2020-09-17,2020091701052047,RMDC,34,48,85,859.00,"73,015.00"
2020-09-17,2020091701051839,RSDC,43,58,101,580.00,"58,580.00"
2020-09-17,2020091701052181,SBI,45,22,30,435.00,"13,050.00"
2020-09-17,2020091701052110,SBL,52,38,10,310.00,"3,100.00"
2020-09-17,2020091701051898,SBL,56,33,100,309.00,"30,900.00"
2020-09-17,2020091701051897,SBL,56,16,"1,000",309.00,"309,000.00"
2020-09-17,2020091701051896,SBL,56,16,800,309.00,"247,200.00"
2020-09-17,2020091701051955,SCB,56,6,188,670.00,"125,960.00"
2020-09-17,2020091701051954,SCB,56,58,60,670.00,"40,200.00"
2020-09-17,2020091701051953,SCB,56,8,52,670.00,"34,840.00"
2020-09-17,2020091701051998,SHIVM,58,4,500,745.00,"372,500.00"
2020-09-17,2020091701051911,SHIVM,56,4,10,746.00,"7,460.00"
2020-09-17,2020091701051910,SHIVM,56,52,10,747.00,"7,470.00"
2020-09-17,2020091701052029,SHPC,6,47,140,300.00,"42,000.00"
2020-09-17,2020091701052028,SHPC,11,47,200,300.00,"60,000.00"
2020-09-17,2020091701052027,SHPC,5,47,44,300.00,"13,200.00"
2020-09-17,2020091701052026,SHPC,52,47,100,300.00,"30,000.00"
2020-09-17,2020091701051864,SHPC,5,45,200,300.00,"60,000.00"
2020-09-17,2020091701052206,SICL,43,43,290,"1,384.00","401,360.00"
2020-09-17,2020091701052195,SICL,43,43,10,"1,384.00","13,840.00"
2020-09-17,2020091701052178,SICL,43,3,200,"1,384.00","276,800.00"
2020-09-17,2020091701052129,SICL,43,14,500,"1,384.00","692,000.00"
2020-09-17,2020091701051748,SICL,34,49,126,"1,383.00","174,258.00"
2020-09-17,2020091701051747,SICL,4,49,74,"1,384.00","102,416.00"
2020-09-17,2020091701052147,SIL,44,41,200,775.00,"155,000.00"
2020-09-17,2020091701052146,SIL,44,3,100,772.00,"77,200.00"
2020-09-17,2020091701051956,SIL,44,3,200,772.00,"154,400.00"
2020-09-17,2020091701051850,SIL,33,49,70,773.00,"54,110.00"
2020-09-17,2020091701052071,SINDU,58,29,26,134.00,"3,484.00"
2020-09-17,2020091701051844,SINDU,58,57,14,134.00,"1,876.00"
2020-09-17,2020091701051843,SINDU,58,57,100,134.00,"13,400.00"
2020-09-17,2020091701051842,SINDU,56,57,466,134.00,"62,444.00"
2020-09-17,2020091701052038,SJCL,43,11,20,179.00,"3,580.00"
2020-09-17,2020091701051827,SJCL,43,56,20,179.00,"3,580.00"
2020-09-17,2020091701052179,SLICL,26,49,110,642.00,"70,620.00"
2020-09-17,2020091701051908,SLICL,11,16,25,642.00,"16,050.00"
2020-09-17,2020091701051849,SPARS,58,36,39,975.00,"38,025.00"
2020-09-17,2020091701052040,SRBL,29,44,100,240.00,"24,000.00"
2020-09-17,2020091701052012,SWBBL,58,6,300,"1,283.00","384,900.00"
2020-09-17,2020091701052011,SWBBL,18,6,19,"1,283.00","24,377.00"
2020-09-17,2020091701051871,TMDBL,16,34,22,182.00,"4,004.00"
2020-09-17,2020091701052228,UIC,49,29,100,449.00,"44,900.00"
2020-09-17,2020091701052207,UIC,26,29,350,449.00,"157,150.00"
2020-09-17,2020091701052053,UPPER,58,58,350,286.00,"100,100.00"
2020-09-17,2020091701051942,UPPER,34,58,100,286.00,"28,600.00"
2020-09-17,2020091701051941,UPPER,25,58,100,286.00,"28,600.00"
2020-09-17,2020091701051940,UPPER,55,58,110,286.00,"31,460.00"
2020-09-17,2020091701051759,UPPER,37,22,910,286.00,"260,260.00"
2020-09-17,2020091701051758,UPPER,42,22,90,286.00,"25,740.00"
2020-09-17,2020091701051826,UPPER,45,53,10,286.00,"2,860.00"
2020-09-17,2020091701051825,UPPER,41,53,100,286.00,"28,600.00"
2020-09-17,2020091701051824,UPPER,37,53,40,286.00,"11,440.00"
2020-09-17,2020091701051821,UPPER,37,11,50,286.00,"14,300.00"
2020-09-17,2020091701051939,UPPER,16,58,400,286.00,"114,400.00"
2020-09-17,2020091701051938,UPPER,47,58,100,286.00,"28,600.00"
2020-09-17,2020091701051937,UPPER,43,58,50,286.00,"14,300.00"
2020-09-17,2020091701051936,UPPER,3,58,200,286.00,"57,200.00"
2020-09-17,2020091701051935,UPPER,45,58,50,286.00,"14,300.00"
2020-09-17,2020091701051929,UPPER,45,6,40,286.00,"11,440.00"
2020-09-17,2020091701051782,VLBS,34,16,103,972.00,"100,116.00"
2020-09-17,2020091701051645,ADBL,13,1,70,433.00,"30,310.00"
2020-09-17,2020091701051538,ADBL,34,1,100,433.00,"43,300.00"
2020-09-17,2020091701051398,ADBL,34,1,200,433.00,"86,600.00"
2020-09-17,2020091701051397,ADBL,45,1,180,433.00,"77,940.00"
2020-09-17,2020091701051314,ADBL,45,6,20,433.00,"8,660.00"
2020-09-17,2020091701051313,ADBL,45,6,100,433.00,"43,300.00"
2020-09-17,2020091701051312,ADBL,13,6,380,433.00,"164,540.00"
2020-09-17,2020091701051740,AHPC,45,43,100,176.00,"17,600.00"
2020-09-17,2020091701051708,AHPC,29,22,250,177.00,"44,250.00"
2020-09-17,2020091701051666,AHPC,45,55,800,176.00,"140,800.00"
2020-09-17,2020091701051588,AHPC,42,22,300,177.00,"53,100.00"
2020-09-17,2020091701051406,AHPC,29,22,250,177.00,"44,250.00"
2020-09-17,2020091701051674,AIL,35,41,10,523.00,"5,230.00"
2020-09-17,2020091701051639,AIL,46,47,20,524.00,"10,480.00"
2020-09-17,2020091701051527,AIL,35,58,10,523.00,"5,230.00"
2020-09-17,2020091701051526,AIL,16,47,20,524.00,"10,480.00"
2020-09-17,2020091701051516,AIL,35,52,10,523.00,"5,230.00"
2020-09-17,2020091701051351,AIL,11,47,50,524.00,"26,200.00"
2020-09-17,2020091701051350,AIL,52,47,160,524.00,"83,840.00"
2020-09-17,2020091701051272,AKPL,1,18,10,203.00,"2,030.00"
2020-09-17,2020091701051267,AKPL,1,28,"1,868",203.00,"379,204.00"
2020-09-17,2020091701051662,ALICL,33,33,226,750.00,"169,500.00"
2020-09-17,2020091701051523,ALICL,33,33,774,750.00,"580,500.00"
2020-09-17,2020091701051522,ALICL,34,33,100,750.00,"75,000.00"
2020-09-17,2020091701051521,ALICL,33,33,126,750.00,"94,500.00"
2020-09-17,2020091701051433,ALICL,33,34,874,750.00,"655,500.00"
2020-09-17,2020091701051432,ALICL,21,34,500,750.00,"375,000.00"
2020-09-17,2020091701051431,ALICL,41,34,80,750.00,"60,000.00"
2020-09-17,2020091701051430,ALICL,55,34,200,751.00,"150,200.00"
2020-09-17,2020091701051429,ALICL,19,34,50,751.00,"37,550.00"
2020-09-17,2020091701051428,ALICL,49,34,296,751.00,"222,296.00"
2020-09-17,2020091701051427,ALICL,26,34,500,752.00,"376,000.00"
2020-09-17,2020091701051716,API,6,17,200,171.00,"34,200.00"
2020-09-17,2020091701051552,API,6,33,100,171.00,"17,100.00"
2020-09-17,2020091701051551,API,6,57,"2,000",171.00,"342,000.00"
2020-09-17,2020091701051550,API,6,18,10,171.00,"1,710.00"
2020-09-17,2020091701051549,API,6,44,20,171.00,"3,420.00"
2020-09-17,2020091701051548,API,6,17,200,171.00,"34,200.00"
2020-09-17,2020091701051260,API,28,36,300,170.00,"51,000.00"
2020-09-17,2020091701051443,API,33,50,30,170.00,"5,100.00"
2020-09-17,2020091701051441,API,33,19,50,170.00,"8,500.00"
2020-09-17,2020091701051306,API,46,3,18,170.00,"3,060.00"
2020-09-17,2020091701051305,API,46,50,75,170.00,"12,750.00"
2020-09-17,2020091701051278,API,34,50,425,170.00,"72,250.00"
2020-09-17,2020091701051277,API,34,36,575,170.00,"97,750.00"
2020-09-17,2020091701051547,API,6,25,"2,000",171.00,"342,000.00"
2020-09-17,2020091701051546,API,6,43,566,171.00,"96,786.00"
2020-09-17,2020091701051545,API,6,17,200,171.00,"34,200.00"
2020-09-17,2020091701051544,API,6,3,100,171.00,"17,100.00"
2020-09-17,2020091701051543,API,6,58,"6,720",171.00,"1,149,120.00"
2020-09-17,2020091701051497,API,46,58,100,171.00,"17,100.00"
2020-09-17,2020091701051275,BFC,54,6,25,116.00,"2,900.00"
2020-09-17,2020091701051384,BOKL,28,28,100,253.00,"25,300.00"
2020-09-17,2020091701051304,BOKL,28,6,100,253.00,"25,300.00"
2020-09-17,2020091701051605,BPCL,46,42,70,421.00,"29,470.00"
2020-09-17,2020091701051274,CBBL,49,58,100,"1,120.00","112,000.00"
2020-09-17,2020091701051273,CBBL,49,52,100,"1,120.00","112,000.00"
2020-09-17,2020091701051642,CBL,26,45,40,150.00,"6,000.00"
2020-09-17,2020091701051520,CBL,58,22,130,151.00,"19,630.00"
2020-09-17,2020091701051518,CBL,45,22,50,151.00,"7,550.00"
2020-09-17,2020091701051517,CBL,11,22,187,151.00,"28,237.00"
2020-09-17,2020091701051413,CBL,11,11,200,151.00,"30,200.00"
2020-09-17,2020091701051396,CBL,11,25,13,151.00,"1,963.00"
2020-09-17,2020091701051389,CBL,47,25,987,151.00,"149,037.00"
2020-09-17,2020091701051388,CBL,47,22,"1,013",151.00,"152,963.00"
2020-09-17,2020091701051566,CCBL,52,6,20,183.00,"3,660.00"
2020-09-17,2020091701051537,CCBL,1,6,"1,000",183.00,"183,000.00"
2020-09-17,2020091701051536,CCBL,7,6,500,183.00,"91,500.00"
2020-09-17,2020091701051535,CCBL,48,6,"1,000",183.00,"183,000.00"
2020-09-17,2020091701051534,CCBL,4,6,"1,756",183.00,"321,348.00"
2020-09-17,2020091701051367,CCBL,29,59,310,184.00,"57,040.00"
2020-09-17,2020091701051366,CCBL,29,32,500,184.00,"92,000.00"
2020-09-17,2020091701051365,CCBL,29,52,190,184.00,"34,960.00"
2020-09-17,2020091701051355,CCBL,36,52,10,184.00,"1,840.00"
2020-09-17,2020091701051268,CCBL,4,50,"1,011",183.00,"185,013.00"
2020-09-17,2020091701051626,CHCL,50,4,43,520.00,"22,360.00"
2020-09-17,2020091701051625,CHCL,50,44,26,520.00,"13,520.00"
2020-09-17,2020091701051696,CZBIL,50,54,191,203.00,"38,773.00"
2020-09-17,2020091701051695,CZBIL,50,52,10,203.00,"2,030.00"
2020-09-17,2020091701051694,CZBIL,50,6,199,203.00,"40,397.00"
2020-09-17,2020091701051650,CZBIL,36,33,17,202.00,"3,434.00"
2020-09-17,2020091701051649,CZBIL,25,33,500,202.00,"101,000.00"
2020-09-17,2020091701051648,CZBIL,34,33,50,202.00,"10,100.00"
2020-09-17,2020091701051647,CZBIL,46,33,200,202.00,"40,400.00"
2020-09-17,2020091701051646,CZBIL,47,33,233,202.00,"47,066.00"
2020-09-17,2020091701051653,DDBL,57,45,818,882.00,"721,476.00"
2020-09-17,2020091701051652,DDBL,45,45,100,883.00,"88,300.00"
2020-09-17,2020091701051651,DDBL,47,45,100,883.00,"88,300.00"
2020-09-17,2020091701051320,EBL,37,50,50,739.00,"36,950.00"
2020-09-17,2020091701051319,EBL,55,50,100,739.00,"73,900.00"
2020-09-17,2020091701051318,EBL,16,50,50,739.00,"36,950.00"
2020-09-17,2020091701051493,EIC,56,33,50,557.00,"27,850.00"
2020-09-17,2020091701051492,EIC,47,33,48,557.00,"26,736.00"
2020-09-17,2020091701051491,EIC,52,56,200,558.00,"111,600.00"
2020-09-17,2020091701051342,EIC,47,25,92,557.00,"51,244.00"
2020-09-17,2020091701051341,EIC,49,25,200,557.00,"111,400.00"
2020-09-17,2020091701051340,EIC,6,25,50,557.00,"27,850.00"
2020-09-17,2020091701051339,EIC,45,25,10,557.00,"5,570.00"
2020-09-17,2020091701051338,EIC,38,25,106,557.00,"59,042.00"
2020-09-17,2020091701051337,EIC,18,25,50,558.00,"27,900.00"
2020-09-17,2020091701051241,FOWAD,52,37,49,"1,587.00","77,763.00"
2020-09-17,2020091701051434,GBBL,11,1,157,243.00,"38,151.00"
2020-09-17,2020091701051364,GBBL,45,18,60,244.00,"14,640.00"
2020-09-17,2020091701051363,GBBL,45,17,140,244.00,"34,160.00"
2020-09-17,2020091701051298,GBIME,49,52,108,268.00,"28,944.00"
2020-09-17,2020091701051297,GBIME,49,3,200,268.00,"53,600.00"
2020-09-17,2020091701051296,GBIME,49,29,17,268.00,"4,556.00"
2020-09-17,2020091701051295,GBIME,49,37,100,268.00,"26,800.00"
2020-09-17,2020091701051294,GBIME,49,32,88,268.00,"23,584.00"
2020-09-17,2020091701051293,GBIME,49,29,10,268.00,"2,680.00"
2020-09-17,2020091701051292,GBIME,49,55,"1,000",268.00,"268,000.00"
2020-09-17,2020091701051291,GBIME,49,1,"1,000",268.00,"268,000.00"
2020-09-17,2020091701051290,GBIME,49,35,30,268.00,"8,040.00"
2020-09-17,2020091701051289,GBIME,49,6,425,268.00,"113,900.00"
2020-09-17,2020091701051255,GBIME,32,6,75,268.00,"20,100.00"
2020-09-17,2020091701051254,GBIME,32,6,325,268.00,"87,100.00"
2020-09-17,2020091701051579,GBLBS,38,58,15,549.00,"8,235.00"
2020-09-17,2020091701051310,GBLBS,38,37,10,549.00,"5,490.00"
2020-09-17,2020091701051670,GILB,44,29,476,"1,230.00","585,480.00"
2020-09-17,2020091701051669,GILB,44,17,13,"1,229.00","15,977.00"
2020-09-17,2020091701051567,GILB,52,16,10,"1,229.00","12,290.00"
2020-09-17,2020091701051633,GRDBL,49,1,50,124.00,"6,200.00"
2020-09-17,2020091701051600,HDHPC,25,6,749,101.00,"75,649.00"
2020-09-17,2020091701051400,HDHPC,10,6,500,101.00,"50,500.00"
2020-09-17,2020091701051348,HDHPC,39,6,200,100.00,"20,000.00"
2020-09-17,2020091701051347,HDHPC,57,6,100,100.00,"10,000.00"
