Date,Transact. No.,Symbol,Buyer,Seller,Quantity,Rate,Amount
2019-08-18,2019081801007599,ADBL,45,58,325,430.00,"139,750.00"
2019-08-18,2019081801007579,ADBL,34,58,175,430.00,"75,250.00"
2019-08-18,2019081801007424,ADBL,34,47,25,430.00,"10,750.00"
2019-08-18,2019081801007278,ADBL,45,58,254,430.00,"109,220.00"
2019-08-18,2019081801007270,ADBL,45,58,"9,246",430.00,"3,975,780.00"
2019-08-18,2019081801007259,ADBL,45,17,254,430.00,"109,220.00"
2019-08-18,2019081801007225,ADBL,19,45,50,431.00,"21,550.00"
2019-08-18,2019081801007224,ADBL,19,25,150,431.00,"64,650.00"
2019-08-18,2019081801007203,ADBL,45,58,"1,000",430.00,"430,000.00"
2019-08-18,2019081801007202,ADBL,45,58,500,430.00,"215,000.00"
2019-08-18,2019081801007334,AKPL,19,43,10,158.00,"1,580.00"
2019-08-18,2019081801007388,ALBSL,46,7,10,466.00,"4,660.00"
2019-08-18,2019081801007324,ALBSL,46,29,10,466.00,"4,660.00"
2019-08-18,2019081801007284,ALBSL,46,29,10,466.00,"4,660.00"
2019-08-18,2019081801007615,ALICL,25,28,500,343.00,"171,500.00"
2019-08-18,2019081801007614,ALICL,19,28,100,343.00,"34,300.00"
2019-08-18,2019081801007687,API,25,25,20,130.00,"2,600.00"
2019-08-18,2019081801007568,API,25,50,"1,110",128.00,"142,080.00"
2019-08-18,2019081801007534,API,19,50,100,128.00,"12,800.00"
2019-08-18,2019081801007533,API,38,50,100,128.00,"12,800.00"
2019-08-18,2019081801007532,API,36,50,500,128.00,"64,000.00"
2019-08-18,2019081801007683,BOKL,42,14,10,258.00,"2,580.00"
2019-08-18,2019081801007671,BOKL,6,3,100,257.00,"25,700.00"
2019-08-18,2019081801007497,BOKL,6,47,250,257.00,"64,250.00"
2019-08-18,2019081801007448,BOKL,6,43,450,256.00,"115,200.00"
2019-08-18,2019081801007447,BOKL,51,43,50,257.00,"12,850.00"
2019-08-18,2019081801007214,BOKL,6,11,226,256.00,"57,856.00"
2019-08-18,2019081801007213,BOKL,34,11,741,256.00,"189,696.00"
2019-08-18,2019081801007626,BPCL,16,41,133,386.00,"51,338.00"
2019-08-18,2019081801007625,BPCL,45,41,78,386.00,"30,108.00"
2019-08-18,2019081801007624,BPCL,13,41,89,387.00,"34,443.00"
2019-08-18,2019081801007537,BPCL,13,43,11,387.00,"4,257.00"
2019-08-18,2019081801007422,BPCL,42,7,11,387.00,"4,257.00"
2019-08-18,2019081801007678,CBBL,17,44,149,988.00,"147,212.00"
2019-08-18,2019081801007677,CBBL,45,44,20,989.00,"19,780.00"
2019-08-18,2019081801007676,CBBL,34,44,81,989.00,"80,109.00"
2019-08-18,2019081801007608,CBBL,54,44,350,990.00,"346,500.00"
2019-08-18,2019081801007488,CBBL,3,44,79,990.00,"78,210.00"
2019-08-18,2019081801007689,CBL,40,34,100,148.00,"14,800.00"
2019-08-18,2019081801007236,CBL,42,34,100,148.00,"14,800.00"
2019-08-18,2019081801007543,CCBL,58,35,40,157.00,"6,280.00"
2019-08-18,2019081801007272,CCBL,45,41,800,158.00,"126,400.00"
2019-08-18,2019081801007619,DBBL,32,1,20,138.00,"2,760.00"
2019-08-18,2019081801007618,DBBL,32,57,200,137.00,"27,400.00"
2019-08-18,2019081801007560,EBL,58,17,50,642.00,"32,100.00"
2019-08-18,2019081801007321,EBL,50,57,57,641.00,"36,537.00"
2019-08-18,2019081801007320,EBL,50,57,500,641.00,"320,500.00"
2019-08-18,2019081801007319,EBL,41,57,100,641.00,"64,100.00"
2019-08-18,2019081801007318,EBL,28,57,43,641.00,"27,563.00"
2019-08-18,2019081801007317,EBL,42,57,300,642.00,"192,600.00"
2019-08-18,2019081801007576,FMDBL,4,22,20,394.00,"7,880.00"
2019-08-18,2019081801007575,FMDBL,6,22,30,394.00,"11,820.00"
2019-08-18,2019081801007574,FMDBL,19,22,100,394.00,"39,400.00"
2019-08-18,2019081801007509,FMDBL,6,59,130,396.00,"51,480.00"
2019-08-18,2019081801007484,FMDBL,6,59,300,396.00,"118,800.00"
2019-08-18,2019081801007483,FMDBL,6,56,70,395.00,"27,650.00"
2019-08-18,2019081801007267,FMDBL,49,59,400,395.00,"158,000.00"
2019-08-18,2019081801007266,FMDBL,44,59,375,395.00,"148,125.00"
2019-08-18,2019081801007384,FOWAD,43,39,84,"1,338.00","112,392.00"
2019-08-18,2019081801007383,FOWAD,37,39,16,"1,340.00","21,440.00"
2019-08-18,2019081801007382,FOWAD,45,39,100,"1,341.00","134,100.00"
2019-08-18,2019081801007675,GBBL,58,18,50,216.00,"10,800.00"
2019-08-18,2019081801007521,GBBL,45,1,200,214.00,"42,800.00"
2019-08-18,2019081801007623,GDBL,34,1,100,204.00,"20,400.00"
2019-08-18,2019081801007607,GDBL,34,1,119,204.00,"24,276.00"
2019-08-18,2019081801007548,GDBL,34,22,216,204.00,"44,064.00"
2019-08-18,2019081801007547,GDBL,35,22,50,204.00,"10,200.00"
2019-08-18,2019081801007546,GDBL,47,22,34,204.00,"6,936.00"
2019-08-18,2019081801007531,GDBL,48,1,98,205.00,"20,090.00"
2019-08-18,2019081801007660,GFCL,22,17,72,139.00,"10,008.00"
2019-08-18,2019081801007659,GFCL,22,36,175,139.00,"24,325.00"
2019-08-18,2019081801007658,GFCL,22,38,433,139.00,"60,187.00"
2019-08-18,2019081801007538,GFCL,50,52,50,137.00,"6,850.00"
2019-08-18,2019081801007627,GLBSL,48,17,10,501.00,"5,010.00"
2019-08-18,2019081801007486,HBL,44,19,10,548.00,"5,480.00"
2019-08-18,2019081801007621,HDL,51,49,10,"1,600.00","16,000.00"
2019-08-18,2019081801007545,HGI,29,34,65,331.00,"21,515.00"
2019-08-18,2019081801007544,HGI,29,34,90,331.00,"29,790.00"
2019-08-18,2019081801007505,HIDCL,45,10,394,147.00,"57,918.00"
2019-08-18,2019081801007504,HIDCL,52,10,50,147.00,"7,350.00"
2019-08-18,2019081801007503,HIDCL,5,10,56,147.00,"8,232.00"
2019-08-18,2019081801007256,HIDCL,29,59,61,148.00,"9,028.00"
2019-08-18,2019081801007251,HPPL,47,1,20,158.00,"3,160.00"
2019-08-18,2019081801007244,HPPL,47,1,10,158.00,"1,580.00"
2019-08-18,2019081801007287,HURJA,41,43,10,127.00,"1,270.00"
2019-08-18,2019081801007242,ILBS,26,38,30,467.00,"14,010.00"
2019-08-18,2019081801007684,KBL,34,43,408,202.00,"82,416.00"
2019-08-18,2019081801007593,KBL,57,43,100,202.00,"20,200.00"
2019-08-18,2019081801007592,KBL,40,43,300,202.00,"60,600.00"
2019-08-18,2019081801007591,KBL,43,43,42,202.00,"8,484.00"
2019-08-18,2019081801007590,KBL,36,43,150,202.00,"30,300.00"
2019-08-18,2019081801007549,KBL,1,58,100,203.00,"20,300.00"
2019-08-18,2019081801007434,KBL,36,43,350,202.00,"70,700.00"
2019-08-18,2019081801007433,KBL,37,43,150,202.00,"30,300.00"
2019-08-18,2019081801007603,KSBBL,34,13,"1,000",148.00,"148,000.00"
2019-08-18,2019081801007480,KSBBL,34,1,100,146.00,"14,600.00"
2019-08-18,2019081801007479,KSBBL,56,1,50,146.00,"7,300.00"
2019-08-18,2019081801007633,LBBL,33,42,10,177.00,"1,770.00"
2019-08-18,2019081801007365,LBL,38,45,20,214.00,"4,280.00"
2019-08-18,2019081801007209,LBL,34,41,22,212.00,"4,664.00"
2019-08-18,2019081801007208,LBL,45,41,78,212.00,"16,536.00"
2019-08-18,2019081801007354,LGIL,22,45,200,407.00,"81,400.00"
2019-08-18,2019081801007597,LICN,28,17,173,"1,120.00","193,760.00"
2019-08-18,2019081801007471,LICN,28,17,100,"1,120.00","112,000.00"
2019-08-18,2019081801007672,LLBS,49,44,10,740.00,"7,400.00"
2019-08-18,2019081801007578,LVF1,45,25,"3,000",9.40,"28,200.00"
2019-08-18,2019081801007700,MBL,34,59,10,255.00,"2,550.00"
2019-08-18,2019081801007601,MBL,34,59,10,255.00,"2,550.00"
2019-08-18,2019081801007563,MBL,28,59,483,251.00,"121,233.00"
2019-08-18,2019081801007562,MBL,40,59,500,251.00,"125,500.00"
2019-08-18,2019081801007561,MBL,14,59,17,251.00,"4,267.00"
2019-08-18,2019081801007492,MBL,14,59,483,251.00,"121,233.00"
2019-08-18,2019081801007291,MBL,4,59,810,253.00,"204,930.00"
2019-08-18,2019081801007290,MBL,28,59,58,254.00,"14,732.00"
2019-08-18,2019081801007297,MBL,28,59,30,252.00,"7,560.00"
2019-08-18,2019081801007296,MBL,40,59,500,253.00,"126,500.00"
2019-08-18,2019081801007295,MBL,44,59,100,253.00,"25,300.00"
2019-08-18,2019081801007294,MBL,38,59,50,253.00,"12,650.00"
2019-08-18,2019081801007293,MBL,14,59,500,253.00,"126,500.00"
2019-08-18,2019081801007292,MBL,48,59,500,253.00,"126,500.00"
2019-08-18,2019081801007303,MBL,14,59,500,252.00,"126,000.00"
2019-08-18,2019081801007302,MBL,51,59,600,252.00,"151,200.00"
2019-08-18,2019081801007301,MBL,48,59,"1,000",252.00,"252,000.00"
2019-08-18,2019081801007300,MBL,25,59,39,252.00,"9,828.00"
2019-08-18,2019081801007299,MBL,18,59,500,252.00,"126,000.00"
2019-08-18,2019081801007298,MBL,50,59,400,252.00,"100,800.00"
2019-08-18,2019081801007340,MBL,47,59,50,251.00,"12,550.00"
2019-08-18,2019081801007339,MBL,51,59,50,251.00,"12,550.00"
2019-08-18,2019081801007338,MBL,6,59,"1,187",252.00,"299,124.00"
2019-08-18,2019081801007306,MBL,6,59,813,252.00,"204,876.00"
2019-08-18,2019081801007305,MBL,38,59,100,252.00,"25,200.00"
2019-08-18,2019081801007304,MBL,18,59,500,252.00,"126,000.00"
2019-08-18,2019081801007346,MBL,38,59,"2,000",251.00,"502,000.00"
2019-08-18,2019081801007345,MBL,34,59,500,251.00,"125,500.00"
2019-08-18,2019081801007344,MBL,46,59,30,251.00,"7,530.00"
2019-08-18,2019081801007343,MBL,26,59,"1,000",251.00,"251,000.00"
2019-08-18,2019081801007342,MBL,44,59,"1,000",251.00,"251,000.00"
2019-08-18,2019081801007341,MBL,44,59,500,251.00,"125,500.00"
2019-08-18,2019081801007352,MBL,38,59,500,251.00,"125,500.00"
2019-08-18,2019081801007351,MBL,40,59,100,251.00,"25,100.00"
2019-08-18,2019081801007350,MBL,40,59,100,251.00,"25,100.00"
2019-08-18,2019081801007349,MBL,26,59,500,251.00,"125,500.00"
2019-08-18,2019081801007348,MBL,17,59,"1,000",251.00,"251,000.00"
2019-08-18,2019081801007347,MBL,25,59,500,251.00,"125,500.00"
2019-08-18,2019081801007491,MBL,58,59,100,251.00,"25,100.00"
2019-08-18,2019081801007490,MBL,6,59,"1,017",251.00,"255,267.00"
2019-08-18,2019081801007473,MBL,14,59,500,252.00,"126,000.00"
2019-08-18,2019081801007472,MBL,39,59,10,252.00,"2,520.00"
2019-08-18,2019081801007413,MBL,51,59,"1,000",252.00,"252,000.00"
2019-08-18,2019081801007353,MBL,6,59,983,251.00,"246,733.00"
2019-08-18,2019081801007620,MEGA,34,55,200,200.00,"40,000.00"
2019-08-18,2019081801007374,MEGA,6,48,50,200.00,"10,000.00"
2019-08-18,2019081801007380,MEGA,6,25,109,200.00,"21,800.00"
2019-08-18,2019081801007379,MEGA,6,35,123,200.00,"24,600.00"
2019-08-18,2019081801007378,MEGA,6,55,500,200.00,"100,000.00"
2019-08-18,2019081801007377,MEGA,6,51,200,200.00,"40,000.00"
2019-08-18,2019081801007376,MEGA,6,17,400,200.00,"80,000.00"
2019-08-18,2019081801007375,MEGA,6,40,500,200.00,"100,000.00"
2019-08-18,2019081801007381,MEGA,6,14,118,200.00,"23,600.00"
2019-08-18,2019081801007465,MEGA,6,43,120,199.00,"23,880.00"
2019-08-18,2019081801007464,MEGA,54,43,200,199.00,"39,800.00"
2019-08-18,2019081801007463,MEGA,52,43,180,199.00,"35,820.00"
2019-08-18,2019081801007524,MEGA,42,43,200,200.00,"40,000.00"
2019-08-18,2019081801007523,MEGA,42,14,82,200.00,"16,400.00"
2019-08-18,2019081801007525,MEGA,42,55,518,200.00,"103,600.00"
2019-08-18,2019081801007567,MERO,29,36,128,525.00,"67,200.00"
2019-08-18,2019081801007693,MNBBL,47,49,200,326.00,"65,200.00"
2019-08-18,2019081801007315,MNBBL,11,14,116,325.00,"37,700.00"
2019-08-18,2019081801007314,MNBBL,7,14,37,326.00,"12,062.00"
2019-08-18,2019081801007313,MNBBL,36,14,200,326.00,"65,200.00"
2019-08-18,2019081801007312,MNBBL,43,14,30,326.00,"9,780.00"
2019-08-18,2019081801007311,MNBBL,38,14,13,326.00,"4,238.00"
2019-08-18,2019081801007310,MNBBL,4,14,32,326.00,"10,432.00"
2019-08-18,2019081801007271,MNBBL,38,41,37,326.00,"12,062.00"
2019-08-18,2019081801007221,MSMBS,10,17,50,497.00,"24,850.00"
2019-08-18,2019081801007220,MSMBS,28,17,50,498.00,"24,900.00"
2019-08-18,2019081801007219,MSMBS,40,17,100,499.00,"49,900.00"
2019-08-18,2019081801007218,MSMBS,11,17,100,500.00,"50,000.00"
2019-08-18,2019081801007681,NABIL,32,49,100,779.00,"77,900.00"
2019-08-18,2019081801007570,NABIL,55,47,216,781.00,"168,696.00"
2019-08-18,2019081801007554,NABIL,55,36,50,781.00,"39,050.00"
2019-08-18,2019081801007553,NABIL,55,47,134,781.00,"104,654.00"
2019-08-18,2019081801007535,NABIL,45,47,50,781.00,"39,050.00"
2019-08-18,2019081801007386,NABIL,28,47,500,780.00,"390,000.00"
2019-08-18,2019081801007255,NABIL,41,47,16,781.00,"12,496.00"
2019-08-18,2019081801007231,NABIL,32,41,15,779.00,"11,685.00"
2019-08-18,2019081801007390,NADEP,39,14,20,480.00,"9,600.00"
2019-08-18,2019081801007600,NAGRO,34,10,10,810.00,"8,100.00"
2019-08-18,2019081801007476,NAGRO,34,52,40,804.00,"32,160.00"
2019-08-18,2019081801007475,NAGRO,34,18,10,803.00,"8,030.00"
2019-08-18,2019081801007458,NBB,6,58,"1,000",217.00,"217,000.00"
2019-08-18,2019081801007249,NBB,28,53,246,216.00,"53,136.00"
2019-08-18,2019081801007248,NBB,46,53,251,216.00,"54,216.00"
2019-08-18,2019081801007557,NBB,1,58,590,216.00,"127,440.00"
2019-08-18,2019081801007556,NBB,59,58,100,216.00,"21,600.00"
2019-08-18,2019081801007555,NBB,34,58,300,216.00,"64,800.00"
2019-08-18,2019081801007460,NBB,6,5,799,217.00,"173,383.00"
2019-08-18,2019081801007459,NBB,6,13,201,217.00,"43,617.00"
2019-08-18,2019081801007609,NBL,33,45,20,325.00,"6,500.00"
2019-08-18,2019081801007596,NBL,43,45,10,325.00,"3,250.00"
2019-08-18,2019081801007485,NBL,56,25,170,324.00,"55,080.00"
2019-08-18,2019081801007279,NBL,49,25,50,324.00,"16,200.00"
2019-08-18,2019081801007698,NCCB,58,55,12,203.00,"2,436.00"
2019-08-18,2019081801007697,NCCB,58,34,38,202.00,"7,676.00"
2019-08-18,2019081801007682,NCCB,42,34,400,202.00,"80,800.00"
2019-08-18,2019081801007580,NCCB,33,34,20,202.00,"4,040.00"
2019-08-18,2019081801007326,NCCB,33,17,100,201.00,"20,100.00"
2019-08-18,2019081801007322,NCCB,34,34,50,202.00,"10,100.00"
2019-08-18,2019081801007289,NCCB,19,34,500,202.00,"101,000.00"
2019-08-18,2019081801007288,NCCB,18,34,122,202.00,"24,644.00"
2019-08-18,2019081801007240,NCCB,18,19,78,202.00,"15,756.00"
2019-08-18,2019081801007239,NCCB,34,19,62,202.00,"12,524.00"
2019-08-18,2019081801007502,NHDL,34,43,10,115.00,"1,150.00"
2019-08-18,2019081801007212,NHPC,38,7,100,62.00,"6,200.00"
2019-08-18,2019081801007643,NIB,57,57,200,479.00,"95,800.00"
2019-08-18,2019081801007453,NIB,52,36,100,478.00,"47,800.00"
2019-08-18,2019081801007452,NIB,52,20,40,478.00,"19,120.00"
2019-08-18,2019081801007442,NIB,25,44,25,477.00,"11,925.00"
2019-08-18,2019081801007371,NIB,25,56,15,477.00,"7,155.00"
2019-08-18,2019081801007370,NIB,1,56,20,477.00,"9,540.00"
2019-08-18,2019081801007369,NIB,32,56,100,477.00,"47,700.00"
2019-08-18,2019081801007368,NIB,48,56,20,477.00,"9,540.00"
2019-08-18,2019081801007367,NIB,46,56,20,477.00,"9,540.00"
2019-08-18,2019081801007366,NIB,45,56,325,477.00,"155,025.00"
2019-08-18,2019081801007701,NICA,29,4,100,451.00,"45,100.00"
2019-08-18,2019081801007695,NICA,29,4,100,451.00,"45,100.00"
2019-08-18,2019081801007630,NICA,44,4,100,450.00,"45,000.00"
2019-08-18,2019081801007629,NICA,35,4,200,451.00,"90,200.00"
2019-08-18,2019081801007540,NICA,44,4,50,450.00,"22,500.00"
2019-08-18,2019081801007539,NICA,42,4,50,451.00,"22,550.00"
2019-08-18,2019081801007468,NICA,44,4,15,451.00,"6,765.00"
2019-08-18,2019081801007412,NICA,56,4,600,451.00,"270,600.00"
2019-08-18,2019081801007260,NICA,49,4,50,451.00,"22,550.00"
2019-08-18,2019081801007518,NICA,45,58,297,453.00,"134,541.00"
2019-08-18,2019081801007517,NICA,45,4,"1,000",451.00,"451,000.00"
2019-08-18,2019081801007516,NICA,45,42,"1,358",451.00,"612,458.00"
2019-08-18,2019081801007515,NICA,45,4,345,451.00,"155,595.00"
2019-08-18,2019081801007494,NICA,6,4,50,451.00,"22,550.00"
2019-08-18,2019081801007493,NICA,26,4,20,451.00,"9,020.00"
2019-08-18,2019081801007587,NLBBL,43,59,30,548.00,"16,440.00"
2019-08-18,2019081801007439,NLG,25,53,10,679.00,"6,790.00"
2019-08-18,2019081801007429,NLG,25,19,27,670.00,"18,090.00"
2019-08-18,2019081801007393,NLG,25,19,12,669.00,"8,028.00"
2019-08-18,2019081801007265,NLIC,45,19,82,868.00,"71,176.00"
2019-08-18,2019081801007264,NLIC,49,19,30,868.00,"26,040.00"
2019-08-18,2019081801007263,NLIC,14,19,24,869.00,"20,856.00"
2019-08-18,2019081801007262,NLIC,22,19,85,869.00,"73,865.00"
2019-08-18,2019081801007612,NLICL,29,19,250,552.00,"138,000.00"
2019-08-18,2019081801007611,NLICL,56,19,500,553.00,"276,500.00"
2019-08-18,2019081801007610,NLICL,35,19,150,554.00,"83,100.00"
2019-08-18,2019081801007577,NLICL,43,16,10,558.00,"5,580.00"
2019-08-18,2019081801007536,NLICL,52,5,150,557.00,"83,550.00"
2019-08-18,2019081801007558,NMFBS,1,18,30,"1,465.00","43,950.00"
2019-08-18,2019081801007399,NNLB,20,25,30,448.00,"13,440.00"
2019-08-18,2019081801007679,NTC,7,17,173,666.00,"115,218.00"
2019-08-18,2019081801007655,NTC,11,17,99,666.00,"65,934.00"
2019-08-18,2019081801007654,NTC,8,17,20,666.00,"13,320.00"
2019-08-18,2019081801007653,NTC,52,17,108,666.00,"71,928.00"
2019-08-18,2019081801007652,NTC,7,17,200,667.00,"133,400.00"
2019-08-18,2019081801007650,NTC,59,58,10,670.00,"6,700.00"
2019-08-18,2019081801007392,NTC,6,22,10,667.00,"6,670.00"
2019-08-18,2019081801007204,NTC,59,41,150,668.00,"100,200.00"
2019-08-18,2019081801007622,NTC,43,58,10,670.00,"6,700.00"
2019-08-18,2019081801007387,PIC,57,53,82,455.00,"37,310.00"
2019-08-18,2019081801007631,PICL,6,43,100,485.00,"48,500.00"
2019-08-18,2019081801007441,PICL,58,35,110,483.00,"53,130.00"
2019-08-18,2019081801007440,PICL,25,35,40,483.00,"19,320.00"
2019-08-18,2019081801007651,PLIC,51,40,500,407.00,"203,500.00"
2019-08-18,2019081801007640,PPCL,3,6,20,117.00,"2,340.00"
2019-08-18,2019081801007639,PPCL,3,29,20,116.00,"2,320.00"
2019-08-18,2019081801007638,PPCL,3,8,20,116.00,"2,320.00"
2019-08-18,2019081801007613,PPCL,3,48,20,115.00,"2,300.00"
2019-08-18,2019081801007477,PPCL,3,29,30,113.00,"3,390.00"
2019-08-18,2019081801007373,PPCL,3,45,20,113.00,"2,260.00"
2019-08-18,2019081801007307,PPCL,3,46,10,113.00,"1,130.00"
2019-08-18,2019081801007217,PPCL,3,46,20,113.00,"2,260.00"
2019-08-18,2019081801007360,PRIN,44,35,50,349.00,"17,450.00"
2019-08-18,2019081801007337,PRIN,14,42,230,350.00,"80,500.00"
2019-08-18,2019081801007277,PRIN,45,42,500,350.00,"175,000.00"
2019-08-18,2019081801007680,PRVU,6,13,255,270.00,"68,850.00"
2019-08-18,2019081801007356,PRVU,14,49,100,268.00,"26,800.00"
2019-08-18,2019081801007247,PRVU,14,41,100,268.00,"26,800.00"
2019-08-18,2019081801007206,PRVU,49,50,"1,000",269.00,"269,000.00"
2019-08-18,2019081801007205,PRVU,49,45,280,269.00,"75,320.00"
2019-08-18,2019081801007450,RADHI,28,43,11,138.00,"1,518.00"
2019-08-18,2019081801007699,RBCL,35,28,10,"9,310.00","93,100.00"
2019-08-18,2019081801007230,RHPC,33,5,"5,000",87.00,"435,000.00"
2019-08-18,2019081801007229,RHPC,47,5,117,87.00,"10,179.00"
2019-08-18,2019081801007694,RHPL,28,28,40,205.00,"8,200.00"
2019-08-18,2019081801007686,RHPL,28,37,20,205.00,"4,100.00"
2019-08-18,2019081801007685,RHPL,45,37,20,205.00,"4,100.00"
2019-08-18,2019081801007637,RHPL,45,28,40,205.00,"8,200.00"
2019-08-18,2019081801007632,RHPL,45,37,40,205.00,"8,200.00"
2019-08-18,2019081801007616,RHPL,45,26,40,205.00,"8,200.00"
2019-08-18,2019081801007210,RHPL,4,11,50,205.00,"10,250.00"
2019-08-18,2019081801007241,RHPL,4,28,40,205.00,"8,200.00"
2019-08-18,2019081801007237,RHPL,4,46,40,205.00,"8,200.00"
2019-08-18,2019081801007227,RHPL,4,20,40,205.00,"8,200.00"
2019-08-18,2019081801007223,RHPL,4,37,40,205.00,"8,200.00"
2019-08-18,2019081801007222,RHPL,4,28,40,205.00,"8,200.00"
2019-08-18,2019081801007211,RHPL,4,58,40,205.00,"8,200.00"
2019-08-18,2019081801007273,RHPL,4,20,40,205.00,"8,200.00"
2019-08-18,2019081801007268,RHPL,4,45,40,205.00,"8,200.00"
2019-08-18,2019081801007253,RHPL,40,28,200,206.00,"41,200.00"
2019-08-18,2019081801007246,RHPL,4,11,30,205.00,"6,150.00"
2019-08-18,2019081801007245,RHPL,4,11,20,205.00,"4,100.00"
2019-08-18,2019081801007243,RHPL,4,58,40,205.00,"8,200.00"
2019-08-18,2019081801007332,RHPL,4,11,40,205.00,"8,200.00"
2019-08-18,2019081801007316,RHPL,4,58,40,205.00,"8,200.00"
2019-08-18,2019081801007283,RHPL,4,43,40,205.00,"8,200.00"
2019-08-18,2019081801007280,RHPL,40,28,200,206.00,"41,200.00"
2019-08-18,2019081801007276,RHPL,4,11,50,205.00,"10,250.00"
2019-08-18,2019081801007275,RHPL,4,37,40,205.00,"8,200.00"
2019-08-18,2019081801007396,RHPL,25,45,30,205.00,"6,150.00"
2019-08-18,2019081801007395,RHPL,4,45,20,205.00,"4,100.00"
2019-08-18,2019081801007394,RHPL,4,37,40,205.00,"8,200.00"
2019-08-18,2019081801007389,RHPL,4,11,40,205.00,"8,200.00"
2019-08-18,2019081801007359,RHPL,4,20,40,205.00,"8,200.00"
2019-08-18,2019081801007335,RHPL,4,37,40,205.00,"8,200.00"
2019-08-18,2019081801007421,RHPL,41,35,30,205.00,"6,150.00"
2019-08-18,2019081801007418,RHPL,37,17,30,206.00,"6,180.00"
2019-08-18,2019081801007417,RHPL,37,28,20,206.00,"4,120.00"
2019-08-18,2019081801007414,RHPL,41,52,40,205.00,"8,200.00"
2019-08-18,2019081801007404,RHPL,41,43,20,205.00,"4,100.00"
2019-08-18,2019081801007403,RHPL,25,43,20,205.00,"4,100.00"
2019-08-18,2019081801007455,RHPL,40,17,500,206.00,"103,000.00"
2019-08-18,2019081801007445,RHPL,45,37,30,205.00,"6,150.00"
2019-08-18,2019081801007444,RHPL,14,37,10,205.00,"2,050.00"
2019-08-18,2019081801007435,RHPL,14,11,50,205.00,"10,250.00"
2019-08-18,2019081801007426,RHPL,14,20,40,205.00,"8,200.00"
2019-08-18,2019081801007425,RHPL,41,20,10,205.00,"2,050.00"
2019-08-18,2019081801007507,RHPL,45,52,50,205.00,"10,250.00"
2019-08-18,2019081801007501,RHPL,45,50,200,205.00,"41,000.00"
2019-08-18,2019081801007495,RHPL,46,17,10,206.00,"2,060.00"
2019-08-18,2019081801007489,RHPL,45,52,40,205.00,"8,200.00"
2019-08-18,2019081801007481,RHPL,45,11,40,205.00,"8,200.00"
2019-08-18,2019081801007469,RHPL,45,35,40,205.00,"8,200.00"
2019-08-18,2019081801007527,RHPL,45,26,40,205.00,"8,200.00"
2019-08-18,2019081801007526,RHPL,45,7,10,205.00,"2,050.00"
2019-08-18,2019081801007522,RHPL,45,17,50,205.00,"10,250.00"
2019-08-18,2019081801007519,RHPL,45,28,40,205.00,"8,200.00"
2019-08-18,2019081801007510,RHPL,45,11,40,205.00,"8,200.00"
2019-08-18,2019081801007508,RHPL,45,20,40,205.00,"8,200.00"
2019-08-18,2019081801007582,RHPL,34,58,20,206.00,"4,120.00"
2019-08-18,2019081801007581,RHPL,34,17,"1,960",206.00,"403,760.00"
2019-08-18,2019081801007559,RHPL,45,37,40,205.00,"8,200.00"
2019-08-18,2019081801007542,RHPL,45,28,40,205.00,"8,200.00"
2019-08-18,2019081801007541,RHPL,45,11,40,205.00,"8,200.00"
2019-08-18,2019081801007529,RHPL,45,37,40,205.00,"8,200.00"
2019-08-18,2019081801007594,RHPL,45,37,40,205.00,"8,200.00"
2019-08-18,2019081801007588,RHPL,45,28,40,205.00,"8,200.00"
2019-08-18,2019081801007586,RHPL,34,16,10,207.00,"2,070.00"
2019-08-18,2019081801007585,RHPL,34,58,20,206.00,"4,120.00"
2019-08-18,2019081801007584,RHPL,34,58,20,206.00,"4,120.00"
2019-08-18,2019081801007583,RHPL,34,58,20,206.00,"4,120.00"
2019-08-18,2019081801007428,RRHP,47,43,10,103.00,"1,030.00"
2019-08-18,2019081801007572,RSDC,19,16,50,351.00,"17,550.00"
2019-08-18,2019081801007478,RSDC,41,16,50,351.00,"17,550.00"
2019-08-18,2019081801007670,SBI,57,17,116,440.00,"51,040.00"
2019-08-18,2019081801007642,SBI,45,17,"1,444",440.00,"635,360.00"
2019-08-18,2019081801007641,SBI,45,17,556,440.00,"244,640.00"
2019-08-18,2019081801007506,SBI,7,17,500,440.00,"220,000.00"
2019-08-18,2019081801007325,SBI,58,17,300,440.00,"132,000.00"
2019-08-18,2019081801007511,SBL,34,49,216,315.00,"68,040.00"
2019-08-18,2019081801007636,SCB,58,6,260,640.00,"166,400.00"
2019-08-18,2019081801007635,SCB,5,6,100,640.00,"64,000.00"
2019-08-18,2019081801007634,SCB,39,6,20,641.00,"12,820.00"
2019-08-18,2019081801007416,SCB,5,34,20,641.00,"12,820.00"
2019-08-18,2019081801007233,SCB,17,6,100,642.00,"64,200.00"
2019-08-18,2019081801007232,SCB,47,6,20,642.00,"12,840.00"
2019-08-18,2019081801007617,SDESI,48,51,189,615.00,"116,235.00"
2019-08-18,2019081801007604,SFFIL,38,37,15,266.00,"3,990.00"
2019-08-18,2019081801007589,SFFIL,16,37,100,267.00,"26,700.00"
2019-08-18,2019081801007696,SHIVM,45,59,140,582.00,"81,480.00"
2019-08-18,2019081801007487,SHIVM,38,57,100,583.00,"58,300.00"
2019-08-18,2019081801007457,SHIVM,45,35,60,582.00,"34,920.00"
2019-08-18,2019081801007456,SHIVM,45,1,100,582.00,"58,200.00"
2019-08-18,2019081801007432,SHIVM,45,47,360,580.00,"208,800.00"
2019-08-18,2019081801007431,SHIVM,4,47,80,580.00,"46,400.00"
2019-08-18,2019081801007430,SHIVM,14,47,60,581.00,"34,860.00"
2019-08-18,2019081801007644,SHL,52,57,100,232.00,"23,200.00"
2019-08-18,2019081801007364,SHL,26,43,500,228.00,"114,000.00"
2019-08-18,2019081801007363,SHL,20,43,182,228.00,"41,496.00"
2019-08-18,2019081801007362,SHL,32,43,100,230.00,"23,000.00"
2019-08-18,2019081801007361,SHL,57,43,200,230.00,"46,000.00"
2019-08-18,2019081801007438,SIC,1,7,10,590.00,"5,900.00"
2019-08-18,2019081801007437,SIC,45,7,10,591.00,"5,910.00"
2019-08-18,2019081801007436,SIC,38,7,20,591.00,"11,820.00"
2019-08-18,2019081801007467,SIL,25,45,20,432.00,"8,640.00"
2019-08-18,2019081801007466,SIL,25,19,280,425.00,"119,000.00"
2019-08-18,2019081801007427,SIL,25,19,10,425.00,"4,250.00"
2019-08-18,2019081801007661,SJCL,21,28,20,217.00,"4,340.00"
2019-08-18,2019081801007649,SJCL,21,11,20,217.00,"4,340.00"
2019-08-18,2019081801007648,SJCL,21,37,10,217.00,"2,170.00"
2019-08-18,2019081801007628,SJCL,21,11,20,217.00,"4,340.00"
2019-08-18,2019081801007606,SJCL,21,11,20,217.00,"4,340.00"
2019-08-18,2019081801007215,SJCL,45,28,20,217.00,"4,340.00"
2019-08-18,2019081801007207,SJCL,45,20,20,217.00,"4,340.00"
2019-08-18,2019081801007238,SJCL,45,28,20,217.00,"4,340.00"
2019-08-18,2019081801007235,SJCL,45,37,20,217.00,"4,340.00"
2019-08-18,2019081801007234,SJCL,45,26,20,217.00,"4,340.00"
2019-08-18,2019081801007228,SJCL,45,11,20,217.00,"4,340.00"
2019-08-18,2019081801007226,SJCL,45,58,20,217.00,"4,340.00"
2019-08-18,2019081801007216,SJCL,45,4,20,217.00,"4,340.00"
2019-08-18,2019081801007261,SJCL,45,28,20,217.00,"4,340.00"
2019-08-18,2019081801007258,SJCL,45,43,20,217.00,"4,340.00"
2019-08-18,2019081801007257,SJCL,45,11,10,217.00,"2,170.00"
2019-08-18,2019081801007254,SJCL,45,20,20,217.00,"4,340.00"
2019-08-18,2019081801007252,SJCL,45,58,20,217.00,"4,340.00"
2019-08-18,2019081801007250,SJCL,45,46,20,217.00,"4,340.00"
2019-08-18,2019081801007331,SJCL,45,58,20,217.00,"4,340.00"
2019-08-18,2019081801007330,SJCL,45,28,20,217.00,"4,340.00"
2019-08-18,2019081801007309,SJCL,45,11,20,217.00,"4,340.00"
2019-08-18,2019081801007286,SJCL,45,28,20,217.00,"4,340.00"
2019-08-18,2019081801007285,SJCL,45,37,20,217.00,"4,340.00"
2019-08-18,2019081801007274,SJCL,45,45,20,217.00,"4,340.00"
2019-08-18,2019081801007372,SJCL,45,43,20,217.00,"4,340.00"
2019-08-18,2019081801007358,SJCL,45,28,10,217.00,"2,170.00"
2019-08-18,2019081801007357,SJCL,45,37,20,217.00,"4,340.00"
2019-08-18,2019081801007355,SJCL,45,11,20,217.00,"4,340.00"
2019-08-18,2019081801007333,SJCL,45,20,10,217.00,"2,170.00"
2019-08-18,2019081801007419,SJCL,1,11,20,217.00,"4,340.00"
2019-08-18,2019081801007415,SJCL,1,37,20,217.00,"4,340.00"
2019-08-18,2019081801007402,SJCL,1,20,20,217.00,"4,340.00"
2019-08-18,2019081801007400,SJCL,1,35,20,217.00,"4,340.00"
2019-08-18,2019081801007391,SJCL,1,28,20,217.00,"4,340.00"
2019-08-18,2019081801007461,SJCL,1,37,10,217.00,"2,170.00"
2019-08-18,2019081801007451,SJCL,1,11,20,217.00,"4,340.00"
2019-08-18,2019081801007446,SJCL,1,35,10,217.00,"2,170.00"
2019-08-18,2019081801007443,SJCL,1,28,20,217.00,"4,340.00"
2019-08-18,2019081801007423,SJCL,1,28,20,217.00,"4,340.00"
2019-08-18,2019081801007420,SJCL,1,45,20,217.00,"4,340.00"
2019-08-18,2019081801007474,SJCL,21,28,20,217.00,"4,340.00"
2019-08-18,2019081801007470,SJCL,46,34,20,218.00,"4,360.00"
2019-08-18,2019081801007462,SJCL,21,37,10,217.00,"2,170.00"
2019-08-18,2019081801007520,SJCL,21,28,20,217.00,"4,340.00"
2019-08-18,2019081801007500,SJCL,21,28,20,217.00,"4,340.00"
2019-08-18,2019081801007499,SJCL,21,11,20,217.00,"4,340.00"
2019-08-18,2019081801007498,SJCL,21,20,20,217.00,"4,340.00"
2019-08-18,2019081801007566,SJCL,21,28,20,217.00,"4,340.00"
2019-08-18,2019081801007565,SJCL,21,11,20,217.00,"4,340.00"
2019-08-18,2019081801007564,SJCL,21,7,10,217.00,"2,170.00"
2019-08-18,2019081801007530,SJCL,21,28,20,217.00,"4,340.00"
2019-08-18,2019081801007528,SJCL,21,11,20,217.00,"4,340.00"
2019-08-18,2019081801007605,SJCL,21,28,20,217.00,"4,340.00"
2019-08-18,2019081801007602,SJCL,21,37,20,217.00,"4,340.00"
2019-08-18,2019081801007598,SJCL,21,28,20,217.00,"4,340.00"
2019-08-18,2019081801007595,SJCL,21,26,20,217.00,"4,340.00"
2019-08-18,2019081801007571,SJCL,21,28,20,217.00,"4,340.00"
2019-08-18,2019081801007569,SJCL,21,37,20,217.00,"4,340.00"
2019-08-18,2019081801007329,SKBBL,34,47,"2,000",980.00,"1,960,000.00"
2019-08-18,2019081801007328,SKBBL,1,47,30,980.00,"29,400.00"
2019-08-18,2019081801007327,SKBBL,34,47,10,981.00,"9,810.00"
2019-08-18,2019081801007398,SLBBL,48,56,30,550.00,"16,500.00"
2019-08-18,2019081801007397,SLBBL,48,7,87,549.00,"47,763.00"
2019-08-18,2019081801007482,SLICL,26,22,300,302.00,"90,600.00"
2019-08-18,2019081801007688,SMFBS,10,33,10,825.00,"8,250.00"
2019-08-18,2019081801007657,SMFBS,13,33,20,825.00,"16,500.00"
2019-08-18,2019081801007656,SMFBS,13,48,10,825.00,"8,250.00"
2019-08-18,2019081801007573,SMFBS,34,21,50,815.00,"40,750.00"
2019-08-18,2019081801007514,SMFBS,34,47,50,820.00,"41,000.00"
2019-08-18,2019081801007513,SMFBS,34,45,10,820.00,"8,200.00"
2019-08-18,2019081801007512,SMFBS,34,45,10,820.00,"8,200.00"
2019-08-18,2019081801007692,SPARS,34,34,50,608.00,"30,400.00"
2019-08-18,2019081801007691,SPARS,34,44,18,608.00,"10,944.00"
2019-08-18,2019081801007690,SPARS,34,25,10,605.00,"6,050.00"
2019-08-18,2019081801007496,SPDL,45,49,29,84.00,"2,436.00"
2019-08-18,2019081801007674,SRBL,54,43,332,233.00,"77,356.00"
2019-08-18,2019081801007673,SRBL,51,43,100,234.00,"23,400.00"
2019-08-18,2019081801007385,SRBL,54,43,668,234.00,"156,312.00"
2019-08-18,2019081801007336,SRBL,54,43,332,234.00,"77,688.00"
2019-08-18,2019081801007647,SWBBL,19,40,100,915.00,"91,500.00"
2019-08-18,2019081801007646,SWBBL,26,40,50,915.00,"45,750.00"
2019-08-18,2019081801007645,SWBBL,26,40,50,915.00,"45,750.00"
2019-08-18,2019081801007410,SWBBL,34,47,"1,000",916.00,"916,000.00"
2019-08-18,2019081801007409,SWBBL,7,47,250,917.00,"229,250.00"
2019-08-18,2019081801007408,SWBBL,43,47,100,917.00,"91,700.00"
2019-08-18,2019081801007407,SWBBL,26,47,50,917.00,"45,850.00"
2019-08-18,2019081801007406,SWBBL,26,47,50,917.00,"45,850.00"
2019-08-18,2019081801007405,SWBBL,45,47,300,918.00,"275,400.00"
2019-08-18,2019081801007454,UPCL,18,45,50,82.00,"4,100.00"
2019-08-18,2019081801007411,UPCL,18,43,50,82.00,"4,100.00"
2019-08-18,2019081801007308,UPCL,18,45,50,82.00,"4,100.00"
2019-08-18,2019081801007669,UPPER,22,45,140,258.00,"36,120.00"
2019-08-18,2019081801007668,UPPER,25,45,50,258.00,"12,900.00"
2019-08-18,2019081801007667,UPPER,52,45,50,258.00,"12,900.00"
2019-08-18,2019081801007666,UPPER,59,45,500,258.00,"129,000.00"
2019-08-18,2019081801007665,UPPER,39,45,200,258.00,"51,600.00"
2019-08-18,2019081801007664,UPPER,20,45,20,258.00,"5,160.00"
2019-08-18,2019081801007323,UPPER,20,22,60,258.00,"15,480.00"
2019-08-18,2019081801007282,UPPER,20,22,10,258.00,"2,580.00"
2019-08-18,2019081801007281,UPPER,39,22,50,258.00,"12,900.00"
2019-08-18,2019081801007269,UPPER,39,46,30,258.00,"7,740.00"
2019-08-18,2019081801007663,UPPER,20,45,30,258.00,"7,740.00"
2019-08-18,2019081801007662,UPPER,34,45,10,259.00,"2,590.00"
2019-08-18,2019081801007552,UPPER,10,6,38,260.00,"9,880.00"
2019-08-18,2019081801007551,UPPER,10,55,12,260.00,"3,120.00"
2019-08-18,2019081801007550,UPPER,10,43,50,259.00,"12,950.00"
2019-08-18,2019081801007449,UPPER,34,25,40,259.00,"10,360.00"
2019-08-18,2019081801007401,VLBS,33,34,100,600.00,"60,000.00"
2019-08-18,2019081801006977,ADBL,6,17,200,429.00,"85,800.00"
2019-08-18,2019081801006879,ADBL,45,58,500,430.00,"215,000.00"
2019-08-18,2019081801006871,ADBL,45,58,500,430.00,"215,000.00"
2019-08-18,2019081801007054,AKJCL,29,26,20,66.00,"1,320.00"
2019-08-18,2019081801006885,AKJCL,40,40,20,67.00,"1,340.00"
2019-08-18,2019081801006705,AKJCL,29,7,20,66.00,"1,320.00"
2019-08-18,2019081801006943,AKPL,19,44,84,158.00,"13,272.00"
2019-08-18,2019081801007028,ALICL,59,33,60,342.00,"20,520.00"
2019-08-18,2019081801006981,ALICL,59,41,241,342.00,"82,422.00"
2019-08-18,2019081801007009,BOKL,34,51,200,256.00,"51,200.00"
2019-08-18,2019081801006936,BOKL,34,11,59,256.00,"15,104.00"
2019-08-18,2019081801006935,BOKL,29,11,500,256.00,"128,000.00"
2019-08-18,2019081801006934,BOKL,25,11,441,256.00,"112,896.00"
2019-08-18,2019081801006778,BOKL,25,58,200,256.00,"51,200.00"
2019-08-18,2019081801007020,BPCL,42,51,38,387.00,"14,706.00"
2019-08-18,2019081801007087,CBBL,45,44,280,990.00,"277,200.00"
2019-08-18,2019081801007064,CBBL,45,35,20,990.00,"19,800.00"
2019-08-18,2019081801007060,CBBL,20,44,41,991.00,"40,631.00"
2019-08-18,2019081801006870,CBBL,34,1,80,989.00,"79,120.00"
2019-08-18,2019081801007195,CCBL,58,1,76,157.00,"11,932.00"
2019-08-18,2019081801007194,CCBL,42,1,30,158.00,"4,740.00"
2019-08-18,2019081801007193,CCBL,39,1,13,158.00,"2,054.00"
2019-08-18,2019081801006989,CCBL,1,1,4,155.00,620.00
2019-08-18,2019081801006976,CCBL,1,1,4,155.00,620.00
2019-08-18,2019081801006970,CCBL,1,1,3,155.00,465.00
2019-08-18,2019081801006958,CCBL,1,1,3,155.00,465.00
2019-08-18,2019081801006782,CCBL,39,1,87,158.00,"13,746.00"
2019-08-18,2019081801006781,CCBL,32,1,31,158.00,"4,898.00"
2019-08-18,2019081801006904,CZBIL,46,22,400,217.00,"86,800.00"
2019-08-18,2019081801006762,CZBIL,54,43,400,218.00,"87,200.00"
2019-08-18,2019081801006858,DBBL,39,22,80,136.00,"10,880.00"
2019-08-18,2019081801007142,DDBL,25,50,50,752.00,"37,600.00"
2019-08-18,2019081801007186,EBL,28,41,25,641.00,"16,025.00"
2019-08-18,2019081801007140,EBL,33,4,200,642.00,"128,400.00"
2019-08-18,2019081801007139,EBL,7,4,50,642.00,"32,100.00"
2019-08-18,2019081801007138,EBL,45,4,91,642.00,"58,422.00"
2019-08-18,2019081801007045,EBL,35,48,20,644.00,"12,880.00"
2019-08-18,2019081801007169,FMDBL,28,56,30,397.00,"11,910.00"
2019-08-18,2019081801006854,FMDBL,44,57,525,395.00,"207,375.00"
2019-08-18,2019081801006809,FMDBL,56,56,30,397.00,"11,910.00"
2019-08-18,2019081801006715,FMDBL,41,34,75,397.00,"29,775.00"
2019-08-18,2019081801006841,FOWAD,1,1,19,"1,342.00","25,498.00"
2019-08-18,2019081801007167,GBLBS,38,46,10,361.00,"3,610.00"
2019-08-18,2019081801007056,GILB,55,17,20,747.00,"14,940.00"
2019-08-18,2019081801007034,GILB,55,17,20,746.00,"14,920.00"
2019-08-18,2019081801006991,GILB,33,17,20,740.00,"14,800.00"
2019-08-18,2019081801007023,GLBSL,38,16,10,500.00,"5,000.00"
2019-08-18,2019081801007191,GLICL,25,52,10,449.00,"4,490.00"
2019-08-18,2019081801007165,GLICL,39,33,605,445.00,"269,225.00"
2019-08-18,2019081801007158,GLICL,37,48,386,442.00,"170,612.00"
2019-08-18,2019081801007157,GLICL,35,48,50,444.00,"22,200.00"
2019-08-18,2019081801007002,GLICL,57,33,50,445.00,"22,250.00"
2019-08-18,2019081801006737,GLICL,22,33,100,445.00,"44,500.00"
2019-08-18,2019081801006736,GLICL,49,33,150,445.00,"66,750.00"
2019-08-18,2019081801006735,GLICL,37,33,229,446.00,"102,134.00"
2019-08-18,2019081801006808,GMFBS,35,34,10,564.00,"5,640.00"
2019-08-18,2019081801006741,GMFBS,35,18,10,564.00,"5,640.00"
2019-08-18,2019081801007189,HIDCL,5,59,200,148.00,"29,600.00"
2019-08-18,2019081801007134,HIDCL,5,6,50,147.00,"7,350.00"
2019-08-18,2019081801006994,HIDCL,5,1,61,147.00,"8,967.00"
2019-08-18,2019081801006721,HIDCL,5,1,61,147.00,"8,967.00"
2019-08-18,2019081801007086,HPPL,47,42,160,158.00,"25,280.00"
2019-08-18,2019081801007085,HPPL,35,42,340,158.00,"53,720.00"
2019-08-18,2019081801006890,HURJA,13,19,10,128.00,"1,280.00"
2019-08-18,2019081801006798,HURJA,41,18,20,127.00,"2,540.00"
2019-08-18,2019081801006765,HURJA,41,18,20,127.00,"2,540.00"
2019-08-18,2019081801007200,ILBS,25,46,10,464.00,"4,640.00"
2019-08-18,2019081801007021,ILBS,14,49,10,465.00,"4,650.00"
2019-08-18,2019081801006968,ILBS,14,49,10,465.00,"4,650.00"
2019-08-18,2019081801006944,ILBS,14,57,10,465.00,"4,650.00"
2019-08-18,2019081801006939,ILBS,14,39,10,465.00,"4,650.00"
2019-08-18,2019081801006923,ILBS,14,39,10,465.00,"4,650.00"
2019-08-18,2019081801006704,ILBS,25,39,10,464.00,"4,640.00"
2019-08-18,2019081801006752,ILBS,25,39,10,464.00,"4,640.00"
2019-08-18,2019081801006743,ILBS,25,39,10,464.00,"4,640.00"
2019-08-18,2019081801006738,ILBS,25,39,10,464.00,"4,640.00"
2019-08-18,2019081801006729,ILBS,25,39,10,464.00,"4,640.00"
2019-08-18,2019081801006724,ILBS,25,39,10,464.00,"4,640.00"
2019-08-18,2019081801006711,ILBS,25,39,10,464.00,"4,640.00"
2019-08-18,2019081801006802,ILBS,25,39,10,464.00,"4,640.00"
2019-08-18,2019081801006790,ILBS,25,39,10,464.00,"4,640.00"
2019-08-18,2019081801006783,ILBS,25,39,10,464.00,"4,640.00"
2019-08-18,2019081801006777,ILBS,25,39,10,464.00,"4,640.00"
2019-08-18,2019081801006771,ILBS,25,57,10,464.00,"4,640.00"
2019-08-18,2019081801006763,ILBS,25,39,10,464.00,"4,640.00"
2019-08-18,2019081801006829,ILBS,25,39,10,464.00,"4,640.00"
2019-08-18,2019081801006823,ILBS,25,39,10,464.00,"4,640.00"
2019-08-18,2019081801006816,ILBS,25,39,10,464.00,"4,640.00"
2019-08-18,2019081801006812,ILBS,25,21,10,464.00,"4,640.00"
2019-08-18,2019081801006806,ILBS,25,39,10,464.00,"4,640.00"
2019-08-18,2019081801006805,ILBS,25,18,10,464.00,"4,640.00"
2019-08-18,2019081801006888,ILBS,25,39,10,464.00,"4,640.00"
2019-08-18,2019081801006872,ILBS,25,39,10,464.00,"4,640.00"
2019-08-18,2019081801006864,ILBS,25,39,10,464.00,"4,640.00"
2019-08-18,2019081801006859,ILBS,25,39,10,464.00,"4,640.00"
2019-08-18,2019081801006846,ILBS,25,39,10,464.00,"4,640.00"
2019-08-18,2019081801006838,ILBS,25,39,10,464.00,"4,640.00"
2019-08-18,2019081801007112,JBBL,19,49,102,156.00,"15,912.00"
2019-08-18,2019081801007111,JBBL,47,49,13,156.00,"2,028.00"
2019-08-18,2019081801006961,JOSHI,40,40,20,69.00,"1,380.00"
2019-08-18,2019081801006893,KBL,37,42,200,202.00,"40,400.00"
2019-08-18,2019081801006892,KBL,1,42,100,202.00,"20,200.00"
2019-08-18,2019081801006714,KBL,43,19,58,201.00,"11,658.00"
2019-08-18,2019081801006713,KBL,52,19,48,202.00,"9,696.00"
2019-08-18,2019081801006985,KPCL,40,40,10,86.00,860.00
2019-08-18,2019081801006719,KPCL,16,26,10,85.00,850.00
2019-08-18,2019081801006948,KSBBL,59,1,50,147.00,"7,350.00"
2019-08-18,2019081801006947,KSBBL,59,49,50,147.00,"7,350.00"
2019-08-18,2019081801007079,LBBL,33,47,110,176.00,"19,360.00"
2019-08-18,2019081801007078,LBBL,37,47,290,176.00,"51,040.00"
2019-08-18,2019081801006925,LBBL,42,42,100,177.00,"17,700.00"
2019-08-18,2019081801006924,LBBL,58,42,30,177.00,"5,310.00"
2019-08-18,2019081801006831,LBL,45,42,422,212.00,"89,464.00"
2019-08-18,2019081801006830,LBL,32,42,224,212.00,"47,488.00"
2019-08-18,2019081801006709,LBL,32,11,550,212.00,"116,600.00"
2019-08-18,2019081801006708,LBL,46,11,100,213.00,"21,300.00"
2019-08-18,2019081801006707,LBL,4,11,350,213.00,"74,550.00"
2019-08-18,2019081801006998,MBL,28,52,200,254.00,"50,800.00"
2019-08-18,2019081801006906,MBL,43,59,100,255.00,"25,500.00"
2019-08-18,2019081801006733,MBL,28,57,100,254.00,"25,400.00"
2019-08-18,2019081801006731,MBL,28,57,152,254.00,"38,608.00"
2019-08-18,2019081801006706,MDB,49,57,76,234.00,"17,784.00"
2019-08-18,2019081801006740,MEGA,54,48,400,200.00,"80,000.00"
2019-08-18,2019081801006857,MEGA,38,57,60,199.00,"11,940.00"
2019-08-18,2019081801006856,MEGA,51,57,20,199.00,"3,980.00"
2019-08-18,2019081801006855,MEGA,41,57,20,199.00,"3,980.00"
2019-08-18,2019081801007100,MEGA,52,41,20,199.00,"3,980.00"
2019-08-18,2019081801007099,MEGA,38,41,40,199.00,"7,960.00"
2019-08-18,2019081801007154,MEGA,51,48,50,200.00,"10,000.00"
2019-08-18,2019081801006728,MERO,32,56,100,517.00,"51,700.00"
2019-08-18,2019081801006727,MERO,39,56,100,518.00,"51,800.00"
2019-08-18,2019081801007103,MHNL,39,17,20,100.00,"2,000.00"
2019-08-18,2019081801007148,MLBL,46,19,100,203.00,"20,300.00"
2019-08-18,2019081801006945,MLBL,53,13,200,204.00,"40,800.00"
2019-08-18,2019081801006718,MNBBL,45,29,20,327.00,"6,540.00"
2019-08-18,2019081801006955,NABIL,41,47,113,780.00,"88,140.00"
2019-08-18,2019081801006843,NABIL,41,42,37,780.00,"28,860.00"
2019-08-18,2019081801006842,NABIL,6,42,50,780.00,"39,000.00"
2019-08-18,2019081801006883,NAGRO,34,14,10,791.00,"7,910.00"
2019-08-18,2019081801006882,NAGRO,45,14,20,791.00,"15,820.00"
2019-08-18,2019081801006881,NAGRO,58,14,20,793.00,"15,860.00"
2019-08-18,2019081801007050,NBB,34,40,"1,099",217.00,"238,483.00"
2019-08-18,2019081801006951,NBB,6,40,901,217.00,"195,517.00"
2019-08-18,2019081801006950,NBB,6,37,599,217.00,"129,983.00"
2019-08-18,2019081801007162,NBL,49,36,150,324.00,"48,600.00"
2019-08-18,2019081801007161,NBL,43,36,50,324.00,"16,200.00"
2019-08-18,2019081801007043,NBL,43,25,50,324.00,"16,200.00"
2019-08-18,2019081801006837,NBL,54,45,34,325.00,"11,050.00"
2019-08-18,2019081801006836,NBL,54,42,39,325.00,"12,675.00"
2019-08-18,2019081801006835,NBL,54,47,150,324.00,"48,600.00"
2019-08-18,2019081801006834,NBL,54,19,177,324.00,"57,348.00"
2019-08-18,2019081801006773,NBL,7,19,500,324.00,"162,000.00"
2019-08-18,2019081801006703,NBL,6,19,323,324.00,"104,652.00"
2019-08-18,2019081801006702,NBL,6,19,500,324.00,"162,000.00"
2019-08-18,2019081801007120,NCCB,34,17,44,202.00,"8,888.00"
2019-08-18,2019081801007108,NCCB,34,17,44,202.00,"8,888.00"
2019-08-18,2019081801006973,NCCB,1,19,150,203.00,"30,450.00"
2019-08-18,2019081801006810,NCCB,29,19,200,203.00,"40,600.00"
2019-08-18,2019081801006712,NCCB,34,32,50,202.00,"10,100.00"
2019-08-18,2019081801006730,NHDL,57,1,10,115.00,"1,150.00"
2019-08-18,2019081801007091,NHPC,7,7,"1,000",61.00,"61,000.00"
2019-08-18,2019081801007183,NIB,45,11,70,477.00,"33,390.00"
2019-08-18,2019081801007182,NIB,51,20,50,478.00,"23,900.00"
2019-08-18,2019081801007131,NIB,37,20,50,478.00,"23,900.00"
2019-08-18,2019081801006963,NIB,55,51,194,479.00,"92,926.00"
2019-08-18,2019081801006962,NIB,55,57,950,479.00,"455,050.00"
2019-08-18,2019081801006914,NIB,45,11,205,477.00,"97,785.00"
2019-08-18,2019081801006852,NIB,26,29,42,478.00,"20,076.00"
2019-08-18,2019081801006851,NIB,26,29,20,478.00,"9,560.00"
2019-08-18,2019081801006850,NIB,17,29,38,478.00,"18,164.00"
2019-08-18,2019081801006833,NIB,45,57,50,479.00,"23,950.00"
2019-08-18,2019081801006913,NIB,42,11,25,478.00,"11,950.00"
2019-08-18,2019081801006912,NIB,55,11,12,478.00,"5,736.00"
2019-08-18,2019081801006911,NIB,29,11,50,478.00,"23,900.00"
2019-08-18,2019081801006910,NIB,14,11,50,478.00,"23,900.00"
2019-08-18,2019081801006909,NIB,42,11,500,478.00,"239,000.00"
2019-08-18,2019081801006908,NIB,26,11,158,478.00,"75,524.00"
2019-08-18,2019081801007198,NICA,41,4,330,450.00,"148,500.00"
2019-08-18,2019081801007046,NICA,39,28,500,450.00,"225,000.00"
2019-08-18,2019081801006984,NICA,34,56,400,450.00,"180,000.00"
2019-08-18,2019081801006983,NICA,34,28,500,450.00,"225,000.00"
2019-08-18,2019081801006982,NICA,34,28,220,450.00,"99,000.00"
2019-08-18,2019081801006917,NICA,39,28,670,450.00,"301,500.00"
2019-08-18,2019081801006886,NICA,43,28,100,450.00,"45,000.00"
2019-08-18,2019081801006722,NICL,25,5,15,310.00,"4,650.00"
2019-08-18,2019081801006922,NIL,40,50,159,451.00,"71,709.00"
2019-08-18,2019081801006901,NIL,35,42,300,450.00,"135,000.00"
2019-08-18,2019081801006900,NIL,37,42,150,450.00,"67,500.00"
2019-08-18,2019081801006899,NIL,52,42,50,450.00,"22,500.00"
2019-08-18,2019081801006898,NIL,57,42,100,450.00,"45,000.00"
2019-08-18,2019081801006897,NIL,57,42,400,451.00,"180,400.00"
2019-08-18,2019081801006788,NIL,1,50,100,451.00,"45,100.00"
2019-08-18,2019081801007168,NLIC,22,19,28,869.00,"24,332.00"
2019-08-18,2019081801007059,NLIC,41,19,20,870.00,"17,400.00"
2019-08-18,2019081801007058,NLIC,41,19,50,870.00,"43,500.00"
2019-08-18,2019081801007057,NLIC,53,19,49,870.00,"42,630.00"
2019-08-18,2019081801007049,NLIC,53,19,17,870.00,"14,790.00"
2019-08-18,2019081801006720,NLICL,29,53,69,552.00,"38,088.00"
2019-08-18,2019081801007003,NSEWA,57,1,10,431.00,"4,310.00"
2019-08-18,2019081801007113,NTC,6,58,700,670.00,"469,000.00"
2019-08-18,2019081801006880,OHL,40,42,50,589.00,"29,450.00"
2019-08-18,2019081801006749,OHL,44,44,500,590.00,"295,000.00"
2019-08-18,2019081801006748,OHL,54,44,50,591.00,"29,550.00"
2019-08-18,2019081801006747,OHL,21,44,100,591.00,"59,100.00"
2019-08-18,2019081801006746,OHL,22,44,28,591.00,"16,548.00"
2019-08-18,2019081801006784,OHL,40,10,85,589.00,"50,065.00"
2019-08-18,2019081801007188,PCBL,19,36,50,276.00,"13,800.00"
2019-08-18,2019081801007016,PCBL,1,1,1,270.00,270.00
2019-08-18,2019081801006918,PCBL,49,19,200,275.00,"55,000.00"
2019-08-18,2019081801007067,PIC,45,53,15,455.00,"6,825.00"
2019-08-18,2019081801007066,PIC,34,53,154,455.00,"70,070.00"
2019-08-18,2019081801007065,PIC,28,53,60,457.00,"27,420.00"
2019-08-18,2019081801007011,PIC,47,41,20,458.00,"9,160.00"
2019-08-18,2019081801007025,PMHPL,40,40,10,102.00,"1,020.00"
2019-08-18,2019081801006952,PMHPL,58,57,10,101.00,"1,010.00"
2019-08-18,2019081801007125,PRIN,44,29,500,353.00,"176,500.00"
2019-08-18,2019081801007124,PRIN,44,50,200,353.00,"70,600.00"
2019-08-18,2019081801007123,PRIN,44,5,100,352.00,"35,200.00"
2019-08-18,2019081801007122,PRIN,44,57,500,352.00,"176,000.00"
2019-08-18,2019081801007199,PRVU,29,45,"1,000",269.00,"269,000.00"
2019-08-18,2019081801007156,PRVU,49,45,"1,000",269.00,"269,000.00"
2019-08-18,2019081801006956,PRVU,14,51,100,268.00,"26,800.00"
2019-08-18,2019081801006875,PRVU,14,19,49,268.00,"13,132.00"
2019-08-18,2019081801006874,PRVU,36,19,150,268.00,"40,200.00"
2019-08-18,2019081801006873,PRVU,45,19,301,268.00,"80,668.00"
2019-08-18,2019081801006828,PRVU,43,45,300,269.00,"80,700.00"
2019-08-18,2019081801006796,PRVU,4,45,120,269.00,"32,280.00"
2019-08-18,2019081801006780,PRVU,54,45,400,269.00,"107,600.00"
2019-08-18,2019081801006755,PRVU,51,45,100,269.00,"26,900.00"
2019-08-18,2019081801007075,RBCLPO,47,59,20,"8,450.00","169,000.00"
2019-08-18,2019081801007074,RBCLPO,33,59,10,"8,450.00","84,500.00"
2019-08-18,2019081801007029,RHPC,47,1,14,87.00,"1,218.00"
2019-08-18,2019081801007197,RHPL,4,58,40,205.00,"8,200.00"
2019-08-18,2019081801007196,RHPL,4,28,40,205.00,"8,200.00"
2019-08-18,2019081801007192,RHPL,4,28,40,205.00,"8,200.00"
2019-08-18,2019081801007187,RHPL,4,20,40,205.00,"8,200.00"
2019-08-18,2019081801007166,RHPL,4,11,40,205.00,"8,200.00"
2019-08-18,2019081801007163,RHPL,4,58,40,205.00,"8,200.00"
2019-08-18,2019081801006710,RHPL,34,49,10,205.00,"2,050.00"
2019-08-18,2019081801006745,RHPL,34,37,40,205.00,"8,200.00"
2019-08-18,2019081801006744,RHPL,34,17,40,205.00,"8,200.00"
2019-08-18,2019081801006742,RHPL,34,57,40,205.00,"8,200.00"
2019-08-18,2019081801006726,RHPL,34,37,40,205.00,"8,200.00"
2019-08-18,2019081801006717,RHPL,34,7,30,205.00,"6,150.00"
2019-08-18,2019081801006716,RHPL,34,28,40,205.00,"8,200.00"
2019-08-18,2019081801006793,RHPL,34,28,40,205.00,"8,200.00"
2019-08-18,2019081801006776,RHPL,34,37,40,205.00,"8,200.00"
2019-08-18,2019081801006775,RHPL,34,26,40,205.00,"8,200.00"
2019-08-18,2019081801006774,RHPL,34,18,30,205.00,"6,150.00"
2019-08-18,2019081801006764,RHPL,34,58,30,205.00,"6,150.00"
2019-08-18,2019081801006754,RHPL,34,28,40,205.00,"8,200.00"
2019-08-18,2019081801006824,RHPL,34,20,40,205.00,"8,200.00"
2019-08-18,2019081801006819,RHPL,34,28,40,205.00,"8,200.00"
2019-08-18,2019081801006813,RHPL,34,18,30,205.00,"6,150.00"
2019-08-18,2019081801006811,RHPL,34,37,40,205.00,"8,200.00"
2019-08-18,2019081801006807,RHPL,34,58,30,205.00,"6,150.00"
2019-08-18,2019081801006799,RHPL,34,5,50,205.00,"10,250.00"
2019-08-18,2019081801006868,RHPL,34,28,10,205.00,"2,050.00"
2019-08-18,2019081801006862,RHPL,34,28,40,205.00,"8,200.00"
2019-08-18,2019081801006861,RHPL,34,58,30,205.00,"6,150.00"
2019-08-18,2019081801006848,RHPL,34,49,40,205.00,"8,200.00"
2019-08-18,2019081801006840,RHPL,34,28,40,205.00,"8,200.00"
2019-08-18,2019081801006832,RHPL,34,37,40,205.00,"8,200.00"
2019-08-18,2019081801006895,RHPL,34,20,40,205.00,"8,200.00"
2019-08-18,2019081801006891,RHPL,19,28,60,206.00,"12,360.00"
2019-08-18,2019081801006889,RHPL,34,58,30,205.00,"6,150.00"
2019-08-18,2019081801006887,RHPL,34,45,40,205.00,"8,200.00"
2019-08-18,2019081801006884,RHPL,34,37,40,205.00,"8,200.00"
2019-08-18,2019081801006876,RHPL,34,58,30,205.00,"6,150.00"
2019-08-18,2019081801006927,RHPL,34,58,40,205.00,"8,200.00"
2019-08-18,2019081801006921,RHPL,34,45,40,205.00,"8,200.00"
2019-08-18,2019081801006919,RHPL,19,28,40,206.00,"8,240.00"
2019-08-18,2019081801006916,RHPL,34,37,40,205.00,"8,200.00"
2019-08-18,2019081801006907,RHPL,34,57,40,205.00,"8,200.00"
2019-08-18,2019081801006903,RHPL,34,58,30,205.00,"6,150.00"
2019-08-18,2019081801006953,RHPL,34,20,40,205.00,"8,200.00"
2019-08-18,2019081801006946,RHPL,34,58,30,205.00,"6,150.00"
2019-08-18,2019081801006942,RHPL,19,28,20,206.00,"4,120.00"
2019-08-18,2019081801006940,RHPL,34,37,40,205.00,"8,200.00"
2019-08-18,2019081801006930,RHPL,34,58,30,205.00,"6,150.00"
2019-08-18,2019081801006928,RHPL,34,58,30,205.00,"6,150.00"
2019-08-18,2019081801006966,RHPL,34,28,20,205.00,"4,100.00"
2019-08-18,2019081801006964,RHPL,34,58,30,205.00,"6,150.00"
2019-08-18,2019081801006960,RHPL,34,11,40,205.00,"8,200.00"
2019-08-18,2019081801006959,RHPL,34,37,40,205.00,"8,200.00"
2019-08-18,2019081801006957,RHPL,19,28,10,206.00,"2,060.00"
2019-08-18,2019081801006954,RHPL,34,58,30,205.00,"6,150.00"
2019-08-18,2019081801006993,RHPL,34,11,40,205.00,"8,200.00"
2019-08-18,2019081801006990,RHPL,34,42,40,205.00,"8,200.00"
2019-08-18,2019081801006980,RHPL,34,28,40,205.00,"8,200.00"
2019-08-18,2019081801006979,RHPL,34,28,30,205.00,"6,150.00"
2019-08-18,2019081801006974,RHPL,34,58,30,205.00,"6,150.00"
2019-08-18,2019081801006972,RHPL,34,37,40,205.00,"8,200.00"
2019-08-18,2019081801007019,RHPL,34,37,40,205.00,"8,200.00"
2019-08-18,2019081801007017,RHPL,34,20,40,205.00,"8,200.00"
2019-08-18,2019081801007013,RHPL,34,11,40,205.00,"8,200.00"
2019-08-18,2019081801007010,RHPL,34,58,30,205.00,"6,150.00"
2019-08-18,2019081801007007,RHPL,34,47,40,205.00,"8,200.00"
2019-08-18,2019081801006997,RHPL,34,37,40,205.00,"8,200.00"
2019-08-18,2019081801007039,RHPL,34,58,30,205.00,"6,150.00"
2019-08-18,2019081801007037,RHPL,34,14,40,205.00,"8,200.00"
2019-08-18,2019081801007036,RHPL,34,28,40,205.00,"8,200.00"
2019-08-18,2019081801007033,RHPL,34,6,30,205.00,"6,150.00"
2019-08-18,2019081801007026,RHPL,34,47,30,205.00,"6,150.00"
2019-08-18,2019081801007022,RHPL,34,42,30,205.00,"6,150.00"
2019-08-18,2019081801007070,RHPL,34,42,40,205.00,"8,200.00"
2019-08-18,2019081801007068,RHPL,34,58,50,205.00,"10,250.00"
2019-08-18,2019081801007055,RHPL,34,49,30,205.00,"6,150.00"
2019-08-18,2019081801007047,RHPL,34,20,40,205.00,"8,200.00"
2019-08-18,2019081801007044,RHPL,34,17,40,205.00,"8,200.00"
2019-08-18,2019081801007040,RHPL,34,11,40,205.00,"8,200.00"
2019-08-18,2019081801007090,RHPL,34,14,40,205.00,"8,200.00"
2019-08-18,2019081801007089,RHPL,34,20,40,205.00,"8,200.00"
2019-08-18,2019081801007088,RHPL,34,58,40,205.00,"8,200.00"
2019-08-18,2019081801007073,RHPL,34,43,40,205.00,"8,200.00"
2019-08-18,2019081801007072,RHPL,34,11,40,205.00,"8,200.00"
2019-08-18,2019081801007071,RHPL,34,11,40,205.00,"8,200.00"
2019-08-18,2019081801007109,RHPL,34,11,40,205.00,"8,200.00"
2019-08-18,2019081801007107,RHPL,34,58,50,205.00,"10,250.00"
2019-08-18,2019081801007105,RHPL,34,45,40,205.00,"8,200.00"
2019-08-18,2019081801007097,RHPL,34,37,40,205.00,"8,200.00"
2019-08-18,2019081801007096,RHPL,34,28,40,205.00,"8,200.00"
2019-08-18,2019081801007092,RHPL,34,28,40,205.00,"8,200.00"
2019-08-18,2019081801007130,RHPL,4,58,40,205.00,"8,200.00"
2019-08-18,2019081801007129,RHPL,4,47,30,205.00,"6,150.00"
2019-08-18,2019081801007127,RHPL,4,26,40,205.00,"8,200.00"
2019-08-18,2019081801007126,RHPL,4,20,50,205.00,"10,250.00"
2019-08-18,2019081801007119,RHPL,4,28,30,205.00,"6,150.00"
2019-08-18,2019081801007118,RHPL,34,28,10,205.00,"2,050.00"
2019-08-18,2019081801007159,RHPL,4,43,40,205.00,"8,200.00"
2019-08-18,2019081801007150,RHPL,4,58,40,205.00,"8,200.00"
2019-08-18,2019081801007149,RHPL,4,37,40,205.00,"8,200.00"
2019-08-18,2019081801007147,RHPL,4,49,20,205.00,"4,100.00"
2019-08-18,2019081801007136,RHPL,4,11,40,205.00,"8,200.00"
2019-08-18,2019081801007132,RHPL,4,28,40,205.00,"8,200.00"
2019-08-18,2019081801007012,RRHP,47,49,10,103.00,"1,030.00"
2019-08-18,2019081801007180,RSDC,49,17,347,350.00,"121,450.00"
2019-08-18,2019081801007179,RSDC,48,17,100,350.00,"35,000.00"
2019-08-18,2019081801007178,RSDC,20,17,34,350.00,"11,900.00"
2019-08-18,2019081801007177,RSDC,17,17,100,351.00,"35,100.00"
2019-08-18,2019081801007176,RSDC,49,17,50,351.00,"17,550.00"
2019-08-18,2019081801007175,RSDC,6,17,50,351.00,"17,550.00"
2019-08-18,2019081801006766,RSDC,26,21,47,355.00,"16,685.00"
2019-08-18,2019081801007174,RSDC,8,17,30,352.00,"10,560.00"
2019-08-18,2019081801007173,RSDC,41,17,50,354.00,"17,700.00"
2019-08-18,2019081801007172,RSDC,39,17,200,355.00,"71,000.00"
2019-08-18,2019081801007171,RSDC,40,17,53,355.00,"18,815.00"
2019-08-18,2019081801006801,RSDC,40,8,10,355.00,"3,550.00"
2019-08-18,2019081801006800,RSDC,26,8,53,355.00,"18,815.00"
2019-08-18,2019081801006814,SADBL,28,26,500,146.00,"73,000.00"
2019-08-18,2019081801007201,SANIMA,28,36,50,348.00,"17,400.00"
2019-08-18,2019081801007146,SANIMA,32,51,690,347.00,"239,430.00"
2019-08-18,2019081801007133,SANIMA,32,28,50,347.00,"17,350.00"
2019-08-18,2019081801007082,SANIMA,19,51,300,348.00,"104,400.00"
2019-08-18,2019081801007018,SANIMA,32,25,800,347.00,"277,600.00"
2019-08-18,2019081801007005,SANIMA,6,51,110,348.00,"38,280.00"
2019-08-18,2019081801007004,SANIMA,6,52,100,347.00,"34,700.00"
2019-08-18,2019081801006902,SANIMA,20,19,62,346.00,"21,452.00"
2019-08-18,2019081801006750,SANIMA,20,42,200,346.00,"69,200.00"
2019-08-18,2019081801007063,SBI,33,8,301,439.00,"132,139.00"
2019-08-18,2019081801007062,SBI,8,8,118,439.00,"51,802.00"
2019-08-18,2019081801006770,SBI,57,17,20,440.00,"8,800.00"
2019-08-18,2019081801006769,SBI,41,17,250,440.00,"110,000.00"
2019-08-18,2019081801006768,SBI,45,17,374,440.00,"164,560.00"
2019-08-18,2019081801006767,SBI,45,17,500,441.00,"220,500.00"
2019-08-18,2019081801006739,SBI,42,8,50,442.00,"22,100.00"
2019-08-18,2019081801006992,SCB,47,58,20,642.00,"12,840.00"
2019-08-18,2019081801006795,SCB,47,19,40,642.00,"25,680.00"
2019-08-18,2019081801006794,SCB,47,49,20,642.00,"12,840.00"
2019-08-18,2019081801006827,SDESI,25,51,20,615.00,"12,300.00"
2019-08-18,2019081801006820,SDESI,25,42,100,614.00,"61,400.00"
2019-08-18,2019081801006915,SHINE,49,13,83,251.00,"20,833.00"
2019-08-18,2019081801006869,SHINE,49,57,100,251.00,"25,100.00"
2019-08-18,2019081801007116,SHIVM,45,11,100,582.00,"58,200.00"
2019-08-18,2019081801007115,SHIVM,45,38,150,582.00,"87,300.00"
2019-08-18,2019081801007038,SHPC,28,1,39,232.00,"9,048.00"
2019-08-18,2019081801007000,SHPC,28,58,39,232.00,"9,048.00"
2019-08-18,2019081801006975,SHPC,45,56,500,233.00,"116,500.00"
2019-08-18,2019081801006821,SHPC,39,22,22,233.00,"5,126.00"
2019-08-18,2019081801006797,SHPC,28,26,66,232.00,"15,312.00"
2019-08-18,2019081801007190,SJCL,45,11,10,217.00,"2,170.00"
2019-08-18,2019081801007185,SJCL,45,58,20,217.00,"4,340.00"
2019-08-18,2019081801007184,SJCL,45,28,10,217.00,"2,170.00"
2019-08-18,2019081801007164,SJCL,45,20,10,217.00,"2,170.00"
2019-08-18,2019081801007160,SJCL,45,49,20,217.00,"4,340.00"
2019-08-18,2019081801007155,SJCL,45,37,20,217.00,"4,340.00"
2019-08-18,2019081801006734,SJCL,19,37,20,217.00,"4,340.00"
2019-08-18,2019081801006732,SJCL,19,7,20,217.00,"4,340.00"
2019-08-18,2019081801006725,SJCL,19,17,20,217.00,"4,340.00"
2019-08-18,2019081801006789,SJCL,44,34,20,218.00,"4,360.00"
2019-08-18,2019081801006787,SJCL,19,37,20,217.00,"4,340.00"
2019-08-18,2019081801006779,SJCL,19,18,20,217.00,"4,340.00"
2019-08-18,2019081801006772,SJCL,19,58,20,217.00,"4,340.00"
2019-08-18,2019081801006753,SJCL,19,37,20,217.00,"4,340.00"
2019-08-18,2019081801006751,SJCL,19,57,20,217.00,"4,340.00"
2019-08-18,2019081801006818,SJCL,19,37,20,217.00,"4,340.00"
2019-08-18,2019081801006817,SJCL,19,20,20,217.00,"4,340.00"
2019-08-18,2019081801006815,SJCL,19,58,20,217.00,"4,340.00"
2019-08-18,2019081801006804,SJCL,19,28,10,217.00,"2,170.00"
2019-08-18,2019081801006803,SJCL,19,28,20,217.00,"4,340.00"
2019-08-18,2019081801006791,SJCL,19,28,10,217.00,"2,170.00"
2019-08-18,2019081801006847,SJCL,57,28,20,217.00,"4,340.00"
2019-08-18,2019081801006845,SJCL,57,20,20,217.00,"4,340.00"
2019-08-18,2019081801006844,SJCL,57,28,10,217.00,"2,170.00"
2019-08-18,2019081801006826,SJCL,57,28,20,217.00,"4,340.00"
2019-08-18,2019081801006825,SJCL,57,28,10,217.00,"2,170.00"
2019-08-18,2019081801006822,SJCL,57,18,20,217.00,"4,340.00"
2019-08-18,2019081801006863,SJCL,57,49,20,217.00,"4,340.00"
2019-08-18,2019081801006860,SJCL,57,28,10,217.00,"2,170.00"
2019-08-18,2019081801006849,SJCL,57,28,10,217.00,"2,170.00"
2019-08-18,2019081801006896,SJCL,57,45,20,217.00,"4,340.00"
2019-08-18,2019081801006894,SJCL,57,37,20,217.00,"4,340.00"
2019-08-18,2019081801006877,SJCL,57,28,10,217.00,"2,170.00"
2019-08-18,2019081801006867,SJCL,57,28,10,217.00,"2,170.00"
2019-08-18,2019081801006866,SJCL,57,37,20,217.00,"4,340.00"
2019-08-18,2019081801006865,SJCL,57,58,20,217.00,"4,340.00"
2019-08-18,2019081801006938,SJCL,39,28,10,217.00,"2,170.00"
2019-08-18,2019081801006937,SJCL,57,28,10,217.00,"2,170.00"
2019-08-18,2019081801006933,SJCL,57,45,10,217.00,"2,170.00"
2019-08-18,2019081801006926,SJCL,57,37,20,217.00,"4,340.00"
2019-08-18,2019081801006920,SJCL,57,57,20,217.00,"4,340.00"
2019-08-18,2019081801006905,SJCL,19,34,20,218.00,"4,360.00"
2019-08-18,2019081801006971,SJCL,39,28,20,217.00,"4,340.00"
2019-08-18,2019081801006969,SJCL,39,58,20,217.00,"4,340.00"
2019-08-18,2019081801006967,SJCL,39,11,20,217.00,"4,340.00"
2019-08-18,2019081801006965,SJCL,39,37,20,217.00,"4,340.00"
2019-08-18,2019081801006949,SJCL,39,37,20,217.00,"4,340.00"
2019-08-18,2019081801006941,SJCL,39,20,10,217.00,"2,170.00"
2019-08-18,2019081801007006,SJCL,39,20,20,217.00,"4,340.00"
2019-08-18,2019081801007001,SJCL,39,42,10,217.00,"2,170.00"
2019-08-18,2019081801006999,SJCL,39,11,20,217.00,"4,340.00"
2019-08-18,2019081801006996,SJCL,39,8,20,217.00,"4,340.00"
2019-08-18,2019081801006995,SJCL,39,28,20,217.00,"4,340.00"
2019-08-18,2019081801006978,SJCL,39,37,20,217.00,"4,340.00"
2019-08-18,2019081801007030,SJCL,39,58,10,217.00,"2,170.00"
2019-08-18,2019081801007027,SJCL,39,28,20,217.00,"4,340.00"
2019-08-18,2019081801007024,SJCL,39,11,20,217.00,"4,340.00"
2019-08-18,2019081801007015,SJCL,39,6,20,217.00,"4,340.00"
2019-08-18,2019081801007014,SJCL,39,58,10,217.00,"2,170.00"
2019-08-18,2019081801007008,SJCL,39,37,10,217.00,"2,170.00"
2019-08-18,2019081801007048,SJCL,39,40,10,217.00,"2,170.00"
2019-08-18,2019081801007042,SJCL,39,42,20,217.00,"4,340.00"
2019-08-18,2019081801007041,SJCL,39,16,20,217.00,"4,340.00"
2019-08-18,2019081801007035,SJCL,39,20,20,217.00,"4,340.00"
2019-08-18,2019081801007032,SJCL,39,37,10,217.00,"2,170.00"
2019-08-18,2019081801007031,SJCL,39,44,20,217.00,"4,340.00"
2019-08-18,2019081801007076,SJCL,26,20,20,217.00,"4,340.00"
2019-08-18,2019081801007069,SJCL,40,34,10,218.00,"2,180.00"
2019-08-18,2019081801007061,SJCL,39,17,20,217.00,"4,340.00"
2019-08-18,2019081801007053,SJCL,39,14,20,217.00,"4,340.00"
2019-08-18,2019081801007052,SJCL,39,11,20,217.00,"4,340.00"
2019-08-18,2019081801007051,SJCL,39,58,20,217.00,"4,340.00"
2019-08-18,2019081801007093,SJCL,48,43,20,217.00,"4,340.00"
2019-08-18,2019081801007084,SJCL,48,11,20,217.00,"4,340.00"
2019-08-18,2019081801007083,SJCL,26,11,20,217.00,"4,340.00"
2019-08-18,2019081801007081,SJCL,26,28,20,217.00,"4,340.00"
2019-08-18,2019081801007080,SJCL,26,49,20,217.00,"4,340.00"
2019-08-18,2019081801007077,SJCL,26,14,20,217.00,"4,340.00"
2019-08-18,2019081801007101,SJCL,48,20,20,217.00,"4,340.00"
2019-08-18,2019081801007098,SJCL,48,58,20,217.00,"4,340.00"
2019-08-18,2019081801007095,SJCL,48,42,20,217.00,"4,340.00"
2019-08-18,2019081801007094,SJCL,48,58,20,217.00,"4,340.00"
2019-08-18,2019081801007117,SJCL,45,58,20,217.00,"4,340.00"
2019-08-18,2019081801007114,SJCL,45,43,20,217.00,"4,340.00"
2019-08-18,2019081801007110,SJCL,48,45,20,217.00,"4,340.00"
2019-08-18,2019081801007106,SJCL,48,28,20,217.00,"4,340.00"
2019-08-18,2019081801007104,SJCL,48,26,20,217.00,"4,340.00"
2019-08-18,2019081801007102,SJCL,48,37,20,217.00,"4,340.00"
2019-08-18,2019081801007145,SJCL,45,28,20,217.00,"4,340.00"
2019-08-18,2019081801007144,SJCL,45,11,20,217.00,"4,340.00"
2019-08-18,2019081801007143,SJCL,45,28,20,217.00,"4,340.00"
2019-08-18,2019081801007141,SJCL,45,58,20,217.00,"4,340.00"
2019-08-18,2019081801007121,SJCL,45,11,20,217.00,"4,340.00"
2019-08-18,2019081801006792,SLBBL,48,57,50,547.00,"27,350.00"
2019-08-18,2019081801006839,SLICL,58,4,20,304.00,"6,080.00"
2019-08-18,2019081801006761,SLICL,22,4,500,303.00,"151,500.00"
2019-08-18,2019081801006760,SLICL,13,4,100,303.00,"30,300.00"
2019-08-18,2019081801006759,SLICL,42,4,50,303.00,"15,150.00"
2019-08-18,2019081801006758,SLICL,54,4,50,303.00,"15,150.00"
2019-08-18,2019081801006723,SLICL,42,4,50,304.00,"15,200.00"
2019-08-18,2019081801006988,SMFBS,22,55,10,817.00,"8,170.00"
2019-08-18,2019081801006987,SMFBS,22,42,10,815.00,"8,150.00"
2019-08-18,2019081801006986,SMFBS,22,33,20,815.00,"16,300.00"
2019-08-18,2019081801006756,SMFBS,34,29,10,810.00,"8,100.00"
2019-08-18,2019081801007128,SPARS,48,1,10,602.00,"6,020.00"
2019-08-18,2019081801006853,SRBL,54,38,68,232.00,"15,776.00"
2019-08-18,2019081801007170,SWBBL,14,40,20,920.00,"18,400.00"
2019-08-18,2019081801007181,UIC,29,47,300,312.00,"93,600.00"
2019-08-18,2019081801007135,UPCL,18,1,50,82.00,"4,100.00"
2019-08-18,2019081801007153,UPPER,22,59,300,259.00,"77,700.00"
2019-08-18,2019081801007152,UPPER,22,21,190,259.00,"49,210.00"
2019-08-18,2019081801007151,UPPER,39,17,40,258.00,"10,320.00"
2019-08-18,2019081801007137,UPPER,39,17,40,258.00,"10,320.00"
2019-08-18,2019081801006932,UPPER,39,21,380,259.00,"98,420.00"
2019-08-18,2019081801006757,UPPER,47,57,40,259.00,"10,360.00"
2019-08-18,2019081801006931,UPPER,39,37,200,259.00,"51,800.00"
2019-08-18,2019081801006929,UPPER,39,57,40,258.00,"10,320.00"
2019-08-18,2019081801006878,UPPER,19,37,40,259.00,"10,360.00"
2019-08-18,2019081801006786,UPPER,52,37,100,259.00,"25,900.00"
2019-08-18,2019081801006785,UPPER,47,37,160,259.00,"41,440.00"
2019-08-18,2019081801006568,ADBL,45,45,"1,000",430.00,"430,000.00"
2019-08-18,2019081801006567,ADBL,45,29,50,430.00,"21,500.00"
2019-08-18,2019081801006566,ADBL,45,26,309,430.00,"132,870.00"
2019-08-18,2019081801006476,ADBL,6,33,388,429.00,"166,452.00"
2019-08-18,2019081801006419,ADBL,44,26,100,430.00,"43,000.00"
2019-08-18,2019081801006276,ADBL,6,10,74,429.00,"31,746.00"
2019-08-18,2019081801006504,AKJCL,29,43,10,66.00,660.00
2019-08-18,2019081801006228,AKJCL,25,37,20,65.00,"1,300.00"
2019-08-18,2019081801006467,ALBSL,46,44,10,463.00,"4,630.00"
2019-08-18,2019081801006418,ALBSL,48,1,10,465.00,"4,650.00"
2019-08-18,2019081801006417,ALBSL,48,1,10,465.00,"4,650.00"
2019-08-18,2019081801006416,ALBSL,48,1,10,465.00,"4,650.00"
2019-08-18,2019081801006382,ALBSL,41,1,10,465.00,"4,650.00"
2019-08-18,2019081801006361,ALBSL,46,44,10,463.00,"4,630.00"
2019-08-18,2019081801006625,API,3,50,29,130.00,"3,770.00"
2019-08-18,2019081801006397,API,1,50,100,130.00,"13,000.00"
2019-08-18,2019081801006396,API,1,50,100,130.00,"13,000.00"
2019-08-18,2019081801006395,API,17,50,11,130.00,"1,430.00"
2019-08-18,2019081801006488,BARUN,40,49,10,90.00,900.00
2019-08-18,2019081801006599,BOKL,25,25,359,256.00,"91,904.00"
2019-08-18,2019081801006598,BOKL,17,25,91,256.00,"23,296.00"
2019-08-18,2019081801006438,BOKL,21,11,33,257.00,"8,481.00"
2019-08-18,2019081801006437,BOKL,21,3,17,257.00,"4,369.00"
2019-08-18,2019081801006407,BOKL,41,3,10,257.00,"2,570.00"
2019-08-18,2019081801006294,BOKL,17,1,29,256.00,"7,424.00"
2019-08-18,2019081801006449,BPCL,49,51,39,387.00,"15,093.00"
2019-08-18,2019081801006225,CBBL,38,6,15,991.00,"14,865.00"
2019-08-18,2019081801006323,CBL,57,34,100,148.00,"14,800.00"
2019-08-18,2019081801006293,CBL,19,34,500,148.00,"74,000.00"
2019-08-18,2019081801006328,CCBL,32,52,169,158.00,"26,702.00"
2019-08-18,2019081801006327,CCBL,5,52,331,158.00,"52,298.00"
2019-08-18,2019081801006325,CCBL,5,1,169,158.00,"26,702.00"
2019-08-18,2019081801006324,CCBL,39,1,65,158.00,"10,270.00"
2019-08-18,2019081801006661,CHCL,55,40,97,458.00,"44,426.00"
2019-08-18,2019081801006660,CHCL,57,40,90,458.00,"41,220.00"
2019-08-18,2019081801006659,CHCL,55,40,178,460.00,"81,880.00"
2019-08-18,2019081801006365,CHCL,22,28,100,463.00,"46,300.00"
2019-08-18,2019081801006346,CHCL,47,28,50,463.00,"23,150.00"
2019-08-18,2019081801006284,CHCL,55,53,122,460.00,"56,120.00"
2019-08-18,2019081801006683,CZBIL,46,57,148,217.00,"32,116.00"
2019-08-18,2019081801006335,CZBIL,46,1,179,217.00,"38,843.00"
2019-08-18,2019081801006334,CZBIL,46,1,21,217.00,"4,557.00"
2019-08-18,2019081801006640,DBBL,39,3,14,136.00,"1,904.00"
2019-08-18,2019081801006302,DBBL,1,28,414,135.00,"55,890.00"
2019-08-18,2019081801006301,DBBL,25,28,200,136.00,"27,200.00"
2019-08-18,2019081801006300,DBBL,56,28,50,136.00,"6,800.00"
2019-08-18,2019081801006299,DBBL,56,28,50,136.00,"6,800.00"
2019-08-18,2019081801006298,DBBL,43,28,100,136.00,"13,600.00"
2019-08-18,2019081801006297,DBBL,34,28,300,136.00,"40,800.00"
2019-08-18,2019081801006296,DBBL,26,28,200,136.00,"27,200.00"
2019-08-18,2019081801006295,DBBL,45,28,200,136.00,"27,200.00"
2019-08-18,2019081801006626,DDBL,25,52,190,752.00,"142,880.00"
2019-08-18,2019081801006677,EBL,42,48,100,644.00,"64,400.00"
2019-08-18,2019081801006502,EBL,45,56,209,642.00,"134,178.00"
2019-08-18,2019081801006501,EBL,57,56,40,643.00,"25,720.00"
2019-08-18,2019081801006500,EBL,56,56,50,643.00,"32,150.00"
2019-08-18,2019081801006499,EBL,26,56,100,643.00,"64,300.00"
2019-08-18,2019081801006576,EDBL,10,40,200,275.00,"55,000.00"
2019-08-18,2019081801006575,EDBL,49,40,150,276.00,"41,400.00"
2019-08-18,2019081801006574,EDBL,17,40,20,276.00,"5,520.00"
2019-08-18,2019081801006573,EDBL,11,40,150,277.00,"41,550.00"
2019-08-18,2019081801006527,EIC,50,20,200,336.00,"67,200.00"
2019-08-18,2019081801006526,EIC,14,20,80,336.00,"26,880.00"
2019-08-18,2019081801006525,EIC,21,20,20,337.00,"6,740.00"
2019-08-18,2019081801006693,FMDBL,44,33,100,395.00,"39,500.00"
2019-08-18,2019081801006692,FMDBL,41,33,50,395.00,"19,750.00"
2019-08-18,2019081801006473,GDBL,48,36,902,205.00,"184,910.00"
2019-08-18,2019081801006472,GDBL,38,36,100,205.00,"20,500.00"
2019-08-18,2019081801006243,GFCL,42,26,36,135.00,"4,860.00"
2019-08-18,2019081801006242,GFCL,34,26,50,135.00,"6,750.00"
2019-08-18,2019081801006241,GFCL,59,26,300,135.00,"40,500.00"
2019-08-18,2019081801006240,GFCL,59,26,300,136.00,"40,800.00"
2019-08-18,2019081801006239,GFCL,5,26,150,136.00,"20,400.00"
2019-08-18,2019081801006238,GFCL,34,26,39,137.00,"5,343.00"
2019-08-18,2019081801006630,GILB,49,39,100,740.00,"74,000.00"
2019-08-18,2019081801006508,GILB,29,58,100,740.00,"74,000.00"
2019-08-18,2019081801006507,GILB,29,48,100,739.00,"73,900.00"
2019-08-18,2019081801006439,GILB,49,58,110,730.00,"80,300.00"
2019-08-18,2019081801006425,GILB,51,58,100,730.00,"73,000.00"
2019-08-18,2019081801006352,GILB,38,33,5,730.00,"3,650.00"
2019-08-18,2019081801006271,GLBSL,38,45,24,500.00,"12,000.00"
2019-08-18,2019081801006270,GLBSL,52,45,40,500.00,"20,000.00"
2019-08-18,2019081801006269,GLBSL,1,45,20,500.00,"10,000.00"
2019-08-18,2019081801006268,GLBSL,22,45,16,500.00,"8,000.00"
2019-08-18,2019081801006519,GLICL,28,33,50,450.00,"22,500.00"
2019-08-18,2019081801006518,GLICL,13,33,25,451.00,"11,275.00"
2019-08-18,2019081801006606,GMFBS,35,3,10,564.00,"5,640.00"
2019-08-18,2019081801006590,GMFBS,35,18,10,564.00,"5,640.00"
2019-08-18,2019081801006360,GMFBS,13,1,10,564.00,"5,640.00"
2019-08-18,2019081801006282,GMFBS,13,44,10,564.00,"5,640.00"
2019-08-18,2019081801006487,HGI,11,34,10,331.00,"3,310.00"
2019-08-18,2019081801006546,HIDCL,5,33,95,147.00,"13,965.00"
2019-08-18,2019081801006496,HIDCL,38,59,50,148.00,"7,400.00"
2019-08-18,2019081801006402,HIDCL,5,1,124,147.00,"18,228.00"
2019-08-18,2019081801006244,HIDCL,5,8,61,147.00,"8,967.00"
2019-08-18,2019081801006470,HPPL,35,58,10,158.00,"1,580.00"
2019-08-18,2019081801006432,HPPL,35,58,10,158.00,"1,580.00"
2019-08-18,2019081801006383,HPPL,35,58,20,158.00,"3,160.00"
2019-08-18,2019081801006675,HURJA,41,18,20,127.00,"2,540.00"
2019-08-18,2019081801006603,HURJA,41,18,20,127.00,"2,540.00"
2019-08-18,2019081801006359,HURJA,41,58,20,127.00,"2,540.00"
2019-08-18,2019081801006691,ILBS,25,39,10,464.00,"4,640.00"
2019-08-18,2019081801006681,ILBS,25,39,10,464.00,"4,640.00"
2019-08-18,2019081801006674,ILBS,25,39,10,464.00,"4,640.00"
2019-08-18,2019081801006658,ILBS,25,39,10,464.00,"4,640.00"
2019-08-18,2019081801006547,ILBS,25,44,10,464.00,"4,640.00"
2019-08-18,2019081801006210,ILBS,25,52,10,464.00,"4,640.00"
2019-08-18,2019081801006539,JFL,45,25,26,190.00,"4,940.00"
2019-08-18,2019081801006538,JFL,56,25,50,190.00,"9,500.00"
2019-08-18,2019081801006619,JOSHI,41,42,10,69.00,690.00
2019-08-18,2019081801006618,JOSHI,41,52,20,69.00,"1,380.00"
2019-08-18,2019081801006617,JOSHI,41,43,20,69.00,"1,380.00"
2019-08-18,2019081801006551,KBL,52,58,52,202.00,"10,504.00"
2019-08-18,2019081801006550,KBL,18,58,100,202.00,"20,200.00"
2019-08-18,2019081801006549,KBL,32,58,348,202.00,"70,296.00"
2019-08-18,2019081801006424,KBL,32,50,300,202.00,"60,600.00"
2019-08-18,2019081801006314,KBL,32,11,52,202.00,"10,504.00"
2019-08-18,2019081801006313,KBL,34,11,500,202.00,"101,000.00"
2019-08-18,2019081801006312,KBL,40,11,448,202.00,"90,496.00"
2019-08-18,2019081801006642,KPCL,41,43,20,86.00,"1,720.00"
2019-08-18,2019081801006563,KPCL,16,57,10,85.00,850.00
2019-08-18,2019081801006322,KSBBL,51,49,10,147.00,"1,470.00"
2019-08-18,2019081801006649,LBBL,29,48,"1,084",178.00,"192,952.00"
2019-08-18,2019081801006609,LBL,4,25,250,213.00,"53,250.00"
2019-08-18,2019081801006521,LBL,4,56,300,213.00,"63,900.00"
2019-08-18,2019081801006445,LBL,4,55,100,213.00,"21,300.00"
2019-08-18,2019081801006429,LGIL,37,45,62,405.00,"25,110.00"
2019-08-18,2019081801006428,LGIL,26,45,50,406.00,"20,300.00"
2019-08-18,2019081801006311,LVF1,43,25,"2,000",9.42,"18,840.00"
2019-08-18,2019081801006652,MBL,28,57,490,254.00,"124,460.00"
2019-08-18,2019081801006466,MBL,4,48,190,253.00,"48,070.00"
2019-08-18,2019081801006465,MBL,14,48,104,253.00,"26,312.00"
2019-08-18,2019081801006430,MBL,14,19,300,253.00,"75,900.00"
2019-08-18,2019081801006281,MEGA,44,26,800,198.00,"158,400.00"
2019-08-18,2019081801006280,MEGA,51,26,200,199.00,"39,800.00"
2019-08-18,2019081801006434,MEGA,51,1,132,199.00,"26,268.00"
2019-08-18,2019081801006490,MEGA,32,48,600,199.00,"119,400.00"
2019-08-18,2019081801006489,MEGA,51,48,368,199.00,"73,232.00"
2019-08-18,2019081801006653,MERO,32,41,50,524.00,"26,200.00"
2019-08-18,2019081801006628,MLBL,29,26,500,205.00,"102,500.00"
2019-08-18,2019081801006517,MLBL,40,13,500,204.00,"102,000.00"
2019-08-18,2019081801006516,MLBL,14,13,200,204.00,"40,800.00"
2019-08-18,2019081801006515,MLBL,45,13,"2,000",204.00,"408,000.00"
2019-08-18,2019081801006514,MLBL,7,13,220,204.00,"44,880.00"
2019-08-18,2019081801006212,MLBL,5,33,189,205.00,"38,745.00"
2019-08-18,2019081801006362,MLBL,40,52,919,205.00,"188,395.00"
2019-08-18,2019081801006355,MLBL,37,52,50,205.00,"10,250.00"
2019-08-18,2019081801006337,MLBL,10,52,31,205.00,"6,355.00"
2019-08-18,2019081801006336,MLBL,10,52,469,205.00,"96,145.00"
2019-08-18,2019081801006220,MLBL,26,52,20,205.00,"4,100.00"
2019-08-18,2019081801006213,MLBL,5,52,11,205.00,"2,255.00"
2019-08-18,2019081801006513,MLBL,39,13,400,204.00,"81,600.00"
2019-08-18,2019081801006512,MLBL,7,13,250,204.00,"51,000.00"
2019-08-18,2019081801006511,MLBL,29,13,319,204.00,"65,076.00"
2019-08-18,2019081801006444,MLBL,52,26,71,205.00,"14,555.00"
2019-08-18,2019081801006378,MLBL,52,52,29,205.00,"5,945.00"
2019-08-18,2019081801006363,MLBL,40,52,81,205.00,"16,605.00"
2019-08-18,2019081801006435,MNBBL,35,14,"3,889",328.00,"1,275,592.00"
2019-08-18,2019081801006349,MNBBL,35,1,200,328.00,"65,600.00"
2019-08-18,2019081801006348,MNBBL,35,47,33,328.00,"10,824.00"
2019-08-18,2019081801006347,MNBBL,35,40,378,327.00,"123,606.00"
2019-08-18,2019081801006524,MPFL,28,32,57,110.00,"6,270.00"
2019-08-18,2019081801006523,MPFL,29,32,25,110.00,"2,750.00"
2019-08-18,2019081801006634,NABIL,45,1,100,780.00,"78,000.00"
2019-08-18,2019081801006633,NABIL,45,1,100,780.00,"78,000.00"
2019-08-18,2019081801006554,NABIL,43,3,103,782.00,"80,546.00"
2019-08-18,2019081801006553,NABIL,43,53,440,782.00,"344,080.00"
2019-08-18,2019081801006552,NABIL,43,48,97,781.00,"75,757.00"
2019-08-18,2019081801006541,NABIL,28,48,15,781.00,"11,715.00"
2019-08-18,2019081801006440,NADEP,4,58,20,477.00,"9,540.00"
2019-08-18,2019081801006386,NADEP,4,59,20,477.00,"9,540.00"
2019-08-18,2019081801006409,NAGRO,58,32,10,795.00,"7,950.00"
2019-08-18,2019081801006371,NAGRO,39,44,10,796.00,"7,960.00"
2019-08-18,2019081801006565,NBB,35,37,148,217.00,"32,116.00"
2019-08-18,2019081801006564,NBB,35,49,202,217.00,"43,834.00"
2019-08-18,2019081801006509,NBB,28,1,254,216.00,"54,864.00"
2019-08-18,2019081801006339,NBB,46,52,49,216.00,"10,584.00"
2019-08-18,2019081801006338,NBB,34,52,655,216.00,"141,480.00"
2019-08-18,2019081801006701,NBL,6,25,770,324.00,"249,480.00"
2019-08-18,2019081801006700,NBL,6,33,407,324.00,"131,868.00"
2019-08-18,2019081801006695,NBL,6,57,100,323.00,"32,300.00"
2019-08-18,2019081801006664,NBL,45,25,30,324.00,"9,720.00"
2019-08-18,2019081801006657,NBL,6,19,300,323.00,"96,900.00"
2019-08-18,2019081801006443,NBL,56,25,200,324.00,"64,800.00"
2019-08-18,2019081801006442,NBL,56,40,300,324.00,"97,200.00"
2019-08-18,2019081801006234,NBL,6,19,200,323.00,"64,600.00"
2019-08-18,2019081801006694,NCCB,34,3,250,202.00,"50,500.00"
2019-08-18,2019081801006668,NCCB,34,41,50,202.00,"10,100.00"
2019-08-18,2019081801006667,NCCB,58,41,950,202.00,"191,900.00"
2019-08-18,2019081801006561,NCCB,58,57,50,202.00,"10,100.00"
2019-08-18,2019081801006560,NCCB,51,57,200,202.00,"40,400.00"
2019-08-18,2019081801006477,NCCB,51,51,200,202.00,"40,400.00"
2019-08-18,2019081801006433,NHPC,7,40,400,61.00,"24,400.00"
2019-08-18,2019081801006673,NIB,16,35,49,479.00,"23,471.00"
2019-08-18,2019081801006672,NIB,16,58,21,479.00,"10,059.00"
2019-08-18,2019081801006583,NIB,41,58,20,479.00,"9,580.00"
2019-08-18,2019081801006483,NIB,42,58,50,479.00,"23,950.00"
2019-08-18,2019081801006457,NIB,47,58,50,479.00,"23,950.00"
2019-08-18,2019081801006456,NIB,52,58,84,479.00,"40,236.00"
2019-08-18,2019081801006231,NIB,42,11,30,480.00,"14,400.00"
2019-08-18,2019081801006259,NIB,57,42,30,478.00,"14,340.00"
2019-08-18,2019081801006258,NIB,13,42,500,478.00,"239,000.00"
2019-08-18,2019081801006257,NIB,43,42,50,478.00,"23,900.00"
2019-08-18,2019081801006256,NIB,45,42,99,478.00,"47,322.00"
2019-08-18,2019081801006255,NIB,42,42,500,479.00,"239,500.00"
2019-08-18,2019081801006254,NIB,52,42,88,479.00,"42,152.00"
2019-08-18,2019081801006455,NIB,44,58,11,479.00,"5,269.00"
2019-08-18,2019081801006391,NIB,52,8,16,479.00,"7,664.00"
2019-08-18,2019081801006370,NIB,44,8,39,479.00,"18,681.00"
2019-08-18,2019081801006262,NIB,17,42,12,478.00,"5,736.00"
2019-08-18,2019081801006261,NIB,13,42,50,478.00,"23,900.00"
2019-08-18,2019081801006260,NIB,52,42,150,478.00,"71,700.00"
2019-08-18,2019081801006586,NIBLPF,45,35,606,7.10,"4,302.60"
2019-08-18,2019081801006643,NIBSF1,17,26,"1,500",9.16,"13,740.00"
2019-08-18,2019081801006587,NICA,42,28,10,450.00,"4,500.00"
2019-08-18,2019081801006463,NICA,48,26,295,450.00,"132,750.00"
2019-08-18,2019081801006461,NICA,44,19,162,449.00,"72,738.00"
2019-08-18,2019081801006460,NICA,54,19,38,449.00,"17,062.00"
2019-08-18,2019081801006390,NICA,13,26,20,450.00,"9,000.00"
2019-08-18,2019081801006388,NICA,49,26,95,450.00,"42,750.00"
2019-08-18,2019081801006380,NICA,49,6,160,450.00,"72,000.00"
2019-08-18,2019081801006379,NICA,42,6,95,450.00,"42,750.00"
2019-08-18,2019081801006367,NICA,52,6,40,450.00,"18,000.00"
2019-08-18,2019081801006366,NICA,52,14,60,450.00,"27,000.00"
2019-08-18,2019081801006253,NICA,41,14,340,450.00,"153,000.00"
2019-08-18,2019081801006252,NICA,41,51,160,450.00,"72,000.00"
2019-08-18,2019081801006621,NIL,50,49,20,455.00,"9,100.00"
2019-08-18,2019081801006608,NIL,50,56,280,451.00,"126,280.00"
2019-08-18,2019081801006536,NIL,57,56,100,451.00,"45,100.00"
2019-08-18,2019081801006535,NIL,20,56,20,451.00,"9,020.00"
2019-08-18,2019081801006534,NIL,1,56,120,454.00,"54,480.00"
2019-08-18,2019081801006332,NIL,1,56,80,454.00,"36,320.00"
2019-08-18,2019081801006556,NLG,6,56,24,666.00,"15,984.00"
2019-08-18,2019081801006319,NLG,6,38,26,666.00,"17,316.00"
2019-08-18,2019081801006318,NLG,48,38,17,666.00,"11,322.00"
2019-08-18,2019081801006304,NLG,48,38,33,666.00,"21,978.00"
2019-08-18,2019081801006303,NLG,45,38,10,667.00,"6,670.00"
2019-08-18,2019081801006614,NLIC,34,37,28,871.00,"24,388.00"
2019-08-18,2019081801006613,NLIC,45,37,10,871.00,"8,710.00"
2019-08-18,2019081801006522,NLIC,34,8,17,871.00,"14,807.00"
2019-08-18,2019081801006331,NLIC,14,8,17,871.00,"14,807.00"
2019-08-18,2019081801006329,NMBMF,6,19,30,"1,050.00","31,500.00"
2019-08-18,2019081801006222,NMBMF,11,10,17,"1,032.00","17,544.00"
2019-08-18,2019081801006221,NMBMF,1,10,50,"1,032.00","51,600.00"
2019-08-18,2019081801006685,NTC,32,58,10,670.00,"6,700.00"
2019-08-18,2019081801006684,NTC,32,51,90,670.00,"60,300.00"
2019-08-18,2019081801006469,NUBL,45,55,20,870.00,"17,400.00"
2019-08-18,2019081801006468,NUBL,34,55,74,870.00,"64,380.00"
2019-08-18,2019081801006475,PCBL,49,22,"1,250",275.00,"343,750.00"
2019-08-18,2019081801006408,PCBL,21,5,100,276.00,"27,600.00"
2019-08-18,2019081801006555,PIC,47,41,20,458.00,"9,160.00"
2019-08-18,2019081801006399,PLIC,44,45,200,405.00,"81,000.00"
2019-08-18,2019081801006381,PMHPL,58,26,10,101.00,"1,010.00"
2019-08-18,2019081801006372,PPCL,3,1,20,113.00,"2,260.00"
2019-08-18,2019081801006597,PRIN,21,36,100,351.00,"35,100.00"
2019-08-18,2019081801006596,PRIN,21,59,300,351.00,"105,300.00"
2019-08-18,2019081801006595,PRIN,21,38,337,351.00,"118,287.00"
2019-08-18,2019081801006267,PRIN,38,38,50,351.00,"17,550.00"
2019-08-18,2019081801006482,PRVU,47,10,100,269.00,"26,900.00"
2019-08-18,2019081801006481,PRVU,47,55,231,269.00,"62,139.00"
2019-08-18,2019081801006375,PRVU,54,55,978,269.00,"263,082.00"
2019-08-18,2019081801006374,PRVU,54,38,22,269.00,"5,918.00"
2019-08-18,2019081801006350,PRVU,49,38,30,269.00,"8,070.00"
2019-08-18,2019081801006237,PRVU,49,38,948,269.00,"255,012.00"
2019-08-18,2019081801006236,PRVU,49,41,35,269.00,"9,415.00"
2019-08-18,2019081801006235,PRVU,49,5,17,269.00,"4,573.00"
2019-08-18,2019081801006207,PRVU,35,5,10,269.00,"2,690.00"
2019-08-18,2019081801006571,RADHI,28,21,22,138.00,"3,036.00"
2019-08-18,2019081801006478,RADHI,28,58,11,138.00,"1,518.00"
2019-08-18,2019081801006405,RADHI,28,8,11,138.00,"1,518.00"
2019-08-18,2019081801006353,RADHI,28,58,11,138.00,"1,518.00"
2019-08-18,2019081801006601,RHPC,47,1,13,87.00,"1,131.00"
2019-08-18,2019081801006699,RHPL,34,11,20,205.00,"4,100.00"
2019-08-18,2019081801006698,RHPL,35,11,20,205.00,"4,100.00"
2019-08-18,2019081801006696,RHPL,35,32,10,205.00,"2,050.00"
2019-08-18,2019081801006686,RHPL,35,20,40,205.00,"8,200.00"
2019-08-18,2019081801006682,RHPL,35,18,30,205.00,"6,150.00"
2019-08-18,2019081801006656,RHPL,35,20,50,205.00,"10,250.00"
2019-08-18,2019081801006205,RHPL,45,11,50,206.00,"10,300.00"
2019-08-18,2019081801006204,RHPL,45,11,40,206.00,"8,240.00"
2019-08-18,2019081801006203,RHPL,45,22,40,206.00,"8,240.00"
2019-08-18,2019081801006202,RHPL,45,22,40,206.00,"8,240.00"
2019-08-18,2019081801006223,RHPL,26,10,40,205.00,"8,200.00"
2019-08-18,2019081801006219,RHPL,26,57,10,205.00,"2,050.00"
2019-08-18,2019081801006218,RHPL,56,57,30,205.00,"6,150.00"
2019-08-18,2019081801006216,RHPL,56,1,30,205.00,"6,150.00"
2019-08-18,2019081801006208,RHPL,56,45,40,205.00,"8,200.00"
2019-08-18,2019081801006206,RHPL,45,43,40,206.00,"8,240.00"
2019-08-18,2019081801006309,RHPL,45,58,30,205.00,"6,150.00"
2019-08-18,2019081801006283,RHPL,45,10,40,205.00,"8,200.00"
2019-08-18,2019081801006279,RHPL,45,48,30,205.00,"6,150.00"
2019-08-18,2019081801006273,RHPL,45,1,30,205.00,"6,150.00"
2019-08-18,2019081801006246,RHPL,26,48,30,205.00,"6,150.00"
2019-08-18,2019081801006232,RHPL,26,45,20,205.00,"4,100.00"
2019-08-18,2019081801006344,RHPL,41,21,20,205.00,"4,100.00"
2019-08-18,2019081801006343,RHPL,41,58,40,205.00,"8,200.00"
2019-08-18,2019081801006341,RHPL,34,21,20,205.00,"4,100.00"
2019-08-18,2019081801006330,RHPL,34,38,30,205.00,"6,150.00"
2019-08-18,2019081801006326,RHPL,45,49,30,205.00,"6,150.00"
2019-08-18,2019081801006315,RHPL,45,34,40,205.00,"8,200.00"
2019-08-18,2019081801006385,RHPL,3,55,20,205.00,"4,100.00"
2019-08-18,2019081801006384,RHPL,41,55,20,205.00,"4,100.00"
2019-08-18,2019081801006377,RHPL,41,20,40,205.00,"8,200.00"
2019-08-18,2019081801006376,RHPL,41,58,20,205.00,"4,100.00"
2019-08-18,2019081801006373,RHPL,41,10,40,205.00,"8,200.00"
2019-08-18,2019081801006358,RHPL,41,21,20,205.00,"4,100.00"
2019-08-18,2019081801006406,RHPL,3,20,40,205.00,"8,200.00"
2019-08-18,2019081801006404,RHPL,3,58,20,205.00,"4,100.00"
2019-08-18,2019081801006401,RHPL,1,28,450,206.00,"92,700.00"
2019-08-18,2019081801006400,RHPL,1,37,40,206.00,"8,240.00"
2019-08-18,2019081801006398,RHPL,3,55,40,205.00,"8,200.00"
2019-08-18,2019081801006387,RHPL,3,26,40,205.00,"8,200.00"
2019-08-18,2019081801006441,RHPL,41,1,50,205.00,"10,250.00"
2019-08-18,2019081801006436,RHPL,6,20,40,205.00,"8,200.00"
2019-08-18,2019081801006431,RHPL,6,1,10,205.00,"2,050.00"
2019-08-18,2019081801006413,RHPL,6,1,40,205.00,"8,200.00"
2019-08-18,2019081801006412,RHPL,6,55,10,205.00,"2,050.00"
2019-08-18,2019081801006411,RHPL,3,55,40,205.00,"8,200.00"
2019-08-18,2019081801006464,RHPL,45,20,40,205.00,"8,200.00"
2019-08-18,2019081801006462,RHPL,45,1,40,205.00,"8,200.00"
2019-08-18,2019081801006459,RHPL,45,35,10,205.00,"2,050.00"
2019-08-18,2019081801006453,RHPL,45,1,40,205.00,"8,200.00"
2019-08-18,2019081801006448,RHPL,45,1,50,205.00,"10,250.00"
2019-08-18,2019081801006446,RHPL,41,48,50,205.00,"10,250.00"
2019-08-18,2019081801006510,RHPL,45,10,40,205.00,"8,200.00"
2019-08-18,2019081801006498,RHPL,45,1,50,205.00,"10,250.00"
2019-08-18,2019081801006497,RHPL,45,20,40,205.00,"8,200.00"
2019-08-18,2019081801006484,RHPL,45,1,40,205.00,"8,200.00"
2019-08-18,2019081801006474,RHPL,45,10,40,205.00,"8,200.00"
2019-08-18,2019081801006471,RHPL,45,1,40,205.00,"8,200.00"
2019-08-18,2019081801006537,RHPL,45,20,40,205.00,"8,200.00"
2019-08-18,2019081801006532,RHPL,45,1,40,205.00,"8,200.00"
2019-08-18,2019081801006531,RHPL,45,57,40,205.00,"8,200.00"
2019-08-18,2019081801006529,RHPL,45,44,40,205.00,"8,200.00"
2019-08-18,2019081801006528,RHPL,45,6,40,205.00,"8,200.00"
2019-08-18,2019081801006520,RHPL,45,1,40,205.00,"8,200.00"
2019-08-18,2019081801006569,RHPL,45,20,40,205.00,"8,200.00"
2019-08-18,2019081801006562,RHPL,45,49,100,205.00,"20,500.00"
2019-08-18,2019081801006558,RHPL,45,1,20,205.00,"4,100.00"
2019-08-18,2019081801006557,RHPL,45,10,40,205.00,"8,200.00"
2019-08-18,2019081801006548,RHPL,45,49,40,205.00,"8,200.00"
2019-08-18,2019081801006542,RHPL,45,1,30,205.00,"6,150.00"
2019-08-18,2019081801006611,RHPL,35,44,40,205.00,"8,200.00"
2019-08-18,2019081801006602,RHPL,35,28,40,205.00,"8,200.00"
2019-08-18,2019081801006600,RHPL,35,20,40,205.00,"8,200.00"
2019-08-18,2019081801006585,RHPL,35,57,20,205.00,"4,100.00"
2019-08-18,2019081801006584,RHPL,45,57,20,205.00,"4,100.00"
2019-08-18,2019081801006570,RHPL,45,44,40,205.00,"8,200.00"
2019-08-18,2019081801006645,RHPL,35,28,40,205.00,"8,200.00"
2019-08-18,2019081801006635,RHPL,35,21,40,205.00,"8,200.00"
2019-08-18,2019081801006632,RHPL,35,57,40,205.00,"8,200.00"
2019-08-18,2019081801006631,RHPL,35,20,40,205.00,"8,200.00"
2019-08-18,2019081801006629,RHPL,35,18,30,205.00,"6,150.00"
2019-08-18,2019081801006620,RHPL,35,21,20,205.00,"4,100.00"
2019-08-18,2019081801006607,RRHP,47,1,10,103.00,"1,030.00"
2019-08-18,2019081801006479,RRHP,47,44,10,103.00,"1,030.00"
2019-08-18,2019081801006410,RRHP,47,26,10,103.00,"1,030.00"
2019-08-18,2019081801006594,RSDC,42,56,100,354.00,"35,400.00"
2019-08-18,2019081801006447,SANIMA,49,19,438,347.00,"151,986.00"
2019-08-18,2019081801006278,SANIMA,1,55,500,348.00,"174,000.00"
2019-08-18,2019081801006250,SANIMA,49,5,31,347.00,"10,757.00"
2019-08-18,2019081801006249,SANIMA,49,54,130,347.00,"45,110.00"
2019-08-18,2019081801006248,SANIMA,49,49,301,347.00,"104,447.00"
2019-08-18,2019081801006247,SANIMA,49,29,100,347.00,"34,700.00"
2019-08-18,2019081801006647,SBI,45,6,496,440.00,"218,240.00"
2019-08-18,2019081801006646,SBI,17,6,10,441.00,"4,410.00"
2019-08-18,2019081801006495,SBI,45,8,"1,130",440.00,"497,200.00"
2019-08-18,2019081801006494,SBI,26,8,50,440.00,"22,000.00"
2019-08-18,2019081801006493,SBI,46,8,500,441.00,"220,500.00"
2019-08-18,2019081801006492,SBI,41,8,20,441.00,"8,820.00"
2019-08-18,2019081801006491,SBI,48,8,300,441.00,"132,300.00"
2019-08-18,2019081801006422,SCB,46,28,530,640.00,"339,200.00"
2019-08-18,2019081801006420,SCB,14,51,20,639.00,"12,780.00"
2019-08-18,2019081801006308,SCB,41,28,100,640.00,"64,000.00"
2019-08-18,2019081801006307,SCB,26,28,50,641.00,"32,050.00"
2019-08-18,2019081801006624,SEF,4,26,"2,000",8.80,"17,600.00"
2019-08-18,2019081801006364,SFFIL,16,51,75,268.00,"20,100.00"
2019-08-18,2019081801006245,SFFIL,16,6,25,267.00,"6,675.00"
2019-08-18,2019081801006671,SHINE,49,19,95,251.00,"23,845.00"
2019-08-18,2019081801006670,SHINE,42,19,100,252.00,"25,200.00"
2019-08-18,2019081801006669,SHINE,35,19,10,254.00,"2,540.00"
2019-08-18,2019081801006636,SHIVM,4,57,100,580.00,"58,000.00"
2019-08-18,2019081801006415,SHIVM,4,19,470,580.00,"272,600.00"
2019-08-18,2019081801006414,SHIVM,32,19,30,580.00,"17,400.00"
2019-08-18,2019081801006403,SHPC,48,26,150,232.00,"34,800.00"
2019-08-18,2019081801006689,SIL,25,19,10,433.00,"4,330.00"
2019-08-18,2019081801006680,SIL,25,5,100,425.00,"42,500.00"
2019-08-18,2019081801006679,SIL,25,42,10,425.00,"4,250.00"
2019-08-18,2019081801006580,SIL,20,56,10,422.00,"4,220.00"
2019-08-18,2019081801006579,SIL,35,56,200,422.00,"84,400.00"
2019-08-18,2019081801006578,SIL,6,56,50,422.00,"21,100.00"
2019-08-18,2019081801006577,SIL,18,56,50,423.00,"21,150.00"
2019-08-18,2019081801006697,SJCL,19,1,10,217.00,"2,170.00"
2019-08-18,2019081801006690,SJCL,19,49,10,217.00,"2,170.00"
2019-08-18,2019081801006688,SJCL,19,1,10,217.00,"2,170.00"
2019-08-18,2019081801006687,SJCL,19,18,20,217.00,"4,340.00"
2019-08-18,2019081801006678,SJCL,19,1,20,217.00,"4,340.00"
2019-08-18,2019081801006676,SJCL,19,20,20,217.00,"4,340.00"
2019-08-18,2019081801006226,SJCL,41,57,20,217.00,"4,340.00"
2019-08-18,2019081801006215,SJCL,41,34,950,217.00,"206,150.00"
2019-08-18,2019081801006214,SJCL,57,34,"1,040",217.00,"225,680.00"
2019-08-18,2019081801006211,SJCL,57,10,20,217.00,"4,340.00"
2019-08-18,2019081801006272,SJCL,35,34,200,218.00,"43,600.00"
2019-08-18,2019081801006264,SJCL,32,48,20,217.00,"4,340.00"
2019-08-18,2019081801006233,SJCL,32,44,20,217.00,"4,340.00"
2019-08-18,2019081801006230,SJCL,32,10,20,217.00,"4,340.00"
2019-08-18,2019081801006229,SJCL,41,1,20,217.00,"4,340.00"
2019-08-18,2019081801006227,SJCL,41,47,10,217.00,"2,170.00"
2019-08-18,2019081801006316,SJCL,32,5,10,217.00,"2,170.00"
2019-08-18,2019081801006306,SJCL,32,10,20,217.00,"4,340.00"
2019-08-18,2019081801006305,SJCL,32,48,20,217.00,"4,340.00"
2019-08-18,2019081801006277,SJCL,32,1,20,217.00,"4,340.00"
2019-08-18,2019081801006356,SJCL,32,21,10,217.00,"2,170.00"
2019-08-18,2019081801006345,SJCL,49,34,30,218.00,"6,540.00"
2019-08-18,2019081801006342,SJCL,32,58,20,217.00,"4,340.00"
2019-08-18,2019081801006333,SJCL,32,38,20,217.00,"4,340.00"
2019-08-18,2019081801006321,SJCL,32,44,20,217.00,"4,340.00"
2019-08-18,2019081801006320,SJCL,32,49,20,217.00,"4,340.00"
2019-08-18,2019081801006394,SJCL,32,58,10,217.00,"2,170.00"
2019-08-18,2019081801006393,SJCL,32,58,10,217.00,"2,170.00"
2019-08-18,2019081801006392,SJCL,32,20,20,217.00,"4,340.00"
2019-08-18,2019081801006389,SJCL,32,10,20,217.00,"4,340.00"
2019-08-18,2019081801006369,SJCL,32,58,20,217.00,"4,340.00"
2019-08-18,2019081801006368,SJCL,32,20,10,217.00,"2,170.00"
2019-08-18,2019081801006454,SJCL,32,48,20,217.00,"4,340.00"
2019-08-18,2019081801006450,SJCL,32,42,10,217.00,"2,170.00"
2019-08-18,2019081801006427,SJCL,32,20,20,217.00,"4,340.00"
2019-08-18,2019081801006423,SJCL,32,26,20,217.00,"4,340.00"
2019-08-18,2019081801006421,SJCL,32,42,10,217.00,"2,170.00"
2019-08-18,2019081801006486,SJCL,32,10,20,217.00,"4,340.00"
2019-08-18,2019081801006485,SJCL,32,6,20,217.00,"4,340.00"
2019-08-18,2019081801006480,SJCL,32,20,20,217.00,"4,340.00"
2019-08-18,2019081801006458,SJCL,32,20,10,217.00,"2,170.00"
2019-08-18,2019081801006582,SJCL,1,34,200,218.00,"43,600.00"
2019-08-18,2019081801006572,SJCL,32,10,20,217.00,"4,340.00"
2019-08-18,2019081801006559,SJCL,32,20,20,217.00,"4,340.00"
2019-08-18,2019081801006540,SJCL,32,10,20,217.00,"4,340.00"
2019-08-18,2019081801006533,SJCL,32,57,20,217.00,"4,340.00"
2019-08-18,2019081801006530,SJCL,32,20,20,217.00,"4,340.00"
2019-08-18,2019081801006615,SJCL,45,1,20,217.00,"4,340.00"
2019-08-18,2019081801006612,SJCL,45,28,20,217.00,"4,340.00"
2019-08-18,2019081801006605,SJCL,45,1,20,217.00,"4,340.00"
2019-08-18,2019081801006593,SJCL,45,1,20,217.00,"4,340.00"
2019-08-18,2019081801006591,SJCL,32,57,20,217.00,"4,340.00"
2019-08-18,2019081801006588,SJCL,32,20,20,217.00,"4,340.00"
2019-08-18,2019081801006641,SJCL,19,18,20,217.00,"4,340.00"
2019-08-18,2019081801006639,SJCL,19,1,10,217.00,"2,170.00"
2019-08-18,2019081801006638,SJCL,45,1,10,217.00,"2,170.00"
2019-08-18,2019081801006627,SJCL,45,1,20,217.00,"4,340.00"
2019-08-18,2019081801006623,SJCL,45,44,20,217.00,"4,340.00"
2019-08-18,2019081801006616,SJCL,45,20,20,217.00,"4,340.00"
2019-08-18,2019081801006666,SJCL,19,1,20,217.00,"4,340.00"
2019-08-18,2019081801006655,SJCL,19,1,20,217.00,"4,340.00"
2019-08-18,2019081801006654,SJCL,19,28,20,217.00,"4,340.00"
2019-08-18,2019081801006650,SJCL,19,20,20,217.00,"4,340.00"
2019-08-18,2019081801006648,SJCL,19,1,20,217.00,"4,340.00"
2019-08-18,2019081801006644,SJCL,19,57,20,217.00,"4,340.00"
2019-08-18,2019081801006505,SMB,22,58,10,464.00,"4,640.00"
2019-08-18,2019081801006622,SMFBS,41,1,10,806.00,"8,060.00"
2019-08-18,2019081801006610,SMFBS,41,57,10,806.00,"8,060.00"
2019-08-18,2019081801006357,SMFBS,22,45,40,805.00,"32,200.00"
2019-08-18,2019081801006581,SMFDB,7,28,45,530.00,"23,850.00"
2019-08-18,2019081801006665,SPARS,48,57,10,602.00,"6,020.00"
2019-08-18,2019081801006506,SPARS,48,39,10,602.00,"6,020.00"
2019-08-18,2019081801006503,SPARS,49,39,100,602.00,"60,200.00"
2019-08-18,2019081801006310,SPARS,34,45,140,600.00,"84,000.00"
2019-08-18,2019081801006275,SPARS,34,59,10,600.00,"6,000.00"
2019-08-18,2019081801006274,SPDL,45,34,10,84.00,840.00
2019-08-18,2019081801006266,SPDL,16,34,96,85.00,"8,160.00"
2019-08-18,2019081801006265,SPDL,45,34,294,85.00,"24,990.00"
2019-08-18,2019081801006224,SWBBL,35,43,10,923.00,"9,230.00"
2019-08-18,2019081801006452,UNHPL,29,43,50,65.00,"3,250.00"
2019-08-18,2019081801006451,UNHPL,29,36,40,65.00,"2,600.00"
2019-08-18,2019081801006317,UNHPL,54,36,10,65.00,650.00
2019-08-18,2019081801006637,UPCL,18,1,50,82.00,"4,100.00"
2019-08-18,2019081801006651,UPPER,42,57,50,259.00,"12,950.00"
2019-08-18,2019081801006604,UPPER,42,57,50,259.00,"12,950.00"
2019-08-18,2019081801006592,UPPER,42,3,50,259.00,"12,950.00"
2019-08-18,2019081801006589,UPPER,42,37,200,259.00,"51,800.00"
2019-08-18,2019081801006209,UPPER,16,1,50,259.00,"12,950.00"
2019-08-18,2019081801006340,UPPER,56,38,50,259.00,"12,950.00"
2019-08-18,2019081801006286,UPPER,56,19,10,259.00,"2,590.00"
2019-08-18,2019081801006285,UPPER,16,19,490,259.00,"126,910.00"
2019-08-18,2019081801006263,UPPER,16,6,220,259.00,"56,980.00"
2019-08-18,2019081801006251,UPPER,16,1,50,259.00,"12,950.00"
2019-08-18,2019081801006217,UPPER,16,4,50,259.00,"12,950.00"
2019-08-18,2019081801006545,UPPER,42,57,50,259.00,"12,950.00"
2019-08-18,2019081801006544,UPPER,42,41,20,259.00,"5,180.00"
2019-08-18,2019081801006543,UPPER,56,41,20,259.00,"5,180.00"
2019-08-18,2019081801006426,UPPER,56,26,50,259.00,"12,950.00"
2019-08-18,2019081801006354,UPPER,56,38,50,259.00,"12,950.00"
2019-08-18,2019081801006351,UPPER,56,44,50,259.00,"12,950.00"
2019-08-18,2019081801006663,VLBS,33,33,91,592.00,"53,872.00"
2019-08-18,2019081801006662,VLBS,41,33,48,592.00,"28,416.00"
2019-08-18,2019081801006060,ADBL,6,49,200,429.00,"85,800.00"
2019-08-18,2019081801006043,ADBL,8,26,300,430.00,"129,000.00"
2019-08-18,2019081801006015,ADBL,11,26,90,430.00,"38,700.00"
2019-08-18,2019081801005827,ADBL,11,40,10,430.00,"4,300.00"
2019-08-18,2019081801005787,ADBL,20,58,500,430.00,"215,000.00"
2019-08-18,2019081801005786,ADBL,45,58,"2,000",430.00,"860,000.00"
2019-08-18,2019081801005745,AHPC,47,45,129,101.00,"13,029.00"
2019-08-18,2019081801005737,AHPC,26,45,500,102.00,"51,000.00"
2019-08-18,2019081801005806,AKJCL,25,16,10,65.00,650.00
2019-08-18,2019081801006014,ALBSL,20,41,10,458.00,"4,580.00"
2019-08-18,2019081801005929,ALBSL,29,38,300,460.00,"138,000.00"
2019-08-18,2019081801005903,ALBSL,29,38,200,460.00,"92,000.00"
2019-08-18,2019081801005884,ALICL,58,50,200,342.00,"68,400.00"
2019-08-18,2019081801005883,ALICL,6,50,199,342.00,"68,058.00"
2019-08-18,2019081801005854,ALICL,6,39,301,342.00,"102,942.00"
2019-08-18,2019081801005853,ALICL,43,39,500,342.00,"171,000.00"
2019-08-18,2019081801005852,ALICL,58,39,500,343.00,"171,500.00"
2019-08-18,2019081801005851,ALICL,59,39,19,343.00,"6,517.00"
2019-08-18,2019081801005850,ALICL,42,39,50,344.00,"17,200.00"
2019-08-18,2019081801005880,API,17,25,500,130.00,"65,000.00"
2019-08-18,2019081801006176,BFC,42,51,20,98.00,"1,960.00"
2019-08-18,2019081801006064,BOKL,56,3,53,257.00,"13,621.00"
2019-08-18,2019081801006063,BOKL,56,33,80,257.00,"20,560.00"
2019-08-18,2019081801006062,BOKL,56,32,367,257.00,"94,319.00"
2019-08-18,2019081801005862,BPCL,49,16,11,387.00,"4,257.00"
2019-08-18,2019081801006065,CBBL,34,52,250,989.00,"247,250.00"
2019-08-18,2019081801005771,CBBL,34,50,400,989.00,"395,600.00"
2019-08-18,2019081801005720,CBBL,34,35,200,989.00,"197,800.00"
2019-08-18,2019081801006079,CBL,40,34,100,148.00,"14,800.00"
2019-08-18,2019081801005924,CBL,8,53,211,147.00,"31,017.00"
2019-08-18,2019081801005923,CBL,58,53,"4,789",148.00,"708,772.00"
2019-08-18,2019081801005849,CBL,58,32,54,148.00,"7,992.00"
2019-08-18,2019081801005838,CBL,58,5,88,148.00,"13,024.00"
2019-08-18,2019081801005837,CBL,58,51,69,148.00,"10,212.00"
2019-08-18,2019081801006041,CCBL,1,1,1,156.00,156.00
2019-08-18,2019081801006029,CCBL,1,1,3,156.00,468.00
2019-08-18,2019081801006017,CCBL,1,1,4,156.00,624.00
2019-08-18,2019081801006004,CCBL,1,1,4,156.00,624.00
2019-08-18,2019081801005994,CCBL,1,1,4,156.00,624.00
2019-08-18,2019081801005964,CCBL,1,1,4,156.00,624.00
2019-08-18,2019081801005721,CCBL,19,34,145,158.00,"22,910.00"
2019-08-18,2019081801005844,CCBL,55,34,50,158.00,"7,900.00"
2019-08-18,2019081801005843,CCBL,57,34,215,158.00,"33,970.00"
2019-08-18,2019081801005725,CCBL,57,34,785,158.00,"124,030.00"
2019-08-18,2019081801005724,CCBL,8,34,500,158.00,"79,000.00"
2019-08-18,2019081801005723,CCBL,29,34,500,158.00,"79,000.00"
2019-08-18,2019081801005722,CCBL,5,34,70,158.00,"11,060.00"
2019-08-18,2019081801005877,CCBL,21,40,150,159.00,"23,850.00"
2019-08-18,2019081801005863,CCBL,1,1,4,155.00,620.00
2019-08-18,2019081801005848,CCBL,39,34,935,158.00,"147,730.00"
2019-08-18,2019081801005847,CCBL,22,34,100,158.00,"15,800.00"
2019-08-18,2019081801005846,CCBL,33,34,200,158.00,"31,600.00"
2019-08-18,2019081801005845,CCBL,25,34,500,158.00,"79,000.00"
2019-08-18,2019081801006040,CHCL,35,35,68,463.00,"31,484.00"
2019-08-18,2019081801006011,CHCL,43,35,50,460.00,"23,000.00"
2019-08-18,2019081801006010,CHCL,54,35,50,461.00,"23,050.00"
2019-08-18,2019081801006009,CHCL,1,35,200,461.00,"92,200.00"
2019-08-18,2019081801006008,CHCL,22,35,50,461.00,"23,050.00"
2019-08-18,2019081801006007,CHCL,16,35,500,462.00,"231,000.00"
2019-08-18,2019081801005778,CHCL,13,45,25,466.00,"11,650.00"
2019-08-18,2019081801005784,CHCL,45,45,10,465.00,"4,650.00"
2019-08-18,2019081801005783,CHCL,43,45,50,465.00,"23,250.00"
2019-08-18,2019081801005782,CHCL,29,45,20,465.00,"9,300.00"
2019-08-18,2019081801005781,CHCL,16,45,25,465.00,"11,625.00"
2019-08-18,2019081801005780,CHCL,22,45,70,465.00,"32,550.00"
2019-08-18,2019081801005779,CHCL,52,45,25,466.00,"11,650.00"
2019-08-18,2019081801006006,CHCL,36,35,20,462.00,"9,240.00"
2019-08-18,2019081801006005,CHCL,11,35,100,463.00,"46,300.00"
2019-08-18,2019081801005951,CHCL,22,41,200,463.00,"92,600.00"
2019-08-18,2019081801005950,CHCL,45,41,200,463.00,"92,600.00"
2019-08-18,2019081801005826,CHCL,52,45,108,464.00,"50,112.00"
2019-08-18,2019081801005785,CHCL,54,45,50,465.00,"23,250.00"
2019-08-18,2019081801005891,CIT,22,14,37,"2,358.00","87,246.00"
2019-08-18,2019081801006118,CMF1,22,6,"1,500",9.85,"14,775.00"
2019-08-18,2019081801006117,CMF1,22,57,500,9.80,"4,900.00"
2019-08-18,2019081801006111,CZBIL,46,19,79,217.00,"17,143.00"
2019-08-18,2019081801005956,CZBIL,46,43,100,217.00,"21,700.00"
2019-08-18,2019081801005955,CZBIL,59,43,100,217.00,"21,700.00"
2019-08-18,2019081801006081,DBBL,39,1,394,137.00,"53,978.00"
2019-08-18,2019081801006039,DDBL,25,28,100,752.00,"75,200.00"
2019-08-18,2019081801005975,DDBL,6,50,112,754.00,"84,448.00"
2019-08-18,2019081801005894,DDBL,25,34,50,752.00,"37,600.00"
2019-08-18,2019081801005890,DHPL,22,49,11,60.00,660.00
2019-08-18,2019081801005889,DHPL,22,58,10,60.00,600.00
2019-08-18,2019081801005796,EBL,28,19,120,641.00,"76,920.00"
2019-08-18,2019081801005760,EBL,28,39,12,641.00,"7,692.00"
2019-08-18,2019081801005749,EBL,45,4,50,642.00,"32,100.00"
2019-08-18,2019081801005748,EBL,28,4,"1,000",642.00,"642,000.00"
2019-08-18,2019081801005747,EBL,19,4,45,642.00,"28,890.00"
2019-08-18,2019081801005746,EBL,10,4,100,644.00,"64,400.00"
2019-08-18,2019081801005973,EIC,21,20,180,337.00,"60,660.00"
2019-08-18,2019081801005972,EIC,55,20,20,340.00,"6,800.00"
2019-08-18,2019081801005809,EIC,1,21,20,341.00,"6,820.00"
2019-08-18,2019081801005954,GBBL,43,43,1,216.00,216.00
2019-08-18,2019081801006188,GDBL,45,36,500,205.00,"102,500.00"
2019-08-18,2019081801006187,GDBL,1,36,350,205.00,"71,750.00"
2019-08-18,2019081801006186,GDBL,14,36,500,205.00,"102,500.00"
2019-08-18,2019081801006185,GDBL,49,36,200,205.00,"41,000.00"
2019-08-18,2019081801006184,GDBL,32,36,500,206.00,"103,000.00"
2019-08-18,2019081801006183,GDBL,34,36,"1,500",206.00,"309,000.00"
2019-08-18,2019081801005911,GDBL,43,43,5,207.00,"1,035.00"
2019-08-18,2019081801006182,GDBL,41,36,110,206.00,"22,660.00"
2019-08-18,2019081801006181,GDBL,40,36,400,206.00,"82,400.00"
2019-08-18,2019081801006180,GDBL,1,36,200,206.00,"41,200.00"
2019-08-18,2019081801006179,GDBL,45,36,200,206.00,"41,200.00"
2019-08-18,2019081801006178,GDBL,57,36,38,207.00,"7,866.00"
2019-08-18,2019081801006177,GDBL,49,36,500,207.00,"103,500.00"
2019-08-18,2019081801006100,GILB,45,58,100,740.00,"74,000.00"
2019-08-18,2019081801006033,GILB,17,38,50,739.00,"36,950.00"
2019-08-18,2019081801005979,GILB,17,33,50,729.00,"36,450.00"
2019-08-18,2019081801006045,GLBSL,22,38,40,500.00,"20,000.00"
2019-08-18,2019081801005888,GLBSL,58,56,10,506.00,"5,060.00"
2019-08-18,2019081801005887,GLBSL,58,3,10,505.00,"5,050.00"
2019-08-18,2019081801005841,GLBSL,22,38,44,500.00,"22,000.00"
2019-08-18,2019081801005840,GLBSL,42,38,26,500.00,"13,000.00"
2019-08-18,2019081801005839,GLBSL,36,38,20,500.00,"10,000.00"
2019-08-18,2019081801005756,GLBSL,36,53,10,500.00,"5,000.00"
2019-08-18,2019081801005901,GLICL,37,17,271,449.00,"121,679.00"
2019-08-18,2019081801005900,GLICL,25,17,139,450.00,"62,550.00"
2019-08-18,2019081801005899,GLICL,35,17,30,450.00,"13,500.00"
2019-08-18,2019081801005898,GLICL,43,17,100,450.00,"45,000.00"
2019-08-18,2019081801005897,GLICL,35,17,30,451.00,"13,530.00"
2019-08-18,2019081801005896,GLICL,48,17,20,452.00,"9,040.00"
2019-08-18,2019081801005895,GLICL,58,17,10,455.00,"4,550.00"
2019-08-18,2019081801006123,GMFBS,13,44,10,564.00,"5,640.00"
2019-08-18,2019081801006070,GMFBS,13,19,120,564.00,"67,680.00"
2019-08-18,2019081801006001,GMFBS,13,38,210,564.00,"118,440.00"
2019-08-18,2019081801005886,GMFBS,35,38,100,565.00,"56,500.00"
2019-08-18,2019081801005797,GMFBS,48,43,10,565.00,"5,650.00"
2019-08-18,2019081801006172,GRDBL,42,8,15,106.00,"1,590.00"
2019-08-18,2019081801006171,GRDBL,14,8,35,106.00,"3,710.00"
2019-08-18,2019081801005791,GRDBL,42,32,100,108.00,"10,800.00"
2019-08-18,2019081801006046,GUFL,5,44,58,119.00,"6,902.00"
2019-08-18,2019081801006165,HBL,35,25,10,549.00,"5,490.00"
2019-08-18,2019081801006028,HIDCL,38,59,500,148.00,"74,000.00"
2019-08-18,2019081801005985,HIDCL,52,59,50,148.00,"7,400.00"
2019-08-18,2019081801006190,HPPL,35,22,10,158.00,"1,580.00"
2019-08-18,2019081801005962,HPPL,35,1,100,158.00,"15,800.00"
2019-08-18,2019081801005947,HPPL,35,46,10,158.00,"1,580.00"
2019-08-18,2019081801006091,HURJA,41,41,20,127.00,"2,540.00"
2019-08-18,2019081801006055,HURJA,41,41,20,127.00,"2,540.00"
2019-08-18,2019081801006021,HURJA,41,41,20,127.00,"2,540.00"
2019-08-18,2019081801005904,HURJA,41,16,20,127.00,"2,540.00"
2019-08-18,2019081801006085,ILBS,25,38,130,464.00,"60,320.00"
2019-08-18,2019081801005935,ILBS,22,28,250,465.00,"116,250.00"
2019-08-18,2019081801005934,ILBS,52,46,10,463.00,"4,630.00"
2019-08-18,2019081801005917,ILBS,1,28,50,465.00,"23,250.00"
2019-08-18,2019081801005916,ILBS,52,28,20,465.00,"9,300.00"
2019-08-18,2019081801005915,ILBS,41,28,50,465.00,"23,250.00"
2019-08-18,2019081801005914,ILBS,22,28,100,466.00,"46,600.00"
