Date,Transact. No.,Symbol,Buyer,Seller,Quantity,Rate,Amount
2020-02-03,2020020301017339,ADBL,34,58,100,388.00,"38,800.00"
2020-02-03,2020020301017517,AKPL,56,34,10,124.00,"1,240.00"
2020-02-03,2020020301017169,AKPL,42,40,"1,400",121.00,"169,400.00"
2020-02-03,2020020301017175,AKPL,45,40,"2,000",121.00,"242,000.00"
2020-02-03,2020020301017174,AKPL,6,40,"3,000",121.00,"363,000.00"
2020-02-03,2020020301017173,AKPL,56,40,"2,000",121.00,"242,000.00"
2020-02-03,2020020301017172,AKPL,36,40,"1,000",121.00,"121,000.00"
2020-02-03,2020020301017171,AKPL,49,40,"1,000",121.00,"121,000.00"
2020-02-03,2020020301017170,AKPL,14,40,"1,000",121.00,"121,000.00"
2020-02-03,2020020301017471,AKPL,3,40,"1,000",122.00,"122,000.00"
2020-02-03,2020020301017222,AKPL,45,34,20,124.00,"2,480.00"
2020-02-03,2020020301017177,AKPL,45,40,500,121.00,"60,500.00"
2020-02-03,2020020301017176,AKPL,58,40,"3,000",121.00,"363,000.00"
2020-02-03,2020020301017507,ALBSL,34,19,40,726.00,"29,040.00"
2020-02-03,2020020301017506,ALBSL,34,19,100,726.00,"72,600.00"
2020-02-03,2020020301017505,ALBSL,34,19,20,726.00,"14,520.00"
2020-02-03,2020020301017504,ALBSL,1,19,20,727.00,"14,540.00"
2020-02-03,2020020301017503,ALBSL,1,19,10,727.00,"7,270.00"
2020-02-03,2020020301017184,ALBSL,14,57,10,733.00,"7,330.00"
2020-02-03,2020020301017183,ALBSL,14,29,10,730.00,"7,300.00"
2020-02-03,2020020301017291,API,56,13,100,123.00,"12,300.00"
2020-02-03,2020020301017306,BFC,16,19,263,101.00,"26,563.00"
2020-02-03,2020020301017149,BNT,54,6,10,"6,375.00","63,750.00"
2020-02-03,2020020301017582,BOKL,25,39,20,242.00,"4,840.00"
2020-02-03,2020020301017502,BOKL,36,5,419,242.00,"101,398.00"
2020-02-03,2020020301017381,BOKL,36,26,100,242.00,"24,200.00"
2020-02-03,2020020301017324,BOKL,36,25,591,242.00,"143,022.00"
2020-02-03,2020020301017323,BOKL,36,47,600,242.00,"145,200.00"
2020-02-03,2020020301017322,BOKL,36,22,60,242.00,"14,520.00"
2020-02-03,2020020301017321,BOKL,36,37,130,242.00,"31,460.00"
2020-02-03,2020020301017320,BOKL,36,5,100,240.00,"24,000.00"
2020-02-03,2020020301017247,BOKL,41,5,"1,000",240.00,"240,000.00"
2020-02-03,2020020301017246,BOKL,28,5,50,240.00,"12,000.00"
2020-02-03,2020020301017245,BOKL,43,5,207,240.00,"49,680.00"
2020-02-03,2020020301017163,BOKL,14,42,500,241.00,"120,500.00"
2020-02-03,2020020301017557,BPCL,22,21,289,346.00,"99,994.00"
2020-02-03,2020020301017556,BPCL,22,25,61,346.00,"21,106.00"
2020-02-03,2020020301017555,BPCL,22,40,50,345.00,"17,250.00"
2020-02-03,2020020301017554,BPCL,22,44,100,345.00,"34,500.00"
2020-02-03,2020020301017543,BPCL,43,44,10,345.00,"3,450.00"
2020-02-03,2020020301017499,BPCL,37,56,50,345.00,"17,250.00"
2020-02-03,2020020301017567,CBBL,33,34,200,"1,001.00","200,200.00"
2020-02-03,2020020301017566,CBBL,33,16,30,"1,001.00","30,030.00"
2020-02-03,2020020301017565,CBBL,33,58,154,"1,001.00","154,154.00"
2020-02-03,2020020301017438,CBBL,33,58,"1,000","1,001.00","1,001,000.00"
2020-02-03,2020020301017437,CBBL,34,58,10,"1,001.00","10,010.00"
2020-02-03,2020020301017470,CBL,29,22,64,150.00,"9,600.00"
2020-02-03,2020020301017469,CBL,29,42,120,150.00,"18,000.00"
2020-02-03,2020020301017468,CBL,29,22,200,150.00,"30,000.00"
2020-02-03,2020020301017467,CBL,29,10,768,150.00,"115,200.00"
2020-02-03,2020020301017466,CBL,29,41,500,150.00,"75,000.00"
2020-02-03,2020020301017465,CBL,29,14,348,150.00,"52,200.00"
2020-02-03,2020020301017228,CBL,7,43,836,149.00,"124,564.00"
2020-02-03,2020020301017137,CBL,33,22,27,150.00,"4,050.00"
2020-02-03,2020020301017136,CBL,33,14,73,150.00,"10,950.00"
2020-02-03,2020020301017135,CBL,7,39,46,149.00,"6,854.00"
2020-02-03,2020020301017590,CCBL,36,1,415,188.00,"78,020.00"
2020-02-03,2020020301017589,CCBL,48,1,50,188.00,"9,400.00"
2020-02-03,2020020301017588,CCBL,52,1,100,188.00,"18,800.00"
2020-02-03,2020020301017587,CCBL,1,1,"1,000",188.00,"188,000.00"
2020-02-03,2020020301017586,CCBL,34,1,"1,000",188.00,"188,000.00"
2020-02-03,2020020301017585,CCBL,50,1,500,188.00,"94,000.00"
2020-02-03,2020020301017584,CCBL,10,1,500,188.00,"94,000.00"
2020-02-03,2020020301017583,CCBL,11,1,800,188.00,"150,400.00"
2020-02-03,2020020301017233,CCBL,36,1,500,189.00,"94,500.00"
2020-02-03,2020020301017569,CHCL,28,49,500,457.00,"228,500.00"
2020-02-03,2020020301017568,CHCL,28,34,"1,000",457.00,"457,000.00"
2020-02-03,2020020301017526,CHCL,33,3,297,456.00,"135,432.00"
2020-02-03,2020020301017525,CHCL,33,45,103,456.00,"46,968.00"
2020-02-03,2020020301017376,CHCL,11,11,100,452.00,"45,200.00"
2020-02-03,2020020301017369,CHCL,6,36,100,455.00,"45,500.00"
2020-02-03,2020020301017368,CHCL,6,57,500,455.00,"227,500.00"
2020-02-03,2020020301017367,CHCL,6,16,200,455.00,"91,000.00"
2020-02-03,2020020301017452,CLBSL,37,45,190,955.00,"181,450.00"
2020-02-03,2020020301017519,DDBL,50,29,75,850.00,"63,750.00"
2020-02-03,2020020301017518,DDBL,49,29,175,850.00,"148,750.00"
2020-02-03,2020020301017487,EBL,36,42,300,654.00,"196,200.00"
2020-02-03,2020020301017486,EBL,33,42,200,655.00,"131,000.00"
2020-02-03,2020020301017606,EDBL,46,44,90,368.00,"33,120.00"
2020-02-03,2020020301017488,EIC,58,14,155,443.00,"68,665.00"
2020-02-03,2020020301017450,EIC,44,14,342,443.00,"151,506.00"
2020-02-03,2020020301017308,EIC,44,56,458,443.00,"202,894.00"
2020-02-03,2020020301017277,EIC,58,49,200,446.00,"89,200.00"
2020-02-03,2020020301017195,EIC,44,34,200,443.00,"88,600.00"
2020-02-03,2020020301017210,FMDBL,38,42,"1,000",474.00,"474,000.00"
2020-02-03,2020020301017615,GBBL,1,59,187,257.00,"48,059.00"
2020-02-03,2020020301017614,GBBL,1,41,200,257.00,"51,400.00"
2020-02-03,2020020301017613,GBBL,1,25,"1,000",257.00,"257,000.00"
2020-02-03,2020020301017612,GBBL,1,4,250,257.00,"64,250.00"
2020-02-03,2020020301017611,GBBL,1,4,63,257.00,"16,191.00"
2020-02-03,2020020301017610,GBBL,1,32,300,256.00,"76,800.00"
2020-02-03,2020020301017181,GBBL,34,13,275,255.00,"70,125.00"
2020-02-03,2020020301017275,GBBL,4,28,139,256.00,"35,584.00"
2020-02-03,2020020301017274,GBBL,4,48,361,256.00,"92,416.00"
2020-02-03,2020020301017250,GBBL,34,48,139,256.00,"35,584.00"
2020-02-03,2020020301017249,GBBL,34,48,"1,000",256.00,"256,000.00"
2020-02-03,2020020301017248,GBBL,34,44,661,256.00,"169,216.00"
2020-02-03,2020020301017207,GBBL,34,49,275,255.00,"70,125.00"
2020-02-03,2020020301017574,GBBL,50,51,61,256.00,"15,616.00"
2020-02-03,2020020301017516,GBBL,34,18,810,254.00,"205,740.00"
2020-02-03,2020020301017515,GBBL,50,18,90,254.00,"22,860.00"
2020-02-03,2020020301017485,GBBL,50,4,10,254.00,"2,540.00"
2020-02-03,2020020301017360,GBBL,47,51,139,256.00,"35,584.00"
2020-02-03,2020020301017359,GBBL,47,28,361,256.00,"92,416.00"
2020-02-03,2020020301017619,GBIME,16,37,50,289.00,"14,450.00"
2020-02-03,2020020301017608,GBIME,45,52,291,288.00,"83,808.00"
2020-02-03,2020020301017531,GBIME,14,52,30,289.00,"8,670.00"
2020-02-03,2020020301017497,GBIME,38,52,500,289.00,"144,500.00"
2020-02-03,2020020301017492,GBIME,6,52,200,289.00,"57,800.00"
2020-02-03,2020020301017436,GBIME,49,52,200,289.00,"57,800.00"
2020-02-03,2020020301017377,GBIME,45,32,375,288.00,"108,000.00"
2020-02-03,2020020301017240,GBIME,44,52,100,289.00,"28,900.00"
2020-02-03,2020020301017234,GBIME,32,52,375,289.00,"108,375.00"
2020-02-03,2020020301017202,GBIME,38,52,300,289.00,"86,700.00"
2020-02-03,2020020301017533,GBLBS,49,19,10,492.00,"4,920.00"
2020-02-03,2020020301017495,GBLBS,49,29,500,491.00,"245,500.00"
2020-02-03,2020020301017494,GBLBS,49,45,100,490.00,"49,000.00"
2020-02-03,2020020301017493,GBLBS,49,50,190,490.00,"93,100.00"
2020-02-03,2020020301017460,GBLBS,49,50,10,490.00,"4,900.00"
2020-02-03,2020020301017451,GBLBS,45,45,35,487.00,"17,045.00"
2020-02-03,2020020301017311,GILB,38,38,1,"1,310.00","1,310.00"
2020-02-03,2020020301017190,GILB,45,49,37,"1,336.00","49,432.00"
2020-02-03,2020020301017189,GILB,45,46,63,"1,335.00","84,105.00"
2020-02-03,2020020301017596,GLBSL,42,45,100,678.00,"67,800.00"
2020-02-03,2020020301017351,GLBSL,42,38,45,678.00,"30,510.00"
2020-02-03,2020020301017350,GLBSL,42,38,75,678.00,"50,850.00"
2020-02-03,2020020301017349,GLBSL,14,38,100,678.00,"67,800.00"
2020-02-03,2020020301017348,GLBSL,5,38,490,679.00,"332,710.00"
2020-02-03,2020020301017147,GLBSL,21,48,20,679.00,"13,580.00"
2020-02-03,2020020301017529,GLICL,43,7,500,733.00,"366,500.00"
2020-02-03,2020020301017528,GLICL,43,40,100,732.00,"73,200.00"
2020-02-03,2020020301017527,GLICL,43,48,26,731.00,"19,006.00"
2020-02-03,2020020301017266,GLICL,16,50,100,730.00,"73,000.00"
2020-02-03,2020020301017216,GLICL,57,48,302,731.00,"220,762.00"
2020-02-03,2020020301017448,HBL,32,52,10,522.00,"5,220.00"
2020-02-03,2020020301017316,HBL,44,5,50,520.00,"26,000.00"
2020-02-03,2020020301017599,HDL,14,58,70,"1,220.00","85,400.00"
2020-02-03,2020020301017575,HDL,56,58,300,"1,220.00","366,000.00"
2020-02-03,2020020301017335,HDL,14,58,120,"1,220.00","146,400.00"
2020-02-03,2020020301017334,HDL,45,58,300,"1,220.00","366,000.00"
2020-02-03,2020020301017333,HDL,13,58,210,"1,221.00","256,410.00"
2020-02-03,2020020301017258,HDL,13,17,90,"1,221.00","109,890.00"
2020-02-03,2020020301017548,HGI,52,44,200,427.00,"85,400.00"
2020-02-03,2020020301017389,HGI,25,8,270,427.00,"115,290.00"
2020-02-03,2020020301017355,HIDCL,28,14,10,142.00,"1,420.00"
2020-02-03,2020020301017379,HPPL,22,40,20,152.00,"3,040.00"
2020-02-03,2020020301017459,ICFC,36,45,300,179.00,"53,700.00"
2020-02-03,2020020301017312,IGI,42,42,200,439.00,"87,800.00"
2020-02-03,2020020301017267,IGI,52,44,20,441.00,"8,820.00"
2020-02-03,2020020301017536,JBBL,49,58,10,191.00,"1,910.00"
2020-02-03,2020020301017387,JBBL,41,6,200,190.00,"38,000.00"
2020-02-03,2020020301017386,JBBL,22,6,300,190.00,"57,000.00"
2020-02-03,2020020301017287,JOSHI,33,49,20,62.00,"1,240.00"
2020-02-03,2020020301017421,JSLBB,34,17,18,"1,615.00","29,070.00"
2020-02-03,2020020301017307,JSLBB,34,45,10,"1,599.00","15,990.00"
2020-02-03,2020020301017375,KADBL,4,56,30,268.00,"8,040.00"
2020-02-03,2020020301017374,KADBL,4,4,70,266.00,"18,620.00"
2020-02-03,2020020301017443,KBL,21,14,700,202.00,"141,400.00"
2020-02-03,2020020301017252,KBL,21,49,100,202.00,"20,200.00"
2020-02-03,2020020301017461,KKHC,46,25,100,59.00,"5,900.00"
2020-02-03,2020020301017371,KSBBL,45,48,12,162.00,"1,944.00"
2020-02-03,2020020301017314,KSBBL,26,13,51,161.00,"8,211.00"
2020-02-03,2020020301017197,KSBBL,6,48,186,162.00,"30,132.00"
2020-02-03,2020020301017454,LBBL,1,19,40,195.00,"7,800.00"
2020-02-03,2020020301017272,LBBL,41,48,351,194.00,"68,094.00"
2020-02-03,2020020301017578,LBL,29,58,200,230.00,"46,000.00"
2020-02-03,2020020301017541,LBL,14,55,10,232.00,"2,320.00"
2020-02-03,2020020301017182,LEMF,49,34,100,8.36,836.00
2020-02-03,2020020301017420,LGIL,56,44,20,490.00,"9,800.00"
2020-02-03,2020020301017419,LGIL,38,44,390,490.00,"191,100.00"
2020-02-03,2020020301017418,LGIL,38,28,50,490.00,"24,500.00"
2020-02-03,2020020301017254,LGIL,11,53,69,492.00,"33,948.00"
2020-02-03,2020020301017453,LLBS,49,54,92,"1,061.00","97,612.00"
2020-02-03,2020020301017332,MBL,10,44,100,240.00,"24,000.00"
2020-02-03,2020020301017553,MDB,38,49,42,340.00,"14,280.00"
2020-02-03,2020020301017552,MDB,38,56,30,340.00,"10,200.00"
2020-02-03,2020020301017551,MDB,38,49,236,338.00,"79,768.00"
2020-02-03,2020020301017623,MEGA,32,25,450,207.00,"93,150.00"
2020-02-03,2020020301017622,MEGA,32,26,50,206.00,"10,300.00"
2020-02-03,2020020301017618,MERO,45,28,10,681.00,"6,810.00"
2020-02-03,2020020301017562,MERO,29,7,30,680.00,"20,400.00"
2020-02-03,2020020301017561,MERO,48,7,50,680.00,"34,000.00"
2020-02-03,2020020301017481,MERO,44,18,50,680.00,"34,000.00"
2020-02-03,2020020301017480,MERO,44,26,423,680.00,"287,640.00"
2020-02-03,2020020301017380,MERO,45,26,20,680.00,"13,600.00"
2020-02-03,2020020301017193,MERO,45,26,57,680.00,"38,760.00"
2020-02-03,2020020301017138,MERO,29,49,33,679.00,"22,407.00"
2020-02-03,2020020301017628,MFIL,39,6,40,195.00,"7,800.00"
2020-02-03,2020020301017318,MFIL,22,6,20,195.00,"3,900.00"
2020-02-03,2020020301017232,MFIL,39,6,10,195.00,"1,950.00"
2020-02-03,2020020301017192,MFIL,39,6,50,195.00,"9,750.00"
2020-02-03,2020020301017484,MLBBL,25,29,10,860.00,"8,600.00"
2020-02-03,2020020301017442,MLBBL,25,45,80,855.00,"68,400.00"
2020-02-03,2020020301017441,MLBBL,25,33,60,851.00,"51,060.00"
2020-02-03,2020020301017440,MLBBL,25,19,20,850.00,"17,000.00"
2020-02-03,2020020301017439,MLBBL,25,34,35,845.00,"29,575.00"
2020-02-03,2020020301017428,MLBBL,17,34,10,845.00,"8,450.00"
2020-02-03,2020020301017257,MPFL,18,14,79,145.00,"11,455.00"
2020-02-03,2020020301017573,NABIL,14,11,85,738.00,"62,730.00"
2020-02-03,2020020301017405,NABIL,7,4,25,740.00,"18,500.00"
2020-02-03,2020020301017290,NABIL,45,4,20,740.00,"14,800.00"
2020-02-03,2020020301017235,NABIL,35,4,500,740.00,"370,000.00"
2020-02-03,2020020301017146,NABIL,40,6,200,739.00,"147,800.00"
2020-02-03,2020020301017145,NABIL,14,6,100,739.00,"73,900.00"
2020-02-03,2020020301017570,NADEP,32,59,57,705.00,"40,185.00"
2020-02-03,2020020301017545,NADEP,32,38,14,705.00,"9,870.00"
2020-02-03,2020020301017544,NADEP,16,38,106,706.00,"74,836.00"
2020-02-03,2020020301017514,NADEP,16,56,194,706.00,"136,964.00"
2020-02-03,2020020301017218,NADEP,17,34,358,708.00,"253,464.00"
2020-02-03,2020020301017217,NADEP,20,34,44,709.00,"31,196.00"
2020-02-03,2020020301017215,NADEP,20,42,10,709.00,"7,090.00"
2020-02-03,2020020301017513,NADEP,50,56,20,706.00,"14,120.00"
2020-02-03,2020020301017512,NADEP,35,56,28,706.00,"19,768.00"
2020-02-03,2020020301017511,NADEP,3,56,96,707.00,"67,872.00"
2020-02-03,2020020301017510,NADEP,1,56,20,707.00,"14,140.00"
2020-02-03,2020020301017241,NADEP,17,56,142,708.00,"100,536.00"
2020-02-03,2020020301017621,NBB,34,49,10,213.00,"2,130.00"
2020-02-03,2020020301017631,NBL,33,55,100,273.00,"27,300.00"
2020-02-03,2020020301017630,NBL,33,58,200,272.00,"54,400.00"
2020-02-03,2020020301017629,NBL,33,56,700,272.00,"190,400.00"
2020-02-03,2020020301017491,NBL,43,56,50,272.00,"13,600.00"
2020-02-03,2020020301017427,NBL,53,1,92,271.00,"24,932.00"
2020-02-03,2020020301017426,NBL,25,1,108,271.00,"29,268.00"
2020-02-03,2020020301017325,NBL,34,56,200,272.00,"54,400.00"
2020-02-03,2020020301017260,NBL,43,56,50,272.00,"13,600.00"
2020-02-03,2020020301017221,NBL,25,4,"1,892",271.00,"512,732.00"
2020-02-03,2020020301017220,NBL,25,4,"1,108",271.00,"300,268.00"
2020-02-03,2020020301017219,NBL,33,4,"1,000",272.00,"272,000.00"
2020-02-03,2020020301017144,NBL,25,28,500,271.00,"135,500.00"
2020-02-03,2020020301017498,NCCB,33,38,10,200.00,"2,000.00"
2020-02-03,2020020301017404,NCCB,43,38,100,199.00,"19,900.00"
2020-02-03,2020020301017403,NCCB,40,38,200,199.00,"39,800.00"
2020-02-03,2020020301017402,NCCB,21,38,300,199.00,"59,700.00"
2020-02-03,2020020301017401,NCCB,58,38,217,199.00,"43,183.00"
2020-02-03,2020020301017400,NCCB,38,38,450,199.00,"89,550.00"
2020-02-03,2020020301017187,NCCB,43,6,500,199.00,"99,500.00"
2020-02-03,2020020301017186,NCCB,48,6,450,199.00,"89,550.00"
2020-02-03,2020020301017185,NCCB,48,6,33,199.00,"6,567.00"
2020-02-03,2020020301017393,NCCB,39,38,100,199.00,"19,900.00"
2020-02-03,2020020301017392,NCCB,36,38,300,199.00,"59,700.00"
2020-02-03,2020020301017391,NCCB,3,38,"1,000",199.00,"199,000.00"
2020-02-03,2020020301017390,NCCB,57,38,325,199.00,"64,675.00"
2020-02-03,2020020301017365,NCCB,57,22,500,199.00,"99,500.00"
2020-02-03,2020020301017188,NCCB,57,6,175,199.00,"34,825.00"
2020-02-03,2020020301017399,NCCB,54,38,120,199.00,"23,880.00"
2020-02-03,2020020301017398,NCCB,49,38,"1,000",199.00,"199,000.00"
2020-02-03,2020020301017397,NCCB,47,38,200,199.00,"39,800.00"
2020-02-03,2020020301017396,NCCB,21,38,100,199.00,"19,900.00"
2020-02-03,2020020301017395,NCCB,8,38,"1,000",199.00,"199,000.00"
2020-02-03,2020020301017394,NCCB,25,38,190,199.00,"37,810.00"
2020-02-03,2020020301017211,NGPL,57,49,11,119.00,"1,309.00"
2020-02-03,2020020301017278,NIB,40,49,17,397.00,"6,749.00"
2020-02-03,2020020301017530,NIBPO,1,4,750,359.00,"269,250.00"
2020-02-03,2020020301017259,NIBPO,35,4,450,359.00,"161,550.00"
2020-02-03,2020020301017166,NIBPO,1,4,300,359.00,"107,700.00"
2020-02-03,2020020301017165,NIBPO,45,4,200,360.00,"72,000.00"
2020-02-03,2020020301017164,NIBPO,39,4,250,360.00,"90,000.00"
2020-02-03,2020020301017168,NIBPO,34,4,"1,000",359.00,"359,000.00"
2020-02-03,2020020301017167,NIBPO,8,4,"1,000",359.00,"359,000.00"
2020-02-03,2020020301017617,NICA,4,45,"1,296",488.00,"632,448.00"
2020-02-03,2020020301017564,NICA,57,45,100,488.00,"48,800.00"
2020-02-03,2020020301017362,NICA,48,45,500,488.00,"244,000.00"
2020-02-03,2020020301017361,NICA,57,3,200,487.00,"97,400.00"
2020-02-03,2020020301017180,NICA,16,45,104,488.00,"50,752.00"
2020-02-03,2020020301017179,NICA,16,6,96,488.00,"46,848.00"
2020-02-03,2020020301017152,NICA,57,5,12,487.00,"5,844.00"
2020-02-03,2020020301017151,NICA,39,5,35,487.00,"17,045.00"
2020-02-03,2020020301017576,NICL,44,25,100,431.00,"43,100.00"
2020-02-03,2020020301017475,NICL,17,53,360,433.00,"155,880.00"
2020-02-03,2020020301017474,NICL,17,44,40,433.00,"17,320.00"
2020-02-03,2020020301017364,NICL,38,14,30,430.00,"12,900.00"
2020-02-03,2020020301017363,NICL,38,37,120,429.00,"51,480.00"
2020-02-03,2020020301017206,NICL,44,52,200,427.00,"85,400.00"
2020-02-03,2020020301017425,NICL,44,45,"1,000",431.00,"431,000.00"
2020-02-03,2020020301017424,NICL,44,33,122,430.00,"52,460.00"
2020-02-03,2020020301017423,NICL,44,8,200,430.00,"86,000.00"
2020-02-03,2020020301017422,NICL,44,14,70,430.00,"30,100.00"
2020-02-03,2020020301017579,NIL,59,55,240,557.00,"133,680.00"
2020-02-03,2020020301017542,NIL,49,55,50,558.00,"27,900.00"
2020-02-03,2020020301017532,NIL,40,55,210,558.00,"117,180.00"
2020-02-03,2020020301017357,NIL,59,16,10,563.00,"5,630.00"
2020-02-03,2020020301017356,NIL,59,21,100,562.00,"56,200.00"
2020-02-03,2020020301017317,NIL,40,55,290,558.00,"161,820.00"
2020-02-03,2020020301017286,NIL,33,55,200,558.00,"111,600.00"
2020-02-03,2020020301017285,NIL,28,55,10,558.00,"5,580.00"
2020-02-03,2020020301017214,NIL,59,16,10,563.00,"5,630.00"
2020-02-03,2020020301017213,NIL,59,44,33,562.00,"18,546.00"
2020-02-03,2020020301017301,NLBBL,44,38,64,768.00,"49,152.00"
2020-02-03,2020020301017300,NLBBL,6,38,184,768.00,"141,312.00"
2020-02-03,2020020301017299,NLBBL,44,38,52,769.00,"39,988.00"
2020-02-03,2020020301017244,NLBBL,50,6,25,771.00,"19,275.00"
2020-02-03,2020020301017243,NLBBL,48,6,185,771.00,"142,635.00"
2020-02-03,2020020301017407,NLG,18,50,88,877.00,"77,176.00"
2020-02-03,2020020301017262,NLG,57,22,100,876.00,"87,600.00"
2020-02-03,2020020301017261,NLG,44,22,200,876.00,"175,200.00"
2020-02-03,2020020301017413,NLG,18,34,38,880.00,"33,440.00"
2020-02-03,2020020301017412,NLG,18,34,56,880.00,"49,280.00"
2020-02-03,2020020301017411,NLG,18,34,56,880.00,"49,280.00"
2020-02-03,2020020301017410,NLG,18,34,500,879.00,"439,500.00"
2020-02-03,2020020301017409,NLG,18,16,150,879.00,"131,850.00"
2020-02-03,2020020301017408,NLG,18,43,354,878.00,"310,812.00"
2020-02-03,2020020301017490,NLG,18,39,100,881.00,"88,100.00"
2020-02-03,2020020301017489,NLG,18,44,760,881.00,"669,560.00"
2020-02-03,2020020301017417,NLG,18,44,120,881.00,"105,720.00"
2020-02-03,2020020301017416,NLG,18,39,100,880.00,"88,000.00"
2020-02-03,2020020301017415,NLG,18,34,500,880.00,"440,000.00"
2020-02-03,2020020301017414,NLG,18,34,38,880.00,"33,440.00"
2020-02-03,2020020301017462,NLIC,32,58,100,"1,128.00","112,800.00"
2020-02-03,2020020301017434,NLIC,58,44,100,"1,123.00","112,300.00"
2020-02-03,2020020301017388,NLIC,58,4,64,"1,123.00","71,872.00"
2020-02-03,2020020301017353,NLIC,34,4,8,"1,124.00","8,992.00"
2020-02-03,2020020301017352,NLIC,34,49,22,"1,124.00","24,728.00"
2020-02-03,2020020301017343,NLIC,20,58,48,"1,128.00","54,144.00"
2020-02-03,2020020301017342,NLIC,20,35,30,"1,127.00","33,810.00"
2020-02-03,2020020301017227,NLIC,57,58,549,"1,128.00","619,272.00"
2020-02-03,2020020301017226,NLIC,57,25,51,"1,127.00","57,477.00"
2020-02-03,2020020301017224,NLIC,58,55,35,"1,123.00","39,305.00"
2020-02-03,2020020301017223,NLIC,32,55,346,"1,123.00","388,558.00"
2020-02-03,2020020301017194,NLIC,45,55,300,"1,124.00","337,200.00"
2020-02-03,2020020301017563,NLICL,44,44,100,654.00,"65,400.00"
2020-02-03,2020020301017345,NLICL,41,4,500,655.00,"327,500.00"
2020-02-03,2020020301017344,NLICL,41,4,500,655.00,"327,500.00"
2020-02-03,2020020301017580,NMB,42,34,200,370.00,"74,000.00"
2020-02-03,2020020301017496,NMB,41,49,300,371.00,"111,300.00"
2020-02-03,2020020301017370,NMB,42,52,19,370.00,"7,030.00"
2020-02-03,2020020301017366,NMB,42,25,30,370.00,"11,100.00"
2020-02-03,2020020301017338,NMB,42,53,169,370.00,"62,530.00"
2020-02-03,2020020301017337,NMB,57,53,200,370.00,"74,000.00"
2020-02-03,2020020301017336,NMB,49,53,131,370.00,"48,470.00"
2020-02-03,2020020301017284,NMB,22,49,225,371.00,"83,475.00"
2020-02-03,2020020301017283,NMB,22,50,500,371.00,"185,500.00"
2020-02-03,2020020301017282,NMB,22,13,100,371.00,"37,100.00"
2020-02-03,2020020301017281,NMB,22,44,175,371.00,"64,925.00"
2020-02-03,2020020301017134,NNLB,16,16,95,834.00,"79,230.00"
2020-02-03,2020020301017313,NSEWA,17,22,100,700.00,"70,000.00"
2020-02-03,2020020301017150,NSEWA,17,21,10,700.00,"7,000.00"
2020-02-03,2020020301017540,NTC,48,52,100,622.00,"62,200.00"
2020-02-03,2020020301017627,NUBL,7,21,10,998.00,"9,980.00"
2020-02-03,2020020301017523,NUBL,45,39,31,986.00,"30,566.00"
2020-02-03,2020020301017522,NUBL,55,39,39,987.00,"38,493.00"
2020-02-03,2020020301017521,NUBL,39,39,50,987.00,"49,350.00"
2020-02-03,2020020301017520,NUBL,26,39,50,987.00,"49,350.00"
2020-02-03,2020020301017581,OHL,56,48,10,523.00,"5,230.00"
2020-02-03,2020020301017595,PCBL,34,45,120,285.00,"34,200.00"
2020-02-03,2020020301017594,PCBL,34,38,228,285.00,"64,980.00"
2020-02-03,2020020301017593,PCBL,34,53,152,285.00,"43,320.00"
2020-02-03,2020020301017473,PCBL,17,53,"1,000",285.00,"285,000.00"
2020-02-03,2020020301017430,PFL,1,13,461,157.00,"72,377.00"
2020-02-03,2020020301017607,PIC,16,58,10,577.00,"5,770.00"
2020-02-03,2020020301017238,PIC,37,37,60,575.00,"34,500.00"
2020-02-03,2020020301017237,PIC,37,28,203,575.00,"116,725.00"
2020-02-03,2020020301017236,PIC,37,43,97,574.00,"55,678.00"
2020-02-03,2020020301017550,PICL,26,44,10,706.00,"7,060.00"
2020-02-03,2020020301017271,PICL,38,34,100,701.00,"70,100.00"
2020-02-03,2020020301017270,PICL,38,34,100,701.00,"70,100.00"
2020-02-03,2020020301017269,PICL,38,34,100,701.00,"70,100.00"
2020-02-03,2020020301017268,PICL,46,34,100,702.00,"70,200.00"
2020-02-03,2020020301017559,PLIC,28,21,700,565.00,"395,500.00"
2020-02-03,2020020301017289,PLIC,22,59,75,568.00,"42,600.00"
2020-02-03,2020020301017288,PLIC,22,29,225,568.00,"127,800.00"
2020-02-03,2020020301017602,PRIN,25,17,570,456.00,"259,920.00"
2020-02-03,2020020301017601,PRIN,25,26,83,455.00,"37,765.00"
2020-02-03,2020020301017600,PRIN,25,58,200,454.00,"90,800.00"
2020-02-03,2020020301017305,PRIN,34,17,10,456.00,"4,560.00"
2020-02-03,2020020301017304,PRIN,34,16,32,455.00,"14,560.00"
2020-02-03,2020020301017143,PRIN,26,32,105,451.00,"47,355.00"
2020-02-03,2020020301017445,PRVU,16,56,50,259.00,"12,950.00"
2020-02-03,2020020301017358,PRVU,38,34,500,258.00,"129,000.00"
2020-02-03,2020020301017160,PRVU,38,7,127,258.00,"32,766.00"
2020-02-03,2020020301017159,PRVU,17,7,200,258.00,"51,600.00"
2020-02-03,2020020301017158,PRVU,59,7,500,258.00,"129,000.00"
2020-02-03,2020020301017157,PRVU,47,7,923,258.00,"238,134.00"
2020-02-03,2020020301017331,RBCLPO,38,38,50,"8,322.00","416,100.00"
2020-02-03,2020020301017330,RBCLPO,7,38,10,"8,323.00","83,230.00"
2020-02-03,2020020301017329,RBCLPO,3,38,60,"8,325.00","499,500.00"
2020-02-03,2020020301017328,RBCLPO,34,38,20,"8,325.00","166,500.00"
2020-02-03,2020020301017327,RBCLPO,7,38,10,"8,327.00","83,270.00"
2020-02-03,2020020301017315,RHPC,35,45,10,79.00,790.00
2020-02-03,2020020301017148,RHPC,35,44,"1,990",79.00,"157,210.00"
2020-02-03,2020020301017592,RHPL,58,49,100,178.00,"17,800.00"
2020-02-03,2020020301017509,RHPL,13,49,170,178.00,"30,260.00"
2020-02-03,2020020301017508,RHPL,13,58,930,176.00,"163,680.00"
2020-02-03,2020020301017406,RHPL,58,45,10,175.00,"1,750.00"
2020-02-03,2020020301017310,RHPL,58,59,30,175.00,"5,250.00"
2020-02-03,2020020301017298,RHPL,58,44,40,175.00,"7,000.00"
2020-02-03,2020020301017231,RHPL,58,21,40,175.00,"7,000.00"
2020-02-03,2020020301017201,RHPL,58,59,30,175.00,"5,250.00"
2020-02-03,2020020301017141,RHPL,58,57,50,175.00,"8,750.00"
2020-02-03,2020020301017524,RMDC,34,45,10,677.00,"6,770.00"
2020-02-03,2020020301017616,RSDC,6,46,300,490.00,"147,000.00"
2020-02-03,2020020301017501,RSDC,1,46,70,490.00,"34,300.00"
2020-02-03,2020020301017500,RSDC,1,44,30,489.00,"14,670.00"
2020-02-03,2020020301017620,SABSL,22,37,10,870.00,"8,700.00"
2020-02-03,2020020301017319,SABSL,17,49,40,863.00,"34,520.00"
2020-02-03,2020020301017253,SABSL,22,37,10,870.00,"8,700.00"
2020-02-03,2020020301017162,SABSL,6,26,200,866.00,"173,200.00"
2020-02-03,2020020301017161,SABSL,17,26,300,866.00,"259,800.00"
2020-02-03,2020020301017477,SADBL,49,49,990,163.00,"161,370.00"
2020-02-03,2020020301017476,SADBL,57,49,10,164.00,"1,640.00"
2020-02-03,2020020301017547,SANIMA,45,13,50,353.00,"17,650.00"
2020-02-03,2020020301017546,SANIMA,1,13,47,353.00,"16,591.00"
2020-02-03,2020020301017155,SANIMA,1,52,53,353.00,"18,709.00"
2020-02-03,2020020301017154,SANIMA,57,52,100,353.00,"35,300.00"
2020-02-03,2020020301017153,SANIMA,57,52,647,353.00,"228,391.00"
2020-02-03,2020020301017609,SBI,49,22,200,428.00,"85,600.00"
2020-02-03,2020020301017535,SBL,57,26,211,319.00,"67,309.00"
2020-02-03,2020020301017384,SBL,1,5,70,317.00,"22,190.00"
2020-02-03,2020020301017383,SBL,36,5,30,318.00,"9,540.00"
2020-02-03,2020020301017265,SBL,36,26,731,319.00,"233,189.00"
2020-02-03,2020020301017264,SBL,36,25,100,319.00,"31,900.00"
2020-02-03,2020020301017263,SBL,36,13,169,318.00,"53,742.00"
2020-02-03,2020020301017572,SCB,35,44,75,625.00,"46,875.00"
2020-02-03,2020020301017571,SCB,35,44,425,625.00,"265,625.00"
2020-02-03,2020020301017239,SDESI,25,33,10,874.00,"8,740.00"
2020-02-03,2020020301017633,SHINE,33,34,160,275.00,"44,000.00"
2020-02-03,2020020301017632,SHINE,39,34,"1,000",276.00,"276,000.00"
2020-02-03,2020020301017591,SHINE,38,26,20,277.00,"5,540.00"
2020-02-03,2020020301017558,SHINE,33,4,"1,032",275.00,"283,800.00"
2020-02-03,2020020301017385,SHINE,33,42,214,275.00,"58,850.00"
2020-02-03,2020020301017280,SHINE,33,45,500,275.00,"137,500.00"
2020-02-03,2020020301017156,SHINE,33,18,"1,100",275.00,"302,500.00"
2020-02-03,2020020301017560,SHIVM,18,6,400,527.00,"210,800.00"
2020-02-03,2020020301017458,SHIVM,35,35,175,525.00,"91,875.00"
2020-02-03,2020020301017457,SHIVM,57,35,500,525.00,"262,500.00"
2020-02-03,2020020301017456,SHIVM,34,35,115,525.00,"60,375.00"
2020-02-03,2020020301017455,SHIVM,58,35,100,525.00,"52,500.00"
2020-02-03,2020020301017433,SHIVM,34,21,35,525.00,"18,375.00"
2020-02-03,2020020301017347,SHIVM,6,35,500,526.00,"263,000.00"
2020-02-03,2020020301017242,SHIVM,47,58,250,526.00,"131,500.00"
2020-02-03,2020020301017225,SHIVM,33,35,500,525.00,"262,500.00"
2020-02-03,2020020301017432,SHIVM,25,21,500,525.00,"262,500.00"
2020-02-03,2020020301017431,SHIVM,33,21,515,525.00,"270,375.00"
2020-02-03,2020020301017429,SHIVM,33,58,500,525.00,"262,500.00"
2020-02-03,2020020301017382,SHIVM,6,35,110,526.00,"57,860.00"
2020-02-03,2020020301017378,SHIVM,6,38,190,526.00,"99,940.00"
2020-02-03,2020020301017354,SHIVM,6,43,200,526.00,"105,200.00"
2020-02-03,2020020301017297,SHPC,25,5,137,217.00,"29,729.00"
2020-02-03,2020020301017251,SHPC,38,25,100,215.00,"21,500.00"
2020-02-03,2020020301017212,SHPC,38,38,600,215.00,"129,000.00"
2020-02-03,2020020301017296,SHPC,25,34,200,216.00,"43,200.00"
2020-02-03,2020020301017295,SHPC,25,25,100,216.00,"21,600.00"
2020-02-03,2020020301017294,SHPC,25,52,108,216.00,"23,328.00"
2020-02-03,2020020301017293,SHPC,25,34,55,216.00,"11,880.00"
2020-02-03,2020020301017292,SHPC,25,16,"1,000",215.00,"215,000.00"
2020-02-03,2020020301017276,SHPC,38,55,200,215.00,"43,000.00"
2020-02-03,2020020301017534,SIC,49,34,100,750.00,"75,000.00"
2020-02-03,2020020301017472,SIC,38,38,315,749.00,"235,935.00"
2020-02-03,2020020301017273,SIC,37,56,300,748.00,"224,400.00"
2020-02-03,2020020301017205,SICL,48,57,37,"1,180.00","43,660.00"
2020-02-03,2020020301017204,SICL,48,35,100,"1,180.00","118,000.00"
2020-02-03,2020020301017203,SICL,48,42,28,"1,180.00","33,040.00"
2020-02-03,2020020301017196,SICL,50,50,100,"1,179.00","117,900.00"
2020-02-03,2020020301017483,SJCL,38,45,20,162.00,"3,240.00"
2020-02-03,2020020301017435,SJCL,38,45,20,162.00,"3,240.00"
2020-02-03,2020020301017302,SJCL,38,21,20,162.00,"3,240.00"
2020-02-03,2020020301017209,SJCL,38,28,150,164.00,"24,600.00"
2020-02-03,2020020301017208,SJCL,38,13,450,163.00,"73,350.00"
2020-02-03,2020020301017605,SKBBL,33,57,55,984.00,"54,120.00"
2020-02-03,2020020301017604,SKBBL,33,25,200,984.00,"196,800.00"
2020-02-03,2020020301017603,SKBBL,33,25,80,984.00,"78,720.00"
2020-02-03,2020020301017625,SLBBL,58,44,50,874.00,"43,700.00"
2020-02-03,2020020301017624,SLBBL,40,50,100,873.00,"87,300.00"
2020-02-03,2020020301017598,SLBBL,39,38,200,875.00,"175,000.00"
2020-02-03,2020020301017597,SLBBL,39,52,300,875.00,"262,500.00"
2020-02-03,2020020301017539,SLBBL,39,49,120,874.00,"104,880.00"
2020-02-03,2020020301017538,SLBBL,39,21,136,874.00,"118,864.00"
2020-02-03,2020020301017139,SLBBL,29,44,20,866.00,"17,320.00"
2020-02-03,2020020301017303,SLBBL,39,44,200,869.00,"173,800.00"
2020-02-03,2020020301017191,SLBBL,34,44,100,869.00,"86,900.00"
2020-02-03,2020020301017140,SLBBL,42,44,40,866.00,"34,640.00"
2020-02-03,2020020301017537,SLBBL,39,7,500,873.00,"436,500.00"
2020-02-03,2020020301017464,SLBBL,58,21,50,874.00,"43,700.00"
2020-02-03,2020020301017463,SLBBL,58,33,200,872.00,"174,400.00"
2020-02-03,2020020301017373,SLBBL,58,34,500,870.00,"435,000.00"
2020-02-03,2020020301017372,SLBBL,58,44,200,869.00,"173,800.00"
2020-02-03,2020020301017309,SLBSL,34,21,345,859.00,"296,355.00"
2020-02-03,2020020301017256,SLBSL,16,21,155,859.00,"133,145.00"
2020-02-03,2020020301017255,SLBSL,16,39,345,858.00,"296,010.00"
2020-02-03,2020020301017626,SLICL,18,6,100,467.00,"46,700.00"
2020-02-03,2020020301017447,SLICL,57,21,10,468.00,"4,680.00"
2020-02-03,2020020301017446,SLICL,57,49,50,467.00,"23,350.00"
2020-02-03,2020020301017444,SLICL,39,6,200,466.00,"93,200.00"
2020-02-03,2020020301017200,SLICL,47,32,100,465.00,"46,500.00"
2020-02-03,2020020301017199,SLICL,22,32,200,466.00,"93,200.00"
2020-02-03,2020020301017198,SLICL,22,32,200,466.00,"93,200.00"
2020-02-03,2020020301017178,SLICL,22,45,200,466.00,"93,200.00"
2020-02-03,2020020301017577,SMB,28,26,10,821.00,"8,210.00"
2020-02-03,2020020301017279,SMFDB,25,44,50,786.00,"39,300.00"
2020-02-03,2020020301017341,SRBL,55,40,430,254.00,"109,220.00"
2020-02-03,2020020301017340,SRBL,43,40,70,254.00,"17,780.00"
2020-02-03,2020020301017479,STC,51,51,185,"2,396.00","443,260.00"
2020-02-03,2020020301017478,STC,57,51,15,"2,397.00","35,955.00"
2020-02-03,2020020301017482,SWBBL,33,13,194,"1,128.00","218,832.00"
2020-02-03,2020020301017230,SWBBL,58,13,10,"1,128.00","11,280.00"
2020-02-03,2020020301017229,SWBBL,58,56,10,"1,127.00","11,270.00"
2020-02-03,2020020301017326,TMDBL,21,58,100,184.00,"18,400.00"
2020-02-03,2020020301017142,TMDBL,21,21,200,184.00,"36,800.00"
2020-02-03,2020020301017549,UIC,42,41,300,428.00,"128,400.00"
2020-02-03,2020020301017346,UPPER,56,21,50,248.00,"12,400.00"
2020-02-03,2020020301017449,UPPER,56,52,230,248.00,"57,040.00"
2020-02-03,2020020301017087,ADBL,42,49,25,388.00,"9,700.00"
2020-02-03,2020020301017086,ADBL,42,49,25,388.00,"9,700.00"
2020-02-03,2020020301017085,ADBL,21,49,50,388.00,"19,400.00"
2020-02-03,2020020301016970,ADBL,21,6,150,388.00,"58,200.00"
2020-02-03,2020020301016969,ADBL,4,6,25,389.00,"9,725.00"
2020-02-03,2020020301016968,ADBL,57,6,25,389.00,"9,725.00"
2020-02-03,2020020301016814,AHPC,38,22,576,97.00,"55,872.00"
2020-02-03,2020020301016813,AHPC,1,22,150,97.00,"14,550.00"
2020-02-03,2020020301016812,AHPC,56,22,274,97.00,"26,578.00"
2020-02-03,2020020301017132,AKPL,1,40,"3,000",122.00,"366,000.00"
2020-02-03,2020020301017131,AKPL,34,40,"1,000",122.00,"122,000.00"
2020-02-03,2020020301017130,AKPL,45,40,500,122.00,"61,000.00"
2020-02-03,2020020301017129,AKPL,43,40,500,122.00,"61,000.00"
2020-02-03,2020020301017128,AKPL,6,40,"2,000",122.00,"244,000.00"
2020-02-03,2020020301017127,AKPL,45,40,"3,000",122.00,"366,000.00"
2020-02-03,2020020301017126,AKPL,7,40,"2,000",122.00,"244,000.00"
2020-02-03,2020020301017125,AKPL,45,40,"2,000",122.00,"244,000.00"
2020-02-03,2020020301017093,AKPL,13,40,600,123.00,"73,800.00"
2020-02-03,2020020301016717,AKPL,59,34,10,124.00,"1,240.00"
2020-02-03,2020020301016967,ALBSL,1,21,10,727.00,"7,270.00"
2020-02-03,2020020301016924,ALBSL,1,45,30,727.00,"21,810.00"
2020-02-03,2020020301017046,ALICL,40,11,23,566.00,"13,018.00"
2020-02-03,2020020301016939,ALICL,40,55,150,566.00,"84,900.00"
2020-02-03,2020020301016775,ALICL,52,18,100,567.00,"56,700.00"
2020-02-03,2020020301017029,API,25,1,10,124.00,"1,240.00"
2020-02-03,2020020301017028,API,25,45,62,123.00,"7,626.00"
2020-02-03,2020020301016748,API,25,1,20,124.00,"2,480.00"
2020-02-03,2020020301016747,API,25,44,91,123.00,"11,193.00"
2020-02-03,2020020301016716,API,58,44,500,123.00,"61,500.00"
2020-02-03,2020020301016715,API,57,44,"1,000",123.00,"123,000.00"
2020-02-03,2020020301016714,API,40,44,409,123.00,"50,307.00"
2020-02-03,2020020301016705,API,40,49,100,123.00,"12,300.00"
2020-02-03,2020020301017021,BARUN,39,44,230,99.00,"22,770.00"
2020-02-03,2020020301017020,BARUN,39,53,510,99.00,"50,490.00"
2020-02-03,2020020301016972,BARUN,39,25,50,98.00,"4,900.00"
2020-02-03,2020020301016971,BARUN,39,47,100,98.00,"9,800.00"
2020-02-03,2020020301016933,BARUN,39,13,100,97.00,"9,700.00"
2020-02-03,2020020301016932,BARUN,39,41,10,97.00,970.00
2020-02-03,2020020301016720,BFC,16,22,237,101.00,"23,937.00"
2020-02-03,2020020301016869,BOKL,14,19,500,241.00,"120,500.00"
2020-02-03,2020020301016868,BOKL,14,10,300,241.00,"72,300.00"
2020-02-03,2020020301016867,BOKL,14,45,50,241.00,"12,050.00"
2020-02-03,2020020301016866,BOKL,14,6,243,241.00,"58,563.00"
2020-02-03,2020020301016938,BPCL,49,8,100,343.00,"34,300.00"
2020-02-03,2020020301017070,CBL,7,34,220,149.00,"32,780.00"
2020-02-03,2020020301016871,CCBL,32,1,59,189.00,"11,151.00"
2020-02-03,2020020301016870,CCBL,32,32,"1,941",189.00,"366,849.00"
2020-02-03,2020020301016930,CHCL,38,45,83,456.00,"37,848.00"
2020-02-03,2020020301016929,CHCL,38,3,200,456.00,"91,200.00"
2020-02-03,2020020301016928,CHCL,38,45,117,456.00,"53,352.00"
2020-02-03,2020020301016927,CHCL,38,45,100,455.00,"45,500.00"
2020-02-03,2020020301016847,CHCL,58,34,490,455.00,"222,950.00"
2020-02-03,2020020301016800,CHCL,28,34,200,455.00,"91,000.00"
2020-02-03,2020020301016656,CHCL,46,34,300,455.00,"136,500.00"
2020-02-03,2020020301016655,CHCL,38,34,10,455.00,"4,550.00"
2020-02-03,2020020301017031,CHL,22,47,34,96.00,"3,264.00"
2020-02-03,2020020301017030,CHL,22,59,50,96.00,"4,800.00"
2020-02-03,2020020301017064,CIT,18,39,200,"2,316.00","463,200.00"
2020-02-03,2020020301017063,CIT,7,39,100,"2,317.00","231,700.00"
2020-02-03,2020020301017062,CIT,52,39,100,"2,318.00","231,800.00"
2020-02-03,2020020301017061,CIT,1,39,400,"2,320.00","928,000.00"
2020-02-03,2020020301017122,CLBSL,38,11,50,960.00,"48,000.00"
2020-02-03,2020020301017103,CLBSL,38,11,50,960.00,"48,000.00"
2020-02-03,2020020301017090,CZBIL,33,34,75,203.00,"15,225.00"
2020-02-03,2020020301017089,CZBIL,33,48,25,202.00,"5,050.00"
2020-02-03,2020020301016724,CZBIL,56,48,500,202.00,"101,000.00"
2020-02-03,2020020301016723,CZBIL,6,48,"1,150",202.00,"232,300.00"
2020-02-03,2020020301016722,CZBIL,6,48,100,202.00,"20,200.00"
2020-02-03,2020020301016721,CZBIL,6,48,225,202.00,"45,450.00"
2020-02-03,2020020301016708,CZBIL,44,34,272,203.00,"55,216.00"
2020-02-03,2020020301016660,DDBL,49,39,80,850.00,"68,000.00"
2020-02-03,2020020301016791,DHPL,39,18,605,52.00,"31,460.00"
2020-02-03,2020020301016778,DHPL,33,16,10,51.00,510.00
2020-02-03,2020020301016651,DHPL,34,18,500,52.00,"26,000.00"
2020-02-03,2020020301016650,DHPL,34,18,"1,000",52.00,"52,000.00"
2020-02-03,2020020301017088,EBL,57,36,100,656.00,"65,600.00"
2020-02-03,2020020301017024,EBL,6,25,50,655.00,"32,750.00"
2020-02-03,2020020301017023,EBL,33,25,10,655.00,"6,550.00"
2020-02-03,2020020301016695,EBL,6,36,50,656.00,"32,800.00"
2020-02-03,2020020301017048,EIC,57,5,367,442.00,"162,214.00"
2020-02-03,2020020301017047,EIC,48,5,33,443.00,"14,619.00"
2020-02-03,2020020301016991,EIC,48,56,350,443.00,"155,050.00"
2020-02-03,2020020301016909,EIC,48,41,17,443.00,"7,531.00"
2020-02-03,2020020301016908,EIC,34,41,83,443.00,"36,769.00"
2020-02-03,2020020301016897,EIC,34,55,117,443.00,"51,831.00"
2020-02-03,2020020301016896,EIC,6,55,133,443.00,"58,919.00"
2020-02-03,2020020301016864,FMDBL,42,14,20,476.00,"9,520.00"
2020-02-03,2020020301016767,FMDBL,34,51,34,475.00,"16,150.00"
2020-02-03,2020020301016739,FOWAD,45,53,50,"1,400.00","70,000.00"
2020-02-03,2020020301016699,FOWAD,45,10,98,"1,400.00","137,200.00"
2020-02-03,2020020301017092,GBBL,34,28,200,255.00,"51,000.00"
2020-02-03,2020020301017091,GBBL,34,49,100,254.00,"25,400.00"
2020-02-03,2020020301017080,GBBL,26,49,500,254.00,"127,000.00"
2020-02-03,2020020301017071,GBBL,36,28,100,255.00,"25,500.00"
2020-02-03,2020020301017069,GBBL,26,10,100,254.00,"25,400.00"
2020-02-03,2020020301017058,GBBL,21,28,500,255.00,"127,500.00"
2020-02-03,2020020301016676,GBBL,34,47,210,255.00,"53,550.00"
2020-02-03,2020020301016649,GBBL,34,57,158,255.00,"40,290.00"
2020-02-03,2020020301016648,GBBL,50,57,500,255.00,"127,500.00"
2020-02-03,2020020301016736,GBBL,50,44,100,257.00,"25,700.00"
2020-02-03,2020020301016718,GBBL,34,44,82,257.00,"21,074.00"
2020-02-03,2020020301016707,GBBL,34,48,309,256.00,"79,104.00"
2020-02-03,2020020301016706,GBBL,34,47,700,256.00,"179,200.00"
2020-02-03,2020020301016701,GBBL,7,47,500,256.00,"128,000.00"
2020-02-03,2020020301016681,GBBL,34,39,57,255.00,"14,535.00"
2020-02-03,2020020301016797,GBBL,34,39,500,256.00,"128,000.00"
2020-02-03,2020020301016782,GBBL,41,4,187,257.00,"48,059.00"
2020-02-03,2020020301016781,GBBL,41,22,813,257.00,"208,941.00"
2020-02-03,2020020301016780,GBBL,34,22,"1,575",257.00,"404,775.00"
2020-02-03,2020020301016760,GBBL,19,22,932,257.00,"239,524.00"
2020-02-03,2020020301016759,GBBL,19,44,68,257.00,"17,476.00"
2020-02-03,2020020301016885,GBBL,41,58,338,256.00,"86,528.00"
2020-02-03,2020020301016846,GBBL,41,18,162,256.00,"41,472.00"
2020-02-03,2020020301016845,GBBL,34,18,323,256.00,"82,688.00"
2020-02-03,2020020301016829,GBBL,34,17,500,256.00,"128,000.00"
2020-02-03,2020020301016819,GBBL,19,4,100,257.00,"25,700.00"
2020-02-03,2020020301016798,GBBL,34,39,"1,177",256.00,"301,312.00"
2020-02-03,2020020301016977,GBBL,35,49,900,254.00,"228,600.00"
2020-02-03,2020020301016931,GBBL,35,49,100,254.00,"25,400.00"
2020-02-03,2020020301016901,GBBL,34,44,408,256.00,"104,448.00"
2020-02-03,2020020301016900,GBBL,34,49,330,256.00,"84,480.00"
2020-02-03,2020020301016899,GBBL,34,58,"1,262",256.00,"323,072.00"
2020-02-03,2020020301016898,GBBL,6,58,400,256.00,"102,400.00"
2020-02-03,2020020301017049,GBBL,49,28,200,255.00,"51,000.00"
2020-02-03,2020020301017045,GBBL,26,49,700,254.00,"177,800.00"
2020-02-03,2020020301017044,GBBL,34,49,400,254.00,"101,600.00"
2020-02-03,2020020301017019,GBBL,34,45,200,254.00,"50,800.00"
2020-02-03,2020020301016999,GBBL,34,49,900,254.00,"228,600.00"
2020-02-03,2020020301016993,GBBL,10,44,100,256.00,"25,600.00"
2020-02-03,2020020301017100,GBIME,34,52,343,289.00,"99,127.00"
2020-02-03,2020020301017099,GBIME,34,56,"1,000",289.00,"289,000.00"
2020-02-03,2020020301017098,GBIME,34,50,500,289.00,"144,500.00"
2020-02-03,2020020301017097,GBIME,34,3,108,289.00,"31,212.00"
2020-02-03,2020020301017096,GBIME,34,19,495,289.00,"143,055.00"
2020-02-03,2020020301017095,GBIME,34,32,400,289.00,"115,600.00"
2020-02-03,2020020301017094,GBIME,34,34,"2,154",289.00,"622,506.00"
2020-02-03,2020020301017035,GBIME,42,34,350,289.00,"101,150.00"
2020-02-03,2020020301016878,GBIME,49,34,50,289.00,"14,450.00"
2020-02-03,2020020301016750,GBIME,6,34,20,289.00,"5,780.00"
2020-02-03,2020020301016677,GBIME,45,34,500,289.00,"144,500.00"
2020-02-03,2020020301017124,GBLBS,1,38,100,486.00,"48,600.00"
2020-02-03,2020020301017123,GBLBS,50,38,100,487.00,"48,700.00"
2020-02-03,2020020301016861,GBLBS,1,49,300,486.00,"145,800.00"
2020-02-03,2020020301016696,GBLBS,40,38,300,486.00,"145,800.00"
2020-02-03,2020020301016749,GILB,38,38,1,"1,308.00","1,308.00"
2020-02-03,2020020301017108,GLBSL,5,41,10,679.00,"6,790.00"
2020-02-03,2020020301016713,GLBSL,7,45,10,680.00,"6,800.00"
2020-02-03,2020020301016821,GLICL,57,39,198,731.00,"144,738.00"
2020-02-03,2020020301016672,GLICL,52,33,200,730.00,"146,000.00"
2020-02-03,2020020301016671,GLICL,42,33,200,730.00,"146,000.00"
2020-02-03,2020020301016670,GLICL,7,33,245,731.00,"179,095.00"
2020-02-03,2020020301017067,GMFBS,43,41,10,838.00,"8,380.00"
2020-02-03,2020020301017133,HDL,41,33,50,"1,225.00","61,250.00"
2020-02-03,2020020301017037,HDL,11,45,50,"1,220.00","61,000.00"
2020-02-03,2020020301017036,HDL,21,45,100,"1,220.00","122,000.00"
2020-02-03,2020020301016992,HDL,4,33,75,"1,225.00","91,875.00"
2020-02-03,2020020301016766,HDL,45,54,10,"1,220.00","12,200.00"
2020-02-03,2020020301016757,HDL,26,54,200,"1,220.00","244,000.00"
2020-02-03,2020020301016756,HDL,42,54,450,"1,221.00","549,450.00"
2020-02-03,2020020301016755,HDL,50,54,20,"1,222.00","24,440.00"
2020-02-03,2020020301016754,HDL,7,54,100,"1,222.00","122,200.00"
2020-02-03,2020020301017074,HGI,41,8,230,427.00,"98,210.00"
2020-02-03,2020020301017073,HGI,41,36,30,426.00,"12,780.00"
2020-02-03,2020020301017056,HGI,5,32,190,424.00,"80,560.00"
2020-02-03,2020020301017055,HGI,35,32,80,425.00,"34,000.00"
2020-02-03,2020020301017025,HGI,35,55,170,425.00,"72,250.00"
2020-02-03,2020020301016976,HGI,35,49,200,425.00,"85,000.00"
2020-02-03,2020020301016905,HGI,35,55,50,425.00,"21,250.00"
2020-02-03,2020020301016685,HGI,57,55,50,425.00,"21,250.00"
2020-02-03,2020020301016662,HGI,51,49,50,425.00,"21,250.00"
2020-02-03,2020020301017104,HIDCL,28,39,53,140.00,"7,420.00"
2020-02-03,2020020301016643,HIDCL,34,14,20,142.00,"2,840.00"
2020-02-03,2020020301017003,HURJA,3,55,170,110.00,"18,700.00"
2020-02-03,2020020301017054,ILBS,38,21,10,813.00,"8,130.00"
2020-02-03,2020020301016990,ILBS,49,34,10,823.00,"8,230.00"
2020-02-03,2020020301016989,ILBS,49,25,10,822.00,"8,220.00"
2020-02-03,2020020301016988,ILBS,49,34,10,822.00,"8,220.00"
2020-02-03,2020020301016987,ILBS,49,59,10,821.00,"8,210.00"
2020-02-03,2020020301016884,JBBL,32,58,100,191.00,"19,100.00"
2020-02-03,2020020301016737,JBBL,22,22,200,190.00,"38,000.00"
2020-02-03,2020020301017027,JFL,42,58,10,190.00,"1,900.00"
2020-02-03,2020020301016951,JFL,42,57,100,187.00,"18,700.00"
2020-02-03,2020020301016950,JFL,42,26,301,187.00,"56,287.00"
2020-02-03,2020020301017040,JSLBB,7,45,57,"1,601.00","91,257.00"
2020-02-03,2020020301017039,JSLBB,34,45,10,"1,602.00","16,020.00"
2020-02-03,2020020301016785,JSLBB,7,10,43,"1,601.00","68,843.00"
2020-02-03,2020020301016784,JSLBB,16,10,100,"1,602.00","160,200.00"
2020-02-03,2020020301016783,JSLBB,34,10,18,"1,605.00","28,890.00"
2020-02-03,2020020301016949,KADBL,16,4,200,263.00,"52,600.00"
2020-02-03,2020020301017068,KBL,28,34,"1,312",202.00,"265,024.00"
2020-02-03,2020020301017041,KBL,28,25,100,202.00,"20,200.00"
2020-02-03,2020020301017026,KBL,28,45,88,202.00,"17,776.00"
2020-02-03,2020020301017000,KBL,28,40,500,202.00,"101,000.00"
2020-02-03,2020020301016860,KBL,49,57,700,202.00,"141,400.00"
2020-02-03,2020020301016693,KBL,49,49,300,202.00,"60,600.00"
2020-02-03,2020020301017072,KKHC,46,39,10,59.00,590.00
2020-02-03,2020020301017112,KPCL,51,49,10,91.00,910.00
2020-02-03,2020020301016769,KPCL,51,17,60,92.00,"5,520.00"
2020-02-03,2020020301016774,KPCL,51,45,130,92.00,"11,960.00"
2020-02-03,2020020301016773,KPCL,51,42,10,92.00,920.00
2020-02-03,2020020301016772,KPCL,51,47,10,92.00,920.00
2020-02-03,2020020301016771,KPCL,51,43,10,92.00,920.00
2020-02-03,2020020301016770,KPCL,51,42,10,92.00,920.00
2020-02-03,2020020301016915,KSBBL,25,4,500,163.00,"81,500.00"
2020-02-03,2020020301016823,KSBBL,6,42,314,162.00,"50,868.00"
2020-02-03,2020020301017002,LBBL,41,19,55,194.00,"10,670.00"
2020-02-03,2020020301017001,LBBL,21,19,45,194.00,"8,730.00"
2020-02-03,2020020301016856,LBBL,22,38,"1,000",195.00,"195,000.00"
2020-02-03,2020020301016855,LBBL,6,38,"2,000",195.00,"390,000.00"
2020-02-03,2020020301016854,LBBL,3,38,100,195.00,"19,500.00"
2020-02-03,2020020301016853,LBBL,41,38,50,195.00,"9,750.00"
2020-02-03,2020020301016852,LBBL,59,38,31,195.00,"6,045.00"
2020-02-03,2020020301016678,LBL,29,57,500,230.00,"115,000.00"
2020-02-03,2020020301016728,LGIL,56,55,100,492.00,"49,200.00"
2020-02-03,2020020301016634,LGIL,38,45,560,490.00,"274,400.00"
2020-02-03,2020020301016948,LICN,25,56,10,"1,246.00","12,460.00"
2020-02-03,2020020301016914,LICN,35,50,83,"1,236.00","102,588.00"
2020-02-03,2020020301016687,LICN,25,56,10,"1,246.00","12,460.00"
2020-02-03,2020020301016920,MEGA,32,25,100,207.00,"20,700.00"
2020-02-03,2020020301016913,MEGA,22,5,200,206.00,"41,200.00"
2020-02-03,2020020301016912,MEGA,22,36,100,206.00,"20,600.00"
2020-02-03,2020020301016911,MEGA,22,26,100,206.00,"20,600.00"
2020-02-03,2020020301016726,MEGA,32,28,102,205.00,"20,910.00"
2020-02-03,2020020301016691,MEGA,32,19,767,205.00,"157,235.00"
2020-02-03,2020020301016690,MEGA,36,19,83,205.00,"17,015.00"
2020-02-03,2020020301016689,MEGA,56,19,150,205.00,"30,750.00"
2020-02-03,2020020301016947,MERO,29,5,87,679.00,"59,073.00"
2020-02-03,2020020301016946,MERO,25,5,43,680.00,"29,240.00"
2020-02-03,2020020301016937,MERO,25,52,57,680.00,"38,760.00"
2020-02-03,2020020301016679,MERO,45,28,60,680.00,"40,800.00"
2020-02-03,2020020301016712,MERO,29,39,50,679.00,"33,950.00"
2020-02-03,2020020301016711,MERO,38,39,50,679.00,"33,950.00"
2020-02-03,2020020301016680,MERO,49,28,300,680.00,"204,000.00"
2020-02-03,2020020301016719,MFIL,47,34,400,194.00,"77,600.00"
2020-02-03,2020020301017053,MLBBL,53,6,200,833.00,"166,600.00"
2020-02-03,2020020301016768,MLBBL,53,38,150,833.00,"124,950.00"
2020-02-03,2020020301016686,MNBBL,32,57,188,327.00,"61,476.00"
2020-02-03,2020020301017022,MSMBS,28,18,10,785.00,"7,850.00"
2020-02-03,2020020301017079,NABIL,45,4,10,740.00,"7,400.00"
2020-02-03,2020020301017078,NABIL,45,4,20,740.00,"14,800.00"
2020-02-03,2020020301017077,NABIL,34,4,"3,230",740.00,"2,390,200.00"
2020-02-03,2020020301017076,NABIL,16,4,20,743.00,"14,860.00"
2020-02-03,2020020301017075,NABIL,41,4,15,745.00,"11,175.00"
2020-02-03,2020020301016985,NABIL,34,28,954,745.00,"710,730.00"
2020-02-03,2020020301016638,NABIL,16,4,450,740.00,"333,000.00"
2020-02-03,2020020301016637,NABIL,13,4,750,741.00,"555,750.00"
2020-02-03,2020020301016636,NABIL,25,4,10,741.00,"7,410.00"
2020-02-03,2020020301016635,NABIL,16,4,414,742.00,"307,188.00"
2020-02-03,2020020301016984,NABIL,34,53,90,744.00,"66,960.00"
2020-02-03,2020020301016983,NABIL,34,4,726,740.00,"537,240.00"
2020-02-03,2020020301016702,NABIL,14,36,70,738.00,"51,660.00"
2020-02-03,2020020301016641,NABIL,5,4,100,740.00,"74,000.00"
2020-02-03,2020020301016640,NABIL,14,4,50,740.00,"37,000.00"
2020-02-03,2020020301016639,NABIL,49,4,500,740.00,"370,000.00"
2020-02-03,2020020301017101,NADEP,20,21,23,709.00,"16,307.00"
2020-02-03,2020020301017066,NBB,19,38,39,212.00,"8,268.00"
2020-02-03,2020020301017065,NBB,46,38,61,212.00,"12,932.00"
2020-02-03,2020020301016995,NBL,32,55,50,273.00,"13,650.00"
2020-02-03,2020020301016935,NBL,17,55,40,273.00,"10,920.00"
2020-02-03,2020020301016727,NBL,25,55,20,273.00,"5,460.00"
2020-02-03,2020020301016787,NHDL,56,49,10,125.00,"1,250.00"
2020-02-03,2020020301016758,NHDL,56,52,10,125.00,"1,250.00"
2020-02-03,2020020301016975,NIB,40,51,18,397.00,"7,146.00"
2020-02-03,2020020301016974,NIB,40,52,251,397.00,"99,647.00"
2020-02-03,2020020301016973,NIB,1,52,605,397.00,"240,185.00"
2020-02-03,2020020301016910,NIB,1,51,16,397.00,"6,352.00"
2020-02-03,2020020301016838,NIB,1,16,50,397.00,"19,850.00"
2020-02-03,2020020301016883,NICA,59,5,74,487.00,"36,038.00"
2020-02-03,2020020301016851,NICA,59,55,120,487.00,"58,440.00"
2020-02-03,2020020301016761,NICA,59,29,100,487.00,"48,700.00"
2020-02-03,2020020301016735,NICA,59,52,206,487.00,"100,322.00"
2020-02-03,2020020301016734,NICA,7,52,24,487.00,"11,688.00"
2020-02-03,2020020301016733,NICA,35,52,20,487.00,"9,740.00"
2020-02-03,2020020301016732,NICA,58,52,"1,000",487.00,"487,000.00"
2020-02-03,2020020301016731,NICA,5,52,100,487.00,"48,700.00"
2020-02-03,2020020301016730,NICA,11,52,150,487.00,"73,050.00"
2020-02-03,2020020301016729,NICA,35,52,500,487.00,"243,500.00"
2020-02-03,2020020301016654,NICA,44,11,300,487.00,"146,100.00"
2020-02-03,2020020301016675,NICGF,6,35,"2,000",9.69,"19,380.00"
2020-02-03,2020020301016674,NICGF,6,35,500,9.69,"4,845.00"
2020-02-03,2020020301016673,NICGF,6,45,"2,000",9.69,"19,380.00"
2020-02-03,2020020301017121,NICL,44,48,200,427.00,"85,400.00"
2020-02-03,2020020301017120,NICL,49,48,800,428.00,"342,400.00"
2020-02-03,2020020301016917,NICL,44,44,200,427.00,"85,400.00"
2020-02-03,2020020301016894,NICL,28,44,200,427.00,"85,400.00"
2020-02-03,2020020301016887,NICL,49,44,950,427.00,"405,650.00"
2020-02-03,2020020301016886,NICL,57,44,650,428.00,"278,200.00"
2020-02-03,2020020301016804,NICL,40,45,500,429.00,"214,500.00"
2020-02-03,2020020301016725,NICL,57,52,250,428.00,"107,000.00"
2020-02-03,2020020301016986,NIL,39,55,50,555.00,"27,750.00"
2020-02-03,2020020301016906,NIL,59,44,"1,056",558.00,"589,248.00"
2020-02-03,2020020301016893,NIL,34,16,100,556.00,"55,600.00"
2020-02-03,2020020301016892,NIL,59,16,150,556.00,"83,400.00"
2020-02-03,2020020301016891,NIL,28,16,174,556.00,"96,744.00"
2020-02-03,2020020301016873,NIL,28,7,326,556.00,"181,256.00"
2020-02-03,2020020301016646,NIL,52,38,200,560.00,"112,000.00"
2020-02-03,2020020301016645,NIL,51,38,150,560.00,"84,000.00"
2020-02-03,2020020301016644,NIL,57,38,101,560.00,"56,560.00"
2020-02-03,2020020301016811,NIL,50,44,500,558.00,"279,000.00"
2020-02-03,2020020301016810,NIL,59,44,444,559.00,"248,196.00"
2020-02-03,2020020301016669,NIL,59,59,240,559.00,"134,160.00"
2020-02-03,2020020301016668,NIL,28,59,81,560.00,"45,360.00"
2020-02-03,2020020301016659,NIL,28,38,419,560.00,"234,640.00"
2020-02-03,2020020301016647,NIL,42,38,30,560.00,"16,800.00"
2020-02-03,2020020301016944,NLBBL,48,6,15,771.00,"11,565.00"
2020-02-03,2020020301016709,NLG,38,13,280,877.00,"245,560.00"
2020-02-03,2020020301016653,NLG,40,43,146,878.00,"128,188.00"
2020-02-03,2020020301016652,NLG,40,34,54,878.00,"47,412.00"
2020-02-03,2020020301017083,NLIC,42,25,30,"1,127.00","33,810.00"
2020-02-03,2020020301016848,NLIC,45,5,700,"1,124.00","786,800.00"
2020-02-03,2020020301017038,NNLB,16,51,20,834.00,"16,680.00"
2020-02-03,2020020301016998,NNLB,16,51,20,834.00,"16,680.00"
2020-02-03,2020020301016919,NNLB,40,8,100,835.00,"83,500.00"
2020-02-03,2020020301016918,NNLB,40,41,42,835.00,"35,070.00"
2020-02-03,2020020301016820,NNLB,16,39,15,834.00,"12,510.00"
2020-02-03,2020020301016818,NNLB,16,22,50,834.00,"41,700.00"
2020-02-03,2020020301016799,NNLB,41,16,50,828.00,"41,400.00"
2020-02-03,2020020301016786,NNLB,41,55,100,828.00,"82,800.00"
2020-02-03,2020020301016688,NNLB,40,22,50,834.00,"41,700.00"
2020-02-03,2020020301016710,NSEWA,17,11,210,700.00,"147,000.00"
2020-02-03,2020020301016700,NTC,22,45,60,622.00,"37,320.00"
2020-02-03,2020020301016874,NUBL,26,16,50,987.00,"49,350.00"
2020-02-03,2020020301016835,NUBL,42,39,100,990.00,"99,000.00"
2020-02-03,2020020301016834,NUBL,47,39,50,990.00,"49,500.00"
2020-02-03,2020020301016833,NUBL,42,39,100,990.00,"99,000.00"
2020-02-03,2020020301016832,NUBL,45,39,380,992.00,"376,960.00"
2020-02-03,2020020301016831,NUBL,45,39,500,993.00,"496,500.00"
2020-02-03,2020020301016830,NUBL,14,39,200,994.00,"198,800.00"
2020-02-03,2020020301016945,PCBL,32,53,140,285.00,"39,900.00"
2020-02-03,2020020301016738,PCBL,34,53,50,285.00,"14,250.00"
2020-02-03,2020020301017102,PIC,45,55,100,571.00,"57,100.00"
2020-02-03,2020020301016817,PIC,4,28,500,575.00,"287,500.00"
2020-02-03,2020020301017060,PICL,38,36,10,706.00,"7,060.00"
2020-02-03,2020020301017059,PICL,38,49,40,705.00,"28,200.00"
2020-02-03,2020020301017033,PICL,38,49,50,705.00,"35,250.00"
2020-02-03,2020020301016789,PICL,16,49,10,705.00,"7,050.00"
2020-02-03,2020020301016788,PICL,29,49,50,706.00,"35,300.00"
2020-02-03,2020020301017114,PLIC,40,6,200,567.00,"113,400.00"
2020-02-03,2020020301016796,PLIC,38,34,263,569.00,"149,647.00"
2020-02-03,2020020301016795,PLIC,38,16,147,568.00,"83,496.00"
2020-02-03,2020020301016794,PLIC,38,6,100,567.00,"56,700.00"
2020-02-03,2020020301016793,PLIC,38,48,240,567.00,"136,080.00"
2020-02-03,2020020301016792,PLIC,38,50,250,566.00,"141,500.00"
2020-02-03,2020020301016779,PLIC,28,49,50,565.00,"28,250.00"
2020-02-03,2020020301016658,PMHPL,10,58,300,92.00,"27,600.00"
2020-02-03,2020020301016657,PMHPL,10,59,150,92.00,"13,800.00"
2020-02-03,2020020301017111,PRIN,36,32,250,451.00,"112,750.00"
2020-02-03,2020020301017110,PRIN,53,32,200,451.00,"90,200.00"
2020-02-03,2020020301017109,PRIN,35,32,32,452.00,"14,464.00"
2020-02-03,2020020301017105,PRIN,26,33,500,455.00,"227,500.00"
2020-02-03,2020020301016959,PRIN,35,58,468,452.00,"211,536.00"
2020-02-03,2020020301016958,PRIN,54,58,650,452.00,"293,800.00"
2020-02-03,2020020301016809,PRIN,49,42,100,454.00,"45,400.00"
2020-02-03,2020020301016698,PRIN,34,17,10,456.00,"4,560.00"
2020-02-03,2020020301016697,PRIN,34,57,100,455.00,"45,500.00"
2020-02-03,2020020301016957,PRIN,34,58,300,453.00,"135,900.00"
2020-02-03,2020020301016956,PRIN,34,58,500,453.00,"226,500.00"
2020-02-03,2020020301016955,PRIN,21,58,30,453.00,"13,590.00"
2020-02-03,2020020301016954,PRIN,20,58,25,454.00,"11,350.00"
2020-02-03,2020020301016953,PRIN,49,58,27,454.00,"12,258.00"
2020-02-03,2020020301016940,PRIN,49,41,100,454.00,"45,400.00"
2020-02-03,2020020301016828,PROFL,17,45,"1,000",107.00,"107,000.00"
2020-02-03,2020020301017118,PRVU,47,6,77,258.00,"19,866.00"
2020-02-03,2020020301017117,PRVU,56,6,300,258.00,"77,400.00"
2020-02-03,2020020301017116,PRVU,16,6,500,258.00,"129,000.00"
2020-02-03,2020020301017115,PRVU,4,6,123,258.00,"31,734.00"
2020-02-03,2020020301017113,PRVU,49,56,320,259.00,"82,880.00"
2020-02-03,2020020301016826,PRVU,4,6,377,258.00,"97,266.00"
2020-02-03,2020020301016665,PRVU,47,20,200,258.00,"51,600.00"
2020-02-03,2020020301016664,PRVU,34,20,300,258.00,"77,400.00"
2020-02-03,2020020301016663,PRVU,10,20,398,258.00,"102,684.00"
2020-02-03,2020020301016825,PRVU,29,6,200,258.00,"51,600.00"
2020-02-03,2020020301016824,PRVU,14,6,423,258.00,"109,134.00"
2020-02-03,2020020301016816,PRVU,14,38,577,258.00,"148,866.00"
2020-02-03,2020020301016815,PRVU,38,38,923,258.00,"238,134.00"
2020-02-03,2020020301016667,PRVU,38,20,77,258.00,"19,866.00"
2020-02-03,2020020301016666,PRVU,43,20,25,258.00,"6,450.00"
2020-02-03,2020020301016865,RADHI,38,49,11,151.00,"1,661.00"
2020-02-03,2020020301016934,RBCL,56,49,20,"8,890.00","177,800.00"
2020-02-03,2020020301017034,RHPL,58,39,40,175.00,"7,000.00"
2020-02-03,2020020301017032,RHPL,52,58,500,176.00,"88,000.00"
2020-02-03,2020020301016926,RHPL,49,58,300,176.00,"52,800.00"
2020-02-03,2020020301016925,RHPL,57,58,270,176.00,"47,520.00"
2020-02-03,2020020301016921,RHPL,57,43,140,176.00,"24,640.00"
2020-02-03,2020020301016863,RHPL,58,49,100,178.00,"17,800.00"
2020-02-03,2020020301016740,RHPL,57,34,10,176.00,"1,760.00"
2020-02-03,2020020301016862,RHPL,58,45,300,177.00,"53,100.00"
2020-02-03,2020020301016803,RHPL,57,25,590,176.00,"103,840.00"
2020-02-03,2020020301016744,RHPL,57,29,500,177.00,"88,500.00"
2020-02-03,2020020301016743,RHPL,57,54,"3,000",177.00,"531,000.00"
2020-02-03,2020020301016742,RHPL,57,44,60,177.00,"10,620.00"
2020-02-03,2020020301016741,RHPL,57,47,40,177.00,"7,080.00"
2020-02-03,2020020301017057,RMDC,22,39,421,676.00,"284,596.00"
2020-02-03,2020020301016890,RMDC,44,34,190,676.00,"128,440.00"
2020-02-03,2020020301016857,RMDC,17,34,10,676.00,"6,760.00"
2020-02-03,2020020301016982,RRHP,42,49,10,101.00,"1,010.00"
2020-02-03,2020020301016859,RSDC,35,57,120,484.00,"58,080.00"
2020-02-03,2020020301016858,RSDC,17,57,50,484.00,"24,200.00"
2020-02-03,2020020301016808,RSDC,55,57,10,485.00,"4,850.00"
2020-02-03,2020020301016807,RSDC,36,57,200,485.00,"97,000.00"
2020-02-03,2020020301016806,RSDC,38,57,70,485.00,"33,950.00"
2020-02-03,2020020301016805,RSDC,45,57,350,485.00,"169,750.00"
2020-02-03,2020020301016751,RSDC,45,48,250,485.00,"121,250.00"
2020-02-03,2020020301016745,RSDC,45,38,200,485.00,"97,000.00"
2020-02-03,2020020301016684,SAEF,41,16,500,9.64,"4,820.00"
2020-02-03,2020020301016683,SAEF,41,16,500,9.64,"4,820.00"
2020-02-03,2020020301016682,SAEF,41,16,500,9.64,"4,820.00"
2020-02-03,2020020301016994,SANIMA,57,41,280,353.00,"98,840.00"
2020-02-03,2020020301016753,SANIMA,57,28,18,353.00,"6,354.00"
2020-02-03,2020020301016752,SANIMA,45,28,161,353.00,"56,833.00"
2020-02-03,2020020301016872,SAPDBL,53,32,770,150.00,"115,500.00"
2020-02-03,2020020301017050,SCB,35,49,500,625.00,"312,500.00"
2020-02-03,2020020301016981,SCB,35,20,75,625.00,"46,875.00"
2020-02-03,2020020301016980,SCB,44,20,72,625.00,"45,000.00"
2020-02-03,2020020301016979,SCB,45,20,60,626.00,"37,560.00"
2020-02-03,2020020301016907,SCB,45,13,40,626.00,"25,040.00"
2020-02-03,2020020301016746,SDESI,49,38,345,865.00,"298,425.00"
2020-02-03,2020020301017052,SHINE,33,56,"1,000",276.00,"276,000.00"
2020-02-03,2020020301017051,SHINE,33,1,"1,000",276.00,"276,000.00"
2020-02-03,2020020301016642,SHINE,57,26,775,271.00,"210,025.00"
2020-02-03,2020020301016963,SHINE,25,44,97,274.00,"26,578.00"
2020-02-03,2020020301016962,SHINE,25,57,29,274.00,"7,946.00"
2020-02-03,2020020301016961,SHINE,25,49,600,274.00,"164,400.00"
2020-02-03,2020020301016960,SHINE,4,49,80,274.00,"21,920.00"
2020-02-03,2020020301016936,SHINE,58,45,182,273.00,"49,686.00"
2020-02-03,2020020301017006,SHINE,33,52,10,275.00,"2,750.00"
2020-02-03,2020020301017005,SHINE,33,56,50,275.00,"13,750.00"
2020-02-03,2020020301017004,SHINE,33,28,"1,667",275.00,"458,425.00"
2020-02-03,2020020301016966,SHINE,25,34,"1,517",274.00,"415,658.00"
2020-02-03,2020020301016965,SHINE,25,38,600,274.00,"164,400.00"
2020-02-03,2020020301016964,SHINE,25,25,147,274.00,"40,278.00"
2020-02-03,2020020301017012,SHINE,33,22,233,276.00,"64,308.00"
2020-02-03,2020020301017011,SHINE,33,40,100,276.00,"27,600.00"
2020-02-03,2020020301017010,SHINE,33,17,500,275.00,"137,500.00"
2020-02-03,2020020301017009,SHINE,33,53,52,275.00,"14,300.00"
2020-02-03,2020020301017008,SHINE,33,32,100,275.00,"27,500.00"
2020-02-03,2020020301017007,SHINE,33,19,50,275.00,"13,750.00"
2020-02-03,2020020301017018,SHINE,33,1,"1,000",276.00,"276,000.00"
2020-02-03,2020020301017017,SHINE,33,42,237,276.00,"65,412.00"
2020-02-03,2020020301017016,SHINE,33,34,100,276.00,"27,600.00"
2020-02-03,2020020301017015,SHINE,33,7,200,276.00,"55,200.00"
2020-02-03,2020020301017014,SHINE,33,38,200,276.00,"55,200.00"
2020-02-03,2020020301017013,SHINE,33,34,500,276.00,"138,000.00"
2020-02-03,2020020301017107,SHIVM,47,58,250,526.00,"131,500.00"
2020-02-03,2020020301016952,SHIVM,34,14,100,526.00,"52,600.00"
2020-02-03,2020020301016895,SHPC,38,45,100,215.00,"21,500.00"
2020-02-03,2020020301016704,SHPC,49,5,400,217.00,"86,800.00"
2020-02-03,2020020301016703,SHPC,49,3,100,217.00,"21,700.00"
2020-02-03,2020020301016692,SHPC,49,49,200,216.00,"43,200.00"
2020-02-03,2020020301016694,SIC,34,40,100,748.00,"74,800.00"
2020-02-03,2020020301016889,SICL,58,25,200,"1,171.00","234,200.00"
2020-02-03,2020020301016888,SICL,21,25,100,"1,171.00","117,100.00"
2020-02-03,2020020301016882,SICL,47,39,350,"1,180.00","413,000.00"
2020-02-03,2020020301016881,SICL,47,58,150,"1,180.00","177,000.00"
2020-02-03,2020020301016777,SICL,19,19,70,"1,171.00","81,970.00"
2020-02-03,2020020301016776,SICL,4,19,30,"1,175.00","35,250.00"
2020-02-03,2020020301017082,SIL,25,57,15,600.00,"9,000.00"
2020-02-03,2020020301017081,SIL,25,55,100,599.00,"59,900.00"
2020-02-03,2020020301016923,SIL,47,25,100,599.00,"59,900.00"
2020-02-03,2020020301016922,SIL,47,44,400,599.00,"239,600.00"
2020-02-03,2020020301016850,SIL,25,44,30,599.00,"17,970.00"
2020-02-03,2020020301016849,SIL,25,32,129,598.00,"77,142.00"
2020-02-03,2020020301016822,SIL,34,45,27,593.00,"16,011.00"
2020-02-03,2020020301016765,SIL,4,32,371,598.00,"221,858.00"
2020-02-03,2020020301016764,SIL,4,25,500,597.00,"298,500.00"
2020-02-03,2020020301016763,SIL,4,6,29,597.00,"17,313.00"
2020-02-03,2020020301016762,SIL,4,44,100,596.00,"59,600.00"
2020-02-03,2020020301016661,SIL,58,6,50,597.00,"29,850.00"
2020-02-03,2020020301017119,SINDU,45,58,55,133.00,"7,315.00"
2020-02-03,2020020301017084,SJCL,38,39,20,162.00,"3,240.00"
2020-02-03,2020020301016997,SJCL,38,13,50,163.00,"8,150.00"
2020-02-03,2020020301016996,SJCL,38,26,50,163.00,"8,150.00"
2020-02-03,2020020301016978,SJCL,38,34,10,162.00,"1,620.00"
2020-02-03,2020020301016790,SKBBL,59,29,10,980.00,"9,800.00"
2020-02-03,2020020301017043,SLBBL,29,34,480,866.00,"415,680.00"
2020-02-03,2020020301017042,SLBBL,25,34,100,866.00,"86,600.00"
2020-02-03,2020020301016880,SLBBL,7,44,100,867.00,"86,700.00"
2020-02-03,2020020301016879,SLBBL,39,44,44,867.00,"38,148.00"
2020-02-03,2020020301016827,SLBBL,39,44,100,868.00,"86,800.00"
2020-02-03,2020020301016802,SLBSL,11,1,50,856.00,"42,800.00"
2020-02-03,2020020301016801,SLBSL,11,45,70,850.00,"59,500.00"
2020-02-03,2020020301017106,SMB,28,11,20,805.00,"16,100.00"
2020-02-03,2020020301016843,SMB,28,22,50,773.00,"38,650.00"
2020-02-03,2020020301016842,SMB,28,7,30,770.00,"23,100.00"
2020-02-03,2020020301016841,SMB,28,43,10,770.00,"7,700.00"
2020-02-03,2020020301016840,SMB,28,38,20,769.00,"15,380.00"
2020-02-03,2020020301016839,SMB,28,7,20,768.00,"15,360.00"
2020-02-03,2020020301016903,SMB,28,58,10,780.00,"7,800.00"
2020-02-03,2020020301016902,SMB,28,36,10,780.00,"7,800.00"
2020-02-03,2020020301016877,SMB,28,36,100,780.00,"78,000.00"
2020-02-03,2020020301016876,SMB,28,22,50,775.00,"38,750.00"
2020-02-03,2020020301016875,SMB,28,59,350,775.00,"271,250.00"
2020-02-03,2020020301016844,SMB,28,29,100,773.00,"77,300.00"
2020-02-03,2020020301016904,SMB,28,39,60,790.00,"47,400.00"
2020-02-03,2020020301016943,SMFBS,28,48,40,985.00,"39,400.00"
2020-02-03,2020020301016942,SMFBS,45,48,100,990.00,"99,000.00"
2020-02-03,2020020301016941,SMFBS,25,48,60,990.00,"59,400.00"
2020-02-03,2020020301016837,TRH,51,4,461,310.00,"142,910.00"
2020-02-03,2020020301016836,TRH,51,14,39,310.00,"12,090.00"
2020-02-03,2020020301016916,UPPER,25,52,20,249.00,"4,980.00"
2020-02-03,2020020301016220,ADBL,57,40,82,389.00,"31,898.00"
2020-02-03,2020020301016562,AKJCL,37,39,505,55.00,"27,775.00"
2020-02-03,2020020301016623,AKPL,45,40,"1,000",122.00,"122,000.00"
2020-02-03,2020020301016622,AKPL,58,40,"1,000",122.00,"122,000.00"
2020-02-03,2020020301016621,AKPL,3,40,"1,000",122.00,"122,000.00"
2020-02-03,2020020301016620,AKPL,51,40,"4,000",122.00,"488,000.00"
2020-02-03,2020020301016619,AKPL,45,40,"2,000",122.00,"244,000.00"
2020-02-03,2020020301016597,AKPL,51,40,200,123.00,"24,600.00"
2020-02-03,2020020301016279,AKPL,34,40,"1,000",123.00,"123,000.00"
2020-02-03,2020020301016278,AKPL,45,40,"1,000",123.00,"123,000.00"
2020-02-03,2020020301016277,AKPL,25,40,500,123.00,"61,500.00"
2020-02-03,2020020301016276,AKPL,49,40,500,123.00,"61,500.00"
2020-02-03,2020020301016275,AKPL,20,40,300,123.00,"36,900.00"
2020-02-03,2020020301016256,AKPL,51,40,87,124.00,"10,788.00"
2020-02-03,2020020301016301,AKPL,51,40,500,122.00,"61,000.00"
2020-02-03,2020020301016300,AKPL,43,40,200,122.00,"24,400.00"
2020-02-03,2020020301016299,AKPL,46,40,"1,903",122.00,"232,166.00"
2020-02-03,2020020301016282,AKPL,45,40,"1,000",123.00,"123,000.00"
2020-02-03,2020020301016281,AKPL,29,40,"1,500",123.00,"184,500.00"
2020-02-03,2020020301016280,AKPL,29,40,"2,000",123.00,"246,000.00"
2020-02-03,2020020301016307,AKPL,39,40,"1,000",122.00,"122,000.00"
2020-02-03,2020020301016306,AKPL,33,40,"3,000",122.00,"366,000.00"
2020-02-03,2020020301016305,AKPL,49,40,500,122.00,"61,000.00"
2020-02-03,2020020301016304,AKPL,45,40,"2,000",122.00,"244,000.00"
2020-02-03,2020020301016303,AKPL,13,40,"3,000",122.00,"366,000.00"
2020-02-03,2020020301016302,AKPL,45,40,"2,000",122.00,"244,000.00"
2020-02-03,2020020301016488,AKPL,59,34,10,124.00,"1,240.00"
2020-02-03,2020020301016443,AKPL,45,40,"1,000",122.00,"122,000.00"
2020-02-03,2020020301016442,AKPL,13,40,900,122.00,"109,800.00"
2020-02-03,2020020301016441,AKPL,36,40,165,122.00,"20,130.00"
2020-02-03,2020020301016407,AKPL,51,40,100,122.00,"12,200.00"
2020-02-03,2020020301016326,AKPL,51,40,100,124.00,"12,400.00"
2020-02-03,2020020301016159,ALBSL,34,48,280,726.00,"203,280.00"
2020-02-03,2020020301016158,ALBSL,34,48,20,726.00,"14,520.00"
2020-02-03,2020020301016611,API,40,44,991,123.00,"121,893.00"
2020-02-03,2020020301016608,API,32,1,227,124.00,"28,148.00"
2020-02-03,2020020301016607,API,32,55,"1,441",124.00,"178,684.00"
2020-02-03,2020020301016606,API,32,42,"1,000",124.00,"124,000.00"
2020-02-03,2020020301016605,API,32,45,185,124.00,"22,940.00"
2020-02-03,2020020301016604,API,32,25,147,124.00,"18,228.00"
2020-02-03,2020020301016598,API,25,45,27,124.00,"3,348.00"
2020-02-03,2020020301016325,API,45,42,177,123.00,"21,771.00"
2020-02-03,2020020301016284,API,45,25,12,123.00,"1,476.00"
2020-02-03,2020020301016167,API,45,42,500,123.00,"61,500.00"
2020-02-03,2020020301016487,BNT,57,54,11,"6,350.00","69,850.00"
2020-02-03,2020020301016340,BOKL,43,44,201,240.00,"48,240.00"
2020-02-03,2020020301016265,BOKL,43,29,92,240.00,"22,080.00"
2020-02-03,2020020301016264,BOKL,29,29,438,240.00,"105,120.00"
2020-02-03,2020020301016416,BPCL,49,25,100,347.00,"34,700.00"
2020-02-03,2020020301016271,BPCL,49,49,111,342.00,"37,962.00"
2020-02-03,2020020301016468,CBBL,45,35,200,"1,002.00","200,400.00"
2020-02-03,2020020301016625,CBL,7,10,150,149.00,"22,350.00"
2020-02-03,2020020301016484,CBL,7,42,90,149.00,"13,410.00"
2020-02-03,2020020301016541,CHCL,38,45,100,456.00,"45,600.00"
2020-02-03,2020020301016523,CHCL,58,16,"1,000",456.00,"456,000.00"
2020-02-03,2020020301016522,CHCL,58,3,200,456.00,"91,200.00"
2020-02-03,2020020301016510,CHCL,58,49,482,455.00,"219,310.00"
2020-02-03,2020020301016492,CHCL,58,49,18,455.00,"8,190.00"
2020-02-03,2020020301016491,CHCL,58,52,200,455.00,"91,000.00"
2020-02-03,2020020301016490,CHCL,58,45,217,455.00,"98,735.00"
2020-02-03,2020020301016489,CHCL,58,40,65,455.00,"29,575.00"
2020-02-03,2020020301016464,CHCL,11,52,100,452.00,"45,200.00"
2020-02-03,2020020301016228,CHCL,14,40,935,453.00,"423,555.00"
2020-02-03,2020020301016162,CHCL,14,45,20,453.00,"9,060.00"
2020-02-03,2020020301016426,CZBIL,44,25,50,203.00,"10,150.00"
2020-02-03,2020020301016425,CZBIL,44,42,10,203.00,"2,030.00"
2020-02-03,2020020301016424,CZBIL,44,34,81,203.00,"16,443.00"
2020-02-03,2020020301016423,CZBIL,44,28,10,203.00,"2,030.00"
2020-02-03,2020020301016422,CZBIL,44,28,10,203.00,"2,030.00"
2020-02-03,2020020301016421,CZBIL,44,19,100,203.00,"20,300.00"
2020-02-03,2020020301016420,CZBIL,44,45,19,203.00,"3,857.00"
2020-02-03,2020020301016419,CZBIL,44,3,480,203.00,"97,440.00"
2020-02-03,2020020301016418,CZBIL,44,7,268,203.00,"54,404.00"
2020-02-03,2020020301016417,CZBIL,44,25,200,203.00,"40,600.00"
2020-02-03,2020020301016405,CZBIL,6,29,10,202.00,"2,020.00"
2020-02-03,2020020301016203,CZBIL,6,21,500,202.00,"101,000.00"
2020-02-03,2020020301016496,DDBL,49,33,745,850.00,"633,250.00"
2020-02-03,2020020301016495,DDBL,8,33,70,850.00,"59,500.00"
2020-02-03,2020020301016494,DDBL,36,33,50,851.00,"42,550.00"
2020-02-03,2020020301016493,DDBL,45,33,100,852.00,"85,200.00"
2020-02-03,2020020301016485,DDBL,7,6,100,853.00,"85,300.00"
2020-02-03,2020020301016225,DHPL,39,18,500,53.00,"26,500.00"
2020-02-03,2020020301016250,EBL,33,58,90,655.00,"58,950.00"
2020-02-03,2020020301016245,EBL,11,58,10,655.00,"6,550.00"
2020-02-03,2020020301016515,EDBL,56,43,69,369.00,"25,461.00"
2020-02-03,2020020301016514,EDBL,56,39,71,369.00,"26,199.00"
2020-02-03,2020020301016160,EDBL,41,45,"1,066",368.00,"392,288.00"
2020-02-03,2020020301016618,EIC,6,45,67,444.00,"29,748.00"
2020-02-03,2020020301016617,EIC,56,45,55,444.00,"24,420.00"
2020-02-03,2020020301016531,EIC,56,6,145,444.00,"64,380.00"
2020-02-03,2020020301016530,EIC,56,6,55,445.00,"24,475.00"
2020-02-03,2020020301016507,EIC,21,49,500,446.00,"223,000.00"
2020-02-03,2020020301016506,EIC,51,49,100,447.00,"44,700.00"
2020-02-03,2020020301016505,EIC,37,49,85,447.00,"37,995.00"
2020-02-03,2020020301016520,FMDBL,34,44,16,474.00,"7,584.00"
2020-02-03,2020020301016476,FMDBL,42,44,30,474.00,"14,220.00"
2020-02-03,2020020301016475,FMDBL,33,44,254,474.00,"120,396.00"
2020-02-03,2020020301016466,FMDBL,33,59,360,474.00,"170,640.00"
2020-02-03,2020020301016437,FMDBL,19,59,40,475.00,"19,000.00"
2020-02-03,2020020301016436,FMDBL,40,59,100,475.00,"47,500.00"
2020-02-03,2020020301016397,FOWAD,41,56,150,"1,401.00","210,150.00"
2020-02-03,2020020301016341,FOWAD,45,56,200,"1,401.00","280,200.00"
2020-02-03,2020020301016616,GBBL,34,39,418,254.00,"106,172.00"
2020-02-03,2020020301016615,GBBL,35,39,30,254.00,"7,620.00"
2020-02-03,2020020301016596,GBBL,21,57,142,255.00,"36,210.00"
2020-02-03,2020020301016587,GBBL,35,39,523,254.00,"132,842.00"
2020-02-03,2020020301016583,GBBL,19,39,30,254.00,"7,620.00"
2020-02-03,2020020301016526,GBBL,35,39,117,252.00,"29,484.00"
2020-02-03,2020020301016249,GBBL,34,39,280,254.00,"71,120.00"
2020-02-03,2020020301016212,GBBL,34,4,20,254.00,"5,080.00"
2020-02-03,2020020301016211,GBBL,19,4,30,256.00,"7,680.00"
2020-02-03,2020020301016518,GBBL,35,29,200,252.00,"50,400.00"
2020-02-03,2020020301016504,GBBL,35,6,"1,000",252.00,"252,000.00"
2020-02-03,2020020301016387,GBBL,19,25,"1,000",255.00,"255,000.00"
2020-02-03,2020020301016308,GBBL,35,4,10,252.00,"2,520.00"
2020-02-03,2020020301016255,GBBL,38,21,280,254.00,"71,120.00"
2020-02-03,2020020301016254,GBBL,38,39,220,254.00,"55,880.00"
2020-02-03,2020020301016561,GBIME,19,34,100,289.00,"28,900.00"
2020-02-03,2020020301016540,GBIME,57,34,40,289.00,"11,560.00"
2020-02-03,2020020301016539,GBIME,45,57,52,288.00,"14,976.00"
2020-02-03,2020020301016538,GBIME,8,57,418,288.00,"120,384.00"
2020-02-03,2020020301016517,GBIME,8,34,255,288.00,"73,440.00"
2020-02-03,2020020301016399,GBIME,22,34,36,289.00,"10,404.00"
2020-02-03,2020020301016398,GBIME,22,51,314,289.00,"90,746.00"
2020-02-03,2020020301016376,GBIME,8,56,181,288.00,"52,128.00"
2020-02-03,2020020301016313,GBIME,34,51,200,289.00,"57,800.00"
2020-02-03,2020020301016213,GBIME,43,51,50,289.00,"14,450.00"
2020-02-03,2020020301016414,GBLBS,49,39,140,490.00,"68,600.00"
2020-02-03,2020020301016357,GBLBS,5,39,100,486.00,"48,600.00"
2020-02-03,2020020301016356,GBLBS,46,39,200,486.00,"97,200.00"
2020-02-03,2020020301016355,GBLBS,42,39,500,486.00,"243,000.00"
2020-02-03,2020020301016354,GBLBS,39,39,500,486.00,"243,000.00"
2020-02-03,2020020301016353,GBLBS,43,39,100,486.00,"48,600.00"
2020-02-03,2020020301016346,GBLBS,6,39,200,488.00,"97,600.00"
2020-02-03,2020020301016345,GBLBS,26,39,160,488.00,"78,080.00"
2020-02-03,2020020301016344,GBLBS,1,39,100,488.00,"48,800.00"
2020-02-03,2020020301016343,GBLBS,36,39,40,488.00,"19,520.00"
2020-02-03,2020020301016342,GBLBS,26,39,100,489.00,"48,900.00"
2020-02-03,2020020301016352,GBLBS,32,39,500,487.00,"243,500.00"
2020-02-03,2020020301016351,GBLBS,57,39,50,487.00,"24,350.00"
2020-02-03,2020020301016350,GBLBS,49,39,500,487.00,"243,500.00"
2020-02-03,2020020301016349,GBLBS,54,39,10,487.00,"4,870.00"
2020-02-03,2020020301016348,GBLBS,11,39,200,487.00,"97,400.00"
2020-02-03,2020020301016347,GBLBS,53,39,100,487.00,"48,700.00"
2020-02-03,2020020301016234,GGBSL,38,35,50,880.00,"44,000.00"
2020-02-03,2020020301016165,GGBSL,38,42,10,880.00,"8,800.00"
2020-02-03,2020020301016164,GGBSL,38,32,10,880.00,"8,800.00"
2020-02-03,2020020301016163,GGBSL,38,59,10,880.00,"8,800.00"
2020-02-03,2020020301016375,GILB,44,21,200,"1,334.00","266,800.00"
2020-02-03,2020020301016374,GILB,44,22,300,"1,334.00","400,200.00"
2020-02-03,2020020301016373,GILB,44,41,200,"1,333.00","266,600.00"
2020-02-03,2020020301016231,GLBSL,7,56,10,680.00,"6,800.00"
2020-02-03,2020020301016631,GLICL,7,55,100,731.00,"73,100.00"
2020-02-03,2020020301016454,GLICL,7,6,155,731.00,"113,305.00"
2020-02-03,2020020301016329,GLICL,28,40,500,732.00,"366,000.00"
2020-02-03,2020020301016624,GMFBS,43,42,10,838.00,"8,380.00"
2020-02-03,2020020301016333,GMFBS,43,42,10,838.00,"8,380.00"
2020-02-03,2020020301016243,GUFL,5,52,500,127.00,"63,500.00"
2020-02-03,2020020301016603,HDL,42,5,50,"1,221.00","61,050.00"
2020-02-03,2020020301016556,HDL,34,44,100,"1,227.00","122,700.00"
2020-02-03,2020020301016221,HDL,50,54,10,"1,220.00","12,200.00"
2020-02-03,2020020301016194,HDL,19,54,30,"1,220.00","36,600.00"
2020-02-03,2020020301016193,HDL,19,54,200,"1,220.00","244,000.00"
2020-02-03,2020020301016192,HDL,52,54,25,"1,220.00","30,500.00"
2020-02-03,2020020301016173,HDL,10,54,50,"1,222.00","61,100.00"
2020-02-03,2020020301016172,HDL,40,54,60,"1,222.00","73,320.00"
2020-02-03,2020020301016171,HDL,32,54,50,"1,223.00","61,150.00"
2020-02-03,2020020301016170,HDL,52,54,100,"1,223.00","122,300.00"
2020-02-03,2020020301016169,HDL,56,54,320,"1,224.00","391,680.00"
2020-02-03,2020020301016179,HDL,10,54,50,"1,221.00","61,050.00"
2020-02-03,2020020301016178,HDL,10,54,30,"1,221.00","36,630.00"
2020-02-03,2020020301016177,HDL,4,54,165,"1,221.00","201,465.00"
2020-02-03,2020020301016176,HDL,21,54,100,"1,222.00","122,200.00"
2020-02-03,2020020301016175,HDL,10,54,50,"1,222.00","61,100.00"
2020-02-03,2020020301016174,HDL,42,54,100,"1,222.00","122,200.00"
2020-02-03,2020020301016185,HDL,19,54,100,"1,220.00","122,000.00"
2020-02-03,2020020301016184,HDL,38,54,50,"1,220.00","61,000.00"
2020-02-03,2020020301016183,HDL,55,54,75,"1,220.00","91,500.00"
2020-02-03,2020020301016182,HDL,49,54,300,"1,220.00","366,000.00"
2020-02-03,2020020301016181,HDL,45,54,400,"1,221.00","488,400.00"
2020-02-03,2020020301016180,HDL,55,54,200,"1,221.00","244,200.00"
2020-02-03,2020020301016191,HDL,54,54,500,"1,220.00","610,000.00"
2020-02-03,2020020301016190,HDL,53,54,200,"1,220.00","244,000.00"
2020-02-03,2020020301016189,HDL,53,54,200,"1,220.00","244,000.00"
2020-02-03,2020020301016188,HDL,45,54,200,"1,220.00","244,000.00"
2020-02-03,2020020301016187,HDL,53,54,50,"1,220.00","61,000.00"
2020-02-03,2020020301016186,HDL,21,54,400,"1,220.00","488,000.00"
2020-02-03,2020020301016586,HGI,57,36,300,426.00,"127,800.00"
2020-02-03,2020020301016585,HGI,50,36,170,426.00,"72,420.00"
2020-02-03,2020020301016568,HGI,50,51,30,426.00,"12,780.00"
2020-02-03,2020020301016486,HGI,50,42,100,428.00,"42,800.00"
2020-02-03,2020020301016465,HGI,58,42,50,428.00,"21,400.00"
2020-02-03,2020020301016545,HIDCL,28,45,61,140.00,"8,540.00"
2020-02-03,2020020301016371,HIDCL,7,14,20,142.00,"2,840.00"
2020-02-03,2020020301016358,HIDCL,28,45,61,140.00,"8,540.00"
2020-02-03,2020020301016626,HPPL,22,52,10,152.00,"1,520.00"
2020-02-03,2020020301016285,ICFC,20,34,700,179.00,"125,300.00"
2020-02-03,2020020301016565,IGI,48,38,200,441.00,"88,200.00"
2020-02-03,2020020301016564,IGI,48,16,40,441.00,"17,640.00"
2020-02-03,2020020301016563,IGI,48,5,700,440.00,"308,000.00"
2020-02-03,2020020301016390,ILBS,38,7,100,820.00,"82,000.00"
2020-02-03,2020020301016338,JBBL,51,6,500,190.00,"95,000.00"
2020-02-03,2020020301016328,JBBL,53,34,"2,000",190.00,"380,000.00"
2020-02-03,2020020301016566,JOSHI,33,45,20,62.00,"1,240.00"
2020-02-03,2020020301016381,JOSHI,33,45,10,62.00,620.00
2020-02-03,2020020301016481,KBL,49,5,166,201.00,"33,366.00"
2020-02-03,2020020301016263,KBL,53,57,200,202.00,"40,400.00"
2020-02-03,2020020301016262,KBL,14,57,200,202.00,"40,400.00"
2020-02-03,2020020301016261,KBL,49,57,100,202.00,"20,200.00"
2020-02-03,2020020301016260,KBL,34,57,200,202.00,"40,400.00"
2020-02-03,2020020301016259,KBL,3,57,"1,000",202.00,"202,000.00"
2020-02-03,2020020301016258,KBL,28,57,500,202.00,"101,000.00"
2020-02-03,2020020301016257,KBL,34,57,237,202.00,"47,874.00"
2020-02-03,2020020301016457,KSBBL,26,49,305,161.00,"49,105.00"
2020-02-03,2020020301016456,KSBBL,56,49,500,161.00,"80,500.00"
2020-02-03,2020020301016455,KSBBL,35,49,800,162.00,"129,600.00"
2020-02-03,2020020301016248,LBBL,59,34,969,195.00,"188,955.00"
2020-02-03,2020020301016247,LBBL,28,34,"1,000",195.00,"195,000.00"
2020-02-03,2020020301016246,LBBL,14,34,31,195.00,"6,045.00"
2020-02-03,2020020301016214,LBBL,1,35,93,196.00,"18,228.00"
2020-02-03,2020020301016614,LBL,17,17,"1,400",231.00,"323,400.00"
2020-02-03,2020020301016613,LBL,17,47,400,231.00,"92,400.00"
2020-02-03,2020020301016453,LBL,29,10,40,230.00,"9,200.00"
2020-02-03,2020020301016335,LBL,25,47,100,231.00,"23,100.00"
2020-02-03,2020020301016334,LBL,25,45,100,231.00,"23,100.00"
2020-02-03,2020020301016311,LBL,29,52,90,230.00,"20,700.00"
2020-02-03,2020020301016293,LBL,29,35,480,230.00,"110,400.00"
2020-02-03,2020020301016292,LBL,38,35,20,231.00,"4,620.00"
2020-02-03,2020020301016633,LGIL,44,45,500,491.00,"245,500.00"
2020-02-03,2020020301016439,LGIL,57,42,100,493.00,"49,300.00"
2020-02-03,2020020301016327,LGIL,57,22,100,495.00,"49,500.00"
2020-02-03,2020020301016286,LGIL,58,48,100,492.00,"49,200.00"
2020-02-03,2020020301016166,LGIL,5,42,190,493.00,"93,670.00"
2020-02-03,2020020301016544,MBL,51,40,194,240.00,"46,560.00"
2020-02-03,2020020301016537,MBL,51,52,244,240.00,"58,560.00"
2020-02-03,2020020301016412,MBL,51,6,512,240.00,"122,880.00"
2020-02-03,2020020301016157,MBL,38,34,50,241.00,"12,050.00"
2020-02-03,2020020301016610,MDB,38,56,20,340.00,"6,800.00"
2020-02-03,2020020301016609,MDB,38,14,"1,330",337.00,"448,210.00"
2020-02-03,2020020301016389,MDB,38,14,18,337.00,"6,066.00"
2020-02-03,2020020301016388,MDB,38,49,"1,032",336.00,"346,752.00"
2020-02-03,2020020301016569,MEGA,56,57,150,205.00,"30,750.00"
2020-02-03,2020020301016408,MEGA,56,22,500,205.00,"102,500.00"
2020-02-03,2020020301016368,MEGA,56,49,200,205.00,"41,000.00"
2020-02-03,2020020301016253,MERO,45,28,190,680.00,"129,200.00"
2020-02-03,2020020301016632,MLBBL,42,38,50,835.00,"41,750.00"
2020-02-03,2020020301016438,MLBL,45,34,250,214.00,"53,500.00"
2020-02-03,2020020301016316,MLBL,33,38,"1,000",213.00,"213,000.00"
2020-02-03,2020020301016580,MNBBL,5,57,50,330.00,"16,500.00"
2020-02-03,2020020301016403,NABIL,45,28,10,745.00,"7,450.00"
2020-02-03,2020020301016235,NABIL,11,28,20,745.00,"14,900.00"
2020-02-03,2020020301016591,NADEP,20,5,23,709.00,"16,307.00"
2020-02-03,2020020301016590,NADEP,25,5,77,709.00,"54,593.00"
2020-02-03,2020020301016382,NADEP,25,16,23,709.00,"16,307.00"
2020-02-03,2020020301016224,NADEP,35,26,72,706.00,"50,832.00"
2020-02-03,2020020301016223,NADEP,35,26,28,706.00,"19,768.00"
2020-02-03,2020020301016446,NBB,46,14,189,212.00,"40,068.00"
2020-02-03,2020020301016445,NBB,38,14,200,212.00,"42,400.00"
2020-02-03,2020020301016444,NBB,58,14,611,212.00,"129,532.00"
2020-02-03,2020020301016555,NBL,25,4,389,271.00,"105,419.00"
2020-02-03,2020020301016554,NBL,29,4,"1,000",272.00,"272,000.00"
2020-02-03,2020020301016553,NBL,20,4,111,272.00,"30,192.00"
2020-02-03,2020020301016452,NBL,20,26,619,272.00,"168,368.00"
2020-02-03,2020020301016392,NBL,46,55,75,273.00,"20,475.00"
2020-02-03,2020020301016227,NBL,33,55,20,273.00,"5,460.00"
2020-02-03,2020020301016570,NIB,36,25,50,398.00,"19,900.00"
2020-02-03,2020020301016527,NICA,44,11,300,487.00,"146,100.00"
2020-02-03,2020020301016241,NICA,44,46,400,487.00,"194,800.00"
2020-02-03,2020020301016240,NICA,4,6,"1,300",488.00,"634,400.00"
2020-02-03,2020020301016411,NICL,57,42,100,428.00,"42,800.00"
2020-02-03,2020020301016410,NICL,17,42,100,429.00,"42,900.00"
2020-02-03,2020020301016200,NICL,49,6,"1,050",427.00,"448,350.00"
2020-02-03,2020020301016199,NICL,57,6,500,427.00,"213,500.00"
2020-02-03,2020020301016198,NICL,49,6,750,427.00,"320,250.00"
2020-02-03,2020020301016197,NICL,7,6,"1,000",428.00,"428,000.00"
2020-02-03,2020020301016196,NICL,44,6,"1,000",428.00,"428,000.00"
2020-02-03,2020020301016195,NICL,17,6,700,429.00,"300,300.00"
2020-02-03,2020020301016594,NIL,57,38,12,560.00,"6,720.00"
2020-02-03,2020020301016560,NIL,8,38,583,565.00,"329,395.00"
2020-02-03,2020020301016559,NIL,8,55,417,564.00,"235,188.00"
2020-02-03,2020020301016542,NIL,33,55,83,564.00,"46,812.00"
2020-02-03,2020020301016536,NIL,33,37,100,564.00,"56,400.00"
2020-02-03,2020020301016478,NIL,33,57,100,564.00,"56,400.00"
2020-02-03,2020020301016266,NIL,6,7,100,563.00,"56,300.00"
2020-02-03,2020020301016244,NIL,35,48,133,564.00,"75,012.00"
2020-02-03,2020020301016143,NIL,35,48,200,564.00,"112,800.00"
2020-02-03,2020020301016413,NIL,28,44,398,562.00,"223,676.00"
2020-02-03,2020020301016404,NIL,25,48,100,564.00,"56,400.00"
2020-02-03,2020020301016336,NIL,28,21,100,562.00,"56,200.00"
2020-02-03,2020020301016312,NIL,49,48,200,564.00,"112,800.00"
2020-02-03,2020020301016268,NIL,28,7,100,562.00,"56,200.00"
2020-02-03,2020020301016267,NIL,43,7,600,562.00,"337,200.00"
2020-02-03,2020020301016477,NIL,33,48,17,564.00,"9,588.00"
2020-02-03,2020020301016474,NIL,57,37,887,560.00,"496,720.00"
2020-02-03,2020020301016473,NIL,50,37,100,561.00,"56,100.00"
2020-02-03,2020020301016472,NIL,28,37,500,561.00,"280,500.00"
2020-02-03,2020020301016471,NIL,5,37,500,562.00,"281,000.00"
2020-02-03,2020020301016470,NIL,28,37,52,562.00,"29,224.00"
2020-02-03,2020020301016283,NLBBL,58,21,34,770.00,"26,180.00"
2020-02-03,2020020301016237,NLBBL,58,11,50,770.00,"38,500.00"
2020-02-03,2020020301016208,NLBBL,58,6,166,770.00,"127,820.00"
2020-02-03,2020020301016207,NLBBL,14,6,100,770.00,"77,000.00"
2020-02-03,2020020301016206,NLBBL,44,6,150,770.00,"115,500.00"
2020-02-03,2020020301016205,NLBBL,51,6,65,771.00,"50,115.00"
2020-02-03,2020020301016204,NLBBL,14,6,19,771.00,"14,649.00"
2020-02-03,2020020301016435,NLG,57,13,300,875.00,"262,500.00"
2020-02-03,2020020301016434,NLG,57,13,500,875.00,"437,500.00"
2020-02-03,2020020301016433,NLG,50,13,100,876.00,"87,600.00"
2020-02-03,2020020301016627,NLIC,35,25,50,"1,127.00","56,350.00"
2020-02-03,2020020301016567,NLIC,35,19,50,"1,127.00","56,350.00"
2020-02-03,2020020301016430,NLIC,32,40,88,"1,123.00","98,824.00"
2020-02-03,2020020301016238,NLIC,45,42,50,"1,129.00","56,450.00"
2020-02-03,2020020301016156,NLIC,32,36,566,"1,123.00","635,618.00"
2020-02-03,2020020301016155,NLIC,47,36,50,"1,123.00","56,150.00"
2020-02-03,2020020301016148,NLIC,49,36,300,"1,125.00","337,500.00"
2020-02-03,2020020301016147,NLIC,40,36,125,"1,125.00","140,625.00"
2020-02-03,2020020301016146,NLIC,53,36,25,"1,126.00","28,150.00"
2020-02-03,2020020301016145,NLIC,32,36,50,"1,126.00","56,300.00"
2020-02-03,2020020301016154,NLIC,56,36,34,"1,123.00","38,182.00"
2020-02-03,2020020301016153,NLIC,54,36,"1,000","1,124.00","1,124,000.00"
2020-02-03,2020020301016152,NLIC,7,36,100,"1,124.00","112,400.00"
2020-02-03,2020020301016151,NLIC,8,36,500,"1,124.00","562,000.00"
2020-02-03,2020020301016150,NLIC,5,36,200,"1,125.00","225,000.00"
2020-02-03,2020020301016149,NLIC,34,36,50,"1,125.00","56,250.00"
2020-02-03,2020020301016503,NLICL,50,41,29,658.00,"19,082.00"
2020-02-03,2020020301016451,NLICL,50,50,155,658.00,"101,990.00"
2020-02-03,2020020301016450,NLICL,50,18,116,658.00,"76,328.00"
2020-02-03,2020020301016449,NLICL,50,1,200,655.00,"131,000.00"
2020-02-03,2020020301016233,NLICL,49,44,100,654.00,"65,400.00"
2020-02-03,2020020301016432,NMB,49,5,69,370.00,"25,530.00"
2020-02-03,2020020301016431,NMB,32,5,31,371.00,"11,501.00"
2020-02-03,2020020301016372,NMB,25,17,100,372.00,"37,200.00"
2020-02-03,2020020301016319,NMB,32,50,969,371.00,"359,499.00"
2020-02-03,2020020301016318,NMB,34,50,200,371.00,"74,200.00"
2020-02-03,2020020301016317,NMB,8,50,331,371.00,"122,801.00"
2020-02-03,2020020301016216,NMB,8,25,669,371.00,"248,199.00"
2020-02-03,2020020301016215,NMB,17,25,331,371.00,"122,801.00"
2020-02-03,2020020301016602,NNLB,41,50,150,823.00,"123,450.00"
2020-02-03,2020020301016601,NNLB,43,50,200,825.00,"165,000.00"
2020-02-03,2020020301016600,NNLB,45,50,100,825.00,"82,500.00"
2020-02-03,2020020301016599,NNLB,40,50,50,826.00,"41,300.00"
2020-02-03,2020020301016630,NTC,38,45,30,622.00,"18,660.00"
2020-02-03,2020020301016332,NTC,34,45,10,623.00,"6,230.00"
2020-02-03,2020020301016440,NUBL,45,21,40,995.00,"39,800.00"
2020-02-03,2020020301016578,PCBL,38,28,180,283.00,"50,940.00"
2020-02-03,2020020301016577,PCBL,58,28,100,283.00,"28,300.00"
2020-02-03,2020020301016576,PCBL,17,28,"5,000",283.00,"1,415,000.00"
2020-02-03,2020020301016575,PCBL,37,28,500,283.00,"141,500.00"
2020-02-03,2020020301016574,PCBL,49,28,200,283.00,"56,600.00"
2020-02-03,2020020301016573,PCBL,42,28,179,283.00,"50,657.00"
2020-02-03,2020020301016572,PCBL,13,28,150,284.00,"42,600.00"
2020-02-03,2020020301016571,PCBL,17,28,"3,705",284.00,"1,052,220.00"
2020-02-03,2020020301016467,PCBL,11,53,50,285.00,"14,250.00"
2020-02-03,2020020301016367,PFL,56,13,37,158.00,"5,846.00"
2020-02-03,2020020301016529,PIC,45,28,20,575.00,"11,500.00"
2020-02-03,2020020301016528,PIC,45,28,77,575.00,"44,275.00"
2020-02-03,2020020301016525,PIC,45,36,423,575.00,"243,225.00"
2020-02-03,2020020301016524,PIC,4,36,177,575.00,"101,775.00"
2020-02-03,2020020301016462,PIC,4,38,496,575.00,"285,200.00"
2020-02-03,2020020301016230,PIC,47,58,80,577.00,"46,160.00"
2020-02-03,2020020301016229,PIC,47,47,20,576.00,"11,520.00"
2020-02-03,2020020301016324,PLIC,50,48,90,567.00,"51,030.00"
2020-02-03,2020020301016593,PMHPL,17,42,10,91.00,910.00
2020-02-03,2020020301016582,PPCL,59,36,380,127.00,"48,260.00"
2020-02-03,2020020301016581,PPCL,59,59,30,127.00,"3,810.00"
2020-02-03,2020020301016579,PPCL,55,45,30,126.00,"3,780.00"
2020-02-03,2020020301016393,PPCL,55,45,20,126.00,"2,520.00"
2020-02-03,2020020301016533,PRIN,34,17,10,456.00,"4,560.00"
2020-02-03,2020020301016532,PRIN,34,26,30,455.00,"13,650.00"
2020-02-03,2020020301016396,PRIN,49,48,327,454.00,"148,458.00"
2020-02-03,2020020301016428,PROFL,17,22,"1,000",108.00,"108,000.00"
2020-02-03,2020020301016509,PRVU,10,43,102,258.00,"26,316.00"
2020-02-03,2020020301016508,PRVU,44,43,898,258.00,"231,684.00"
2020-02-03,2020020301016480,PRVU,6,56,170,259.00,"44,030.00"
2020-02-03,2020020301016479,PRVU,6,45,30,259.00,"7,770.00"
2020-02-03,2020020301016386,PRVU,59,45,20,259.00,"5,180.00"
2020-02-03,2020020301016385,PRVU,59,52,30,259.00,"7,770.00"
2020-02-03,2020020301016239,PRVU,44,52,300,259.00,"77,700.00"
2020-02-03,2020020301016461,RHPC,55,45,60,80.00,"4,800.00"
2020-02-03,2020020301016222,RHPC,45,5,100,79.00,"7,900.00"
2020-02-03,2020020301016401,RHPL,58,38,"1,810",175.00,"316,750.00"
2020-02-03,2020020301016400,RHPL,49,38,"1,185",175.00,"207,375.00"
2020-02-03,2020020301016226,RHPL,49,16,40,175.00,"7,000.00"
2020-02-03,2020020301016161,RHPL,49,42,140,175.00,"24,500.00"
2020-02-03,2020020301016551,RMDC,38,21,61,674.00,"41,114.00"
2020-02-03,2020020301016550,RMDC,19,21,50,675.00,"33,750.00"
2020-02-03,2020020301016549,RMDC,51,21,25,675.00,"16,875.00"
2020-02-03,2020020301016548,RMDC,45,21,200,675.00,"135,000.00"
2020-02-03,2020020301016547,RMDC,37,21,44,675.00,"29,700.00"
2020-02-03,2020020301016546,RMDC,34,21,20,676.00,"13,520.00"
2020-02-03,2020020301016209,RMDC,11,45,46,678.00,"31,188.00"
2020-02-03,2020020301016168,RRHP,51,34,10,102.00,"1,020.00"
2020-02-03,2020020301016298,RSDC,41,46,50,490.00,"24,500.00"
2020-02-03,2020020301016297,RSDC,22,46,200,490.00,"98,000.00"
2020-02-03,2020020301016296,RSDC,6,46,200,490.00,"98,000.00"
2020-02-03,2020020301016295,RSDC,37,46,50,490.00,"24,500.00"
2020-02-03,2020020301016294,RSDC,6,46,37,490.00,"18,130.00"
2020-02-03,2020020301016210,RSDC,57,6,50,492.00,"24,600.00"
2020-02-03,2020020301016202,RSDC,47,46,100,493.00,"49,300.00"
2020-02-03,2020020301016469,SADBL,50,48,10,165.00,"1,650.00"
2020-02-03,2020020301016402,SADBL,57,59,990,164.00,"162,360.00"
2020-02-03,2020020301016415,SAEF,43,21,200,9.55,"1,910.00"
2020-02-03,2020020301016584,SANIMA,45,21,100,353.00,"35,300.00"
2020-02-03,2020020301016144,SANIMA,42,13,126,354.00,"44,604.00"
2020-02-03,2020020301016141,SANIMA,42,17,16,354.00,"5,664.00"
2020-02-03,2020020301016288,SAPDBL,43,13,"1,000",150.00,"150,000.00"
2020-02-03,2020020301016287,SAPDBL,43,42,60,150.00,"9,000.00"
2020-02-03,2020020301016270,SAPDBL,4,43,10,148.00,"1,480.00"
2020-02-03,2020020301016512,SBL,49,6,277,316.00,"87,532.00"
2020-02-03,2020020301016511,SBL,36,6,723,316.00,"228,468.00"
2020-02-03,2020020301016519,SCB,44,42,38,625.00,"23,750.00"
2020-02-03,2020020301016463,SCB,42,13,60,626.00,"37,560.00"
2020-02-03,2020020301016291,SCB,42,40,90,626.00,"56,340.00"
2020-02-03,2020020301016290,SCB,32,40,10,627.00,"6,270.00"
2020-02-03,2020020301016140,SCB,44,5,90,625.00,"56,250.00"
2020-02-03,2020020301016139,SCB,40,5,100,625.00,"62,500.00"
2020-02-03,2020020301016138,SCB,14,5,25,625.00,"15,625.00"
2020-02-03,2020020301016502,SDESI,49,38,28,865.00,"24,220.00"
2020-02-03,2020020301016501,SDESI,42,38,10,865.00,"8,650.00"
2020-02-03,2020020301016500,SDESI,45,38,10,865.00,"8,650.00"
2020-02-03,2020020301016499,SDESI,41,38,50,866.00,"43,300.00"
2020-02-03,2020020301016498,SDESI,48,38,100,866.00,"86,600.00"
2020-02-03,2020020301016497,SDESI,48,38,50,867.00,"43,350.00"
2020-02-03,2020020301016218,SDESI,45,38,100,870.00,"87,000.00"
2020-02-03,2020020301016310,SFCL,21,8,500,101.00,"50,500.00"
2020-02-03,2020020301016521,SHINE,58,26,225,271.00,"60,975.00"
2020-02-03,2020020301016269,SHINE,25,38,300,273.00,"81,900.00"
2020-02-03,2020020301016380,SHIVM,28,38,10,528.00,"5,280.00"
2020-02-03,2020020301016379,SHIVM,28,50,90,527.00,"47,430.00"
2020-02-03,2020020301016242,SHIVM,45,20,400,526.00,"210,400.00"
2020-02-03,2020020301016217,SHIVM,33,42,50,525.00,"26,250.00"
2020-02-03,2020020301016201,SHIVM,33,44,"1,500",525.00,"787,500.00"
2020-02-03,2020020301016612,SHL,57,1,100,206.00,"20,600.00"
2020-02-03,2020020301016516,SIC,50,38,175,749.00,"131,075.00"
2020-02-03,2020020301016409,SIC,50,25,50,749.00,"37,450.00"
2020-02-03,2020020301016395,SIC,50,55,50,749.00,"37,450.00"
2020-02-03,2020020301016394,SIC,50,28,100,749.00,"74,900.00"
2020-02-03,2020020301016378,SIC,50,48,100,746.00,"74,600.00"
2020-02-03,2020020301016377,SIC,50,49,25,745.00,"18,625.00"
2020-02-03,2020020301016592,SICL,58,58,753,"1,175.00","884,775.00"
2020-02-03,2020020301016384,SICL,26,58,329,"1,175.00","386,575.00"
2020-02-03,2020020301016383,SICL,58,58,115,"1,177.00","135,355.00"
2020-02-03,2020020301016314,SICL,58,40,272,"1,177.00","320,144.00"
2020-02-03,2020020301016142,SICL,58,42,113,"1,177.00","133,001.00"
2020-02-03,2020020301016535,SIL,44,6,150,597.00,"89,550.00"
2020-02-03,2020020301016534,SIL,44,38,350,595.00,"208,250.00"
2020-02-03,2020020301016513,SIL,44,38,"1,000",594.00,"594,000.00"
2020-02-03,2020020301016137,SIL,35,44,83,592.00,"49,136.00"
2020-02-03,2020020301016136,SIL,17,44,200,592.00,"118,400.00"
2020-02-03,2020020301016135,SIL,44,44,200,593.00,"118,600.00"
2020-02-03,2020020301016134,SIL,44,44,17,597.00,"10,149.00"
2020-02-03,2020020301016629,SINDU,26,26,339,132.00,"44,748.00"
2020-02-03,2020020301016628,SINDU,34,26,61,132.00,"8,052.00"
2020-02-03,2020020301016315,SINDU,51,26,100,133.00,"13,300.00"
2020-02-03,2020020301016331,SJCL,28,45,425,161.00,"68,425.00"
2020-02-03,2020020301016330,SJCL,38,45,520,161.00,"83,720.00"
2020-02-03,2020020301016323,SJCL,34,52,20,163.00,"3,260.00"
2020-02-03,2020020301016322,SJCL,34,34,20,163.00,"3,260.00"
2020-02-03,2020020301016321,SJCL,34,54,20,163.00,"3,260.00"
2020-02-03,2020020301016320,SJCL,34,42,120,162.00,"19,440.00"
2020-02-03,2020020301016391,SKBBL,45,50,853,983.00,"838,499.00"
2020-02-03,2020020301016236,SKBBL,59,26,100,980.00,"98,000.00"
2020-02-03,2020020301016219,SLBBL,57,41,200,870.00,"174,000.00"
2020-02-03,2020020301016339,SLBBL,29,21,42,872.00,"36,624.00"
2020-02-03,2020020301016483,SLICL,58,20,44,465.00,"20,460.00"
2020-02-03,2020020301016482,SLICL,43,20,56,465.00,"26,040.00"
2020-02-03,2020020301016460,SLICL,43,42,44,465.00,"20,460.00"
2020-02-03,2020020301016459,SLICL,52,42,200,465.00,"93,000.00"
2020-02-03,2020020301016458,SLICL,34,42,56,465.00,"26,040.00"
2020-02-03,2020020301016427,SLICL,52,48,500,466.00,"233,000.00"
2020-02-03,2020020301016552,SPARS,25,41,10,837.00,"8,370.00"
2020-02-03,2020020301016337,SPARS,25,42,10,821.00,"8,210.00"
2020-02-03,2020020301016274,SPARS,43,25,50,820.00,"41,000.00"
2020-02-03,2020020301016273,SPARS,19,25,100,821.00,"82,100.00"
2020-02-03,2020020301016272,SPARS,16,25,50,821.00,"41,050.00"
2020-02-03,2020020301016232,SRBL,49,6,35,255.00,"8,925.00"
2020-02-03,2020020301016448,UIC,42,58,38,427.00,"16,226.00"
2020-02-03,2020020301016447,UIC,17,58,500,428.00,"214,000.00"
2020-02-03,2020020301016406,UIC,35,51,94,429.00,"40,326.00"
2020-02-03,2020020301016289,UPCL,1,34,100,79.00,"7,900.00"
2020-02-03,2020020301016595,UPPER,56,45,50,248.00,"12,400.00"
2020-02-03,2020020301016589,UPPER,56,45,50,248.00,"12,400.00"
2020-02-03,2020020301016588,UPPER,56,52,50,248.00,"12,400.00"
2020-02-03,2020020301016252,UPPER,42,6,283,248.00,"70,184.00"
2020-02-03,2020020301016251,UPPER,29,6,10,248.00,"2,480.00"
2020-02-03,2020020301016543,UPPER,33,42,50,247.00,"12,350.00"
2020-02-03,2020020301016429,UPPER,33,6,40,247.00,"9,880.00"
2020-02-03,2020020301016370,UPPER,42,52,117,248.00,"29,016.00"
2020-02-03,2020020301016369,UPPER,42,6,50,248.00,"12,400.00"
2020-02-03,2020020301016309,UPPER,42,6,50,248.00,"12,400.00"
2020-02-03,2020020301016558,WOMI,10,48,200,"1,017.00","203,400.00"
2020-02-03,2020020301016557,WOMI,10,35,100,"1,010.00","101,000.00"
2020-02-03,2020020301016366,WOMI,39,38,50,"1,000.00","50,000.00"
2020-02-03,2020020301016365,WOMI,40,38,30,"1,000.00","30,000.00"
2020-02-03,2020020301016364,WOMI,41,38,20,"1,000.00","20,000.00"
2020-02-03,2020020301016363,WOMI,42,38,50,"1,000.00","50,000.00"
2020-02-03,2020020301016362,WOMI,52,38,100,"1,000.00","100,000.00"
2020-02-03,2020020301016361,WOMI,28,38,260,"1,000.00","260,000.00"
2020-02-03,2020020301016360,WOMI,28,38,51,"1,000.00","51,000.00"
2020-02-03,2020020301016359,WOMI,34,38,100,"1,002.00","100,200.00"
2020-02-03,2020020301015721,ADBL,57,19,184,389.00,"71,576.00"
2020-02-03,2020020301015922,AHPC,28,39,134,98.00,"13,132.00"
2020-02-03,2020020301015735,AKJCL,56,50,10,55.00,550.00
2020-02-03,2020020301015976,AKPL,51,48,213,124.00,"26,412.00"
2020-02-03,2020020301015975,AKPL,3,48,987,124.00,"122,388.00"
2020-02-03,2020020301015738,AKPL,47,29,"2,000",125.00,"250,000.00"
2020-02-03,2020020301015737,AKPL,47,40,"2,000",125.00,"250,000.00"
2020-02-03,2020020301016054,ALBSL,34,22,480,726.00,"348,480.00"
2020-02-03,2020020301016053,ALBSL,25,22,200,726.00,"145,200.00"
2020-02-03,2020020301016052,ALBSL,51,22,20,726.00,"14,520.00"
2020-02-03,2020020301016035,API,45,55,100,123.00,"12,300.00"
2020-02-03,2020020301015927,API,25,45,100,124.00,"12,400.00"
2020-02-03,2020020301015700,API,45,4,11,123.00,"1,353.00"
2020-02-03,2020020301015689,API,25,45,51,124.00,"6,324.00"
2020-02-03,2020020301015663,API,45,48,200,123.00,"24,600.00"
2020-02-03,2020020301016131,BFC,16,51,500,101.00,"50,500.00"
2020-02-03,2020020301016076,BOKL,49,6,373,241.00,"89,893.00"
2020-02-03,2020020301016075,BOKL,49,49,127,241.00,"30,607.00"
2020-02-03,2020020301015707,BOKL,29,58,20,240.00,"4,800.00"
2020-02-03,2020020301016013,BPCL,51,38,666,344.00,"229,104.00"
2020-02-03,2020020301015775,BPCL,58,34,285,345.00,"98,325.00"
2020-02-03,2020020301015774,BPCL,33,34,90,345.00,"31,050.00"
2020-02-03,2020020301015773,BPCL,29,34,"1,000",345.00,"345,000.00"
2020-02-03,2020020301015758,BPCL,33,38,210,345.00,"72,450.00"
2020-02-03,2020020301015757,BPCL,57,38,290,345.00,"100,050.00"
2020-02-03,2020020301015808,CBBL,45,58,500,"1,001.00","500,500.00"
2020-02-03,2020020301016022,CBL,7,28,103,149.00,"15,347.00"
2020-02-03,2020020301016128,CCBL,49,32,"1,000",189.00,"189,000.00"
2020-02-03,2020020301015855,CCBL,21,32,59,189.00,"11,151.00"
2020-02-03,2020020301015854,CCBL,21,57,41,189.00,"7,749.00"
2020-02-03,2020020301015677,CFCL,32,29,100,146.00,"14,600.00"
2020-02-03,2020020301015676,CFCL,32,41,210,146.00,"30,660.00"
2020-02-03,2020020301015675,CFCL,32,43,90,146.00,"13,140.00"
2020-02-03,2020020301016114,CHCL,14,26,45,453.00,"20,385.00"
2020-02-03,2020020301016083,CHCL,11,26,26,452.00,"11,752.00"
2020-02-03,2020020301016082,CHCL,1,26,19,455.00,"8,645.00"
2020-02-03,2020020301016023,CHCL,1,49,200,455.00,"91,000.00"
2020-02-03,2020020301015863,CHCL,58,34,"1,000",453.00,"453,000.00"
2020-02-03,2020020301015862,CHCL,56,34,500,454.00,"227,000.00"
2020-02-03,2020020301015861,CHCL,56,34,50,454.00,"22,700.00"
2020-02-03,2020020301015846,CHCL,1,1,281,456.00,"128,136.00"
2020-02-03,2020020301016097,CIT,7,59,500,"2,325.00","1,162,500.00"
2020-02-03,2020020301015680,CMF1,6,45,"2,000",9.85,"19,700.00"
2020-02-03,2020020301015704,CORBL,13,21,29,134.00,"3,886.00"
2020-02-03,2020020301015671,CZBIL,6,58,20,202.00,"4,040.00"
2020-02-03,2020020301015705,DDBL,36,29,30,855.00,"25,650.00"
2020-02-03,2020020301015765,DHPL,39,18,"1,000",53.00,"53,000.00"
2020-02-03,2020020301015876,EDBL,48,45,20,368.00,"7,360.00"
2020-02-03,2020020301016026,EIC,42,48,175,449.00,"78,575.00"
2020-02-03,2020020301016103,FMDBL,6,38,900,475.00,"427,500.00"
2020-02-03,2020020301015747,FMDBL,33,38,386,474.00,"182,964.00"
2020-02-03,2020020301015746,FMDBL,38,38,10,474.00,"4,740.00"
2020-02-03,2020020301016045,FOWAD,36,56,50,"1,401.00","70,050.00"
2020-02-03,2020020301015902,FOWAD,45,16,234,"1,400.00","327,600.00"
2020-02-03,2020020301015901,FOWAD,45,38,350,"1,400.00","490,000.00"
2020-02-03,2020020301016132,GBBL,34,44,500,258.00,"129,000.00"
2020-02-03,2020020301016116,GBBL,19,44,331,258.00,"85,398.00"
2020-02-03,2020020301016111,GBBL,19,25,169,258.00,"43,602.00"
2020-02-03,2020020301016110,GBBL,28,25,100,258.00,"25,800.00"
2020-02-03,2020020301016109,GBBL,19,25,731,258.00,"188,598.00"
2020-02-03,2020020301016100,GBBL,19,4,100,258.00,"25,800.00"
2020-02-03,2020020301015692,GBBL,45,4,154,258.00,"39,732.00"
2020-02-03,2020020301015691,GBBL,45,32,267,258.00,"68,886.00"
2020-02-03,2020020301015654,GBBL,45,4,132,258.00,"34,056.00"
2020-02-03,2020020301015640,GBBL,45,4,200,258.00,"51,600.00"
2020-02-03,2020020301015636,GBBL,45,4,100,258.00,"25,800.00"
2020-02-03,2020020301015750,GBBL,38,4,300,258.00,"77,400.00"
2020-02-03,2020020301015734,GBBL,38,4,150,258.00,"38,700.00"
2020-02-03,2020020301015733,GBBL,38,39,194,258.00,"50,052.00"
2020-02-03,2020020301015732,GBBL,45,39,306,258.00,"78,948.00"
2020-02-03,2020020301015713,GBBL,45,4,500,258.00,"129,000.00"
2020-02-03,2020020301015706,GBBL,45,45,31,258.00,"7,998.00"
2020-02-03,2020020301015830,GBBL,38,26,200,258.00,"51,600.00"
2020-02-03,2020020301015807,GBBL,38,4,800,258.00,"206,400.00"
2020-02-03,2020020301015796,GBBL,38,39,"1,000",258.00,"258,000.00"
2020-02-03,2020020301015770,GBBL,38,26,55,258.00,"14,190.00"
2020-02-03,2020020301015769,GBBL,38,4,100,258.00,"25,800.00"
2020-02-03,2020020301015764,GBBL,38,4,70,258.00,"18,060.00"
2020-02-03,2020020301015871,GBBL,38,39,"1,000",258.00,"258,000.00"
2020-02-03,2020020301015870,GBBL,34,39,200,258.00,"51,600.00"
2020-02-03,2020020301015869,GBBL,38,39,818,258.00,"211,044.00"
2020-02-03,2020020301015853,GBBL,38,4,80,258.00,"20,640.00"
2020-02-03,2020020301015852,GBBL,38,14,233,258.00,"60,114.00"
2020-02-03,2020020301015842,GBBL,38,39,"1,000",258.00,"258,000.00"
2020-02-03,2020020301015900,GBBL,39,49,"1,100",258.00,"283,800.00"
2020-02-03,2020020301015887,GBBL,39,4,500,258.00,"129,000.00"
2020-02-03,2020020301015875,GBBL,39,39,"2,682",258.00,"691,956.00"
2020-02-03,2020020301015874,GBBL,34,39,300,258.00,"77,400.00"
2020-02-03,2020020301015873,GBBL,45,39,"2,000",258.00,"516,000.00"
2020-02-03,2020020301015872,GBBL,38,39,100,258.00,"25,800.00"
2020-02-03,2020020301015967,GBBL,59,39,100,258.00,"25,800.00"
2020-02-03,2020020301015966,GBBL,4,39,"1,000",258.00,"258,000.00"
2020-02-03,2020020301015965,GBBL,39,39,68,258.00,"17,544.00"
2020-02-03,2020020301015963,GBBL,39,4,100,258.00,"25,800.00"
2020-02-03,2020020301015928,GBBL,39,4,100,258.00,"25,800.00"
2020-02-03,2020020301015910,GBBL,39,4,450,258.00,"116,100.00"
2020-02-03,2020020301016016,GBBL,19,49,302,258.00,"77,916.00"
2020-02-03,2020020301016015,GBBL,44,49,198,258.00,"51,084.00"
2020-02-03,2020020301016001,GBBL,44,4,500,258.00,"129,000.00"
2020-02-03,2020020301015996,GBBL,44,4,70,258.00,"18,060.00"
2020-02-03,2020020301015969,GBBL,44,39,232,258.00,"59,856.00"
2020-02-03,2020020301015968,GBBL,53,39,100,258.00,"25,800.00"
2020-02-03,2020020301016037,GBBL,45,18,150,258.00,"38,700.00"
2020-02-03,2020020301016036,GBBL,45,45,300,258.00,"77,400.00"
2020-02-03,2020020301016034,GBBL,45,34,152,258.00,"39,216.00"
2020-02-03,2020020301016033,GBBL,19,34,48,258.00,"12,384.00"
