Date,Transact. No.,Symbol,Buyer,Seller,Quantity,Rate,Amount
2020-08-27,2020082701028120,ACLBSL,53,38,90,709.00,"63,810.00"
2020-08-27,2020082701028100,ACLBSL,34,38,10,709.00,"7,090.00"
2020-08-27,2020082701028045,ACLBSL,34,21,10,706.00,"7,060.00"
2020-08-27,2020082701027907,ACLBSL,35,45,83,704.00,"58,432.00"
2020-08-27,2020082701027906,ACLBSL,39,45,67,704.00,"47,168.00"
2020-08-27,2020082701028118,ADBL,34,55,80,425.00,"34,000.00"
2020-08-27,2020082701028117,ADBL,25,55,20,425.00,"8,500.00"
2020-08-27,2020082701028071,ADBL,56,49,12,426.00,"5,112.00"
2020-08-27,2020082701028213,AIL,41,33,10,515.00,"5,150.00"
2020-08-27,2020082701028199,AIL,41,17,10,515.00,"5,150.00"
2020-08-27,2020082701028088,AIL,41,36,10,515.00,"5,150.00"
2020-08-27,2020082701028087,AIL,41,54,100,515.00,"51,500.00"
2020-08-27,2020082701027916,AIL,32,49,57,512.00,"29,184.00"
2020-08-27,2020082701027915,AIL,11,49,80,512.00,"40,960.00"
2020-08-27,2020082701027905,AIL,14,17,10,515.00,"5,150.00"
2020-08-27,2020082701027914,AIL,41,49,97,513.00,"49,761.00"
2020-08-27,2020082701027913,AIL,26,49,50,513.00,"25,650.00"
2020-08-27,2020082701027912,AIL,28,49,20,513.00,"10,260.00"
2020-08-27,2020082701027911,AIL,42,49,796,513.00,"408,348.00"
2020-08-27,2020082701027910,AIL,19,49,180,514.00,"92,520.00"
2020-08-27,2020082701027909,AIL,14,49,480,515.00,"247,200.00"
2020-08-27,2020082701028060,AKJCL,34,41,"1,340",54.00,"72,360.00"
2020-08-27,2020082701028385,AKPL,58,40,10,118.00,"1,180.00"
2020-08-27,2020082701027904,ALBSL,28,17,50,760.00,"38,000.00"
2020-08-27,2020082701028305,ALICL,20,14,55,699.00,"38,445.00"
2020-08-27,2020082701028252,ALICL,20,49,50,699.00,"34,950.00"
2020-08-27,2020082701028121,ALICL,33,49,14,699.00,"9,786.00"
2020-08-27,2020082701028066,ALICL,55,17,20,698.00,"13,960.00"
2020-08-27,2020082701028061,ALICL,44,49,200,699.00,"139,800.00"
2020-08-27,2020082701028035,ALICL,21,49,50,699.00,"34,950.00"
2020-08-27,2020082701027930,ALICL,55,17,19,698.00,"13,262.00"
2020-08-27,2020082701028043,API,44,36,"1,141",110.00,"125,510.00"
2020-08-27,2020082701028315,BFC,43,58,10,102.00,"1,020.00"
2020-08-27,2020082701028311,CBBL,58,58,10,"1,087.00","10,870.00"
2020-08-27,2020082701028363,CBL,8,6,"1,134",142.00,"161,028.00"
2020-08-27,2020082701028141,CBL,43,7,10,144.00,"1,440.00"
2020-08-27,2020082701028053,CBL,7,48,"3,077",143.00,"440,011.00"
2020-08-27,2020082701028052,CBL,7,48,48,143.00,"6,864.00"
2020-08-27,2020082701028211,CCBL,11,44,44,174.00,"7,656.00"
2020-08-27,2020082701028200,CCBL,11,46,73,174.00,"12,702.00"
2020-08-27,2020082701028335,CIT,25,29,30,"2,880.00","86,400.00"
2020-08-27,2020082701028204,CIT,51,36,26,"2,879.00","74,854.00"
2020-08-27,2020082701028203,CIT,51,52,26,"2,878.00","74,828.00"
2020-08-27,2020082701028202,CIT,51,45,20,"2,878.00","57,560.00"
2020-08-27,2020082701028201,CIT,51,58,28,"2,875.00","80,500.00"
2020-08-27,2020082701028197,CIT,43,58,10,"2,875.00","28,750.00"
2020-08-27,2020082701028196,CIT,35,58,20,"2,875.00","57,500.00"
2020-08-27,2020082701028029,CIT,35,40,10,"2,875.00","28,750.00"
2020-08-27,2020082701028028,CIT,25,40,10,"2,875.00","28,750.00"
2020-08-27,2020082701028027,CIT,16,40,13,"2,875.00","37,375.00"
2020-08-27,2020082701028026,CIT,36,40,17,"2,875.00","48,875.00"
2020-08-27,2020082701028222,CMF1,41,1,"2,000",10.25,"20,500.00"
2020-08-27,2020082701028227,DDBL,10,28,100,881.00,"88,100.00"
2020-08-27,2020082701028215,EBL,59,51,103,730.00,"75,190.00"
2020-08-27,2020082701028214,EBL,22,51,140,730.00,"102,200.00"
2020-08-27,2020082701028261,EIC,51,35,20,470.00,"9,400.00"
2020-08-27,2020082701028260,EIC,56,35,30,470.00,"14,100.00"
2020-08-27,2020082701028242,EIC,53,34,100,471.00,"47,100.00"
2020-08-27,2020082701028208,EIC,10,34,50,471.00,"23,550.00"
2020-08-27,2020082701028070,EIC,54,34,16,471.00,"7,536.00"
2020-08-27,2020082701027941,EIC,56,41,70,470.00,"32,900.00"
2020-08-27,2020082701027921,EIC,52,34,50,471.00,"23,550.00"
2020-08-27,2020082701028362,FMDBL,13,48,115,555.00,"63,825.00"
2020-08-27,2020082701028287,FMDBL,49,48,10,555.00,"5,550.00"
2020-08-27,2020082701028282,FMDBL,19,48,125,555.00,"69,375.00"
2020-08-27,2020082701028281,FMDBL,19,59,75,555.00,"41,625.00"
2020-08-27,2020082701028277,FMDBL,48,59,10,555.00,"5,550.00"
2020-08-27,2020082701028198,FMDBL,44,59,30,555.00,"16,650.00"
2020-08-27,2020082701028125,FMDBL,13,59,50,555.00,"27,750.00"
2020-08-27,2020082701028124,FMDBL,59,59,225,555.00,"124,875.00"
2020-08-27,2020082701028123,FMDBL,29,59,100,556.00,"55,600.00"
2020-08-27,2020082701028122,FMDBL,33,59,100,556.00,"55,600.00"
2020-08-27,2020082701028131,FMDBL,13,59,20,555.00,"11,100.00"
2020-08-27,2020082701028130,FMDBL,33,59,100,555.00,"55,500.00"
2020-08-27,2020082701028129,FMDBL,45,59,20,555.00,"11,100.00"
2020-08-27,2020082701028128,FMDBL,35,59,200,555.00,"111,000.00"
2020-08-27,2020082701028127,FMDBL,5,59,200,555.00,"111,000.00"
2020-08-27,2020082701028126,FMDBL,38,59,50,555.00,"27,750.00"
2020-08-27,2020082701028137,FMDBL,13,59,100,555.00,"55,500.00"
2020-08-27,2020082701028136,FMDBL,6,59,300,555.00,"166,500.00"
2020-08-27,2020082701028135,FMDBL,41,59,50,555.00,"27,750.00"
2020-08-27,2020082701028134,FMDBL,13,59,500,555.00,"277,500.00"
2020-08-27,2020082701028133,FMDBL,56,59,350,555.00,"194,250.00"
2020-08-27,2020082701028132,FMDBL,45,59,20,555.00,"11,100.00"
2020-08-27,2020082701028171,FOWAD,50,25,11,"1,548.00","17,028.00"
2020-08-27,2020082701028271,GBBL,34,13,10,238.00,"2,380.00"
2020-08-27,2020082701028297,GBIME,35,1,100,256.00,"25,600.00"
2020-08-27,2020082701028169,GBIME,10,47,421,257.00,"108,197.00"
2020-08-27,2020082701028168,GBIME,10,43,479,257.00,"123,103.00"
2020-08-27,2020082701027944,GBIME,36,51,50,256.00,"12,800.00"
2020-08-27,2020082701028370,GBLBS,58,45,57,520.00,"29,640.00"
2020-08-27,2020082701028094,GBLBS,40,57,135,521.00,"70,335.00"
2020-08-27,2020082701028077,GBLBS,58,34,15,520.00,"7,800.00"
2020-08-27,2020082701028303,GILB,6,34,12,"1,202.00","14,424.00"
2020-08-27,2020082701028250,GILB,54,34,50,"1,203.00","60,150.00"
2020-08-27,2020082701028114,GILB,16,34,18,"1,203.00","21,654.00"
2020-08-27,2020082701028096,GILB,16,1,75,"1,203.00","90,225.00"
2020-08-27,2020082701028369,GLBSL,37,46,69,807.00,"55,683.00"
2020-08-27,2020082701028304,GLBSL,19,46,100,807.00,"80,700.00"
2020-08-27,2020082701028195,GLBSL,34,46,10,807.00,"8,070.00"
2020-08-27,2020082701028342,GLICL,19,49,100,537.00,"53,700.00"
2020-08-27,2020082701028338,GLICL,34,36,200,536.00,"107,200.00"
2020-08-27,2020082701028310,GLICL,34,36,200,536.00,"107,200.00"
2020-08-27,2020082701028093,GLICL,34,55,50,536.00,"26,800.00"
2020-08-27,2020082701028013,GLICL,10,28,70,537.00,"37,590.00"
2020-08-27,2020082701028341,HDHPC,25,52,10,95.00,950.00
2020-08-27,2020082701028343,HDL,16,25,10,"1,729.00","17,290.00"
2020-08-27,2020082701028267,HDL,52,25,50,"1,723.00","86,150.00"
2020-08-27,2020082701028246,HDL,52,21,10,"1,723.00","17,230.00"
2020-08-27,2020082701028245,HDL,26,21,40,"1,723.00","68,920.00"
2020-08-27,2020082701028229,HDL,5,56,100,"1,728.00","172,800.00"
2020-08-27,2020082701028160,HGI,52,14,10,452.00,"4,520.00"
2020-08-27,2020082701028159,HGI,52,25,10,450.00,"4,500.00"
2020-08-27,2020082701027903,HGI,52,25,20,450.00,"9,000.00"
2020-08-27,2020082701027902,HGI,52,7,480,450.00,"216,000.00"
2020-08-27,2020082701028119,HIDCL,44,29,500,132.00,"66,000.00"
2020-08-27,2020082701028336,ILBS,16,49,12,761.00,"9,132.00"
2020-08-27,2020082701028048,ILBS,22,14,14,774.00,"10,836.00"
2020-08-27,2020082701027897,ILBS,22,38,11,770.00,"8,470.00"
2020-08-27,2020082701027896,ILBS,22,49,11,770.00,"8,470.00"
2020-08-27,2020082701027895,ILBS,22,52,11,770.00,"8,470.00"
2020-08-27,2020082701027894,ILBS,22,46,11,770.00,"8,470.00"
2020-08-27,2020082701027893,ILBS,22,4,11,770.00,"8,470.00"
2020-08-27,2020082701027892,ILBS,22,52,20,768.00,"15,360.00"
2020-08-27,2020082701027891,ILBS,22,56,11,768.00,"8,448.00"
2020-08-27,2020082701028255,JBBL,58,13,70,175.00,"12,250.00"
2020-08-27,2020082701028254,JBBL,58,51,150,174.00,"26,100.00"
2020-08-27,2020082701028253,JBBL,58,56,80,174.00,"13,920.00"
2020-08-27,2020082701028074,JBBL,33,56,10,174.00,"1,740.00"
2020-08-27,2020082701028323,JSLBB,36,45,36,"1,410.00","50,760.00"
2020-08-27,2020082701028221,JSLBB,49,51,10,"1,421.00","14,210.00"
2020-08-27,2020082701028257,KBL,10,6,368,192.00,"70,656.00"
2020-08-27,2020082701028256,KBL,10,49,432,192.00,"82,944.00"
2020-08-27,2020082701028162,KBL,4,49,68,192.00,"13,056.00"
2020-08-27,2020082701028161,KBL,4,49,432,192.00,"82,944.00"
2020-08-27,2020082701028270,KPCL,25,32,10,109.00,"1,090.00"
2020-08-27,2020082701028368,KSBBL,45,48,66,142.00,"9,372.00"
2020-08-27,2020082701028367,KSBBL,42,48,50,142.00,"7,100.00"
2020-08-27,2020082701028366,KSBBL,52,48,51,143.00,"7,293.00"
2020-08-27,2020082701028313,LBBL,45,14,65,183.00,"11,895.00"
2020-08-27,2020082701028312,LBBL,45,14,10,183.00,"1,830.00"
2020-08-27,2020082701028379,LBL,10,20,"1,000",240.00,"240,000.00"
2020-08-27,2020082701028308,LBL,35,52,10,241.00,"2,410.00"
2020-08-27,2020082701028030,LEMF,58,14,"10,000",8.75,"87,500.00"
2020-08-27,2020082701028290,LICN,1,25,10,"1,479.00","14,790.00"
2020-08-27,2020082701028194,LICN,33,41,142,"1,474.00","209,308.00"
2020-08-27,2020082701027920,LICN,7,14,78,"1,470.00","114,660.00"
2020-08-27,2020082701027919,LICN,54,14,200,"1,470.00","294,000.00"
2020-08-27,2020082701027918,LICN,54,14,22,"1,470.00","32,340.00"
2020-08-27,2020082701028327,MBL,43,36,202,230.00,"46,460.00"
2020-08-27,2020082701028326,MBL,43,7,268,230.00,"61,640.00"
2020-08-27,2020082701028325,MBL,43,14,103,230.00,"23,690.00"
2020-08-27,2020082701028181,MBL,34,36,10,230.00,"2,300.00"
2020-08-27,2020082701028329,MERO,51,45,60,670.00,"40,200.00"
2020-08-27,2020082701028328,MERO,56,45,40,670.00,"26,800.00"
2020-08-27,2020082701028268,MERO,58,28,21,671.00,"14,091.00"
2020-08-27,2020082701028046,MERO,58,7,250,671.00,"167,750.00"
2020-08-27,2020082701028318,MFIL,34,1,176,280.00,"49,280.00"
2020-08-27,2020082701027890,MFIL,34,45,124,279.00,"34,596.00"
2020-08-27,2020082701027931,MLBL,45,6,250,191.00,"47,750.00"
2020-08-27,2020082701028156,MPFL,18,58,10,113.00,"1,130.00"
2020-08-27,2020082701028155,MPFL,18,6,300,112.00,"33,600.00"
2020-08-27,2020082701028154,MPFL,18,54,100,111.00,"11,100.00"
2020-08-27,2020082701028153,MPFL,18,17,100,111.00,"11,100.00"
2020-08-27,2020082701028152,MPFL,18,10,50,111.00,"5,550.00"
2020-08-27,2020082701028151,MPFL,18,7,200,111.00,"22,200.00"
2020-08-27,2020082701028150,MPFL,18,7,200,111.00,"22,200.00"
2020-08-27,2020082701028302,NABIL,44,13,35,845.00,"29,575.00"
2020-08-27,2020082701028301,NABIL,44,1,181,845.00,"152,945.00"
2020-08-27,2020082701028063,NABIL,44,1,19,845.00,"16,055.00"
2020-08-27,2020082701028217,NADEP,32,44,16,622.00,"9,952.00"
2020-08-27,2020082701028249,NBB,4,56,15,201.00,"3,015.00"
2020-08-27,2020082701028248,NBB,4,41,10,201.00,"2,010.00"
2020-08-27,2020082701028247,NBB,4,25,380,201.00,"76,380.00"
2020-08-27,2020082701028187,NBB,34,25,20,201.00,"4,020.00"
2020-08-27,2020082701028139,NBB,36,46,150,200.00,"30,000.00"
2020-08-27,2020082701028092,NBB,36,5,327,200.00,"65,400.00"
2020-08-27,2020082701028091,NBB,34,5,50,200.00,"10,000.00"
2020-08-27,2020082701028090,NBB,10,5,623,200.00,"124,600.00"
2020-08-27,2020082701027917,NBB,10,51,20,200.00,"4,000.00"
2020-08-27,2020082701028143,NBF2,37,21,"1,400",9.89,"13,846.00"
2020-08-27,2020082701028142,NBF2,37,21,"1,300",9.89,"12,857.00"
2020-08-27,2020082701028371,NBL,53,36,100,291.00,"29,100.00"
2020-08-27,2020082701028348,NBL,33,51,100,291.00,"29,100.00"
2020-08-27,2020082701028269,NBL,19,45,40,290.00,"11,600.00"
2020-08-27,2020082701028240,NBL,40,45,10,290.00,"2,900.00"
2020-08-27,2020082701028239,NBL,6,45,10,290.00,"2,900.00"
2020-08-27,2020082701028238,NBL,17,45,240,290.00,"69,600.00"
2020-08-27,2020082701028237,NBL,16,45,100,290.00,"29,000.00"
2020-08-27,2020082701028115,NBL,44,51,100,291.00,"29,100.00"
2020-08-27,2020082701028086,NBL,22,17,606,290.00,"175,740.00"
2020-08-27,2020082701028085,NBL,41,17,300,290.00,"87,000.00"
2020-08-27,2020082701028084,NBL,52,17,594,290.00,"172,260.00"
2020-08-27,2020082701028360,NCCB,34,56,20,193.00,"3,860.00"
2020-08-27,2020082701028321,NCCB,37,56,170,193.00,"32,810.00"
2020-08-27,2020082701028320,NCCB,28,56,500,193.00,"96,500.00"
2020-08-27,2020082701028319,NCCB,6,56,50,193.00,"9,650.00"
2020-08-27,2020082701028164,NCCB,56,56,10,195.00,"1,950.00"
2020-08-27,2020082701028099,NFS,29,45,159,182.00,"28,938.00"
2020-08-27,2020082701028062,NHPC,58,37,10,54.00,540.00
2020-08-27,2020082701027899,NIB,4,13,100,424.00,"42,400.00"
2020-08-27,2020082701028378,NICA,44,17,15,588.00,"8,820.00"
2020-08-27,2020082701028307,NICA,39,52,101,586.00,"59,186.00"
2020-08-27,2020082701028233,NICA,39,45,198,586.00,"116,028.00"
2020-08-27,2020082701028232,NICA,39,45,200,586.00,"117,200.00"
2020-08-27,2020082701028231,NICA,39,45,102,586.00,"59,772.00"
2020-08-27,2020082701028220,NICA,18,17,285,588.00,"167,580.00"
2020-08-27,2020082701028219,NICA,18,40,100,588.00,"58,800.00"
2020-08-27,2020082701028218,NICA,18,1,115,587.00,"67,505.00"
2020-08-27,2020082701028212,NICA,26,1,20,587.00,"11,740.00"
2020-08-27,2020082701028210,NICA,39,39,256,586.00,"150,016.00"
2020-08-27,2020082701028039,NICA,39,45,142,586.00,"83,212.00"
2020-08-27,2020082701028038,NICA,38,45,68,586.00,"39,848.00"
2020-08-27,2020082701028266,NICL,14,17,277,520.00,"144,040.00"
2020-08-27,2020082701028205,NICL,14,40,50,520.00,"26,000.00"
2020-08-27,2020082701028172,NICL,14,29,110,520.00,"57,200.00"
2020-08-27,2020082701027945,NICL,33,44,10,521.00,"5,210.00"
2020-08-27,2020082701027932,NICL,14,45,115,520.00,"59,800.00"
2020-08-27,2020082701027901,NICL,14,19,200,520.00,"104,000.00"
2020-08-27,2020082701028359,NIL,34,6,49,777.00,"38,073.00"
2020-08-27,2020082701028358,NIL,34,14,504,777.00,"391,608.00"
2020-08-27,2020082701028357,NIL,34,34,200,777.00,"155,400.00"
2020-08-27,2020082701028356,NIL,34,26,68,777.00,"52,836.00"
2020-08-27,2020082701028355,NIL,34,44,700,776.00,"543,200.00"
2020-08-27,2020082701028354,NIL,34,58,26,776.00,"20,176.00"
2020-08-27,2020082701027991,NIL,14,5,64,770.00,"49,280.00"
2020-08-27,2020082701027990,NIL,29,5,86,770.00,"66,220.00"
2020-08-27,2020082701027936,NIL,45,3,35,771.00,"26,985.00"
2020-08-27,2020082701027933,NIL,39,3,60,771.00,"46,260.00"
2020-08-27,2020082701028191,NIL,58,26,102,771.00,"78,642.00"
2020-08-27,2020082701028190,NIL,44,26,160,772.00,"123,520.00"
2020-08-27,2020082701028179,NIL,44,45,100,772.00,"77,200.00"
2020-08-27,2020082701028178,NIL,44,7,40,771.00,"30,840.00"
2020-08-27,2020082701028050,NIL,19,6,64,770.00,"49,280.00"
2020-08-27,2020082701028049,NIL,14,6,36,770.00,"27,720.00"
2020-08-27,2020082701028353,NIL,34,38,140,776.00,"108,640.00"
2020-08-27,2020082701028352,NIL,34,38,88,776.00,"68,288.00"
2020-08-27,2020082701028351,NIL,34,34,35,775.00,"27,125.00"
2020-08-27,2020082701028350,NIL,34,41,190,775.00,"147,250.00"
2020-08-27,2020082701028349,NIL,34,41,10,775.00,"7,750.00"
2020-08-27,2020082701028192,NIL,19,26,38,770.00,"29,260.00"
2020-08-27,2020082701028365,NLIC,10,59,200,"1,372.00","274,400.00"
2020-08-27,2020082701028299,NLIC,32,59,12,"1,372.00","16,464.00"
2020-08-27,2020082701028298,NLIC,49,59,122,"1,372.00","167,384.00"
2020-08-27,2020082701028170,NLIC,49,41,50,"1,372.00","68,600.00"
2020-08-27,2020082701027994,NLIC,32,47,250,"1,373.00","343,250.00"
2020-08-27,2020082701027993,NLIC,32,18,68,"1,373.00","93,364.00"
2020-08-27,2020082701027992,NLIC,32,41,100,"1,372.00","137,200.00"
2020-08-27,2020082701027940,NLIC,59,18,32,"1,373.00","43,936.00"
2020-08-27,2020082701028158,NLICL,6,32,100,718.00,"71,800.00"
2020-08-27,2020082701028157,NLICL,6,37,"1,300",718.00,"933,400.00"
2020-08-27,2020082701028059,NLICL,35,37,100,718.00,"71,800.00"
2020-08-27,2020082701028236,NMB,49,58,860,426.00,"366,360.00"
2020-08-27,2020082701028235,NMB,48,58,40,428.00,"17,120.00"
2020-08-27,2020082701028149,NMB,49,14,27,426.00,"11,502.00"
2020-08-27,2020082701028148,NMB,45,14,50,426.00,"21,300.00"
2020-08-27,2020082701028147,NMB,45,14,100,426.00,"42,600.00"
2020-08-27,2020082701028146,NMB,48,14,19,427.00,"8,113.00"
2020-08-27,2020082701028145,NMB,45,14,100,427.00,"42,700.00"
2020-08-27,2020082701028144,NMB,13,14,455,428.00,"194,740.00"
2020-08-27,2020082701028076,NMB,13,58,45,428.00,"19,260.00"
2020-08-27,2020082701028075,NMB,13,19,500,428.00,"214,000.00"
2020-08-27,2020082701028340,NRIC,55,16,60,709.00,"42,540.00"
2020-08-27,2020082701028339,NRIC,55,48,40,709.00,"28,360.00"
2020-08-27,2020082701028316,NRIC,33,33,200,708.00,"141,600.00"
2020-08-27,2020082701028296,NRIC,59,7,200,709.00,"141,800.00"
2020-08-27,2020082701028295,NRIC,59,35,40,709.00,"28,360.00"
2020-08-27,2020082701028294,NRIC,59,6,251,709.00,"177,959.00"
2020-08-27,2020082701027898,NRIC,22,59,10,709.00,"7,090.00"
2020-08-27,2020082701028040,NRIC,35,6,410,709.00,"290,690.00"
2020-08-27,2020082701028009,NRIC,35,6,200,709.00,"141,800.00"
2020-08-27,2020082701027998,NRIC,35,6,40,709.00,"28,360.00"
2020-08-27,2020082701027997,NRIC,35,17,50,709.00,"35,450.00"
2020-08-27,2020082701027943,NRIC,1,17,15,709.00,"10,635.00"
2020-08-27,2020082701027942,NRIC,1,59,985,709.00,"698,365.00"
2020-08-27,2020082701028113,NRIC,48,6,500,709.00,"354,500.00"
2020-08-27,2020082701028112,NRIC,33,6,500,709.00,"354,500.00"
2020-08-27,2020082701028111,NRIC,35,6,160,709.00,"113,440.00"
2020-08-27,2020082701028089,NRIC,35,48,100,709.00,"70,900.00"
2020-08-27,2020082701028044,NRIC,35,48,100,709.00,"70,900.00"
2020-08-27,2020082701028041,NRIC,35,16,40,709.00,"28,360.00"
2020-08-27,2020082701028292,NRIC,59,6,500,709.00,"354,500.00"
2020-08-27,2020082701028285,NRIC,55,6,"1,000",709.00,"709,000.00"
2020-08-27,2020082701028244,NRIC,54,6,"1,000",709.00,"709,000.00"
2020-08-27,2020082701028209,NRIC,36,6,60,709.00,"42,540.00"
2020-08-27,2020082701028206,NRIC,41,6,90,709.00,"63,810.00"
2020-08-27,2020082701028182,NRIC,35,6,110,709.00,"77,990.00"
2020-08-27,2020082701028225,NRN,33,48,10,369.00,"3,690.00"
2020-08-27,2020082701028001,NRN,33,48,10,369.00,"3,690.00"
2020-08-27,2020082701027937,NRN,33,13,10,369.00,"3,690.00"
2020-08-27,2020082701028173,NUBL,43,41,50,975.00,"48,750.00"
2020-08-27,2020082701027939,NUBL,43,26,200,979.00,"195,800.00"
2020-08-27,2020082701027929,NUBL,43,16,60,979.00,"58,740.00"
2020-08-27,2020082701027928,NUBL,43,55,20,979.00,"19,580.00"
2020-08-27,2020082701027927,NUBL,43,19,50,979.00,"48,950.00"
2020-08-27,2020082701027926,NUBL,43,34,100,978.00,"97,800.00"
2020-08-27,2020082701027925,NUBL,43,39,150,977.00,"146,550.00"
2020-08-27,2020082701027924,NUBL,43,34,75,975.00,"73,125.00"
2020-08-27,2020082701027923,NUBL,43,59,40,975.00,"39,000.00"
2020-08-27,2020082701027922,NUBL,43,43,50,974.00,"48,700.00"
2020-08-27,2020082701028284,OHL,16,34,10,341.00,"3,410.00"
2020-08-27,2020082701028069,OHL,3,45,"1,600",336.00,"537,600.00"
2020-08-27,2020082701028068,OHL,3,58,"3,121",336.00,"1,048,660.00"
2020-08-27,2020082701028012,OHL,34,58,151,336.00,"50,736.00"
2020-08-27,2020082701028381,PCBL,45,37,60,285.00,"17,100.00"
2020-08-27,2020082701028380,PCBL,17,37,21,285.00,"5,985.00"
2020-08-27,2020082701028364,PCBL,4,43,100,286.00,"28,600.00"
2020-08-27,2020082701028347,PCBL,17,58,80,285.00,"22,800.00"
2020-08-27,2020082701028346,PCBL,53,58,100,285.00,"28,500.00"
2020-08-27,2020082701028345,PCBL,6,58,500,285.00,"142,500.00"
2020-08-27,2020082701028344,PCBL,5,58,220,285.00,"62,700.00"
2020-08-27,2020082701028337,PCBL,6,43,500,286.00,"143,000.00"
2020-08-27,2020082701028300,PCBL,5,47,44,285.00,"12,540.00"
2020-08-27,2020082701028259,PCBL,58,43,40,286.00,"11,440.00"
2020-08-27,2020082701028067,PCBL,5,39,236,285.00,"67,260.00"
2020-08-27,2020082701028334,PIC,43,37,100,720.00,"72,000.00"
2020-08-27,2020082701028333,PIC,43,58,500,720.00,"360,000.00"
2020-08-27,2020082701028332,PIC,43,34,20,720.00,"14,400.00"
2020-08-27,2020082701028331,PIC,43,4,20,719.00,"14,380.00"
2020-08-27,2020082701028330,PIC,43,34,219,719.00,"157,461.00"
2020-08-27,2020082701028241,PIC,43,29,716,718.00,"514,088.00"
2020-08-27,2020082701028177,PIC,36,29,784,718.00,"562,912.00"
2020-08-27,2020082701028176,PIC,36,43,196,718.00,"140,728.00"
2020-08-27,2020082701028175,PIC,36,58,20,717.00,"14,340.00"
2020-08-27,2020082701028174,PIC,36,33,200,717.00,"143,400.00"
2020-08-27,2020082701028036,PIC,54,33,20,717.00,"14,340.00"
2020-08-27,2020082701027934,PIC,17,33,100,717.00,"71,700.00"
2020-08-27,2020082701027900,PICL,34,44,200,509.00,"101,800.00"
2020-08-27,2020082701028228,PLIC,28,53,250,610.00,"152,500.00"
2020-08-27,2020082701028116,PLIC,43,53,31,610.00,"18,910.00"
2020-08-27,2020082701028383,PRIN,44,44,360,567.00,"204,120.00"
2020-08-27,2020082701028382,PRIN,25,44,87,568.00,"49,416.00"
2020-08-27,2020082701028234,PRIN,25,34,13,568.00,"7,384.00"
2020-08-27,2020082701028011,PRIN,44,36,140,567.00,"79,380.00"
2020-08-27,2020082701027938,PRIN,14,36,10,567.00,"5,670.00"
2020-08-27,2020082701028216,PRVU,10,34,171,237.00,"40,527.00"
2020-08-27,2020082701028165,PRVU,51,34,79,237.00,"18,723.00"
2020-08-27,2020082701028163,PRVU,51,33,421,237.00,"99,777.00"
2020-08-27,2020082701028276,RADHI,22,13,121,181.00,"21,901.00"
2020-08-27,2020082701028107,RADHI,22,21,11,180.00,"1,980.00"
2020-08-27,2020082701028106,RADHI,22,1,12,180.00,"2,160.00"
2020-08-27,2020082701028105,RADHI,22,29,100,180.00,"18,000.00"
2020-08-27,2020082701028104,RADHI,22,35,11,180.00,"1,980.00"
2020-08-27,2020082701028103,RADHI,22,6,110,180.00,"19,800.00"
2020-08-27,2020082701028102,RADHI,22,50,11,180.00,"1,980.00"
2020-08-27,2020082701028101,RADHI,22,53,12,180.00,"2,160.00"
2020-08-27,2020082701028384,RBCL,58,21,10,"9,701.00","97,010.00"
2020-08-27,2020082701028280,RBCLPO,6,17,10,"8,375.00","83,750.00"
2020-08-27,2020082701028279,RBCLPO,44,17,10,"8,376.00","83,760.00"
2020-08-27,2020082701028278,RBCLPO,22,17,10,"8,400.00","84,000.00"
2020-08-27,2020082701027988,RBCLPO,22,3,10,"8,400.00","84,000.00"
2020-08-27,2020082701028377,RMDC,34,32,50,840.00,"42,000.00"
2020-08-27,2020082701028376,RMDC,34,25,21,840.00,"17,640.00"
2020-08-27,2020082701028375,RMDC,34,47,34,840.00,"28,560.00"
2020-08-27,2020082701028374,RMDC,34,41,20,840.00,"16,800.00"
2020-08-27,2020082701028373,RMDC,34,57,197,840.00,"165,480.00"
2020-08-27,2020082701028372,RMDC,34,56,100,839.00,"83,900.00"
2020-08-27,2020082701028183,RMDC,49,26,50,839.00,"41,950.00"
2020-08-27,2020082701028275,RRHP,47,17,30,92.00,"2,760.00"
2020-08-27,2020082701028274,RRHP,47,16,10,92.00,920.00
2020-08-27,2020082701028273,RRHP,47,50,10,92.00,920.00
2020-08-27,2020082701028272,RRHP,47,17,50,91.00,"4,550.00"
2020-08-27,2020082701028286,RSDC,26,26,79,522.00,"41,238.00"
2020-08-27,2020082701028055,RSDC,10,26,50,524.00,"26,200.00"
2020-08-27,2020082701028054,RSDC,10,25,50,524.00,"26,200.00"
2020-08-27,2020082701028361,SABSL,19,57,11,787.00,"8,657.00"
2020-08-27,2020082701028042,SABSL,41,17,11,782.00,"8,602.00"
2020-08-27,2020082701028073,SANIMA,10,52,900,349.00,"314,100.00"
2020-08-27,2020082701028072,SANIMA,34,52,100,349.00,"34,900.00"
2020-08-27,2020082701027999,SANIMA,52,33,150,350.00,"52,500.00"
2020-08-27,2020082701028180,SBI,36,51,12,434.00,"5,208.00"
2020-08-27,2020082701028166,SBI,19,34,51,432.00,"22,032.00"
2020-08-27,2020082701028243,SCB,17,29,100,661.00,"66,100.00"
2020-08-27,2020082701028258,SDLBSL,41,6,10,832.00,"8,320.00"
2020-08-27,2020082701028008,SDLBSL,33,42,10,840.00,"8,400.00"
2020-08-27,2020082701028007,SDLBSL,33,8,10,840.00,"8,400.00"
2020-08-27,2020082701028006,SDLBSL,33,58,10,840.00,"8,400.00"
2020-08-27,2020082701028005,SDLBSL,33,21,10,840.00,"8,400.00"
2020-08-27,2020082701028004,SDLBSL,33,51,10,840.00,"8,400.00"
2020-08-27,2020082701028003,SDLBSL,33,1,10,840.00,"8,400.00"
2020-08-27,2020082701028002,SDLBSL,33,26,100,838.00,"83,800.00"
2020-08-27,2020082701028317,SFCL,59,53,100,125.00,"12,500.00"
2020-08-27,2020082701028314,SFCL,21,53,50,125.00,"6,250.00"
2020-08-27,2020082701028262,SFCL,34,53,100,125.00,"12,500.00"
2020-08-27,2020082701028251,SFCL,43,53,100,125.00,"12,500.00"
2020-08-27,2020082701028138,SFCL,25,53,100,125.00,"12,500.00"
2020-08-27,2020082701028056,SFCL,25,53,100,125.00,"12,500.00"
2020-08-27,2020082701028037,SFCL,25,5,12,124.00,"1,488.00"
2020-08-27,2020082701027996,SFCL,25,5,20,124.00,"2,480.00"
2020-08-27,2020082701027995,SFCL,54,5,20,124.00,"2,480.00"
2020-08-27,2020082701027887,SFCL,53,53,50,125.00,"6,250.00"
2020-08-27,2020082701028230,SHINE,56,56,120,235.00,"28,200.00"
2020-08-27,2020082701028322,SHIVM,45,46,10,680.00,"6,800.00"
2020-08-27,2020082701028293,SHIVM,58,34,10,680.00,"6,800.00"
2020-08-27,2020082701028291,SHIVM,16,45,100,668.00,"66,800.00"
2020-08-27,2020082701028265,SHIVM,16,52,75,667.00,"50,025.00"
2020-08-27,2020082701028224,SHIVM,45,52,25,667.00,"16,675.00"
2020-08-27,2020082701028223,SHIVM,45,40,25,665.00,"16,625.00"
2020-08-27,2020082701027946,SHIVM,58,25,452,660.00,"298,320.00"
2020-08-27,2020082701027952,SHIVM,58,32,100,660.00,"66,000.00"
2020-08-27,2020082701027951,SHIVM,58,42,200,660.00,"132,000.00"
2020-08-27,2020082701027950,SHIVM,58,58,100,660.00,"66,000.00"
2020-08-27,2020082701027949,SHIVM,58,19,50,660.00,"33,000.00"
2020-08-27,2020082701027948,SHIVM,58,42,200,660.00,"132,000.00"
2020-08-27,2020082701027947,SHIVM,58,29,22,660.00,"14,520.00"
2020-08-27,2020082701027958,SHIVM,58,26,120,663.00,"79,560.00"
2020-08-27,2020082701027957,SHIVM,58,6,250,663.00,"165,750.00"
2020-08-27,2020082701027956,SHIVM,58,43,300,663.00,"198,900.00"
2020-08-27,2020082701027955,SHIVM,58,41,50,662.00,"33,100.00"
2020-08-27,2020082701027954,SHIVM,58,41,50,660.00,"33,000.00"
2020-08-27,2020082701027953,SHIVM,58,42,40,660.00,"26,400.00"
2020-08-27,2020082701027964,SHIVM,58,34,100,663.00,"66,300.00"
2020-08-27,2020082701027963,SHIVM,58,41,500,663.00,"331,500.00"
2020-08-27,2020082701027962,SHIVM,58,38,50,663.00,"33,150.00"
2020-08-27,2020082701027961,SHIVM,58,32,25,663.00,"16,575.00"
2020-08-27,2020082701027960,SHIVM,58,35,10,663.00,"6,630.00"
2020-08-27,2020082701027959,SHIVM,58,53,"1,000",663.00,"663,000.00"
2020-08-27,2020082701027970,SHIVM,58,38,150,663.00,"99,450.00"
2020-08-27,2020082701027969,SHIVM,58,38,100,663.00,"66,300.00"
2020-08-27,2020082701027968,SHIVM,58,51,100,663.00,"66,300.00"
2020-08-27,2020082701027967,SHIVM,58,17,50,663.00,"33,150.00"
2020-08-27,2020082701027966,SHIVM,58,44,100,663.00,"66,300.00"
2020-08-27,2020082701027965,SHIVM,58,7,20,663.00,"13,260.00"
2020-08-27,2020082701027976,SHIVM,58,58,500,664.00,"332,000.00"
2020-08-27,2020082701027975,SHIVM,58,45,50,664.00,"33,200.00"
2020-08-27,2020082701027974,SHIVM,58,46,180,663.00,"119,340.00"
2020-08-27,2020082701027973,SHIVM,58,58,12,663.00,"7,956.00"
2020-08-27,2020082701027972,SHIVM,58,8,50,663.00,"33,150.00"
2020-08-27,2020082701027971,SHIVM,58,49,50,663.00,"33,150.00"
2020-08-27,2020082701027982,SHIVM,58,43,200,664.00,"132,800.00"
2020-08-27,2020082701027981,SHIVM,58,8,875,664.00,"581,000.00"
2020-08-27,2020082701027980,SHIVM,58,22,100,664.00,"66,400.00"
2020-08-27,2020082701027979,SHIVM,58,42,50,664.00,"33,200.00"
2020-08-27,2020082701027978,SHIVM,58,58,300,664.00,"199,200.00"
2020-08-27,2020082701027977,SHIVM,58,14,170,664.00,"112,880.00"
2020-08-27,2020082701028014,SHIVM,34,40,50,655.00,"32,750.00"
2020-08-27,2020082701027987,SHIVM,58,11,150,667.00,"100,050.00"
2020-08-27,2020082701027986,SHIVM,58,58,50,666.00,"33,300.00"
2020-08-27,2020082701027985,SHIVM,58,29,50,666.00,"33,300.00"
2020-08-27,2020082701027984,SHIVM,58,8,50,665.00,"33,250.00"
2020-08-27,2020082701027983,SHIVM,58,38,100,665.00,"66,500.00"
2020-08-27,2020082701028189,SHIVM,58,58,50,667.00,"33,350.00"
2020-08-27,2020082701028188,SHIVM,58,19,200,667.00,"133,400.00"
2020-08-27,2020082701028016,SHIVM,45,49,450,654.00,"294,300.00"
2020-08-27,2020082701028015,SHIVM,34,49,150,660.00,"99,000.00"
2020-08-27,2020082701028283,SHL,46,36,295,157.00,"46,315.00"
2020-08-27,2020082701028226,SHL,16,22,100,158.00,"15,800.00"
2020-08-27,2020082701027908,SHL,49,52,100,158.00,"15,800.00"
2020-08-27,2020082701027889,SHPC,48,34,300,239.00,"71,700.00"
2020-08-27,2020082701028083,SIC,14,37,211,854.00,"180,194.00"
2020-08-27,2020082701028082,SIC,14,47,20,854.00,"17,080.00"
2020-08-27,2020082701028081,SIC,14,17,30,853.00,"25,590.00"
2020-08-27,2020082701028025,SIC,14,42,18,852.00,"15,336.00"
2020-08-27,2020082701028024,SIC,14,56,50,851.00,"42,550.00"
2020-08-27,2020082701028023,SIC,14,16,100,850.00,"85,000.00"
2020-08-27,2020082701028022,SIC,14,49,100,850.00,"85,000.00"
2020-08-27,2020082701028021,SIC,14,54,20,850.00,"17,000.00"
2020-08-27,2020082701028020,SIC,14,41,100,849.00,"84,900.00"
2020-08-27,2020082701028019,SIC,14,13,121,848.00,"102,608.00"
2020-08-27,2020082701028018,SIC,14,45,79,848.00,"66,992.00"
2020-08-27,2020082701028017,SIC,14,35,151,847.00,"127,897.00"
2020-08-27,2020082701028167,SICL,58,53,50,"1,250.00","62,500.00"
2020-08-27,2020082701028080,SICL,56,45,148,"1,258.00","186,184.00"
2020-08-27,2020082701028079,SICL,56,19,100,"1,257.00","125,700.00"
2020-08-27,2020082701028078,SICL,56,34,52,"1,256.00","65,312.00"
2020-08-27,2020082701028033,SICL,58,47,14,"1,250.00","17,500.00"
2020-08-27,2020082701028010,SIFC,13,18,300,152.00,"45,600.00"
2020-08-27,2020082701028207,SIL,5,46,100,697.00,"69,700.00"
2020-08-27,2020082701028032,SINDU,44,50,26,127.00,"3,302.00"
2020-08-27,2020082701028031,SINDU,44,45,93,127.00,"11,811.00"
2020-08-27,2020082701028095,SKBBL,45,32,100,"1,342.00","134,200.00"
2020-08-27,2020082701028058,SKBBL,36,32,50,"1,340.00","67,000.00"
2020-08-27,2020082701028057,SKBBL,57,32,50,"1,340.00","67,000.00"
2020-08-27,2020082701028264,SLICL,47,47,10,546.00,"5,460.00"
2020-08-27,2020082701028263,SLICL,44,47,70,546.00,"38,220.00"
2020-08-27,2020082701028186,SLICL,45,46,88,547.00,"48,136.00"
2020-08-27,2020082701028185,SLICL,45,32,100,547.00,"54,700.00"
2020-08-27,2020082701028184,SLICL,45,58,312,547.00,"170,664.00"
2020-08-27,2020082701028140,SLICL,44,49,50,546.00,"27,300.00"
2020-08-27,2020082701028098,SLICL,44,34,80,546.00,"43,680.00"
2020-08-27,2020082701028097,SLICL,55,34,20,546.00,"10,920.00"
2020-08-27,2020082701028034,SLICL,55,45,50,546.00,"27,300.00"
2020-08-27,2020082701027935,SLICL,55,49,200,546.00,"109,200.00"
2020-08-27,2020082701027886,SLICL,55,43,200,546.00,"109,200.00"
2020-08-27,2020082701028051,SMFBS,25,51,35,966.00,"33,810.00"
2020-08-27,2020082701028000,SMFBS,49,35,10,964.00,"9,640.00"
2020-08-27,2020082701028324,SPARS,41,34,19,918.00,"17,442.00"
2020-08-27,2020082701028306,SPARS,41,54,10,918.00,"9,180.00"
2020-08-27,2020082701028309,SRBL,40,51,100,233.00,"23,300.00"
2020-08-27,2020082701028047,SRBL,40,34,100,232.00,"23,200.00"
2020-08-27,2020082701028193,UIC,58,45,10,408.00,"4,080.00"
2020-08-27,2020082701028110,UIC,6,58,100,407.00,"40,700.00"
2020-08-27,2020082701028109,UIC,6,41,200,407.00,"81,400.00"
2020-08-27,2020082701028108,UIC,6,57,90,407.00,"36,630.00"
2020-08-27,2020082701027989,UIC,58,57,10,407.00,"4,070.00"
2020-08-27,2020082701027888,UIC,22,54,50,405.00,"20,250.00"
2020-08-27,2020082701028289,UMHL,48,8,86,103.00,"8,858.00"
2020-08-27,2020082701028288,UMHL,48,17,114,103.00,"11,742.00"
2020-08-27,2020082701028065,VLBS,46,56,184,952.00,"175,168.00"
2020-08-27,2020082701028064,VLBS,40,56,37,952.00,"35,224.00"
2020-08-27,2020082701027807,ACLBSL,39,58,33,704.00,"23,232.00"
2020-08-27,2020082701027806,ACLBSL,58,58,100,704.00,"70,400.00"
2020-08-27,2020082701027805,ACLBSL,20,58,67,704.00,"47,168.00"
2020-08-27,2020082701027882,ADBL,26,37,8,425.00,"3,400.00"
2020-08-27,2020082701027881,ADBL,26,34,92,425.00,"39,100.00"
2020-08-27,2020082701027880,ADBL,17,34,108,425.00,"45,900.00"
2020-08-27,2020082701027717,AHPC,56,22,200,94.00,"18,800.00"
2020-08-27,2020082701027773,AIL,14,17,10,515.00,"5,150.00"
2020-08-27,2020082701027660,AIL,19,6,10,514.00,"5,140.00"
2020-08-27,2020082701027615,AIL,19,20,10,514.00,"5,140.00"
2020-08-27,2020082701027600,AIL,56,11,10,514.00,"5,140.00"
2020-08-27,2020082701027589,AIL,25,26,100,516.00,"51,600.00"
2020-08-27,2020082701027490,AIL,56,17,10,514.00,"5,140.00"
2020-08-27,2020082701027469,AIL,56,20,10,514.00,"5,140.00"
2020-08-27,2020082701027514,AKPL,59,49,"1,196",116.00,"138,736.00"
2020-08-27,2020082701027433,AKPL,44,49,500,116.00,"58,000.00"
2020-08-27,2020082701027747,ALBSL,28,26,22,759.00,"16,698.00"
2020-08-27,2020082701027746,ALBSL,28,42,19,758.00,"14,402.00"
2020-08-27,2020082701027745,ALBSL,28,34,251,758.00,"190,258.00"
2020-08-27,2020082701027744,ALBSL,28,16,50,758.00,"37,900.00"
2020-08-27,2020082701027743,ALBSL,28,17,50,758.00,"37,900.00"
2020-08-27,2020082701027742,ALBSL,28,22,100,757.00,"75,700.00"
2020-08-27,2020082701027489,ALBSL,28,33,140,750.00,"105,000.00"
2020-08-27,2020082701027488,ALBSL,28,46,13,750.00,"9,750.00"
2020-08-27,2020082701027642,ALBSL,28,57,130,754.00,"98,020.00"
2020-08-27,2020082701027641,ALBSL,28,7,20,754.00,"15,080.00"
2020-08-27,2020082701027640,ALBSL,28,34,11,753.00,"8,283.00"
2020-08-27,2020082701027639,ALBSL,28,22,11,753.00,"8,283.00"
2020-08-27,2020082701027638,ALBSL,28,41,11,752.00,"8,272.00"
2020-08-27,2020082701027534,ALBSL,28,26,11,748.00,"8,228.00"
2020-08-27,2020082701027648,ALBSL,28,58,10,756.00,"7,560.00"
2020-08-27,2020082701027647,ALBSL,28,45,12,755.00,"9,060.00"
2020-08-27,2020082701027646,ALBSL,28,25,50,755.00,"37,750.00"
2020-08-27,2020082701027645,ALBSL,28,48,50,755.00,"37,750.00"
2020-08-27,2020082701027644,ALBSL,28,56,11,755.00,"8,305.00"
2020-08-27,2020082701027643,ALBSL,28,32,50,754.00,"37,700.00"
2020-08-27,2020082701027878,ALICL,33,49,36,699.00,"25,164.00"
2020-08-27,2020082701027774,ALICL,55,6,36,698.00,"25,128.00"
2020-08-27,2020082701027720,ALICL,38,6,65,699.00,"45,435.00"
2020-08-27,2020082701027716,ALICL,38,5,135,699.00,"94,365.00"
2020-08-27,2020082701027630,ALICL,33,13,100,700.00,"70,000.00"
2020-08-27,2020082701027616,ALICL,29,6,200,699.00,"139,800.00"
2020-08-27,2020082701027424,ALICL,16,57,111,701.00,"77,811.00"
2020-08-27,2020082701027441,ALICL,56,6,100,700.00,"70,000.00"
2020-08-27,2020082701027440,ALICL,19,6,20,700.00,"14,000.00"
2020-08-27,2020082701027439,ALICL,4,6,200,700.00,"140,000.00"
2020-08-27,2020082701027438,ALICL,58,6,"4,426",700.00,"3,098,200.00"
2020-08-27,2020082701027437,ALICL,16,6,185,701.00,"129,685.00"
2020-08-27,2020082701027432,ALICL,16,36,204,701.00,"143,004.00"
2020-08-27,2020082701027562,ALICL,41,13,100,700.00,"70,000.00"
2020-08-27,2020082701027561,ALICL,59,13,50,700.00,"35,000.00"
2020-08-27,2020082701027560,ALICL,35,13,35,700.00,"24,500.00"
2020-08-27,2020082701027444,ALICL,35,6,965,700.00,"675,500.00"
2020-08-27,2020082701027443,ALICL,36,6,100,700.00,"70,000.00"
2020-08-27,2020082701027442,ALICL,25,6,100,700.00,"70,000.00"
2020-08-27,2020082701027417,API,44,57,"1,000",110.00,"110,000.00"
2020-08-27,2020082701027416,API,44,37,230,110.00,"25,300.00"
2020-08-27,2020082701027415,API,44,47,600,110.00,"66,000.00"
2020-08-27,2020082701027414,API,44,39,200,110.00,"22,000.00"
2020-08-27,2020082701027413,API,44,42,"1,460",110.00,"160,600.00"
2020-08-27,2020082701027579,BOKL,29,11,100,232.00,"23,200.00"
2020-08-27,2020082701027556,BOKL,14,11,100,232.00,"23,200.00"
2020-08-27,2020082701027464,CHCL,46,39,400,401.00,"160,400.00"
2020-08-27,2020082701027827,CIT,29,10,15,"2,876.00","43,140.00"
2020-08-27,2020082701027826,CIT,49,10,10,"2,877.00","28,770.00"
2020-08-27,2020082701027825,CIT,26,10,25,"2,877.00","71,925.00"
2020-08-27,2020082701027492,CIT,51,44,10,"2,880.00","28,800.00"
2020-08-27,2020082701027681,CLBSL,1,32,22,700.00,"15,400.00"
2020-08-27,2020082701027680,CLBSL,45,32,28,700.00,"19,600.00"
2020-08-27,2020082701027703,CMF1,41,59,"1,000",10.19,"10,190.00"
2020-08-27,2020082701027709,CZBIL,13,45,860,194.00,"166,840.00"
2020-08-27,2020082701027708,CZBIL,53,45,140,194.00,"27,160.00"
2020-08-27,2020082701027707,CZBIL,25,45,285,194.00,"55,290.00"
2020-08-27,2020082701027873,DDBL,10,1,50,880.00,"44,000.00"
2020-08-27,2020082701027872,DDBL,10,45,30,880.00,"26,400.00"
2020-08-27,2020082701027871,DDBL,10,6,10,880.00,"8,800.00"
2020-08-27,2020082701027460,DDBL,43,25,50,877.00,"43,850.00"
2020-08-27,2020082701027396,DDBL,43,21,50,877.00,"43,850.00"
2020-08-27,2020082701027395,DDBL,43,25,120,877.00,"105,240.00"
2020-08-27,2020082701027394,DDBL,43,42,45,877.00,"39,465.00"
2020-08-27,2020082701027393,DDBL,43,44,379,875.00,"331,625.00"
2020-08-27,2020082701027392,DDBL,43,7,50,874.00,"43,700.00"
2020-08-27,2020082701027391,DDBL,43,11,380,873.00,"331,740.00"
2020-08-27,2020082701027812,DHPL,34,40,"2,000",52.00,"104,000.00"
2020-08-27,2020082701027491,EBL,49,55,10,731.00,"7,310.00"
2020-08-27,2020082701027801,EIC,56,45,400,470.00,"188,000.00"
2020-08-27,2020082701027670,EIC,19,34,100,471.00,"47,100.00"
2020-08-27,2020082701027669,EIC,19,34,100,471.00,"47,100.00"
2020-08-27,2020082701027874,FMDBL,33,58,179,557.00,"99,703.00"
2020-08-27,2020082701027798,FMDBL,59,58,275,555.00,"152,625.00"
2020-08-27,2020082701027797,FMDBL,45,58,100,555.00,"55,500.00"
2020-08-27,2020082701027796,FMDBL,38,58,25,555.00,"13,875.00"
2020-08-27,2020082701027795,FMDBL,29,58,100,556.00,"55,600.00"
2020-08-27,2020082701027525,FMDBL,10,58,200,556.00,"111,200.00"
2020-08-27,2020082701027389,FMDBL,41,58,50,556.00,"27,800.00"
2020-08-27,2020082701027388,FMDBL,45,58,30,556.00,"16,680.00"
2020-08-27,2020082701027387,FMDBL,58,58,512,556.00,"284,672.00"
2020-08-27,2020082701027768,GBBL,35,32,100,237.00,"23,700.00"
2020-08-27,2020082701027877,GBIME,21,51,50,256.00,"12,800.00"
2020-08-27,2020082701027824,GBIME,49,51,100,256.00,"25,600.00"
2020-08-27,2020082701027821,GBIME,17,51,100,256.00,"25,600.00"
2020-08-27,2020082701027677,GBIME,41,51,100,256.00,"25,600.00"
2020-08-27,2020082701027583,GBIME,47,51,100,256.00,"25,600.00"
2020-08-27,2020082701027462,GBIME,29,51,28,255.00,"7,140.00"
2020-08-27,2020082701027765,GBLBS,58,36,100,520.00,"52,000.00"
2020-08-27,2020082701027493,GBLBS,58,59,71,520.00,"36,920.00"
2020-08-27,2020082701027476,GBLBS,26,16,120,520.00,"62,400.00"
2020-08-27,2020082701027683,GLBSL,43,46,10,807.00,"8,070.00"
2020-08-27,2020082701027454,GLBSL,47,43,10,800.00,"8,000.00"
2020-08-27,2020082701027453,GLBSL,26,43,20,800.00,"16,000.00"
2020-08-27,2020082701027452,GLBSL,41,43,35,800.00,"28,000.00"
2020-08-27,2020082701027823,GLICL,48,28,100,537.00,"53,700.00"
2020-08-27,2020082701027822,GLICL,51,28,100,537.00,"53,700.00"
2020-08-27,2020082701027603,GUFL,54,29,200,120.00,"24,000.00"
2020-08-27,2020082701027875,HBL,53,52,150,568.00,"85,200.00"
2020-08-27,2020082701027706,HDL,26,3,460,"1,723.00","792,580.00"
2020-08-27,2020082701027705,HDL,45,3,20,"1,727.00","34,540.00"
2020-08-27,2020082701027597,HDL,45,53,100,"1,727.00","172,700.00"
2020-08-27,2020082701027593,HGI,52,7,20,450.00,"9,000.00"
2020-08-27,2020082701027543,HGI,59,14,50,452.00,"22,600.00"
2020-08-27,2020082701027511,HGI,34,14,10,452.00,"4,520.00"
2020-08-27,2020082701027461,HIDCL,49,4,10,133.00,"1,330.00"
2020-08-27,2020082701027402,ICFC,34,25,100,175.00,"17,500.00"
2020-08-27,2020082701027401,ICFC,47,25,100,175.00,"17,500.00"
2020-08-27,2020082701027400,ICFC,41,25,346,175.00,"60,550.00"
2020-08-27,2020082701027399,ICFC,26,25,719,175.00,"125,825.00"
2020-08-27,2020082701027571,IGI,19,48,160,498.00,"79,680.00"
2020-08-27,2020082701027570,IGI,38,48,200,499.00,"99,800.00"
2020-08-27,2020082701027569,IGI,45,48,100,500.00,"50,000.00"
2020-08-27,2020082701027568,IGI,33,48,50,500.00,"25,000.00"
2020-08-27,2020082701027567,IGI,49,48,200,500.00,"100,000.00"
2020-08-27,2020082701027566,IGI,41,48,150,500.00,"75,000.00"
2020-08-27,2020082701027565,IGI,10,48,90,500.00,"45,000.00"
2020-08-27,2020082701027564,IGI,55,48,50,501.00,"25,050.00"
2020-08-27,2020082701027595,ILBS,42,26,11,759.00,"8,349.00"
2020-08-27,2020082701027553,ILBS,49,22,12,760.00,"9,120.00"
2020-08-27,2020082701027552,ILBS,49,16,13,760.00,"9,880.00"
2020-08-27,2020082701027551,ILBS,49,52,20,760.00,"15,200.00"
2020-08-27,2020082701027550,ILBS,49,43,148,760.00,"112,480.00"
2020-08-27,2020082701027749,JBBL,14,58,261,171.00,"44,631.00"
2020-08-27,2020082701027748,JBBL,37,58,"3,472",171.00,"593,712.00"
2020-08-27,2020082701027475,JBBL,37,21,181,171.00,"30,951.00"
2020-08-27,2020082701027815,KBL,22,32,500,191.00,"95,500.00"
2020-08-27,2020082701027487,KBL,10,49,170,192.00,"32,640.00"
2020-08-27,2020082701027486,KBL,10,50,100,192.00,"19,200.00"
2020-08-27,2020082701027485,KBL,10,32,500,192.00,"96,000.00"
2020-08-27,2020082701027484,KBL,10,58,200,192.00,"38,400.00"
2020-08-27,2020082701027483,KBL,10,38,300,192.00,"57,600.00"
2020-08-27,2020082701027482,KBL,10,49,200,192.00,"38,400.00"
2020-08-27,2020082701027481,KBL,10,14,"1,530",192.00,"293,760.00"
2020-08-27,2020082701027477,KMCDB,59,45,30,770.00,"23,100.00"
2020-08-27,2020082701027876,KPCL,38,34,110,108.00,"11,880.00"
2020-08-27,2020082701027692,LBL,10,48,10,240.00,"2,400.00"
2020-08-27,2020082701027691,LBL,49,48,290,240.00,"69,600.00"
2020-08-27,2020082701027581,LBL,49,13,10,240.00,"2,400.00"
2020-08-27,2020082701027580,LBL,22,13,100,240.00,"24,000.00"
2020-08-27,2020082701027718,LLBS,45,36,160,"1,142.00","182,720.00"
2020-08-27,2020082701027614,MBL,43,44,115,229.00,"26,335.00"
2020-08-27,2020082701027428,MBL,43,59,200,229.00,"45,800.00"
2020-08-27,2020082701027427,MBL,33,59,300,229.00,"68,700.00"
2020-08-27,2020082701027728,MEGA,43,49,10,226.00,"2,260.00"
2020-08-27,2020082701027698,MEGA,13,6,186,225.00,"41,850.00"
2020-08-27,2020082701027697,MEGA,49,6,"1,000",225.00,"225,000.00"
2020-08-27,2020082701027696,MEGA,39,6,200,225.00,"45,000.00"
2020-08-27,2020082701027695,MEGA,45,6,114,225.00,"25,650.00"
2020-08-27,2020082701027446,MEGA,28,49,259,226.00,"58,534.00"
2020-08-27,2020082701027445,MEGA,28,13,241,226.00,"54,466.00"
2020-08-27,2020082701027418,MEGA,45,25,38,225.00,"8,550.00"
2020-08-27,2020082701027599,MERO,32,28,95,672.00,"63,840.00"
2020-08-27,2020082701027624,MLBBL,34,45,50,746.00,"37,300.00"
2020-08-27,2020082701027623,MLBBL,54,45,200,748.00,"149,600.00"
2020-08-27,2020082701027622,MLBBL,20,45,120,749.00,"89,880.00"
2020-08-27,2020082701027621,MLBBL,25,45,130,750.00,"97,500.00"
2020-08-27,2020082701027598,MLBBL,25,51,10,750.00,"7,500.00"
2020-08-27,2020082701027704,MLBL,14,6,350,191.00,"66,850.00"
2020-08-27,2020082701027686,MLBL,49,6,17,190.00,"3,230.00"
2020-08-27,2020082701027685,MLBL,49,6,150,190.00,"28,500.00"
2020-08-27,2020082701027684,MLBL,49,6,250,190.00,"47,500.00"
2020-08-27,2020082701027668,MMFDB,45,49,305,901.00,"274,805.00"
2020-08-27,2020082701027667,MMFDB,21,49,10,901.00,"9,010.00"
2020-08-27,2020082701027666,MMFDB,14,49,110,902.00,"99,220.00"
2020-08-27,2020082701027665,MMFDB,22,49,100,902.00,"90,200.00"
2020-08-27,2020082701027664,MMFDB,10,49,50,905.00,"45,250.00"
2020-08-27,2020082701027663,MMFDB,37,49,100,905.00,"90,500.00"
2020-08-27,2020082701027662,MMFDB,22,49,25,905.00,"22,625.00"
2020-08-27,2020082701027661,MMFDB,26,49,100,906.00,"90,600.00"
2020-08-27,2020082701027726,MNBBL,6,17,100,327.00,"32,700.00"
2020-08-27,2020082701027407,MSMBS,45,49,11,665.00,"7,315.00"
2020-08-27,2020082701027764,NABIL,44,11,80,845.00,"67,600.00"
2020-08-27,2020082701027763,NABIL,44,56,50,845.00,"42,250.00"
2020-08-27,2020082701027762,NABIL,44,28,20,845.00,"16,900.00"
2020-08-27,2020082701027761,NABIL,44,44,47,845.00,"39,715.00"
2020-08-27,2020082701027727,NABIL,22,44,100,845.00,"84,500.00"
2020-08-27,2020082701027601,NABIL,44,44,216,845.00,"182,520.00"
2020-08-27,2020082701027463,NABIL,58,44,300,845.00,"253,500.00"
2020-08-27,2020082701027533,NABIL,45,17,125,842.00,"105,250.00"
2020-08-27,2020082701027532,NABIL,19,17,15,842.00,"12,630.00"
2020-08-27,2020082701027531,NABIL,35,17,50,842.00,"42,100.00"
2020-08-27,2020082701027530,NABIL,13,17,100,842.00,"84,200.00"
2020-08-27,2020082701027529,NABIL,14,17,200,842.00,"168,400.00"
2020-08-27,2020082701027528,NABIL,33,17,10,844.00,"8,440.00"
2020-08-27,2020082701027682,NADEP,29,26,11,616.00,"6,776.00"
2020-08-27,2020082701027829,NBB,10,44,213,200.00,"42,600.00"
2020-08-27,2020082701027397,NBB,17,25,10,201.00,"2,010.00"
2020-08-27,2020082701027675,NBF2,37,21,700,9.89,"6,923.00"
2020-08-27,2020082701027674,NBF2,37,21,900,9.89,"8,901.00"
2020-08-27,2020082701027673,NBF2,51,21,"6,000",9.90,"59,400.00"
2020-08-27,2020082701027672,NBF2,50,21,"5,000",9.90,"49,500.00"
2020-08-27,2020082701027545,NBF2,58,21,"5,000",9.91,"49,550.00"
2020-08-27,2020082701027772,NBL,52,44,50,290.00,"14,500.00"
2020-08-27,2020082701027766,NBL,49,17,500,291.00,"145,500.00"
2020-08-27,2020082701027629,NBL,52,17,"2,356",290.00,"683,240.00"
2020-08-27,2020082701027628,NBL,43,17,500,290.00,"145,000.00"
2020-08-27,2020082701027627,NBL,51,17,144,290.00,"41,760.00"
2020-08-27,2020082701027390,NBL,52,11,"1,000",290.00,"290,000.00"
2020-08-27,2020082701027713,NCCB,56,51,200,194.00,"38,800.00"
2020-08-27,2020082701027712,NCCB,56,52,200,194.00,"38,800.00"
2020-08-27,2020082701027711,NCCB,56,25,758,193.00,"146,294.00"
2020-08-27,2020082701027582,NCCB,37,56,710,193.00,"137,030.00"
2020-08-27,2020082701027449,NCCB,37,56,690,193.00,"133,170.00"
2020-08-27,2020082701027785,NHPC,58,37,10,54.00,540.00
2020-08-27,2020082701027725,NIB,34,13,252,424.00,"106,848.00"
2020-08-27,2020082701027724,NIB,34,13,37,424.00,"15,688.00"
2020-08-27,2020082701027723,NIB,34,17,111,424.00,"47,064.00"
2020-08-27,2020082701027634,NIB,48,13,19,424.00,"8,056.00"
2020-08-27,2020082701027659,NIBPO,57,6,146,365.00,"53,290.00"
2020-08-27,2020082701027398,NIBPO,57,17,354,365.00,"129,210.00"
2020-08-27,2020082701027879,NICA,38,45,500,586.00,"293,000.00"
2020-08-27,2020082701027431,NICA,38,56,797,586.00,"467,042.00"
2020-08-27,2020082701027760,NICL,14,49,100,520.00,"52,000.00"
2020-08-27,2020082701027759,NICL,14,34,15,520.00,"7,800.00"
2020-08-27,2020082701027758,NICL,14,22,100,520.00,"52,000.00"
2020-08-27,2020082701027757,NICL,14,38,150,520.00,"78,000.00"
2020-08-27,2020082701027756,NICL,14,40,210,520.00,"109,200.00"
2020-08-27,2020082701027755,NICL,14,26,210,520.00,"109,200.00"
2020-08-27,2020082701027573,NICL,39,29,100,518.00,"51,800.00"
2020-08-27,2020082701027559,NICL,39,35,72,518.00,"37,296.00"
2020-08-27,2020082701027558,NICL,38,35,500,518.00,"259,000.00"
2020-08-27,2020082701027557,NICL,21,35,428,518.00,"221,704.00"
2020-08-27,2020082701027754,NICL,14,45,80,520.00,"41,600.00"
2020-08-27,2020082701027715,NICL,26,34,"1,050",519.00,"544,950.00"
2020-08-27,2020082701027714,NICL,26,51,91,519.00,"47,229.00"
2020-08-27,2020082701027689,NICL,22,22,242,518.00,"125,356.00"
2020-08-27,2020082701027688,NICL,22,21,182,518.00,"94,276.00"
2020-08-27,2020082701027687,NICL,39,21,28,518.00,"14,504.00"
2020-08-27,2020082701027781,NIL,29,45,64,770.00,"49,280.00"
2020-08-27,2020082701027738,NIL,1,5,130,770.00,"100,100.00"
2020-08-27,2020082701027636,NIL,1,54,100,770.00,"77,000.00"
2020-08-27,2020082701027510,NIL,34,38,162,776.00,"125,712.00"
2020-08-27,2020082701027509,NIL,34,38,300,776.00,"232,800.00"
2020-08-27,2020082701027508,NIL,34,45,367,775.00,"284,425.00"
2020-08-27,2020082701027405,NIL,33,44,25,770.00,"19,250.00"
2020-08-27,2020082701027495,NIL,34,52,210,770.00,"161,700.00"
2020-08-27,2020082701027448,NIL,37,57,50,771.00,"38,550.00"
2020-08-27,2020082701027421,NIL,26,13,37,769.00,"28,453.00"
2020-08-27,2020082701027420,NIL,45,13,463,769.00,"356,047.00"
2020-08-27,2020082701027412,NIL,45,52,185,769.00,"142,265.00"
2020-08-27,2020082701027411,NIL,33,52,15,770.00,"11,550.00"
2020-08-27,2020082701027501,NIL,34,57,100,772.00,"77,200.00"
2020-08-27,2020082701027500,NIL,34,33,500,771.00,"385,500.00"
2020-08-27,2020082701027499,NIL,34,36,50,771.00,"38,550.00"
2020-08-27,2020082701027498,NIL,34,33,500,771.00,"385,500.00"
2020-08-27,2020082701027497,NIL,34,34,100,771.00,"77,100.00"
2020-08-27,2020082701027496,NIL,34,57,350,771.00,"269,850.00"
2020-08-27,2020082701027507,NIL,34,45,400,775.00,"310,000.00"
2020-08-27,2020082701027506,NIL,34,38,200,775.00,"155,000.00"
2020-08-27,2020082701027505,NIL,34,49,190,775.00,"147,250.00"
2020-08-27,2020082701027504,NIL,34,56,200,775.00,"155,000.00"
2020-08-27,2020082701027503,NIL,34,16,271,775.00,"210,025.00"
2020-08-27,2020082701027502,NIL,34,49,100,772.00,"77,200.00"
2020-08-27,2020082701027885,NLIC,35,16,15,"1,372.00","20,580.00"
2020-08-27,2020082701027814,NLIC,36,47,288,"1,370.00","394,560.00"
2020-08-27,2020082701027813,NLIC,14,47,12,"1,370.00","16,440.00"
2020-08-27,2020082701027784,NLIC,45,14,94,"1,372.00","128,968.00"
2020-08-27,2020082701027783,NLIC,45,58,50,"1,372.00","68,600.00"
2020-08-27,2020082701027626,NLIC,45,58,50,"1,372.00","68,600.00"
2020-08-27,2020082701027619,NLIC,14,32,38,"1,370.00","52,060.00"
2020-08-27,2020082701027406,NLIC,45,13,100,"1,373.00","137,300.00"
2020-08-27,2020082701027793,NLICL,6,32,200,718.00,"143,600.00"
2020-08-27,2020082701027737,NMB,56,25,402,430.00,"172,860.00"
2020-08-27,2020082701027736,NMB,56,25,50,430.00,"21,500.00"
2020-08-27,2020082701027735,NMB,56,36,170,430.00,"73,100.00"
2020-08-27,2020082701027734,NMB,56,36,150,429.00,"64,350.00"
2020-08-27,2020082701027733,NMB,56,53,62,429.00,"26,598.00"
2020-08-27,2020082701027732,NMB,56,52,50,428.00,"21,400.00"
2020-08-27,2020082701027596,NMB,49,28,35,428.00,"14,980.00"
2020-08-27,2020082701027592,NMB,16,34,160,427.00,"68,320.00"
2020-08-27,2020082701027591,NMB,14,34,100,427.00,"42,700.00"
2020-08-27,2020082701027590,NMB,49,34,740,427.00,"315,980.00"
2020-08-27,2020082701027731,NMB,56,16,616,427.00,"263,032.00"
2020-08-27,2020082701027722,NMB,45,16,300,427.00,"128,100.00"
2020-08-27,2020082701027694,NMB,52,16,85,427.00,"36,295.00"
2020-08-27,2020082701027633,NMB,3,16,200,427.00,"85,400.00"
2020-08-27,2020082701027632,NMB,49,16,50,427.00,"21,350.00"
2020-08-27,2020082701027631,NMB,16,16,340,427.00,"145,180.00"
2020-08-27,2020082701027536,NMBMF,1,49,50,779.00,"38,950.00"
2020-08-27,2020082701027786,NMFBS,47,45,20,"1,563.00","31,260.00"
2020-08-27,2020082701027658,NMFBS,45,50,15,"1,565.00","23,475.00"
2020-08-27,2020082701027817,NRIC,10,59,10,709.00,"7,090.00"
2020-08-27,2020082701027816,NRIC,10,33,40,708.00,"28,320.00"
2020-08-27,2020082701027804,NRIC,10,33,20,708.00,"14,160.00"
2020-08-27,2020082701027800,NRIC,34,33,60,708.00,"42,480.00"
2020-08-27,2020082701027799,NRIC,54,33,80,708.00,"56,640.00"
2020-08-27,2020082701027794,NRIC,54,49,30,708.00,"21,240.00"
2020-08-27,2020082701027410,NRIC,54,6,40,709.00,"28,360.00"
2020-08-27,2020082701027459,NRIC,35,51,500,709.00,"354,500.00"
2020-08-27,2020082701027458,NRIC,35,51,125,709.00,"88,625.00"
2020-08-27,2020082701027457,NRIC,41,51,100,709.00,"70,900.00"
2020-08-27,2020082701027456,NRIC,54,51,430,709.00,"304,870.00"
2020-08-27,2020082701027451,NRIC,54,17,10,709.00,"7,090.00"
2020-08-27,2020082701027422,NRIC,34,41,60,710.00,"42,600.00"
2020-08-27,2020082701027612,NRIC,44,49,30,709.00,"21,270.00"
2020-08-27,2020082701027611,NRIC,44,51,75,709.00,"53,175.00"
2020-08-27,2020082701027572,NRIC,26,51,10,709.00,"7,090.00"
2020-08-27,2020082701027563,NRIC,43,51,50,709.00,"35,450.00"
2020-08-27,2020082701027526,NRIC,55,51,10,709.00,"7,090.00"
2020-08-27,2020082701027474,NRIC,14,51,100,709.00,"70,900.00"
2020-08-27,2020082701027653,NRIC,55,29,100,708.00,"70,800.00"
2020-08-27,2020082701027652,NRIC,49,29,20,708.00,"14,160.00"
2020-08-27,2020082701027651,NRIC,49,29,200,708.00,"141,600.00"
2020-08-27,2020082701027650,NRIC,52,29,500,708.00,"354,000.00"
2020-08-27,2020082701027649,NRIC,13,29,20,708.00,"14,160.00"
2020-08-27,2020082701027613,NRIC,44,59,95,709.00,"67,355.00"
2020-08-27,2020082701027741,NRIC,52,59,50,709.00,"35,450.00"
2020-08-27,2020082701027693,NRIC,39,59,30,709.00,"21,270.00"
2020-08-27,2020082701027690,NRIC,59,59,"1,000",709.00,"709,000.00"
2020-08-27,2020082701027656,NRIC,10,29,100,708.00,"70,800.00"
2020-08-27,2020082701027655,NRIC,19,29,10,708.00,"7,080.00"
2020-08-27,2020082701027654,NRIC,53,29,50,708.00,"35,400.00"
2020-08-27,2020082701027782,NRIC,41,59,320,709.00,"226,880.00"
2020-08-27,2020082701027778,NRIC,54,55,390,708.00,"276,120.00"
2020-08-27,2020082701027777,NRIC,46,55,100,708.00,"70,800.00"
2020-08-27,2020082701027776,NRIC,10,55,10,708.00,"7,080.00"
2020-08-27,2020082701027775,NRIC,21,55,500,708.00,"354,000.00"
2020-08-27,2020082701027752,NRIC,10,26,30,708.00,"21,240.00"
2020-08-27,2020082701027818,NRN,33,13,10,369.00,"3,690.00"
2020-08-27,2020082701027721,NRN,33,13,10,369.00,"3,690.00"
2020-08-27,2020082701027625,NRN,33,45,10,369.00,"3,690.00"
2020-08-27,2020082701027609,NRN,33,28,10,369.00,"3,690.00"
2020-08-27,2020082701027594,NRN,33,13,10,369.00,"3,690.00"
2020-08-27,2020082701027554,NRN,33,48,10,369.00,"3,690.00"
2020-08-27,2020082701027447,NRN,33,13,10,369.00,"3,690.00"
2020-08-27,2020082701027423,NRN,33,48,10,369.00,"3,690.00"
2020-08-27,2020082701027419,NSEWA,55,4,10,700.00,"7,000.00"
2020-08-27,2020082701027541,NTC,6,6,50,664.00,"33,200.00"
2020-08-27,2020082701027540,NTC,47,6,550,664.00,"365,200.00"
2020-08-27,2020082701027539,NTC,16,6,600,665.00,"399,000.00"
2020-08-27,2020082701027676,OHL,34,58,60,336.00,"20,160.00"
2020-08-27,2020082701027610,OHL,59,58,60,336.00,"20,160.00"
2020-08-27,2020082701027542,PCBL,4,51,103,284.00,"29,252.00"
2020-08-27,2020082701027473,PCBL,51,49,84,285.00,"23,940.00"
2020-08-27,2020082701027404,PCBL,4,51,38,284.00,"10,792.00"
2020-08-27,2020082701027403,PCBL,4,51,65,284.00,"18,460.00"
2020-08-27,2020082701027770,PIC,45,58,100,716.00,"71,600.00"
2020-08-27,2020082701027769,PIC,33,58,500,716.00,"358,000.00"
2020-08-27,2020082701027608,PIC,13,58,100,716.00,"71,600.00"
2020-08-27,2020082701027607,PIC,34,58,30,716.00,"21,480.00"
2020-08-27,2020082701027606,PIC,55,58,200,716.00,"143,200.00"
2020-08-27,2020082701027535,PIC,55,48,199,716.00,"142,484.00"
2020-08-27,2020082701027468,PICL,28,48,83,514.00,"42,662.00"
2020-08-27,2020082701027467,PICL,28,57,70,514.00,"35,980.00"
2020-08-27,2020082701027588,PLIC,59,45,10,609.00,"6,090.00"
2020-08-27,2020082701027587,PLIC,59,36,100,609.00,"60,900.00"
2020-08-27,2020082701027586,PLIC,59,57,75,608.00,"45,600.00"
2020-08-27,2020082701027585,PLIC,59,43,40,608.00,"24,320.00"
2020-08-27,2020082701027584,PLIC,59,34,100,608.00,"60,800.00"
2020-08-27,2020082701027730,PPCL,32,34,10,115.00,"1,150.00"
2020-08-27,2020082701027538,PRIN,19,28,21,564.00,"11,844.00"
2020-08-27,2020082701027537,PRIN,58,28,70,565.00,"39,550.00"
2020-08-27,2020082701027810,PRVU,44,33,100,237.00,"23,700.00"
2020-08-27,2020082701027790,PRVU,34,33,"1,079",237.00,"255,723.00"
2020-08-27,2020082701027789,PRVU,34,33,121,237.00,"28,677.00"
2020-08-27,2020082701027788,PRVU,58,49,"2,500",236.00,"590,000.00"
2020-08-27,2020082701027753,PRVU,34,33,100,237.00,"23,700.00"
2020-08-27,2020082701027751,PRVU,13,33,100,237.00,"23,700.00"
2020-08-27,2020082701027710,PRVU,52,33,100,237.00,"23,700.00"
2020-08-27,2020082701027602,RHPL,56,6,40,147.00,"5,880.00"
2020-08-27,2020082701027771,SABSL,41,44,12,782.00,"9,384.00"
2020-08-27,2020082701027719,SABSL,1,44,11,781.00,"8,591.00"
2020-08-27,2020082701027555,SABSL,1,44,20,781.00,"15,620.00"
2020-08-27,2020082701027780,SANIMA,52,32,50,349.00,"17,450.00"
2020-08-27,2020082701027637,SANIMA,13,55,191,349.00,"66,659.00"
2020-08-27,2020082701027605,SBI,19,49,12,432.00,"5,184.00"
2020-08-27,2020082701027466,SBL,10,46,25,305.00,"7,625.00"
2020-08-27,2020082701027465,SBL,10,34,"1,050",305.00,"320,250.00"
2020-08-27,2020082701027779,SCB,22,28,100,662.00,"66,200.00"
2020-08-27,2020082701027657,SDLBSL,41,17,10,832.00,"8,320.00"
2020-08-27,2020082701027544,SDLBSL,41,17,10,832.00,"8,320.00"
2020-08-27,2020082701027386,SDLBSL,41,26,10,832.00,"8,320.00"
2020-08-27,2020082701027767,SEF,33,58,"2,500",8.92,"22,300.00"
2020-08-27,2020082701027478,SFCL,53,5,150,124.00,"18,600.00"
2020-08-27,2020082701027527,SHINE,58,28,100,238.00,"23,800.00"
2020-08-27,2020082701027870,SHIVM,58,29,378,660.00,"249,480.00"
2020-08-27,2020082701027869,SHIVM,58,49,51,660.00,"33,660.00"
2020-08-27,2020082701027868,SHIVM,58,42,106,660.00,"69,960.00"
2020-08-27,2020082701027867,SHIVM,58,6,100,660.00,"66,000.00"
2020-08-27,2020082701027866,SHIVM,58,42,50,660.00,"33,000.00"
2020-08-27,2020082701027865,SHIVM,58,47,300,659.00,"197,700.00"
2020-08-27,2020082701027517,SHIVM,45,58,50,653.00,"32,650.00"
2020-08-27,2020082701027516,SHIVM,45,57,200,653.00,"130,600.00"
2020-08-27,2020082701027515,SHIVM,45,33,19,653.00,"12,407.00"
2020-08-27,2020082701027455,SHIVM,58,7,"3,402",650.00,"2,211,300.00"
2020-08-27,2020082701027523,SHIVM,45,57,20,654.00,"13,080.00"
2020-08-27,2020082701027522,SHIVM,45,42,50,654.00,"32,700.00"
2020-08-27,2020082701027521,SHIVM,45,59,"1,000",654.00,"654,000.00"
2020-08-27,2020082701027520,SHIVM,45,6,50,653.00,"32,650.00"
2020-08-27,2020082701027519,SHIVM,45,57,30,653.00,"19,590.00"
2020-08-27,2020082701027518,SHIVM,45,14,100,653.00,"65,300.00"
2020-08-27,2020082701027820,SHIVM,58,45,300,650.00,"195,000.00"
2020-08-27,2020082701027819,SHIVM,48,45,200,652.00,"130,400.00"
2020-08-27,2020082701027750,SHIVM,58,49,100,650.00,"65,000.00"
2020-08-27,2020082701027679,SHIVM,45,41,200,652.00,"130,400.00"
2020-08-27,2020082701027678,SHIVM,45,52,280,652.00,"182,560.00"
2020-08-27,2020082701027524,SHIVM,45,41,50,654.00,"32,700.00"
2020-08-27,2020082701027834,SHIVM,58,14,50,655.00,"32,750.00"
2020-08-27,2020082701027833,SHIVM,58,45,500,655.00,"327,500.00"
2020-08-27,2020082701027832,SHIVM,58,26,10,655.00,"6,550.00"
2020-08-27,2020082701027831,SHIVM,58,25,100,654.00,"65,400.00"
2020-08-27,2020082701027830,SHIVM,58,6,100,654.00,"65,400.00"
2020-08-27,2020082701027840,SHIVM,58,58,50,655.00,"32,750.00"
2020-08-27,2020082701027839,SHIVM,58,34,100,655.00,"65,500.00"
2020-08-27,2020082701027838,SHIVM,58,22,50,655.00,"32,750.00"
2020-08-27,2020082701027837,SHIVM,58,17,50,655.00,"32,750.00"
2020-08-27,2020082701027836,SHIVM,58,39,200,655.00,"131,000.00"
2020-08-27,2020082701027835,SHIVM,58,57,50,655.00,"32,750.00"
2020-08-27,2020082701027846,SHIVM,58,52,100,655.00,"65,500.00"
2020-08-27,2020082701027845,SHIVM,58,48,10,655.00,"6,550.00"
2020-08-27,2020082701027844,SHIVM,58,33,400,655.00,"262,000.00"
2020-08-27,2020082701027843,SHIVM,58,42,50,655.00,"32,750.00"
2020-08-27,2020082701027842,SHIVM,58,49,300,655.00,"196,500.00"
2020-08-27,2020082701027841,SHIVM,58,3,50,655.00,"32,750.00"
2020-08-27,2020082701027852,SHIVM,58,58,50,657.00,"32,850.00"
2020-08-27,2020082701027851,SHIVM,58,41,50,657.00,"32,850.00"
2020-08-27,2020082701027850,SHIVM,58,42,50,656.00,"32,800.00"
2020-08-27,2020082701027849,SHIVM,58,34,50,656.00,"32,800.00"
2020-08-27,2020082701027848,SHIVM,58,3,20,655.00,"13,100.00"
2020-08-27,2020082701027847,SHIVM,58,25,50,655.00,"32,750.00"
2020-08-27,2020082701027858,SHIVM,58,29,500,657.00,"328,500.00"
2020-08-27,2020082701027857,SHIVM,58,42,30,657.00,"19,710.00"
2020-08-27,2020082701027856,SHIVM,58,49,70,657.00,"45,990.00"
2020-08-27,2020082701027855,SHIVM,58,45,25,657.00,"16,425.00"
2020-08-27,2020082701027854,SHIVM,58,6,25,657.00,"16,425.00"
2020-08-27,2020082701027853,SHIVM,58,48,10,657.00,"6,570.00"
2020-08-27,2020082701027864,SHIVM,58,41,200,659.00,"131,800.00"
2020-08-27,2020082701027863,SHIVM,58,33,300,659.00,"197,700.00"
2020-08-27,2020082701027862,SHIVM,58,5,100,659.00,"65,900.00"
2020-08-27,2020082701027861,SHIVM,58,58,100,659.00,"65,900.00"
2020-08-27,2020082701027860,SHIVM,58,42,200,657.00,"131,400.00"
2020-08-27,2020082701027859,SHIVM,58,46,15,657.00,"9,855.00"
2020-08-27,2020082701027809,SIC,47,45,21,848.00,"17,808.00"
2020-08-27,2020082701027808,SIC,47,26,200,846.00,"169,200.00"
2020-08-27,2020082701027729,SIC,49,45,20,845.00,"16,900.00"
2020-08-27,2020082701027472,SIC,19,16,50,846.00,"42,300.00"
2020-08-27,2020082701027471,SIC,19,45,25,846.00,"21,150.00"
2020-08-27,2020082701027470,SIC,49,17,20,845.00,"16,900.00"
2020-08-27,2020082701027884,SICL,58,29,80,"1,250.00","100,000.00"
2020-08-27,2020082701027883,SICL,39,29,250,"1,253.00","313,250.00"
2020-08-27,2020082701027604,SICL,58,17,12,"1,250.00","15,000.00"
2020-08-27,2020082701027436,SICL,11,17,45,"1,251.00","56,295.00"
2020-08-27,2020082701027435,SICL,53,17,100,"1,251.00","125,100.00"
2020-08-27,2020082701027434,SICL,56,17,50,"1,251.00","62,550.00"
2020-08-27,2020082701027811,SJCL,6,44,20,137.00,"2,740.00"
2020-08-27,2020082701027620,SKBBL,54,58,200,"1,342.00","268,400.00"
2020-08-27,2020082701027803,SLICL,33,58,177,547.00,"96,819.00"
2020-08-27,2020082701027802,SLICL,33,29,323,547.00,"176,681.00"
2020-08-27,2020082701027792,SLICL,55,36,30,546.00,"16,380.00"
2020-08-27,2020082701027791,SLICL,39,36,20,546.00,"10,920.00"
2020-08-27,2020082701027635,SLICL,34,29,489,547.00,"267,483.00"
2020-08-27,2020082701027429,SLICL,53,6,129,547.00,"70,563.00"
2020-08-27,2020082701027409,SLICL,53,36,61,547.00,"33,367.00"
2020-08-27,2020082701027408,SLICL,33,36,39,547.00,"21,333.00"
2020-08-27,2020082701027547,SLICL,34,36,11,547.00,"6,017.00"
2020-08-27,2020082701027546,SLICL,17,36,39,547.00,"21,333.00"
2020-08-27,2020082701027494,SLICL,17,26,100,547.00,"54,700.00"
2020-08-27,2020082701027480,SLICL,17,43,61,547.00,"33,367.00"
2020-08-27,2020082701027479,SLICL,51,43,39,547.00,"21,333.00"
2020-08-27,2020082701027430,SLICL,51,6,11,547.00,"6,017.00"
2020-08-27,2020082701027671,SPDL,7,34,10,110.00,"1,100.00"
2020-08-27,2020082701027549,SPDL,7,39,11,110.00,"1,210.00"
2020-08-27,2020082701027548,SPDL,33,39,89,110.00,"9,790.00"
2020-08-27,2020082701027513,STC,16,19,100,"2,755.00","275,500.00"
2020-08-27,2020082701027512,STC,45,19,10,"2,756.00","27,560.00"
2020-08-27,2020082701027618,SWBBL,19,32,100,"1,227.00","122,700.00"
2020-08-27,2020082701027617,SWBBL,21,32,100,"1,227.00","122,700.00"
2020-08-27,2020082701027578,SWBBL,13,14,100,"1,228.00","122,800.00"
2020-08-27,2020082701027577,SWBBL,22,14,50,"1,228.00","61,400.00"
2020-08-27,2020082701027576,SWBBL,7,14,85,"1,228.00","104,380.00"
2020-08-27,2020082701027450,SWBBL,49,45,50,"1,229.00","61,450.00"
2020-08-27,2020082701027575,TMDBL,26,6,204,166.00,"33,864.00"
2020-08-27,2020082701027574,TMDBL,21,6,62,166.00,"10,292.00"
2020-08-27,2020082701027740,UFL,16,1,600,191.00,"114,600.00"
2020-08-27,2020082701027739,UFL,16,14,280,191.00,"53,480.00"
2020-08-27,2020082701027702,UFL,16,54,100,190.00,"19,000.00"
2020-08-27,2020082701027701,UFL,16,22,200,190.00,"38,000.00"
2020-08-27,2020082701027700,UFL,16,34,190,190.00,"36,100.00"
2020-08-27,2020082701027699,UFL,16,13,130,189.00,"24,570.00"
2020-08-27,2020082701027787,UIC,45,57,250,407.00,"101,750.00"
2020-08-27,2020082701027426,VLBS,26,49,100,954.00,"95,400.00"
2020-08-27,2020082701027425,VLBS,53,49,59,955.00,"56,345.00"
2020-08-27,2020082701027828,VLBS,22,49,100,954.00,"95,400.00"
2020-08-27,2020082701027338,ADBL,17,17,970,425.00,"412,250.00"
2020-08-27,2020082701027295,ADBL,17,48,200,425.00,"85,000.00"
2020-08-27,2020082701027225,ADBL,57,49,20,426.00,"8,520.00"
2020-08-27,2020082701027135,ADBL,51,49,20,426.00,"8,520.00"
2020-08-27,2020082701027120,ADBL,43,45,100,426.00,"42,600.00"
2020-08-27,2020082701027100,ADBL,17,26,450,425.00,"191,250.00"
2020-08-27,2020082701027031,ADBL,17,16,32,425.00,"13,600.00"
2020-08-27,2020082701027332,AIL,57,21,90,517.00,"46,530.00"
2020-08-27,2020082701027331,AIL,57,17,180,517.00,"93,060.00"
2020-08-27,2020082701027330,AIL,57,58,50,516.00,"25,800.00"
2020-08-27,2020082701027329,AIL,57,45,10,515.00,"5,150.00"
2020-08-27,2020082701027328,AIL,57,45,100,515.00,"51,500.00"
2020-08-27,2020082701027327,AIL,57,26,70,515.00,"36,050.00"
2020-08-27,2020082701026978,AIL,19,29,150,514.00,"77,100.00"
2020-08-27,2020082701026951,AIL,48,6,20,514.00,"10,280.00"
2020-08-27,2020082701027167,AIL,56,32,30,514.00,"15,420.00"
2020-08-27,2020082701027062,AIL,7,32,50,514.00,"25,700.00"
2020-08-27,2020082701027061,AIL,19,32,20,514.00,"10,280.00"
2020-08-27,2020082701027020,AIL,19,32,10,514.00,"5,140.00"
2020-08-27,2020082701027005,AIL,19,34,10,514.00,"5,140.00"
2020-08-27,2020082701026985,AIL,19,16,10,514.00,"5,140.00"
2020-08-27,2020082701027297,AIL,56,49,10,514.00,"5,140.00"
2020-08-27,2020082701027261,AIL,56,25,10,514.00,"5,140.00"
2020-08-27,2020082701027244,AIL,41,26,150,515.00,"77,250.00"
2020-08-27,2020082701027233,AIL,59,26,90,515.00,"46,350.00"
2020-08-27,2020082701027169,AIL,56,22,10,514.00,"5,140.00"
2020-08-27,2020082701027168,AIL,56,34,10,514.00,"5,140.00"
2020-08-27,2020082701027260,AKPL,49,49,300,116.00,"34,800.00"
2020-08-27,2020082701027243,AKPL,26,49,400,116.00,"46,400.00"
2020-08-27,2020082701027212,AKPL,33,49,72,118.00,"8,496.00"
2020-08-27,2020082701027094,AKPL,33,1,100,118.00,"11,800.00"
2020-08-27,2020082701027093,AKPL,33,36,13,118.00,"1,534.00"
2020-08-27,2020082701027092,AKPL,33,25,500,118.00,"59,000.00"
2020-08-27,2020082701027001,ALBSL,28,16,100,748.00,"74,800.00"
2020-08-27,2020082701026977,ALBSL,28,14,50,748.00,"37,400.00"
2020-08-27,2020082701026889,ALBSL,28,25,11,748.00,"8,228.00"
2020-08-27,2020082701027278,ALICL,58,52,80,700.00,"56,000.00"
2020-08-27,2020082701027277,ALICL,33,52,100,701.00,"70,100.00"
2020-08-27,2020082701027276,ALICL,21,52,120,701.00,"84,120.00"
2020-08-27,2020082701026919,API,44,33,"1,000",109.00,"109,000.00"
2020-08-27,2020082701026959,BARUN,43,43,10,88.00,880.00
2020-08-27,2020082701026900,BFC,58,55,500,103.00,"51,500.00"
2020-08-27,2020082701027156,BOKL,53,44,40,231.00,"9,240.00"
2020-08-27,2020082701027063,BOKL,53,49,"1,000",231.00,"231,000.00"
2020-08-27,2020082701026891,BOKL,53,51,20,231.00,"4,620.00"
2020-08-27,2020082701027206,CBBL,10,4,10,"1,082.00","10,820.00"
2020-08-27,2020082701027106,CBBL,10,4,52,"1,082.00","56,264.00"
2020-08-27,2020082701027105,CBBL,28,4,25,"1,082.00","27,050.00"
2020-08-27,2020082701026924,CBBL,35,4,119,"1,084.00","128,996.00"
2020-08-27,2020082701026923,CBBL,48,4,25,"1,085.00","27,125.00"
2020-08-27,2020082701026922,CBBL,14,4,81,"1,085.00","87,885.00"
2020-08-27,2020082701026921,CBBL,41,4,10,"1,086.00","10,860.00"
2020-08-27,2020082701027104,CBBL,49,4,10,"1,082.00","10,820.00"
2020-08-27,2020082701027103,CBBL,38,4,78,"1,082.00","84,396.00"
2020-08-27,2020082701026925,CBBL,51,4,100,"1,083.00","108,300.00"
2020-08-27,2020082701027220,CBL,41,48,245,143.00,"35,035.00"
2020-08-27,2020082701027219,CBL,7,48,707,143.00,"101,101.00"
2020-08-27,2020082701027117,CBL,7,35,233,143.00,"33,319.00"
2020-08-27,2020082701027116,CBL,7,32,10,143.00,"1,430.00"
2020-08-27,2020082701027115,CBL,7,45,50,143.00,"7,150.00"
2020-08-27,2020082701026970,CCBL,6,34,100,175.00,"17,500.00"
2020-08-27,2020082701027293,CIT,6,44,22,"2,880.00","63,360.00"
2020-08-27,2020082701027265,CIT,45,44,68,"2,880.00","195,840.00"
2020-08-27,2020082701027264,CIT,45,42,11,"2,880.00","31,680.00"
2020-08-27,2020082701027263,CIT,45,51,11,"2,880.00","31,680.00"
2020-08-27,2020082701026987,CIT,6,59,16,"2,878.00","46,048.00"
2020-08-27,2020082701027002,CMF1,4,52,"21,700",10.18,"220,906.00"
2020-08-27,2020082701026899,CZBIL,14,45,65,194.00,"12,610.00"
2020-08-27,2020082701026898,CZBIL,25,45,437,194.00,"84,778.00"
2020-08-27,2020082701026897,CZBIL,34,45,63,194.00,"12,222.00"
2020-08-27,2020082701027033,DDBL,21,11,120,873.00,"104,760.00"
2020-08-27,2020082701027165,DHPL,34,40,"2,000",52.00,"104,000.00"
2020-08-27,2020082701027164,DHPL,34,35,10,52.00,520.00
2020-08-27,2020082701027163,DHPL,34,48,11,52.00,572.00
2020-08-27,2020082701027162,DHPL,34,55,50,52.00,"2,600.00"
2020-08-27,2020082701027161,DHPL,34,35,302,52.00,"15,704.00"
2020-08-27,2020082701027160,DHPL,34,28,10,52.00,520.00
2020-08-27,2020082701027288,EIC,13,37,250,472.00,"118,000.00"
2020-08-27,2020082701027271,EIC,13,43,250,472.00,"118,000.00"
2020-08-27,2020082701027270,EIC,52,43,50,472.00,"23,600.00"
2020-08-27,2020082701027269,EIC,1,43,100,472.00,"47,200.00"
2020-08-27,2020082701027188,EIC,57,41,100,473.00,"47,300.00"
2020-08-27,2020082701026890,EIC,25,41,520,473.00,"245,960.00"
2020-08-27,2020082701027281,FMDBL,58,17,38,556.00,"21,128.00"
2020-08-27,2020082701027280,FMDBL,5,17,100,556.00,"55,600.00"
2020-08-27,2020082701027279,FMDBL,34,17,362,556.00,"201,272.00"
2020-08-27,2020082701027197,FMDBL,34,47,14,556.00,"7,784.00"
2020-08-27,2020082701027084,FMDBL,25,58,100,557.00,"55,700.00"
2020-08-27,2020082701027026,FMDBL,33,58,148,557.00,"82,436.00"
2020-08-27,2020082701026894,FMDBL,34,45,124,556.00,"68,944.00"
2020-08-27,2020082701026998,FMDBL,33,36,36,557.00,"20,052.00"
2020-08-27,2020082701026997,FMDBL,33,51,98,557.00,"54,586.00"
2020-08-27,2020082701026996,FMDBL,33,18,18,557.00,"10,026.00"
2020-08-27,2020082701026950,FMDBL,34,41,500,556.00,"278,000.00"
2020-08-27,2020082701026942,FMDBL,48,18,12,557.00,"6,684.00"
2020-08-27,2020082701026917,FMDBL,25,18,50,557.00,"27,850.00"
2020-08-27,2020082701027348,GBIME,29,44,72,255.00,"18,360.00"
2020-08-27,2020082701027347,GBIME,36,44,57,255.00,"14,535.00"
2020-08-27,2020082701027258,GBIME,36,51,500,256.00,"128,000.00"
2020-08-27,2020082701026993,GBIME,51,51,99,256.00,"25,344.00"
2020-08-27,2020082701026992,GBIME,36,51,"1,401",256.00,"358,656.00"
2020-08-27,2020082701027253,GBLBS,11,16,100,520.00,"52,000.00"
2020-08-27,2020082701027252,GBLBS,11,54,40,520.00,"20,800.00"
2020-08-27,2020082701027251,GBLBS,11,22,60,520.00,"31,200.00"
2020-08-27,2020082701027235,GBLBS,44,22,40,520.00,"20,800.00"
2020-08-27,2020082701026906,GBLBS,34,21,20,518.00,"10,360.00"
2020-08-27,2020082701026960,GGBSL,47,25,10,806.00,"8,060.00"
2020-08-27,2020082701027099,GILB,16,35,333,"1,203.00","400,599.00"
2020-08-27,2020082701027098,GILB,14,35,167,"1,204.00","201,068.00"
2020-08-27,2020082701027190,GLBSL,54,46,100,801.00,"80,100.00"
2020-08-27,2020082701026920,GLBSL,41,25,10,800.00,"8,000.00"
2020-08-27,2020082701027178,GLICL,34,6,100,537.00,"53,700.00"
2020-08-27,2020082701027177,GLICL,51,6,10,537.00,"5,370.00"
2020-08-27,2020082701027176,GLICL,41,6,60,537.00,"32,220.00"
2020-08-27,2020082701027175,GLICL,45,6,30,538.00,"16,140.00"
2020-08-27,2020082701027043,GLICL,51,28,10,539.00,"5,390.00"
2020-08-27,2020082701027230,GUFL,32,44,114,121.00,"13,794.00"
2020-08-27,2020082701027229,GUFL,32,11,100,121.00,"12,100.00"
2020-08-27,2020082701027128,HDHPC,39,33,20,96.00,"1,920.00"
2020-08-27,2020082701027127,HDHPC,39,58,20,96.00,"1,920.00"
2020-08-27,2020082701027126,HDHPC,39,49,100,93.00,"9,300.00"
2020-08-27,2020082701027125,HDHPC,39,34,150,91.00,"13,650.00"
2020-08-27,2020082701027124,HDHPC,39,57,50,91.00,"4,550.00"
2020-08-27,2020082701027123,HDHPC,39,59,50,90.00,"4,500.00"
2020-08-27,2020082701027122,HDHPC,39,49,100,90.00,"9,000.00"
2020-08-27,2020082701026994,HDHPC,28,55,10,88.00,880.00
2020-08-27,2020082701027385,HDL,45,11,130,"1,727.00","224,510.00"
2020-08-27,2020082701027384,HDL,44,16,10,"1,730.00","17,300.00"
2020-08-27,2020082701027383,HDL,44,45,220,"1,730.00","380,600.00"
2020-08-27,2020082701027321,HDL,44,45,30,"1,730.00","51,900.00"
2020-08-27,2020082701027320,HDL,44,38,100,"1,730.00","173,000.00"
2020-08-27,2020082701027319,HDL,44,47,100,"1,730.00","173,000.00"
2020-08-27,2020082701027072,HDL,16,5,100,"1,720.00","172,000.00"
2020-08-27,2020082701027076,HDL,16,34,500,"1,726.00","863,000.00"
2020-08-27,2020082701027075,HDL,16,10,100,"1,725.00","172,500.00"
2020-08-27,2020082701027074,HDL,16,34,45,"1,725.00","77,625.00"
2020-08-27,2020082701027073,HDL,16,16,30,"1,724.00","51,720.00"
2020-08-27,2020082701027312,HDL,44,47,50,"1,728.00","86,400.00"
2020-08-27,2020082701027311,HDL,44,41,250,"1,727.00","431,750.00"
2020-08-27,2020082701027310,HDL,44,29,20,"1,726.00","34,520.00"
2020-08-27,2020082701027318,HDL,44,6,100,"1,730.00","173,000.00"
2020-08-27,2020082701027317,HDL,44,10,100,"1,730.00","173,000.00"
2020-08-27,2020082701027316,HDL,44,32,500,"1,730.00","865,000.00"
2020-08-27,2020082701027315,HDL,44,58,50,"1,730.00","86,500.00"
2020-08-27,2020082701027314,HDL,44,26,100,"1,729.00","172,900.00"
2020-08-27,2020082701027313,HDL,44,43,100,"1,729.00","172,900.00"
2020-08-27,2020082701027173,HGI,53,6,100,450.00,"45,000.00"
2020-08-27,2020082701027172,HGI,17,6,200,450.00,"90,000.00"
2020-08-27,2020082701027171,HGI,19,6,100,450.00,"45,000.00"
2020-08-27,2020082701027170,HGI,55,6,200,450.00,"90,000.00"
2020-08-27,2020082701027155,HGI,52,21,42,452.00,"18,984.00"
2020-08-27,2020082701026964,HGI,34,20,100,451.00,"45,100.00"
2020-08-27,2020082701027268,HIDCL,49,4,19,133.00,"2,527.00"
2020-08-27,2020082701027267,HIDCL,49,53,25,133.00,"3,325.00"
2020-08-27,2020082701027266,HIDCL,49,41,300,133.00,"39,900.00"
2020-08-27,2020082701027137,HIDCL,49,41,200,132.00,"26,400.00"
2020-08-27,2020082701027025,HIDCL,49,33,35,132.00,"4,620.00"
2020-08-27,2020082701027024,HIDCL,49,33,35,132.00,"4,620.00"
2020-08-27,2020082701027023,HIDCL,49,33,33,132.00,"4,356.00"
2020-08-27,2020082701027218,ILBS,42,49,50,759.00,"37,950.00"
2020-08-27,2020082701027130,JBBL,37,49,837,171.00,"143,127.00"
2020-08-27,2020082701027322,JOSHI,34,57,340,59.00,"20,060.00"
2020-08-27,2020082701026892,JSLBB,36,57,200,"1,410.00","282,000.00"
2020-08-27,2020082701027249,KBL,22,59,411,191.00,"78,501.00"
2020-08-27,2020082701027248,KBL,10,59,329,191.00,"62,839.00"
2020-08-27,2020082701027205,KBL,10,52,76,191.00,"14,516.00"
2020-08-27,2020082701027121,KBL,10,13,"1,595",191.00,"304,645.00"
2020-08-27,2020082701027067,KBL,10,36,350,191.00,"66,850.00"
2020-08-27,2020082701027090,KKHC,34,43,10,50.00,500.00
2020-08-27,2020082701026965,KKHC,34,8,197,50.00,"9,850.00"
2020-08-27,2020082701026973,KMCDB,19,45,70,770.00,"53,900.00"
2020-08-27,2020082701027340,LBBL,58,14,156,184.00,"28,704.00"
2020-08-27,2020082701027339,LBBL,58,14,104,184.00,"19,136.00"
2020-08-27,2020082701027148,LBL,10,55,"2,000",240.00,"480,000.00"
2020-08-27,2020082701026949,LBL,28,46,500,239.00,"119,500.00"
2020-08-27,2020082701027335,LGIL,34,43,10,494.00,"4,940.00"
2020-08-27,2020082701027022,LGIL,11,56,124,491.00,"60,884.00"
2020-08-27,2020082701026984,LGIL,11,4,802,491.00,"393,782.00"
2020-08-27,2020082701026983,LGIL,48,4,19,492.00,"9,348.00"
2020-08-27,2020082701026954,LGIL,11,6,50,493.00,"24,650.00"
2020-08-27,2020082701026953,LGIL,11,34,240,493.00,"118,320.00"
2020-08-27,2020082701026952,LGIL,11,34,230,493.00,"113,390.00"
2020-08-27,2020082701027292,LICN,54,21,30,"1,470.00","44,100.00"
2020-08-27,2020082701026914,LICN,54,14,283,"1,470.00","416,010.00"
2020-08-27,2020082701026913,LICN,1,14,217,"1,471.00","319,207.00"
2020-08-27,2020082701026940,LLBS,25,10,25,"1,143.00","28,575.00"
2020-08-27,2020082701026939,LLBS,43,10,20,"1,143.00","22,860.00"
2020-08-27,2020082701027195,MBL,47,36,100,230.00,"23,000.00"
2020-08-27,2020082701027245,MDB,22,38,100,340.00,"34,000.00"
2020-08-27,2020082701027118,MDB,22,49,162,338.00,"54,756.00"
2020-08-27,2020082701027000,MEGA,19,45,53,226.00,"11,978.00"
2020-08-27,2020082701026999,MEGA,19,14,370,226.00,"83,620.00"
2020-08-27,2020082701027306,MERO,32,35,55,672.00,"36,960.00"
2020-08-27,2020082701027305,MERO,21,35,65,672.00,"43,680.00"
2020-08-27,2020082701027304,MERO,32,35,80,672.00,"53,760.00"
2020-08-27,2020082701027285,MERO,32,51,20,672.00,"13,440.00"
2020-08-27,2020082701027333,MFIL,55,45,380,279.00,"106,020.00"
2020-08-27,2020082701026988,MLBBL,25,10,60,750.00,"45,000.00"
2020-08-27,2020082701026948,MLBL,57,6,300,191.00,"57,300.00"
2020-08-27,2020082701027382,MSMBS,45,35,13,665.00,"8,645.00"
2020-08-27,2020082701027309,NABIL,17,44,337,845.00,"284,765.00"
2020-08-27,2020082701027308,NABIL,17,49,13,845.00,"10,985.00"
2020-08-27,2020082701027307,NABIL,17,41,150,844.00,"126,600.00"
2020-08-27,2020082701027203,NABIL,44,49,12,845.00,"10,140.00"
2020-08-27,2020082701027202,NABIL,44,45,10,845.00,"8,450.00"
2020-08-27,2020082701027201,NABIL,44,16,200,844.00,"168,800.00"
2020-08-27,2020082701027200,NABIL,44,36,210,843.00,"177,030.00"
2020-08-27,2020082701027191,NABIL,3,36,20,843.00,"16,860.00"
2020-08-27,2020082701027157,NABIL,48,36,30,843.00,"25,290.00"
2020-08-27,2020082701027091,NABIL,49,36,30,843.00,"25,290.00"
2020-08-27,2020082701027030,NABIL,25,36,10,843.00,"8,430.00"
2020-08-27,2020082701026955,NADEP,41,26,20,615.00,"12,300.00"
2020-08-27,2020082701027085,NBB,10,52,101,200.00,"20,200.00"
2020-08-27,2020082701027070,NBB,10,53,500,200.00,"100,000.00"
2020-08-27,2020082701026943,NBF2,39,21,"1,800",9.95,"17,910.00"
2020-08-27,2020082701027147,NBL,52,36,"1,000",291.00,"291,000.00"
2020-08-27,2020082701027146,NBL,52,58,100,291.00,"29,100.00"
2020-08-27,2020082701027145,NBL,52,40,350,291.00,"101,850.00"
2020-08-27,2020082701027144,NBL,52,22,"2,450",291.00,"712,950.00"
2020-08-27,2020082701027143,NBL,52,41,36,291.00,"10,476.00"
2020-08-27,2020082701027142,NBL,52,36,"1,000",291.00,"291,000.00"
2020-08-27,2020082701026979,NBL,1,34,919,290.00,"266,510.00"
2020-08-27,2020082701026956,NBL,1,49,100,290.00,"29,000.00"
2020-08-27,2020082701026935,NBL,1,35,981,290.00,"284,490.00"
2020-08-27,2020082701026934,NBL,48,35,19,290.00,"5,510.00"
2020-08-27,2020082701027141,NBL,52,59,57,291.00,"16,587.00"
2020-08-27,2020082701027140,NBL,52,17,"2,000",291.00,"582,000.00"
2020-08-27,2020082701027139,NBL,52,25,65,291.00,"18,915.00"
2020-08-27,2020082701027138,NBL,52,41,425,291.00,"123,675.00"
2020-08-27,2020082701027017,NBL,51,34,56,290.00,"16,240.00"
2020-08-27,2020082701026982,NBL,58,34,25,290.00,"7,250.00"
2020-08-27,2020082701027189,NCCB,56,56,410,193.00,"79,130.00"
2020-08-27,2020082701027183,NCCB,14,56,400,193.00,"77,200.00"
2020-08-27,2020082701027182,NCCB,25,56,500,193.00,"96,500.00"
2020-08-27,2020082701027181,NCCB,25,56,"1,000",193.00,"193,000.00"
2020-08-27,2020082701026989,NHPC,58,49,450,53.00,"23,850.00"
2020-08-27,2020082701027217,NIB,4,29,13,423.00,"5,499.00"
2020-08-27,2020082701027216,NIB,4,41,53,423.00,"22,419.00"
2020-08-27,2020082701027211,NIB,58,49,46,422.00,"19,412.00"
2020-08-27,2020082701027210,NIB,51,49,20,422.00,"8,440.00"
2020-08-27,2020082701027209,NIB,43,49,100,422.00,"42,200.00"
2020-08-27,2020082701027208,NIB,58,49,680,422.00,"286,960.00"
2020-08-27,2020082701027012,NIB,58,49,100,422.00,"42,200.00"
2020-08-27,2020082701027042,NIBPO,26,48,50,360.00,"18,000.00"
2020-08-27,2020082701027004,NIBPO,58,17,200,365.00,"73,000.00"
2020-08-27,2020082701027342,NICA,44,45,25,588.00,"14,700.00"
2020-08-27,2020082701027341,NICA,44,48,20,587.00,"11,740.00"
2020-08-27,2020082701027241,NICA,45,48,30,587.00,"17,610.00"
2020-08-27,2020082701027240,NICA,45,28,470,587.00,"275,890.00"
2020-08-27,2020082701027231,NICA,38,6,25,586.00,"14,650.00"
2020-08-27,2020082701027196,NICA,29,28,20,587.00,"11,740.00"
2020-08-27,2020082701027129,NICA,38,58,400,586.00,"234,400.00"
2020-08-27,2020082701027107,NICA,48,28,10,587.00,"5,870.00"
2020-08-27,2020082701027036,NICA,45,29,400,587.00,"234,800.00"
2020-08-27,2020082701026995,NICA,45,41,100,587.00,"58,700.00"
2020-08-27,2020082701027337,NICL,21,6,72,518.00,"37,296.00"
2020-08-27,2020082701027336,NICL,32,6,128,518.00,"66,304.00"
2020-08-27,2020082701027184,NICL,32,26,200,518.00,"103,600.00"
2020-08-27,2020082701026910,NICL,37,51,100,519.00,"51,900.00"
2020-08-27,2020082701026909,NICL,57,51,309,519.00,"160,371.00"
2020-08-27,2020082701027045,NICL,32,55,246,518.00,"127,428.00"
2020-08-27,2020082701026947,NICL,32,36,100,518.00,"51,800.00"
2020-08-27,2020082701026941,NICL,32,29,61,518.00,"31,598.00"
2020-08-27,2020082701027345,NIL,33,49,380,770.00,"292,600.00"
2020-08-27,2020082701027344,NIL,33,3,300,770.00,"231,000.00"
2020-08-27,2020082701027343,NIL,33,37,50,770.00,"38,500.00"
2020-08-27,2020082701027134,NIL,45,11,30,769.00,"23,070.00"
2020-08-27,2020082701027133,NIL,45,7,322,769.00,"247,618.00"
2020-08-27,2020082701027112,NIL,45,43,188,768.00,"144,384.00"
2020-08-27,2020082701026931,NIL,49,44,100,770.00,"77,000.00"
2020-08-27,2020082701026930,NIL,49,21,150,770.00,"115,500.00"
2020-08-27,2020082701026929,NIL,49,13,18,769.00,"13,842.00"
2020-08-27,2020082701026928,NIL,49,44,25,769.00,"19,225.00"
2020-08-27,2020082701026926,NIL,25,13,50,768.00,"38,400.00"
2020-08-27,2020082701027111,NIL,59,43,50,768.00,"38,400.00"
2020-08-27,2020082701027110,NIL,37,43,40,768.00,"30,720.00"
2020-08-27,2020082701027109,NIL,55,43,100,768.00,"76,800.00"
2020-08-27,2020082701027108,NIL,25,43,22,768.00,"16,896.00"
2020-08-27,2020082701026933,NIL,49,49,100,770.00,"77,000.00"
2020-08-27,2020082701026932,NIL,49,26,100,770.00,"77,000.00"
2020-08-27,2020082701027132,NLIC,14,45,50,"1,370.00","68,500.00"
2020-08-27,2020082701027102,NLIC,14,57,200,"1,370.00","274,000.00"
2020-08-27,2020082701027101,NLIC,14,44,22,"1,370.00","30,140.00"
2020-08-27,2020082701027262,NLICL,13,32,50,717.00,"35,850.00"
2020-08-27,2020082701027273,NMB,49,16,40,427.00,"17,080.00"
2020-08-27,2020082701027185,NMB,19,28,465,428.00,"199,020.00"
2020-08-27,2020082701027131,NMB,19,6,35,428.00,"14,980.00"
2020-08-27,2020082701027228,NMBHF1,21,52,887,9.95,"8,825.65"
2020-08-27,2020082701027227,NMBHF1,21,52,"7,000",9.95,"69,650.00"
2020-08-27,2020082701027179,NMBMF,29,29,3,760.00,"2,280.00"
2020-08-27,2020082701027016,NMBMF,29,29,2,760.00,"1,520.00"
2020-08-27,2020082701026946,NMBMF,33,41,50,775.00,"38,750.00"
2020-08-27,2020082701026945,NMBMF,46,41,50,775.00,"38,750.00"
2020-08-27,2020082701026944,NMBMF,6,41,120,775.00,"93,000.00"
2020-08-27,2020082701027324,NRIC,54,6,40,709.00,"28,360.00"
2020-08-27,2020082701027302,NRIC,14,41,295,710.00,"209,450.00"
2020-08-27,2020082701027301,NRIC,14,19,100,710.00,"71,000.00"
2020-08-27,2020082701027300,NRIC,14,34,250,710.00,"177,500.00"
2020-08-27,2020082701027299,NRIC,14,34,250,710.00,"177,500.00"
2020-08-27,2020082701027298,NRIC,14,22,105,710.00,"74,550.00"
2020-08-27,2020082701026911,NRIC,59,26,40,707.00,"28,280.00"
2020-08-27,2020082701027059,NRIC,14,28,70,709.00,"49,630.00"
2020-08-27,2020082701027058,NRIC,14,22,30,709.00,"21,270.00"
2020-08-27,2020082701027019,NRIC,13,34,40,708.00,"28,320.00"
2020-08-27,2020082701027003,NRIC,32,41,100,709.00,"70,900.00"
2020-08-27,2020082701026986,NRIC,13,32,40,708.00,"28,320.00"
2020-08-27,2020082701026938,NRIC,6,20,100,708.00,"70,800.00"
2020-08-27,2020082701027082,NRIC,59,54,10,709.00,"7,090.00"
2020-08-27,2020082701027081,NRIC,59,13,100,709.00,"70,900.00"
2020-08-27,2020082701027080,NRIC,59,45,100,709.00,"70,900.00"
2020-08-27,2020082701027079,NRIC,59,34,50,709.00,"35,450.00"
2020-08-27,2020082701027078,NRIC,59,28,800,709.00,"567,200.00"
2020-08-27,2020082701027069,NRIC,41,28,130,709.00,"92,170.00"
2020-08-27,2020082701027174,NRIC,54,26,50,709.00,"35,450.00"
2020-08-27,2020082701027158,NRIC,54,6,20,709.00,"14,180.00"
2020-08-27,2020082701027154,NRIC,59,6,20,709.00,"14,180.00"
2020-08-27,2020082701027114,NRIC,59,37,10,710.00,"7,100.00"
2020-08-27,2020082701027087,NRIC,59,22,50,709.00,"35,450.00"
2020-08-27,2020082701027086,NRIC,59,13,50,709.00,"35,450.00"
2020-08-27,2020082701027242,NRIC,54,17,500,709.00,"354,500.00"
2020-08-27,2020082701027239,NRIC,54,56,100,709.00,"70,900.00"
2020-08-27,2020082701027236,NRIC,54,45,100,709.00,"70,900.00"
2020-08-27,2020082701027223,NRIC,54,47,10,709.00,"7,090.00"
2020-08-27,2020082701027207,NRIC,54,28,100,709.00,"70,900.00"
2020-08-27,2020082701027204,NRIC,54,41,100,709.00,"70,900.00"
2020-08-27,2020082701027284,NRIC,34,36,50,710.00,"35,500.00"
2020-08-27,2020082701027274,NRIC,54,1,500,709.00,"354,500.00"
2020-08-27,2020082701027257,NRIC,48,22,45,710.00,"31,950.00"
2020-08-27,2020082701027256,NRIC,48,39,40,710.00,"28,400.00"
2020-08-27,2020082701027255,NRIC,48,21,40,710.00,"28,400.00"
2020-08-27,2020082701027254,NRIC,48,33,50,710.00,"35,500.00"
2020-08-27,2020082701027032,NRN,33,48,10,369.00,"3,690.00"
2020-08-27,2020082701026972,NRN,33,48,10,369.00,"3,690.00"
2020-08-27,2020082701026915,NRN,33,34,10,369.00,"3,690.00"
2020-08-27,2020082701026912,NRN,33,48,10,369.00,"3,690.00"
2020-08-27,2020082701027213,NRN,33,48,10,369.00,"3,690.00"
2020-08-27,2020082701027194,NRN,33,13,10,369.00,"3,690.00"
2020-08-27,2020082701027289,NRN,33,26,10,369.00,"3,690.00"
2020-08-27,2020082701027287,NRN,33,13,10,369.00,"3,690.00"
2020-08-27,2020082701027275,NRN,33,48,10,369.00,"3,690.00"
2020-08-27,2020082701027224,NTC,16,51,85,665.00,"56,525.00"
2020-08-27,2020082701027068,NTC,16,56,35,665.00,"23,275.00"
2020-08-27,2020082701027065,NTC,32,28,200,666.00,"133,200.00"
2020-08-27,2020082701026896,NTC,16,25,280,665.00,"186,200.00"
2020-08-27,2020082701026895,NTC,50,25,220,665.00,"146,300.00"
2020-08-27,2020082701027214,NUBL,43,54,80,969.00,"77,520.00"
2020-08-27,2020082701027089,NUBL,43,13,150,969.00,"145,350.00"
2020-08-27,2020082701027088,NUBL,26,13,50,970.00,"48,500.00"
2020-08-27,2020082701027149,OHL,59,58,20,336.00,"6,720.00"
2020-08-27,2020082701027187,PCBL,4,52,101,284.00,"28,684.00"
2020-08-27,2020082701027180,PCBL,58,49,48,285.00,"13,680.00"
2020-08-27,2020082701027083,PCBL,58,49,52,285.00,"14,820.00"
2020-08-27,2020082701026907,PCBL,51,45,100,285.00,"28,500.00"
2020-08-27,2020082701027272,PIC,55,21,50,716.00,"35,800.00"
2020-08-27,2020082701027232,PIC,55,26,11,716.00,"7,876.00"
2020-08-27,2020082701026962,PIC,49,34,490,719.00,"352,310.00"
2020-08-27,2020082701026961,PIC,49,34,10,718.00,"7,180.00"
2020-08-27,2020082701026905,PICL,34,41,30,509.00,"15,270.00"
2020-08-27,2020082701026904,PICL,6,41,20,509.00,"10,180.00"
2020-08-27,2020082701026903,PICL,46,41,200,509.00,"101,800.00"
2020-08-27,2020082701027066,PMHPL,32,29,10,80.00,800.00
2020-08-27,2020082701027034,PPCL,32,26,30,115.00,"3,450.00"
2020-08-27,2020082701027199,PRIN,19,43,248,564.00,"139,872.00"
2020-08-27,2020082701027198,PRIN,45,43,152,564.00,"85,728.00"
2020-08-27,2020082701027136,PRIN,41,36,50,567.00,"28,350.00"
2020-08-27,2020082701027057,PRIN,45,4,448,564.00,"252,672.00"
2020-08-27,2020082701027056,PRIN,10,4,150,564.00,"84,600.00"
2020-08-27,2020082701027055,PRIN,59,4,200,565.00,"113,000.00"
2020-08-27,2020082701027048,PRIN,21,4,100,566.00,"56,600.00"
2020-08-27,2020082701027047,PRIN,39,4,60,566.00,"33,960.00"
2020-08-27,2020082701027046,PRIN,20,4,85,567.00,"48,195.00"
2020-08-27,2020082701027037,PRIN,20,56,19,567.00,"10,773.00"
2020-08-27,2020082701027015,PRIN,1,56,85,567.00,"48,195.00"
2020-08-27,2020082701026958,PRIN,56,13,100,566.00,"56,600.00"
2020-08-27,2020082701027054,PRIN,58,4,40,565.00,"22,600.00"
2020-08-27,2020082701027053,PRIN,45,4,100,565.00,"56,500.00"
2020-08-27,2020082701027052,PRIN,28,4,13,565.00,"7,345.00"
2020-08-27,2020082701027051,PRIN,36,4,500,565.00,"282,500.00"
2020-08-27,2020082701027050,PRIN,49,4,27,565.00,"15,255.00"
2020-08-27,2020082701027049,PRIN,41,4,100,566.00,"56,600.00"
2020-08-27,2020082701027334,PRVU,49,33,15,237.00,"3,555.00"
2020-08-27,2020082701026927,PRVU,58,29,175,236.00,"41,300.00"
2020-08-27,2020082701027323,RADHI,22,56,10,179.00,"1,790.00"
2020-08-27,2020082701027077,RADHI,22,56,10,179.00,"1,790.00"
2020-08-27,2020082701026888,RADHI,22,36,11,179.00,"1,969.00"
2020-08-27,2020082701026887,RADHI,22,17,12,179.00,"2,148.00"
2020-08-27,2020082701026886,RADHI,22,38,100,179.00,"17,900.00"
2020-08-27,2020082701026980,RHPL,56,34,10,147.00,"1,470.00"
2020-08-27,2020082701027035,RMDC,5,33,350,839.00,"293,650.00"
2020-08-27,2020082701026957,RMDC,5,26,50,839.00,"41,950.00"
2020-08-27,2020082701026918,RMDC,5,44,200,838.00,"167,600.00"
2020-08-27,2020082701027193,RSDC,26,36,100,522.00,"52,200.00"
2020-08-27,2020082701027192,RSDC,26,34,62,522.00,"32,364.00"
2020-08-27,2020082701027060,RSDC,52,34,80,522.00,"41,760.00"
2020-08-27,2020082701027247,SANIMA,34,33,25,350.00,"8,750.00"
2020-08-27,2020082701027246,SANIMA,34,53,25,350.00,"8,750.00"
2020-08-27,2020082701027238,SANIMA,54,53,75,350.00,"26,250.00"
2020-08-27,2020082701027237,SANIMA,54,53,75,350.00,"26,250.00"
2020-08-27,2020082701027326,SBI,10,29,220,431.00,"94,820.00"
2020-08-27,2020082701027325,SBI,41,29,30,431.00,"12,930.00"
2020-08-27,2020082701027028,SBI,44,45,15,431.00,"6,465.00"
2020-08-27,2020082701027071,SBL,14,26,21,304.00,"6,384.00"
2020-08-27,2020082701027286,SCB,26,43,48,660.00,"31,680.00"
2020-08-27,2020082701027097,SCB,26,26,80,660.00,"52,800.00"
2020-08-27,2020082701027029,SCB,6,26,50,660.00,"33,000.00"
2020-08-27,2020082701027021,SCB,6,59,30,661.00,"19,830.00"
2020-08-27,2020082701026908,SCB,6,34,70,661.00,"46,270.00"
2020-08-27,2020082701027044,SDLBSL,41,16,10,832.00,"8,320.00"
2020-08-27,2020082701026974,SDLBSL,1,26,10,832.00,"8,320.00"
2020-08-27,2020082701027294,SFCL,45,5,100,124.00,"12,400.00"
2020-08-27,2020082701027234,SFCL,32,5,50,125.00,"6,250.00"
2020-08-27,2020082701027226,SFCL,32,43,50,125.00,"6,250.00"
2020-08-27,2020082701027153,SFCL,59,53,270,125.00,"33,750.00"
2020-08-27,2020082701027152,SFCL,59,1,20,124.00,"2,480.00"
2020-08-27,2020082701027151,SFCL,59,1,50,124.00,"6,200.00"
2020-08-27,2020082701027150,SFCL,59,35,80,124.00,"9,920.00"
2020-08-27,2020082701027119,SFCL,11,5,50,123.00,"6,150.00"
2020-08-27,2020082701026990,SFCL,34,35,20,124.00,"2,480.00"
2020-08-27,2020082701026937,SFCL,13,5,123,123.00,"15,129.00"
2020-08-27,2020082701027381,SHINE,6,58,910,231.00,"210,210.00"
2020-08-27,2020082701027380,SHINE,56,58,200,231.00,"46,200.00"
2020-08-27,2020082701027379,SHINE,11,58,50,231.00,"11,550.00"
2020-08-27,2020082701027378,SHINE,57,58,100,231.00,"23,100.00"
2020-08-27,2020082701027377,SHINE,39,58,50,231.00,"11,550.00"
2020-08-27,2020082701027376,SHINE,20,58,100,231.00,"23,100.00"
2020-08-27,2020082701027351,SHINE,57,58,50,235.00,"11,750.00"
2020-08-27,2020082701027350,SHINE,57,58,10,235.00,"2,350.00"
2020-08-27,2020082701027349,SHINE,37,58,20,235.00,"4,700.00"
2020-08-27,2020082701027357,SHINE,4,58,100,234.00,"23,400.00"
2020-08-27,2020082701027356,SHINE,14,58,200,234.00,"46,800.00"
2020-08-27,2020082701027355,SHINE,40,58,200,235.00,"47,000.00"
2020-08-27,2020082701027354,SHINE,26,58,100,235.00,"23,500.00"
2020-08-27,2020082701027353,SHINE,11,58,100,235.00,"23,500.00"
2020-08-27,2020082701027352,SHINE,29,58,20,235.00,"4,700.00"
2020-08-27,2020082701027363,SHINE,51,58,100,233.00,"23,300.00"
2020-08-27,2020082701027362,SHINE,32,58,200,233.00,"46,600.00"
2020-08-27,2020082701027361,SHINE,47,58,200,234.00,"46,800.00"
2020-08-27,2020082701027360,SHINE,35,58,200,234.00,"46,800.00"
2020-08-27,2020082701027359,SHINE,13,58,500,234.00,"117,000.00"
2020-08-27,2020082701027358,SHINE,58,58,100,234.00,"23,400.00"
2020-08-27,2020082701027369,SHINE,57,58,300,232.00,"69,600.00"
2020-08-27,2020082701027368,SHINE,50,58,200,232.00,"46,400.00"
2020-08-27,2020082701027367,SHINE,58,58,100,233.00,"23,300.00"
2020-08-27,2020082701027366,SHINE,38,58,200,233.00,"46,600.00"
2020-08-27,2020082701027365,SHINE,33,58,50,233.00,"11,650.00"
2020-08-27,2020082701027364,SHINE,6,58,"2,000",233.00,"466,000.00"
2020-08-27,2020082701027375,SHINE,57,58,500,231.00,"115,500.00"
2020-08-27,2020082701027374,SHINE,57,58,50,232.00,"11,600.00"
2020-08-27,2020082701027373,SHINE,6,58,140,232.00,"32,480.00"
2020-08-27,2020082701027372,SHINE,32,58,200,232.00,"46,400.00"
2020-08-27,2020082701027371,SHINE,37,58,50,232.00,"11,600.00"
2020-08-27,2020082701027370,SHINE,56,58,200,232.00,"46,400.00"
2020-08-27,2020082701027346,SHIVM,58,54,50,650.00,"32,500.00"
2020-08-27,2020082701027250,SHIVM,45,59,73,651.00,"47,523.00"
2020-08-27,2020082701027159,SHIVM,4,59,466,651.00,"303,366.00"
2020-08-27,2020082701027096,SHIVM,19,59,530,651.00,"345,030.00"
2020-08-27,2020082701027095,SHIVM,45,59,769,652.00,"501,388.00"
2020-08-27,2020082701026971,SHIVM,45,25,30,651.00,"19,530.00"
2020-08-27,2020082701026963,SHIVM,58,55,20,650.00,"13,000.00"
2020-08-27,2020082701026916,SHIVM,58,33,15,650.00,"9,750.00"
2020-08-27,2020082701027041,SHIVM,56,33,181,653.00,"118,193.00"
2020-08-27,2020082701027040,SHIVM,56,42,50,653.00,"32,650.00"
2020-08-27,2020082701027039,SHIVM,56,38,100,652.00,"65,200.00"
2020-08-27,2020082701027038,SHIVM,56,58,669,652.00,"436,188.00"
2020-08-27,2020082701026991,SHPC,10,26,242,237.00,"57,354.00"
2020-08-27,2020082701027222,SIC,36,45,50,846.00,"42,300.00"
2020-08-27,2020082701027221,SIC,36,35,50,846.00,"42,300.00"
2020-08-27,2020082701027259,SICL,11,46,30,"1,255.00","37,650.00"
2020-08-27,2020082701026981,SICL,56,45,50,"1,251.00","62,550.00"
2020-08-27,2020082701027283,SINDU,32,45,186,127.00,"23,622.00"
2020-08-27,2020082701027282,SINDU,32,45,14,126.00,"1,764.00"
2020-08-27,2020082701027303,SJCL,6,34,10,137.00,"1,370.00"
2020-08-27,2020082701027291,SLBBL,54,49,11,848.00,"9,328.00"
2020-08-27,2020082701027290,SLBBL,54,45,10,848.00,"8,480.00"
2020-08-27,2020082701027113,SLBBL,54,49,29,839.00,"24,331.00"
2020-08-27,2020082701027018,SLBBL,54,49,20,839.00,"16,780.00"
2020-08-27,2020082701026893,SLBSL,45,49,40,825.00,"33,000.00"
2020-08-27,2020082701027296,SLICL,33,46,150,547.00,"82,050.00"
2020-08-27,2020082701027215,SLICL,33,57,200,547.00,"109,400.00"
2020-08-27,2020082701027064,SLICL,33,49,50,547.00,"27,350.00"
2020-08-27,2020082701027006,SLICL,33,48,61,547.00,"33,367.00"
2020-08-27,2020082701026936,SPDL,33,26,10,110.00,"1,100.00"
2020-08-27,2020082701027027,SWBBL,49,52,250,"1,229.00","307,250.00"
2020-08-27,2020082701027186,UIC,34,57,10,407.00,"4,070.00"
2020-08-27,2020082701027011,UIC,49,57,89,402.00,"35,778.00"
2020-08-27,2020082701027010,UIC,55,57,63,402.00,"25,326.00"
2020-08-27,2020082701027009,UIC,25,57,200,403.00,"80,600.00"
2020-08-27,2020082701027008,UIC,16,57,100,405.00,"40,500.00"
2020-08-27,2020082701027007,UIC,26,57,48,406.00,"19,488.00"
2020-08-27,2020082701026976,UIC,26,56,12,406.00,"4,872.00"
2020-08-27,2020082701026975,UIC,37,56,158,407.00,"64,306.00"
2020-08-27,2020082701026969,UIC,37,58,37,407.00,"15,059.00"
2020-08-27,2020082701026968,UIC,37,41,105,407.00,"42,735.00"
2020-08-27,2020082701026967,UIC,37,35,100,407.00,"40,700.00"
2020-08-27,2020082701026966,UIC,37,3,100,407.00,"40,700.00"
2020-08-27,2020082701026902,UPPER,40,26,50,224.00,"11,200.00"
2020-08-27,2020082701026901,UPPER,40,16,50,224.00,"11,200.00"
2020-08-27,2020082701027166,VLBS,53,51,20,955.00,"19,100.00"
2020-08-27,2020082701027014,VLBS,53,22,121,955.00,"115,555.00"
2020-08-27,2020082701027013,VLBS,44,22,79,955.00,"75,445.00"
2020-08-27,2020082701026687,ACLBSL,20,14,10,704.00,"7,040.00"
2020-08-27,2020082701026717,ADBL,13,26,50,426.00,"21,300.00"
2020-08-27,2020082701026690,AHPC,56,1,15,94.00,"1,410.00"
2020-08-27,2020082701026858,AIL,48,22,10,514.00,"5,140.00"
2020-08-27,2020082701026756,AIL,48,49,10,514.00,"5,140.00"
2020-08-27,2020082701026755,AIL,48,32,10,514.00,"5,140.00"
2020-08-27,2020082701026728,AIL,42,22,10,513.00,"5,130.00"
2020-08-27,2020082701026636,AIL,42,53,194,513.00,"99,522.00"
2020-08-27,2020082701026635,AIL,48,53,166,513.00,"85,158.00"
2020-08-27,2020082701026406,AIL,56,40,10,514.00,"5,140.00"
2020-08-27,2020082701026576,AIL,49,6,10,514.00,"5,140.00"
2020-08-27,2020082701026491,AIL,56,6,10,514.00,"5,140.00"
2020-08-27,2020082701026482,AIL,56,58,10,514.00,"5,140.00"
2020-08-27,2020082701026456,AIL,56,6,10,514.00,"5,140.00"
2020-08-27,2020082701026423,AIL,56,22,10,514.00,"5,140.00"
2020-08-27,2020082701026415,AIL,56,6,10,514.00,"5,140.00"
2020-08-27,2020082701026634,AIL,56,53,30,514.00,"15,420.00"
2020-08-27,2020082701026633,AIL,49,53,10,514.00,"5,140.00"
2020-08-27,2020082701026632,AIL,4,53,100,514.00,"51,400.00"
2020-08-27,2020082701026624,AIL,49,22,10,514.00,"5,140.00"
2020-08-27,2020082701026591,AIL,49,6,10,514.00,"5,140.00"
2020-08-27,2020082701026577,AIL,49,40,10,514.00,"5,140.00"
2020-08-27,2020082701026835,AKJCL,34,43,20,54.00,"1,080.00"
2020-08-27,2020082701026817,AKJCL,34,7,500,54.00,"27,000.00"
2020-08-27,2020082701026816,AKJCL,34,49,10,54.00,540.00
2020-08-27,2020082701026815,AKJCL,34,57,10,54.00,540.00
2020-08-27,2020082701026814,AKJCL,34,47,20,54.00,"1,080.00"
2020-08-27,2020082701026813,AKJCL,34,22,10,54.00,540.00
2020-08-27,2020082701026812,AKJCL,34,28,10,54.00,540.00
2020-08-27,2020082701026811,AKJCL,34,20,10,54.00,540.00
2020-08-27,2020082701026810,AKJCL,34,25,470,54.00,"25,380.00"
2020-08-27,2020082701026489,AKJCL,22,25,250,54.00,"13,500.00"
2020-08-27,2020082701026775,AKPL,33,40,815,117.00,"95,355.00"
2020-08-27,2020082701026663,AKPL,33,40,"2,000",117.00,"234,000.00"
2020-08-27,2020082701026397,AKPL,48,40,500,116.00,"58,000.00"
2020-08-27,2020082701026658,ALICL,1,6,500,701.00,"350,500.00"
2020-08-27,2020082701026476,BOKL,35,36,200,232.00,"46,400.00"
2020-08-27,2020082701026475,BOKL,1,36,300,232.00,"69,600.00"
2020-08-27,2020082701026474,BOKL,41,36,500,232.00,"116,000.00"
2020-08-27,2020082701026473,BOKL,6,36,205,232.00,"47,560.00"
2020-08-27,2020082701026866,BPCL,57,5,50,366.00,"18,300.00"
2020-08-27,2020082701026865,BPCL,25,5,100,366.00,"36,600.00"
2020-08-27,2020082701026864,BPCL,1,5,150,366.00,"54,900.00"
2020-08-27,2020082701026863,BPCL,44,5,100,366.00,"36,600.00"
2020-08-27,2020082701026862,BPCL,1,5,594,366.00,"217,404.00"
2020-08-27,2020082701026583,BPCL,55,49,38,369.00,"14,022.00"
2020-08-27,2020082701026582,BPCL,55,34,12,369.00,"4,428.00"
2020-08-27,2020082701026779,CBBL,58,51,10,"1,086.00","10,860.00"
2020-08-27,2020082701026845,CBL,6,45,250,143.00,"35,750.00"
2020-08-27,2020082701026802,CBL,7,45,700,143.00,"100,100.00"
2020-08-27,2020082701026670,CBL,7,45,300,143.00,"42,900.00"
2020-08-27,2020082701026626,CBL,34,45,200,143.00,"28,600.00"
2020-08-27,2020082701026608,CBL,34,45,500,143.00,"71,500.00"
2020-08-27,2020082701026401,CBL,56,45,"1,000",143.00,"143,000.00"
2020-08-27,2020082701026856,CCBL,11,4,593,174.00,"103,182.00"
2020-08-27,2020082701026855,CCBL,55,4,200,174.00,"34,800.00"
2020-08-27,2020082701026854,CCBL,45,4,"1,207",174.00,"210,018.00"
2020-08-27,2020082701026751,CCBL,45,45,793,174.00,"137,982.00"
2020-08-27,2020082701026750,CCBL,56,45,500,174.00,"87,000.00"
2020-08-27,2020082701026749,CCBL,29,45,107,174.00,"18,618.00"
2020-08-27,2020082701026498,CCBL,29,58,466,174.00,"81,084.00"
2020-08-27,2020082701026443,CCBL,58,58,9,172.00,"1,548.00"
2020-08-27,2020082701026395,CHL,38,46,34,87.00,"2,958.00"
2020-08-27,2020082701026581,CIT,49,51,25,"2,880.00","72,000.00"
2020-08-27,2020082701026596,CLBSL,52,4,30,701.00,"21,030.00"
2020-08-27,2020082701026457,CLBSL,45,34,20,700.00,"14,000.00"
2020-08-27,2020082701026396,CLBSL,43,45,50,700.00,"35,000.00"
2020-08-27,2020082701026804,CZBIL,34,49,500,194.00,"97,000.00"
2020-08-27,2020082701026732,DDBL,5,40,17,872.00,"14,824.00"
2020-08-27,2020082701026727,DDBL,57,7,150,874.00,"131,100.00"
2020-08-27,2020082701026579,DDBL,38,20,30,871.00,"26,130.00"
2020-08-27,2020082701026538,DDBL,57,7,50,873.00,"43,650.00"
2020-08-27,2020082701026552,DHPL,36,43,10,51.00,510.00
2020-08-27,2020082701026834,EBL,22,59,45,730.00,"32,850.00"
2020-08-27,2020082701026644,EBL,22,25,15,730.00,"10,950.00"
2020-08-27,2020082701026643,EBL,42,25,10,730.00,"7,300.00"
2020-08-27,2020082701026642,EBL,6,25,100,730.00,"73,000.00"
2020-08-27,2020082701026641,EBL,57,25,100,730.00,"73,000.00"
2020-08-27,2020082701026640,EBL,6,25,25,730.00,"18,250.00"
2020-08-27,2020082701026535,EBL,25,59,10,731.00,"7,310.00"
2020-08-27,2020082701026526,EBL,56,59,45,731.00,"32,895.00"
2020-08-27,2020082701026428,EBL,56,50,144,731.00,"105,264.00"
2020-08-27,2020082701026563,EIC,1,51,60,472.00,"28,320.00"
2020-08-27,2020082701026562,EIC,1,34,100,472.00,"47,200.00"
2020-08-27,2020082701026561,EIC,1,36,440,472.00,"207,680.00"
2020-08-27,2020082701026543,EIC,47,36,60,472.00,"28,320.00"
2020-08-27,2020082701026542,EIC,47,45,40,472.00,"18,880.00"
2020-08-27,2020082701026875,FMDBL,6,58,300,556.00,"166,800.00"
2020-08-27,2020082701026874,FMDBL,55,58,100,556.00,"55,600.00"
2020-08-27,2020082701026873,FMDBL,42,58,200,556.00,"111,200.00"
2020-08-27,2020082701026872,FMDBL,35,58,100,556.00,"55,600.00"
2020-08-27,2020082701026753,FMDBL,37,57,50,556.00,"27,800.00"
2020-08-27,2020082701026752,FMDBL,4,57,142,556.00,"78,952.00"
2020-08-27,2020082701026606,FMDBL,48,32,100,558.00,"55,800.00"
2020-08-27,2020082701026485,FMDBL,48,51,50,557.00,"27,850.00"
2020-08-27,2020082701026445,FMDBL,57,44,100,557.00,"55,700.00"
2020-08-27,2020082701026444,FMDBL,6,44,40,557.00,"22,280.00"
2020-08-27,2020082701026416,FMDBL,57,58,500,557.00,"278,500.00"
2020-08-27,2020082701026722,FMDBL,44,18,100,557.00,"55,700.00"
2020-08-27,2020082701026712,FMDBL,49,18,100,557.00,"55,700.00"
2020-08-27,2020082701026669,FMDBL,39,18,100,557.00,"55,700.00"
2020-08-27,2020082701026667,FMDBL,41,18,50,557.00,"27,850.00"
2020-08-27,2020082701026666,FMDBL,57,18,100,557.00,"55,700.00"
2020-08-27,2020082701026665,FMDBL,29,18,170,557.00,"94,690.00"
2020-08-27,2020082701026414,FOWAD,26,25,52,"1,550.00","80,600.00"
2020-08-27,2020082701026413,FOWAD,35,25,100,"1,550.00","155,000.00"
2020-08-27,2020082701026412,FOWAD,28,25,20,"1,550.00","31,000.00"
2020-08-27,2020082701026411,FOWAD,26,25,300,"1,550.00","465,000.00"
2020-08-27,2020082701026768,GBIME,36,34,100,256.00,"25,600.00"
2020-08-27,2020082701026767,GBIME,36,57,500,256.00,"128,000.00"
2020-08-27,2020082701026766,GBIME,36,46,73,256.00,"18,688.00"
2020-08-27,2020082701026765,GBIME,36,43,360,256.00,"92,160.00"
2020-08-27,2020082701026764,GBIME,36,29,"1,000",256.00,"256,000.00"
2020-08-27,2020082701026763,GBIME,36,11,115,256.00,"29,440.00"
2020-08-27,2020082701026394,GBIME,49,56,53,256.00,"13,568.00"
2020-08-27,2020082701026757,GBIME,36,48,50,255.00,"12,750.00"
2020-08-27,2020082701026630,GBIME,33,11,200,256.00,"51,200.00"
