Date,Transact. No.,Symbol,Buyer,Seller,Quantity,Rate,Amount
2019-12-10,2019121001006887,ADBL,39,39,2,413.00,826.00
2019-12-10,2019121001006884,ADBL,8,36,300,415.00,"124,500.00"
2019-12-10,2019121001006828,ADBL,51,39,170,414.00,"70,380.00"
2019-12-10,2019121001006720,ADBL,14,39,843,414.00,"349,002.00"
2019-12-10,2019121001006680,ADBL,11,39,30,415.00,"12,450.00"
2019-12-10,2019121001006930,AHPC,48,48,200,95.00,"19,000.00"
2019-12-10,2019121001006929,AHPC,34,48,"1,000",95.00,"95,000.00"
2019-12-10,2019121001006928,AHPC,52,48,500,95.00,"47,500.00"
2019-12-10,2019121001006905,AHPC,52,48,500,96.00,"48,000.00"
2019-12-10,2019121001006904,AHPC,28,48,"2,000",96.00,"192,000.00"
2019-12-10,2019121001006903,AHPC,46,48,100,96.00,"9,600.00"
2019-12-10,2019121001006486,AHPC,28,39,655,97.00,"63,535.00"
2019-12-10,2019121001006902,AHPC,49,48,200,96.00,"19,200.00"
2019-12-10,2019121001006901,AHPC,19,48,500,96.00,"48,000.00"
2019-12-10,2019121001006900,AHPC,26,48,369,96.00,"35,424.00"
2019-12-10,2019121001006837,AHPC,52,52,500,97.00,"48,500.00"
2019-12-10,2019121001006968,AKBSL,41,10,180,470.00,"84,600.00"
2019-12-10,2019121001006717,AKBSL,18,45,10,470.00,"4,700.00"
2019-12-10,2019121001006689,AKBSL,34,16,130,463.00,"60,190.00"
2019-12-10,2019121001006688,AKBSL,13,16,100,465.00,"46,500.00"
2019-12-10,2019121001006484,AKBSL,47,25,50,472.00,"23,600.00"
2019-12-10,2019121001006965,ALBSL,45,4,10,461.00,"4,610.00"
2019-12-10,2019121001006885,ALBSL,56,21,10,453.00,"4,530.00"
2019-12-10,2019121001006799,ALBSL,18,29,162,460.00,"74,520.00"
2019-12-10,2019121001006789,ALBSL,45,29,38,460.00,"17,480.00"
2019-12-10,2019121001006788,ALBSL,45,1,40,460.00,"18,400.00"
2019-12-10,2019121001006752,ALBSL,45,1,10,460.00,"4,600.00"
2019-12-10,2019121001006964,ALICL,50,58,425,352.00,"149,600.00"
2019-12-10,2019121001006941,ALICL,50,44,100,352.00,"35,200.00"
2019-12-10,2019121001006940,ALICL,50,50,"1,100",352.00,"387,200.00"
2019-12-10,2019121001006911,ALICL,50,4,"1,300",351.00,"456,300.00"
2019-12-10,2019121001006910,ALICL,50,56,50,350.00,"17,500.00"
2019-12-10,2019121001006909,ALICL,50,34,500,350.00,"175,000.00"
2019-12-10,2019121001006908,ALICL,50,25,194,349.00,"67,706.00"
2019-12-10,2019121001006907,ALICL,50,48,43,348.00,"14,964.00"
2019-12-10,2019121001006906,ALICL,50,28,100,347.00,"34,700.00"
2019-12-10,2019121001006646,ALICL,50,28,50,347.00,"17,350.00"
2019-12-10,2019121001006954,API,49,44,"1,000",106.00,"106,000.00"
2019-12-10,2019121001006811,API,25,44,313,106.00,"33,178.00"
2019-12-10,2019121001006810,API,25,13,"1,147",105.00,"120,435.00"
2019-12-10,2019121001006633,API,38,39,100,104.00,"10,400.00"
2019-12-10,2019121001006639,API,1,39,500,104.00,"52,000.00"
2019-12-10,2019121001006638,API,22,39,"1,000",104.00,"104,000.00"
2019-12-10,2019121001006637,API,36,39,500,104.00,"52,000.00"
2019-12-10,2019121001006636,API,42,39,300,104.00,"31,200.00"
2019-12-10,2019121001006635,API,25,39,500,104.00,"52,000.00"
2019-12-10,2019121001006634,API,43,39,200,104.00,"20,800.00"
2019-12-10,2019121001006809,API,25,41,"1,000",105.00,"105,000.00"
2019-12-10,2019121001006808,API,57,13,300,105.00,"31,500.00"
2019-12-10,2019121001006748,API,25,13,20,105.00,"2,100.00"
2019-12-10,2019121001006642,API,25,39,"1,000",104.00,"104,000.00"
2019-12-10,2019121001006641,API,11,39,500,104.00,"52,000.00"
2019-12-10,2019121001006640,API,6,39,400,104.00,"41,600.00"
2019-12-10,2019121001006629,BARUN,1,56,10,77.00,770.00
2019-12-10,2019121001006797,BOKL,1,37,885,219.00,"193,815.00"
2019-12-10,2019121001006759,BOKL,1,39,115,219.00,"25,185.00"
2019-12-10,2019121001006679,BOKL,1,39,385,219.00,"84,315.00"
2019-12-10,2019121001006678,BOKL,1,37,"1,695",219.00,"371,205.00"
2019-12-10,2019121001006677,BOKL,1,6,900,219.00,"197,100.00"
2019-12-10,2019121001006676,BOKL,1,59,20,219.00,"4,380.00"
2019-12-10,2019121001006498,BOKL,36,59,30,219.00,"6,570.00"
2019-12-10,2019121001006497,BOKL,36,26,158,219.00,"34,602.00"
2019-12-10,2019121001006496,BOKL,36,6,12,219.00,"2,628.00"
2019-12-10,2019121001006855,BPCL,40,59,34,357.00,"12,138.00"
2019-12-10,2019121001006854,BPCL,40,33,66,357.00,"23,562.00"
2019-12-10,2019121001006830,BPCL,45,33,20,357.00,"7,140.00"
2019-12-10,2019121001006815,BPCL,45,33,20,357.00,"7,140.00"
2019-12-10,2019121001006781,BPCL,16,5,180,356.00,"64,080.00"
2019-12-10,2019121001006751,BPCL,16,33,344,357.00,"122,808.00"
2019-12-10,2019121001006545,BPCL,6,22,418,357.00,"149,226.00"
2019-12-10,2019121001006877,CBBL,45,48,50,796.00,"39,800.00"
2019-12-10,2019121001006876,CBBL,17,48,20,796.00,"15,920.00"
2019-12-10,2019121001006825,CBBL,17,34,180,796.00,"143,280.00"
2019-12-10,2019121001006824,CBBL,37,34,150,796.00,"119,400.00"
2019-12-10,2019121001006823,CBBL,26,34,70,796.00,"55,720.00"
2019-12-10,2019121001006614,CBBL,26,48,30,796.00,"23,880.00"
2019-12-10,2019121001006812,CBL,43,17,10,138.00,"1,380.00"
2019-12-10,2019121001006848,CCBL,4,6,400,165.00,"66,000.00"
2019-12-10,2019121001006610,CCBL,34,6,300,165.00,"49,500.00"
2019-12-10,2019121001006539,CCBL,16,16,100,164.00,"16,400.00"
2019-12-10,2019121001006533,CCBL,36,6,100,165.00,"16,500.00"
2019-12-10,2019121001006758,CFCL,46,49,10,112.00,"1,120.00"
2019-12-10,2019121001006879,CHCL,32,32,9,351.00,"3,159.00"
2019-12-10,2019121001006697,CHCL,13,49,71,358.00,"25,418.00"
2019-12-10,2019121001006696,CHCL,48,49,150,358.00,"53,700.00"
2019-12-10,2019121001006695,CHCL,19,49,347,359.00,"124,573.00"
2019-12-10,2019121001006694,CHCL,42,49,50,360.00,"18,000.00"
2019-12-10,2019121001006850,CIT,54,19,82,"1,740.00","142,680.00"
2019-12-10,2019121001006805,CZBIL,37,48,78,184.00,"14,352.00"
2019-12-10,2019121001006804,CZBIL,37,17,30,184.00,"5,520.00"
2019-12-10,2019121001006803,CZBIL,11,48,22,184.00,"4,048.00"
2019-12-10,2019121001006644,CZBIL,42,17,20,185.00,"3,700.00"
2019-12-10,2019121001006693,DBBL,19,42,399,124.00,"49,476.00"
2019-12-10,2019121001006963,DDBL,43,42,10,794.00,"7,940.00"
2019-12-10,2019121001006959,DDBL,39,28,128,802.00,"102,656.00"
2019-12-10,2019121001006958,DDBL,39,42,15,802.00,"12,030.00"
2019-12-10,2019121001006957,DDBL,39,1,157,802.00,"125,914.00"
2019-12-10,2019121001006742,DDBL,39,34,100,799.00,"79,900.00"
2019-12-10,2019121001006619,DDBL,28,42,45,802.00,"36,090.00"
2019-12-10,2019121001006596,DDBL,39,20,25,800.00,"20,000.00"
2019-12-10,2019121001006595,DDBL,39,7,50,800.00,"40,000.00"
2019-12-10,2019121001006594,DDBL,39,32,118,800.00,"94,400.00"
2019-12-10,2019121001006618,DDBL,28,57,50,802.00,"40,100.00"
2019-12-10,2019121001006617,DDBL,28,34,88,802.00,"70,576.00"
2019-12-10,2019121001006616,DDBL,28,46,17,801.00,"13,617.00"
2019-12-10,2019121001006599,DDBL,39,46,183,801.00,"146,583.00"
2019-12-10,2019121001006598,DDBL,39,37,60,801.00,"48,060.00"
2019-12-10,2019121001006597,DDBL,39,3,64,800.00,"51,200.00"
2019-12-10,2019121001006974,EBL,58,38,10,556.00,"5,560.00"
2019-12-10,2019121001006750,EBL,36,32,30,550.00,"16,500.00"
2019-12-10,2019121001006749,EBL,20,32,70,551.00,"38,570.00"
2019-12-10,2019121001006878,EDBL,36,51,34,290.00,"9,860.00"
2019-12-10,2019121001006710,EIC,5,5,235,235.00,"55,225.00"
2019-12-10,2019121001006709,EIC,5,34,15,232.00,"3,480.00"
2019-12-10,2019121001006493,EIC,19,34,60,232.00,"13,920.00"
2019-12-10,2019121001006806,GBBL,35,1,180,205.00,"36,900.00"
2019-12-10,2019121001006972,GBLBS,3,32,150,310.00,"46,500.00"
2019-12-10,2019121001006729,GBLBS,19,59,200,310.00,"62,000.00"
2019-12-10,2019121001006728,GBLBS,37,59,500,310.00,"155,000.00"
2019-12-10,2019121001006511,GGBSL,11,10,10,618.00,"6,180.00"
2019-12-10,2019121001006510,GGBSL,11,10,10,618.00,"6,180.00"
2019-12-10,2019121001006509,GGBSL,11,18,10,618.00,"6,180.00"
2019-12-10,2019121001006508,GGBSL,11,18,10,618.00,"6,180.00"
2019-12-10,2019121001006507,GGBSL,11,18,10,618.00,"6,180.00"
2019-12-10,2019121001006787,GILB,11,22,21,805.00,"16,905.00"
2019-12-10,2019121001006767,GILB,11,22,21,805.00,"16,905.00"
2019-12-10,2019121001006747,GILB,11,22,21,805.00,"16,905.00"
2019-12-10,2019121001006734,GILB,44,48,10,820.00,"8,200.00"
2019-12-10,2019121001006733,GILB,44,29,80,819.00,"65,520.00"
2019-12-10,2019121001006896,GLICL,52,34,35,413.00,"14,455.00"
2019-12-10,2019121001006895,GLICL,52,55,100,412.00,"41,200.00"
2019-12-10,2019121001006894,GLICL,52,42,28,412.00,"11,536.00"
2019-12-10,2019121001006893,GLICL,52,57,37,412.00,"15,244.00"
2019-12-10,2019121001006892,GLICL,52,56,50,411.00,"20,550.00"
2019-12-10,2019121001006891,GLICL,52,53,50,410.00,"20,500.00"
2019-12-10,2019121001006477,GLICL,25,53,11,398.00,"4,378.00"
2019-12-10,2019121001006531,GLICL,32,34,300,403.00,"120,900.00"
2019-12-10,2019121001006530,GLICL,32,57,148,402.00,"59,496.00"
2019-12-10,2019121001006529,GLICL,32,53,50,402.00,"20,100.00"
2019-12-10,2019121001006528,GLICL,32,5,252,402.00,"101,304.00"
2019-12-10,2019121001006480,GLICL,33,38,600,401.00,"240,600.00"
2019-12-10,2019121001006479,GLICL,33,28,500,400.00,"200,000.00"
2019-12-10,2019121001006870,GLICL,52,21,100,409.00,"40,900.00"
2019-12-10,2019121001006851,GLICL,52,32,131,408.00,"53,448.00"
2019-12-10,2019121001006836,GLICL,52,34,30,408.00,"12,240.00"
2019-12-10,2019121001006835,GLICL,52,34,61,406.00,"24,766.00"
2019-12-10,2019121001006568,GLICL,28,10,150,405.00,"60,750.00"
2019-12-10,2019121001006532,GLICL,32,10,250,405.00,"101,250.00"
2019-12-10,2019121001006668,GMFBS,43,21,10,537.00,"5,370.00"
2019-12-10,2019121001006807,HBL,16,25,211,498.00,"105,078.00"
2019-12-10,2019121001006776,HBL,16,25,"1,000",498.00,"498,000.00"
2019-12-10,2019121001006775,HBL,16,25,90,498.00,"44,820.00"
2019-12-10,2019121001006774,HBL,16,40,355,497.00,"176,435.00"
2019-12-10,2019121001006773,HBL,16,39,143,495.00,"70,785.00"
2019-12-10,2019121001006745,HBL,16,40,50,497.00,"24,850.00"
2019-12-10,2019121001006672,HDL,58,51,10,"1,268.00","12,680.00"
2019-12-10,2019121001006628,HDL,17,7,30,"1,260.00","37,800.00"
2019-12-10,2019121001006627,HDL,22,7,10,"1,260.00","12,600.00"
2019-12-10,2019121001006626,HDL,20,7,20,"1,260.00","25,200.00"
2019-12-10,2019121001006625,HDL,51,7,40,"1,260.00","50,400.00"
2019-12-10,2019121001006899,HGI,44,6,13,260.00,"3,380.00"
2019-12-10,2019121001006795,HGI,50,34,50,256.00,"12,800.00"
2019-12-10,2019121001006794,HGI,14,34,36,256.00,"9,216.00"
2019-12-10,2019121001006955,HURJA,7,45,20,100.00,"2,000.00"
2019-12-10,2019121001006683,HURJA,45,45,20,99.00,"1,980.00"
2019-12-10,2019121001006542,HURJA,45,45,20,99.00,"1,980.00"
2019-12-10,2019121001006490,HURJA,45,45,20,99.00,"1,980.00"
2019-12-10,2019121001006856,HURJA,7,45,20,100.00,"2,000.00"
2019-12-10,2019121001006822,HURJA,7,55,20,100.00,"2,000.00"
2019-12-10,2019121001006761,HURJA,45,45,20,99.00,"1,980.00"
2019-12-10,2019121001006760,HURJA,45,45,20,99.00,"1,980.00"
2019-12-10,2019121001006820,ICFC,6,44,126,162.00,"20,412.00"
2019-12-10,2019121001006666,ICFC,6,1,40,162.00,"6,480.00"
2019-12-10,2019121001006665,ICFC,46,1,200,162.00,"32,400.00"
2019-12-10,2019121001006890,ILBS,57,58,10,574.00,"5,740.00"
2019-12-10,2019121001006740,ILBS,33,16,100,563.00,"56,300.00"
2019-12-10,2019121001006739,ILBS,5,16,20,565.00,"11,300.00"
2019-12-10,2019121001006719,ILBS,5,45,10,565.00,"5,650.00"
2019-12-10,2019121001006586,ILBS,5,39,10,565.00,"5,650.00"
2019-12-10,2019121001006487,ILBS,47,58,25,574.00,"14,350.00"
2019-12-10,2019121001006550,JBBL,32,58,"1,000",167.00,"167,000.00"
2019-12-10,2019121001006549,JBBL,32,38,423,166.00,"70,218.00"
2019-12-10,2019121001006565,JSLBB,34,57,10,"1,255.00","12,550.00"
2019-12-10,2019121001006591,KBL,41,58,845,182.00,"153,790.00"
2019-12-10,2019121001006590,KBL,41,58,155,182.00,"28,210.00"
2019-12-10,2019121001006560,KBL,41,52,304,182.00,"55,328.00"
2019-12-10,2019121001006691,KKHC,58,58,10,54.00,540.00
2019-12-10,2019121001006962,KPCL,4,39,10,82.00,820.00
2019-12-10,2019121001006681,KPCL,4,56,10,82.00,820.00
2019-12-10,2019121001006604,KPCL,4,39,10,82.00,820.00
2019-12-10,2019121001006731,KSBBL,19,46,"1,001",137.00,"137,137.00"
2019-12-10,2019121001006730,KSBBL,19,59,23,137.00,"3,151.00"
2019-12-10,2019121001006853,LBBL,16,43,128,185.00,"23,680.00"
2019-12-10,2019121001006802,LBBL,25,34,"1,000",185.00,"185,000.00"
2019-12-10,2019121001006766,LBBL,25,17,283,185.00,"52,355.00"
2019-12-10,2019121001006648,LBBL,25,49,532,185.00,"98,420.00"
2019-12-10,2019121001006647,LBBL,25,39,500,185.00,"92,500.00"
2019-12-10,2019121001006651,LICN,25,25,10,998.00,"9,980.00"
2019-12-10,2019121001006650,LICN,25,53,50,990.00,"49,500.00"
2019-12-10,2019121001006649,LICN,25,26,15,989.00,"14,835.00"
2019-12-10,2019121001006897,MBL,35,14,20,224.00,"4,480.00"
2019-12-10,2019121001006782,MBL,8,55,500,220.00,"110,000.00"
2019-12-10,2019121001006659,MBL,28,34,470,218.00,"102,460.00"
2019-12-10,2019121001006658,MBL,28,34,500,218.00,"109,000.00"
2019-12-10,2019121001006492,MBL,13,34,200,219.00,"43,800.00"
2019-12-10,2019121001006491,MBL,38,34,80,219.00,"17,520.00"
2019-12-10,2019121001006918,MEGA,43,14,20,186.00,"3,720.00"
2019-12-10,2019121001006917,MEGA,43,36,190,185.00,"35,150.00"
2019-12-10,2019121001006852,MEGA,43,36,10,185.00,"1,850.00"
2019-12-10,2019121001006948,MERO,55,17,10,448.00,"4,480.00"
2019-12-10,2019121001006706,MFIL,32,33,236,126.00,"29,736.00"
2019-12-10,2019121001006705,MFIL,13,33,350,126.00,"44,100.00"
2019-12-10,2019121001006687,MFIL,52,33,300,127.00,"38,100.00"
2019-12-10,2019121001006603,MLBBL,55,56,50,530.00,"26,500.00"
2019-12-10,2019121001006849,MLBL,33,52,10,178.00,"1,780.00"
2019-12-10,2019121001006935,MSMBS,6,17,50,550.00,"27,500.00"
2019-12-10,2019121001006925,MSMBS,32,17,22,545.00,"11,990.00"
2019-12-10,2019121001006924,MSMBS,32,14,11,545.00,"5,995.00"
2019-12-10,2019121001006923,MSMBS,32,14,11,545.00,"5,995.00"
2019-12-10,2019121001006916,MSMBS,6,5,11,535.00,"5,885.00"
2019-12-10,2019121001006915,MSMBS,6,35,11,535.00,"5,885.00"
2019-12-10,2019121001006914,MSMBS,6,35,22,535.00,"11,770.00"
2019-12-10,2019121001006661,NABIL,32,53,50,743.00,"37,150.00"
2019-12-10,2019121001006660,NABIL,32,59,50,742.00,"37,100.00"
2019-12-10,2019121001006922,NADEP,1,57,20,455.00,"9,100.00"
2019-12-10,2019121001006898,NADEP,50,3,20,460.00,"9,200.00"
2019-12-10,2019121001006778,NADEP,21,45,10,454.00,"4,540.00"
2019-12-10,2019121001006587,NADEP,6,49,10,455.00,"4,550.00"
2019-12-10,2019121001006495,NADEP,1,49,40,455.00,"18,200.00"
2019-12-10,2019121001006765,NADEP,1,45,50,460.00,"23,000.00"
2019-12-10,2019121001006764,NADEP,1,26,70,460.00,"32,200.00"
2019-12-10,2019121001006763,NADEP,1,57,10,460.00,"4,600.00"
2019-12-10,2019121001006746,NADEP,1,6,50,459.00,"22,950.00"
2019-12-10,2019121001006624,NADEP,58,18,70,455.00,"31,850.00"
2019-12-10,2019121001006960,NBB,19,25,249,202.00,"50,298.00"
2019-12-10,2019121001006832,NBB,58,25,51,203.00,"10,353.00"
2019-12-10,2019121001006831,NBB,58,16,149,203.00,"30,247.00"
2019-12-10,2019121001006655,NBB,17,57,470,202.00,"94,940.00"
2019-12-10,2019121001006654,NBB,10,57,"1,000",202.00,"202,000.00"
2019-12-10,2019121001006653,NBB,45,57,50,202.00,"10,100.00"
2019-12-10,2019121001006652,NBB,45,57,698,202.00,"140,996.00"
2019-12-10,2019121001006613,NBB,33,16,50,203.00,"10,150.00"
2019-12-10,2019121001006544,NBB,22,16,200,203.00,"40,600.00"
2019-12-10,2019121001006770,NBB,19,32,20,202.00,"4,040.00"
2019-12-10,2019121001006769,NBB,17,32,30,202.00,"6,060.00"
2019-12-10,2019121001006667,NBB,33,16,200,203.00,"40,600.00"
2019-12-10,2019121001006949,NBL,25,17,250,314.00,"78,500.00"
2019-12-10,2019121001006790,NBL,42,17,100,314.00,"31,400.00"
2019-12-10,2019121001006716,NBL,25,5,545,313.00,"170,585.00"
2019-12-10,2019121001006715,NBL,4,5,200,313.00,"62,600.00"
2019-12-10,2019121001006714,NBL,39,5,255,313.00,"79,815.00"
2019-12-10,2019121001006686,NBL,39,5,745,313.00,"233,185.00"
2019-12-10,2019121001006574,NBL,37,4,845,313.00,"264,485.00"
2019-12-10,2019121001006573,NBL,17,4,100,313.00,"31,300.00"
2019-12-10,2019121001006572,NBL,29,4,"1,500",313.00,"469,500.00"
2019-12-10,2019121001006571,NBL,29,4,500,313.00,"156,500.00"
2019-12-10,2019121001006570,NBL,1,4,55,313.00,"17,215.00"
2019-12-10,2019121001006685,NBL,52,5,100,313.00,"31,300.00"
2019-12-10,2019121001006684,NBL,7,5,155,313.00,"48,515.00"
2019-12-10,2019121001006671,NBL,7,10,845,313.00,"264,485.00"
2019-12-10,2019121001006670,NBL,5,10,155,313.00,"48,515.00"
2019-12-10,2019121001006623,NBL,5,16,345,313.00,"107,985.00"
2019-12-10,2019121001006622,NBL,37,16,155,313.00,"48,515.00"
2019-12-10,2019121001006871,NCCB,33,51,10,201.00,"2,010.00"
2019-12-10,2019121001006737,NCCB,3,34,231,200.00,"46,200.00"
2019-12-10,2019121001006732,NCCB,3,34,241,200.00,"48,200.00"
2019-12-10,2019121001006718,NCCB,32,34,338,200.00,"67,600.00"
2019-12-10,2019121001006546,NCCB,32,38,162,200.00,"32,400.00"
2019-12-10,2019121001006527,NCCB,32,16,100,200.00,"20,000.00"
2019-12-10,2019121001006476,NCCB,32,7,400,200.00,"80,000.00"
2019-12-10,2019121001006726,NHPC,40,1,"3,000",51.00,"153,000.00"
2019-12-10,2019121001006725,NHPC,58,1,"1,000",51.00,"51,000.00"
2019-12-10,2019121001006724,NHPC,38,1,900,51.00,"45,900.00"
2019-12-10,2019121001006548,NIB,36,55,140,428.00,"59,920.00"
2019-12-10,2019121001006547,NIB,36,4,10,428.00,"4,280.00"
2019-12-10,2019121001006920,NIBPO,4,25,"4,000",394.00,"1,576,000.00"
2019-12-10,2019121001006551,NIBPO,16,47,40,399.00,"15,960.00"
2019-12-10,2019121001006538,NIBPO,16,5,100,398.00,"39,800.00"
2019-12-10,2019121001006537,NIBPO,16,25,500,398.00,"199,000.00"
2019-12-10,2019121001006536,NIBPO,16,28,260,397.00,"103,220.00"
2019-12-10,2019121001006886,NICA,16,50,140,410.00,"57,400.00"
2019-12-10,2019121001006827,NICA,59,50,50,410.00,"20,500.00"
2019-12-10,2019121001006721,NICA,59,39,375,410.00,"153,750.00"
2019-12-10,2019121001006632,NICA,59,4,"1,000",410.00,"410,000.00"
2019-12-10,2019121001006631,NICA,59,39,125,410.00,"51,250.00"
2019-12-10,2019121001006821,NICL,43,56,10,280.00,"2,800.00"
2019-12-10,2019121001006768,NIL,39,55,10,391.00,"3,910.00"
2019-12-10,2019121001006741,NIL,38,14,70,389.00,"27,230.00"
2019-12-10,2019121001006708,NLBBL,16,32,14,559.00,"7,826.00"
2019-12-10,2019121001006601,NLIC,19,42,80,881.00,"70,480.00"
2019-12-10,2019121001006961,NLICL,44,45,100,451.00,"45,100.00"
2019-12-10,2019121001006913,NLICL,44,32,20,451.00,"9,020.00"
2019-12-10,2019121001006912,NLICL,37,32,30,452.00,"13,560.00"
2019-12-10,2019121001006562,NLICL,39,34,10,460.00,"4,600.00"
2019-12-10,2019121001006558,NLICL,44,10,823,451.00,"371,173.00"
2019-12-10,2019121001006557,NLICL,56,10,136,452.00,"61,472.00"
2019-12-10,2019121001006556,NLICL,21,10,311,452.00,"140,572.00"
2019-12-10,2019121001006555,NLICL,38,10,500,454.00,"227,000.00"
2019-12-10,2019121001006554,NLICL,40,10,116,454.00,"52,664.00"
2019-12-10,2019121001006553,NLICL,39,10,100,455.00,"45,500.00"
2019-12-10,2019121001006552,NLICL,25,10,14,459.00,"6,426.00"
2019-12-10,2019121001006829,NMB,33,59,10,391.00,"3,910.00"
2019-12-10,2019121001006643,NMB,59,44,43,389.00,"16,727.00"
2019-12-10,2019121001006630,NMB,45,44,30,389.00,"11,670.00"
2019-12-10,2019121001006611,NMB,10,44,"1,000",389.00,"389,000.00"
2019-12-10,2019121001006593,NMB,45,44,40,389.00,"15,560.00"
2019-12-10,2019121001006567,NMB,3,44,"1,000",389.00,"389,000.00"
2019-12-10,2019121001006543,NMB,1,44,40,389.00,"15,560.00"
2019-12-10,2019121001006540,NMB,6,44,60,389.00,"23,340.00"
2019-12-10,2019121001006535,NMB,45,44,217,389.00,"84,413.00"
2019-12-10,2019121001006524,NMB,1,44,500,389.00,"194,500.00"
2019-12-10,2019121001006523,NMB,51,44,30,389.00,"11,670.00"
2019-12-10,2019121001006522,NMB,51,44,40,389.00,"15,560.00"
2019-12-10,2019121001006621,NMBMF,38,47,47,567.00,"26,649.00"
2019-12-10,2019121001006609,NMBMF,38,58,116,563.00,"65,308.00"
2019-12-10,2019121001006608,NMBMF,38,58,115,563.00,"64,745.00"
2019-12-10,2019121001006607,NMBMF,38,7,140,560.00,"78,400.00"
2019-12-10,2019121001006606,NMBMF,38,40,41,559.00,"22,919.00"
2019-12-10,2019121001006605,NMBMF,38,8,41,558.00,"22,878.00"
2019-12-10,2019121001006699,NMFBS,33,16,20,"1,273.00","25,460.00"
2019-12-10,2019121001006585,NMFBS,47,10,200,"1,255.00","251,000.00"
2019-12-10,2019121001006584,NMFBS,38,10,20,"1,256.00","25,120.00"
2019-12-10,2019121001006485,NMFBS,7,6,25,"1,274.00","31,850.00"
2019-12-10,2019121001006946,NTC,43,43,10,651.00,"6,510.00"
2019-12-10,2019121001006772,NTC,29,43,45,650.00,"29,250.00"
2019-12-10,2019121001006771,NTC,29,43,25,650.00,"16,250.00"
2019-12-10,2019121001006713,NTC,29,43,60,650.00,"39,000.00"
2019-12-10,2019121001006712,NTC,29,43,25,650.00,"16,250.00"
2019-12-10,2019121001006711,NTC,29,43,50,650.00,"32,500.00"
2019-12-10,2019121001006950,NUBL,49,43,66,966.00,"63,756.00"
2019-12-10,2019121001006939,NUBL,34,38,127,962.00,"122,174.00"
2019-12-10,2019121001006938,NUBL,25,38,50,962.00,"48,100.00"
2019-12-10,2019121001006937,NUBL,37,38,10,962.00,"9,620.00"
2019-12-10,2019121001006936,NUBL,57,38,13,965.00,"12,545.00"
2019-12-10,2019121001006882,NUBL,40,43,200,966.00,"193,200.00"
2019-12-10,2019121001006692,NUBL,38,43,10,966.00,"9,660.00"
2019-12-10,2019121001006657,OHL,38,16,105,432.00,"45,360.00"
2019-12-10,2019121001006656,OHL,45,16,40,432.00,"17,280.00"
2019-12-10,2019121001006502,PCBL,50,16,100,276.00,"27,600.00"
2019-12-10,2019121001006561,PIC,45,16,25,395.00,"9,875.00"
2019-12-10,2019121001006514,PIC,57,52,200,394.00,"78,800.00"
2019-12-10,2019121001006943,PICL,38,4,100,389.00,"38,900.00"
2019-12-10,2019121001006612,PMHPL,49,39,10,85.00,850.00
2019-12-10,2019121001006857,PPCL,6,43,20,107.00,"2,140.00"
2019-12-10,2019121001006846,PPCL,6,43,30,106.00,"3,180.00"
2019-12-10,2019121001006845,PPCL,6,43,30,106.00,"3,180.00"
2019-12-10,2019121001006844,PPCL,6,43,30,106.00,"3,180.00"
2019-12-10,2019121001006843,PPCL,6,43,30,106.00,"3,180.00"
2019-12-10,2019121001006842,PPCL,6,43,30,106.00,"3,180.00"
2019-12-10,2019121001006841,PPCL,6,43,30,106.00,"3,180.00"
2019-12-10,2019121001006701,PPCL,45,56,10,104.00,"1,040.00"
2019-12-10,2019121001006942,PRVU,3,58,"1,000",226.00,"226,000.00"
2019-12-10,2019121001006934,PRVU,40,58,500,226.00,"113,000.00"
2019-12-10,2019121001006785,PRVU,57,58,50,226.00,"11,300.00"
2019-12-10,2019121001006518,PRVU,38,37,120,225.00,"27,000.00"
2019-12-10,2019121001006517,PRVU,4,37,80,225.00,"18,000.00"
2019-12-10,2019121001006488,PRVU,49,58,50,226.00,"11,300.00"
2019-12-10,2019121001006919,RBCL,38,33,20,"8,200.00","164,000.00"
2019-12-10,2019121001006847,RHPC,3,49,10,72.00,720.00
2019-12-10,2019121001006834,RHPC,3,8,19,71.00,"1,349.00"
2019-12-10,2019121001006722,RHPC,20,56,18,70.00,"1,260.00"
2019-12-10,2019121001006875,RHPL,59,45,40,171.00,"6,840.00"
2019-12-10,2019121001006784,RHPL,59,45,40,171.00,"6,840.00"
2019-12-10,2019121001006783,RHPL,59,21,40,171.00,"6,840.00"
2019-12-10,2019121001006780,RHPL,59,45,40,171.00,"6,840.00"
2019-12-10,2019121001006777,RHPL,59,42,40,171.00,"6,840.00"
2019-12-10,2019121001006723,RHPL,59,45,40,171.00,"6,840.00"
2019-12-10,2019121001006698,RHPL,59,45,10,171.00,"1,710.00"
2019-12-10,2019121001006682,RHPL,59,21,40,171.00,"6,840.00"
2019-12-10,2019121001006620,RHPL,59,39,40,171.00,"6,840.00"
2019-12-10,2019121001006559,RHPL,59,45,40,171.00,"6,840.00"
2019-12-10,2019121001006500,RHPL,59,45,40,171.00,"6,840.00"
2019-12-10,2019121001006755,RSDC,43,36,40,324.00,"12,960.00"
2019-12-10,2019121001006754,RSDC,43,47,50,323.00,"16,150.00"
2019-12-10,2019121001006753,RSDC,43,43,90,323.00,"29,070.00"
2019-12-10,2019121001006569,RSDC,35,44,100,322.00,"32,200.00"
2019-12-10,2019121001006757,RSDC,43,46,300,324.00,"97,200.00"
2019-12-10,2019121001006756,RSDC,43,43,140,324.00,"45,360.00"
2019-12-10,2019121001006889,SABSL,8,45,10,545.00,"5,450.00"
2019-12-10,2019121001006818,SABSL,6,57,10,550.00,"5,500.00"
2019-12-10,2019121001006817,SABSL,6,17,10,549.00,"5,490.00"
2019-12-10,2019121001006645,SABSL,41,39,10,544.00,"5,440.00"
2019-12-10,2019121001006534,SABSL,51,45,50,548.00,"27,400.00"
2019-12-10,2019121001006521,SABSL,41,38,20,544.00,"10,880.00"
2019-12-10,2019121001006520,SABSL,28,38,100,545.00,"54,500.00"
2019-12-10,2019121001006519,SABSL,48,38,30,545.00,"16,350.00"
2019-12-10,2019121001006786,SADBL,4,57,95,141.00,"13,395.00"
2019-12-10,2019121001006727,SANIMA,35,38,100,311.00,"31,100.00"
2019-12-10,2019121001006526,SANIMA,3,38,269,311.00,"83,659.00"
2019-12-10,2019121001006525,SANIMA,3,41,190,311.00,"59,090.00"
2019-12-10,2019121001006592,SBI,57,52,200,355.00,"71,000.00"
2019-12-10,2019121001006801,SBL,26,51,69,289.00,"19,941.00"
2019-12-10,2019121001006800,SBL,16,51,31,289.00,"8,959.00"
2019-12-10,2019121001006675,SBL,16,32,30,289.00,"8,670.00"
2019-12-10,2019121001006615,SBL,16,1,195,289.00,"56,355.00"
2019-12-10,2019121001006481,SBL,3,28,"1,000",290.00,"290,000.00"
2019-12-10,2019121001006927,SCB,21,38,300,537.00,"161,100.00"
2019-12-10,2019121001006926,SCB,34,38,50,537.00,"26,850.00"
2019-12-10,2019121001006881,SCB,42,41,270,538.00,"145,260.00"
2019-12-10,2019121001006489,SCB,43,41,20,538.00,"10,760.00"
2019-12-10,2019121001006669,SCB,34,40,125,537.00,"67,125.00"
2019-12-10,2019121001006944,SHINE,42,4,50,227.00,"11,350.00"
2019-12-10,2019121001006883,SHINE,38,4,100,226.00,"22,600.00"
2019-12-10,2019121001006796,SHINE,56,4,500,227.00,"113,500.00"
2019-12-10,2019121001006662,SHINE,38,4,20,226.00,"4,520.00"
2019-12-10,2019121001006975,SHIVM,48,35,10,384.00,"3,840.00"
2019-12-10,2019121001006971,SHIVM,18,55,100,382.00,"38,200.00"
2019-12-10,2019121001006970,SHIVM,21,55,100,382.00,"38,200.00"
2019-12-10,2019121001006969,SHIVM,52,55,200,382.00,"76,400.00"
2019-12-10,2019121001006933,SHIVM,46,58,50,383.00,"19,150.00"
2019-12-10,2019121001006872,SHIVM,46,58,50,383.00,"19,150.00"
2019-12-10,2019121001006967,SHL,45,52,100,216.00,"21,600.00"
2019-12-10,2019121001006966,SHL,44,52,900,216.00,"194,400.00"
2019-12-10,2019121001006947,SHL,44,29,700,216.00,"151,200.00"
2019-12-10,2019121001006932,SHL,44,52,100,216.00,"21,600.00"
2019-12-10,2019121001006931,SHL,44,45,400,216.00,"86,400.00"
2019-12-10,2019121001006880,SHL,50,45,500,216.00,"108,000.00"
2019-12-10,2019121001006702,SHL,38,43,690,214.00,"147,660.00"
2019-12-10,2019121001006674,SHL,56,14,200,215.00,"43,000.00"
2019-12-10,2019121001006673,SHL,38,14,300,215.00,"64,500.00"
2019-12-10,2019121001006602,SHL,48,17,100,216.00,"21,600.00"
2019-12-10,2019121001006499,SHL,11,1,200,216.00,"43,200.00"
2019-12-10,2019121001006873,SHL,47,45,100,216.00,"21,600.00"
2019-12-10,2019121001006819,SHL,51,59,100,216.00,"21,600.00"
2019-12-10,2019121001006816,SHL,44,39,300,215.00,"64,500.00"
2019-12-10,2019121001006743,SHL,44,43,100,215.00,"21,500.00"
2019-12-10,2019121001006704,SHL,8,43,178,214.00,"38,092.00"
2019-12-10,2019121001006703,SHL,57,43,100,214.00,"21,400.00"
2019-12-10,2019121001006798,SIC,19,46,20,459.00,"9,180.00"
2019-12-10,2019121001006700,SIL,25,50,10,395.00,"3,950.00"
2019-12-10,2019121001006566,SIL,38,55,450,392.00,"176,400.00"
2019-12-10,2019121001006513,SIL,25,55,50,392.00,"19,600.00"
2019-12-10,2019121001006512,SIL,25,53,50,390.00,"19,500.00"
2019-12-10,2019121001006516,SINDU,13,59,70,121.00,"8,470.00"
2019-12-10,2019121001006921,SJCL,40,45,20,159.00,"3,180.00"
2019-12-10,2019121001006814,SJCL,40,45,10,159.00,"1,590.00"
2019-12-10,2019121001006793,SJCL,40,21,20,159.00,"3,180.00"
2019-12-10,2019121001006515,SJCL,40,45,20,159.00,"3,180.00"
2019-12-10,2019121001006494,SJCL,45,39,200,160.00,"32,000.00"
2019-12-10,2019121001006478,SJCL,40,45,20,159.00,"3,180.00"
2019-12-10,2019121001006791,SJCL,40,45,20,159.00,"3,180.00"
2019-12-10,2019121001006744,SJCL,40,42,20,159.00,"3,180.00"
2019-12-10,2019121001006735,SJCL,40,45,10,159.00,"1,590.00"
2019-12-10,2019121001006690,SJCL,40,21,20,159.00,"3,180.00"
2019-12-10,2019121001006664,SJCL,40,39,20,159.00,"3,180.00"
2019-12-10,2019121001006564,SJCL,40,45,20,159.00,"3,180.00"
2019-12-10,2019121001006953,SKBBL,28,7,262,965.00,"252,830.00"
2019-12-10,2019121001006952,SKBBL,17,7,100,966.00,"96,600.00"
2019-12-10,2019121001006663,SLBBL,38,47,200,563.00,"112,600.00"
2019-12-10,2019121001006874,SLBSL,34,22,70,635.00,"44,450.00"
2019-12-10,2019121001006826,SLBSL,18,22,10,635.00,"6,350.00"
2019-12-10,2019121001006813,SLBSL,34,21,10,624.00,"6,240.00"
2019-12-10,2019121001006951,SLICL,39,55,10,278.00,"2,780.00"
2019-12-10,2019121001006600,SLICL,21,48,386,275.00,"106,150.00"
2019-12-10,2019121001006792,SMATA,56,54,20,565.00,"11,300.00"
2019-12-10,2019121001006779,SMATA,56,45,130,555.00,"72,150.00"
2019-12-10,2019121001006762,SMATA,6,45,20,555.00,"11,100.00"
2019-12-10,2019121001006541,SMB,56,57,40,538.00,"21,520.00"
2019-12-10,2019121001006583,SMB,49,14,50,540.00,"27,000.00"
2019-12-10,2019121001006582,SMB,49,40,50,540.00,"27,000.00"
2019-12-10,2019121001006581,SMB,49,48,10,539.00,"5,390.00"
2019-12-10,2019121001006580,SMB,49,14,100,539.00,"53,900.00"
2019-12-10,2019121001006563,SMB,52,45,10,530.00,"5,300.00"
2019-12-10,2019121001006888,SMFBS,16,34,10,920.00,"9,200.00"
2019-12-10,2019121001006860,SMFBS,16,20,10,902.00,"9,020.00"
2019-12-10,2019121001006859,SMFBS,16,32,13,902.00,"11,726.00"
2019-12-10,2019121001006858,SMFBS,16,17,30,902.00,"27,060.00"
2019-12-10,2019121001006840,SMFBS,16,33,20,885.00,"17,700.00"
2019-12-10,2019121001006839,SMFBS,16,26,20,884.00,"17,680.00"
2019-12-10,2019121001006838,SMFBS,16,26,10,884.00,"8,840.00"
2019-12-10,2019121001006833,SMFBS,16,57,50,882.00,"44,100.00"
2019-12-10,2019121001006579,SPARS,34,19,10,587.00,"5,870.00"
2019-12-10,2019121001006578,SPARS,34,21,10,580.00,"5,800.00"
2019-12-10,2019121001006577,SPARS,34,44,10,577.00,"5,770.00"
2019-12-10,2019121001006576,SPARS,34,44,10,577.00,"5,770.00"
2019-12-10,2019121001006575,SPARS,34,56,50,570.00,"28,500.00"
2019-12-10,2019121001006506,SPARS,44,56,200,570.00,"114,000.00"
2019-12-10,2019121001006505,SPARS,26,56,90,570.00,"51,300.00"
2019-12-10,2019121001006504,SPARS,42,56,10,571.00,"5,710.00"
2019-12-10,2019121001006503,SPARS,5,56,50,572.00,"28,600.00"
2019-12-10,2019121001006589,SPDL,45,7,10,91.00,910.00
2019-12-10,2019121001006588,SPDL,45,56,50,88.00,"4,400.00"
2019-12-10,2019121001006956,SRBL,35,58,"1,000",218.00,"218,000.00"
2019-12-10,2019121001006501,SRBL,49,58,300,218.00,"65,400.00"
2019-12-10,2019121001006973,STC,19,6,100,"1,450.00","145,000.00"
2019-12-10,2019121001006869,STC,51,47,10,"1,454.00","14,540.00"
2019-12-10,2019121001006868,STC,51,42,20,"1,448.00","28,960.00"
2019-12-10,2019121001006867,STC,51,40,20,"1,448.00","28,960.00"
2019-12-10,2019121001006866,STC,51,43,100,"1,440.00","144,000.00"
2019-12-10,2019121001006865,STC,51,25,10,"1,440.00","14,400.00"
2019-12-10,2019121001006864,STC,51,35,10,"1,439.00","14,390.00"
2019-12-10,2019121001006863,STC,51,51,13,"1,439.00","18,707.00"
2019-12-10,2019121001006862,STC,51,35,50,"1,438.00","71,900.00"
2019-12-10,2019121001006861,STC,51,39,50,"1,435.00","71,750.00"
2019-12-10,2019121001006707,STC,19,38,40,"1,437.00","57,480.00"
2019-12-10,2019121001006945,SWBBL,33,47,500,"1,021.00","510,500.00"
2019-12-10,2019121001006483,SWBBL,33,43,200,"1,021.00","204,200.00"
2019-12-10,2019121001006482,SWBBL,33,6,208,"1,021.00","212,368.00"
2019-12-10,2019121001006738,UPPER,34,14,20,234.00,"4,680.00"
2019-12-10,2019121001006736,UPPER,48,42,40,233.00,"9,320.00"
2019-12-10,2019121001006414,ADBL,14,50,157,414.00,"64,998.00"
2019-12-10,2019121001006409,ADBL,14,50,50,414.00,"20,700.00"
2019-12-10,2019121001006168,ADBL,25,50,300,414.00,"124,200.00"
2019-12-10,2019121001006167,ADBL,41,50,228,414.00,"94,392.00"
2019-12-10,2019121001006300,AHPC,26,25,30,96.00,"2,880.00"
2019-12-10,2019121001006266,AHPC,26,43,101,96.00,"9,696.00"
2019-12-10,2019121001006444,AKBSL,58,42,370,470.00,"173,900.00"
2019-12-10,2019121001006443,AKBSL,58,10,50,469.00,"23,450.00"
2019-12-10,2019121001006442,AKBSL,58,39,10,469.00,"4,690.00"
2019-12-10,2019121001006441,AKBSL,58,6,10,468.00,"4,680.00"
2019-12-10,2019121001006416,AKBSL,34,45,10,463.00,"4,630.00"
2019-12-10,2019121001006322,AKBSL,43,45,10,464.00,"4,640.00"
2019-12-10,2019121001006220,AKBSL,17,6,30,468.00,"14,040.00"
2019-12-10,2019121001006160,AKBSL,22,6,10,468.00,"4,680.00"
2019-12-10,2019121001006145,AKBSL,22,17,10,468.00,"4,680.00"
2019-12-10,2019121001006121,AKPL,55,45,300,117.00,"35,100.00"
2019-12-10,2019121001006427,ALBSL,56,6,10,458.00,"4,580.00"
2019-12-10,2019121001006283,ALBSL,56,4,10,461.00,"4,610.00"
2019-12-10,2019121001006282,ALBSL,56,46,100,460.00,"46,000.00"
2019-12-10,2019121001006281,ALBSL,56,50,200,460.00,"92,000.00"
2019-12-10,2019121001006280,ALBSL,56,6,200,459.00,"91,800.00"
2019-12-10,2019121001006279,ALBSL,56,48,100,459.00,"45,900.00"
2019-12-10,2019121001006278,ALBSL,56,51,160,458.00,"73,280.00"
2019-12-10,2019121001006277,ALBSL,56,8,10,458.00,"4,580.00"
2019-12-10,2019121001006101,ALBSL,56,57,60,453.00,"27,180.00"
2019-12-10,2019121001006100,ALBSL,38,57,100,454.00,"45,400.00"
2019-12-10,2019121001006299,ALICL,50,50,800,346.00,"276,800.00"
2019-12-10,2019121001006178,ALICL,8,37,210,345.00,"72,450.00"
2019-12-10,2019121001006042,ALICL,38,17,46,345.00,"15,870.00"
2019-12-10,2019121001006344,API,25,13,33,106.00,"3,498.00"
2019-12-10,2019121001006325,API,25,17,17,105.00,"1,785.00"
2019-12-10,2019121001006128,API,7,41,944,105.00,"99,120.00"
2019-12-10,2019121001006449,BOKL,34,6,43,219.00,"9,417.00"
2019-12-10,2019121001006103,BOKL,51,6,10,219.00,"2,190.00"
2019-12-10,2019121001005994,BOKL,41,6,200,219.00,"43,800.00"
2019-12-10,2019121001006188,BPCL,20,22,300,357.00,"107,100.00"
2019-12-10,2019121001006147,BPCL,13,22,200,357.00,"71,400.00"
2019-12-10,2019121001006146,BPCL,22,22,82,357.00,"29,274.00"
2019-12-10,2019121001006003,BPCL,22,5,18,357.00,"6,426.00"
2019-12-10,2019121001006002,BPCL,58,5,34,357.00,"12,138.00"
2019-12-10,2019121001006323,CBBL,39,48,10,803.00,"8,030.00"
2019-12-10,2019121001006431,CBL,43,40,939,137.00,"128,643.00"
2019-12-10,2019121001006430,CBL,29,40,61,137.00,"8,357.00"
2019-12-10,2019121001006320,CBL,29,38,744,137.00,"101,928.00"
2019-12-10,2019121001006319,CBL,29,56,500,137.00,"68,500.00"
2019-12-10,2019121001006318,CBL,29,19,"1,695",137.00,"232,215.00"
2019-12-10,2019121001006219,CBL,25,35,62,136.00,"8,432.00"
2019-12-10,2019121001006080,CBL,34,19,100,137.00,"13,700.00"
2019-12-10,2019121001006039,CBL,56,19,200,137.00,"27,400.00"
2019-12-10,2019121001006055,CCBL,42,6,155,165.00,"25,575.00"
2019-12-10,2019121001006054,CCBL,42,10,45,165.00,"7,425.00"
2019-12-10,2019121001006339,CZBIL,42,43,180,185.00,"33,300.00"
2019-12-10,2019121001006303,DBBL,45,42,100,124.00,"12,400.00"
2019-12-10,2019121001006302,DBBL,56,42,28,124.00,"3,472.00"
2019-12-10,2019121001006230,DBBL,56,57,171,124.00,"21,204.00"
2019-12-10,2019121001005978,DBBL,56,32,275,124.00,"34,100.00"
2019-12-10,2019121001006287,DDBL,50,44,899,799.00,"718,301.00"
2019-12-10,2019121001006201,DDBL,33,14,512,799.00,"409,088.00"
2019-12-10,2019121001006200,DDBL,33,28,500,798.00,"399,000.00"
2019-12-10,2019121001006199,DDBL,33,41,100,798.00,"79,800.00"
2019-12-10,2019121001006198,DDBL,33,1,100,798.00,"79,800.00"
2019-12-10,2019121001006197,DDBL,33,21,50,798.00,"39,900.00"
2019-12-10,2019121001006143,DDBL,50,14,100,795.00,"79,500.00"
2019-12-10,2019121001006047,DDBL,33,16,200,790.00,"158,000.00"
2019-12-10,2019121001006382,EBL,28,11,300,555.00,"166,500.00"
2019-12-10,2019121001006338,EBL,36,11,100,555.00,"55,500.00"
2019-12-10,2019121001006095,EBL,48,19,54,551.00,"29,754.00"
2019-12-10,2019121001006172,EBL,36,19,176,550.00,"96,800.00"
2019-12-10,2019121001006097,EBL,6,19,100,550.00,"55,000.00"
2019-12-10,2019121001006096,EBL,22,19,50,551.00,"27,550.00"
2019-12-10,2019121001006187,EDBL,56,56,626,288.00,"180,288.00"
2019-12-10,2019121001006206,EIC,47,34,25,232.00,"5,800.00"
2019-12-10,2019121001006205,EIC,47,45,75,232.00,"17,400.00"
2019-12-10,2019121001006173,EIC,6,45,25,233.00,"5,825.00"
2019-12-10,2019121001006170,EIC,22,5,150,235.00,"35,250.00"
2019-12-10,2019121001006422,FMDBL,40,51,100,320.00,"32,000.00"
2019-12-10,2019121001006421,FMDBL,40,45,100,319.00,"31,900.00"
2019-12-10,2019121001006361,FOWAD,10,47,33,"1,383.00","45,639.00"
2019-12-10,2019121001006114,FOWAD,37,39,61,"1,372.00","83,692.00"
2019-12-10,2019121001006113,FOWAD,55,39,20,"1,372.00","27,440.00"
2019-12-10,2019121001006112,FOWAD,8,39,100,"1,373.00","137,300.00"
2019-12-10,2019121001006111,FOWAD,5,39,50,"1,375.00","68,750.00"
2019-12-10,2019121001006110,FOWAD,32,39,100,"1,375.00","137,500.00"
2019-12-10,2019121001006109,FOWAD,45,39,10,"1,375.00","13,750.00"
2019-12-10,2019121001006091,GBBL,5,55,"1,000",206.00,"206,000.00"
2019-12-10,2019121001006090,GBBL,5,39,130,206.00,"26,780.00"
2019-12-10,2019121001006089,GBBL,5,45,100,206.00,"20,600.00"
2019-12-10,2019121001006088,GBBL,5,22,57,206.00,"11,742.00"
2019-12-10,2019121001006087,GBBL,5,49,100,206.00,"20,600.00"
2019-12-10,2019121001006086,GBBL,5,47,50,206.00,"10,300.00"
2019-12-10,2019121001006085,GBBL,5,32,50,205.00,"10,250.00"
2019-12-10,2019121001006084,GBBL,5,51,485,205.00,"99,425.00"
2019-12-10,2019121001006229,GBLBS,8,25,300,312.00,"93,600.00"
2019-12-10,2019121001006420,GGBSL,14,45,10,612.00,"6,120.00"
2019-12-10,2019121001006341,GGBSL,14,45,10,612.00,"6,120.00"
2019-12-10,2019121001006294,GGBSL,14,45,10,612.00,"6,120.00"
2019-12-10,2019121001006264,GGBSL,14,47,10,612.00,"6,120.00"
2019-12-10,2019121001006259,GGBSL,14,45,10,612.00,"6,120.00"
2019-12-10,2019121001006246,GGBSL,42,18,10,618.00,"6,180.00"
2019-12-10,2019121001006243,GGBSL,11,45,10,617.00,"6,170.00"
2019-12-10,2019121001006164,GILB,42,1,100,816.00,"81,600.00"
2019-12-10,2019121001006118,GLICL,5,7,30,401.00,"12,030.00"
2019-12-10,2019121001006316,GMFBS,43,45,10,537.00,"5,370.00"
2019-12-10,2019121001006265,GMFBS,43,45,10,537.00,"5,370.00"
2019-12-10,2019121001006012,GMFBS,43,51,10,537.00,"5,370.00"
2019-12-10,2019121001005995,GMFBS,43,39,40,537.00,"21,480.00"
2019-12-10,2019121001006010,HBL,25,25,10,498.00,"4,980.00"
2019-12-10,2019121001006438,HDL,58,4,10,"1,269.00","12,690.00"
2019-12-10,2019121001006390,HDL,32,45,100,"1,260.00","126,000.00"
2019-12-10,2019121001006308,HDL,32,58,85,"1,253.00","106,505.00"
2019-12-10,2019121001006292,HDL,14,5,10,"1,254.00","12,540.00"
2019-12-10,2019121001006418,HIDCL,25,44,20,133.00,"2,660.00"
2019-12-10,2019121001006360,HIDCL,14,17,61,131.00,"7,991.00"
2019-12-10,2019121001006331,HIDCL,25,44,10,133.00,"1,330.00"
2019-12-10,2019121001006330,HIDCL,25,36,46,132.00,"6,072.00"
2019-12-10,2019121001005986,HIDCL,14,32,129,131.00,"16,899.00"
2019-12-10,2019121001005985,HIDCL,45,32,99,131.00,"12,969.00"
2019-12-10,2019121001006407,HPPL,45,1,10,143.00,"1,430.00"
2019-12-10,2019121001006406,HPPL,45,44,10,143.00,"1,430.00"
2019-12-10,2019121001006405,HPPL,45,20,100,142.00,"14,200.00"
2019-12-10,2019121001006404,HPPL,45,19,10,141.00,"1,410.00"
2019-12-10,2019121001006403,HPPL,45,7,10,141.00,"1,410.00"
2019-12-10,2019121001006402,HPPL,45,52,40,141.00,"5,640.00"
2019-12-10,2019121001006401,HPPL,45,17,20,140.00,"2,800.00"
2019-12-10,2019121001006400,HPPL,45,8,10,140.00,"1,400.00"
2019-12-10,2019121001006432,HURJA,45,45,20,99.00,"1,980.00"
2019-12-10,2019121001006348,HURJA,45,45,20,99.00,"1,980.00"
2019-12-10,2019121001006327,HURJA,45,45,20,99.00,"1,980.00"
2019-12-10,2019121001006324,HURJA,45,45,20,99.00,"1,980.00"
2019-12-10,2019121001006298,HURJA,45,45,20,99.00,"1,980.00"
2019-12-10,2019121001006267,HURJA,45,45,20,99.00,"1,980.00"
2019-12-10,2019121001006244,HURJA,45,45,20,99.00,"1,980.00"
2019-12-10,2019121001006237,HURJA,45,45,20,99.00,"1,980.00"
2019-12-10,2019121001006207,HURJA,45,45,20,99.00,"1,980.00"
2019-12-10,2019121001006102,ICFC,26,44,110,163.00,"17,930.00"
2019-12-10,2019121001006440,ILBS,5,45,10,565.00,"5,650.00"
2019-12-10,2019121001006295,ILBS,33,39,10,563.00,"5,630.00"
2019-12-10,2019121001006215,ILBS,47,25,110,574.00,"63,140.00"
2019-12-10,2019121001006214,ILBS,47,25,40,574.00,"22,960.00"
2019-12-10,2019121001006213,ILBS,47,58,10,574.00,"5,740.00"
2019-12-10,2019121001006212,ILBS,47,57,50,573.00,"28,650.00"
2019-12-10,2019121001006105,ILBS,32,39,50,572.00,"28,600.00"
2019-12-10,2019121001006190,JBBL,59,41,584,165.00,"96,360.00"
2019-12-10,2019121001006189,JBBL,59,49,317,165.00,"52,305.00"
2019-12-10,2019121001006186,JBBL,47,49,200,165.00,"33,000.00"
2019-12-10,2019121001006177,JBBL,41,49,400,165.00,"66,000.00"
2019-12-10,2019121001006336,JSLBB,34,13,200,"1,241.00","248,200.00"
2019-12-10,2019121001006335,JSLBB,52,13,100,"1,241.00","124,100.00"
2019-12-10,2019121001006334,JSLBB,37,13,200,"1,242.00","248,400.00"
2019-12-10,2019121001006092,JSLBB,3,45,30,"1,245.00","37,350.00"
2019-12-10,2019121001006391,KBL,34,51,35,183.00,"6,405.00"
2019-12-10,2019121001006251,KBL,41,55,300,182.00,"54,600.00"
2019-12-10,2019121001006070,KBL,41,25,500,182.00,"91,000.00"
2019-12-10,2019121001006288,KKHC,58,57,10,54.00,540.00
2019-12-10,2019121001006022,KSBBL,56,59,77,137.00,"10,549.00"
2019-12-10,2019121001006021,KSBBL,56,21,23,137.00,"3,151.00"
2019-12-10,2019121001006458,LBBL,1,57,577,186.00,"107,322.00"
2019-12-10,2019121001006457,LBBL,1,21,36,186.00,"6,696.00"
2019-12-10,2019121001006456,LBBL,1,52,54,186.00,"10,044.00"
2019-12-10,2019121001006455,LBBL,1,38,"1,000",186.00,"186,000.00"
2019-12-10,2019121001006375,LBBL,25,22,500,185.00,"92,500.00"
2019-12-10,2019121001006242,LBBL,50,17,330,184.00,"60,720.00"
2019-12-10,2019121001006241,LBBL,50,38,670,184.00,"123,280.00"
2019-12-10,2019121001006062,LBBL,1,26,633,183.00,"115,839.00"
2019-12-10,2019121001006061,LBBL,1,29,500,183.00,"91,500.00"
2019-12-10,2019121001006060,LBBL,1,57,200,183.00,"36,600.00"
2019-12-10,2019121001006368,LBBL,25,50,"1,000",185.00,"185,000.00"
2019-12-10,2019121001006367,LBBL,25,6,500,185.00,"92,500.00"
2019-12-10,2019121001006346,LBBL,33,25,500,185.00,"92,500.00"
2019-12-10,2019121001006258,LBBL,25,46,200,184.00,"36,800.00"
2019-12-10,2019121001006257,LBBL,25,56,"1,000",184.00,"184,000.00"
2019-12-10,2019121001006256,LBBL,25,17,170,184.00,"31,280.00"
2019-12-10,2019121001006374,LBBL,25,25,200,185.00,"37,000.00"
2019-12-10,2019121001006373,LBBL,25,39,300,185.00,"55,500.00"
2019-12-10,2019121001006372,LBBL,25,44,500,185.00,"92,500.00"
2019-12-10,2019121001006371,LBBL,25,45,200,185.00,"37,000.00"
2019-12-10,2019121001006370,LBBL,25,41,225,185.00,"41,625.00"
2019-12-10,2019121001006369,LBBL,25,25,200,185.00,"37,000.00"
2019-12-10,2019121001006218,LICN,25,26,10,989.00,"9,890.00"
2019-12-10,2019121001006125,MDB,38,49,860,243.00,"208,980.00"
2019-12-10,2019121001006036,MDB,38,45,140,243.00,"34,020.00"
2019-12-10,2019121001005990,MDB,43,49,196,244.00,"47,824.00"
2019-12-10,2019121001005989,MDB,34,49,109,244.00,"26,596.00"
2019-12-10,2019121001006453,MLBBL,55,37,127,534.00,"67,818.00"
2019-12-10,2019121001006452,MLBBL,55,59,150,534.00,"80,100.00"
2019-12-10,2019121001006419,MLBBL,32,41,11,533.00,"5,863.00"
2019-12-10,2019121001006396,MLBBL,55,45,200,530.00,"106,000.00"
2019-12-10,2019121001006378,MLBBL,32,22,200,529.00,"105,800.00"
2019-12-10,2019121001006354,MLBBL,32,42,100,527.00,"52,700.00"
2019-12-10,2019121001006165,MLBBL,32,1,45,525.00,"23,625.00"
2019-12-10,2019121001006413,MNBBL,22,57,74,277.00,"20,498.00"
2019-12-10,2019121001006015,MNBBL,39,57,76,278.00,"21,128.00"
2019-12-10,2019121001006031,MNBBL,36,57,100,277.00,"27,700.00"
2019-12-10,2019121001006030,MNBBL,22,57,500,277.00,"138,500.00"
2019-12-10,2019121001006029,MNBBL,47,57,200,277.00,"55,400.00"
2019-12-10,2019121001006028,MNBBL,6,57,50,277.00,"13,850.00"
2019-12-10,2019121001006017,MNBBL,6,57,"1,000",278.00,"278,000.00"
2019-12-10,2019121001006016,MNBBL,52,57,200,278.00,"55,600.00"
2019-12-10,2019121001006032,MNBBL,22,57,800,277.00,"221,600.00"
2019-12-10,2019121001006183,MSMBS,32,39,104,534.00,"55,536.00"
2019-12-10,2019121001006035,NABIL,11,14,48,741.00,"35,568.00"
2019-12-10,2019121001006034,NABIL,7,14,42,741.00,"31,122.00"
2019-12-10,2019121001006033,NABIL,39,14,210,741.00,"155,610.00"
2019-12-10,2019121001006450,NADEP,1,49,50,455.00,"22,750.00"
2019-12-10,2019121001006363,NADEP,1,45,10,455.00,"4,550.00"
2019-12-10,2019121001006038,NADEP,45,40,20,452.00,"9,040.00"
2019-12-10,2019121001006446,NBB,45,21,61,202.00,"12,322.00"
2019-12-10,2019121001006423,NBB,34,16,50,203.00,"10,150.00"
2019-12-10,2019121001006389,NBB,29,16,351,203.00,"71,253.00"
2019-12-10,2019121001006388,NBB,29,16,649,203.00,"131,747.00"
2019-12-10,2019121001006356,NBB,29,16,351,203.00,"71,253.00"
2019-12-10,2019121001006355,NBB,29,13,649,203.00,"131,747.00"
2019-12-10,2019121001005992,NBB,59,28,437,203.00,"88,711.00"
2019-12-10,2019121001006235,NBB,45,13,241,202.00,"48,682.00"
2019-12-10,2019121001006234,NBB,45,13,759,202.00,"153,318.00"
2019-12-10,2019121001006083,NBB,42,13,200,203.00,"40,600.00"
2019-12-10,2019121001006008,NBB,59,13,63,203.00,"12,789.00"
2019-12-10,2019121001006395,NBL,1,58,145,313.00,"45,385.00"
2019-12-10,2019121001006394,NBL,8,58,200,313.00,"62,600.00"
2019-12-10,2019121001006393,NBL,48,58,85,313.00,"26,605.00"
2019-12-10,2019121001006392,NBL,21,58,"1,570",313.00,"491,410.00"
2019-12-10,2019121001006014,NBL,11,17,50,314.00,"15,700.00"
2019-12-10,2019121001006475,NCCB,28,7,"1,400",200.00,"280,000.00"
2019-12-10,2019121001006474,NCCB,28,7,200,200.00,"40,000.00"
2019-12-10,2019121001006155,NCCB,28,16,"1,000",200.00,"200,000.00"
2019-12-10,2019121001006127,NCCB,28,16,"1,000",200.00,"200,000.00"
2019-12-10,2019121001006018,NCCB,42,51,200,201.00,"40,200.00"
2019-12-10,2019121001006397,NGPL,26,17,11,111.00,"1,221.00"
2019-12-10,2019121001006196,NHDL,49,35,200,108.00,"21,600.00"
2019-12-10,2019121001006289,NIB,8,56,50,426.00,"21,300.00"
2019-12-10,2019121001006263,NIB,38,4,30,428.00,"12,840.00"
2019-12-10,2019121001006262,NIB,38,57,100,427.00,"42,700.00"
2019-12-10,2019121001006232,NIB,8,52,250,426.00,"106,500.00"
2019-12-10,2019121001005982,NIB,58,4,50,428.00,"21,400.00"
2019-12-10,2019121001006408,NICA,45,4,300,409.00,"122,700.00"
2019-12-10,2019121001006297,NICA,46,57,13,411.00,"5,343.00"
2019-12-10,2019121001006275,NICA,45,19,200,409.00,"81,800.00"
2019-12-10,2019121001006249,NICA,41,51,27,410.00,"11,070.00"
2019-12-10,2019121001006239,NICA,41,19,650,410.00,"266,500.00"
2019-12-10,2019121001006238,NICA,41,56,160,410.00,"65,600.00"
2019-12-10,2019121001006075,NICA,41,38,225,410.00,"92,250.00"
2019-12-10,2019121001006074,NICA,41,11,881,410.00,"361,210.00"
2019-12-10,2019121001006073,NICA,41,4,"1,535",409.00,"627,815.00"
2019-12-10,2019121001005983,NICA,52,4,400,409.00,"163,600.00"
2019-12-10,2019121001006203,NICA,41,4,200,410.00,"82,000.00"
2019-12-10,2019121001006098,NICA,7,57,10,411.00,"4,110.00"
2019-12-10,2019121001006081,NICA,46,57,14,411.00,"5,754.00"
2019-12-10,2019121001006078,NICA,41,32,30,410.00,"12,300.00"
2019-12-10,2019121001006077,NICA,41,41,86,410.00,"35,260.00"
2019-12-10,2019121001006076,NICA,41,3,203,410.00,"83,230.00"
2019-12-10,2019121001006228,NICL,1,6,500,279.00,"139,500.00"
2019-12-10,2019121001006333,NIL,38,46,500,390.00,"195,000.00"
2019-12-10,2019121001006007,NIL,38,48,154,389.00,"59,906.00"
2019-12-10,2019121001006359,NLBBL,16,47,350,559.00,"195,650.00"
2019-12-10,2019121001006358,NLBBL,16,25,36,558.00,"20,088.00"
2019-12-10,2019121001006175,NLBBL,33,57,37,556.00,"20,572.00"
2019-12-10,2019121001006142,NLBBL,33,58,100,556.00,"55,600.00"
2019-12-10,2019121001006082,NLBBL,32,16,30,557.00,"16,710.00"
2019-12-10,2019121001006044,NLBBL,32,16,420,557.00,"233,940.00"
2019-12-10,2019121001005984,NLBBL,32,58,80,557.00,"44,560.00"
2019-12-10,2019121001006019,NLG,58,22,10,560.00,"5,600.00"
2019-12-10,2019121001006013,NLG,34,19,10,550.00,"5,500.00"
2019-12-10,2019121001006353,NLIC,32,51,140,880.00,"123,200.00"
2019-12-10,2019121001006352,NLIC,32,5,390,880.00,"343,200.00"
2019-12-10,2019121001006240,NLIC,10,5,100,880.00,"88,000.00"
2019-12-10,2019121001006231,NLIC,34,17,50,879.00,"43,950.00"
2019-12-10,2019121001006195,NLIC,19,5,10,880.00,"8,800.00"
2019-12-10,2019121001006194,NLIC,19,5,190,880.00,"167,200.00"
2019-12-10,2019121001006174,NLIC,1,5,400,880.00,"352,000.00"
2019-12-10,2019121001006120,NLIC,34,25,20,879.00,"17,580.00"
2019-12-10,2019121001006119,NLIC,16,25,80,879.00,"70,320.00"
2019-12-10,2019121001006009,NLIC,16,26,20,879.00,"17,580.00"
2019-12-10,2019121001006470,NMB,51,44,460,389.00,"178,940.00"
2019-12-10,2019121001006469,NMB,20,44,"2,000",389.00,"778,000.00"
2019-12-10,2019121001006468,NMB,40,44,100,389.00,"38,900.00"
2019-12-10,2019121001006467,NMB,38,44,100,389.00,"38,900.00"
2019-12-10,2019121001006466,NMB,38,44,150,389.00,"58,350.00"
2019-12-10,2019121001006465,NMB,22,44,150,389.00,"58,350.00"
2019-12-10,2019121001005993,NMB,49,16,340,390.00,"132,600.00"
2019-12-10,2019121001006184,NMB,44,39,11,389.00,"4,279.00"
2019-12-10,2019121001006169,NMB,8,44,540,390.00,"210,600.00"
2019-12-10,2019121001006079,NMB,11,59,400,391.00,"156,400.00"
2019-12-10,2019121001006066,NMB,8,22,100,390.00,"39,000.00"
2019-12-10,2019121001006065,NMB,8,16,100,390.00,"39,000.00"
2019-12-10,2019121001006064,NMB,8,16,"1,260",390.00,"491,400.00"
2019-12-10,2019121001006426,NMB,13,44,210,389.00,"81,690.00"
2019-12-10,2019121001006425,NMB,29,44,100,389.00,"38,900.00"
2019-12-10,2019121001006424,NMB,44,44,948,389.00,"368,772.00"
2019-12-10,2019121001006351,NMB,7,44,100,390.00,"39,000.00"
2019-12-10,2019121001006328,NMB,39,44,40,390.00,"15,600.00"
2019-12-10,2019121001006285,NMB,1,44,62,390.00,"24,180.00"
2019-12-10,2019121001006464,NMB,19,44,500,389.00,"194,500.00"
2019-12-10,2019121001006463,NMB,19,44,500,389.00,"194,500.00"
2019-12-10,2019121001006462,NMB,33,44,100,389.00,"38,900.00"
2019-12-10,2019121001006461,NMB,29,44,500,389.00,"194,500.00"
2019-12-10,2019121001006460,NMB,54,44,150,389.00,"58,350.00"
2019-12-10,2019121001006459,NMB,13,44,290,389.00,"112,810.00"
2019-12-10,2019121001006193,NMFBS,33,29,30,"1,280.00","38,400.00"
2019-12-10,2019121001006192,NMFBS,33,45,70,"1,275.00","89,250.00"
2019-12-10,2019121001006191,NMFBS,33,25,51,"1,270.00","64,770.00"
2019-12-10,2019121001006166,NMFBS,33,16,20,"1,269.00","25,380.00"
2019-12-10,2019121001006020,NMFBS,33,16,20,"1,255.00","25,100.00"
2019-12-10,2019121001006005,NTC,54,25,10,651.00,"6,510.00"
2019-12-10,2019121001006004,NTC,29,25,20,651.00,"13,020.00"
2019-12-10,2019121001006317,NTC,54,43,40,651.00,"26,040.00"
2019-12-10,2019121001006108,NTC,19,43,100,652.00,"65,200.00"
2019-12-10,2019121001006068,NUBL,57,58,10,965.00,"9,650.00"
2019-12-10,2019121001005991,NUBL,57,1,12,965.00,"11,580.00"
2019-12-10,2019121001006439,OHL,38,58,10,438.00,"4,380.00"
2019-12-10,2019121001006399,OHL,45,54,60,432.00,"25,920.00"
2019-12-10,2019121001006398,OHL,41,54,911,433.00,"394,463.00"
2019-12-10,2019121001006255,OHL,57,16,160,435.00,"69,600.00"
2019-12-10,2019121001006254,OHL,38,16,100,436.00,"43,600.00"
2019-12-10,2019121001006340,PCBL,19,28,100,277.00,"27,700.00"
2019-12-10,2019121001006473,PIC,57,28,300,394.00,"118,200.00"
2019-12-10,2019121001006141,PIC,38,25,100,395.00,"39,500.00"
2019-12-10,2019121001006140,PIC,38,6,200,395.00,"79,000.00"
2019-12-10,2019121001006415,PLIC,45,11,400,345.00,"138,000.00"
2019-12-10,2019121001006290,PLIC,26,50,125,340.00,"42,500.00"
2019-12-10,2019121001006217,PLIC,26,55,62,340.00,"21,080.00"
2019-12-10,2019121001006216,PLIC,11,55,50,341.00,"17,050.00"
2019-12-10,2019121001006304,PPCL,45,39,10,104.00,"1,040.00"
2019-12-10,2019121001006037,PPCL,45,54,100,104.00,"10,400.00"
2019-12-10,2019121001006329,PROFL,59,45,100,95.00,"9,500.00"
2019-12-10,2019121001006326,PRVU,29,58,"1,000",226.00,"226,000.00"
2019-12-10,2019121001006162,PRVU,57,58,500,226.00,"113,000.00"
2019-12-10,2019121001006046,PRVU,57,58,637,226.00,"143,962.00"
2019-12-10,2019121001006045,PRVU,57,49,"2,363",226.00,"534,038.00"
2019-12-10,2019121001006437,RBCL,49,49,14,"8,101.00","113,414.00"
2019-12-10,2019121001006472,RHPL,59,45,40,171.00,"6,840.00"
2019-12-10,2019121001006471,RHPL,59,45,40,171.00,"6,840.00"
2019-12-10,2019121001006377,RHPL,59,45,40,171.00,"6,840.00"
2019-12-10,2019121001006350,RHPL,59,45,40,171.00,"6,840.00"
2019-12-10,2019121001006349,RHPL,39,45,10,172.00,"1,720.00"
2019-12-10,2019121001006309,RHPL,59,39,30,171.00,"5,130.00"
2019-12-10,2019121001006106,RHPL,45,8,20,172.00,"3,440.00"
2019-12-10,2019121001005981,RHPL,59,39,70,171.00,"11,970.00"
2019-12-10,2019121001005980,RHPL,11,39,20,171.00,"3,420.00"
2019-12-10,2019121001005979,RHPL,17,39,80,172.00,"13,760.00"
2019-12-10,2019121001006305,RHPL,59,45,40,171.00,"6,840.00"
2019-12-10,2019121001006269,RHPL,59,45,40,171.00,"6,840.00"
2019-12-10,2019121001006247,RHPL,59,45,40,171.00,"6,840.00"
2019-12-10,2019121001006245,RHPL,59,45,40,171.00,"6,840.00"
2019-12-10,2019121001006210,RHPL,59,45,40,171.00,"6,840.00"
2019-12-10,2019121001006107,RHPL,45,39,100,172.00,"17,200.00"
2019-12-10,2019121001006293,RLFL,7,16,42,109.00,"4,578.00"
2019-12-10,2019121001006436,RMDC,58,1,10,639.00,"6,390.00"
2019-12-10,2019121001006366,RMDC,58,6,15,630.00,"9,450.00"
2019-12-10,2019121001006171,RMDC,50,59,51,625.00,"31,875.00"
2019-12-10,2019121001005988,RMDC,50,42,22,625.00,"13,750.00"
2019-12-10,2019121001005987,RMDC,58,42,13,625.00,"8,125.00"
2019-12-10,2019121001006094,RSDC,45,51,300,321.00,"96,300.00"
2019-12-10,2019121001006380,SABSL,48,45,10,545.00,"5,450.00"
2019-12-10,2019121001006362,SABSL,48,45,10,545.00,"5,450.00"
2019-12-10,2019121001006122,SABSL,39,38,50,544.00,"27,200.00"
2019-12-10,2019121001006454,SBL,16,34,300,289.00,"86,700.00"
2019-12-10,2019121001006268,SBL,16,25,51,289.00,"14,739.00"
2019-12-10,2019121001006208,SBL,52,57,146,289.00,"42,194.00"
2019-12-10,2019121001006093,SBL,7,25,150,290.00,"43,500.00"
2019-12-10,2019121001006159,SCB,34,48,25,537.00,"13,425.00"
2019-12-10,2019121001006126,SDESI,38,37,167,575.00,"96,025.00"
2019-12-10,2019121001006233,SHINE,14,4,20,227.00,"4,540.00"
2019-12-10,2019121001006011,SHINE,58,54,11,226.00,"2,486.00"
2019-12-10,2019121001006182,SHINE,38,35,475,226.00,"107,350.00"
2019-12-10,2019121001006144,SHINE,38,50,764,226.00,"172,664.00"
2019-12-10,2019121001006286,SHIVM,49,35,25,384.00,"9,600.00"
2019-12-10,2019121001005976,SHIVM,45,21,20,382.00,"7,640.00"
2019-12-10,2019121001006006,SHIVM,47,21,20,382.00,"7,640.00"
2019-12-10,2019121001005999,SHIVM,47,6,78,381.00,"29,718.00"
2019-12-10,2019121001005998,SHIVM,47,6,150,381.00,"57,150.00"
2019-12-10,2019121001005997,SHIVM,47,6,150,381.00,"57,150.00"
2019-12-10,2019121001005996,SHIVM,49,6,142,381.00,"54,102.00"
2019-12-10,2019121001005977,SHIVM,45,21,50,382.00,"19,100.00"
2019-12-10,2019121001006429,SHL,11,1,100,216.00,"21,600.00"
2019-12-10,2019121001006412,SHL,26,1,130,216.00,"28,080.00"
2019-12-10,2019121001006411,SHL,26,49,200,216.00,"43,200.00"
2019-12-10,2019121001006410,SHL,26,47,170,216.00,"36,720.00"
2019-12-10,2019121001006381,SHL,14,54,100,215.00,"21,500.00"
2019-12-10,2019121001006332,SHL,45,19,200,215.00,"43,000.00"
2019-12-10,2019121001006051,SHL,51,5,500,213.00,"106,500.00"
2019-12-10,2019121001006050,SHL,51,5,500,213.00,"106,500.00"
2019-12-10,2019121001006049,SHL,6,5,250,213.00,"53,250.00"
2019-12-10,2019121001006048,SHL,45,5,500,213.00,"106,500.00"
2019-12-10,2019121001006071,SHL,58,7,225,213.00,"47,925.00"
2019-12-10,2019121001006069,SHL,41,14,162,214.00,"34,668.00"
2019-12-10,2019121001006067,SHL,58,49,500,213.00,"106,500.00"
2019-12-10,2019121001006057,SHL,58,5,100,213.00,"21,300.00"
2019-12-10,2019121001006053,SHL,51,5,500,213.00,"106,500.00"
2019-12-10,2019121001006052,SHL,51,5,500,213.00,"106,500.00"
2019-12-10,2019121001006135,SHL,45,25,100,214.00,"21,400.00"
2019-12-10,2019121001006134,SHL,45,25,100,214.00,"21,400.00"
2019-12-10,2019121001006133,SHL,45,16,100,214.00,"21,400.00"
2019-12-10,2019121001006123,SHL,54,5,750,213.00,"159,750.00"
2019-12-10,2019121001006115,SHL,54,5,225,213.00,"47,925.00"
2019-12-10,2019121001006072,SHL,58,5,175,213.00,"37,275.00"
2019-12-10,2019121001006149,SHL,45,20,100,214.00,"21,400.00"
2019-12-10,2019121001006148,SHL,45,53,"1,300",214.00,"278,200.00"
2019-12-10,2019121001006139,SHL,45,53,700,214.00,"149,800.00"
2019-12-10,2019121001006138,SHL,45,20,100,214.00,"21,400.00"
2019-12-10,2019121001006137,SHL,45,48,400,214.00,"85,600.00"
2019-12-10,2019121001006136,SHL,45,17,500,214.00,"107,000.00"
2019-12-10,2019121001006223,SHL,42,48,100,215.00,"21,500.00"
2019-12-10,2019121001006222,SHL,42,25,100,215.00,"21,500.00"
2019-12-10,2019121001006209,SHL,38,10,550,214.00,"117,700.00"
2019-12-10,2019121001006202,SHL,19,5,500,214.00,"107,000.00"
2019-12-10,2019121001006185,SHL,16,5,500,214.00,"107,000.00"
2019-12-10,2019121001006163,SHL,45,8,100,214.00,"21,400.00"
2019-12-10,2019121001006272,SHL,5,33,500,215.00,"107,500.00"
2019-12-10,2019121001006271,SHL,5,48,300,215.00,"64,500.00"
2019-12-10,2019121001006236,SHL,38,58,180,214.00,"38,520.00"
2019-12-10,2019121001006227,SHL,25,48,100,215.00,"21,500.00"
2019-12-10,2019121001006225,SHL,38,11,130,214.00,"27,820.00"
2019-12-10,2019121001006224,SHL,19,11,500,214.00,"107,000.00"
2019-12-10,2019121001006315,SHL,45,51,500,215.00,"107,500.00"
2019-12-10,2019121001006314,SHL,45,22,200,215.00,"43,000.00"
2019-12-10,2019121001006313,SHL,45,21,"1,041",215.00,"223,815.00"
2019-12-10,2019121001006312,SHL,45,42,100,215.00,"21,500.00"
2019-12-10,2019121001006274,SHL,5,42,100,215.00,"21,500.00"
2019-12-10,2019121001006273,SHL,5,33,100,215.00,"21,500.00"
2019-12-10,2019121001006261,SHPC,49,59,37,192.00,"7,104.00"
2019-12-10,2019121001006260,SHPC,49,46,63,192.00,"12,096.00"
2019-12-10,2019121001006043,SHPC,13,16,100,190.00,"19,000.00"
2019-12-10,2019121001006176,SICL,38,54,34,795.00,"27,030.00"
2019-12-10,2019121001006124,SICL,38,54,421,795.00,"334,695.00"
2019-12-10,2019121001006023,SICL,38,26,79,795.00,"62,805.00"
2019-12-10,2019121001006428,SINDU,13,1,200,121.00,"24,200.00"
2019-12-10,2019121001006387,SJCL,40,45,20,159.00,"3,180.00"
2019-12-10,2019121001006376,SJCL,40,45,20,159.00,"3,180.00"
2019-12-10,2019121001006365,SJCL,45,34,250,160.00,"40,000.00"
2019-12-10,2019121001006345,SJCL,39,6,30,160.00,"4,800.00"
2019-12-10,2019121001006321,SJCL,40,39,10,159.00,"1,590.00"
2019-12-10,2019121001006311,SJCL,40,39,20,159.00,"3,180.00"
2019-12-10,2019121001006150,SJCL,45,45,150,160.00,"24,000.00"
2019-12-10,2019121001006001,SJCL,25,8,20,159.00,"3,180.00"
2019-12-10,2019121001006250,SJCL,25,45,20,159.00,"3,180.00"
2019-12-10,2019121001006221,SJCL,25,45,20,159.00,"3,180.00"
2019-12-10,2019121001006154,SJCL,45,17,20,160.00,"3,200.00"
2019-12-10,2019121001006153,SJCL,45,39,200,160.00,"32,000.00"
2019-12-10,2019121001006152,SJCL,45,41,20,160.00,"3,200.00"
2019-12-10,2019121001006151,SJCL,45,55,20,160.00,"3,200.00"
2019-12-10,2019121001006310,SJCL,40,39,10,159.00,"1,590.00"
2019-12-10,2019121001006306,SJCL,40,45,20,159.00,"3,180.00"
2019-12-10,2019121001006284,SJCL,40,39,10,159.00,"1,590.00"
2019-12-10,2019121001006276,SJCL,40,45,20,159.00,"3,180.00"
2019-12-10,2019121001006253,SJCL,40,45,10,159.00,"1,590.00"
2019-12-10,2019121001006252,SJCL,25,45,10,159.00,"1,590.00"
2019-12-10,2019121001006357,SLBBL,53,22,200,565.00,"113,000.00"
2019-12-10,2019121001006000,SLBSL,55,55,10,612.00,"6,120.00"
2019-12-10,2019121001006451,SLICL,39,56,75,274.00,"20,550.00"
2019-12-10,2019121001006104,SLICL,39,56,89,274.00,"24,386.00"
2019-12-10,2019121001006063,SLICL,49,25,50,272.00,"13,600.00"
2019-12-10,2019121001006027,SLICL,49,57,58,272.00,"15,776.00"
2019-12-10,2019121001006026,SLICL,42,57,20,272.00,"5,440.00"
2019-12-10,2019121001006025,SLICL,7,57,42,272.00,"11,424.00"
2019-12-10,2019121001006435,SMB,52,26,90,530.00,"47,700.00"
2019-12-10,2019121001006434,SMB,52,22,80,529.00,"42,320.00"
2019-12-10,2019121001006211,SMB,10,22,20,529.00,"10,580.00"
2019-12-10,2019121001006058,SMB,56,22,100,520.00,"52,000.00"
2019-12-10,2019121001006204,SMB,10,32,30,520.00,"15,600.00"
2019-12-10,2019121001006343,SMFBS,34,53,10,866.00,"8,660.00"
2019-12-10,2019121001006337,SMFBS,42,42,100,880.00,"88,000.00"
2019-12-10,2019121001006301,SMFBS,34,41,150,874.00,"131,100.00"
2019-12-10,2019121001006291,SMFBS,34,34,10,866.00,"8,660.00"
2019-12-10,2019121001006181,SMFDB,51,57,68,642.00,"43,656.00"
2019-12-10,2019121001006180,SMFDB,51,49,107,641.00,"68,587.00"
2019-12-10,2019121001006179,SMFDB,51,52,200,640.00,"128,000.00"
2019-12-10,2019121001006226,SPARS,42,45,10,571.00,"5,710.00"
2019-12-10,2019121001006445,SPDL,45,36,"1,564",87.00,"136,068.00"
2019-12-10,2019121001006307,SPDL,45,17,206,87.00,"17,922.00"
2019-12-10,2019121001006448,STC,19,38,103,"1,437.00","148,011.00"
2019-12-10,2019121001006447,STC,19,22,20,"1,435.00","28,700.00"
2019-12-10,2019121001006156,STC,49,51,500,"1,439.00","719,500.00"
2019-12-10,2019121001006386,SWBBL,50,25,500,"1,020.00","510,000.00"
2019-12-10,2019121001006385,SWBBL,50,16,51,"1,020.00","52,020.00"
2019-12-10,2019121001006384,SWBBL,50,34,50,"1,020.00","51,000.00"
2019-12-10,2019121001006383,SWBBL,50,56,10,"1,020.00","10,200.00"
2019-12-10,2019121001006296,SWBBL,50,32,25,"1,014.00","25,350.00"
2019-12-10,2019121001006248,SWBBL,50,32,25,"1,014.00","25,350.00"
2019-12-10,2019121001006056,SWBBL,50,47,62,"1,012.00","62,744.00"
2019-12-10,2019121001006433,TMDBL,57,21,45,143.00,"6,435.00"
2019-12-10,2019121001006347,UIC,49,58,10,233.00,"2,330.00"
2019-12-10,2019121001006342,UIC,6,58,30,237.00,"7,110.00"
2019-12-10,2019121001006161,UIC,29,58,200,237.00,"47,400.00"
2019-12-10,2019121001006132,UIC,49,58,500,233.00,"116,500.00"
2019-12-10,2019121001006131,UIC,51,58,200,235.00,"47,000.00"
2019-12-10,2019121001006130,UIC,14,58,100,237.00,"23,700.00"
2019-12-10,2019121001006129,UIC,41,58,10,237.00,"2,370.00"
2019-12-10,2019121001006041,UIC,41,22,20,237.00,"4,740.00"
2019-12-10,2019121001006040,UIC,55,22,30,238.00,"7,140.00"
2019-12-10,2019121001006270,UMHL,56,43,14,102.00,"1,428.00"
2019-12-10,2019121001006099,UNHPL,34,14,50,54.00,"2,700.00"
2019-12-10,2019121001006024,UNHPL,34,56,50,54.00,"2,700.00"
2019-12-10,2019121001006417,UPPER,43,17,50,233.00,"11,650.00"
2019-12-10,2019121001006158,UPPER,33,14,10,234.00,"2,340.00"
2019-12-10,2019121001006157,UPPER,33,8,50,233.00,"11,650.00"
2019-12-10,2019121001006379,VLBS,34,5,50,674.00,"33,700.00"
2019-12-10,2019121001006364,VLBS,34,21,100,673.00,"67,300.00"
2019-12-10,2019121001006117,VLBS,32,34,121,670.00,"81,070.00"
2019-12-10,2019121001006116,VLBS,32,14,13,670.00,"8,710.00"
2019-12-10,2019121001006059,VLBS,42,33,200,665.00,"133,000.00"
2019-12-10,2019121001005932,ADBL,41,36,552,414.00,"228,528.00"
2019-12-10,2019121001005931,ADBL,34,36,100,414.00,"41,400.00"
2019-12-10,2019121001005930,ADBL,38,36,50,414.00,"20,700.00"
2019-12-10,2019121001005929,ADBL,21,36,300,414.00,"124,200.00"
2019-12-10,2019121001005928,ADBL,11,36,500,414.00,"207,000.00"
2019-12-10,2019121001005927,ADBL,41,36,50,414.00,"20,700.00"
2019-12-10,2019121001005609,ADBL,22,4,615,415.00,"255,225.00"
2019-12-10,2019121001005608,ADBL,22,51,385,415.00,"159,775.00"
2019-12-10,2019121001005784,ADBL,46,58,155,414.00,"64,170.00"
2019-12-10,2019121001005783,ADBL,50,58,50,414.00,"20,700.00"
2019-12-10,2019121001005782,ADBL,40,58,95,414.00,"39,330.00"
2019-12-10,2019121001005687,ADBL,25,4,185,415.00,"76,775.00"
2019-12-10,2019121001005674,ADBL,17,4,100,415.00,"41,500.00"
2019-12-10,2019121001005659,ADBL,58,4,100,415.00,"41,500.00"
2019-12-10,2019121001005926,ADBL,46,36,345,414.00,"142,830.00"
2019-12-10,2019121001005925,ADBL,58,36,100,415.00,"41,500.00"
2019-12-10,2019121001005861,ADBL,35,49,700,415.00,"290,500.00"
2019-12-10,2019121001005860,ADBL,44,49,300,415.00,"124,500.00"
2019-12-10,2019121001005826,ADBL,44,1,200,415.00,"83,000.00"
2019-12-10,2019121001005825,ADBL,44,4,500,415.00,"207,500.00"
2019-12-10,2019121001005748,AHPC,28,52,"1,300",97.00,"126,100.00"
2019-12-10,2019121001005746,AHPC,22,45,50,98.00,"4,900.00"
2019-12-10,2019121001005745,AHPC,22,37,100,98.00,"9,800.00"
2019-12-10,2019121001005600,AHPC,55,52,363,97.00,"35,211.00"
2019-12-10,2019121001005839,AKBSL,43,39,10,465.00,"4,650.00"
2019-12-10,2019121001005747,AKBSL,34,29,10,463.00,"4,630.00"
2019-12-10,2019121001005671,AKBSL,34,34,452,463.00,"209,276.00"
2019-12-10,2019121001005603,AKBSL,45,41,50,468.00,"23,400.00"
2019-12-10,2019121001005582,AKBSL,38,40,20,461.00,"9,220.00"
2019-12-10,2019121001005558,AKBSL,38,21,10,461.00,"4,610.00"
2019-12-10,2019121001005540,AKBSL,43,21,10,461.00,"4,610.00"
2019-12-10,2019121001005917,ALBSL,56,41,10,457.00,"4,570.00"
2019-12-10,2019121001005916,ALBSL,56,6,10,456.00,"4,560.00"
2019-12-10,2019121001005915,ALBSL,56,46,80,455.00,"36,400.00"
2019-12-10,2019121001005824,ALBSL,56,39,10,452.00,"4,520.00"
2019-12-10,2019121001005834,ALICL,50,40,190,345.00,"65,550.00"
2019-12-10,2019121001005904,API,7,25,"1,000",105.00,"105,000.00"
2019-12-10,2019121001005898,API,7,8,17,105.00,"1,785.00"
2019-12-10,2019121001005830,API,7,39,11,105.00,"1,155.00"
2019-12-10,2019121001005935,BPCL,16,5,500,357.00,"178,500.00"
2019-12-10,2019121001005921,BPCL,41,25,10,356.00,"3,560.00"
2019-12-10,2019121001005920,BPCL,11,5,100,357.00,"35,700.00"
2019-12-10,2019121001005919,BPCL,40,5,78,357.00,"27,846.00"
2019-12-10,2019121001005852,BPCL,40,44,22,357.00,"7,854.00"
2019-12-10,2019121001005778,BPCL,58,17,78,358.00,"27,924.00"
2019-12-10,2019121001005777,BPCL,58,17,68,358.00,"24,344.00"
2019-12-10,2019121001005776,BPCL,58,7,10,358.00,"3,580.00"
2019-12-10,2019121001005656,BPCL,45,25,50,359.00,"17,950.00"
2019-12-10,2019121001005551,BPCL,44,25,15,359.00,"5,385.00"
2019-12-10,2019121001005729,CBL,38,19,100,137.00,"13,700.00"
2019-12-10,2019121001005587,CBL,25,59,238,136.00,"32,368.00"
2019-12-10,2019121001005962,CCBL,41,10,955,165.00,"157,575.00"
2019-12-10,2019121001005907,CCBL,41,39,500,165.00,"82,500.00"
2019-12-10,2019121001005770,CCBL,41,59,43,165.00,"7,095.00"
2019-12-10,2019121001005698,CCBL,41,59,257,165.00,"42,405.00"
2019-12-10,2019121001005670,CCBL,41,39,49,165.00,"8,085.00"
2019-12-10,2019121001005613,CCBL,41,52,100,165.00,"16,500.00"
2019-12-10,2019121001005597,CCBL,41,6,98,165.00,"16,170.00"
2019-12-10,2019121001005566,CCBL,41,7,500,165.00,"82,500.00"
2019-12-10,2019121001005855,CHCL,19,34,153,359.00,"54,927.00"
2019-12-10,2019121001005743,CHCL,48,44,100,358.00,"35,800.00"
2019-12-10,2019121001005741,CHCL,19,34,747,359.00,"268,173.00"
2019-12-10,2019121001005612,CHCL,19,59,13,359.00,"4,667.00"
2019-12-10,2019121001005611,CHCL,6,59,85,360.00,"30,600.00"
2019-12-10,2019121001005572,CHCL,6,58,65,360.00,"23,400.00"
2019-12-10,2019121001005571,CHCL,5,58,93,360.00,"33,480.00"
2019-12-10,2019121001005487,CHCL,5,44,107,360.00,"38,520.00"
2019-12-10,2019121001005938,CIT,54,42,10,"1,730.00","17,300.00"
2019-12-10,2019121001005673,CIT,22,59,66,"1,732.00","114,312.00"
2019-12-10,2019121001005639,CIT,22,21,22,"1,732.00","38,104.00"
2019-12-10,2019121001005629,CIT,22,21,12,"1,732.00","20,784.00"
2019-12-10,2019121001005628,CIT,57,21,100,"1,733.00","173,300.00"
2019-12-10,2019121001005627,CIT,57,21,53,"1,735.00","91,955.00"
2019-12-10,2019121001005549,CIT,57,52,10,"1,735.00","17,350.00"
2019-12-10,2019121001005700,CZBIL,37,40,10,184.00,"1,840.00"
2019-12-10,2019121001005648,CZBIL,40,56,100,185.00,"18,500.00"
2019-12-10,2019121001005647,CZBIL,1,56,400,185.00,"74,000.00"
2019-12-10,2019121001005646,CZBIL,5,56,22,185.00,"4,070.00"
2019-12-10,2019121001005645,CZBIL,34,56,50,185.00,"9,250.00"
2019-12-10,2019121001005644,CZBIL,26,56,200,185.00,"37,000.00"
2019-12-10,2019121001005643,CZBIL,55,56,200,185.00,"37,000.00"
2019-12-10,2019121001005642,CZBIL,45,56,177,185.00,"32,745.00"
2019-12-10,2019121001005948,DBBL,56,16,26,124.00,"3,224.00"
2019-12-10,2019121001005947,DBBL,56,16,230,124.00,"28,520.00"
2019-12-10,2019121001005946,DBBL,25,16,500,124.00,"62,000.00"
2019-12-10,2019121001005945,DBBL,57,16,130,124.00,"16,120.00"
2019-12-10,2019121001005944,DBBL,42,16,30,124.00,"3,720.00"
2019-12-10,2019121001005943,DBBL,59,16,500,124.00,"62,000.00"
2019-12-10,2019121001005942,DBBL,59,16,500,124.00,"62,000.00"
2019-12-10,2019121001005941,DBBL,29,16,167,124.00,"20,708.00"
2019-12-10,2019121001005740,DDBL,43,26,50,791.00,"39,550.00"
2019-12-10,2019121001005739,DDBL,43,26,50,791.00,"39,550.00"
2019-12-10,2019121001005520,EBL,44,51,230,556.00,"127,880.00"
2019-12-10,2019121001005522,EBL,44,38,715,556.00,"397,540.00"
2019-12-10,2019121001005521,EBL,44,42,55,556.00,"30,580.00"
2019-12-10,2019121001005676,EBL,48,39,36,551.00,"19,836.00"
2019-12-10,2019121001005675,EBL,48,39,70,551.00,"38,570.00"
2019-12-10,2019121001005602,EIC,42,5,500,233.00,"116,500.00"
2019-12-10,2019121001005922,FMDBL,38,42,25,315.00,"7,875.00"
2019-12-10,2019121001005561,FMDBL,38,51,100,320.00,"32,000.00"
2019-12-10,2019121001005640,FOWAD,33,45,121,"1,375.00","166,375.00"
2019-12-10,2019121001005828,GBBL,13,51,15,205.00,"3,075.00"
2019-12-10,2019121001005913,GBLBS,49,40,33,309.00,"10,197.00"
2019-12-10,2019121001005912,GBLBS,56,40,50,309.00,"15,450.00"
2019-12-10,2019121001005490,GFCL,36,52,10,131.00,"1,310.00"
2019-12-10,2019121001005895,GGBSL,11,56,10,617.00,"6,170.00"
2019-12-10,2019121001005578,GGBSL,28,32,10,611.00,"6,110.00"
2019-12-10,2019121001005757,GLICL,52,53,100,399.00,"39,900.00"
2019-12-10,2019121001005838,GMFBS,43,39,10,537.00,"5,370.00"
2019-12-10,2019121001005704,GMFBS,43,51,105,537.00,"56,385.00"
2019-12-10,2019121001005703,GMFBS,32,51,25,537.00,"13,425.00"
2019-12-10,2019121001005702,GMFBS,28,51,50,538.00,"26,900.00"
2019-12-10,2019121001005701,GMFBS,28,51,20,538.00,"10,760.00"
2019-12-10,2019121001005626,GRDBL,21,43,200,102.00,"20,400.00"
2019-12-10,2019121001005625,GRDBL,47,43,500,102.00,"51,000.00"
2019-12-10,2019121001005934,HGI,14,42,14,256.00,"3,584.00"
2019-12-10,2019121001005933,HGI,41,42,86,256.00,"22,016.00"
2019-12-10,2019121001005769,HGI,41,45,14,256.00,"3,584.00"
2019-12-10,2019121001005768,HGI,43,45,16,258.00,"4,128.00"
2019-12-10,2019121001005918,HIDCL,45,8,47,132.00,"6,204.00"
2019-12-10,2019121001005850,HIDCL,45,39,33,132.00,"4,356.00"
2019-12-10,2019121001005759,HIDCL,45,19,20,132.00,"2,640.00"
2019-12-10,2019121001005669,HPPL,19,52,130,141.00,"18,330.00"
2019-12-10,2019121001005668,HPPL,19,57,20,141.00,"2,820.00"
2019-12-10,2019121001005667,HPPL,19,45,10,141.00,"1,410.00"
2019-12-10,2019121001005963,ILBS,16,21,110,563.00,"61,930.00"
2019-12-10,2019121001005905,ILBS,22,21,110,563.00,"61,930.00"
2019-12-10,2019121001005847,ILBS,22,39,380,563.00,"213,940.00"
2019-12-10,2019121001005845,ILBS,22,32,10,563.00,"5,630.00"
2019-12-10,2019121001005844,ILBS,50,32,200,563.00,"112,600.00"
2019-12-10,2019121001005843,ILBS,41,32,130,564.00,"73,320.00"
2019-12-10,2019121001005842,ILBS,54,32,290,565.00,"163,850.00"
2019-12-10,2019121001005771,ILBS,54,6,10,565.00,"5,650.00"
2019-12-10,2019121001005624,ILBS,57,35,10,573.00,"5,730.00"
2019-12-10,2019121001005744,JBBL,22,49,68,165.00,"11,220.00"
2019-12-10,2019121001005615,JFL,52,45,50,192.00,"9,600.00"
2019-12-10,2019121001005889,KBL,41,25,150,182.00,"27,300.00"
2019-12-10,2019121001005888,KBL,41,33,41,182.00,"7,462.00"
2019-12-10,2019121001005880,KBL,41,33,65,182.00,"11,830.00"
2019-12-10,2019121001005737,KBL,41,16,250,182.00,"45,500.00"
2019-12-10,2019121001005736,KBL,41,28,300,182.00,"54,600.00"
2019-12-10,2019121001005708,KBL,41,58,500,181.00,"90,500.00"
2019-12-10,2019121001005924,KKHC,42,8,10,53.00,530.00
2019-12-10,2019121001005856,KPCL,4,39,10,82.00,820.00
2019-12-10,2019121001005781,LBBL,46,21,940,182.00,"171,080.00"
2019-12-10,2019121001005780,LBBL,50,21,60,182.00,"10,920.00"
2019-12-10,2019121001005742,LBBL,50,1,200,182.00,"36,400.00"
2019-12-10,2019121001005605,LBBL,50,32,740,182.00,"134,680.00"
2019-12-10,2019121001005604,LBBL,33,32,430,182.00,"78,260.00"
2019-12-10,2019121001005803,LBL,43,42,130,196.00,"25,480.00"
2019-12-10,2019121001005829,LICN,38,14,100,980.00,"98,000.00"
2019-12-10,2019121001005960,MBL,38,16,20,219.00,"4,380.00"
2019-12-10,2019121001005822,MEGA,48,38,122,184.00,"22,448.00"
2019-12-10,2019121001005590,MEGA,8,55,"1,000",184.00,"184,000.00"
2019-12-10,2019121001005589,MEGA,37,55,200,184.00,"36,800.00"
2019-12-10,2019121001005588,MEGA,20,55,50,185.00,"9,250.00"
2019-12-10,2019121001005554,MEGA,20,54,50,185.00,"9,250.00"
2019-12-10,2019121001005599,MEGA,1,59,44,184.00,"8,096.00"
2019-12-10,2019121001005595,MEGA,1,55,408,184.00,"75,072.00"
2019-12-10,2019121001005594,MEGA,16,55,100,184.00,"18,400.00"
2019-12-10,2019121001005593,MEGA,42,55,200,184.00,"36,800.00"
2019-12-10,2019121001005592,MEGA,7,55,42,184.00,"7,728.00"
2019-12-10,2019121001005591,MEGA,14,55,"1,000",184.00,"184,000.00"
2019-12-10,2019121001005794,MEGA,22,38,100,184.00,"18,400.00"
2019-12-10,2019121001005787,MEGA,22,38,50,184.00,"9,200.00"
2019-12-10,2019121001005705,MEGA,1,38,48,184.00,"8,832.00"
2019-12-10,2019121001005956,MERO,58,39,10,442.00,"4,420.00"
2019-12-10,2019121001005940,MERO,11,39,100,444.00,"44,400.00"
2019-12-10,2019121001005939,MERO,55,39,90,445.00,"40,050.00"
2019-12-10,2019121001005914,MERO,55,49,10,445.00,"4,450.00"
2019-12-10,2019121001005897,MERO,33,49,10,445.00,"4,450.00"
2019-12-10,2019121001005885,MERO,44,49,20,445.00,"8,900.00"
2019-12-10,2019121001005579,MERO,19,19,197,446.00,"87,862.00"
2019-12-10,2019121001005565,MERO,19,19,303,446.00,"135,138.00"
2019-12-10,2019121001005564,MERO,55,19,50,447.00,"22,350.00"
2019-12-10,2019121001005563,MERO,17,19,30,448.00,"13,440.00"
2019-12-10,2019121001005562,MERO,52,19,117,448.00,"52,416.00"
2019-12-10,2019121001005785,MERO,40,19,163,445.00,"72,535.00"
2019-12-10,2019121001005601,MERO,40,19,217,445.00,"96,565.00"
2019-12-10,2019121001005581,MERO,40,19,283,445.00,"125,935.00"
2019-12-10,2019121001005580,MERO,42,19,20,445.00,"8,900.00"
2019-12-10,2019121001005618,MFIL,45,19,"2,002",128.00,"256,256.00"
2019-12-10,2019121001005851,MLBBL,34,20,60,518.00,"31,080.00"
2019-12-10,2019121001005758,MLBBL,34,16,100,517.00,"51,700.00"
2019-12-10,2019121001005754,MLBBL,32,20,100,518.00,"51,800.00"
2019-12-10,2019121001005672,MLBBL,55,25,50,519.00,"25,950.00"
2019-12-10,2019121001005617,MLBBL,21,1,10,525.00,"5,250.00"
2019-12-10,2019121001005734,MLBL,1,52,10,178.00,"1,780.00"
2019-12-10,2019121001005723,MLBL,1,41,249,176.00,"43,824.00"
2019-12-10,2019121001005891,MNBBL,1,34,50,279.00,"13,950.00"
2019-12-10,2019121001005871,MNBBL,1,50,50,279.00,"13,950.00"
2019-12-10,2019121001005853,MNBBL,36,50,50,279.00,"13,950.00"
2019-12-10,2019121001005818,NABIL,39,26,100,741.00,"74,100.00"
2019-12-10,2019121001005805,NABIL,22,36,50,742.00,"37,100.00"
2019-12-10,2019121001005683,NABIL,45,36,50,742.00,"37,100.00"
2019-12-10,2019121001005679,NABIL,39,19,190,741.00,"140,790.00"
2019-12-10,2019121001005678,NABIL,20,19,250,741.00,"185,250.00"
2019-12-10,2019121001005677,NABIL,16,19,60,741.00,"44,460.00"
2019-12-10,2019121001005664,NABIL,16,29,40,741.00,"29,640.00"
2019-12-10,2019121001005663,NABIL,49,29,30,741.00,"22,230.00"
2019-12-10,2019121001005846,NADEP,45,49,10,452.00,"4,520.00"
2019-12-10,2019121001005836,NADEP,6,41,10,458.00,"4,580.00"
2019-12-10,2019121001005827,NADEP,45,49,10,452.00,"4,520.00"
2019-12-10,2019121001005792,NADEP,45,49,10,452.00,"4,520.00"
2019-12-10,2019121001005774,NADEP,45,49,10,452.00,"4,520.00"
2019-12-10,2019121001005537,NADEP,21,56,100,456.00,"45,600.00"
2019-12-10,2019121001005637,NADEP,48,48,10,455.00,"4,550.00"
2019-12-10,2019121001005631,NADEP,48,48,10,455.00,"4,550.00"
2019-12-10,2019121001005621,NADEP,48,48,10,455.00,"4,550.00"
2019-12-10,2019121001005614,NADEP,48,48,10,455.00,"4,550.00"
2019-12-10,2019121001005610,NADEP,48,48,10,455.00,"4,550.00"
2019-12-10,2019121001005657,NADEP,45,48,10,452.00,"4,520.00"
2019-12-10,2019121001005651,NADEP,45,49,126,452.00,"56,952.00"
2019-12-10,2019121001005650,NADEP,5,49,20,455.00,"9,100.00"
2019-12-10,2019121001005649,NADEP,48,49,140,455.00,"63,700.00"
2019-12-10,2019121001005641,NADEP,48,48,10,455.00,"4,550.00"
2019-12-10,2019121001005755,NADEP,45,49,10,452.00,"4,520.00"
2019-12-10,2019121001005541,NBB,45,49,100,202.00,"20,200.00"
2019-12-10,2019121001005518,NBB,36,28,170,203.00,"34,510.00"
2019-12-10,2019121001005874,NBL,49,17,685,314.00,"215,090.00"
2019-12-10,2019121001005873,NBL,49,5,615,314.00,"193,110.00"
2019-12-10,2019121001005849,NBL,21,51,430,313.00,"134,590.00"
2019-12-10,2019121001005848,NBL,22,51,70,313.00,"21,910.00"
2019-12-10,2019121001005823,NBL,22,40,170,313.00,"53,210.00"
2019-12-10,2019121001005728,NBL,22,51,260,313.00,"81,380.00"
2019-12-10,2019121001005727,NBL,1,51,500,313.00,"156,500.00"
2019-12-10,2019121001005726,NBL,59,51,100,313.00,"31,300.00"
2019-12-10,2019121001005725,NBL,17,51,30,313.00,"9,390.00"
2019-12-10,2019121001005724,NBL,34,51,610,313.00,"190,930.00"
2019-12-10,2019121001005577,NBL,34,26,100,313.00,"31,300.00"
2019-12-10,2019121001005808,NCCB,28,19,11,200.00,"2,200.00"
2019-12-10,2019121001005807,NCCB,28,34,596,200.00,"119,200.00"
2019-12-10,2019121001005753,NCCB,28,34,432,200.00,"86,400.00"
2019-12-10,2019121001005752,NCCB,28,34,205,200.00,"41,000.00"
2019-12-10,2019121001005693,NCCB,28,58,700,200.00,"140,000.00"
2019-12-10,2019121001005585,NCCB,28,56,115,200.00,"23,000.00"
2019-12-10,2019121001005573,NEF,17,29,966,7.50,"7,245.00"
2019-12-10,2019121001005900,NGPL,26,19,60,111.00,"6,660.00"
2019-12-10,2019121001005893,NGPL,22,20,50,111.00,"5,550.00"
2019-12-10,2019121001005965,NIB,58,1,197,427.00,"84,119.00"
2019-12-10,2019121001005955,NIB,25,8,17,426.00,"7,242.00"
2019-12-10,2019121001005806,NIB,46,4,40,428.00,"17,120.00"
2019-12-10,2019121001005534,NIB,25,37,200,426.00,"85,200.00"
2019-12-10,2019121001005696,NIBPO,25,6,50,395.00,"19,750.00"
2019-12-10,2019121001005695,NIBPO,20,6,110,395.00,"43,450.00"
2019-12-10,2019121001005800,NICA,41,4,65,409.00,"26,585.00"
2019-12-10,2019121001005762,NICA,41,29,325,409.00,"132,925.00"
2019-12-10,2019121001005761,NICA,46,29,175,409.00,"71,575.00"
2019-12-10,2019121001005681,NICA,46,39,25,409.00,"10,225.00"
2019-12-10,2019121001005680,NICA,57,39,100,409.00,"40,900.00"
2019-12-10,2019121001005636,NICA,57,39,100,409.00,"40,900.00"
2019-12-10,2019121001005635,NICA,6,39,25,409.00,"10,225.00"
2019-12-10,2019121001005937,NICL,53,25,29,276.00,"8,004.00"
2019-12-10,2019121001005936,NICL,22,25,100,276.00,"27,600.00"
2019-12-10,2019121001005539,NICL,29,36,360,275.00,"99,000.00"
2019-12-10,2019121001005538,NICL,57,36,295,275.00,"81,125.00"
2019-12-10,2019121001005953,NIL,38,42,68,389.00,"26,452.00"
2019-12-10,2019121001005923,NLIC,5,51,10,878.00,"8,780.00"
2019-12-10,2019121001005832,NLIC,26,57,100,878.00,"87,800.00"
2019-12-10,2019121001005831,NLIC,25,57,48,878.00,"42,144.00"
2019-12-10,2019121001005802,NLIC,25,53,62,878.00,"54,436.00"
2019-12-10,2019121001005788,NLIC,38,38,600,878.00,"526,800.00"
2019-12-10,2019121001005775,NLIC,25,53,62,878.00,"54,436.00"
2019-12-10,2019121001005706,NLIC,25,58,10,878.00,"8,780.00"
2019-12-10,2019121001005479,NLIC,25,56,50,878.00,"43,900.00"
2019-12-10,2019121001005858,NLICL,40,47,41,454.00,"18,614.00"
2019-12-10,2019121001005857,NLICL,34,47,59,454.00,"26,786.00"
2019-12-10,2019121001005959,NMB,49,16,"1,200",390.00,"468,000.00"
2019-12-10,2019121001005958,NMB,49,4,460,390.00,"179,400.00"
2019-12-10,2019121001005896,NMB,6,4,500,390.00,"195,000.00"
2019-12-10,2019121001005868,NMB,54,4,40,390.00,"15,600.00"
2019-12-10,2019121001005867,NMB,54,46,10,390.00,"3,900.00"
2019-12-10,2019121001005691,NMB,28,13,542,390.00,"211,380.00"
2019-12-10,2019121001005690,NMB,28,16,400,390.00,"156,000.00"
2019-12-10,2019121001005689,NMB,28,16,617,390.00,"240,630.00"
2019-12-10,2019121001005620,NMB,42,16,100,390.00,"39,000.00"
2019-12-10,2019121001005586,NMB,13,16,25,390.00,"9,750.00"
2019-12-10,2019121001005560,NMB,50,16,458,390.00,"178,620.00"
2019-12-10,2019121001005484,NMB,50,16,542,390.00,"211,380.00"
2019-12-10,2019121001005550,NMBMF,45,51,163,555.00,"90,465.00"
2019-12-10,2019121001005865,NSEWA,55,39,10,431.00,"4,310.00"
2019-12-10,2019121001005598,NSEWA,55,26,10,439.00,"4,390.00"
2019-12-10,2019121001005810,NTC,29,43,20,652.00,"13,040.00"
2019-12-10,2019121001005791,NTC,42,26,80,651.00,"52,080.00"
2019-12-10,2019121001005786,NTC,42,42,50,650.00,"32,500.00"
2019-12-10,2019121001005854,NUBL,48,37,532,967.00,"514,444.00"
2019-12-10,2019121001005840,OHL,38,45,100,436.00,"43,600.00"
2019-12-10,2019121001005516,OHL,41,39,12,433.00,"5,196.00"
2019-12-10,2019121001005532,OHL,38,16,45,443.00,"19,935.00"
2019-12-10,2019121001005870,PCBL,50,41,696,276.00,"192,096.00"
2019-12-10,2019121001005634,PCBL,39,21,39,276.00,"10,764.00"
2019-12-10,2019121001005633,PCBL,39,4,141,276.00,"38,916.00"
2019-12-10,2019121001005596,PCBL,6,6,"1,045",275.00,"287,375.00"
2019-12-10,2019121001005559,PCBL,6,6,580,275.00,"159,500.00"
2019-12-10,2019121001005903,PFL,58,58,200,143.00,"28,600.00"
2019-12-10,2019121001005902,PFL,17,58,22,143.00,"3,146.00"
2019-12-10,2019121001005901,PFL,58,58,366,143.00,"52,338.00"
2019-12-10,2019121001005694,PFL,58,39,113,143.00,"16,159.00"
2019-12-10,2019121001005957,PIC,55,45,100,394.00,"39,400.00"
2019-12-10,2019121001005607,PIC,36,6,50,395.00,"19,750.00"
2019-12-10,2019121001005547,PIC,57,6,50,395.00,"19,750.00"
2019-12-10,2019121001005529,PIC,6,28,100,391.00,"39,100.00"
2019-12-10,2019121001005973,PLIC,26,42,291,340.00,"98,940.00"
2019-12-10,2019121001005972,PLIC,5,42,30,340.00,"10,200.00"
2019-12-10,2019121001005971,PLIC,42,42,72,341.00,"24,552.00"
2019-12-10,2019121001005863,PLIC,42,25,128,341.00,"43,648.00"
2019-12-10,2019121001005862,PLIC,44,25,372,342.00,"127,224.00"
2019-12-10,2019121001005837,PLIC,44,50,128,342.00,"43,776.00"
2019-12-10,2019121001005719,PLIC,22,50,50,342.00,"17,100.00"
2019-12-10,2019121001005699,PLIC,37,50,50,342.00,"17,100.00"
2019-12-10,2019121001005660,PLIC,42,45,100,341.00,"34,100.00"
2019-12-10,2019121001005517,PLIC,16,49,500,341.00,"170,500.00"
2019-12-10,2019121001005864,PMHPL,49,39,10,85.00,850.00
2019-12-10,2019121001005890,PPCL,45,58,30,104.00,"3,120.00"
2019-12-10,2019121001005722,PPCL,45,6,10,104.00,"1,040.00"
2019-12-10,2019121001005715,PPCL,45,6,10,104.00,"1,040.00"
2019-12-10,2019121001005707,PPCL,45,6,10,104.00,"1,040.00"
2019-12-10,2019121001005514,PPCL,45,43,30,106.00,"3,180.00"
2019-12-10,2019121001005513,PPCL,45,43,30,106.00,"3,180.00"
2019-12-10,2019121001005494,PPCL,45,43,30,106.00,"3,180.00"
2019-12-10,2019121001005493,PPCL,45,43,30,106.00,"3,180.00"
2019-12-10,2019121001005492,PPCL,45,43,30,106.00,"3,180.00"
2019-12-10,2019121001005491,PPCL,45,43,30,106.00,"3,180.00"
2019-12-10,2019121001005500,PPCL,45,43,30,106.00,"3,180.00"
2019-12-10,2019121001005499,PPCL,45,43,30,106.00,"3,180.00"
2019-12-10,2019121001005498,PPCL,45,43,20,106.00,"2,120.00"
2019-12-10,2019121001005497,PPCL,45,43,30,106.00,"3,180.00"
2019-12-10,2019121001005496,PPCL,45,43,30,106.00,"3,180.00"
2019-12-10,2019121001005495,PPCL,45,43,30,106.00,"3,180.00"
2019-12-10,2019121001005506,PPCL,45,43,30,106.00,"3,180.00"
2019-12-10,2019121001005505,PPCL,45,43,30,106.00,"3,180.00"
2019-12-10,2019121001005504,PPCL,45,43,30,106.00,"3,180.00"
2019-12-10,2019121001005503,PPCL,45,43,30,106.00,"3,180.00"
2019-12-10,2019121001005502,PPCL,45,43,30,106.00,"3,180.00"
2019-12-10,2019121001005501,PPCL,45,43,30,106.00,"3,180.00"
2019-12-10,2019121001005512,PPCL,45,43,20,106.00,"2,120.00"
2019-12-10,2019121001005511,PPCL,45,43,30,106.00,"3,180.00"
2019-12-10,2019121001005510,PPCL,45,43,30,106.00,"3,180.00"
2019-12-10,2019121001005509,PPCL,45,43,30,106.00,"3,180.00"
2019-12-10,2019121001005508,PPCL,45,43,30,106.00,"3,180.00"
2019-12-10,2019121001005507,PPCL,45,43,30,106.00,"3,180.00"
2019-12-10,2019121001005841,PRVU,13,49,15,226.00,"3,390.00"
2019-12-10,2019121001005835,PRVU,17,49,200,226.00,"45,200.00"
2019-12-10,2019121001005817,PRVU,4,14,120,225.00,"27,000.00"
2019-12-10,2019121001005816,PRVU,39,14,"1,300",225.00,"292,500.00"
2019-12-10,2019121001005815,PRVU,42,14,400,225.00,"90,000.00"
2019-12-10,2019121001005476,PRVU,57,48,500,225.00,"112,500.00"
2019-12-10,2019121001005528,PRVU,38,17,30,225.00,"6,750.00"
2019-12-10,2019121001005527,PRVU,6,17,100,225.00,"22,500.00"
2019-12-10,2019121001005526,PRVU,34,17,100,225.00,"22,500.00"
2019-12-10,2019121001005525,PRVU,48,17,100,225.00,"22,500.00"
2019-12-10,2019121001005524,PRVU,41,17,500,225.00,"112,500.00"
2019-12-10,2019121001005523,PRVU,57,17,161,225.00,"36,225.00"
2019-12-10,2019121001005814,PRVU,36,14,100,225.00,"22,500.00"
2019-12-10,2019121001005813,PRVU,5,14,80,225.00,"18,000.00"
2019-12-10,2019121001005749,PRVU,5,37,320,225.00,"72,000.00"
2019-12-10,2019121001005536,PRVU,46,49,422,226.00,"95,372.00"
2019-12-10,2019121001005535,PRVU,46,32,128,226.00,"28,928.00"
2019-12-10,2019121001005911,RADHI,14,44,12,141.00,"1,692.00"
2019-12-10,2019121001005576,RBCL,22,49,10,"8,164.00","81,640.00"
2019-12-10,2019121001005575,RBCL,52,49,10,"8,164.00","81,640.00"
2019-12-10,2019121001005574,RBCL,43,49,10,"8,164.00","81,640.00"
2019-12-10,2019121001005883,RHPL,57,17,20,172.00,"3,440.00"
2019-12-10,2019121001005882,RHPL,25,17,20,172.00,"3,440.00"
2019-12-10,2019121001005879,RHPL,25,39,40,172.00,"6,880.00"
2019-12-10,2019121001005859,RHPL,25,17,40,172.00,"6,880.00"
2019-12-10,2019121001005697,RHPL,25,40,40,172.00,"6,880.00"
2019-12-10,2019121001005692,RHPL,25,40,40,172.00,"6,880.00"
2019-12-10,2019121001005531,RHPL,25,21,20,172.00,"3,440.00"
2019-12-10,2019121001005530,RHPL,34,21,20,172.00,"3,440.00"
2019-12-10,2019121001005488,RHPL,34,21,40,172.00,"6,880.00"
2019-12-10,2019121001005548,RMDC,58,35,150,625.00,"93,750.00"
2019-12-10,2019121001005869,RRHP,8,39,10,99.00,990.00
2019-12-10,2019121001005966,RSDC,45,49,67,320.00,"21,440.00"
2019-12-10,2019121001005954,RSDC,45,6,20,320.00,"6,400.00"
2019-12-10,2019121001005952,RSDC,45,41,200,320.00,"64,000.00"
2019-12-10,2019121001005951,RSDC,45,39,98,320.00,"31,360.00"
2019-12-10,2019121001005950,RSDC,45,59,65,320.00,"20,800.00"
2019-12-10,2019121001005949,RSDC,45,49,50,319.00,"15,950.00"
2019-12-10,2019121001005756,RSDC,45,50,40,318.00,"12,720.00"
2019-12-10,2019121001005606,SABSL,1,1,100,544.00,"54,400.00"
2019-12-10,2019121001005773,SADBL,4,16,305,140.00,"42,700.00"
2019-12-10,2019121001005760,SADBL,42,44,491,140.00,"68,740.00"
2019-12-10,2019121001005970,SBL,16,1,200,290.00,"58,000.00"
2019-12-10,2019121001005969,SBL,16,34,300,290.00,"87,000.00"
2019-12-10,2019121001005968,SBL,16,19,69,290.00,"20,010.00"
2019-12-10,2019121001005967,SBL,16,51,50,290.00,"14,500.00"
2019-12-10,2019121001005515,SBL,14,51,50,290.00,"14,500.00"
2019-12-10,2019121001005623,SCB,38,59,20,537.00,"10,740.00"
2019-12-10,2019121001005711,SCB,34,59,100,537.00,"53,700.00"
2019-12-10,2019121001005710,SCB,22,59,10,537.00,"5,370.00"
2019-12-10,2019121001005709,SCB,38,59,30,537.00,"16,110.00"
2019-12-10,2019121001005557,SDESI,44,39,100,570.00,"57,000.00"
2019-12-10,2019121001005556,SDESI,47,39,20,571.00,"11,420.00"
2019-12-10,2019121001005555,SDESI,51,39,10,572.00,"5,720.00"
2019-12-10,2019121001005878,SHINE,4,4,"2,400",226.00,"542,400.00"
2019-12-10,2019121001005877,SHINE,42,4,50,226.00,"11,300.00"
2019-12-10,2019121001005876,SHINE,57,4,30,226.00,"6,780.00"
2019-12-10,2019121001005875,SHINE,38,4,27,226.00,"6,102.00"
2019-12-10,2019121001005544,SHINE,38,4,273,226.00,"61,698.00"
2019-12-10,2019121001005543,SHINE,41,4,50,226.00,"11,300.00"
2019-12-10,2019121001005542,SHINE,58,4,"1,677",226.00,"379,002.00"
2019-12-10,2019121001005533,SHINE,58,4,"3,000",226.00,"678,000.00"
2019-12-10,2019121001005975,SHIVM,49,21,100,382.00,"38,200.00"
2019-12-10,2019121001005964,SHIVM,34,55,100,385.00,"38,500.00"
2019-12-10,2019121001005961,SHIVM,34,50,200,384.00,"76,800.00"
2019-12-10,2019121001005809,SHIVM,52,38,200,382.00,"76,400.00"
2019-12-10,2019121001005974,SHL,49,8,200,213.00,"42,600.00"
2019-12-10,2019121001005910,SHL,49,50,721,213.00,"153,573.00"
2019-12-10,2019121001005909,SHL,41,50,500,213.00,"106,500.00"
2019-12-10,2019121001005908,SHL,36,50,850,213.00,"181,050.00"
2019-12-10,2019121001005886,SHL,36,8,200,213.00,"42,600.00"
2019-12-10,2019121001005833,SHL,36,56,100,213.00,"21,300.00"
2019-12-10,2019121001005486,SHL,45,8,200,212.00,"42,400.00"
2019-12-10,2019121001005485,SHL,21,8,100,212.00,"21,200.00"
2019-12-10,2019121001005820,SHL,49,1,234,213.00,"49,842.00"
2019-12-10,2019121001005819,SHL,49,34,200,213.00,"42,600.00"
2019-12-10,2019121001005730,SHL,44,7,200,213.00,"42,600.00"
2019-12-10,2019121001005654,SHL,11,20,500,213.00,"106,500.00"
2019-12-10,2019121001005653,SHL,11,4,500,213.00,"106,500.00"
2019-12-10,2019121001005630,SHL,45,56,548,212.00,"116,176.00"
2019-12-10,2019121001005881,SHPC,13,58,43,190.00,"8,170.00"
2019-12-10,2019121001005804,SHPC,13,21,35,190.00,"6,650.00"
2019-12-10,2019121001005718,SHPC,13,59,400,190.00,"76,000.00"
2019-12-10,2019121001005899,SIL,38,25,45,388.00,"17,460.00"
2019-12-10,2019121001005892,SJCL,17,45,40,160.00,"6,400.00"
2019-12-10,2019121001005884,SJCL,25,39,20,159.00,"3,180.00"
2019-12-10,2019121001005872,SJCL,25,17,20,159.00,"3,180.00"
2019-12-10,2019121001005866,SJCL,25,17,20,159.00,"3,180.00"
2019-12-10,2019121001005801,SJCL,25,49,10,159.00,"1,590.00"
2019-12-10,2019121001005519,SJCL,52,21,20,159.00,"3,180.00"
2019-12-10,2019121001005489,SJCL,52,21,20,159.00,"3,180.00"
2019-12-10,2019121001005716,SJCL,25,40,20,159.00,"3,180.00"
2019-12-10,2019121001005714,SJCL,25,40,20,159.00,"3,180.00"
2019-12-10,2019121001005616,SJCL,25,26,20,159.00,"3,180.00"
2019-12-10,2019121001005570,SLBBL,17,45,20,562.00,"11,240.00"
2019-12-10,2019121001005821,SLBSL,56,55,10,623.00,"6,230.00"
2019-12-10,2019121001005812,SLBSL,34,22,40,628.00,"25,120.00"
2019-12-10,2019121001005789,SLBSL,34,55,100,628.00,"62,800.00"
2019-12-10,2019121001005655,SLBSL,57,53,10,632.00,"6,320.00"
2019-12-10,2019121001005632,SLBSL,45,53,10,632.00,"6,320.00"
2019-12-10,2019121001005717,SLBSL,37,58,100,630.00,"63,000.00"
2019-12-10,2019121001005713,SLBSL,37,58,20,630.00,"12,600.00"
2019-12-10,2019121001005712,SLBSL,41,58,30,630.00,"18,900.00"
2019-12-10,2019121001005686,SLBSL,41,58,70,630.00,"44,100.00"
2019-12-10,2019121001005685,SLBSL,40,58,20,631.00,"12,620.00"
2019-12-10,2019121001005684,SLBSL,57,58,50,632.00,"31,600.00"
2019-12-10,2019121001005772,SLBSL,34,45,50,628.00,"31,400.00"
2019-12-10,2019121001005751,SLBSL,34,58,10,628.00,"6,280.00"
2019-12-10,2019121001005750,SLBSL,44,58,90,628.00,"56,520.00"
2019-12-10,2019121001005733,SLBSL,44,58,10,628.00,"6,280.00"
2019-12-10,2019121001005732,SLBSL,55,58,10,628.00,"6,280.00"
2019-12-10,2019121001005731,SLBSL,37,58,80,630.00,"50,400.00"
2019-12-10,2019121001005790,SMB,56,40,80,530.00,"42,400.00"
2019-12-10,2019121001005767,SMB,56,51,20,520.00,"10,400.00"
2019-12-10,2019121001005766,SMB,56,48,21,520.00,"10,920.00"
2019-12-10,2019121001005765,SMB,56,13,100,520.00,"52,000.00"
2019-12-10,2019121001005764,SMB,56,55,10,520.00,"5,200.00"
2019-12-10,2019121001005763,SMB,56,52,10,510.00,"5,100.00"
2019-12-10,2019121001005735,SMFBS,22,55,20,851.00,"17,020.00"
2019-12-10,2019121001005721,SMFBS,6,55,200,860.00,"172,000.00"
2019-12-10,2019121001005720,SMFBS,6,55,80,865.00,"69,200.00"
2019-12-10,2019121001005619,SMFBS,6,41,10,865.00,"8,650.00"
2019-12-10,2019121001005779,SMFDB,57,55,182,630.00,"114,660.00"
2019-12-10,2019121001005546,SMFDB,38,28,100,632.00,"63,200.00"
2019-12-10,2019121001005658,SMFDB,38,16,100,630.00,"63,000.00"
2019-12-10,2019121001005738,SMFDB,57,49,100,630.00,"63,000.00"
2019-12-10,2019121001005688,SMFDB,57,32,18,630.00,"11,340.00"
2019-12-10,2019121001005811,SRBL,42,58,125,218.00,"27,250.00"
2019-12-10,2019121001005793,SRBL,38,39,341,217.00,"73,997.00"
2019-12-10,2019121001005569,SRBL,38,39,11,217.00,"2,387.00"
2019-12-10,2019121001005583,STC,51,5,165,"1,435.00","236,775.00"
2019-12-10,2019121001005553,STC,7,42,100,"1,430.00","143,000.00"
2019-12-10,2019121001005552,STC,7,35,200,"1,425.00","285,000.00"
2019-12-10,2019121001005894,SWBBL,50,25,21,"1,012.00","21,252.00"
2019-12-10,2019121001005799,SWBBL,43,41,66,"1,011.00","66,726.00"
2019-12-10,2019121001005798,SWBBL,17,41,100,"1,013.00","101,300.00"
2019-12-10,2019121001005797,SWBBL,46,41,200,"1,014.00","202,800.00"
2019-12-10,2019121001005796,SWBBL,50,41,100,"1,015.00","101,500.00"
2019-12-10,2019121001005795,SWBBL,46,41,21,"1,016.00","21,336.00"
2019-12-10,2019121001005545,SWBBL,1,6,13,"1,021.00","13,273.00"
2019-12-10,2019121001005483,SWBBL,28,47,300,"1,015.00","304,500.00"
2019-12-10,2019121001005482,SWBBL,50,47,200,"1,016.00","203,200.00"
2019-12-10,2019121001005481,SWBBL,35,47,50,"1,017.00","50,850.00"
2019-12-10,2019121001005480,SWBBL,28,47,156,"1,018.00","158,808.00"
2019-12-10,2019121001005887,TMDBL,57,21,352,143.00,"50,336.00"
2019-12-10,2019121001005666,TMDBL,36,32,100,143.00,"14,300.00"
2019-12-10,2019121001005665,TMDBL,57,32,500,143.00,"71,500.00"
2019-12-10,2019121001005584,TMDBL,40,59,420,144.00,"60,480.00"
2019-12-10,2019121001005662,UIC,51,5,400,238.00,"95,200.00"
2019-12-10,2019121001005661,UIC,45,5,30,238.00,"7,140.00"
2019-12-10,2019121001005622,UIC,45,26,50,238.00,"11,900.00"
2019-12-10,2019121001005652,UPPER,33,14,10,234.00,"2,340.00"
2019-12-10,2019121001005638,UPPER,43,59,300,232.00,"69,600.00"
2019-12-10,2019121001005568,UPPER,43,54,30,232.00,"6,960.00"
2019-12-10,2019121001005567,UPPER,37,54,20,232.00,"4,640.00"
2019-12-10,2019121001005478,UPPER,35,19,44,233.00,"10,252.00"
2019-12-10,2019121001005477,UPPER,52,19,36,233.00,"8,388.00"
2019-12-10,2019121001005906,VLBS,32,7,70,664.00,"46,480.00"
2019-12-10,2019121001005682,VLBS,11,7,100,666.00,"66,600.00"
2019-12-10,2019121001005472,ADBL,40,54,100,414.00,"41,400.00"
2019-12-10,2019121001005267,ADBL,40,13,200,414.00,"82,800.00"
2019-12-10,2019121001005220,ADBL,40,8,11,414.00,"4,554.00"
2019-12-10,2019121001005214,ADBL,45,51,15,415.00,"6,225.00"
2019-12-10,2019121001005213,ADBL,45,38,35,415.00,"14,525.00"
2019-12-10,2019121001005101,ADBL,40,46,94,414.00,"38,916.00"
2019-12-10,2019121001005376,AHPC,55,58,637,97.00,"61,789.00"
2019-12-10,2019121001005375,AHPC,42,58,10,97.00,970.00
2019-12-10,2019121001005374,AHPC,46,58,24,97.00,"2,328.00"
2019-12-10,2019121001005073,AHPC,46,52,976,97.00,"94,672.00"
2019-12-10,2019121001005072,AHPC,52,52,24,97.00,"2,328.00"
2019-12-10,2019121001005444,AKBSL,58,21,10,462.00,"4,620.00"
2019-12-10,2019121001005370,AKBSL,58,46,10,462.00,"4,620.00"
2019-12-10,2019121001005356,AKBSL,58,46,10,462.00,"4,620.00"
2019-12-10,2019121001005352,AKBSL,58,46,10,462.00,"4,620.00"
2019-12-10,2019121001005337,AKBSL,58,29,10,462.00,"4,620.00"
2019-12-10,2019121001005124,AKPL,55,13,400,119.00,"47,600.00"
2019-12-10,2019121001005446,ALBSL,38,50,100,451.00,"45,100.00"
2019-12-10,2019121001005443,ALBSL,37,46,20,455.00,"9,100.00"
2019-12-10,2019121001005440,ALBSL,37,57,10,455.00,"4,550.00"
2019-12-10,2019121001005140,ALBSL,58,44,10,450.00,"4,500.00"
2019-12-10,2019121001005447,ALICL,14,26,30,343.00,"10,290.00"
2019-12-10,2019121001005328,ALICL,14,25,283,343.00,"97,069.00"
2019-12-10,2019121001005327,ALICL,7,25,42,343.00,"14,406.00"
2019-12-10,2019121001005326,ALICL,25,25,175,343.00,"60,025.00"
2019-12-10,2019121001004984,ALICL,19,37,200,344.00,"68,800.00"
2019-12-10,2019121001004983,ALICL,14,37,300,344.00,"103,200.00"
2019-12-10,2019121001005451,BOKL,49,6,380,219.00,"83,220.00"
2019-12-10,2019121001005436,BOKL,49,49,620,219.00,"135,780.00"
2019-12-10,2019121001005405,BOKL,1,37,"1,305",219.00,"285,795.00"
2019-12-10,2019121001005317,BOKL,1,49,"1,510",219.00,"330,690.00"
2019-12-10,2019121001005247,BOKL,1,13,185,219.00,"40,515.00"
2019-12-10,2019121001005246,BOKL,45,13,500,219.00,"109,500.00"
2019-12-10,2019121001005137,CBL,25,41,47,136.00,"6,392.00"
2019-12-10,2019121001005324,CCBL,41,17,14,165.00,"2,310.00"
2019-12-10,2019121001005318,CCBL,41,52,652,165.00,"107,580.00"
2019-12-10,2019121001005219,CCBL,45,14,49,166.00,"8,134.00"
2019-12-10,2019121001005143,CCBL,41,32,100,165.00,"16,500.00"
2019-12-10,2019121001005118,CCBL,41,45,230,165.00,"37,950.00"
2019-12-10,2019121001005087,CCBL,41,45,"1,020",165.00,"168,300.00"
2019-12-10,2019121001005006,CCBL,41,28,980,165.00,"161,700.00"
2019-12-10,2019121001005026,CHCL,32,42,22,360.00,"7,920.00"
2019-12-10,2019121001005361,CIT,57,51,50,"1,735.00","86,750.00"
2019-12-10,2019121001005178,CIT,4,4,6,"1,739.00","10,434.00"
2019-12-10,2019121001005129,CLBSL,46,34,10,577.00,"5,770.00"
2019-12-10,2019121001005075,DBBL,59,41,200,125.00,"25,000.00"
2019-12-10,2019121001005255,DDBL,33,53,150,795.00,"119,250.00"
2019-12-10,2019121001005031,DDBL,50,49,85,791.00,"67,235.00"
2019-12-10,2019121001005019,DDBL,29,49,300,791.00,"237,300.00"
2019-12-10,2019121001005018,DDBL,39,49,300,792.00,"237,600.00"
2019-12-10,2019121001005279,EBL,40,51,70,556.00,"38,920.00"
2019-12-10,2019121001005278,EBL,40,43,30,556.00,"16,680.00"
2019-12-10,2019121001005331,EDBL,45,50,50,288.00,"14,400.00"
2019-12-10,2019121001005377,FMDBL,38,51,500,316.00,"158,000.00"
2019-12-10,2019121001005365,FMDBL,57,57,200,317.00,"63,400.00"
2019-12-10,2019121001005364,FMDBL,10,57,25,317.00,"7,925.00"
2019-12-10,2019121001005363,FMDBL,6,57,20,317.00,"6,340.00"
2019-12-10,2019121001005362,FMDBL,45,57,21,319.00,"6,699.00"
2019-12-10,2019121001005111,FMDBL,45,56,50,319.00,"15,950.00"
2019-12-10,2019121001005441,FOWAD,33,5,100,"1,375.00","137,500.00"
2019-12-10,2019121001005091,FOWAD,39,1,97,"1,376.00","133,472.00"
2019-12-10,2019121001005090,FOWAD,32,1,100,"1,380.00","138,000.00"
2019-12-10,2019121001005089,FOWAD,5,1,20,"1,381.00","27,620.00"
2019-12-10,2019121001005088,FOWAD,55,1,33,"1,381.00","45,573.00"
2019-12-10,2019121001005052,GBBL,38,55,"1,000",204.00,"204,000.00"
2019-12-10,2019121001005212,GGBSL,34,17,284,525.00,"149,100.00"
2019-12-10,2019121001005396,GILB,44,33,"1,300",800.00,"1,040,000.00"
2019-12-10,2019121001005395,GILB,17,33,20,800.00,"16,000.00"
2019-12-10,2019121001005394,GILB,34,33,60,800.00,"48,000.00"
2019-12-10,2019121001005369,GILB,44,33,20,807.00,"16,140.00"
2019-12-10,2019121001005109,GILB,34,34,12,823.00,"9,876.00"
2019-12-10,2019121001005003,GILB,14,33,10,801.00,"8,010.00"
2019-12-10,2019121001005108,GILB,34,47,10,820.00,"8,200.00"
2019-12-10,2019121001005102,GILB,34,25,12,816.00,"9,792.00"
2019-12-10,2019121001005005,GILB,34,33,"1,240",800.00,"992,000.00"
2019-12-10,2019121001005004,GILB,44,33,50,800.00,"40,000.00"
2019-12-10,2019121001005434,GLICL,52,51,100,400.00,"40,000.00"
2019-12-10,2019121001005419,GLICL,45,51,100,400.00,"40,000.00"
2019-12-10,2019121001005368,GLICL,28,7,170,400.00,"68,000.00"
2019-12-10,2019121001005323,GLICL,38,39,300,403.00,"120,900.00"
2019-12-10,2019121001005264,GLICL,28,43,30,400.00,"12,000.00"
2019-12-10,2019121001004998,GLICL,5,5,83,404.00,"33,532.00"
2019-12-10,2019121001005126,HBL,51,40,42,493.00,"20,706.00"
2019-12-10,2019121001005283,HDL,58,48,155,"1,252.00","194,060.00"
2019-12-10,2019121001005282,HDL,58,48,45,"1,253.00","56,385.00"
2019-12-10,2019121001005185,HDL,58,39,290,"1,252.00","363,080.00"
2019-12-10,2019121001005184,HDL,22,39,10,"1,252.00","12,520.00"
2019-12-10,2019121001005183,HDL,52,39,100,"1,253.00","125,300.00"
2019-12-10,2019121001005182,HDL,19,39,400,"1,254.00","501,600.00"
2019-12-10,2019121001005104,HDL,34,53,100,"1,256.00","125,600.00"
2019-12-10,2019121001005046,HDL,32,22,20,"1,260.00","25,200.00"
2019-12-10,2019121001005045,HDL,59,22,20,"1,260.00","25,200.00"
2019-12-10,2019121001005044,HDL,57,22,10,"1,260.00","12,600.00"
2019-12-10,2019121001005181,HDL,56,39,50,"1,255.00","62,750.00"
2019-12-10,2019121001005180,HDL,58,39,150,"1,255.00","188,250.00"
2019-12-10,2019121001005179,HDL,58,48,10,"1,255.00","12,550.00"
2019-12-10,2019121001005107,HDL,58,53,40,"1,255.00","50,200.00"
2019-12-10,2019121001005106,HDL,58,53,100,"1,255.00","125,500.00"
2019-12-10,2019121001005105,HDL,45,53,10,"1,255.00","12,550.00"
2019-12-10,2019121001005163,HIDCL,45,28,31,131.00,"4,061.00"
2019-12-10,2019121001005061,HIDCL,45,17,339,131.00,"44,409.00"
2019-12-10,2019121001005042,HIDCL,45,42,31,131.00,"4,061.00"
2019-12-10,2019121001005262,ILBS,57,34,200,562.00,"112,400.00"
2019-12-10,2019121001005261,ILBS,57,34,80,562.00,"44,960.00"
2019-12-10,2019121001005260,ILBS,39,34,500,563.00,"281,500.00"
2019-12-10,2019121001005259,ILBS,17,34,200,564.00,"112,800.00"
2019-12-10,2019121001005245,ILBS,57,34,200,568.00,"113,600.00"
2019-12-10,2019121001005244,ILBS,21,34,50,568.00,"28,400.00"
2019-12-10,2019121001005215,ILBS,57,34,30,575.00,"17,250.00"
2019-12-10,2019121001004980,ILBS,57,26,170,575.00,"97,750.00"
2019-12-10,2019121001005243,ILBS,29,34,20,569.00,"11,380.00"
2019-12-10,2019121001005242,ILBS,1,34,25,569.00,"14,225.00"
2019-12-10,2019121001005241,ILBS,57,34,100,569.00,"56,900.00"
2019-12-10,2019121001005218,ILBS,19,34,500,571.00,"285,500.00"
2019-12-10,2019121001005217,ILBS,47,34,100,572.00,"57,200.00"
2019-12-10,2019121001005216,ILBS,57,34,90,573.00,"51,570.00"
2019-12-10,2019121001005062,JBBL,22,50,32,165.00,"5,280.00"
2019-12-10,2019121001005034,JBBL,6,50,50,165.00,"8,250.00"
2019-12-10,2019121001005397,JFL,52,28,11,192.00,"2,112.00"
2019-12-10,2019121001005060,JFL,52,52,442,192.00,"84,864.00"
2019-12-10,2019121001005059,JFL,35,52,100,192.00,"19,200.00"
2019-12-10,2019121001005474,JSLBB,57,57,51,"1,246.00","63,546.00"
2019-12-10,2019121001005468,JSLBB,57,57,49,"1,246.00","61,054.00"
2019-12-10,2019121001005256,KBL,38,51,500,183.00,"91,500.00"
2019-12-10,2019121001005209,KBL,41,32,490,182.00,"89,180.00"
