Date,Transact. No.,Symbol,Buyer,Seller,Quantity,Rate,Amount
2019-08-14,2019081401007651,ADBL,53,39,56,429.00,"24,024.00"
2019-08-14,2019081401007639,ADBL,53,42,100,429.00,"42,900.00"
2019-08-14,2019081401007625,ADBL,39,39,31,430.00,"13,330.00"
2019-08-14,2019081401007624,ADBL,39,57,25,430.00,"10,750.00"
2019-08-14,2019081401007759,AHPC,37,33,300,103.00,"30,900.00"
2019-08-14,2019081401007803,ALBSL,45,45,10,474.00,"4,740.00"
2019-08-14,2019081401007802,ALBSL,45,45,10,472.00,"4,720.00"
2019-08-14,2019081401007765,ALICL,43,53,200,349.00,"69,800.00"
2019-08-14,2019081401007724,ALICL,57,25,53,350.00,"18,550.00"
2019-08-14,2019081401007908,API,25,50,20,131.00,"2,620.00"
2019-08-14,2019081401007941,BFC,1,39,729,96.00,"69,984.00"
2019-08-14,2019081401007771,BFC,14,39,200,96.00,"19,200.00"
2019-08-14,2019081401007657,BFC,14,39,"1,000",97.00,"97,000.00"
2019-08-14,2019081401007602,BFC,35,39,300,97.00,"29,100.00"
2019-08-14,2019081401007601,BFC,52,39,108,97.00,"10,476.00"
2019-08-14,2019081401007576,BFC,39,39,10,98.00,980.00
2019-08-14,2019081401007662,BNT,42,19,10,"6,397.00","63,970.00"
2019-08-14,2019081401007661,BNT,5,19,10,"6,398.00","63,980.00"
2019-08-14,2019081401007991,BOKL,34,11,243,257.00,"62,451.00"
2019-08-14,2019081401007990,BOKL,34,11,100,258.00,"25,800.00"
2019-08-14,2019081401007989,BOKL,51,11,250,258.00,"64,500.00"
2019-08-14,2019081401007988,BOKL,42,11,200,258.00,"51,600.00"
2019-08-14,2019081401007987,BOKL,25,11,184,258.00,"47,472.00"
2019-08-14,2019081401007932,BPCL,42,43,60,388.00,"23,280.00"
2019-08-14,2019081401007931,BPCL,28,43,200,388.00,"77,600.00"
2019-08-14,2019081401007930,BPCL,1,43,56,388.00,"21,728.00"
2019-08-14,2019081401007804,CBBL,47,29,50,999.00,"49,950.00"
2019-08-14,2019081401008004,CBL,58,37,100,149.00,"14,900.00"
2019-08-14,2019081401007954,CBL,43,6,10,150.00,"1,500.00"
2019-08-14,2019081401007944,CBL,45,6,30,150.00,"4,500.00"
2019-08-14,2019081401007938,CBL,58,11,78,149.00,"11,622.00"
2019-08-14,2019081401007937,CBL,59,11,200,149.00,"29,800.00"
2019-08-14,2019081401007936,CBL,22,11,"1,000",149.00,"149,000.00"
2019-08-14,2019081401007935,CBL,41,11,150,149.00,"22,350.00"
2019-08-14,2019081401007934,CBL,21,11,100,149.00,"14,900.00"
2019-08-14,2019081401007933,CBL,40,11,932,149.00,"138,868.00"
2019-08-14,2019081401007867,CBL,26,11,150,150.00,"22,500.00"
2019-08-14,2019081401007767,CBL,26,11,250,150.00,"37,500.00"
2019-08-14,2019081401007653,CBL,40,42,27,149.00,"4,023.00"
2019-08-14,2019081401007986,CCBL,29,59,10,165.00,"1,650.00"
2019-08-14,2019081401007965,CCBL,7,37,78,164.00,"12,792.00"
2019-08-14,2019081401007681,CCBL,28,42,10,163.00,"1,630.00"
2019-08-14,2019081401007849,CHCL,51,58,86,477.00,"41,022.00"
2019-08-14,2019081401007848,CHCL,39,58,100,477.00,"47,700.00"
2019-08-14,2019081401007847,CHCL,4,58,214,478.00,"102,292.00"
2019-08-14,2019081401007792,CHCL,4,32,60,478.00,"28,680.00"
2019-08-14,2019081401007826,CHL,8,11,10,82.00,820.00
2019-08-14,2019081401007779,CIT,58,46,12,"2,370.00","28,440.00"
2019-08-14,2019081401007778,CIT,26,46,68,"2,370.00","161,160.00"
2019-08-14,2019081401007777,CIT,51,46,20,"2,371.00","47,420.00"
2019-08-14,2019081401007919,CORBL,13,39,30,120.00,"3,600.00"
2019-08-14,2019081401007918,CZBIL,7,37,65,217.00,"14,105.00"
2019-08-14,2019081401007780,CZBIL,7,42,100,217.00,"21,700.00"
2019-08-14,2019081401007723,CZBIL,39,34,"3,000",218.00,"654,000.00"
2019-08-14,2019081401007616,DBBL,35,22,43,141.00,"6,063.00"
2019-08-14,2019081401007963,DDBL,45,14,50,760.00,"38,000.00"
2019-08-14,2019081401007940,EDBL,36,25,100,280.00,"28,000.00"
2019-08-14,2019081401007611,EIC,32,35,25,335.00,"8,375.00"
2019-08-14,2019081401007731,FOWAD,14,58,19,"1,353.00","25,707.00"
2019-08-14,2019081401008034,GBLBS,42,34,100,368.00,"36,800.00"
2019-08-14,2019081401008033,GBLBS,3,34,100,368.00,"36,800.00"
2019-08-14,2019081401007844,GLBSL,7,17,80,527.00,"42,160.00"
2019-08-14,2019081401007568,GLBSL,7,45,10,525.00,"5,250.00"
2019-08-14,2019081401007946,GMFBS,38,43,10,580.00,"5,800.00"
2019-08-14,2019081401007743,GMFBS,38,6,10,580.00,"5,800.00"
2019-08-14,2019081401007742,GMFBS,38,45,10,580.00,"5,800.00"
2019-08-14,2019081401007746,GRDBL,41,52,250,108.00,"27,000.00"
2019-08-14,2019081401007571,GRDBL,54,52,350,108.00,"37,800.00"
2019-08-14,2019081401007831,HDL,32,25,10,"1,544.00","15,440.00"
2019-08-14,2019081401007744,HGI,22,32,50,326.00,"16,300.00"
2019-08-14,2019081401007959,HIDCL,29,45,10,152.00,"1,520.00"
2019-08-14,2019081401007699,HPPL,28,28,10,164.00,"1,640.00"
2019-08-14,2019081401007614,HURJA,52,28,20,131.00,"2,620.00"
2019-08-14,2019081401007962,ILBS,45,44,10,475.00,"4,750.00"
2019-08-14,2019081401007869,ILBS,45,11,10,475.00,"4,750.00"
2019-08-14,2019081401007766,ILBS,11,44,20,480.00,"9,600.00"
2019-08-14,2019081401007711,ILBS,45,39,10,475.00,"4,750.00"
2019-08-14,2019081401007710,ILBS,45,11,10,475.00,"4,750.00"
2019-08-14,2019081401007666,ILBS,45,39,10,475.00,"4,750.00"
2019-08-14,2019081401007660,ILBS,45,11,10,475.00,"4,750.00"
2019-08-14,2019081401007598,ILBS,11,44,20,480.00,"9,600.00"
2019-08-14,2019081401007593,ILBS,45,43,10,475.00,"4,750.00"
2019-08-14,2019081401008048,KBL,58,51,"2,601",206.00,"535,806.00"
2019-08-14,2019081401008047,KBL,58,38,423,206.00,"87,138.00"
2019-08-14,2019081401007969,KBL,58,38,50,206.00,"10,300.00"
2019-08-14,2019081401007894,KBL,38,38,100,206.00,"20,600.00"
2019-08-14,2019081401007864,KBL,56,58,500,205.00,"102,500.00"
2019-08-14,2019081401007776,KBL,7,38,376,206.00,"77,456.00"
2019-08-14,2019081401007775,KBL,7,35,424,206.00,"87,344.00"
2019-08-14,2019081401007634,KBL,52,38,50,206.00,"10,300.00"
2019-08-14,2019081401007606,KRBL,38,39,100,108.00,"10,800.00"
2019-08-14,2019081401008010,KSBBL,34,49,20,149.00,"2,980.00"
2019-08-14,2019081401007951,LBBL,28,13,65,178.00,"11,570.00"
2019-08-14,2019081401007772,LBBL,28,13,80,178.00,"14,240.00"
2019-08-14,2019081401008032,LBL,25,43,100,213.00,"21,300.00"
2019-08-14,2019081401007656,LBL,58,38,500,213.00,"106,500.00"
2019-08-14,2019081401007655,LBL,32,38,131,213.00,"27,903.00"
2019-08-14,2019081401007612,LBL,52,44,50,214.00,"10,700.00"
2019-08-14,2019081401007597,LBL,32,11,"1,869",213.00,"398,097.00"
2019-08-14,2019081401007596,LBL,34,11,131,213.00,"27,903.00"
2019-08-14,2019081401007890,LICN,25,16,10,"1,140.00","11,400.00"
2019-08-14,2019081401007981,LLBS,49,57,10,735.00,"7,350.00"
2019-08-14,2019081401007924,LLBS,18,57,200,730.00,"146,000.00"
2019-08-14,2019081401008046,MBL,18,6,100,255.00,"25,500.00"
2019-08-14,2019081401008045,MBL,21,6,300,255.00,"76,500.00"
2019-08-14,2019081401008044,MBL,48,6,500,255.00,"127,500.00"
2019-08-14,2019081401008043,MBL,39,6,390,255.00,"99,450.00"
2019-08-14,2019081401008042,MBL,43,6,610,255.00,"155,550.00"
2019-08-14,2019081401008030,MBL,43,49,390,255.00,"99,450.00"
2019-08-14,2019081401007769,MBL,1,6,"1,000",256.00,"256,000.00"
2019-08-14,2019081401007649,MBL,51,6,200,256.00,"51,200.00"
2019-08-14,2019081401007992,MBL,6,25,300,255.00,"76,500.00"
2019-08-14,2019081401007949,MBL,6,25,"1,700",255.00,"433,500.00"
2019-08-14,2019081401007948,MBL,44,25,100,255.00,"25,500.00"
2019-08-14,2019081401007947,MBL,8,25,200,255.00,"51,000.00"
2019-08-14,2019081401007923,MBL,21,6,"1,900",256.00,"486,400.00"
2019-08-14,2019081401007922,MBL,21,6,700,256.00,"179,200.00"
2019-08-14,2019081401008029,MBL,44,49,200,255.00,"51,000.00"
2019-08-14,2019081401008028,MBL,8,49,200,255.00,"51,000.00"
2019-08-14,2019081401008027,MBL,41,49,10,255.00,"2,550.00"
2019-08-14,2019081401008026,MBL,45,49,100,255.00,"25,500.00"
2019-08-14,2019081401008025,MBL,38,49,600,255.00,"153,000.00"
2019-08-14,2019081401007993,MBL,38,25,400,255.00,"102,000.00"
2019-08-14,2019081401008013,MEGA,45,26,50,200.00,"10,000.00"
2019-08-14,2019081401008002,MEGA,57,26,15,200.00,"3,000.00"
2019-08-14,2019081401007559,MEGA,53,42,36,199.00,"7,164.00"
2019-08-14,2019081401007736,MEGA,51,4,100,200.00,"20,000.00"
2019-08-14,2019081401007735,MEGA,51,4,100,200.00,"20,000.00"
2019-08-14,2019081401007734,MEGA,51,4,100,200.00,"20,000.00"
2019-08-14,2019081401007733,MEGA,51,4,45,200.00,"9,000.00"
2019-08-14,2019081401007757,MEGA,51,26,140,200.00,"28,000.00"
2019-08-14,2019081401007741,MEGA,51,26,460,200.00,"92,000.00"
2019-08-14,2019081401007740,MEGA,51,4,70,200.00,"14,000.00"
2019-08-14,2019081401007739,MEGA,51,4,50,200.00,"10,000.00"
2019-08-14,2019081401007738,MEGA,51,4,50,200.00,"10,000.00"
2019-08-14,2019081401007737,MEGA,51,4,25,200.00,"5,000.00"
2019-08-14,2019081401007758,MEGA,51,26,860,200.00,"172,000.00"
2019-08-14,2019081401007870,MEGA,51,26,"1,000",200.00,"200,000.00"
2019-08-14,2019081401007925,MEGA,56,26,100,200.00,"20,000.00"
2019-08-14,2019081401007916,MERO,22,38,11,533.00,"5,863.00"
2019-08-14,2019081401007980,MNBBL,1,57,100,371.00,"37,100.00"
2019-08-14,2019081401007722,MNBBL,52,57,22,371.00,"8,162.00"
2019-08-14,2019081401007798,NABIL,25,21,100,779.00,"77,900.00"
2019-08-14,2019081401007983,NADEP,58,40,10,504.00,"5,040.00"
2019-08-14,2019081401007982,NADEP,58,33,37,501.00,"18,537.00"
2019-08-14,2019081401007961,NADEP,58,33,10,501.00,"5,010.00"
2019-08-14,2019081401007960,NADEP,58,45,20,499.00,"9,980.00"
2019-08-14,2019081401007915,NADEP,38,34,50,490.00,"24,500.00"
2019-08-14,2019081401007914,NADEP,46,34,10,490.00,"4,900.00"
2019-08-14,2019081401007861,NADEP,47,3,112,493.00,"55,216.00"
2019-08-14,2019081401007860,NADEP,38,3,20,495.00,"9,900.00"
2019-08-14,2019081401007705,NADEP,47,34,38,493.00,"18,734.00"
2019-08-14,2019081401007913,NADEP,17,34,200,491.00,"98,200.00"
2019-08-14,2019081401007912,NADEP,41,34,100,492.00,"49,200.00"
2019-08-14,2019081401007952,NAGRO,57,10,10,842.00,"8,420.00"
2019-08-14,2019081401007926,NAGRO,34,10,10,842.00,"8,420.00"
2019-08-14,2019081401007865,NAGRO,39,59,10,831.00,"8,310.00"
2019-08-14,2019081401007825,NAGRO,34,51,10,839.00,"8,390.00"
2019-08-14,2019081401007773,NAGRO,39,59,10,831.00,"8,310.00"
2019-08-14,2019081401007979,NBB,25,37,50,217.00,"10,850.00"
2019-08-14,2019081401007970,NBB,36,37,500,217.00,"108,500.00"
2019-08-14,2019081401007968,NBB,6,39,812,216.00,"175,392.00"
2019-08-14,2019081401007967,NBB,38,39,188,216.00,"40,608.00"
2019-08-14,2019081401008035,NBL,33,51,50,324.00,"16,200.00"
2019-08-14,2019081401007977,NBL,17,8,548,322.00,"176,456.00"
2019-08-14,2019081401007976,NBL,25,8,200,322.00,"64,400.00"
2019-08-14,2019081401007975,NBL,33,8,400,322.00,"128,800.00"
2019-08-14,2019081401007974,NBL,44,8,100,322.00,"32,200.00"
2019-08-14,2019081401007942,NBL,25,8,50,323.00,"16,150.00"
2019-08-14,2019081401007577,NBL,16,35,"1,000",324.00,"324,000.00"
2019-08-14,2019081401007729,NBL,35,35,40,323.00,"12,920.00"
2019-08-14,2019081401007728,NBL,59,35,100,323.00,"32,300.00"
2019-08-14,2019081401007727,NBL,45,35,50,323.00,"16,150.00"
2019-08-14,2019081401007726,NBL,45,35,782,323.00,"252,586.00"
2019-08-14,2019081401007663,NBL,6,35,100,324.00,"32,400.00"
2019-08-14,2019081401007604,NBL,16,35,"1,000",324.00,"324,000.00"
2019-08-14,2019081401007807,NBL,8,8,50,323.00,"16,150.00"
2019-08-14,2019081401007806,NBL,20,8,300,323.00,"96,900.00"
2019-08-14,2019081401007805,NBL,43,8,802,323.00,"259,046.00"
2019-08-14,2019081401007796,NBL,43,13,50,323.00,"16,150.00"
2019-08-14,2019081401007795,NBL,7,13,400,323.00,"129,200.00"
2019-08-14,2019081401007730,NBL,43,35,148,323.00,"47,804.00"
2019-08-14,2019081401007929,NBL,56,8,"1,000",323.00,"323,000.00"
2019-08-14,2019081401007910,NBL,46,49,"1,000",322.00,"322,000.00"
2019-08-14,2019081401007909,NBL,13,49,"1,000",322.00,"322,000.00"
2019-08-14,2019081401007810,NBL,50,8,200,323.00,"64,600.00"
2019-08-14,2019081401007809,NBL,20,8,50,323.00,"16,150.00"
2019-08-14,2019081401007808,NBL,5,8,300,323.00,"96,900.00"
2019-08-14,2019081401007985,NCCB,33,37,50,205.00,"10,250.00"
2019-08-14,2019081401007853,NCCB,36,25,200,204.00,"40,800.00"
2019-08-14,2019081401007852,NCCB,36,45,712,204.00,"145,248.00"
2019-08-14,2019081401007851,NCCB,36,11,300,204.00,"61,200.00"
2019-08-14,2019081401007820,NCCB,14,45,88,204.00,"17,952.00"
2019-08-14,2019081401007819,NCCB,14,3,112,204.00,"22,848.00"
2019-08-14,2019081401007591,NCCB,46,3,38,204.00,"7,752.00"
2019-08-14,2019081401007590,NCCB,46,1,262,204.00,"53,448.00"
2019-08-14,2019081401007784,NCCB,6,44,"1,000",203.00,"203,000.00"
2019-08-14,2019081401007783,NCCB,34,44,300,203.00,"60,900.00"
2019-08-14,2019081401007782,NCCB,4,44,50,203.00,"10,150.00"
2019-08-14,2019081401007781,NCCB,36,44,560,203.00,"113,680.00"
2019-08-14,2019081401007763,NCCB,42,3,50,204.00,"10,200.00"
2019-08-14,2019081401007713,NCCB,14,3,200,204.00,"40,800.00"
2019-08-14,2019081401007790,NCCB,16,44,240,203.00,"48,720.00"
2019-08-14,2019081401007789,NCCB,16,44,"2,000",203.00,"406,000.00"
2019-08-14,2019081401007788,NCCB,1,44,500,203.00,"101,500.00"
2019-08-14,2019081401007787,NCCB,51,44,200,203.00,"40,600.00"
2019-08-14,2019081401007786,NCCB,28,44,100,203.00,"20,300.00"
2019-08-14,2019081401007785,NCCB,3,44,50,203.00,"10,150.00"
2019-08-14,2019081401007854,NHDL,48,22,10,116.00,"1,160.00"
2019-08-14,2019081401008021,NHPC,28,52,475,62.00,"29,450.00"
2019-08-14,2019081401008020,NHPC,7,52,"1,000",62.00,"62,000.00"
2019-08-14,2019081401008019,NHPC,17,52,25,62.00,"1,550.00"
2019-08-14,2019081401007957,NIB,53,56,354,508.00,"179,832.00"
2019-08-14,2019081401007866,NIB,53,50,119,508.00,"60,452.00"
2019-08-14,2019081401007842,NIB,55,50,100,508.00,"50,800.00"
2019-08-14,2019081401008001,NICA,43,14,136,443.00,"60,248.00"
2019-08-14,2019081401008000,NICA,7,14,50,444.00,"22,200.00"
2019-08-14,2019081401007999,NICA,40,14,50,444.00,"22,200.00"
2019-08-14,2019081401007998,NICA,53,14,199,444.00,"88,356.00"
2019-08-14,2019081401007997,NICA,19,14,400,445.00,"178,000.00"
2019-08-14,2019081401007838,NICA,19,25,50,445.00,"22,250.00"
2019-08-14,2019081401007712,NICA,19,42,50,445.00,"22,250.00"
2019-08-14,2019081401007700,NICA,19,19,500,445.00,"222,500.00"
2019-08-14,2019081401007677,NICA,53,11,301,444.00,"133,644.00"
2019-08-14,2019081401007676,NICA,21,11,250,445.00,"111,250.00"
2019-08-14,2019081401007595,NICA,25,11,200,445.00,"89,000.00"
2019-08-14,2019081401008009,NICL,13,45,"1,000",312.00,"312,000.00"
2019-08-14,2019081401007762,NICL,28,35,400,314.00,"125,600.00"
2019-08-14,2019081401007817,NIL,39,50,10,460.00,"4,600.00"
2019-08-14,2019081401007725,NIL,29,26,17,456.00,"7,752.00"
2019-08-14,2019081401007674,NIL,14,26,50,457.00,"22,850.00"
2019-08-14,2019081401007673,NIL,52,26,50,457.00,"22,850.00"
2019-08-14,2019081401007672,NIL,44,26,50,457.00,"22,850.00"
2019-08-14,2019081401007671,NIL,40,26,378,457.00,"172,746.00"
2019-08-14,2019081401007670,NIL,20,26,50,458.00,"22,900.00"
2019-08-14,2019081401007669,NIL,37,26,200,458.00,"91,600.00"
2019-08-14,2019081401007984,NLIC,32,42,100,870.00,"87,000.00"
2019-08-14,2019081401007800,NLIC,57,14,23,871.00,"20,033.00"
2019-08-14,2019081401007818,NLICL,52,56,30,569.00,"17,070.00"
2019-08-14,2019081401007607,NNLB,35,38,90,452.00,"40,680.00"
2019-08-14,2019081401008014,NSEWA,45,58,10,445.00,"4,450.00"
2019-08-14,2019081401007652,NSEWA,45,22,30,445.00,"13,350.00"
2019-08-14,2019081401008005,NTC,43,52,10,686.00,"6,860.00"
2019-08-14,2019081401007978,NTC,22,34,10,683.00,"6,830.00"
2019-08-14,2019081401007939,NTC,43,52,10,686.00,"6,860.00"
2019-08-14,2019081401007907,NTC,22,42,20,683.00,"13,660.00"
2019-08-14,2019081401007846,NTC,43,52,10,686.00,"6,860.00"
2019-08-14,2019081401007564,NTC,22,34,10,683.00,"6,830.00"
2019-08-14,2019081401007871,NUBL,3,44,110,875.00,"96,250.00"
2019-08-14,2019081401007708,NUBL,3,16,190,875.00,"166,250.00"
2019-08-14,2019081401007996,OHL,37,13,200,600.00,"120,000.00"
2019-08-14,2019081401007995,OHL,37,43,290,599.00,"173,710.00"
2019-08-14,2019081401007943,OHL,7,43,10,599.00,"5,990.00"
2019-08-14,2019081401007901,PCBL,38,56,127,275.00,"34,925.00"
2019-08-14,2019081401007857,PCBL,38,51,196,275.00,"53,900.00"
2019-08-14,2019081401007856,PCBL,38,51,50,275.00,"13,750.00"
2019-08-14,2019081401007855,PCBL,45,51,754,275.00,"207,350.00"
2019-08-14,2019081401007811,PCBL,5,51,500,276.00,"138,000.00"
2019-08-14,2019081401007558,PCBL,5,16,500,276.00,"138,000.00"
2019-08-14,2019081401007557,PCBL,5,58,61,276.00,"16,836.00"
2019-08-14,2019081401007556,PCBL,5,53,35,276.00,"9,660.00"
2019-08-14,2019081401008015,PFL,17,1,100,135.00,"13,500.00"
2019-08-14,2019081401007893,PFL,39,1,175,135.00,"23,625.00"
2019-08-14,2019081401007892,PFL,39,5,325,135.00,"43,875.00"
2019-08-14,2019081401007610,PICL,58,32,50,509.00,"25,450.00"
2019-08-14,2019081401007868,PMHPL,54,22,10,102.00,"1,020.00"
2019-08-14,2019081401007719,PMHPL,54,7,10,102.00,"1,020.00"
2019-08-14,2019081401007891,PRVU,45,44,10,268.00,"2,680.00"
2019-08-14,2019081401007815,PRVU,8,44,100,268.00,"26,800.00"
2019-08-14,2019081401007814,PRVU,38,44,500,268.00,"134,000.00"
2019-08-14,2019081401007813,PRVU,59,44,150,268.00,"40,200.00"
2019-08-14,2019081401007812,PRVU,17,44,122,268.00,"32,696.00"
2019-08-14,2019081401007704,PRVU,17,29,78,268.00,"20,904.00"
2019-08-14,2019081401007703,PRVU,46,29,100,268.00,"26,800.00"
2019-08-14,2019081401007702,PRVU,17,29,248,268.00,"66,464.00"
2019-08-14,2019081401007835,RADHI,48,19,11,142.00,"1,562.00"
2019-08-14,2019081401007834,RADHI,48,39,11,142.00,"1,562.00"
2019-08-14,2019081401007833,RADHI,48,11,11,142.00,"1,562.00"
2019-08-14,2019081401007832,RADHI,48,40,11,141.00,"1,551.00"
2019-08-14,2019081401007636,RBCLPO,44,50,100,"8,330.00","833,000.00"
2019-08-14,2019081401008023,RHPL,44,39,32,208.00,"6,656.00"
2019-08-14,2019081401008018,RHPL,44,37,40,208.00,"8,320.00"
2019-08-14,2019081401008017,RHPL,44,49,10,208.00,"2,080.00"
2019-08-14,2019081401008008,RHPL,49,39,20,209.00,"4,180.00"
2019-08-14,2019081401007994,RHPL,44,1,500,208.00,"104,000.00"
2019-08-14,2019081401007972,RHPL,44,42,10,208.00,"2,080.00"
2019-08-14,2019081401007560,RHPL,11,37,25,209.00,"5,225.00"
2019-08-14,2019081401007551,RHPL,44,28,30,208.00,"6,240.00"
2019-08-14,2019081401007550,RHPL,44,36,40,208.00,"8,320.00"
2019-08-14,2019081401007549,RHPL,44,34,50,208.00,"10,400.00"
2019-08-14,2019081401007574,RHPL,44,34,50,208.00,"10,400.00"
2019-08-14,2019081401007573,RHPL,44,7,40,208.00,"8,320.00"
2019-08-14,2019081401007570,RHPL,44,37,40,208.00,"8,320.00"
2019-08-14,2019081401007563,RHPL,44,10,50,208.00,"10,400.00"
2019-08-14,2019081401007562,RHPL,1,50,25,209.00,"5,225.00"
2019-08-14,2019081401007561,RHPL,1,37,15,209.00,"3,135.00"
2019-08-14,2019081401007609,RHPL,44,42,20,208.00,"4,160.00"
2019-08-14,2019081401007600,RHPL,44,34,40,208.00,"8,320.00"
2019-08-14,2019081401007581,RHPL,44,47,40,208.00,"8,320.00"
2019-08-14,2019081401007580,RHPL,44,26,40,208.00,"8,320.00"
2019-08-14,2019081401007579,RHPL,44,37,40,208.00,"8,320.00"
2019-08-14,2019081401007578,RHPL,44,44,40,208.00,"8,320.00"
2019-08-14,2019081401007638,RHPL,44,10,40,208.00,"8,320.00"
2019-08-14,2019081401007633,RHPL,44,49,10,208.00,"2,080.00"
2019-08-14,2019081401007626,RHPL,44,34,50,208.00,"10,400.00"
2019-08-14,2019081401007618,RHPL,44,37,40,208.00,"8,320.00"
2019-08-14,2019081401007617,RHPL,44,37,40,208.00,"8,320.00"
2019-08-14,2019081401007613,RHPL,44,26,40,208.00,"8,320.00"
2019-08-14,2019081401007667,RHPL,44,28,10,208.00,"2,080.00"
2019-08-14,2019081401007665,RHPL,44,44,40,208.00,"8,320.00"
2019-08-14,2019081401007658,RHPL,44,37,40,208.00,"8,320.00"
2019-08-14,2019081401007654,RHPL,44,37,20,208.00,"4,160.00"
2019-08-14,2019081401007650,RHPL,44,26,40,208.00,"8,320.00"
2019-08-14,2019081401007640,RHPL,44,34,40,208.00,"8,320.00"
2019-08-14,2019081401007690,RHPL,44,26,30,208.00,"6,240.00"
2019-08-14,2019081401007689,RHPL,44,49,10,208.00,"2,080.00"
2019-08-14,2019081401007688,RHPL,44,41,40,208.00,"8,320.00"
2019-08-14,2019081401007683,RHPL,44,37,40,208.00,"8,320.00"
2019-08-14,2019081401007682,RHPL,44,47,40,208.00,"8,320.00"
2019-08-14,2019081401007668,RHPL,44,26,30,208.00,"6,240.00"
2019-08-14,2019081401007715,RHPL,44,28,30,208.00,"6,240.00"
2019-08-14,2019081401007709,RHPL,44,37,40,208.00,"8,320.00"
2019-08-14,2019081401007701,RHPL,44,1,50,208.00,"10,400.00"
2019-08-14,2019081401007698,RHPL,44,37,40,208.00,"8,320.00"
2019-08-14,2019081401007697,RHPL,1,37,40,209.00,"8,360.00"
2019-08-14,2019081401007696,RHPL,44,49,40,208.00,"8,320.00"
2019-08-14,2019081401007793,RHPL,44,47,40,208.00,"8,320.00"
2019-08-14,2019081401007770,RHPL,44,56,40,208.00,"8,320.00"
2019-08-14,2019081401007768,RHPL,44,20,40,208.00,"8,320.00"
2019-08-14,2019081401007751,RHPL,44,56,40,208.00,"8,320.00"
2019-08-14,2019081401007747,RHPL,44,37,40,208.00,"8,320.00"
2019-08-14,2019081401007720,RHPL,44,37,40,208.00,"8,320.00"
2019-08-14,2019081401007862,RHPL,44,37,40,208.00,"8,320.00"
2019-08-14,2019081401007858,RHPL,44,47,40,208.00,"8,320.00"
2019-08-14,2019081401007830,RHPL,44,59,40,208.00,"8,320.00"
2019-08-14,2019081401007829,RHPL,44,37,40,208.00,"8,320.00"
2019-08-14,2019081401007799,RHPL,44,44,40,208.00,"8,320.00"
2019-08-14,2019081401007794,RHPL,44,59,40,208.00,"8,320.00"
2019-08-14,2019081401007921,RHPL,44,47,40,208.00,"8,320.00"
2019-08-14,2019081401007917,RHPL,49,39,20,209.00,"4,180.00"
2019-08-14,2019081401007900,RHPL,44,37,40,208.00,"8,320.00"
2019-08-14,2019081401007884,RHPL,44,44,40,208.00,"8,320.00"
2019-08-14,2019081401007880,RHPL,44,37,40,208.00,"8,320.00"
2019-08-14,2019081401007872,RHPL,44,59,40,208.00,"8,320.00"
2019-08-14,2019081401007971,RHPL,44,58,180,208.00,"37,440.00"
2019-08-14,2019081401007964,RHPL,44,59,40,208.00,"8,320.00"
2019-08-14,2019081401007955,RHPL,44,37,40,208.00,"8,320.00"
2019-08-14,2019081401007950,RHPL,44,39,40,208.00,"8,320.00"
2019-08-14,2019081401007928,RHPL,44,37,40,208.00,"8,320.00"
2019-08-14,2019081401007927,RHPL,44,59,40,208.00,"8,320.00"
2019-08-14,2019081401007841,RMDC,41,37,10,660.00,"6,600.00"
2019-08-14,2019081401007840,RRHP,47,44,10,105.00,"1,050.00"
2019-08-14,2019081401007716,RRHP,47,44,10,105.00,"1,050.00"
2019-08-14,2019081401008022,SADBL,48,44,10,150.00,"1,500.00"
2019-08-14,2019081401007824,SANIMA,50,51,50,346.00,"17,300.00"
2019-08-14,2019081401007823,SANIMA,58,51,300,346.00,"103,800.00"
2019-08-14,2019081401007822,SANIMA,58,51,100,346.00,"34,600.00"
2019-08-14,2019081401007821,SANIMA,22,51,163,346.00,"56,398.00"
2019-08-14,2019081401007750,SBI,41,53,155,443.00,"68,665.00"
2019-08-14,2019081401007749,SBI,45,53,30,443.00,"13,290.00"
2019-08-14,2019081401007748,SBI,45,53,15,443.00,"6,645.00"
2019-08-14,2019081401007745,SBI,57,19,177,446.00,"78,942.00"
2019-08-14,2019081401007623,SBI,45,16,85,443.00,"37,655.00"
2019-08-14,2019081401007622,SBI,17,16,200,443.00,"88,600.00"
2019-08-14,2019081401007621,SBI,57,16,100,444.00,"44,400.00"
2019-08-14,2019081401007620,SBI,1,16,50,445.00,"22,250.00"
2019-08-14,2019081401007619,SBI,5,16,100,445.00,"44,500.00"
2019-08-14,2019081401008006,SBL,34,10,966,316.00,"305,256.00"
2019-08-14,2019081401007898,SCB,44,21,26,646.00,"16,796.00"
2019-08-14,2019081401007897,SCB,1,21,50,647.00,"32,350.00"
2019-08-14,2019081401007896,SCB,25,21,24,647.00,"15,528.00"
2019-08-14,2019081401007958,SDESI,48,45,10,620.00,"6,200.00"
2019-08-14,2019081401008011,SHIVM,21,26,200,573.00,"114,600.00"
2019-08-14,2019081401007721,SHIVM,21,19,190,573.00,"108,870.00"
2019-08-14,2019081401007686,SHIVM,17,44,50,574.00,"28,700.00"
2019-08-14,2019081401007685,SHIVM,21,44,150,574.00,"86,100.00"
2019-08-14,2019081401007641,SHIVM,21,7,50,574.00,"28,700.00"
2019-08-14,2019081401007837,SHL,52,43,100,230.00,"23,000.00"
2019-08-14,2019081401007836,SHL,43,43,400,230.00,"92,000.00"
2019-08-14,2019081401007956,SHPC,14,42,50,237.00,"11,850.00"
2019-08-14,2019081401007695,SICL,47,59,17,770.00,"13,090.00"
2019-08-14,2019081401007694,SICL,42,59,40,770.00,"30,800.00"
2019-08-14,2019081401007693,SICL,56,59,46,771.00,"35,466.00"
2019-08-14,2019081401007684,SICL,55,14,50,775.00,"38,750.00"
2019-08-14,2019081401007850,SIL,25,58,10,445.00,"4,450.00"
2019-08-14,2019081401008024,SJCL,10,56,20,222.00,"4,440.00"
2019-08-14,2019081401008012,SJCL,57,6,10,224.00,"2,240.00"
2019-08-14,2019081401008007,SJCL,10,42,10,222.00,"2,220.00"
2019-08-14,2019081401008003,SJCL,10,49,10,222.00,"2,220.00"
2019-08-14,2019081401007555,SJCL,57,47,20,223.00,"4,460.00"
2019-08-14,2019081401007554,SJCL,57,50,"1,140",223.00,"254,220.00"
2019-08-14,2019081401007553,SJCL,57,6,20,223.00,"4,460.00"
2019-08-14,2019081401007552,SJCL,57,39,818,223.00,"182,414.00"
2019-08-14,2019081401007599,SJCL,10,49,10,222.00,"2,220.00"
2019-08-14,2019081401007594,SJCL,10,28,20,222.00,"4,440.00"
2019-08-14,2019081401007587,SJCL,10,37,20,222.00,"4,440.00"
2019-08-14,2019081401007575,SJCL,10,10,20,222.00,"4,440.00"
2019-08-14,2019081401007572,SJCL,10,28,20,222.00,"4,440.00"
2019-08-14,2019081401007567,SJCL,10,36,20,222.00,"4,440.00"
2019-08-14,2019081401007642,SJCL,1,17,20,224.00,"4,480.00"
2019-08-14,2019081401007635,SJCL,57,37,20,223.00,"4,460.00"
2019-08-14,2019081401007628,SJCL,1,6,10,224.00,"2,240.00"
2019-08-14,2019081401007627,SJCL,1,39,10,224.00,"2,240.00"
2019-08-14,2019081401007608,SJCL,10,42,20,222.00,"4,440.00"
2019-08-14,2019081401007605,SJCL,1,39,10,224.00,"2,240.00"
2019-08-14,2019081401007714,SJCL,10,49,20,222.00,"4,440.00"
2019-08-14,2019081401007706,SJCL,57,44,10,223.00,"2,230.00"
2019-08-14,2019081401007680,SJCL,57,37,20,223.00,"4,460.00"
2019-08-14,2019081401007664,SJCL,57,49,10,223.00,"2,230.00"
2019-08-14,2019081401007659,SJCL,57,10,20,223.00,"4,460.00"
2019-08-14,2019081401007643,SJCL,57,28,20,223.00,"4,460.00"
2019-08-14,2019081401007732,SJCL,10,1,20,222.00,"4,440.00"
2019-08-14,2019081401007717,SJCL,10,47,20,222.00,"4,440.00"
2019-08-14,2019081401007827,SJCL,10,47,20,222.00,"4,440.00"
2019-08-14,2019081401007801,SJCL,10,59,20,222.00,"4,440.00"
2019-08-14,2019081401007797,SJCL,10,20,20,222.00,"4,440.00"
2019-08-14,2019081401007761,SJCL,10,47,20,222.00,"4,440.00"
2019-08-14,2019081401007760,SJCL,10,28,20,222.00,"4,440.00"
2019-08-14,2019081401007885,SJCL,10,59,20,222.00,"4,440.00"
2019-08-14,2019081401007863,SJCL,10,49,20,222.00,"4,440.00"
2019-08-14,2019081401007859,SJCL,10,39,10,222.00,"2,220.00"
2019-08-14,2019081401007845,SJCL,10,59,20,222.00,"4,440.00"
2019-08-14,2019081401007843,SJCL,1,44,10,223.00,"2,230.00"
2019-08-14,2019081401007973,SJCL,10,59,10,222.00,"2,220.00"
2019-08-14,2019081401007966,SJCL,10,29,10,222.00,"2,220.00"
2019-08-14,2019081401007945,SJCL,10,59,20,222.00,"4,440.00"
2019-08-14,2019081401007920,SJCL,10,44,20,222.00,"4,440.00"
2019-08-14,2019081401007889,SJCL,10,47,20,222.00,"4,440.00"
2019-08-14,2019081401008031,SKBBL,3,1,90,980.00,"88,200.00"
2019-08-14,2019081401007903,SLBBL,48,29,150,557.00,"83,550.00"
2019-08-14,2019081401007902,SLBBL,48,19,200,556.00,"111,200.00"
2019-08-14,2019081401007839,SLBBL,57,19,50,556.00,"27,800.00"
2019-08-14,2019081401007774,SLBSL,52,6,10,650.00,"6,500.00"
2019-08-14,2019081401007953,SLICL,25,45,10,300.00,"3,000.00"
2019-08-14,2019081401007911,SLICL,45,4,50,299.00,"14,950.00"
2019-08-14,2019081401007899,SLICL,32,4,100,300.00,"30,000.00"
2019-08-14,2019081401007586,SLICL,1,4,100,299.00,"29,900.00"
2019-08-14,2019081401007585,SLICL,38,4,100,299.00,"29,900.00"
2019-08-14,2019081401007584,SLICL,35,4,100,299.00,"29,900.00"
2019-08-14,2019081401007583,SLICL,1,4,300,299.00,"89,700.00"
2019-08-14,2019081401007582,SLICL,34,4,73,299.00,"21,827.00"
2019-08-14,2019081401007906,SMFBS,58,32,10,824.00,"8,240.00"
2019-08-14,2019081401007905,SMFBS,58,42,10,824.00,"8,240.00"
2019-08-14,2019081401007904,SMFBS,58,13,30,823.00,"24,690.00"
2019-08-14,2019081401007675,SMFBS,57,32,10,824.00,"8,240.00"
2019-08-14,2019081401007615,SMFBS,21,42,10,814.00,"8,140.00"
2019-08-14,2019081401007603,SMFBS,18,38,150,820.00,"123,000.00"
2019-08-14,2019081401007887,SMFDB,50,13,300,546.00,"163,800.00"
2019-08-14,2019081401007886,SMFDB,17,13,40,547.00,"21,880.00"
2019-08-14,2019081401007888,SMFDB,17,13,460,546.00,"251,160.00"
2019-08-14,2019081401007791,SPARS,16,42,10,611.00,"6,110.00"
2019-08-14,2019081401007718,SPARS,16,38,20,611.00,"12,220.00"
2019-08-14,2019081401007648,SPARS,11,34,170,619.00,"105,230.00"
2019-08-14,2019081401007647,SPARS,11,45,50,619.00,"30,950.00"
2019-08-14,2019081401007646,SPARS,11,20,30,618.00,"18,540.00"
2019-08-14,2019081401007645,SPARS,11,43,40,617.00,"24,680.00"
2019-08-14,2019081401007644,SPARS,11,42,10,616.00,"6,160.00"
2019-08-14,2019081401007679,SRBL,53,51,"1,454",237.00,"344,598.00"
2019-08-14,2019081401007678,SRBL,53,14,80,237.00,"18,960.00"
2019-08-14,2019081401007883,SWBBL,7,22,150,925.00,"138,750.00"
2019-08-14,2019081401007882,SWBBL,7,39,100,925.00,"92,500.00"
2019-08-14,2019081401007881,SWBBL,7,5,100,925.00,"92,500.00"
2019-08-14,2019081401007879,TRH,6,57,50,303.00,"15,150.00"
2019-08-14,2019081401007878,TRH,17,57,500,303.00,"151,500.00"
2019-08-14,2019081401007877,TRH,17,57,500,303.00,"151,500.00"
2019-08-14,2019081401007876,TRH,17,57,500,303.00,"151,500.00"
2019-08-14,2019081401007875,TRH,53,57,50,303.00,"15,150.00"
2019-08-14,2019081401007874,TRH,6,57,20,303.00,"6,060.00"
2019-08-14,2019081401007873,TRH,6,57,100,304.00,"30,400.00"
2019-08-14,2019081401007566,TRH,6,43,"1,900",304.00,"577,600.00"
2019-08-14,2019081401007565,TRH,40,43,100,304.00,"30,400.00"
2019-08-14,2019081401007569,UFL,32,6,20,177.00,"3,540.00"
2019-08-14,2019081401007755,UIC,43,44,50,311.00,"15,550.00"
2019-08-14,2019081401007754,UIC,58,44,50,311.00,"15,550.00"
2019-08-14,2019081401007753,UIC,57,44,90,311.00,"27,990.00"
2019-08-14,2019081401007752,UIC,44,44,200,316.00,"63,200.00"
2019-08-14,2019081401007637,UIC,44,37,100,316.00,"31,600.00"
2019-08-14,2019081401008041,UPPER,13,6,13,265.00,"3,445.00"
2019-08-14,2019081401008040,UPPER,13,48,40,265.00,"10,600.00"
2019-08-14,2019081401008039,UPPER,13,21,40,265.00,"10,600.00"
2019-08-14,2019081401008038,UPPER,13,57,84,265.00,"22,260.00"
2019-08-14,2019081401008037,UPPER,13,44,50,265.00,"13,250.00"
2019-08-14,2019081401008036,UPPER,13,44,13,265.00,"3,445.00"
2019-08-14,2019081401007764,UPPER,13,21,50,264.00,"13,200.00"
2019-08-14,2019081401007707,UPPER,13,7,40,264.00,"10,560.00"
2019-08-14,2019081401007687,UPPER,13,21,370,264.00,"97,680.00"
2019-08-14,2019081401007592,UPPER,36,21,50,263.00,"13,150.00"
2019-08-14,2019081401008016,UPPER,13,26,50,264.00,"13,200.00"
2019-08-14,2019081401007828,UPPER,13,21,100,264.00,"26,400.00"
2019-08-14,2019081401007816,UPPER,13,6,150,264.00,"39,600.00"
2019-08-14,2019081401007895,VLBS,45,14,10,612.00,"6,120.00"
2019-08-14,2019081401007756,VLBS,45,11,10,601.00,"6,010.00"
2019-08-14,2019081401007692,VLBS,45,14,390,600.00,"234,000.00"
2019-08-14,2019081401007691,VLBS,45,7,50,600.00,"30,000.00"
2019-08-14,2019081401007629,VLBS,45,34,110,594.00,"65,340.00"
2019-08-14,2019081401007588,VLBS,39,42,13,588.00,"7,644.00"
2019-08-14,2019081401007632,VLBS,45,19,48,596.00,"28,608.00"
2019-08-14,2019081401007631,VLBS,45,35,25,595.00,"14,875.00"
2019-08-14,2019081401007630,VLBS,45,25,21,595.00,"12,495.00"
2019-08-14,2019081401007291,ADBL,58,57,30,430.00,"12,900.00"
2019-08-14,2019081401007290,ADBL,58,38,500,430.00,"215,000.00"
2019-08-14,2019081401007289,ADBL,58,57,470,430.00,"202,100.00"
2019-08-14,2019081401007487,AHPC,6,33,100,103.00,"10,300.00"
2019-08-14,2019081401007401,AHPC,10,33,250,103.00,"25,750.00"
2019-08-14,2019081401007103,AKPL,57,46,95,162.00,"15,390.00"
2019-08-14,2019081401007102,AKPL,14,46,84,163.00,"13,692.00"
2019-08-14,2019081401007393,ALBSL,8,42,10,468.00,"4,680.00"
2019-08-14,2019081401007165,ALBSL,8,43,10,468.00,"4,680.00"
2019-08-14,2019081401007153,ALBSL,8,42,10,468.00,"4,680.00"
2019-08-14,2019081401007251,ALICL,14,25,300,350.00,"105,000.00"
2019-08-14,2019081401007250,ALICL,51,25,20,350.00,"7,000.00"
2019-08-14,2019081401007249,ALICL,43,25,12,350.00,"4,200.00"
2019-08-14,2019081401007064,BOKL,25,11,150,258.00,"38,700.00"
2019-08-14,2019081401007282,BPCL,1,21,22,388.00,"8,536.00"
2019-08-14,2019081401007353,CBBL,44,22,200,990.00,"198,000.00"
2019-08-14,2019081401007352,CBBL,44,6,350,990.00,"346,500.00"
2019-08-14,2019081401007351,CBBL,44,50,450,985.00,"443,250.00"
2019-08-14,2019081401007354,CBL,40,39,41,149.00,"6,109.00"
2019-08-14,2019081401007262,CBL,40,21,41,149.00,"6,109.00"
2019-08-14,2019081401007191,CBL,40,26,200,149.00,"29,800.00"
2019-08-14,2019081401007358,CCBL,28,38,449,163.00,"73,187.00"
2019-08-14,2019081401007357,CCBL,56,38,300,163.00,"48,900.00"
2019-08-14,2019081401007356,CCBL,57,38,200,163.00,"32,600.00"
2019-08-14,2019081401007355,CCBL,43,38,96,163.00,"15,648.00"
2019-08-14,2019081401007468,CFCL,32,26,20,117.00,"2,340.00"
2019-08-14,2019081401007407,CLBSL,7,32,350,515.00,"180,250.00"
2019-08-14,2019081401007380,CZBIL,7,37,90,217.00,"19,530.00"
2019-08-14,2019081401007379,CZBIL,41,37,50,218.00,"10,900.00"
2019-08-14,2019081401007196,CZBIL,41,14,198,218.00,"43,164.00"
2019-08-14,2019081401007195,CZBIL,51,14,602,218.00,"131,236.00"
2019-08-14,2019081401007479,DDBL,25,42,40,755.00,"30,200.00"
2019-08-14,2019081401007478,DDBL,17,42,30,756.00,"22,680.00"
2019-08-14,2019081401007477,DDBL,11,42,30,757.00,"22,710.00"
2019-08-14,2019081401007440,DDBL,11,52,20,757.00,"15,140.00"
2019-08-14,2019081401007104,DDBL,25,17,23,755.00,"17,365.00"
2019-08-14,2019081401007426,EBL,14,46,24,647.00,"15,528.00"
2019-08-14,2019081401007425,EBL,47,46,25,648.00,"16,200.00"
2019-08-14,2019081401007424,EBL,32,46,72,648.00,"46,656.00"
2019-08-14,2019081401007423,EBL,36,46,89,648.00,"57,672.00"
2019-08-14,2019081401007482,FMDBL,37,16,100,397.00,"39,700.00"
2019-08-14,2019081401007396,FMDBL,42,6,36,396.00,"14,256.00"
2019-08-14,2019081401007539,GBBL,14,39,41,213.00,"8,733.00"
2019-08-14,2019081401007509,GBBL,14,17,200,213.00,"42,600.00"
2019-08-14,2019081401007508,GBBL,51,17,100,213.00,"21,300.00"
2019-08-14,2019081401007525,GDBL,6,19,195,204.00,"39,780.00"
2019-08-14,2019081401007524,GDBL,14,19,300,204.00,"61,200.00"
2019-08-14,2019081401007523,GDBL,32,19,500,204.00,"102,000.00"
2019-08-14,2019081401007522,GDBL,5,19,92,204.00,"18,768.00"
2019-08-14,2019081401007521,GDBL,47,19,300,205.00,"61,500.00"
2019-08-14,2019081401007520,GDBL,40,19,113,205.00,"23,165.00"
2019-08-14,2019081401007475,GLBSL,7,38,10,525.00,"5,250.00"
2019-08-14,2019081401007376,GLBSL,7,55,270,525.00,"141,750.00"
2019-08-14,2019081401007375,GLBSL,21,55,200,526.00,"105,200.00"
2019-08-14,2019081401007374,GLBSL,8,55,30,527.00,"15,810.00"
2019-08-14,2019081401007312,GLBSL,8,38,50,527.00,"26,350.00"
2019-08-14,2019081401007063,GLBSL,8,40,10,527.00,"5,270.00"
2019-08-14,2019081401007446,GLICL,39,55,90,460.00,"41,400.00"
2019-08-14,2019081401007400,GMFBS,7,42,10,579.00,"5,790.00"
2019-08-14,2019081401007266,GMFBS,7,57,10,579.00,"5,790.00"
2019-08-14,2019081401007234,GMFBS,7,57,10,579.00,"5,790.00"
2019-08-14,2019081401007197,GMFBS,7,57,10,579.00,"5,790.00"
2019-08-14,2019081401007192,GMFBS,7,58,10,579.00,"5,790.00"
2019-08-14,2019081401007067,GMFBS,7,43,10,579.00,"5,790.00"
2019-08-14,2019081401007202,GMFIL,17,22,181,121.00,"21,901.00"
2019-08-14,2019081401007148,GMFIL,45,26,50,122.00,"6,100.00"
2019-08-14,2019081401007101,GMFIL,32,26,20,122.00,"2,440.00"
2019-08-14,2019081401007334,GUFL,20,37,500,119.00,"59,500.00"
2019-08-14,2019081401007313,GUFL,3,37,200,119.00,"23,800.00"
2019-08-14,2019081401007254,HBL,53,22,86,545.00,"46,870.00"
2019-08-14,2019081401007253,HBL,14,22,84,545.00,"45,780.00"
2019-08-14,2019081401007394,HDL,32,33,60,"1,530.00","91,800.00"
2019-08-14,2019081401007171,HGI,22,22,150,327.00,"49,050.00"
2019-08-14,2019081401007170,HGI,22,22,100,327.00,"32,700.00"
2019-08-14,2019081401007169,HGI,22,32,70,327.00,"22,890.00"
2019-08-14,2019081401007164,HGI,50,22,47,325.00,"15,275.00"
2019-08-14,2019081401007163,HGI,33,22,33,325.00,"10,725.00"
2019-08-14,2019081401007150,HGI,32,22,20,326.00,"6,520.00"
2019-08-14,2019081401007209,HIDCL,22,40,500,150.00,"75,000.00"
2019-08-14,2019081401007208,HIDCL,19,40,105,150.00,"15,750.00"
2019-08-14,2019081401007207,HIDCL,1,40,139,150.00,"20,850.00"
2019-08-14,2019081401007206,HIDCL,1,40,149,150.00,"22,350.00"
2019-08-14,2019081401007205,HIDCL,22,40,100,150.00,"15,000.00"
2019-08-14,2019081401007204,HIDCL,22,40,"1,000",150.00,"150,000.00"
2019-08-14,2019081401007203,HIDCL,1,40,"1,800",150.00,"270,000.00"
2019-08-14,2019081401007237,HURJA,52,21,10,131.00,"1,310.00"
2019-08-14,2019081401007236,HURJA,59,21,10,132.00,"1,320.00"
2019-08-14,2019081401007190,HURJA,59,6,100,132.00,"13,200.00"
2019-08-14,2019081401007122,HURJA,59,50,20,132.00,"2,640.00"
2019-08-14,2019081401007081,HURJA,59,43,10,132.00,"1,320.00"
2019-08-14,2019081401007052,HURJA,59,38,20,132.00,"2,640.00"
2019-08-14,2019081401007328,IGI,17,32,50,344.00,"17,200.00"
2019-08-14,2019081401007545,ILBS,45,10,110,475.00,"52,250.00"
2019-08-14,2019081401007514,ILBS,45,11,10,475.00,"4,750.00"
2019-08-14,2019081401007484,ILBS,45,11,10,475.00,"4,750.00"
2019-08-14,2019081401007448,ILBS,38,42,10,476.00,"4,760.00"
2019-08-14,2019081401007447,ILBS,38,35,10,476.00,"4,760.00"
2019-08-14,2019081401007427,ILBS,45,11,10,475.00,"4,750.00"
2019-08-14,2019081401007084,ILBS,17,40,10,477.00,"4,770.00"
2019-08-14,2019081401007051,ILBS,11,11,10,478.00,"4,780.00"
2019-08-14,2019081401007109,ILBS,38,38,100,476.00,"47,600.00"
2019-08-14,2019081401007108,ILBS,17,38,120,476.00,"57,120.00"
2019-08-14,2019081401007100,ILBS,17,38,80,476.00,"38,080.00"
2019-08-14,2019081401007099,ILBS,43,38,50,476.00,"23,800.00"
2019-08-14,2019081401007098,ILBS,57,38,10,476.00,"4,760.00"
2019-08-14,2019081401007097,ILBS,17,38,100,477.00,"47,700.00"
2019-08-14,2019081401007342,ILBS,11,11,10,476.00,"4,760.00"
2019-08-14,2019081401007310,ILBS,45,42,10,475.00,"4,750.00"
2019-08-14,2019081401007263,ILBS,11,11,10,476.00,"4,760.00"
2019-08-14,2019081401007158,ILBS,11,21,10,476.00,"4,760.00"
2019-08-14,2019081401007111,ILBS,45,38,240,475.00,"114,000.00"
2019-08-14,2019081401007110,ILBS,17,38,30,475.00,"14,250.00"
2019-08-14,2019081401007350,JSLBB,44,43,14,986.00,"13,804.00"
2019-08-14,2019081401007095,KPCL,41,43,10,86.00,860.00
2019-08-14,2019081401007454,KSBBL,34,34,"2,725",148.00,"403,300.00"
2019-08-14,2019081401007453,KSBBL,14,34,200,148.00,"29,600.00"
2019-08-14,2019081401007452,KSBBL,21,34,100,148.00,"14,800.00"
2019-08-14,2019081401007451,KSBBL,21,34,475,148.00,"70,300.00"
2019-08-14,2019081401007450,KSBBL,56,34,500,148.00,"74,000.00"
2019-08-14,2019081401007093,LBBL,35,13,200,177.00,"35,400.00"
2019-08-14,2019081401007092,LBBL,42,13,"1,000",177.00,"177,000.00"
2019-08-14,2019081401007094,LBBL,35,13,50,177.00,"8,850.00"
2019-08-14,2019081401007213,LBL,34,11,369,213.00,"78,597.00"
2019-08-14,2019081401007212,LBL,32,11,280,213.00,"59,640.00"
2019-08-14,2019081401007211,LBL,25,11,341,213.00,"72,633.00"
2019-08-14,2019081401007167,LBL,50,44,50,214.00,"10,700.00"
2019-08-14,2019081401007152,LBL,25,43,159,213.00,"33,867.00"
2019-08-14,2019081401007151,LBL,25,43,841,213.00,"179,133.00"
2019-08-14,2019081401007138,LBL,25,11,159,213.00,"33,867.00"
2019-08-14,2019081401007137,LBL,58,11,500,213.00,"106,500.00"
2019-08-14,2019081401007136,LBL,25,11,341,213.00,"72,633.00"
2019-08-14,2019081401007245,LGIL,48,49,300,415.00,"124,500.00"
2019-08-14,2019081401007244,LGIL,48,48,150,415.00,"62,250.00"
2019-08-14,2019081401007527,MBL,16,1,450,256.00,"115,200.00"
2019-08-14,2019081401007526,MBL,16,6,866,256.00,"221,696.00"
2019-08-14,2019081401007225,MBL,50,6,50,256.00,"12,800.00"
2019-08-14,2019081401007224,MBL,25,6,300,256.00,"76,800.00"
2019-08-14,2019081401007223,MBL,40,6,170,256.00,"43,520.00"
2019-08-14,2019081401007222,MBL,38,6,200,256.00,"51,200.00"
2019-08-14,2019081401007221,MBL,58,6,314,256.00,"80,384.00"
2019-08-14,2019081401007308,MDB,32,21,20,238.00,"4,760.00"
2019-08-14,2019081401007060,MEGA,22,44,74,199.00,"14,726.00"
2019-08-14,2019081401007059,MEGA,45,44,126,199.00,"25,074.00"
2019-08-14,2019081401007180,MEGA,22,6,150,199.00,"29,850.00"
2019-08-14,2019081401007349,MEGA,53,45,144,199.00,"28,656.00"
2019-08-14,2019081401007348,MEGA,46,45,"2,000",199.00,"398,000.00"
2019-08-14,2019081401007347,MEGA,22,45,76,199.00,"15,124.00"
2019-08-14,2019081401007397,MLBL,35,46,330,197.00,"65,010.00"
2019-08-14,2019081401007311,MLBL,35,19,"1,080",197.00,"212,760.00"
2019-08-14,2019081401007471,MNBBL,32,57,82,371.00,"30,422.00"
2019-08-14,2019081401007417,MNBBL,29,42,88,370.00,"32,560.00"
2019-08-14,2019081401007416,MNBBL,29,45,100,370.00,"37,000.00"
2019-08-14,2019081401007415,MNBBL,29,28,200,370.00,"74,000.00"
2019-08-14,2019081401007414,MNBBL,29,29,400,370.00,"148,000.00"
2019-08-14,2019081401007413,MNBBL,29,45,397,370.00,"146,890.00"
2019-08-14,2019081401007241,MNBBL,32,45,150,369.00,"55,350.00"
2019-08-14,2019081401007200,MNBBL,32,45,85,369.00,"31,365.00"
2019-08-14,2019081401007199,MNBBL,32,17,15,369.00,"5,535.00"
2019-08-14,2019081401007173,MNBBL,49,17,43,369.00,"15,867.00"
2019-08-14,2019081401007127,MNBBL,45,17,20,369.00,"7,380.00"
2019-08-14,2019081401007412,MNBBL,29,1,500,370.00,"185,000.00"
2019-08-14,2019081401007411,MNBBL,29,45,500,370.00,"185,000.00"
2019-08-14,2019081401007410,MNBBL,29,19,"1,000",369.00,"369,000.00"
2019-08-14,2019081401007409,MNBBL,29,45,205,369.00,"75,645.00"
2019-08-14,2019081401007359,MNBBL,28,45,20,369.00,"7,380.00"
2019-08-14,2019081401007336,MNBBL,28,45,10,369.00,"3,690.00"
2019-08-14,2019081401007106,MSLB,39,44,10,965.00,"9,650.00"
2019-08-14,2019081401007467,NABIL,32,28,125,780.00,"97,500.00"
2019-08-14,2019081401007174,NABIL,1,28,50,780.00,"39,000.00"
2019-08-14,2019081401007082,NABIL,25,6,100,779.00,"77,900.00"
2019-08-14,2019081401007496,NADEP,47,28,20,493.00,"9,860.00"
2019-08-14,2019081401007495,NADEP,39,28,130,494.00,"64,220.00"
2019-08-14,2019081401007331,NADEP,39,45,70,494.00,"34,580.00"
2019-08-14,2019081401007330,NADEP,26,45,30,494.00,"14,820.00"
2019-08-14,2019081401007544,NAGRO,21,17,10,832.00,"8,320.00"
2019-08-14,2019081401007408,NAGRO,58,42,10,830.00,"8,300.00"
2019-08-14,2019081401007119,NAGRO,33,37,10,826.00,"8,260.00"
2019-08-14,2019081401007344,NBB,16,37,803,217.00,"174,251.00"
2019-08-14,2019081401007269,NBB,38,38,312,216.00,"67,392.00"
2019-08-14,2019081401007268,NBB,25,38,458,216.00,"98,928.00"
2019-08-14,2019081401007105,NBB,32,37,30,217.00,"6,510.00"
2019-08-14,2019081401007537,NBL,45,43,218,323.00,"70,414.00"
2019-08-14,2019081401007536,NBL,1,43,200,323.00,"64,600.00"
2019-08-14,2019081401007535,NBL,6,43,515,323.00,"166,345.00"
2019-08-14,2019081401007534,NBL,40,43,50,323.00,"16,150.00"
2019-08-14,2019081401007533,NBL,40,43,"1,000",323.00,"323,000.00"
2019-08-14,2019081401007532,NBL,17,43,"1,000",323.00,"323,000.00"
2019-08-14,2019081401007070,NBL,47,44,"1,593",323.00,"514,539.00"
2019-08-14,2019081401007076,NBL,34,44,200,323.00,"64,600.00"
2019-08-14,2019081401007075,NBL,7,44,100,323.00,"32,300.00"
2019-08-14,2019081401007074,NBL,43,44,200,323.00,"64,600.00"
2019-08-14,2019081401007073,NBL,26,44,200,323.00,"64,600.00"
2019-08-14,2019081401007072,NBL,47,44,300,323.00,"96,900.00"
2019-08-14,2019081401007071,NBL,14,44,200,323.00,"64,600.00"
2019-08-14,2019081401007259,NBL,20,35,200,324.00,"64,800.00"
2019-08-14,2019081401007124,NBL,6,35,100,324.00,"32,400.00"
2019-08-14,2019081401007080,NBL,42,44,207,323.00,"66,861.00"
2019-08-14,2019081401007079,NBL,17,44,500,323.00,"161,500.00"
2019-08-14,2019081401007078,NBL,26,44,500,323.00,"161,500.00"
2019-08-14,2019081401007077,NBL,43,44,"1,000",323.00,"323,000.00"
2019-08-14,2019081401007363,NBL,22,59,"1,000",323.00,"323,000.00"
2019-08-14,2019081401007362,NBL,6,59,200,323.00,"64,600.00"
2019-08-14,2019081401007361,NBL,3,59,73,323.00,"23,579.00"
2019-08-14,2019081401007273,NBL,3,43,427,323.00,"137,921.00"
2019-08-14,2019081401007272,NBL,49,43,30,323.00,"9,690.00"
2019-08-14,2019081401007271,NBL,42,43,43,323.00,"13,889.00"
2019-08-14,2019081401007369,NBL,42,59,733,323.00,"236,759.00"
2019-08-14,2019081401007368,NBL,13,59,50,323.00,"16,150.00"
2019-08-14,2019081401007367,NBL,41,59,50,323.00,"16,150.00"
2019-08-14,2019081401007366,NBL,41,59,106,323.00,"34,238.00"
2019-08-14,2019081401007365,NBL,25,59,200,323.00,"64,600.00"
2019-08-14,2019081401007364,NBL,29,59,800,323.00,"258,400.00"
2019-08-14,2019081401007531,NBL,38,43,50,323.00,"16,150.00"
2019-08-14,2019081401007530,NBL,53,43,200,323.00,"64,600.00"
2019-08-14,2019081401007529,NBL,25,43,"1,000",323.00,"323,000.00"
2019-08-14,2019081401007528,NBL,42,43,267,323.00,"86,241.00"
2019-08-14,2019081401007419,NBL,56,35,10,324.00,"3,240.00"
2019-08-14,2019081401007391,NBL,17,35,50,324.00,"16,200.00"
2019-08-14,2019081401007503,NCCB,36,57,440,203.00,"89,320.00"
2019-08-14,2019081401007502,NCCB,17,57,35,203.00,"7,105.00"
2019-08-14,2019081401007501,NCCB,16,57,25,203.00,"5,075.00"
2019-08-14,2019081401007500,NCCB,36,57,200,203.00,"40,600.00"
2019-08-14,2019081401007499,NCCB,58,57,500,203.00,"101,500.00"
2019-08-14,2019081401007498,NCCB,32,57,500,203.00,"101,500.00"
2019-08-14,2019081401007186,NCCB,34,53,80,204.00,"16,320.00"
2019-08-14,2019081401007497,NCCB,32,57,300,203.00,"60,900.00"
2019-08-14,2019081401007429,NCCB,32,1,50,204.00,"10,200.00"
2019-08-14,2019081401007341,NCCB,46,1,188,204.00,"38,352.00"
2019-08-14,2019081401007340,NCCB,46,53,212,204.00,"43,248.00"
2019-08-14,2019081401007321,NCCB,21,53,200,204.00,"40,800.00"
2019-08-14,2019081401007288,NCCB,41,53,70,204.00,"14,280.00"
2019-08-14,2019081401007286,NEF,54,52,"1,000",8.16,"8,160.00"
2019-08-14,2019081401007299,NIB,45,21,37,507.00,"18,759.00"
2019-08-14,2019081401007298,NIB,32,21,200,507.00,"101,400.00"
2019-08-14,2019081401007297,NIB,1,21,10,507.00,"5,070.00"
2019-08-14,2019081401007296,NIB,45,21,23,507.00,"11,661.00"
2019-08-14,2019081401007295,NIB,35,21,100,507.00,"50,700.00"
2019-08-14,2019081401007294,NIB,1,21,100,507.00,"50,700.00"
2019-08-14,2019081401007293,NIB,7,21,20,507.00,"10,140.00"
2019-08-14,2019081401007292,NIB,57,21,50,507.00,"25,350.00"
2019-08-14,2019081401007480,NIBPO,34,44,200,448.00,"89,600.00"
2019-08-14,2019081401007459,NIBPO,34,44,311,448.00,"139,328.00"
2019-08-14,2019081401007458,NIBPO,38,44,165,450.00,"74,250.00"
2019-08-14,2019081401007140,NIBPO,38,4,35,450.00,"15,750.00"
2019-08-14,2019081401007320,NICA,21,11,250,445.00,"111,250.00"
2019-08-14,2019081401007049,NICA,43,44,150,443.00,"66,450.00"
2019-08-14,2019081401007473,NIL,52,50,50,460.00,"23,000.00"
2019-08-14,2019081401007307,NLBBL,34,43,90,551.00,"49,590.00"
2019-08-14,2019081401007306,NLBBL,33,43,50,551.00,"27,550.00"
2019-08-14,2019081401007305,NLBBL,52,43,50,552.00,"27,600.00"
2019-08-14,2019081401007304,NLBBL,50,43,10,553.00,"5,530.00"
2019-08-14,2019081401007303,NLBBL,54,43,100,553.00,"55,300.00"
2019-08-14,2019081401007316,NLG,54,43,89,689.00,"61,321.00"
2019-08-14,2019081401007315,NLG,54,34,34,688.00,"23,392.00"
2019-08-14,2019081401007314,NLG,54,53,114,688.00,"78,432.00"
2019-08-14,2019081401007129,NLIC,45,28,20,872.00,"17,440.00"
2019-08-14,2019081401007235,NMBHF1,5,41,480,9.80,"4,704.00"
2019-08-14,2019081401007143,NMBSF1,46,7,"5,000",11.20,"56,000.00"
2019-08-14,2019081401007142,NMBSF1,46,7,"5,000",11.20,"56,000.00"
2019-08-14,2019081401007141,NMBSF1,46,7,"1,000",11.20,"11,200.00"
2019-08-14,2019081401007125,OHL,40,32,75,590.00,"44,250.00"
2019-08-14,2019081401007443,PCBL,45,57,100,275.00,"27,500.00"
2019-08-14,2019081401007089,PCBL,45,11,100,275.00,"27,500.00"
2019-08-14,2019081401007546,PFL,17,5,100,135.00,"13,500.00"
2019-08-14,2019081401007455,PIC,20,38,40,460.00,"18,400.00"
2019-08-14,2019081401007542,PICL,58,38,250,501.00,"125,250.00"
2019-08-14,2019081401007216,PLIC,52,26,100,414.00,"41,400.00"
2019-08-14,2019081401007215,PLIC,42,26,40,414.00,"16,560.00"
2019-08-14,2019081401007112,PMHPL,54,43,10,102.00,"1,020.00"
2019-08-14,2019081401007065,PPCL,14,38,30,120.00,"3,600.00"
2019-08-14,2019081401007538,PRIN,41,33,347,351.00,"121,797.00"
2019-08-14,2019081401007181,PRIN,32,55,19,349.00,"6,631.00"
2019-08-14,2019081401007309,PRVU,17,38,18,268.00,"4,824.00"
2019-08-14,2019081401007436,RBCL,19,19,10,"9,155.00","91,550.00"
2019-08-14,2019081401007435,RBCL,19,19,10,"9,160.00","91,600.00"
2019-08-14,2019081401007548,RHPL,44,44,40,208.00,"8,320.00"
2019-08-14,2019081401007547,RHPL,44,37,40,208.00,"8,320.00"
2019-08-14,2019081401007541,RHPL,44,26,40,208.00,"8,320.00"
2019-08-14,2019081401007540,RHPL,44,49,10,208.00,"2,080.00"
2019-08-14,2019081401007519,RHPL,44,37,40,208.00,"8,320.00"
2019-08-14,2019081401007518,RHPL,44,34,40,208.00,"8,320.00"
2019-08-14,2019081401007085,RHPL,36,10,30,208.00,"6,240.00"
2019-08-14,2019081401007069,RHPL,36,37,30,208.00,"6,240.00"
2019-08-14,2019081401007068,RHPL,19,37,10,208.00,"2,080.00"
2019-08-14,2019081401007061,RHPL,19,28,10,208.00,"2,080.00"
2019-08-14,2019081401007055,RHPL,19,10,40,208.00,"8,320.00"
2019-08-14,2019081401007115,RHPL,13,37,40,208.00,"8,320.00"
2019-08-14,2019081401007091,RHPL,13,52,470,208.00,"97,760.00"
2019-08-14,2019081401007090,RHPL,36,52,50,208.00,"10,400.00"
2019-08-14,2019081401007088,RHPL,36,38,10,208.00,"2,080.00"
2019-08-14,2019081401007087,RHPL,36,49,40,208.00,"8,320.00"
2019-08-14,2019081401007086,RHPL,36,37,40,208.00,"8,320.00"
2019-08-14,2019081401007159,RHPL,13,42,40,208.00,"8,320.00"
2019-08-14,2019081401007157,RHPL,13,37,40,208.00,"8,320.00"
2019-08-14,2019081401007156,RHPL,13,10,50,208.00,"10,400.00"
2019-08-14,2019081401007147,RHPL,13,37,40,208.00,"8,320.00"
2019-08-14,2019081401007132,RHPL,13,10,40,208.00,"8,320.00"
2019-08-14,2019081401007118,RHPL,13,43,30,208.00,"6,240.00"
2019-08-14,2019081401007201,RHPL,13,42,40,208.00,"8,320.00"
2019-08-14,2019081401007194,RHPL,13,37,40,208.00,"8,320.00"
2019-08-14,2019081401007193,RHPL,13,45,40,208.00,"8,320.00"
2019-08-14,2019081401007187,RHPL,13,37,40,208.00,"8,320.00"
2019-08-14,2019081401007177,RHPL,13,21,40,208.00,"8,320.00"
2019-08-14,2019081401007168,RHPL,13,55,20,208.00,"4,160.00"
2019-08-14,2019081401007242,RHPL,37,47,10,208.00,"2,080.00"
2019-08-14,2019081401007233,RHPL,37,10,40,208.00,"8,320.00"
2019-08-14,2019081401007232,RHPL,37,47,10,208.00,"2,080.00"
2019-08-14,2019081401007220,RHPL,37,58,10,208.00,"2,080.00"
2019-08-14,2019081401007219,RHPL,13,58,20,208.00,"4,160.00"
2019-08-14,2019081401007210,RHPL,13,47,10,208.00,"2,080.00"
2019-08-14,2019081401007300,RHPL,55,37,40,208.00,"8,320.00"
2019-08-14,2019081401007275,RHPL,55,37,40,208.00,"8,320.00"
2019-08-14,2019081401007274,RHPL,55,42,40,208.00,"8,320.00"
2019-08-14,2019081401007270,RHPL,37,10,40,208.00,"8,320.00"
2019-08-14,2019081401007256,RHPL,37,13,50,208.00,"10,400.00"
2019-08-14,2019081401007243,RHPL,37,37,40,208.00,"8,320.00"
2019-08-14,2019081401007326,RHPL,55,28,20,208.00,"4,160.00"
2019-08-14,2019081401007324,RHPL,55,49,20,208.00,"4,160.00"
2019-08-14,2019081401007323,RHPL,55,21,200,208.00,"41,600.00"
2019-08-14,2019081401007319,RHPL,55,37,40,208.00,"8,320.00"
2019-08-14,2019081401007318,RHPL,55,42,40,208.00,"8,320.00"
2019-08-14,2019081401007301,RHPL,55,28,10,208.00,"2,080.00"
2019-08-14,2019081401007392,RHPL,1,7,40,207.00,"8,280.00"
2019-08-14,2019081401007339,RHPL,1,37,20,207.00,"4,140.00"
2019-08-14,2019081401007338,RHPL,47,37,20,207.00,"4,140.00"
2019-08-14,2019081401007333,RHPL,38,29,20,208.00,"4,160.00"
2019-08-14,2019081401007332,RHPL,55,29,20,208.00,"4,160.00"
2019-08-14,2019081401007327,RHPL,55,6,30,208.00,"6,240.00"
2019-08-14,2019081401007432,RHPL,44,6,30,208.00,"6,240.00"
2019-08-14,2019081401007428,RHPL,1,42,40,207.00,"8,280.00"
2019-08-14,2019081401007421,RHPL,1,45,40,207.00,"8,280.00"
2019-08-14,2019081401007420,RHPL,1,37,40,207.00,"8,280.00"
2019-08-14,2019081401007404,RHPL,1,47,40,207.00,"8,280.00"
2019-08-14,2019081401007395,RHPL,1,35,30,207.00,"6,210.00"
2019-08-14,2019081401007461,RHPL,44,37,40,208.00,"8,320.00"
2019-08-14,2019081401007445,RHPL,44,37,40,208.00,"8,320.00"
2019-08-14,2019081401007439,RHPL,44,47,40,208.00,"8,320.00"
2019-08-14,2019081401007437,RHPL,44,28,10,208.00,"2,080.00"
2019-08-14,2019081401007434,RHPL,44,6,30,208.00,"6,240.00"
2019-08-14,2019081401007433,RHPL,44,6,30,208.00,"6,240.00"
2019-08-14,2019081401007485,RHPL,44,34,50,208.00,"10,400.00"
2019-08-14,2019081401007483,RHPL,44,37,40,208.00,"8,320.00"
2019-08-14,2019081401007481,RHPL,44,39,30,208.00,"6,240.00"
2019-08-14,2019081401007476,RHPL,44,10,50,208.00,"10,400.00"
2019-08-14,2019081401007474,RHPL,44,47,40,208.00,"8,320.00"
2019-08-14,2019081401007472,RHPL,44,28,10,208.00,"2,080.00"
2019-08-14,2019081401007517,RHPL,44,47,40,208.00,"8,320.00"
2019-08-14,2019081401007515,RHPL,44,26,40,208.00,"8,320.00"
2019-08-14,2019081401007513,RHPL,44,28,40,208.00,"8,320.00"
2019-08-14,2019081401007512,RHPL,44,37,40,208.00,"8,320.00"
2019-08-14,2019081401007510,RHPL,44,34,40,208.00,"8,320.00"
2019-08-14,2019081401007490,RHPL,44,37,40,208.00,"8,320.00"
2019-08-14,2019081401007372,RMDC,17,10,68,652.00,"44,336.00"
2019-08-14,2019081401007371,RMDC,14,10,32,652.00,"20,864.00"
2019-08-14,2019081401007370,RMDC,53,10,150,653.00,"97,950.00"
2019-08-14,2019081401007504,RRHP,47,39,10,105.00,"1,050.00"
2019-08-14,2019081401007337,SANIMA,22,32,154,346.00,"53,284.00"
2019-08-14,2019081401007117,SANIMA,22,35,183,346.00,"63,318.00"
2019-08-14,2019081401007116,SANIMA,58,35,317,346.00,"109,682.00"
2019-08-14,2019081401007128,SBI,32,19,538,446.00,"239,948.00"
2019-08-14,2019081401007494,SBL,38,50,814,315.00,"256,410.00"
2019-08-14,2019081401007493,SBL,20,50,10,315.00,"3,150.00"
2019-08-14,2019081401007492,SBL,5,50,100,315.00,"31,500.00"
2019-08-14,2019081401007491,SBL,38,50,76,315.00,"23,940.00"
2019-08-14,2019081401007240,SBL,38,35,424,315.00,"133,560.00"
2019-08-14,2019081401007239,SBL,34,35,76,315.00,"23,940.00"
2019-08-14,2019081401007214,SBL,34,6,79,315.00,"24,885.00"
2019-08-14,2019081401007107,SCB,25,58,50,647.00,"32,350.00"
2019-08-14,2019081401007058,SCB,25,11,926,647.00,"599,122.00"
2019-08-14,2019081401007057,SCB,28,11,10,648.00,"6,480.00"
2019-08-14,2019081401007056,SCB,34,11,14,648.00,"9,072.00"
2019-08-14,2019081401007121,SHINE,32,1,10,253.00,"2,530.00"
2019-08-14,2019081401007462,SHIVM,10,7,50,574.00,"28,700.00"
2019-08-14,2019081401007406,SHIVM,22,50,200,575.00,"115,000.00"
2019-08-14,2019081401007405,SHIVM,21,49,700,573.00,"401,100.00"
2019-08-14,2019081401007377,SHIVM,47,40,90,574.00,"51,660.00"
2019-08-14,2019081401007257,SHIVM,22,6,130,574.00,"74,620.00"
2019-08-14,2019081401007160,SHIVM,6,6,90,574.00,"51,660.00"
2019-08-14,2019081401007265,SHPC,40,22,500,239.00,"119,500.00"
2019-08-14,2019081401007264,SHPC,40,43,790,239.00,"188,810.00"
2019-08-14,2019081401007139,SHPC,39,6,100,238.00,"23,800.00"
2019-08-14,2019081401007543,SJCL,10,37,20,222.00,"4,440.00"
2019-08-14,2019081401007516,SJCL,10,49,10,222.00,"2,220.00"
2019-08-14,2019081401007511,SJCL,10,37,20,222.00,"4,440.00"
2019-08-14,2019081401007507,SJCL,10,47,20,222.00,"4,440.00"
2019-08-14,2019081401007506,SJCL,10,28,20,222.00,"4,440.00"
2019-08-14,2019081401007505,SJCL,10,39,20,222.00,"4,440.00"
2019-08-14,2019081401007083,SJCL,13,28,20,223.00,"4,460.00"
2019-08-14,2019081401007066,SJCL,13,37,20,223.00,"4,460.00"
2019-08-14,2019081401007062,SJCL,13,10,20,223.00,"4,460.00"
2019-08-14,2019081401007050,SJCL,13,52,20,223.00,"4,460.00"
2019-08-14,2019081401007126,SJCL,13,43,20,223.00,"4,460.00"
2019-08-14,2019081401007123,SJCL,13,37,20,223.00,"4,460.00"
2019-08-14,2019081401007120,SJCL,36,39,50,224.00,"11,200.00"
2019-08-14,2019081401007114,SJCL,13,38,20,223.00,"4,460.00"
2019-08-14,2019081401007113,SJCL,13,49,20,223.00,"4,460.00"
2019-08-14,2019081401007096,SJCL,13,37,10,223.00,"2,230.00"
2019-08-14,2019081401007166,SJCL,13,10,20,223.00,"4,460.00"
2019-08-14,2019081401007155,SJCL,13,37,10,223.00,"2,230.00"
2019-08-14,2019081401007154,SJCL,13,47,10,223.00,"2,230.00"
2019-08-14,2019081401007149,SJCL,13,55,20,223.00,"4,460.00"
2019-08-14,2019081401007146,SJCL,13,47,10,223.00,"2,230.00"
2019-08-14,2019081401007144,SJCL,13,10,20,223.00,"4,460.00"
2019-08-14,2019081401007189,SJCL,13,21,20,223.00,"4,460.00"
2019-08-14,2019081401007188,SJCL,13,34,20,223.00,"4,460.00"
2019-08-14,2019081401007176,SJCL,13,34,20,223.00,"4,460.00"
2019-08-14,2019081401007175,SJCL,13,42,20,223.00,"4,460.00"
2019-08-14,2019081401007172,SJCL,13,47,10,223.00,"2,230.00"
2019-08-14,2019081401007228,SJCL,54,43,10,223.00,"2,230.00"
2019-08-14,2019081401007227,SJCL,50,43,100,223.00,"22,300.00"
2019-08-14,2019081401007226,SJCL,13,43,160,223.00,"35,680.00"
2019-08-14,2019081401007218,SJCL,13,34,20,223.00,"4,460.00"
2019-08-14,2019081401007217,SJCL,13,37,20,223.00,"4,460.00"
2019-08-14,2019081401007198,SJCL,13,13,10,223.00,"2,230.00"
2019-08-14,2019081401007258,SJCL,59,37,20,222.00,"4,440.00"
2019-08-14,2019081401007248,SJCL,59,10,20,222.00,"4,440.00"
2019-08-14,2019081401007238,SJCL,59,58,20,222.00,"4,440.00"
2019-08-14,2019081401007231,SJCL,59,43,30,222.00,"6,660.00"
2019-08-14,2019081401007230,SJCL,52,43,500,222.00,"111,000.00"
2019-08-14,2019081401007229,SJCL,34,43,200,222.00,"44,400.00"
2019-08-14,2019081401007302,SJCL,59,37,20,222.00,"4,440.00"
2019-08-14,2019081401007287,SJCL,59,37,20,222.00,"4,440.00"
2019-08-14,2019081401007285,SJCL,59,42,20,222.00,"4,440.00"
2019-08-14,2019081401007283,SJCL,59,48,20,222.00,"4,440.00"
2019-08-14,2019081401007276,SJCL,59,10,20,222.00,"4,440.00"
2019-08-14,2019081401007267,SJCL,59,48,10,222.00,"2,220.00"
2019-08-14,2019081401007346,SJCL,5,37,20,222.00,"4,440.00"
2019-08-14,2019081401007343,SJCL,5,28,20,222.00,"4,440.00"
2019-08-14,2019081401007329,SJCL,5,49,20,222.00,"4,440.00"
2019-08-14,2019081401007325,SJCL,5,42,20,222.00,"4,440.00"
2019-08-14,2019081401007322,SJCL,5,37,10,222.00,"2,220.00"
2019-08-14,2019081401007317,SJCL,5,6,20,222.00,"4,440.00"
2019-08-14,2019081401007381,SJCL,22,42,20,223.00,"4,460.00"
2019-08-14,2019081401007378,SJCL,5,47,20,222.00,"4,440.00"
2019-08-14,2019081401007360,SJCL,5,35,20,222.00,"4,440.00"
2019-08-14,2019081401007390,SJCL,5,42,20,222.00,"4,440.00"
2019-08-14,2019081401007386,SJCL,22,6,20,223.00,"4,460.00"
2019-08-14,2019081401007385,SJCL,22,28,10,223.00,"2,230.00"
2019-08-14,2019081401007384,SJCL,22,21,390,223.00,"86,970.00"
2019-08-14,2019081401007383,SJCL,22,28,20,223.00,"4,460.00"
2019-08-14,2019081401007382,SJCL,22,45,20,223.00,"4,460.00"
2019-08-14,2019081401007438,SJCL,10,37,20,222.00,"4,440.00"
2019-08-14,2019081401007431,SJCL,10,42,10,222.00,"2,220.00"
2019-08-14,2019081401007430,SJCL,5,42,10,222.00,"2,220.00"
2019-08-14,2019081401007422,SJCL,56,39,100,223.00,"22,300.00"
2019-08-14,2019081401007418,SJCL,5,47,20,222.00,"4,440.00"
2019-08-14,2019081401007399,SJCL,51,39,32,223.00,"7,136.00"
2019-08-14,2019081401007460,SJCL,10,47,20,222.00,"4,440.00"
2019-08-14,2019081401007457,SJCL,10,21,20,222.00,"4,440.00"
2019-08-14,2019081401007456,SJCL,10,42,20,222.00,"4,440.00"
2019-08-14,2019081401007449,SJCL,10,28,20,222.00,"4,440.00"
2019-08-14,2019081401007444,SJCL,10,45,20,222.00,"4,440.00"
2019-08-14,2019081401007441,SJCL,10,42,20,222.00,"4,440.00"
2019-08-14,2019081401007488,SJCL,10,10,20,222.00,"4,440.00"
2019-08-14,2019081401007486,SJCL,10,21,20,222.00,"4,440.00"
2019-08-14,2019081401007466,SJCL,10,7,20,222.00,"4,440.00"
2019-08-14,2019081401007465,SJCL,10,5,100,222.00,"22,200.00"
2019-08-14,2019081401007464,SJCL,10,37,20,222.00,"4,440.00"
2019-08-14,2019081401007463,SJCL,10,21,20,222.00,"4,440.00"
2019-08-14,2019081401007470,SKBBL,53,1,10,980.00,"9,800.00"
2019-08-14,2019081401007469,SKBBL,53,21,90,980.00,"88,200.00"
2019-08-14,2019081401007442,SLBSL,52,44,210,660.00,"138,600.00"
2019-08-14,2019081401007389,SLBSL,52,52,100,660.00,"66,000.00"
2019-08-14,2019081401007388,SLBSL,52,38,80,654.00,"52,320.00"
2019-08-14,2019081401007387,SLBSL,52,41,10,652.00,"6,520.00"
2019-08-14,2019081401007179,SLBSL,52,44,100,651.00,"65,100.00"
2019-08-14,2019081401007178,SLBSL,52,45,90,651.00,"58,590.00"
2019-08-14,2019081401007054,SLBSL,52,45,10,651.00,"6,510.00"
2019-08-14,2019081401007135,SLICL,34,4,57,299.00,"17,043.00"
2019-08-14,2019081401007134,SLICL,16,4,78,299.00,"23,322.00"
2019-08-14,2019081401007133,SLICL,35,4,100,300.00,"30,000.00"
2019-08-14,2019081401007281,SMFBS,34,28,30,813.00,"24,390.00"
2019-08-14,2019081401007280,SMFBS,1,28,30,814.00,"24,420.00"
2019-08-14,2019081401007279,SMFBS,34,28,50,814.00,"40,700.00"
2019-08-14,2019081401007278,SMFBS,58,28,40,815.00,"32,600.00"
2019-08-14,2019081401007162,SMFBS,58,11,10,815.00,"8,150.00"
2019-08-14,2019081401007161,SMFBS,33,11,20,816.00,"16,320.00"
2019-08-14,2019081401007053,SMFDB,1,28,100,546.00,"54,600.00"
2019-08-14,2019081401007252,SPARS,16,38,10,611.00,"6,110.00"
2019-08-14,2019081401007398,SRBL,41,3,70,236.00,"16,520.00"
2019-08-14,2019081401007335,SRBL,14,3,50,236.00,"11,800.00"
2019-08-14,2019081401007277,SRBL,34,3,100,236.00,"23,600.00"
2019-08-14,2019081401007373,SWBBL,37,56,50,920.00,"46,000.00"
2019-08-14,2019081401007247,UIC,57,26,10,311.00,"3,110.00"
2019-08-14,2019081401007246,UIC,53,26,40,311.00,"12,440.00"
2019-08-14,2019081401007185,UIC,53,7,210,311.00,"65,310.00"
2019-08-14,2019081401007184,UIC,58,7,30,311.00,"9,330.00"
2019-08-14,2019081401007183,UIC,34,7,100,312.00,"31,200.00"
2019-08-14,2019081401007182,UIC,58,7,30,312.00,"9,360.00"
2019-08-14,2019081401007131,UNHPL,25,57,10,66.00,660.00
2019-08-14,2019081401007130,UNHPL,22,57,40,66.00,"2,640.00"
2019-08-14,2019081401007489,UPPER,36,7,50,263.00,"13,150.00"
2019-08-14,2019081401007403,UPPER,16,21,120,264.00,"31,680.00"
2019-08-14,2019081401007402,UPPER,16,14,130,264.00,"34,320.00"
2019-08-14,2019081401007284,UPPER,59,4,300,263.00,"78,900.00"
2019-08-14,2019081401007255,UPPER,59,39,50,263.00,"13,150.00"
2019-08-14,2019081401007145,UPPER,59,43,40,263.00,"10,520.00"
2019-08-14,2019081401007345,VLBS,33,19,50,590.00,"29,500.00"
2019-08-14,2019081401007010,ADBL,53,6,220,429.00,"94,380.00"
2019-08-14,2019081401006987,ADBL,53,39,100,429.00,"42,900.00"
2019-08-14,2019081401006850,ADBL,45,57,20,430.00,"8,600.00"
2019-08-14,2019081401006759,ADBL,38,57,10,430.00,"4,300.00"
2019-08-14,2019081401006707,ADBL,4,57,48,430.00,"20,640.00"
2019-08-14,2019081401006706,ADBL,4,43,300,430.00,"129,000.00"
2019-08-14,2019081401006705,ADBL,4,34,52,430.00,"22,360.00"
2019-08-14,2019081401006704,ADBL,4,33,600,430.00,"258,000.00"
2019-08-14,2019081401006871,AHPC,5,33,500,103.00,"51,500.00"
2019-08-14,2019081401006848,AHPC,38,33,200,103.00,"20,600.00"
2019-08-14,2019081401006842,AHPC,41,33,150,103.00,"15,450.00"
2019-08-14,2019081401006849,AKJCL,40,40,10,68.00,680.00
2019-08-14,2019081401006743,AKJCL,49,22,10,69.00,690.00
2019-08-14,2019081401006992,AKPL,46,46,537,164.00,"88,068.00"
2019-08-14,2019081401006793,ALBSL,8,33,100,471.00,"47,100.00"
2019-08-14,2019081401006792,ALBSL,8,40,10,471.00,"4,710.00"
2019-08-14,2019081401006791,ALBSL,8,40,10,470.00,"4,700.00"
2019-08-14,2019081401006790,ALBSL,8,54,10,470.00,"4,700.00"
2019-08-14,2019081401006588,ALBSL,11,40,10,470.00,"4,700.00"
2019-08-14,2019081401006564,API,57,45,402,130.00,"52,260.00"
2019-08-14,2019081401006947,BNT,29,19,10,"6,396.00","63,960.00"
2019-08-14,2019081401006946,BNT,1,19,10,"6,396.00","63,960.00"
2019-08-14,2019081401006923,BNT,55,19,10,"6,410.00","64,100.00"
2019-08-14,2019081401006922,BNT,5,19,10,"6,411.00","64,110.00"
2019-08-14,2019081401006921,BNT,34,19,10,"6,412.00","64,120.00"
2019-08-14,2019081401006982,BOKL,25,11,166,258.00,"42,828.00"
2019-08-14,2019081401006981,BOKL,45,11,200,258.00,"51,600.00"
2019-08-14,2019081401006980,BOKL,51,11,200,258.00,"51,600.00"
2019-08-14,2019081401006597,BOKL,40,29,368,259.00,"95,312.00"
2019-08-14,2019081401006979,BOKL,34,11,190,258.00,"49,020.00"
2019-08-14,2019081401006896,BOKL,38,11,800,259.00,"207,200.00"
2019-08-14,2019081401006841,BOKL,38,11,223,259.00,"57,757.00"
2019-08-14,2019081401006749,BOKL,38,58,100,259.00,"25,900.00"
2019-08-14,2019081401006598,BOKL,38,29,177,259.00,"45,843.00"
2019-08-14,2019081401006986,BPCL,34,35,100,390.00,"39,000.00"
2019-08-14,2019081401006867,BPCL,40,40,2,389.00,778.00
2019-08-14,2019081401006799,BPCL,43,25,89,389.00,"34,621.00"
2019-08-14,2019081401006587,BPCL,43,37,11,389.00,"4,279.00"
2019-08-14,2019081401006586,BPCL,59,37,89,389.00,"34,621.00"
2019-08-14,2019081401006865,CBL,39,11,100,150.00,"15,000.00"
2019-08-14,2019081401006585,CBL,52,11,40,150.00,"6,000.00"
2019-08-14,2019081401007048,CHCL,4,21,26,477.00,"12,402.00"
2019-08-14,2019081401007047,CHCL,40,21,150,478.00,"71,700.00"
2019-08-14,2019081401006854,CHL,41,58,10,81.00,810.00
2019-08-14,2019081401007013,CIT,26,46,70,"2,370.00","165,900.00"
2019-08-14,2019081401007012,CIT,22,46,10,"2,371.00","23,710.00"
2019-08-14,2019081401007011,CIT,35,46,10,"2,375.00","23,750.00"
2019-08-14,2019081401006955,CMF1,17,47,"3,000",9.85,"29,550.00"
2019-08-14,2019081401006954,CMF1,34,47,"3,000",9.85,"29,550.00"
2019-08-14,2019081401006953,CMF1,43,47,"10,000",9.87,"98,700.00"
2019-08-14,2019081401006694,DDBL,32,6,50,760.00,"38,000.00"
2019-08-14,2019081401006737,EBL,19,28,100,649.00,"64,900.00"
2019-08-14,2019081401007005,FMDBL,21,38,50,396.00,"19,800.00"
2019-08-14,2019081401006899,FMDBL,21,29,16,396.00,"6,336.00"
2019-08-14,2019081401006898,FMDBL,5,29,185,396.00,"73,260.00"
2019-08-14,2019081401006562,GBBL,57,35,"3,602",211.00,"760,022.00"
2019-08-14,2019081401006561,GBBL,49,35,"1,000",211.00,"211,000.00"
2019-08-14,2019081401006560,GBBL,34,35,200,211.00,"42,200.00"
2019-08-14,2019081401006559,GBBL,44,35,100,211.00,"21,100.00"
2019-08-14,2019081401006558,GBBL,42,35,200,211.00,"42,200.00"
2019-08-14,2019081401006557,GBBL,59,35,100,212.00,"21,200.00"
2019-08-14,2019081401006556,GBBL,34,35,200,213.00,"42,600.00"
2019-08-14,2019081401006555,GBBL,6,35,500,213.00,"106,500.00"
2019-08-14,2019081401006554,GBBL,59,35,10,213.00,"2,130.00"
2019-08-14,2019081401006553,GBBL,38,35,100,214.00,"21,400.00"
2019-08-14,2019081401006552,GBBL,58,35,500,214.00,"107,000.00"
2019-08-14,2019081401006887,GBLBS,40,40,10,367.00,"3,670.00"
2019-08-14,2019081401006751,GBLBS,43,52,77,366.00,"28,182.00"
2019-08-14,2019081401006750,GBLBS,49,52,560,366.00,"204,960.00"
2019-08-14,2019081401006721,GBLBS,49,6,10,366.00,"3,660.00"
2019-08-14,2019081401006797,GDBL,40,49,887,205.00,"181,835.00"
2019-08-14,2019081401006570,GILB,45,39,200,685.00,"137,000.00"
2019-08-14,2019081401006569,GILB,45,39,10,685.00,"6,850.00"
2019-08-14,2019081401006568,GILB,58,39,26,686.00,"17,836.00"
2019-08-14,2019081401006567,GILB,53,39,50,687.00,"34,350.00"
2019-08-14,2019081401006566,GILB,5,39,20,687.00,"13,740.00"
2019-08-14,2019081401006565,GILB,56,39,22,687.00,"15,114.00"
2019-08-14,2019081401006811,GLBSL,57,54,10,528.00,"5,280.00"
2019-08-14,2019081401006905,GLICL,6,57,40,465.00,"18,600.00"
2019-08-14,2019081401006901,GLICL,6,34,10,464.00,"4,640.00"
2019-08-14,2019081401006873,GMFBS,10,37,10,579.00,"5,790.00"
2019-08-14,2019081401006824,GMFBS,10,40,10,579.00,"5,790.00"
2019-08-14,2019081401006768,GMFBS,10,40,10,579.00,"5,790.00"
2019-08-14,2019081401006942,GRDBL,54,34,150,108.00,"16,200.00"
2019-08-14,2019081401006816,GRDBL,37,38,68,107.00,"7,276.00"
2019-08-14,2019081401006815,GRDBL,59,38,50,108.00,"5,400.00"
2019-08-14,2019081401006814,GRDBL,37,38,100,108.00,"10,800.00"
2019-08-14,2019081401007035,HDL,35,33,40,"1,530.00","61,200.00"
2019-08-14,2019081401006741,HIDCL,3,8,483,151.00,"72,933.00"
2019-08-14,2019081401006915,HPPL,28,40,10,164.00,"1,640.00"
2019-08-14,2019081401006913,HPPL,40,6,10,165.00,"1,650.00"
2019-08-14,2019081401007045,HURJA,59,47,20,132.00,"2,640.00"
2019-08-14,2019081401007016,HURJA,59,48,20,132.00,"2,640.00"
2019-08-14,2019081401006925,HURJA,52,58,20,131.00,"2,620.00"
2019-08-14,2019081401007017,ILBS,11,11,10,478.00,"4,780.00"
2019-08-14,2019081401006960,ILBS,11,11,10,478.00,"4,780.00"
2019-08-14,2019081401006949,ILBS,40,40,10,478.00,"4,780.00"
2019-08-14,2019081401006879,ILBS,17,37,10,477.00,"4,770.00"
2019-08-14,2019081401006862,ILBS,52,44,100,480.00,"48,000.00"
2019-08-14,2019081401006828,ILBS,17,37,10,477.00,"4,770.00"
2019-08-14,2019081401006671,ILBS,17,40,10,477.00,"4,770.00"
2019-08-14,2019081401006656,ILBS,46,40,10,477.00,"4,770.00"
2019-08-14,2019081401006642,ILBS,46,40,10,477.00,"4,770.00"
2019-08-14,2019081401006748,ILBS,17,40,10,477.00,"4,770.00"
2019-08-14,2019081401006744,ILBS,17,17,10,477.00,"4,770.00"
2019-08-14,2019081401006739,ILBS,17,40,10,477.00,"4,770.00"
2019-08-14,2019081401006724,ILBS,17,40,10,477.00,"4,770.00"
2019-08-14,2019081401006708,ILBS,17,40,10,477.00,"4,770.00"
2019-08-14,2019081401006691,ILBS,17,40,10,477.00,"4,770.00"
2019-08-14,2019081401007009,JFL,56,33,23,190.00,"4,370.00"
2019-08-14,2019081401007008,JFL,56,41,104,190.00,"19,760.00"
2019-08-14,2019081401007007,JFL,32,41,20,190.00,"3,800.00"
2019-08-14,2019081401006869,JOSHI,1,48,20,71.00,"1,420.00"
2019-08-14,2019081401006832,JOSHI,1,48,20,71.00,"1,420.00"
2019-08-14,2019081401006752,JOSHI,1,48,20,71.00,"1,420.00"
2019-08-14,2019081401006621,JOSHI,1,48,20,71.00,"1,420.00"
2019-08-14,2019081401006807,JSLBB,44,58,14,986.00,"13,804.00"
2019-08-14,2019081401006965,KBL,56,41,200,205.00,"41,000.00"
2019-08-14,2019081401006964,KBL,47,41,64,205.00,"13,120.00"
2019-08-14,2019081401006734,KBL,47,55,36,205.00,"7,380.00"
2019-08-14,2019081401006733,KBL,39,55,"1,226",205.00,"251,330.00"
2019-08-14,2019081401006858,KPCL,41,22,10,86.00,860.00
2019-08-14,2019081401006692,KRBL,17,39,10,110.00,"1,100.00"
2019-08-14,2019081401006991,LBBL,3,13,"1,000",177.00,"177,000.00"
2019-08-14,2019081401006914,LBBL,17,13,500,177.00,"88,500.00"
2019-08-14,2019081401006731,LBBL,28,13,200,177.00,"35,400.00"
2019-08-14,2019081401006730,LBBL,45,13,545,177.00,"96,465.00"
2019-08-14,2019081401007023,MDB,38,21,200,237.00,"47,400.00"
2019-08-14,2019081401007022,MDB,57,21,200,237.00,"47,400.00"
2019-08-14,2019081401007021,MDB,19,21,450,237.00,"106,650.00"
2019-08-14,2019081401007040,MEGA,45,49,195,199.00,"38,805.00"
2019-08-14,2019081401007001,MEGA,45,49,200,199.00,"39,800.00"
2019-08-14,2019081401006571,MEGA,45,55,"1,000",199.00,"199,000.00"
2019-08-14,2019081401006843,MEGA,39,4,65,200.00,"13,000.00"
2019-08-14,2019081401006846,MEGA,39,4,55,200.00,"11,000.00"
2019-08-14,2019081401006845,MEGA,39,4,30,200.00,"6,000.00"
2019-08-14,2019081401006844,MEGA,39,4,50,200.00,"10,000.00"
2019-08-14,2019081401006912,MERO,8,11,130,532.00,"69,160.00"
2019-08-14,2019081401006911,MERO,39,11,50,532.00,"26,600.00"
2019-08-14,2019081401006686,MERO,45,25,100,533.00,"53,300.00"
2019-08-14,2019081401006746,MNBBL,38,17,373,369.00,"137,637.00"
2019-08-14,2019081401006745,MNBBL,38,25,278,369.00,"102,582.00"
2019-08-14,2019081401006723,MNBBL,34,17,49,369.00,"18,081.00"
2019-08-14,2019081401007006,MSLB,39,49,14,955.00,"13,370.00"
2019-08-14,2019081401007003,MSLB,39,21,50,954.00,"47,700.00"
2019-08-14,2019081401006993,MSLB,39,21,50,954.00,"47,700.00"
2019-08-14,2019081401006738,MSLB,33,6,10,950.00,"9,500.00"
2019-08-14,2019081401006927,NABIL,32,54,200,780.00,"156,000.00"
2019-08-14,2019081401006826,NABIL,36,54,100,780.00,"78,000.00"
2019-08-14,2019081401006669,NABIL,42,25,20,778.00,"15,560.00"
2019-08-14,2019081401006668,NABIL,33,25,100,778.00,"77,800.00"
2019-08-14,2019081401006667,NABIL,7,25,500,778.00,"389,000.00"
2019-08-14,2019081401006666,NABIL,6,25,100,779.00,"77,900.00"
2019-08-14,2019081401006665,NABIL,28,25,16,779.00,"12,464.00"
2019-08-14,2019081401006664,NABIL,1,25,114,779.00,"88,806.00"
2019-08-14,2019081401006945,NADEP,54,34,50,500.00,"25,000.00"
2019-08-14,2019081401006894,NADEP,54,32,10,500.00,"5,000.00"
2019-08-14,2019081401006578,NADEP,58,34,10,500.00,"5,000.00"
2019-08-14,2019081401006577,NADEP,58,55,10,500.00,"5,000.00"
2019-08-14,2019081401007025,NBL,47,52,407,323.00,"131,461.00"
2019-08-14,2019081401007024,NBL,19,52,93,323.00,"30,039.00"
2019-08-14,2019081401007019,NBL,7,35,"1,000",324.00,"324,000.00"
2019-08-14,2019081401006948,NBL,52,35,200,324.00,"64,800.00"
2019-08-14,2019081401006712,NBL,19,26,204,323.00,"65,892.00"
2019-08-14,2019081401006593,NBL,19,29,79,323.00,"25,517.00"
2019-08-14,2019081401006592,NBL,36,29,121,323.00,"39,083.00"
2019-08-14,2019081401007044,NCCB,58,53,50,204.00,"10,200.00"
2019-08-14,2019081401007043,NCCB,46,53,200,204.00,"40,800.00"
2019-08-14,2019081401007042,NCCB,41,53,100,204.00,"20,400.00"
2019-08-14,2019081401007041,NCCB,55,53,88,204.00,"17,952.00"
2019-08-14,2019081401006978,NCCB,55,32,112,204.00,"22,848.00"
2019-08-14,2019081401006977,NCCB,33,32,88,204.00,"17,952.00"
2019-08-14,2019081401006820,NCCB,38,1,88,204.00,"17,952.00"
2019-08-14,2019081401006787,NCCB,38,51,412,204.00,"84,048.00"
2019-08-14,2019081401006786,NCCB,48,51,100,204.00,"20,400.00"
2019-08-14,2019081401006785,NCCB,33,51,754,204.00,"153,816.00"
2019-08-14,2019081401006958,NCCB,46,37,200,205.00,"41,000.00"
2019-08-14,2019081401006859,NCCB,33,33,400,204.00,"81,600.00"
2019-08-14,2019081401006830,NCCB,33,49,12,204.00,"2,448.00"
2019-08-14,2019081401006829,NCCB,51,49,488,204.00,"99,552.00"
2019-08-14,2019081401006822,NCCB,51,1,12,204.00,"2,448.00"
2019-08-14,2019081401006821,NCCB,13,1,100,204.00,"20,400.00"
2019-08-14,2019081401007031,NHPC,17,35,475,62.00,"29,450.00"
2019-08-14,2019081401007030,NHPC,48,35,225,62.00,"13,950.00"
2019-08-14,2019081401006658,NHPC,25,19,10,63.00,630.00
2019-08-14,2019081401006756,NIB,57,58,50,507.00,"25,350.00"
2019-08-14,2019081401006680,NIB,13,50,25,508.00,"12,700.00"
2019-08-14,2019081401006679,NIB,50,50,10,508.00,"5,080.00"
2019-08-14,2019081401006678,NIB,25,50,100,508.00,"50,800.00"
2019-08-14,2019081401006677,NIB,51,50,46,508.00,"23,368.00"
2019-08-14,2019081401006620,NIB,32,34,30,509.00,"15,270.00"
2019-08-14,2019081401006603,NIB,25,34,30,509.00,"15,270.00"
2019-08-14,2019081401007002,NIBPO,45,4,30,450.00,"13,500.00"
2019-08-14,2019081401007000,NIBPO,43,4,40,450.00,"18,000.00"
2019-08-14,2019081401006999,NIBPO,52,4,500,450.00,"225,000.00"
2019-08-14,2019081401006998,NIBPO,16,4,20,450.00,"9,000.00"
2019-08-14,2019081401006997,NIBPO,50,4,100,450.00,"45,000.00"
2019-08-14,2019081401006996,NIBPO,45,4,160,450.00,"72,000.00"
2019-08-14,2019081401006995,NIBPO,52,4,100,451.00,"45,100.00"
2019-08-14,2019081401006994,NIBPO,45,4,15,451.00,"6,765.00"
2019-08-14,2019081401007015,NICA,39,14,30,446.00,"13,380.00"
2019-08-14,2019081401006866,NICA,16,14,100,446.00,"44,600.00"
2019-08-14,2019081401006805,NICA,43,55,80,443.00,"35,440.00"
2019-08-14,2019081401006804,NICA,26,55,200,443.00,"88,600.00"
2019-08-14,2019081401006803,NICA,49,55,100,443.00,"44,300.00"
2019-08-14,2019081401006802,NICA,57,55,222,443.00,"98,346.00"
2019-08-14,2019081401006696,NICA,58,20,34,444.00,"15,096.00"
2019-08-14,2019081401006702,NICA,11,20,500,444.00,"222,000.00"
2019-08-14,2019081401006701,NICA,10,20,100,444.00,"44,400.00"
2019-08-14,2019081401006700,NICA,52,20,200,444.00,"88,800.00"
2019-08-14,2019081401006699,NICA,25,20,"1,000",444.00,"444,000.00"
2019-08-14,2019081401006698,NICA,46,20,50,444.00,"22,200.00"
2019-08-14,2019081401006697,NICA,42,20,363,444.00,"161,172.00"
2019-08-14,2019081401006783,NICA,57,55,78,443.00,"34,554.00"
2019-08-14,2019081401006782,NICA,46,55,100,443.00,"44,300.00"
2019-08-14,2019081401006781,NICA,21,55,200,443.00,"88,600.00"
2019-08-14,2019081401006780,NICA,45,55,622,443.00,"275,546.00"
2019-08-14,2019081401006747,NICA,52,20,153,444.00,"67,932.00"
2019-08-14,2019081401006703,NICA,56,20,100,444.00,"44,400.00"
2019-08-14,2019081401006902,NICL,28,47,25,312.00,"7,800.00"
2019-08-14,2019081401006875,NIL,40,49,22,457.00,"10,054.00"
2019-08-14,2019081401006903,NLG,54,37,100,680.00,"68,000.00"
2019-08-14,2019081401006851,NLIC,16,28,150,872.00,"130,800.00"
2019-08-14,2019081401006767,NLIC,57,51,27,871.00,"23,517.00"
2019-08-14,2019081401006766,NLIC,53,51,20,871.00,"17,420.00"
2019-08-14,2019081401006765,NLIC,6,51,53,871.00,"46,163.00"
2019-08-14,2019081401006662,NLIC,6,58,17,871.00,"14,807.00"
2019-08-14,2019081401006710,NMBHF1,57,41,352,9.80,"3,449.60"
2019-08-14,2019081401007038,NNLB,44,25,370,450.00,"166,500.00"
2019-08-14,2019081401007037,NNLB,17,25,500,451.00,"225,500.00"
2019-08-14,2019081401006640,NTC,58,34,100,685.00,"68,500.00"
2019-08-14,2019081401006639,NTC,58,38,25,685.00,"17,125.00"
2019-08-14,2019081401006809,NUBL,39,17,15,888.00,"13,320.00"
2019-08-14,2019081401006878,PCBL,45,51,46,275.00,"12,650.00"
2019-08-14,2019081401006877,PCBL,38,51,954,275.00,"262,350.00"
2019-08-14,2019081401006835,PFL,34,34,13,133.00,"1,729.00"
2019-08-14,2019081401006661,PFL,14,1,100,134.00,"13,400.00"
2019-08-14,2019081401006660,PFL,59,1,512,134.00,"68,608.00"
2019-08-14,2019081401006576,PFL,59,34,13,134.00,"1,742.00"
2019-08-14,2019081401006722,PIC,19,58,11,460.00,"5,060.00"
2019-08-14,2019081401006550,PLIC,42,49,100,414.00,"41,400.00"
2019-08-14,2019081401006617,PPCL,40,40,10,121.00,"1,210.00"
2019-08-14,2019081401006839,PRIN,14,55,600,349.00,"209,400.00"
2019-08-14,2019081401006838,PRIN,56,55,100,350.00,"35,000.00"
2019-08-14,2019081401006837,PRIN,32,55,50,350.00,"17,500.00"
2019-08-14,2019081401006836,PRIN,39,55,100,350.00,"35,000.00"
2019-08-14,2019081401006967,PRVU,17,45,100,268.00,"26,800.00"
2019-08-14,2019081401006806,PRVU,17,58,100,268.00,"26,800.00"
2019-08-14,2019081401006760,PRVU,34,34,"4,173",268.00,"1,118,364.00"
2019-08-14,2019081401006720,PRVU,17,34,534,268.00,"143,112.00"
2019-08-14,2019081401006719,PRVU,38,34,"1,000",268.00,"268,000.00"
2019-08-14,2019081401006643,PRVU,10,38,99,268.00,"26,532.00"
2019-08-14,2019081401006590,PRVU,10,49,151,268.00,"40,468.00"
2019-08-14,2019081401006718,PRVU,29,34,550,268.00,"147,400.00"
2019-08-14,2019081401006717,PRVU,41,34,400,268.00,"107,200.00"
2019-08-14,2019081401006716,PRVU,49,34,30,268.00,"8,040.00"
2019-08-14,2019081401006715,PRVU,25,34,500,268.00,"134,000.00"
2019-08-14,2019081401006714,PRVU,33,34,"1,159",268.00,"310,612.00"
2019-08-14,2019081401006644,PRVU,33,38,441,268.00,"118,188.00"
2019-08-14,2019081401006736,RBCL,42,36,10,"9,200.00","92,000.00"
2019-08-14,2019081401007046,RHPL,19,6,20,208.00,"4,160.00"
2019-08-14,2019081401007036,RHPL,19,52,20,208.00,"4,160.00"
2019-08-14,2019081401007028,RHPL,34,10,50,208.00,"10,400.00"
2019-08-14,2019081401007004,RHPL,34,10,50,208.00,"10,400.00"
2019-08-14,2019081401006984,RHPL,34,10,40,208.00,"8,320.00"
2019-08-14,2019081401006959,RHPL,34,21,10,208.00,"2,080.00"
2019-08-14,2019081401006551,RHPL,38,48,40,208.00,"8,320.00"
2019-08-14,2019081401006549,RHPL,33,34,10,209.00,"2,090.00"
2019-08-14,2019081401006601,RHPL,42,38,10,208.00,"2,080.00"
2019-08-14,2019081401006600,RHPL,41,38,30,208.00,"6,240.00"
2019-08-14,2019081401006591,RHPL,41,48,40,208.00,"8,320.00"
2019-08-14,2019081401006584,RHPL,41,49,50,208.00,"10,400.00"
2019-08-14,2019081401006581,RHPL,41,32,40,208.00,"8,320.00"
2019-08-14,2019081401006580,RHPL,41,19,40,208.00,"8,320.00"
2019-08-14,2019081401006647,RHPL,42,36,40,208.00,"8,320.00"
2019-08-14,2019081401006638,RHPL,42,40,10,208.00,"2,080.00"
2019-08-14,2019081401006629,RHPL,42,45,40,208.00,"8,320.00"
2019-08-14,2019081401006628,RHPL,42,48,40,208.00,"8,320.00"
2019-08-14,2019081401006618,RHPL,42,32,40,208.00,"8,320.00"
2019-08-14,2019081401006614,RHPL,42,19,30,208.00,"6,240.00"
2019-08-14,2019081401006681,RHPL,42,36,40,208.00,"8,320.00"
2019-08-14,2019081401006674,RHPL,42,13,40,208.00,"8,320.00"
2019-08-14,2019081401006663,RHPL,42,38,40,208.00,"8,320.00"
2019-08-14,2019081401006655,RHPL,42,48,40,208.00,"8,320.00"
2019-08-14,2019081401006651,RHPL,42,13,40,208.00,"8,320.00"
2019-08-14,2019081401006649,RHPL,40,34,10,209.00,"2,090.00"
2019-08-14,2019081401006770,RHPL,28,14,20,209.00,"4,180.00"
2019-08-14,2019081401006769,RHPL,28,34,480,209.00,"100,320.00"
2019-08-14,2019081401006757,RHPL,42,38,50,208.00,"10,400.00"
2019-08-14,2019081401006740,RHPL,42,58,40,208.00,"8,320.00"
2019-08-14,2019081401006735,RHPL,42,48,20,208.00,"4,160.00"
2019-08-14,2019081401006713,RHPL,42,36,40,208.00,"8,320.00"
2019-08-14,2019081401006776,RHPL,28,42,40,209.00,"8,360.00"
2019-08-14,2019081401006775,RHPL,28,42,40,209.00,"8,360.00"
2019-08-14,2019081401006774,RHPL,28,42,40,209.00,"8,360.00"
2019-08-14,2019081401006773,RHPL,28,42,50,209.00,"10,450.00"
2019-08-14,2019081401006772,RHPL,28,14,30,209.00,"6,270.00"
2019-08-14,2019081401006771,RHPL,28,14,30,209.00,"6,270.00"
2019-08-14,2019081401006789,RHPL,28,49,40,209.00,"8,360.00"
2019-08-14,2019081401006788,RHPL,28,37,40,209.00,"8,360.00"
2019-08-14,2019081401006784,RHPL,28,37,40,209.00,"8,360.00"
2019-08-14,2019081401006779,RHPL,28,17,50,209.00,"10,450.00"
2019-08-14,2019081401006778,RHPL,28,14,20,209.00,"4,180.00"
2019-08-14,2019081401006777,RHPL,28,17,50,209.00,"10,450.00"
2019-08-14,2019081401006819,RHPL,42,21,40,208.00,"8,320.00"
2019-08-14,2019081401006817,RHPL,42,58,40,208.00,"8,320.00"
2019-08-14,2019081401006810,RHPL,42,38,40,208.00,"8,320.00"
2019-08-14,2019081401006808,RHPL,1,37,40,209.00,"8,360.00"
2019-08-14,2019081401006798,RHPL,1,48,10,209.00,"2,090.00"
2019-08-14,2019081401006796,RHPL,28,48,30,209.00,"6,270.00"
2019-08-14,2019081401006874,RHPL,42,55,50,208.00,"10,400.00"
2019-08-14,2019081401006864,RHPL,42,21,30,208.00,"6,240.00"
2019-08-14,2019081401006861,RHPL,42,37,40,208.00,"8,320.00"
2019-08-14,2019081401006852,RHPL,42,21,40,208.00,"8,320.00"
2019-08-14,2019081401006847,RHPL,42,38,50,208.00,"10,400.00"
2019-08-14,2019081401006840,RHPL,42,37,40,208.00,"8,320.00"
2019-08-14,2019081401006893,RHPL,34,55,40,208.00,"8,320.00"
2019-08-14,2019081401006889,RHPL,34,29,40,208.00,"8,320.00"
2019-08-14,2019081401006885,RHPL,34,21,40,208.00,"8,320.00"
2019-08-14,2019081401006882,RHPL,34,38,20,208.00,"4,160.00"
2019-08-14,2019081401006881,RHPL,42,38,20,208.00,"4,160.00"
2019-08-14,2019081401006880,RHPL,42,49,50,208.00,"10,400.00"
2019-08-14,2019081401006930,RHPL,37,37,40,209.00,"8,360.00"
2019-08-14,2019081401006929,RHPL,37,17,40,209.00,"8,360.00"
2019-08-14,2019081401006928,RHPL,37,37,40,209.00,"8,360.00"
2019-08-14,2019081401006926,RHPL,34,53,40,208.00,"8,320.00"
2019-08-14,2019081401006904,RHPL,34,29,40,208.00,"8,320.00"
2019-08-14,2019081401006900,RHPL,34,21,40,208.00,"8,320.00"
2019-08-14,2019081401006936,RHPL,37,37,40,209.00,"8,360.00"
2019-08-14,2019081401006935,RHPL,37,17,40,209.00,"8,360.00"
2019-08-14,2019081401006934,RHPL,37,17,40,209.00,"8,360.00"
2019-08-14,2019081401006933,RHPL,37,34,40,209.00,"8,360.00"
2019-08-14,2019081401006932,RHPL,37,17,50,209.00,"10,450.00"
2019-08-14,2019081401006931,RHPL,37,54,10,209.00,"2,090.00"
2019-08-14,2019081401006944,RHPL,34,21,50,208.00,"10,400.00"
2019-08-14,2019081401006943,RHPL,34,49,40,208.00,"8,320.00"
2019-08-14,2019081401006940,RHPL,37,34,40,209.00,"8,360.00"
2019-08-14,2019081401006939,RHPL,37,37,40,209.00,"8,360.00"
2019-08-14,2019081401006938,RHPL,37,37,40,209.00,"8,360.00"
2019-08-14,2019081401006937,RHPL,37,37,40,209.00,"8,360.00"
2019-08-14,2019081401006813,RLFL,1,39,195,117.00,"22,815.00"
2019-08-14,2019081401006812,RLFL,48,39,255,117.00,"29,835.00"
2019-08-14,2019081401006989,RRHP,47,41,10,105.00,"1,050.00"
2019-08-14,2019081401006952,RRHP,47,41,10,105.00,"1,050.00"
2019-08-14,2019081401006616,RSDC,17,49,76,356.00,"27,056.00"
2019-08-14,2019081401006615,RSDC,41,49,100,358.00,"35,800.00"
2019-08-14,2019081401006801,SBI,32,34,462,446.00,"206,052.00"
2019-08-14,2019081401006800,SBI,17,34,38,447.00,"16,986.00"
2019-08-14,2019081401006764,SBI,17,45,62,447.00,"27,714.00"
2019-08-14,2019081401006763,SBI,41,45,67,447.00,"29,949.00"
2019-08-14,2019081401006755,SBI,41,58,22,447.00,"9,834.00"
2019-08-14,2019081401007027,SBL,34,59,45,315.00,"14,175.00"
2019-08-14,2019081401007026,SBL,53,59,455,315.00,"143,325.00"
2019-08-14,2019081401006917,SBL,53,5,"1,045",315.00,"329,175.00"
2019-08-14,2019081401006916,SBL,17,5,666,315.00,"209,790.00"
2019-08-14,2019081401006909,SBL,40,10,34,316.00,"10,744.00"
2019-08-14,2019081401006908,SBL,40,54,60,316.00,"18,960.00"
2019-08-14,2019081401006907,SBL,40,43,106,316.00,"33,496.00"
2019-08-14,2019081401006883,SBL,17,1,20,315.00,"6,300.00"
2019-08-14,2019081401006827,SBL,17,14,600,315.00,"189,000.00"
2019-08-14,2019081401006825,SBL,17,58,150,315.00,"47,250.00"
2019-08-14,2019081401006624,SBL,17,49,338,315.00,"106,470.00"
2019-08-14,2019081401006742,SCB,34,35,290,648.00,"187,920.00"
2019-08-14,2019081401007020,SFFIL,32,51,20,270.00,"5,400.00"
2019-08-14,2019081401006951,SHIVM,3,22,15,575.00,"8,625.00"
2019-08-14,2019081401006855,SHIVM,57,22,50,575.00,"28,750.00"
2019-08-14,2019081401006729,SHIVM,6,13,10,574.00,"5,740.00"
2019-08-14,2019081401006728,SHIVM,38,13,50,574.00,"28,700.00"
2019-08-14,2019081401006727,SHIVM,47,13,200,574.00,"114,800.00"
2019-08-14,2019081401006726,SHIVM,58,13,200,575.00,"115,000.00"
2019-08-14,2019081401006725,SHIVM,3,13,40,575.00,"23,000.00"
2019-08-14,2019081401006685,SHIVM,3,45,10,575.00,"5,750.00"
2019-08-14,2019081401006627,SHPC,6,43,50,238.00,"11,900.00"
2019-08-14,2019081401006626,SHPC,14,43,160,238.00,"38,080.00"
2019-08-14,2019081401006619,SHPC,14,51,20,238.00,"4,760.00"
2019-08-14,2019081401006582,SHPC,14,43,"1,820",238.00,"433,160.00"
2019-08-14,2019081401006966,SIFC,32,47,20,161.00,"3,220.00"
2019-08-14,2019081401006646,SINDU,34,49,236,131.00,"30,916.00"
2019-08-14,2019081401006636,SINDU,44,49,150,132.00,"19,800.00"
2019-08-14,2019081401006635,SINDU,19,49,186,133.00,"24,738.00"
2019-08-14,2019081401007034,SJCL,13,10,20,223.00,"4,460.00"
2019-08-14,2019081401007029,SJCL,13,6,20,223.00,"4,460.00"
2019-08-14,2019081401007018,SJCL,13,56,10,223.00,"2,230.00"
2019-08-14,2019081401007014,SJCL,13,10,20,223.00,"4,460.00"
2019-08-14,2019081401006573,SJCL,32,32,20,223.00,"4,460.00"
2019-08-14,2019081401006572,SJCL,32,51,10,223.00,"2,230.00"
2019-08-14,2019081401006563,SJCL,32,19,20,223.00,"4,460.00"
2019-08-14,2019081401006595,SJCL,32,49,20,223.00,"4,460.00"
2019-08-14,2019081401006594,SJCL,32,19,20,223.00,"4,460.00"
2019-08-14,2019081401006589,SJCL,32,10,10,223.00,"2,230.00"
2019-08-14,2019081401006583,SJCL,32,38,20,223.00,"4,460.00"
2019-08-14,2019081401006579,SJCL,32,20,20,223.00,"4,460.00"
2019-08-14,2019081401006574,SJCL,32,48,20,223.00,"4,460.00"
2019-08-14,2019081401006608,SJCL,41,52,250,223.00,"55,750.00"
2019-08-14,2019081401006607,SJCL,39,52,80,223.00,"17,840.00"
2019-08-14,2019081401006606,SJCL,32,52,160,223.00,"35,680.00"
2019-08-14,2019081401006602,SJCL,32,20,20,223.00,"4,460.00"
2019-08-14,2019081401006599,SJCL,32,32,20,223.00,"4,460.00"
2019-08-14,2019081401006596,SJCL,32,48,20,223.00,"4,460.00"
2019-08-14,2019081401006622,SJCL,42,19,20,223.00,"4,460.00"
2019-08-14,2019081401006613,SJCL,42,52,260,223.00,"57,980.00"
2019-08-14,2019081401006612,SJCL,56,52,300,223.00,"66,900.00"
2019-08-14,2019081401006611,SJCL,16,52,100,223.00,"22,300.00"
2019-08-14,2019081401006610,SJCL,38,52,250,223.00,"55,750.00"
2019-08-14,2019081401006609,SJCL,42,52,80,223.00,"17,840.00"
2019-08-14,2019081401006633,SJCL,34,52,220,223.00,"49,060.00"
2019-08-14,2019081401006632,SJCL,36,52,500,223.00,"111,500.00"
2019-08-14,2019081401006631,SJCL,6,52,100,223.00,"22,300.00"
2019-08-14,2019081401006630,SJCL,42,52,680,223.00,"151,640.00"
2019-08-14,2019081401006625,SJCL,42,45,20,223.00,"4,460.00"
2019-08-14,2019081401006623,SJCL,42,20,20,223.00,"4,460.00"
2019-08-14,2019081401006652,SJCL,34,39,190,223.00,"42,370.00"
2019-08-14,2019081401006650,SJCL,34,38,20,223.00,"4,460.00"
2019-08-14,2019081401006648,SJCL,34,20,20,223.00,"4,460.00"
2019-08-14,2019081401006641,SJCL,34,48,10,223.00,"2,230.00"
2019-08-14,2019081401006637,SJCL,34,1,20,223.00,"4,460.00"
2019-08-14,2019081401006634,SJCL,34,20,20,223.00,"4,460.00"
2019-08-14,2019081401006693,SJCL,40,40,10,224.00,"2,240.00"
2019-08-14,2019081401006689,SJCL,28,48,20,223.00,"4,460.00"
2019-08-14,2019081401006682,SJCL,28,20,20,223.00,"4,460.00"
2019-08-14,2019081401006657,SJCL,28,36,20,223.00,"4,460.00"
2019-08-14,2019081401006654,SJCL,28,39,100,223.00,"22,300.00"
2019-08-14,2019081401006653,SJCL,36,39,200,223.00,"44,600.00"
2019-08-14,2019081401006794,SJCL,28,37,20,223.00,"4,460.00"
2019-08-14,2019081401006761,SJCL,28,58,20,223.00,"4,460.00"
2019-08-14,2019081401006732,SJCL,28,36,20,223.00,"4,460.00"
2019-08-14,2019081401006711,SJCL,28,20,20,223.00,"4,460.00"
2019-08-14,2019081401006709,SJCL,28,38,20,223.00,"4,460.00"
2019-08-14,2019081401006695,SJCL,28,36,20,223.00,"4,460.00"
2019-08-14,2019081401006833,SJCL,28,38,20,223.00,"4,460.00"
2019-08-14,2019081401006831,SJCL,28,21,20,223.00,"4,460.00"
2019-08-14,2019081401006823,SJCL,28,49,20,223.00,"4,460.00"
2019-08-14,2019081401006818,SJCL,28,37,20,223.00,"4,460.00"
2019-08-14,2019081401006795,SJCL,28,38,20,223.00,"4,460.00"
2019-08-14,2019081401006863,SJCL,28,37,20,223.00,"4,460.00"
2019-08-14,2019081401006857,SJCL,28,21,20,223.00,"4,460.00"
2019-08-14,2019081401006853,SJCL,28,37,20,223.00,"4,460.00"
2019-08-14,2019081401006886,SJCL,13,19,20,223.00,"4,460.00"
2019-08-14,2019081401006884,SJCL,13,55,20,223.00,"4,460.00"
2019-08-14,2019081401006876,SJCL,13,19,20,223.00,"4,460.00"
2019-08-14,2019081401006872,SJCL,28,21,20,223.00,"4,460.00"
2019-08-14,2019081401006870,SJCL,28,19,20,223.00,"4,460.00"
2019-08-14,2019081401006868,SJCL,28,38,20,223.00,"4,460.00"
2019-08-14,2019081401006906,SJCL,13,21,20,223.00,"4,460.00"
2019-08-14,2019081401006897,SJCL,13,55,20,223.00,"4,460.00"
2019-08-14,2019081401006895,SJCL,13,29,10,223.00,"2,230.00"
2019-08-14,2019081401006892,SJCL,13,19,20,223.00,"4,460.00"
2019-08-14,2019081401006891,SJCL,13,49,10,223.00,"2,230.00"
2019-08-14,2019081401006890,SJCL,13,21,20,223.00,"4,460.00"
2019-08-14,2019081401006941,SJCL,13,29,20,223.00,"4,460.00"
2019-08-14,2019081401006924,SJCL,13,43,20,223.00,"4,460.00"
2019-08-14,2019081401006920,SJCL,13,29,20,223.00,"4,460.00"
2019-08-14,2019081401006919,SJCL,13,43,10,223.00,"2,230.00"
2019-08-14,2019081401006918,SJCL,13,29,10,223.00,"2,230.00"
2019-08-14,2019081401006910,SJCL,13,29,20,223.00,"4,460.00"
2019-08-14,2019081401006990,SJCL,13,10,20,223.00,"4,460.00"
2019-08-14,2019081401006988,SJCL,13,49,20,223.00,"4,460.00"
2019-08-14,2019081401006983,SJCL,13,29,10,223.00,"2,230.00"
2019-08-14,2019081401006962,SJCL,13,29,20,223.00,"4,460.00"
2019-08-14,2019081401006957,SJCL,13,29,20,223.00,"4,460.00"
2019-08-14,2019081401006950,SJCL,13,29,20,223.00,"4,460.00"
2019-08-14,2019081401006659,SLBBL,37,49,220,548.00,"120,560.00"
2019-08-14,2019081401006684,SLICL,16,49,22,299.00,"6,578.00"
2019-08-14,2019081401006683,SLICL,44,49,160,299.00,"47,840.00"
2019-08-14,2019081401006888,SMFBS,33,45,10,815.00,"8,150.00"
2019-08-14,2019081401006758,SMFBS,33,17,10,815.00,"8,150.00"
2019-08-14,2019081401006645,SMFBS,33,26,10,815.00,"8,150.00"
2019-08-14,2019081401007039,SPARS,40,40,10,612.00,"6,120.00"
2019-08-14,2019081401007032,SPARS,40,40,10,612.00,"6,120.00"
2019-08-14,2019081401006762,SPARS,40,40,10,616.00,"6,160.00"
2019-08-14,2019081401006676,SPARS,59,38,60,610.00,"36,600.00"
2019-08-14,2019081401006675,SPARS,34,38,40,611.00,"24,440.00"
2019-08-14,2019081401006673,SPARS,34,4,100,612.00,"61,200.00"
2019-08-14,2019081401006672,SPARS,34,22,130,612.00,"79,560.00"
2019-08-14,2019081401006834,SPDL,45,58,15,86.00,"1,290.00"
2019-08-14,2019081401006690,TRH,38,6,20,304.00,"6,080.00"
2019-08-14,2019081401006575,TRH,35,34,10,305.00,"3,050.00"
2019-08-14,2019081401007033,UPCL,35,33,10,85.00,850.00
2019-08-14,2019081401006670,UPCL,56,38,100,86.00,"8,600.00"
2019-08-14,2019081401006985,UPPER,40,14,50,264.00,"13,200.00"
2019-08-14,2019081401006976,UPPER,59,34,103,263.00,"27,089.00"
2019-08-14,2019081401006975,UPPER,42,34,250,263.00,"65,750.00"
2019-08-14,2019081401006974,UPPER,16,34,500,263.00,"131,500.00"
2019-08-14,2019081401006973,UPPER,41,34,500,263.00,"131,500.00"
2019-08-14,2019081401006972,UPPER,13,34,"1,000",263.00,"263,000.00"
2019-08-14,2019081401006688,UPPER,8,57,10,264.00,"2,640.00"
2019-08-14,2019081401006687,UPPER,8,39,50,264.00,"13,200.00"
2019-08-14,2019081401006605,UPPER,35,10,10,263.00,"2,630.00"
2019-08-14,2019081401006604,UPPER,44,10,40,263.00,"10,520.00"
2019-08-14,2019081401006956,UPPER,41,14,100,264.00,"26,400.00"
2019-08-14,2019081401006860,UPPER,29,14,120,264.00,"31,680.00"
2019-08-14,2019081401006856,UPPER,35,58,50,263.00,"13,150.00"
2019-08-14,2019081401006754,UPPER,39,57,39,264.00,"10,296.00"
2019-08-14,2019081401006753,UPPER,39,7,50,264.00,"13,200.00"
2019-08-14,2019081401006971,UPPER,32,34,"1,000",263.00,"263,000.00"
2019-08-14,2019081401006970,UPPER,42,34,500,263.00,"131,500.00"
2019-08-14,2019081401006969,UPPER,11,34,50,263.00,"13,150.00"
2019-08-14,2019081401006968,UPPER,35,34,97,263.00,"25,511.00"
2019-08-14,2019081401006963,UPPER,35,21,293,263.00,"77,059.00"
2019-08-14,2019081401006961,UPPER,35,40,50,263.00,"13,150.00"
2019-08-14,2019081401006387,ADBL,53,6,83,429.00,"35,607.00"
2019-08-14,2019081401006171,ADBL,53,18,139,429.00,"59,631.00"
2019-08-14,2019081401006170,ADBL,57,18,61,429.00,"26,169.00"
2019-08-14,2019081401006158,ADBL,57,49,16,429.00,"6,864.00"
2019-08-14,2019081401006495,AHPC,54,33,100,103.00,"10,300.00"
2019-08-14,2019081401006494,AHPC,54,22,100,103.00,"10,300.00"
2019-08-14,2019081401006105,AHPC,53,6,100,102.00,"10,200.00"
2019-08-14,2019081401006457,AKPL,14,6,10,163.00,"1,630.00"
2019-08-14,2019081401006405,AKPL,14,32,10,163.00,"1,630.00"
2019-08-14,2019081401006545,ALBSL,11,25,250,470.00,"117,500.00"
2019-08-14,2019081401006544,ALBSL,11,40,10,470.00,"4,700.00"
2019-08-14,2019081401006379,ALBSL,11,10,10,470.00,"4,700.00"
2019-08-14,2019081401006324,ALICL,43,25,88,350.00,"30,800.00"
2019-08-14,2019081401006323,ALICL,54,25,50,350.00,"17,500.00"
2019-08-14,2019081401006322,ALICL,41,25,46,350.00,"16,100.00"
2019-08-14,2019081401006119,ALICL,41,56,154,350.00,"53,900.00"
2019-08-14,2019081401006118,ALICL,35,56,20,350.00,"7,000.00"
2019-08-14,2019081401006117,ALICL,40,56,100,350.00,"35,000.00"
2019-08-14,2019081401006116,ALICL,16,56,26,350.00,"9,100.00"
2019-08-14,2019081401006050,ALICL,16,10,66,350.00,"23,100.00"
2019-08-14,2019081401006538,API,45,45,700,130.00,"91,000.00"
2019-08-14,2019081401006537,API,46,45,100,130.00,"13,000.00"
2019-08-14,2019081401006536,API,20,45,20,130.00,"2,600.00"
2019-08-14,2019081401006535,API,37,45,500,130.00,"65,000.00"
2019-08-14,2019081401006534,API,58,45,132,130.00,"17,160.00"
2019-08-14,2019081401006501,API,8,45,71,131.00,"9,301.00"
2019-08-14,2019081401006441,BPCL,46,35,135,390.00,"52,650.00"
2019-08-14,2019081401006347,BPCL,59,21,100,389.00,"38,900.00"
2019-08-14,2019081401006310,CBBL,33,56,69,979.00,"67,551.00"
2019-08-14,2019081401006278,CBBL,33,49,25,979.00,"24,475.00"
2019-08-14,2019081401006277,CBBL,6,49,25,980.00,"24,500.00"
2019-08-14,2019081401006276,CBBL,45,49,19,980.00,"18,620.00"
2019-08-14,2019081401006275,CBBL,1,49,50,981.00,"49,050.00"
2019-08-14,2019081401006120,CBBL,4,50,50,985.00,"49,250.00"
2019-08-14,2019081401006344,CBL,40,35,759,149.00,"113,091.00"
2019-08-14,2019081401006343,CBL,35,35,100,149.00,"14,900.00"
2019-08-14,2019081401006342,CBL,34,35,50,149.00,"7,450.00"
2019-08-14,2019081401006341,CBL,59,35,91,149.00,"13,559.00"
2019-08-14,2019081401006175,CBL,59,25,307,149.00,"45,743.00"
2019-08-14,2019081401006418,CCBL,43,35,117,163.00,"19,071.00"
2019-08-14,2019081401006417,CCBL,40,35,383,164.00,"62,812.00"
2019-08-14,2019081401006189,CCBL,40,18,509,164.00,"83,476.00"
2019-08-14,2019081401006188,CCBL,17,18,741,164.00,"121,524.00"
2019-08-14,2019081401006475,CHCL,22,34,71,477.00,"33,867.00"
2019-08-14,2019081401006362,CHCL,22,45,342,477.00,"163,134.00"
2019-08-14,2019081401006361,CHCL,52,45,50,477.00,"23,850.00"
2019-08-14,2019081401006360,CHCL,59,45,20,477.00,"9,540.00"
2019-08-14,2019081401006359,CHCL,21,45,120,477.00,"57,240.00"
2019-08-14,2019081401006358,CHCL,35,45,20,477.00,"9,540.00"
2019-08-14,2019081401006520,CIT,22,22,215,"2,371.00","509,765.00"
2019-08-14,2019081401006519,CIT,59,22,10,"2,371.00","23,710.00"
2019-08-14,2019081401006518,CIT,34,22,10,"2,372.00","23,720.00"
2019-08-14,2019081401006432,CZBIL,51,56,14,218.00,"3,052.00"
2019-08-14,2019081401006154,CZBIL,51,25,384,218.00,"83,712.00"
2019-08-14,2019081401006153,CZBIL,28,25,400,218.00,"87,200.00"
2019-08-14,2019081401006152,CZBIL,28,25,56,218.00,"12,208.00"
2019-08-14,2019081401006452,DDBL,25,52,281,755.00,"212,155.00"
2019-08-14,2019081401006451,DDBL,13,52,100,755.00,"75,500.00"
2019-08-14,2019081401006196,DDBL,13,16,100,755.00,"75,500.00"
2019-08-14,2019081401006092,DHPL,57,47,135,62.00,"8,370.00"
2019-08-14,2019081401006091,DHPL,6,47,15,62.00,930.00
2019-08-14,2019081401006354,EBL,14,21,100,647.00,"64,700.00"
2019-08-14,2019081401006291,EBL,14,49,131,647.00,"84,757.00"
2019-08-14,2019081401006290,EBL,56,49,47,648.00,"30,456.00"
2019-08-14,2019081401006235,EBL,56,18,53,648.00,"34,344.00"
2019-08-14,2019081401006234,EBL,35,18,83,648.00,"53,784.00"
2019-08-14,2019081401006448,FMDBL,5,19,15,396.00,"5,940.00"
2019-08-14,2019081401006447,FMDBL,33,19,85,396.00,"33,660.00"
2019-08-14,2019081401006396,FMDBL,33,56,15,396.00,"5,940.00"
2019-08-14,2019081401006395,FMDBL,58,56,30,396.00,"11,880.00"
2019-08-14,2019081401006498,GBBL,17,35,235,215.00,"50,525.00"
2019-08-14,2019081401006308,GBBL,17,49,65,215.00,"13,975.00"
2019-08-14,2019081401006307,GBBL,41,49,150,215.00,"32,250.00"
2019-08-14,2019081401006114,GBLBS,49,33,430,366.00,"157,380.00"
2019-08-14,2019081401006113,GBLBS,57,33,30,366.00,"10,980.00"
2019-08-14,2019081401006112,GBLBS,14,33,100,368.00,"36,800.00"
2019-08-14,2019081401006111,GBLBS,59,33,50,368.00,"18,400.00"
2019-08-14,2019081401006110,GBLBS,42,33,100,368.00,"36,800.00"
2019-08-14,2019081401006109,GBLBS,5,33,50,368.00,"18,400.00"
2019-08-14,2019081401006108,GBLBS,34,33,200,368.00,"73,600.00"
2019-08-14,2019081401006107,GBLBS,59,33,40,369.00,"14,760.00"
2019-08-14,2019081401006382,GHL,56,38,30,83.00,"2,490.00"
2019-08-14,2019081401006433,GILB,57,39,100,690.00,"69,000.00"
2019-08-14,2019081401006446,GLBSL,7,56,10,525.00,"5,250.00"
2019-08-14,2019081401006159,GLBSL,7,39,500,528.00,"264,000.00"
2019-08-14,2019081401006333,GLICL,34,49,181,455.00,"82,355.00"
2019-08-14,2019081401006151,GLICL,58,17,15,452.00,"6,780.00"
2019-08-14,2019081401006135,GLICL,58,17,345,452.00,"155,940.00"
2019-08-14,2019081401006134,GLICL,52,17,100,455.00,"45,500.00"
2019-08-14,2019081401006133,GLICL,43,17,100,455.00,"45,500.00"
2019-08-14,2019081401006132,GLICL,35,17,50,455.00,"22,750.00"
2019-08-14,2019081401006131,GLICL,17,17,30,455.00,"13,650.00"
2019-08-14,2019081401006130,GLICL,51,17,65,458.00,"29,770.00"
2019-08-14,2019081401006103,GLICL,51,17,135,458.00,"61,830.00"
2019-08-14,2019081401006102,GLICL,34,17,110,460.00,"50,600.00"
2019-08-14,2019081401006101,GLICL,34,17,50,460.00,"23,000.00"
2019-08-14,2019081401006173,GMFBS,10,42,10,579.00,"5,790.00"
2019-08-14,2019081401006383,GUFL,3,32,300,119.00,"35,700.00"
2019-08-14,2019081401006488,HBL,14,49,735,545.00,"400,575.00"
2019-08-14,2019081401006350,HBL,14,49,131,545.00,"71,395.00"
2019-08-14,2019081401006365,HGI,33,49,267,325.00,"86,775.00"
2019-08-14,2019081401006124,HGI,33,56,200,325.00,"65,000.00"
2019-08-14,2019081401006201,HIDCL,41,18,500,150.00,"75,000.00"
2019-08-14,2019081401006145,HIDCL,34,8,17,151.00,"2,567.00"
2019-08-14,2019081401006144,HIDCL,34,57,83,151.00,"12,533.00"
2019-08-14,2019081401006364,HPPL,18,54,10,165.00,"1,650.00"
2019-08-14,2019081401006363,HPPL,18,38,10,165.00,"1,650.00"
2019-08-14,2019081401006129,HPPL,28,56,10,164.00,"1,640.00"
2019-08-14,2019081401006470,IGI,17,11,75,344.00,"25,800.00"
2019-08-14,2019081401006199,IGI,28,55,100,346.00,"34,600.00"
2019-08-14,2019081401006198,IGI,46,55,200,346.00,"69,200.00"
2019-08-14,2019081401006469,IGI,14,11,20,345.00,"6,900.00"
2019-08-14,2019081401006468,IGI,33,11,125,345.00,"43,125.00"
2019-08-14,2019081401006526,ILBS,21,44,40,480.00,"19,200.00"
2019-08-14,2019081401006525,ILBS,43,44,50,480.00,"24,000.00"
2019-08-14,2019081401006524,ILBS,7,44,30,480.00,"14,400.00"
2019-08-14,2019081401006484,ILBS,7,34,10,480.00,"4,800.00"
2019-08-14,2019081401006283,ILBS,7,4,10,480.00,"4,800.00"
2019-08-14,2019081401006215,ILBS,7,1,10,480.00,"4,800.00"
2019-08-14,2019081401006391,KBL,39,52,999,205.00,"204,795.00"
2019-08-14,2019081401006373,KBL,39,45,577,205.00,"118,285.00"
2019-08-14,2019081401006242,KBL,39,1,30,205.00,"6,150.00"
2019-08-14,2019081401006430,LBBL,45,59,455,177.00,"80,535.00"
2019-08-14,2019081401006429,LBBL,45,59,100,177.00,"17,700.00"
2019-08-14,2019081401006428,LBBL,48,59,550,177.00,"97,350.00"
2019-08-14,2019081401006427,LBBL,32,59,"1,000",177.00,"177,000.00"
2019-08-14,2019081401006178,LBBL,3,13,"1,000",178.00,"178,000.00"
2019-08-14,2019081401006177,LBBL,11,13,50,178.00,"8,900.00"
2019-08-14,2019081401006426,LBBL,29,59,100,177.00,"17,700.00"
2019-08-14,2019081401006425,LBBL,44,59,50,177.00,"8,850.00"
2019-08-14,2019081401006424,LBBL,14,59,200,177.00,"35,400.00"
2019-08-14,2019081401006423,LBBL,52,59,300,177.00,"53,100.00"
2019-08-14,2019081401006422,LBBL,59,59,500,177.00,"88,500.00"
2019-08-14,2019081401006203,MBL,58,11,286,256.00,"73,216.00"
2019-08-14,2019081401006121,MBL,41,11,"1,500",256.00,"384,000.00"
2019-08-14,2019081401006295,MDB,28,13,257,238.00,"61,166.00"
2019-08-14,2019081401006294,MDB,28,5,78,238.00,"18,564.00"
2019-08-14,2019081401006217,MEGA,45,18,500,199.00,"99,500.00"
2019-08-14,2019081401006238,MEGA,45,10,53,199.00,"10,547.00"
