Date,Transact. No.,Symbol,Buyer,Seller,Quantity,Rate,Amount
2019-11-05,2019110501003897,ADBL,34,10,200,416.00,"83,200.00"
2019-11-05,2019110501003757,ADBL,39,39,845,415.00,"350,675.00"
2019-11-05,2019110501003505,ADBL,39,52,80,415.00,"33,200.00"
2019-11-05,2019110501003556,AKBSL,48,18,20,419.00,"8,380.00"
2019-11-05,2019110501003540,AKBSL,48,16,10,416.00,"4,160.00"
2019-11-05,2019110501003539,AKBSL,48,26,10,415.00,"4,150.00"
2019-11-05,2019110501003538,AKBSL,48,47,10,414.00,"4,140.00"
2019-11-05,2019110501003518,AKBSL,48,58,10,411.00,"4,110.00"
2019-11-05,2019110501003501,AKBSL,48,58,10,411.00,"4,110.00"
2019-11-05,2019110501003744,ALBSL,56,16,60,390.00,"23,400.00"
2019-11-05,2019110501003604,ALBSL,56,42,10,390.00,"3,900.00"
2019-11-05,2019110501003948,BOKL,29,33,21,226.00,"4,746.00"
2019-11-05,2019110501003947,BOKL,52,33,479,226.00,"108,254.00"
2019-11-05,2019110501003734,BOKL,33,57,50,227.00,"11,350.00"
2019-11-05,2019110501003880,BPCL,33,58,22,369.00,"8,118.00"
2019-11-05,2019110501003879,BPCL,33,17,11,368.00,"4,048.00"
2019-11-05,2019110501003808,BPCL,28,39,11,364.00,"4,004.00"
2019-11-05,2019110501003712,BPCL,53,42,31,364.00,"11,284.00"
2019-11-05,2019110501003497,CBBL,45,37,20,964.00,"19,280.00"
2019-11-05,2019110501003496,CBBL,22,37,139,964.00,"133,996.00"
2019-11-05,2019110501003495,CBBL,26,37,50,965.00,"48,250.00"
2019-11-05,2019110501003918,CBL,40,22,120,142.00,"17,040.00"
2019-11-05,2019110501003861,CBL,43,22,10,142.00,"1,420.00"
2019-11-05,2019110501003702,CBL,8,7,79,141.00,"11,139.00"
2019-11-05,2019110501003701,CBL,54,7,100,141.00,"14,100.00"
2019-11-05,2019110501003700,CBL,57,7,111,141.00,"15,651.00"
2019-11-05,2019110501003699,CBL,7,7,"1,000",141.00,"141,000.00"
2019-11-05,2019110501003698,CBL,22,7,300,141.00,"42,300.00"
2019-11-05,2019110501003697,CBL,37,7,100,141.00,"14,100.00"
2019-11-05,2019110501003696,CBL,41,7,500,141.00,"70,500.00"
2019-11-05,2019110501003695,CBL,49,7,300,141.00,"42,300.00"
2019-11-05,2019110501003694,CBL,49,7,"1,500",141.00,"211,500.00"
2019-11-05,2019110501003693,CBL,41,7,31,141.00,"4,371.00"
2019-11-05,2019110501003830,CCBL,49,38,910,158.00,"143,780.00"
2019-11-05,2019110501003689,CCBL,49,42,"1,000",158.00,"158,000.00"
2019-11-05,2019110501003602,CCBL,49,28,"2,000",158.00,"316,000.00"
2019-11-05,2019110501003601,CCBL,49,56,100,158.00,"15,800.00"
2019-11-05,2019110501003600,CCBL,49,34,200,158.00,"31,600.00"
2019-11-05,2019110501003599,CCBL,49,34,500,158.00,"79,000.00"
2019-11-05,2019110501003598,CCBL,49,44,290,157.00,"45,530.00"
2019-11-05,2019110501003936,CHCL,58,39,31,458.00,"14,198.00"
2019-11-05,2019110501003935,CHCL,58,39,19,456.00,"8,664.00"
2019-11-05,2019110501003567,CHCL,39,58,190,456.00,"86,640.00"
2019-11-05,2019110501003566,CHCL,42,58,60,456.00,"27,360.00"
2019-11-05,2019110501003565,CHCL,1,58,100,456.00,"45,600.00"
2019-11-05,2019110501003564,CHCL,58,58,100,456.00,"45,600.00"
2019-11-05,2019110501003480,CHCL,36,42,100,459.00,"45,900.00"
2019-11-05,2019110501003563,CHCL,38,58,50,456.00,"22,800.00"
2019-11-05,2019110501003562,CHCL,40,58,200,457.00,"91,400.00"
2019-11-05,2019110501003561,CHCL,11,58,50,457.00,"22,850.00"
2019-11-05,2019110501003560,CHCL,42,58,250,457.00,"114,250.00"
2019-11-05,2019110501003537,CHCL,5,16,150,458.00,"68,700.00"
2019-11-05,2019110501003509,CHCL,5,37,100,458.00,"45,800.00"
2019-11-05,2019110501003677,CIT,58,35,11,"1,775.00","19,525.00"
2019-11-05,2019110501003608,CIT,5,46,30,"1,775.00","53,250.00"
2019-11-05,2019110501003485,CIT,34,6,120,"1,776.00","213,120.00"
2019-11-05,2019110501003484,CIT,7,6,24,"1,779.00","42,696.00"
2019-11-05,2019110501003929,CLBSL,17,45,20,470.00,"9,400.00"
2019-11-05,2019110501003829,DDBL,49,33,200,716.00,"143,200.00"
2019-11-05,2019110501003745,DDBL,49,52,60,716.00,"42,960.00"
2019-11-05,2019110501003681,DDBL,49,11,507,716.00,"363,012.00"
2019-11-05,2019110501003680,DDBL,22,11,200,717.00,"143,400.00"
2019-11-05,2019110501003679,DDBL,28,11,410,717.00,"293,970.00"
2019-11-05,2019110501003543,DDBL,28,22,50,717.00,"35,850.00"
2019-11-05,2019110501003542,DDBL,26,22,100,717.00,"71,700.00"
2019-11-05,2019110501003906,EBL,53,58,80,557.00,"44,560.00"
2019-11-05,2019110501003840,EBL,56,58,200,557.00,"111,400.00"
2019-11-05,2019110501003656,EBL,44,21,10,556.00,"5,560.00"
2019-11-05,2019110501003547,EBL,34,58,50,557.00,"27,850.00"
2019-11-05,2019110501003517,EDBL,13,52,45,262.00,"11,790.00"
2019-11-05,2019110501003478,EDBL,20,52,500,263.00,"131,500.00"
2019-11-05,2019110501003477,EDBL,20,52,383,263.00,"100,729.00"
2019-11-05,2019110501003668,EIC,58,25,150,224.00,"33,600.00"
2019-11-05,2019110501003965,FMDBL,57,41,10,312.00,"3,120.00"
2019-11-05,2019110501003954,FMDBL,51,51,130,308.00,"40,040.00"
2019-11-05,2019110501003953,FMDBL,52,51,200,308.00,"61,600.00"
2019-11-05,2019110501003952,FMDBL,21,51,300,308.00,"92,400.00"
2019-11-05,2019110501003966,FOWAD,41,45,10,"1,327.00","13,270.00"
2019-11-05,2019110501003907,FOWAD,33,33,10,"1,330.00","13,300.00"
2019-11-05,2019110501003902,FOWAD,41,39,19,"1,327.00","25,213.00"
2019-11-05,2019110501003871,FOWAD,41,25,100,"1,327.00","132,700.00"
2019-11-05,2019110501003738,FOWAD,41,58,50,"1,327.00","66,350.00"
2019-11-05,2019110501003546,FOWAD,56,50,50,"1,333.00","66,650.00"
2019-11-05,2019110501003545,FOWAD,56,34,20,"1,331.00","26,620.00"
2019-11-05,2019110501003481,FOWAD,41,49,60,"1,327.00","79,620.00"
2019-11-05,2019110501003915,GBLBS,14,51,15,310.00,"4,650.00"
2019-11-05,2019110501003867,GBLBS,14,45,15,310.00,"4,650.00"
2019-11-05,2019110501003592,GBLBS,18,39,10,311.00,"3,110.00"
2019-11-05,2019110501003908,GILB,22,34,72,870.00,"62,640.00"
2019-11-05,2019110501003898,GILB,35,25,10,867.00,"8,670.00"
2019-11-05,2019110501003749,GILB,5,34,11,871.00,"9,581.00"
2019-11-05,2019110501003748,GILB,58,34,20,872.00,"17,440.00"
2019-11-05,2019110501003793,GILB,1,34,20,870.00,"17,400.00"
2019-11-05,2019110501003753,GILB,42,34,110,870.00,"95,700.00"
2019-11-05,2019110501003752,GILB,14,34,50,870.00,"43,500.00"
2019-11-05,2019110501003751,GILB,38,34,60,870.00,"52,200.00"
2019-11-05,2019110501003750,GILB,33,34,57,871.00,"49,647.00"
2019-11-05,2019110501003747,GLICL,50,1,91,350.00,"31,850.00"
2019-11-05,2019110501003746,GLICL,5,1,19,350.00,"6,650.00"
2019-11-05,2019110501003489,GLICL,5,50,181,350.00,"63,350.00"
2019-11-05,2019110501003488,GLICL,7,50,50,350.00,"17,500.00"
2019-11-05,2019110501003970,GMFBS,10,28,10,460.00,"4,600.00"
2019-11-05,2019110501003826,GMFBS,56,39,10,454.00,"4,540.00"
2019-11-05,2019110501003683,GMFBS,56,40,40,454.00,"18,160.00"
2019-11-05,2019110501003941,GRDBL,43,57,10,104.00,"1,040.00"
2019-11-05,2019110501003684,GRDBL,45,21,50,102.00,"5,100.00"
2019-11-05,2019110501003894,HBL,34,6,300,492.00,"147,600.00"
2019-11-05,2019110501003893,HBL,28,6,75,493.00,"36,975.00"
2019-11-05,2019110501003892,HBL,14,6,100,493.00,"49,300.00"
2019-11-05,2019110501003891,HBL,22,6,50,493.00,"24,650.00"
2019-11-05,2019110501003890,HBL,1,6,41,493.00,"20,213.00"
2019-11-05,2019110501003889,HBL,44,6,268,494.00,"132,392.00"
2019-11-05,2019110501003762,HBL,44,59,170,494.00,"83,980.00"
2019-11-05,2019110501003739,HBL,44,51,12,494.00,"5,928.00"
2019-11-05,2019110501003963,HDL,58,32,40,"1,539.00","61,560.00"
2019-11-05,2019110501003962,HDL,58,38,10,"1,538.00","15,380.00"
2019-11-05,2019110501003886,HDL,58,48,50,"1,520.00","76,000.00"
2019-11-05,2019110501003885,HDL,35,48,200,"1,521.00","304,200.00"
2019-11-05,2019110501003534,HIDCL,1,7,326,136.00,"44,336.00"
2019-11-05,2019110501003522,HIDCL,41,7,100,137.00,"13,700.00"
2019-11-05,2019110501003842,HPPL,18,39,10,138.00,"1,380.00"
2019-11-05,2019110501003813,HURJA,1,51,20,102.00,"2,040.00"
2019-11-05,2019110501003736,HURJA,43,10,30,104.00,"3,120.00"
2019-11-05,2019110501003735,HURJA,43,57,20,104.00,"2,080.00"
2019-11-05,2019110501003925,ICFC,8,25,100,160.00,"16,000.00"
2019-11-05,2019110501003643,IGI,39,55,70,287.00,"20,090.00"
2019-11-05,2019110501003642,IGI,21,55,30,287.00,"8,610.00"
2019-11-05,2019110501003527,ILBS,29,34,30,439.00,"13,170.00"
2019-11-05,2019110501003520,ILBS,41,47,10,438.00,"4,380.00"
2019-11-05,2019110501003875,JFL,41,3,50,195.00,"9,750.00"
2019-11-05,2019110501003857,JFL,17,51,665,193.00,"128,345.00"
2019-11-05,2019110501003856,JFL,42,51,130,193.00,"25,090.00"
2019-11-05,2019110501003802,JFL,17,29,197,194.00,"38,218.00"
2019-11-05,2019110501003801,JFL,17,28,40,194.00,"7,760.00"
2019-11-05,2019110501003884,KBL,45,17,300,182.00,"54,600.00"
2019-11-05,2019110501003883,KBL,45,52,100,182.00,"18,200.00"
2019-11-05,2019110501003771,KBL,48,26,264,183.00,"48,312.00"
2019-11-05,2019110501003770,KBL,48,49,236,183.00,"43,188.00"
2019-11-05,2019110501003629,KBL,45,57,43,182.00,"7,826.00"
2019-11-05,2019110501003628,KBL,47,57,457,182.00,"83,174.00"
2019-11-05,2019110501003550,KBL,47,26,43,182.00,"7,826.00"
2019-11-05,2019110501003549,KBL,58,26,107,182.00,"19,474.00"
2019-11-05,2019110501003773,KSBBL,33,42,50,143.00,"7,150.00"
2019-11-05,2019110501003570,LBL,41,28,300,220.00,"66,000.00"
2019-11-05,2019110501003513,LBL,32,28,100,220.00,"22,000.00"
2019-11-05,2019110501003482,LBL,34,28,300,220.00,"66,000.00"
2019-11-05,2019110501003474,LBL,38,22,100,219.00,"21,900.00"
2019-11-05,2019110501003817,LGIL,34,58,115,316.00,"36,340.00"
2019-11-05,2019110501003816,LGIL,43,58,100,316.00,"31,600.00"
2019-11-05,2019110501003815,LGIL,7,58,22,318.00,"6,996.00"
2019-11-05,2019110501003945,MBL,36,7,100,229.00,"22,900.00"
2019-11-05,2019110501003742,MBL,48,7,170,229.00,"38,930.00"
2019-11-05,2019110501003741,MBL,48,8,50,229.00,"11,450.00"
2019-11-05,2019110501003740,MBL,48,6,280,229.00,"64,120.00"
2019-11-05,2019110501003946,MEGA,32,36,68,187.00,"12,716.00"
2019-11-05,2019110501003904,MEGA,32,33,12,187.00,"2,244.00"
2019-11-05,2019110501003881,MEGA,36,33,488,188.00,"91,744.00"
2019-11-05,2019110501003872,MEGA,43,14,10,189.00,"1,890.00"
2019-11-05,2019110501003611,MEGA,1,11,500,188.00,"94,000.00"
2019-11-05,2019110501003610,MEGA,45,11,600,188.00,"112,800.00"
2019-11-05,2019110501003579,MEGA,33,14,101,189.00,"19,089.00"
2019-11-05,2019110501003578,MEGA,33,44,99,189.00,"18,711.00"
2019-11-05,2019110501003516,MEGA,45,55,250,188.00,"47,000.00"
2019-11-05,2019110501003633,MEGA,32,6,300,188.00,"56,400.00"
2019-11-05,2019110501003632,MEGA,22,6,20,188.00,"3,760.00"
2019-11-05,2019110501003631,MEGA,28,6,213,188.00,"40,044.00"
2019-11-05,2019110501003614,MEGA,28,11,"1,787",188.00,"335,956.00"
2019-11-05,2019110501003613,MEGA,56,11,100,188.00,"18,800.00"
2019-11-05,2019110501003612,MEGA,59,11,400,188.00,"75,200.00"
2019-11-05,2019110501003704,MEGA,36,59,12,188.00,"2,256.00"
2019-11-05,2019110501003703,MEGA,26,59,438,188.00,"82,344.00"
2019-11-05,2019110501003634,MEGA,26,6,67,188.00,"12,596.00"
2019-11-05,2019110501003961,MERO,45,41,107,562.00,"60,134.00"
2019-11-05,2019110501003960,MERO,45,6,88,561.00,"49,368.00"
2019-11-05,2019110501003951,MERO,39,6,100,561.00,"56,100.00"
2019-11-05,2019110501003591,MERO,7,45,350,565.00,"197,750.00"
2019-11-05,2019110501003660,MERO,36,45,113,565.00,"63,845.00"
2019-11-05,2019110501003625,MERO,19,45,10,565.00,"5,650.00"
2019-11-05,2019110501003706,MERO,56,41,20,566.00,"11,320.00"
2019-11-05,2019110501003705,MERO,56,45,30,566.00,"16,980.00"
2019-11-05,2019110501003687,MERO,38,45,20,566.00,"11,320.00"
2019-11-05,2019110501003780,MERO,36,6,50,565.00,"28,250.00"
2019-11-05,2019110501003779,MERO,32,6,38,565.00,"21,470.00"
2019-11-05,2019110501003761,MERO,32,37,12,565.00,"6,780.00"
2019-11-05,2019110501003758,MERO,35,41,70,566.00,"39,620.00"
2019-11-05,2019110501003755,MERO,39,41,100,566.00,"56,600.00"
2019-11-05,2019110501003833,MERO,19,6,42,564.00,"23,688.00"
2019-11-05,2019110501003832,MERO,7,6,13,564.00,"7,332.00"
2019-11-05,2019110501003798,MERO,35,6,30,565.00,"16,950.00"
2019-11-05,2019110501003858,MERO,49,42,126,562.00,"70,812.00"
2019-11-05,2019110501003838,MERO,25,6,100,563.00,"56,300.00"
2019-11-05,2019110501003837,MERO,45,6,200,563.00,"112,600.00"
2019-11-05,2019110501003836,MERO,19,6,110,563.00,"61,930.00"
2019-11-05,2019110501003835,MERO,35,6,100,564.00,"56,400.00"
2019-11-05,2019110501003834,MERO,25,6,20,564.00,"11,280.00"
2019-11-05,2019110501003909,MERO,22,57,10,562.00,"5,620.00"
2019-11-05,2019110501003903,MERO,49,6,74,562.00,"41,588.00"
2019-11-05,2019110501003870,MERO,37,51,100,564.00,"56,400.00"
2019-11-05,2019110501003928,MERO,25,41,30,562.00,"16,860.00"
2019-11-05,2019110501003927,MERO,32,41,30,562.00,"16,860.00"
2019-11-05,2019110501003924,MERO,6,35,50,563.00,"28,150.00"
2019-11-05,2019110501003910,MERO,45,57,50,562.00,"28,100.00"
2019-11-05,2019110501003586,MHNL,29,58,30,77.00,"2,310.00"
2019-11-05,2019110501003585,MHNL,26,58,70,77.00,"5,390.00"
2019-11-05,2019110501003584,MHNL,52,58,10,78.00,780.00
2019-11-05,2019110501003544,MLBBL,48,37,500,424.00,"212,000.00"
2019-11-05,2019110501003932,MLBL,14,57,27,211.00,"5,697.00"
2019-11-05,2019110501003511,MLBL,45,33,300,212.00,"63,600.00"
2019-11-05,2019110501003594,MLBL,25,33,200,212.00,"42,400.00"
2019-11-05,2019110501003559,MLBL,32,4,200,211.00,"42,200.00"
2019-11-05,2019110501003558,MLBL,1,4,200,211.00,"42,200.00"
2019-11-05,2019110501003557,MLBL,59,4,100,211.00,"21,100.00"
2019-11-05,2019110501003524,MLBL,59,41,400,211.00,"84,400.00"
2019-11-05,2019110501003607,MLBL,6,16,150,212.00,"31,800.00"
2019-11-05,2019110501003597,MLBL,46,16,50,212.00,"10,600.00"
2019-11-05,2019110501003596,MLBL,25,16,100,212.00,"21,200.00"
2019-11-05,2019110501003595,MLBL,25,56,200,212.00,"42,400.00"
2019-11-05,2019110501003688,MLBL,51,4,105,212.00,"22,260.00"
2019-11-05,2019110501003686,MLBL,51,35,40,212.00,"8,480.00"
2019-11-05,2019110501003685,MLBL,51,16,155,212.00,"32,860.00"
2019-11-05,2019110501003768,MLBL,33,4,100,212.00,"21,200.00"
2019-11-05,2019110501003825,MLBL,33,43,532,211.00,"112,252.00"
2019-11-05,2019110501003824,MLBL,1,43,18,211.00,"3,798.00"
2019-11-05,2019110501003823,MLBL,32,43,100,211.00,"21,100.00"
2019-11-05,2019110501003896,MLBL,19,17,100,212.00,"21,200.00"
2019-11-05,2019110501003869,MLBL,40,4,327,211.00,"68,997.00"
2019-11-05,2019110501003868,MLBL,33,4,468,211.00,"98,748.00"
2019-11-05,2019110501003931,MLBL,1,57,300,211.00,"63,300.00"
2019-11-05,2019110501003930,MLBL,40,57,173,211.00,"36,503.00"
2019-11-05,2019110501003785,MNBBL,49,33,100,316.00,"31,600.00"
2019-11-05,2019110501003777,MNBBL,49,44,"1,652",316.00,"522,032.00"
2019-11-05,2019110501003776,MNBBL,36,44,100,316.00,"31,600.00"
2019-11-05,2019110501003775,MNBBL,35,44,150,316.00,"47,400.00"
2019-11-05,2019110501003774,MNBBL,49,44,98,316.00,"30,968.00"
2019-11-05,2019110501003603,MNBBL,5,44,100,317.00,"31,700.00"
2019-11-05,2019110501003490,MNBBL,49,17,"1,000",316.00,"316,000.00"
2019-11-05,2019110501003956,MSLB,39,25,50,855.00,"42,750.00"
2019-11-05,2019110501003914,MSLB,39,36,26,855.00,"22,230.00"
2019-11-05,2019110501003778,MSMBS,17,55,41,458.00,"18,778.00"
2019-11-05,2019110501003934,NABIL,58,44,10,770.00,"7,700.00"
2019-11-05,2019110501003865,NABIL,35,21,35,763.00,"26,705.00"
2019-11-05,2019110501003864,NABIL,11,21,84,763.00,"64,092.00"
2019-11-05,2019110501003863,NABIL,36,21,35,763.00,"26,705.00"
2019-11-05,2019110501003862,NABIL,56,21,26,763.00,"19,838.00"
2019-11-05,2019110501003787,NABIL,34,53,50,764.00,"38,200.00"
2019-11-05,2019110501003619,NABIL,49,47,79,767.00,"60,593.00"
2019-11-05,2019110501003587,NABIL,45,58,26,768.00,"19,968.00"
2019-11-05,2019110501003523,NABIL,19,58,10,768.00,"7,680.00"
2019-11-05,2019110501003649,NABIL,35,58,50,765.00,"38,250.00"
2019-11-05,2019110501003648,NABIL,42,58,70,765.00,"53,550.00"
2019-11-05,2019110501003647,NABIL,51,58,100,766.00,"76,600.00"
2019-11-05,2019110501003646,NABIL,34,58,100,766.00,"76,600.00"
2019-11-05,2019110501003645,NABIL,34,58,150,766.00,"114,900.00"
2019-11-05,2019110501003644,NABIL,49,58,21,767.00,"16,107.00"
2019-11-05,2019110501003786,NABIL,44,53,10,764.00,"7,640.00"
2019-11-05,2019110501003756,NABIL,44,51,15,764.00,"11,460.00"
2019-11-05,2019110501003692,NABIL,25,58,100,765.00,"76,500.00"
2019-11-05,2019110501003652,NABIL,45,58,20,765.00,"15,300.00"
2019-11-05,2019110501003651,NABIL,21,58,50,765.00,"38,250.00"
2019-11-05,2019110501003650,NABIL,46,58,100,765.00,"76,500.00"
2019-11-05,2019110501003580,NADEP,56,26,20,391.00,"7,820.00"
2019-11-05,2019110501003512,NADEP,56,47,20,391.00,"7,820.00"
2019-11-05,2019110501003831,NBB,25,42,25,206.00,"5,150.00"
2019-11-05,2019110501003796,NBB,25,42,91,206.00,"18,746.00"
2019-11-05,2019110501003784,NBB,25,42,100,206.00,"20,600.00"
2019-11-05,2019110501003743,NBB,17,42,"1,000",206.00,"206,000.00"
2019-11-05,2019110501003664,NBB,44,42,59,206.00,"12,154.00"
2019-11-05,2019110501003663,NBB,17,42,50,206.00,"10,300.00"
2019-11-05,2019110501003662,NBB,13,42,200,206.00,"41,200.00"
2019-11-05,2019110501003661,NBB,43,42,500,206.00,"103,000.00"
2019-11-05,2019110501003506,NBB,32,32,100,207.00,"20,700.00"
2019-11-05,2019110501003926,NBL,33,22,20,315.00,"6,300.00"
2019-11-05,2019110501003905,NBL,58,22,100,314.00,"31,400.00"
2019-11-05,2019110501003901,NBL,43,22,10,315.00,"3,150.00"
2019-11-05,2019110501003707,NBL,58,19,470,314.00,"147,580.00"
2019-11-05,2019110501003638,NBL,43,22,191,315.00,"60,165.00"
2019-11-05,2019110501003618,NBL,43,22,309,315.00,"97,335.00"
2019-11-05,2019110501003574,NBL,25,43,300,315.00,"94,500.00"
2019-11-05,2019110501003573,NBL,58,43,60,315.00,"18,900.00"
2019-11-05,2019110501003572,NBL,53,43,200,315.00,"63,000.00"
2019-11-05,2019110501003571,NBL,43,43,26,315.00,"8,190.00"
2019-11-05,2019110501003617,NBL,1,22,200,315.00,"63,000.00"
2019-11-05,2019110501003616,NBL,5,22,100,315.00,"31,500.00"
2019-11-05,2019110501003615,NBL,4,22,891,315.00,"280,665.00"
2019-11-05,2019110501003577,NBL,4,43,109,315.00,"34,335.00"
2019-11-05,2019110501003576,NBL,25,43,300,315.00,"94,500.00"
2019-11-05,2019110501003575,NBL,35,43,200,315.00,"63,000.00"
2019-11-05,2019110501003973,NCCB,58,57,13,206.00,"2,678.00"
2019-11-05,2019110501003972,NCCB,58,58,10,205.00,"2,050.00"
2019-11-05,2019110501003971,NCCB,58,17,17,205.00,"3,485.00"
2019-11-05,2019110501003933,NCCB,44,54,500,204.00,"102,000.00"
2019-11-05,2019110501003767,NCCB,35,17,99,205.00,"20,295.00"
2019-11-05,2019110501003766,NCCB,57,17,"1,000",205.00,"205,000.00"
2019-11-05,2019110501003487,NCCB,40,34,100,206.00,"20,600.00"
2019-11-05,2019110501003483,NCCB,28,1,200,205.00,"41,000.00"
2019-11-05,2019110501003589,NCCB,28,49,32,205.00,"6,560.00"
2019-11-05,2019110501003588,NCCB,28,49,33,205.00,"6,765.00"
2019-11-05,2019110501003494,NCCB,44,14,183,206.00,"37,698.00"
2019-11-05,2019110501003493,NCCB,44,17,115,206.00,"23,690.00"
2019-11-05,2019110501003492,NCCB,44,42,166,206.00,"34,196.00"
2019-11-05,2019110501003491,NCCB,44,34,536,206.00,"110,416.00"
2019-11-05,2019110501003658,NCCB,33,55,29,206.00,"5,974.00"
2019-11-05,2019110501003657,NCCB,33,14,417,206.00,"85,902.00"
2019-11-05,2019110501003636,NCCB,44,39,398,205.00,"81,590.00"
2019-11-05,2019110501003635,NCCB,58,39,"1,291",205.00,"264,655.00"
2019-11-05,2019110501003621,NCCB,58,47,770,205.00,"157,850.00"
2019-11-05,2019110501003620,NCCB,28,47,968,205.00,"198,440.00"
2019-11-05,2019110501003765,NCCB,57,17,309,205.00,"63,345.00"
2019-11-05,2019110501003764,NCCB,48,17,274,205.00,"56,170.00"
2019-11-05,2019110501003763,NCCB,48,51,17,205.00,"3,485.00"
2019-11-05,2019110501003691,NCCB,48,34,209,205.00,"42,845.00"
2019-11-05,2019110501003690,NCCB,44,34,102,205.00,"20,910.00"
2019-11-05,2019110501003659,NCCB,33,57,54,206.00,"11,124.00"
2019-11-05,2019110501003670,NEF,45,46,638,7.67,"4,893.46"
2019-11-05,2019110501003852,NIB,32,48,80,444.00,"35,520.00"
2019-11-05,2019110501003877,NICA,29,54,436,397.00,"173,092.00"
2019-11-05,2019110501003876,NICA,38,54,64,397.00,"25,408.00"
2019-11-05,2019110501003855,NICA,38,11,86,397.00,"34,142.00"
2019-11-05,2019110501003854,NICA,36,11,890,397.00,"353,330.00"
2019-11-05,2019110501003504,NICA,44,32,500,398.00,"199,000.00"
2019-11-05,2019110501003866,NLBBL,25,51,10,514.00,"5,140.00"
2019-11-05,2019110501003795,NLBBL,22,51,12,507.00,"6,084.00"
2019-11-05,2019110501003874,NLIC,36,19,72,795.00,"57,240.00"
2019-11-05,2019110501003873,NLIC,38,19,178,795.00,"141,510.00"
2019-11-05,2019110501003841,NLIC,38,54,22,795.00,"17,490.00"
2019-11-05,2019110501003583,NLIC,48,45,50,796.00,"39,800.00"
2019-11-05,2019110501003582,NLIC,28,45,50,796.00,"39,800.00"
2019-11-05,2019110501003569,NLIC,1,26,12,796.00,"9,552.00"
2019-11-05,2019110501003568,NLIC,1,26,30,796.00,"23,880.00"
2019-11-05,2019110501003515,NLIC,42,19,20,797.00,"15,940.00"
2019-11-05,2019110501003514,NLIC,8,19,110,797.00,"87,670.00"
2019-11-05,2019110501003937,NLICL,22,35,10,431.00,"4,310.00"
2019-11-05,2019110501003923,NLICL,6,53,541,420.00,"227,220.00"
2019-11-05,2019110501003922,NLICL,1,53,50,420.00,"21,000.00"
2019-11-05,2019110501003921,NLICL,58,53,20,421.00,"8,420.00"
2019-11-05,2019110501003920,NLICL,28,53,100,421.00,"42,100.00"
2019-11-05,2019110501003919,NLICL,42,53,100,422.00,"42,200.00"
2019-11-05,2019110501003913,NLICL,52,53,10,425.00,"4,250.00"
2019-11-05,2019110501003759,NMBMF,51,45,10,485.00,"4,850.00"
2019-11-05,2019110501003711,NMBMF,51,18,80,485.00,"38,800.00"
2019-11-05,2019110501003710,NMBMF,6,18,10,485.00,"4,850.00"
2019-11-05,2019110501003709,NMBMF,21,18,100,486.00,"48,600.00"
2019-11-05,2019110501003708,NMBMF,29,18,10,487.00,"4,870.00"
2019-11-05,2019110501003799,NMFBS,42,33,10,"1,710.00","17,100.00"
2019-11-05,2019110501003669,NMFBS,34,26,29,"1,711.00","49,619.00"
2019-11-05,2019110501003853,NNLB,58,34,10,435.00,"4,350.00"
2019-11-05,2019110501003641,NTC,59,34,10,624.00,"6,240.00"
2019-11-05,2019110501003530,NUBL,58,22,50,860.00,"43,000.00"
2019-11-05,2019110501003964,PCBL,44,44,"7,230",260.00,"1,879,800.00"
2019-11-05,2019110501003851,PCBL,52,3,48,261.00,"12,528.00"
2019-11-05,2019110501003828,PCBL,52,44,699,261.00,"182,439.00"
2019-11-05,2019110501003827,PCBL,45,44,263,261.00,"68,643.00"
2019-11-05,2019110501003733,PCBL,45,53,237,261.00,"61,857.00"
2019-11-05,2019110501003732,PCBL,14,53,100,261.00,"26,100.00"
2019-11-05,2019110501003719,PCBL,44,53,50,262.00,"13,100.00"
2019-11-05,2019110501003718,PCBL,11,53,164,262.00,"42,968.00"
2019-11-05,2019110501003717,PCBL,32,53,500,262.00,"131,000.00"
2019-11-05,2019110501003716,PCBL,32,53,200,262.00,"52,400.00"
2019-11-05,2019110501003715,PCBL,47,53,153,262.00,"40,086.00"
2019-11-05,2019110501003725,PCBL,48,53,"2,000",261.00,"522,000.00"
2019-11-05,2019110501003724,PCBL,39,53,200,262.00,"52,400.00"
2019-11-05,2019110501003723,PCBL,34,53,100,262.00,"26,200.00"
2019-11-05,2019110501003722,PCBL,58,53,200,262.00,"52,400.00"
2019-11-05,2019110501003721,PCBL,47,53,200,262.00,"52,400.00"
2019-11-05,2019110501003720,PCBL,5,53,100,262.00,"26,200.00"
2019-11-05,2019110501003731,PCBL,1,53,100,261.00,"26,100.00"
2019-11-05,2019110501003730,PCBL,42,53,200,261.00,"52,200.00"
2019-11-05,2019110501003729,PCBL,13,53,500,261.00,"130,500.00"
2019-11-05,2019110501003728,PCBL,13,53,500,261.00,"130,500.00"
2019-11-05,2019110501003727,PCBL,14,53,200,261.00,"52,200.00"
2019-11-05,2019110501003726,PCBL,34,53,200,261.00,"52,200.00"
2019-11-05,2019110501003900,PFL,53,55,298,134.00,"39,932.00"
2019-11-05,2019110501003899,PFL,20,55,351,134.00,"47,034.00"
2019-11-05,2019110501003850,PIC,5,42,74,361.00,"26,714.00"
2019-11-05,2019110501003526,PIC,22,42,139,364.00,"50,596.00"
2019-11-05,2019110501003812,PLIC,11,38,666,310.00,"206,460.00"
2019-11-05,2019110501003811,PLIC,14,38,184,310.00,"57,040.00"
2019-11-05,2019110501003810,PLIC,5,38,50,310.00,"15,500.00"
2019-11-05,2019110501003809,PLIC,53,38,200,311.00,"62,200.00"
2019-11-05,2019110501003593,PLIC,56,51,81,314.00,"25,434.00"
2019-11-05,2019110501003917,PPCL,39,58,140,97.00,"13,580.00"
2019-11-05,2019110501003895,PRIN,11,22,174,312.00,"54,288.00"
2019-11-05,2019110501003849,PRIN,11,58,35,312.00,"10,920.00"
2019-11-05,2019110501003968,PRVU,21,34,72,267.00,"19,224.00"
2019-11-05,2019110501003959,PRVU,38,34,100,267.00,"26,700.00"
2019-11-05,2019110501003955,PRVU,21,34,500,267.00,"133,500.00"
2019-11-05,2019110501003860,PRVU,36,34,12,267.00,"3,204.00"
2019-11-05,2019110501003803,PRVU,56,34,20,267.00,"5,340.00"
2019-11-05,2019110501003737,PRVU,17,34,200,267.00,"53,400.00"
2019-11-05,2019110501003605,PRVU,44,34,319,267.00,"85,173.00"
2019-11-05,2019110501003479,PRVU,51,34,100,267.00,"26,700.00"
2019-11-05,2019110501003673,PRVU,45,34,30,267.00,"8,010.00"
2019-11-05,2019110501003667,PRVU,36,34,100,267.00,"26,700.00"
2019-11-05,2019110501003624,PRVU,45,34,465,267.00,"124,155.00"
2019-11-05,2019110501003623,PRVU,45,44,216,267.00,"57,672.00"
2019-11-05,2019110501003622,PRVU,45,34,"1,819",267.00,"485,673.00"
2019-11-05,2019110501003606,PRVU,44,34,181,267.00,"48,327.00"
2019-11-05,2019110501003714,PRVUPO,6,44,"93,352",162.00,"15,123,024.00"
2019-11-05,2019110501003848,RHPL,14,39,996,171.00,"170,316.00"
2019-11-05,2019110501003847,RHPL,14,39,500,171.00,"85,500.00"
2019-11-05,2019110501003846,RHPL,25,39,500,171.00,"85,500.00"
2019-11-05,2019110501003845,RHPL,54,39,30,171.00,"5,130.00"
2019-11-05,2019110501003844,RHPL,16,39,520,172.00,"89,440.00"
2019-11-05,2019110501003782,RHPL,16,58,480,172.00,"82,560.00"
2019-11-05,2019110501003713,RHPL,14,58,50,172.00,"8,600.00"
2019-11-05,2019110501003609,RHPL,14,26,30,172.00,"5,160.00"
2019-11-05,2019110501003666,RSDC,50,6,24,325.00,"7,800.00"
2019-11-05,2019110501003665,RSDC,50,22,55,324.00,"17,820.00"
2019-11-05,2019110501003814,SABSL,38,3,10,445.00,"4,450.00"
2019-11-05,2019110501003807,SABSL,16,3,10,445.00,"4,450.00"
2019-11-05,2019110501003805,SABSL,16,3,10,445.00,"4,450.00"
2019-11-05,2019110501003797,SABSL,16,3,10,445.00,"4,450.00"
2019-11-05,2019110501003794,SABSL,16,3,10,445.00,"4,450.00"
2019-11-05,2019110501003783,SABSL,16,3,10,445.00,"4,450.00"
2019-11-05,2019110501003769,SABSL,16,3,10,445.00,"4,450.00"
2019-11-05,2019110501003590,SADBL,4,34,200,140.00,"28,000.00"
2019-11-05,2019110501003916,SANIMA,4,11,334,304.00,"101,536.00"
2019-11-05,2019110501003781,SANIMA,4,11,200,304.00,"60,800.00"
2019-11-05,2019110501003637,SANIMA,40,11,"1,237",304.00,"376,048.00"
2019-11-05,2019110501003525,SANIMA,40,55,82,304.00,"24,928.00"
2019-11-05,2019110501003529,SAPDBL,55,25,300,121.00,"36,300.00"
2019-11-05,2019110501003528,SAPDBL,55,20,136,121.00,"16,456.00"
2019-11-05,2019110501003676,SBL,33,7,28,289.00,"8,092.00"
2019-11-05,2019110501003675,SBL,45,7,250,289.00,"72,250.00"
2019-11-05,2019110501003674,SBL,45,7,122,289.00,"35,258.00"
2019-11-05,2019110501003548,SBL,45,33,128,289.00,"36,992.00"
2019-11-05,2019110501003533,SBL,52,33,100,289.00,"28,900.00"
2019-11-05,2019110501003532,SBL,49,33,212,289.00,"61,268.00"
2019-11-05,2019110501003967,SCB,50,22,40,563.00,"22,520.00"
2019-11-05,2019110501003950,SCB,50,55,10,562.00,"5,620.00"
2019-11-05,2019110501003949,SCB,50,8,50,561.00,"28,050.00"
2019-11-05,2019110501003804,SCB,21,42,10,560.00,"5,600.00"
2019-11-05,2019110501003510,SEF,8,50,500,8.75,"4,375.00"
2019-11-05,2019110501003969,SHIVM,48,21,10,485.00,"4,850.00"
2019-11-05,2019110501003911,SHIVM,53,52,150,484.00,"72,600.00"
2019-11-05,2019110501003789,SHIVM,53,41,100,484.00,"48,400.00"
2019-11-05,2019110501003788,SHIVM,19,41,25,484.00,"12,100.00"
2019-11-05,2019110501003508,SHIVM,19,28,80,484.00,"38,720.00"
2019-11-05,2019110501003507,SHIVM,19,28,100,484.00,"48,400.00"
2019-11-05,2019110501003655,SHL,5,57,100,207.00,"20,700.00"
2019-11-05,2019110501003654,SHL,5,57,100,207.00,"20,700.00"
2019-11-05,2019110501003653,SHL,39,57,500,207.00,"103,500.00"
2019-11-05,2019110501003843,SHPC,38,26,18,189.00,"3,402.00"
2019-11-05,2019110501003792,SHPC,38,16,282,189.00,"53,298.00"
2019-11-05,2019110501003791,SHPC,40,16,50,189.00,"9,450.00"
2019-11-05,2019110501003790,SHPC,38,16,118,189.00,"22,302.00"
2019-11-05,2019110501003800,SIC,34,51,18,447.00,"8,046.00"
2019-11-05,2019110501003943,SICL,20,34,70,727.00,"50,890.00"
2019-11-05,2019110501003942,SICL,4,34,30,728.00,"21,840.00"
2019-11-05,2019110501003888,SJCL,16,51,500,168.00,"84,000.00"
2019-11-05,2019110501003887,SJCL,52,51,100,168.00,"16,800.00"
2019-11-05,2019110501003475,SJCL,14,44,10,168.00,"1,680.00"
2019-11-05,2019110501003476,SJCL,42,44,10,168.00,"1,680.00"
2019-11-05,2019110501003678,SJCL,41,26,20,168.00,"3,360.00"
2019-11-05,2019110501003640,SJCL,41,22,80,168.00,"13,440.00"
2019-11-05,2019110501003639,SJCL,42,22,40,168.00,"6,720.00"
2019-11-05,2019110501003552,SKBBL,22,14,500,940.00,"470,000.00"
2019-11-05,2019110501003551,SKBBL,22,40,15,940.00,"14,100.00"
2019-11-05,2019110501003958,SLBBL,32,36,200,570.00,"114,000.00"
2019-11-05,2019110501003957,SLBBL,32,43,150,569.00,"85,350.00"
2019-11-05,2019110501003878,SLBBL,58,58,865,567.00,"490,455.00"
2019-11-05,2019110501003839,SLBBL,45,43,50,569.00,"28,450.00"
2019-11-05,2019110501003760,SLBBL,57,19,29,568.00,"16,472.00"
2019-11-05,2019110501003499,SLBBL,33,10,50,568.00,"28,400.00"
2019-11-05,2019110501003498,SLBBL,26,10,50,568.00,"28,400.00"
2019-11-05,2019110501003555,SLBBL,52,51,291,567.00,"164,997.00"
2019-11-05,2019110501003554,SLBBL,22,51,100,567.00,"56,700.00"
2019-11-05,2019110501003553,SLBBL,21,51,100,568.00,"56,800.00"
2019-11-05,2019110501003500,SLBBL,21,10,200,568.00,"113,600.00"
2019-11-05,2019110501003627,SLBBL,48,53,71,567.00,"40,257.00"
2019-11-05,2019110501003626,SLBBL,52,53,29,567.00,"16,443.00"
2019-11-05,2019110501003536,SLBSL,42,18,20,720.00,"14,400.00"
2019-11-05,2019110501003535,SLBSL,22,18,10,720.00,"7,200.00"
2019-11-05,2019110501003859,SPARS,34,22,10,535.00,"5,350.00"
2019-11-05,2019110501003912,SPDL,45,45,10,72.00,720.00
2019-11-05,2019110501003940,SRBL,51,7,802,208.00,"166,816.00"
2019-11-05,2019110501003939,SRBL,14,7,100,208.00,"20,800.00"
2019-11-05,2019110501003938,SRBL,39,7,"1,598",208.00,"332,384.00"
2019-11-05,2019110501003882,SRBL,52,7,400,209.00,"83,600.00"
2019-11-05,2019110501003772,SRBL,52,25,100,209.00,"20,900.00"
2019-11-05,2019110501003541,SRBL,51,7,"1,000",209.00,"209,000.00"
2019-11-05,2019110501003944,SWBBL,33,47,20,909.00,"18,180.00"
2019-11-05,2019110501003503,SWBBL,52,47,29,908.00,"26,332.00"
2019-11-05,2019110501003502,SWBBL,33,47,150,909.00,"136,350.00"
2019-11-05,2019110501003486,SWBBL,33,7,100,912.00,"91,200.00"
2019-11-05,2019110501003822,UIC,53,42,60,243.00,"14,580.00"
2019-11-05,2019110501003821,UIC,34,42,200,243.00,"48,600.00"
2019-11-05,2019110501003820,UIC,22,42,50,243.00,"12,150.00"
2019-11-05,2019110501003819,UIC,39,42,100,243.00,"24,300.00"
2019-11-05,2019110501003818,UIC,34,42,190,244.00,"46,360.00"
2019-11-05,2019110501003630,UIC,53,42,52,245.00,"12,740.00"
2019-11-05,2019110501003531,UIC,34,32,10,244.00,"2,440.00"
2019-11-05,2019110501003521,UIC,53,42,20,245.00,"4,900.00"
2019-11-05,2019110501003682,UPPER,25,48,50,237.00,"11,850.00"
2019-11-05,2019110501003581,UPPER,45,8,150,236.00,"35,400.00"
2019-11-05,2019110501003519,UPPER,25,8,50,236.00,"11,800.00"
2019-11-05,2019110501003672,UPPER,25,39,50,236.00,"11,800.00"
2019-11-05,2019110501003671,UPPER,25,8,100,236.00,"23,600.00"
2019-11-05,2019110501003806,VLBS,42,45,100,568.00,"56,800.00"
2019-11-05,2019110501003754,VLBS,50,45,10,557.00,"5,570.00"
2019-11-05,2019110501003371,ADBL,40,52,20,416.00,"8,320.00"
2019-11-05,2019110501003318,ADBL,40,10,180,416.00,"74,880.00"
2019-11-05,2019110501003317,ADBL,1,10,20,416.00,"8,320.00"
2019-11-05,2019110501003238,ADBL,1,41,17,416.00,"7,072.00"
2019-11-05,2019110501003222,ADBL,1,50,100,416.00,"41,600.00"
2019-11-05,2019110501003052,ADBL,39,36,16,415.00,"6,640.00"
2019-11-05,2019110501003461,AKBSL,48,42,10,411.00,"4,110.00"
2019-11-05,2019110501003252,AKBSL,48,42,10,414.00,"4,140.00"
2019-11-05,2019110501003251,AKBSL,48,1,10,414.00,"4,140.00"
2019-11-05,2019110501003250,AKBSL,48,1,10,414.00,"4,140.00"
2019-11-05,2019110501003249,AKBSL,48,1,10,414.00,"4,140.00"
2019-11-05,2019110501003241,AKBSL,43,36,10,411.00,"4,110.00"
2019-11-05,2019110501002997,AKBSL,56,43,20,413.00,"8,260.00"
2019-11-05,2019110501003066,ALBSL,22,55,10,393.00,"3,930.00"
2019-11-05,2019110501003065,ALBSL,22,21,10,389.00,"3,890.00"
2019-11-05,2019110501003064,ALBSL,22,21,10,389.00,"3,890.00"
2019-11-05,2019110501003026,ALBSL,56,58,10,386.00,"3,860.00"
2019-11-05,2019110501003025,ALBSL,56,58,10,386.00,"3,860.00"
2019-11-05,2019110501003024,ALBSL,56,58,10,386.00,"3,860.00"
2019-11-05,2019110501003370,ALICL,56,58,270,313.00,"84,510.00"
2019-11-05,2019110501003323,ALICL,28,58,100,312.00,"31,200.00"
2019-11-05,2019110501003291,ALICL,21,58,100,312.00,"31,200.00"
2019-11-05,2019110501003155,ALICL,34,8,60,311.00,"18,660.00"
2019-11-05,2019110501003154,ALICL,57,8,40,311.00,"12,440.00"
2019-11-05,2019110501003441,API,25,38,50,109.00,"5,450.00"
2019-11-05,2019110501003434,API,57,25,260,108.00,"28,080.00"
2019-11-05,2019110501003433,API,42,25,190,108.00,"20,520.00"
2019-11-05,2019110501003355,API,42,32,10,108.00,"1,080.00"
2019-11-05,2019110501002984,API,25,38,50,109.00,"5,450.00"
2019-11-05,2019110501003454,BOKL,52,57,88,226.00,"19,888.00"
2019-11-05,2019110501003424,BOKL,56,57,20,227.00,"4,540.00"
2019-11-05,2019110501003243,BOKL,58,57,20,227.00,"4,540.00"
2019-11-05,2019110501003168,BPCL,53,50,11,364.00,"4,004.00"
2019-11-05,2019110501003153,BPCL,53,36,11,364.00,"4,004.00"
2019-11-05,2019110501003125,BPCL,53,36,11,364.00,"4,004.00"
2019-11-05,2019110501003094,BPCL,53,22,22,364.00,"8,008.00"
2019-11-05,2019110501003054,BPCL,53,22,22,364.00,"8,008.00"
2019-11-05,2019110501003148,CBBL,22,25,52,964.00,"50,128.00"
2019-11-05,2019110501003051,CBBL,45,37,15,969.00,"14,535.00"
2019-11-05,2019110501003034,CBBL,45,37,15,969.00,"14,535.00"
2019-11-05,2019110501003031,CBBL,22,32,109,964.00,"105,076.00"
2019-11-05,2019110501003030,CBBL,14,32,11,964.00,"10,604.00"
2019-11-05,2019110501003029,CBBL,36,32,55,964.00,"53,020.00"
2019-11-05,2019110501003028,CBBL,41,32,100,965.00,"96,500.00"
2019-11-05,2019110501003027,CBBL,49,32,200,965.00,"193,000.00"
2019-11-05,2019110501002980,CBBL,58,36,10,966.00,"9,660.00"
2019-11-05,2019110501003367,CBL,41,32,69,141.00,"9,729.00"
2019-11-05,2019110501003366,CBL,17,32,21,141.00,"2,961.00"
2019-11-05,2019110501003364,CBL,17,57,100,141.00,"14,100.00"
2019-11-05,2019110501003292,CBL,17,21,30,141.00,"4,230.00"
2019-11-05,2019110501003081,CBL,43,7,979,142.00,"139,018.00"
2019-11-05,2019110501003080,CBL,43,56,150,142.00,"21,300.00"
2019-11-05,2019110501003079,CBL,43,22,400,142.00,"56,800.00"
2019-11-05,2019110501003078,CBL,43,58,171,142.00,"24,282.00"
2019-11-05,2019110501003075,CBL,43,58,829,142.00,"117,718.00"
2019-11-05,2019110501003074,CBL,43,51,"1,171",142.00,"166,282.00"
2019-11-05,2019110501003015,CBL,42,51,10,142.00,"1,420.00"
2019-11-05,2019110501003438,CCBL,49,44,790,157.00,"124,030.00"
2019-11-05,2019110501003437,CCBL,49,21,51,157.00,"8,007.00"
2019-11-05,2019110501003436,CCBL,49,32,122,157.00,"19,154.00"
2019-11-05,2019110501003244,CCBL,33,21,188,157.00,"29,516.00"
2019-11-05,2019110501002999,CEFL,25,42,200,104.00,"20,800.00"
2019-11-05,2019110501003446,CFCL,25,28,200,108.00,"21,600.00"
2019-11-05,2019110501003445,CFCL,11,28,"2,000",108.00,"216,000.00"
2019-11-05,2019110501003444,CFCL,11,28,333,108.00,"35,964.00"
2019-11-05,2019110501003443,CFCL,45,28,100,109.00,"10,900.00"
2019-11-05,2019110501003463,CHCL,51,42,100,459.00,"45,900.00"
2019-11-05,2019110501003430,CHCL,17,42,20,459.00,"9,180.00"
2019-11-05,2019110501003399,CHCL,17,21,30,459.00,"13,770.00"
2019-11-05,2019110501003332,CHCL,36,43,400,459.00,"183,600.00"
2019-11-05,2019110501003273,CHCL,38,43,100,459.00,"45,900.00"
2019-11-05,2019110501003021,CHCL,1,28,500,459.00,"229,500.00"
2019-11-05,2019110501003020,CHCL,57,28,50,459.00,"22,950.00"
2019-11-05,2019110501003019,CHCL,45,28,10,459.00,"4,590.00"
2019-11-05,2019110501003356,CLBSL,41,47,50,462.00,"23,100.00"
2019-11-05,2019110501003321,CZBIL,22,55,622,192.00,"119,424.00"
2019-11-05,2019110501003320,CZBIL,22,42,378,192.00,"72,576.00"
2019-11-05,2019110501003213,CZBIL,44,22,247,191.00,"47,177.00"
2019-11-05,2019110501003377,DBBL,48,42,14,124.00,"1,736.00"
2019-11-05,2019110501003376,DBBL,41,42,144,124.00,"17,856.00"
2019-11-05,2019110501003178,DHPL,34,50,11,49.00,539.00
2019-11-05,2019110501003195,EBL,58,58,3,556.00,"1,668.00"
2019-11-05,2019110501003171,EBL,44,44,500,557.00,"278,500.00"
2019-11-05,2019110501003170,EBL,52,38,70,557.00,"38,990.00"
2019-11-05,2019110501003073,EBL,52,36,30,557.00,"16,710.00"
2019-11-05,2019110501003023,EBL,1,38,195,558.00,"108,810.00"
2019-11-05,2019110501003191,EDBL,44,52,100,264.00,"26,400.00"
2019-11-05,2019110501003086,EDBL,20,54,117,263.00,"30,771.00"
2019-11-05,2019110501003218,EIC,52,38,480,223.00,"107,040.00"
2019-11-05,2019110501003217,EIC,22,38,20,223.00,"4,460.00"
2019-11-05,2019110501003227,FMDBL,42,51,200,310.00,"62,000.00"
2019-11-05,2019110501003007,FOWAD,52,38,35,"1,326.00","46,410.00"
2019-11-05,2019110501003006,FOWAD,52,35,50,"1,325.00","66,250.00"
2019-11-05,2019110501003005,FOWAD,52,14,10,"1,325.00","13,250.00"
2019-11-05,2019110501003004,FOWAD,52,33,20,"1,325.00","26,500.00"
2019-11-05,2019110501003175,GBBL,1,43,38,224.00,"8,512.00"
2019-11-05,2019110501003158,GBLBS,18,42,20,310.00,"6,200.00"
2019-11-05,2019110501003157,GBLBS,18,42,450,310.00,"139,500.00"
2019-11-05,2019110501003156,GBLBS,18,22,15,310.00,"4,650.00"
2019-11-05,2019110501003049,GBLBS,44,22,10,308.00,"3,080.00"
2019-11-05,2019110501003022,GBLBS,44,36,85,308.00,"26,180.00"
2019-11-05,2019110501003324,GILB,53,34,199,870.00,"173,130.00"
2019-11-05,2019110501003193,GILB,21,21,3,855.00,"2,565.00"
2019-11-05,2019110501003188,GILB,25,34,11,870.00,"9,570.00"
2019-11-05,2019110501003143,GILB,45,7,10,870.00,"8,700.00"
2019-11-05,2019110501003142,GILB,42,7,100,870.00,"87,000.00"
2019-11-05,2019110501003141,GILB,53,7,100,872.00,"87,200.00"
2019-11-05,2019110501003122,GILB,44,42,18,877.00,"15,786.00"
2019-11-05,2019110501003093,GILB,14,45,50,880.00,"44,000.00"
2019-11-05,2019110501003134,GILB,32,34,31,874.00,"27,094.00"
2019-11-05,2019110501003133,GILB,57,34,50,874.00,"43,700.00"
2019-11-05,2019110501003132,GILB,48,34,51,875.00,"44,625.00"
2019-11-05,2019110501003131,GILB,1,34,200,875.00,"175,000.00"
2019-11-05,2019110501003130,GILB,33,34,50,876.00,"43,800.00"
2019-11-05,2019110501003123,GILB,50,42,20,876.00,"17,520.00"
2019-11-05,2019110501003037,GLBSL,38,36,50,419.00,"20,950.00"
2019-11-05,2019110501003129,GMFBS,14,41,10,453.00,"4,530.00"
2019-11-05,2019110501003063,GMFBS,14,37,10,453.00,"4,530.00"
2019-11-05,2019110501002986,GMFBS,14,36,10,453.00,"4,530.00"
2019-11-05,2019110501003397,GRDBL,32,42,200,102.00,"20,400.00"
2019-11-05,2019110501003293,HBL,44,26,300,494.00,"148,200.00"
2019-11-05,2019110501003184,HDL,53,25,50,"1,540.00","77,000.00"
2019-11-05,2019110501003040,HGI,11,7,500,266.00,"133,000.00"
2019-11-05,2019110501003039,HGI,11,1,500,266.00,"133,000.00"
2019-11-05,2019110501003038,HGI,11,4,250,266.00,"66,500.00"
2019-11-05,2019110501003354,HIDCL,1,36,10,138.00,"1,380.00"
2019-11-05,2019110501003465,HPPL,18,42,20,138.00,"2,760.00"
2019-11-05,2019110501003248,HPPL,45,35,10,137.00,"1,370.00"
2019-11-05,2019110501003216,IGI,36,25,50,290.00,"14,500.00"
2019-11-05,2019110501003103,IGI,32,28,4,285.00,"1,140.00"
2019-11-05,2019110501003071,IGI,36,25,150,290.00,"43,500.00"
2019-11-05,2019110501003070,IGI,42,25,50,290.00,"14,500.00"
2019-11-05,2019110501003280,ILBS,34,42,10,437.00,"4,370.00"
2019-11-05,2019110501003275,ILBS,48,44,100,440.00,"44,000.00"
2019-11-05,2019110501003237,ILBS,34,38,85,437.00,"37,145.00"
2019-11-05,2019110501003236,ILBS,48,38,60,437.00,"26,220.00"
2019-11-05,2019110501003235,ILBS,55,38,20,437.00,"8,740.00"
2019-11-05,2019110501003234,ILBS,56,38,100,438.00,"43,800.00"
2019-11-05,2019110501003047,ILBS,48,44,100,440.00,"44,000.00"
2019-11-05,2019110501003117,JBBL,22,22,30,158.00,"4,740.00"
2019-11-05,2019110501003106,JBBL,22,22,30,158.00,"4,740.00"
2019-11-05,2019110501003224,KBL,58,51,40,182.00,"7,280.00"
2019-11-05,2019110501002998,KBL,58,36,53,182.00,"9,646.00"
2019-11-05,2019110501003210,KRBL,34,25,294,98.00,"28,812.00"
2019-11-05,2019110501003202,KRBL,42,25,50,99.00,"4,950.00"
2019-11-05,2019110501003201,KRBL,34,25,500,99.00,"49,500.00"
2019-11-05,2019110501003200,KRBL,57,25,200,100.00,"20,000.00"
2019-11-05,2019110501003199,KRBL,6,25,125,100.00,"12,500.00"
2019-11-05,2019110501003192,KRBL,57,25,88,101.00,"8,888.00"
2019-11-05,2019110501003439,KSBBL,49,42,100,144.00,"14,400.00"
2019-11-05,2019110501003360,KSBBL,49,41,300,144.00,"43,200.00"
2019-11-05,2019110501003359,KSBBL,49,45,197,144.00,"28,368.00"
2019-11-05,2019110501003358,KSBBL,26,45,100,144.00,"14,400.00"
2019-11-05,2019110501003140,LBL,43,59,500,220.00,"110,000.00"
2019-11-05,2019110501003139,LBL,43,6,428,220.00,"94,160.00"
2019-11-05,2019110501003138,LBL,43,16,13,220.00,"2,860.00"
2019-11-05,2019110501002991,LBL,38,45,146,219.00,"31,974.00"
2019-11-05,2019110501002990,LBL,43,45,200,219.00,"43,800.00"
2019-11-05,2019110501002989,LBL,40,45,100,219.00,"21,900.00"
2019-11-05,2019110501002988,LBL,38,45,500,219.00,"109,500.00"
2019-11-05,2019110501002987,LBL,4,45,54,219.00,"11,826.00"
2019-11-05,2019110501003429,LICN,45,28,50,990.00,"49,500.00"
2019-11-05,2019110501003012,LICN,56,26,40,982.00,"39,280.00"
2019-11-05,2019110501003396,MBL,33,11,30,228.00,"6,840.00"
2019-11-05,2019110501003247,MBL,33,58,10,228.00,"2,280.00"
2019-11-05,2019110501003018,MBL,33,7,900,228.00,"205,200.00"
2019-11-05,2019110501003017,MBL,26,7,100,228.00,"22,800.00"
2019-11-05,2019110501003471,MDB,34,28,"1,000",238.00,"238,000.00"
2019-11-05,2019110501003470,MDB,58,28,100,239.00,"23,900.00"
2019-11-05,2019110501003469,MDB,5,28,100,239.00,"23,900.00"
2019-11-05,2019110501003468,MDB,17,28,432,240.00,"103,680.00"
2019-11-05,2019110501003467,MDB,17,28,50,244.00,"12,200.00"
2019-11-05,2019110501003331,MDB,17,21,15,240.00,"3,600.00"
2019-11-05,2019110501003289,MDB,17,28,53,240.00,"12,720.00"
2019-11-05,2019110501003288,MDB,43,28,200,240.00,"48,000.00"
2019-11-05,2019110501003287,MDB,1,28,20,240.00,"4,800.00"
2019-11-05,2019110501003286,MDB,38,28,200,240.00,"48,000.00"
2019-11-05,2019110501003285,MDB,13,28,69,240.00,"16,560.00"
2019-11-05,2019110501003284,MDB,25,28,20,242.00,"4,840.00"
2019-11-05,2019110501003398,MEGA,45,51,40,188.00,"7,520.00"
2019-11-05,2019110501003375,MEGA,45,45,110,188.00,"20,680.00"
2019-11-05,2019110501003374,MEGA,47,45,190,188.00,"35,720.00"
2019-11-05,2019110501002983,MEGA,34,57,500,189.00,"94,500.00"
2019-11-05,2019110501002982,MEGA,34,58,599,189.00,"113,211.00"
2019-11-05,2019110501003099,MEGA,47,5,110,188.00,"20,680.00"
2019-11-05,2019110501003041,MEGA,34,44,"2,901",189.00,"548,289.00"
2019-11-05,2019110501003223,MEGA,17,14,100,189.00,"18,900.00"
2019-11-05,2019110501003458,MERO,29,45,100,566.00,"56,600.00"
2019-11-05,2019110501003069,MERO,36,13,44,566.00,"24,904.00"
2019-11-05,2019110501003068,MERO,25,13,32,566.00,"18,112.00"
2019-11-05,2019110501003067,MERO,29,13,24,566.00,"13,584.00"
2019-11-05,2019110501003110,MERO,29,52,50,565.00,"28,250.00"
2019-11-05,2019110501003109,MERO,29,52,29,565.00,"16,385.00"
2019-11-05,2019110501003101,MERO,29,41,21,565.00,"11,865.00"
2019-11-05,2019110501003096,MERO,35,6,200,566.00,"113,200.00"
2019-11-05,2019110501003095,MERO,36,6,291,566.00,"164,706.00"
2019-11-05,2019110501003162,MERO,22,34,33,566.00,"18,678.00"
2019-11-05,2019110501003150,MERO,22,34,33,566.00,"18,678.00"
2019-11-05,2019110501003118,MERO,22,26,10,566.00,"5,660.00"
2019-11-05,2019110501003112,MERO,41,52,100,565.00,"56,500.00"
2019-11-05,2019110501003111,MERO,42,52,30,565.00,"16,950.00"
2019-11-05,2019110501003190,MERO,39,6,100,566.00,"56,600.00"
2019-11-05,2019110501003173,MERO,22,6,24,566.00,"13,584.00"
2019-11-05,2019110501003262,MERO,21,45,10,566.00,"5,660.00"
2019-11-05,2019110501003212,MERO,39,6,24,567.00,"13,608.00"
2019-11-05,2019110501003211,MERO,39,6,176,566.00,"99,616.00"
2019-11-05,2019110501003279,MERO,21,45,10,566.00,"5,660.00"
2019-11-05,2019110501003334,MERO,19,52,20,565.00,"11,300.00"
2019-11-05,2019110501003333,MERO,41,52,60,565.00,"33,900.00"
2019-11-05,2019110501003379,MERO,17,52,30,564.00,"16,920.00"
2019-11-05,2019110501003345,MERO,51,45,30,566.00,"16,980.00"
2019-11-05,2019110501003341,MERO,21,45,170,566.00,"96,220.00"
2019-11-05,2019110501003336,MERO,34,52,100,565.00,"56,500.00"
2019-11-05,2019110501003335,MERO,40,52,200,565.00,"113,000.00"
2019-11-05,2019110501003381,MERO,7,52,20,564.00,"11,280.00"
2019-11-05,2019110501003380,MERO,52,52,70,564.00,"39,480.00"
2019-11-05,2019110501003428,MHNL,52,50,40,78.00,"3,120.00"
2019-11-05,2019110501003472,MLBL,47,21,15,210.00,"3,150.00"
2019-11-05,2019110501003459,MLBL,34,16,895,211.00,"188,845.00"
2019-11-05,2019110501003447,MLBL,34,16,"2,000",211.00,"422,000.00"
2019-11-05,2019110501003442,MLBL,34,4,105,211.00,"22,155.00"
2019-11-05,2019110501003440,MLBL,34,40,200,211.00,"42,200.00"
2019-11-05,2019110501003085,MLBL,34,4,100,212.00,"21,200.00"
2019-11-05,2019110501003060,MLBL,34,4,300,212.00,"63,600.00"
2019-11-05,2019110501003053,MLBL,56,4,100,212.00,"21,200.00"
2019-11-05,2019110501003098,MLBL,26,4,40,212.00,"8,480.00"
2019-11-05,2019110501003136,MLBL,45,4,100,212.00,"21,200.00"
2019-11-05,2019110501003189,MLBL,1,56,200,212.00,"42,400.00"
2019-11-05,2019110501003169,MLBL,40,56,20,212.00,"4,240.00"
2019-11-05,2019110501003167,MLBL,40,4,740,212.00,"156,880.00"
2019-11-05,2019110501003166,MLBL,45,4,20,212.00,"4,240.00"
2019-11-05,2019110501003258,MLBL,52,56,100,212.00,"21,200.00"
2019-11-05,2019110501003253,MLBL,45,56,50,212.00,"10,600.00"
2019-11-05,2019110501003228,MLBL,58,56,50,212.00,"10,600.00"
2019-11-05,2019110501003306,MLBL,13,4,100,211.00,"21,100.00"
2019-11-05,2019110501003305,MLBL,13,4,200,211.00,"42,200.00"
2019-11-05,2019110501003304,MLBL,49,4,46,211.00,"9,706.00"
2019-11-05,2019110501003277,MLBL,45,4,20,212.00,"4,240.00"
2019-11-05,2019110501003276,MLBL,45,56,280,212.00,"59,360.00"
2019-11-05,2019110501003312,MLBL,34,4,940,211.00,"198,340.00"
2019-11-05,2019110501003311,MLBL,42,4,20,211.00,"4,220.00"
2019-11-05,2019110501003310,MLBL,22,4,90,211.00,"18,990.00"
2019-11-05,2019110501003309,MLBL,25,4,200,211.00,"42,200.00"
2019-11-05,2019110501003308,MLBL,17,4,100,211.00,"21,100.00"
2019-11-05,2019110501003307,MLBL,59,4,500,211.00,"105,500.00"
2019-11-05,2019110501003316,MLBL,19,4,25,212.00,"5,300.00"
2019-11-05,2019110501003315,MLBL,6,4,454,211.00,"95,794.00"
2019-11-05,2019110501003314,MLBL,25,4,200,211.00,"42,200.00"
2019-11-05,2019110501003313,MLBL,13,4,50,211.00,"10,550.00"
2019-11-05,2019110501003368,MLBL,14,4,500,211.00,"105,500.00"
2019-11-05,2019110501003435,MLBL,45,4,200,212.00,"42,400.00"
2019-11-05,2019110501003432,MLBL,34,16,"1,800",211.00,"379,800.00"
2019-11-05,2019110501003431,MLBL,43,16,200,211.00,"42,200.00"
2019-11-05,2019110501003421,MLBL,51,4,50,212.00,"10,600.00"
2019-11-05,2019110501003402,MNBBL,49,44,902,316.00,"285,032.00"
2019-11-05,2019110501003401,MNBBL,29,44,98,316.00,"30,968.00"
2019-11-05,2019110501003330,MNBBL,22,44,30,317.00,"9,510.00"
2019-11-05,2019110501003146,MNBBL,26,44,200,317.00,"63,400.00"
2019-11-05,2019110501003353,MSLB,39,57,10,850.00,"8,500.00"
2019-11-05,2019110501003352,MSLB,41,57,20,851.00,"17,020.00"
2019-11-05,2019110501003351,MSLB,40,57,20,851.00,"17,020.00"
2019-11-05,2019110501003159,NABIL,22,58,10,768.00,"7,680.00"
2019-11-05,2019110501003128,NABIL,8,42,690,768.00,"529,920.00"
2019-11-05,2019110501003033,NABIL,41,42,60,768.00,"46,080.00"
2019-11-05,2019110501003016,NABIL,22,57,240,767.00,"184,080.00"
2019-11-05,2019110501003453,NADEP,56,42,20,391.00,"7,820.00"
2019-11-05,2019110501003386,NADEP,1,41,20,392.00,"7,840.00"
2019-11-05,2019110501003328,NADEP,58,58,360,391.00,"140,760.00"
2019-11-05,2019110501002993,NADEP,22,58,20,387.00,"7,740.00"
2019-11-05,2019110501002981,NADEP,22,58,20,387.00,"7,740.00"
2019-11-05,2019110501003145,NADEP,56,55,20,390.00,"7,800.00"
2019-11-05,2019110501003083,NADEP,22,36,20,387.00,"7,740.00"
2019-11-05,2019110501003046,NADEP,22,36,100,387.00,"38,700.00"
2019-11-05,2019110501003045,NADEP,22,36,10,387.00,"3,870.00"
2019-11-05,2019110501003405,NBL,43,43,700,315.00,"220,500.00"
2019-11-05,2019110501003261,NBL,26,44,20,316.00,"6,320.00"
2019-11-05,2019110501003239,NBL,4,25,500,316.00,"158,000.00"
2019-11-05,2019110501003147,NBL,25,44,251,316.00,"79,316.00"
2019-11-05,2019110501003127,NBL,25,44,200,316.00,"63,200.00"
2019-11-05,2019110501003048,NBL,4,44,500,316.00,"158,000.00"
2019-11-05,2019110501002979,NBL,25,44,49,316.00,"15,484.00"
2019-11-05,2019110501002978,NBL,25,57,120,316.00,"37,920.00"
2019-11-05,2019110501002977,NBL,25,44,31,316.00,"9,796.00"
2019-11-05,2019110501003455,NCCB,28,14,79,205.00,"16,195.00"
2019-11-05,2019110501003378,NCCB,28,11,14,205.00,"2,870.00"
2019-11-05,2019110501003343,NCCB,28,7,100,205.00,"20,500.00"
2019-11-05,2019110501003042,NEF,45,41,"1,931",7.53,"14,540.43"
2019-11-05,2019110501003013,NEF,45,41,"1,931",7.53,"14,540.43"
2019-11-05,2019110501003205,NHDL,7,50,10,96.00,960.00
2019-11-05,2019110501003403,NIB,32,56,114,444.00,"50,616.00"
2019-11-05,2019110501003300,NIB,32,8,234,444.00,"103,896.00"
2019-11-05,2019110501003299,NIB,7,8,35,444.00,"15,540.00"
2019-11-05,2019110501003298,NIB,33,8,50,444.00,"22,200.00"
2019-11-05,2019110501003297,NIB,35,8,200,444.00,"88,800.00"
2019-11-05,2019110501003296,NIB,39,8,50,444.00,"22,200.00"
2019-11-05,2019110501003182,NIB,28,44,430,445.00,"191,350.00"
2019-11-05,2019110501003181,NIB,28,29,100,445.00,"44,500.00"
2019-11-05,2019110501003180,NIB,28,13,80,445.00,"35,600.00"
2019-11-05,2019110501003179,NIB,28,49,390,445.00,"173,550.00"
2019-11-05,2019110501003104,NIB,59,5,18,444.00,"7,992.00"
2019-11-05,2019110501003002,NIB,58,49,10,445.00,"4,450.00"
2019-11-05,2019110501003295,NIB,58,8,100,444.00,"44,400.00"
2019-11-05,2019110501003294,NIB,59,8,331,445.00,"147,295.00"
2019-11-05,2019110501003214,NIB,59,7,69,445.00,"30,705.00"
2019-11-05,2019110501003187,NIB,59,7,70,445.00,"31,150.00"
2019-11-05,2019110501003186,NIB,59,44,200,445.00,"89,000.00"
2019-11-05,2019110501003185,NIB,59,44,70,445.00,"31,150.00"
2019-11-05,2019110501003198,NIBPO,8,35,200,410.00,"82,000.00"
2019-11-05,2019110501003449,NICA,36,35,110,397.00,"43,670.00"
2019-11-05,2019110501003327,NICA,57,52,900,398.00,"358,200.00"
2019-11-05,2019110501003326,NICA,51,11,11,399.00,"4,389.00"
2019-11-05,2019110501003259,NICA,57,22,100,398.00,"39,800.00"
2019-11-05,2019110501003113,NICA,6,55,544,398.00,"216,512.00"
2019-11-05,2019110501003092,NICL,25,34,10,265.00,"2,650.00"
2019-11-05,2019110501003165,NIL,49,55,500,377.00,"188,500.00"
2019-11-05,2019110501003231,NLBBL,25,51,10,514.00,"5,140.00"
2019-11-05,2019110501003215,NLBBL,37,19,500,510.00,"255,000.00"
2019-11-05,2019110501003102,NLBBL,25,55,50,510.00,"25,500.00"
2019-11-05,2019110501003283,NLG,13,39,200,550.00,"110,000.00"
2019-11-05,2019110501003282,NLG,51,39,30,550.00,"16,500.00"
2019-11-05,2019110501003281,NLG,6,39,10,552.00,"5,520.00"
2019-11-05,2019110501003233,NLG,26,35,10,561.00,"5,610.00"
2019-11-05,2019110501003473,NLIC,8,58,10,797.00,"7,970.00"
2019-11-05,2019110501003400,NLIC,8,50,22,797.00,"17,534.00"
2019-11-05,2019110501003278,NLIC,8,52,200,797.00,"159,400.00"
2019-11-05,2019110501003229,NLIC,8,7,22,797.00,"17,534.00"
2019-11-05,2019110501003197,NLIC,8,52,124,797.00,"98,828.00"
2019-11-05,2019110501003196,NLIC,58,52,11,797.00,"8,767.00"
2019-11-05,2019110501003100,NLIC,10,10,7,800.00,"5,600.00"
2019-11-05,2019110501003363,NMBMF,29,36,40,487.00,"19,480.00"
2019-11-05,2019110501003362,NMBMF,43,36,35,488.00,"17,080.00"
2019-11-05,2019110501003361,NMBMF,43,51,20,488.00,"9,760.00"
2019-11-05,2019110501003385,NNLB,17,32,50,435.00,"21,750.00"
2019-11-05,2019110501002994,NSEWA,6,40,10,375.00,"3,750.00"
2019-11-05,2019110501003427,NTC,22,33,50,621.00,"31,050.00"
2019-11-05,2019110501003426,NTC,38,33,30,621.00,"18,630.00"
2019-11-05,2019110501003425,NTC,37,33,60,621.00,"37,260.00"
2019-11-05,2019110501003204,NTC,59,33,10,623.00,"6,230.00"
2019-11-05,2019110501003174,NTC,37,42,50,621.00,"31,050.00"
2019-11-05,2019110501003325,PCBL,54,44,60,263.00,"15,780.00"
2019-11-05,2019110501003116,PCBL,43,44,978,263.00,"257,214.00"
2019-11-05,2019110501003114,PCBL,43,5,22,263.00,"5,786.00"
2019-11-05,2019110501003032,PCBL,43,53,750,263.00,"197,250.00"
2019-11-05,2019110501002975,PCBL,21,53,250,263.00,"65,750.00"
2019-11-05,2019110501002974,PCBL,21,42,50,263.00,"13,150.00"
2019-11-05,2019110501003220,PFL,20,50,11,134.00,"1,474.00"
2019-11-05,2019110501003115,PIC,22,36,11,364.00,"4,004.00"
2019-11-05,2019110501002976,PIC,22,59,50,364.00,"18,200.00"
2019-11-05,2019110501003365,PICL,13,40,200,427.00,"85,400.00"
2019-11-05,2019110501003338,PLIC,56,25,119,314.00,"37,366.00"
2019-11-05,2019110501003337,PLIC,39,25,281,314.00,"88,234.00"
2019-11-05,2019110501003183,PLIC,26,51,40,320.00,"12,800.00"
2019-11-05,2019110501003144,PLIC,39,35,149,315.00,"46,935.00"
2019-11-05,2019110501003036,PLIC,39,37,50,311.00,"15,550.00"
2019-11-05,2019110501003383,PPCL,39,58,60,97.00,"5,820.00"
2019-11-05,2019110501003246,PPCL,45,50,10,96.00,960.00
2019-11-05,2019110501003161,PPCL,45,57,30,96.00,"2,880.00"
2019-11-05,2019110501003242,PRIN,56,32,100,314.00,"31,400.00"
2019-11-05,2019110501003462,PRVU,13,34,124,267.00,"33,108.00"
2019-11-05,2019110501003457,PRVU,21,44,28,266.00,"7,448.00"
2019-11-05,2019110501003456,PRVU,32,44,688,266.00,"183,008.00"
2019-11-05,2019110501003452,PRVU,34,34,300,267.00,"80,100.00"
2019-11-05,2019110501003450,PRVU,49,34,125,267.00,"33,375.00"
2019-11-05,2019110501003406,PRVU,32,34,500,267.00,"133,500.00"
2019-11-05,2019110501003008,PRVU,20,34,113,267.00,"30,171.00"
2019-11-05,2019110501002985,PRVU,52,34,100,267.00,"26,700.00"
2019-11-05,2019110501003121,PRVU,32,5,24,266.00,"6,384.00"
2019-11-05,2019110501003120,PRVU,59,5,370,266.00,"98,420.00"
2019-11-05,2019110501003119,PRVU,29,5,47,266.00,"12,502.00"
2019-11-05,2019110501003077,PRVU,19,34,20,267.00,"5,340.00"
2019-11-05,2019110501003014,PRVU,11,34,100,267.00,"26,700.00"
2019-11-05,2019110501003009,PRVU,20,34,287,267.00,"76,629.00"
2019-11-05,2019110501003357,PRVU,17,34,50,267.00,"13,350.00"
2019-11-05,2019110501003342,PRVU,32,22,100,266.00,"26,600.00"
2019-11-05,2019110501003322,PRVU,19,34,25,267.00,"6,675.00"
2019-11-05,2019110501003301,PRVU,42,34,50,267.00,"13,350.00"
2019-11-05,2019110501003232,PRVU,32,7,80,266.00,"21,280.00"
2019-11-05,2019110501003172,PRVU,32,22,108,266.00,"28,728.00"
2019-11-05,2019110501003319,RADHI,6,50,12,133.00,"1,596.00"
2019-11-05,2019110501003466,RHPL,14,44,30,172.00,"5,160.00"
2019-11-05,2019110501003460,RHPL,14,42,40,172.00,"6,880.00"
2019-11-05,2019110501003274,RHPL,14,39,10,172.00,"1,720.00"
2019-11-05,2019110501003240,RHPL,14,37,40,172.00,"6,880.00"
2019-11-05,2019110501003137,RHPL,54,58,10,171.00,"1,710.00"
2019-11-05,2019110501003124,RHPL,54,51,10,171.00,"1,710.00"
2019-11-05,2019110501003082,RHPL,54,22,10,171.00,"1,710.00"
2019-11-05,2019110501003057,RHPL,54,1,70,171.00,"11,970.00"
2019-11-05,2019110501003056,RHPL,54,36,40,171.00,"6,840.00"
2019-11-05,2019110501003050,RHPL,54,37,30,171.00,"5,130.00"
2019-11-05,2019110501003043,RHPL,54,22,10,171.00,"1,710.00"
2019-11-05,2019110501003423,RLFL,56,1,200,113.00,"22,600.00"
2019-11-05,2019110501003422,RLFL,39,1,30,113.00,"3,390.00"
2019-11-05,2019110501003420,SABSL,7,25,100,445.00,"44,500.00"
2019-11-05,2019110501003419,SABSL,58,25,20,445.00,"8,900.00"
2019-11-05,2019110501003418,SABSL,39,25,200,445.00,"89,000.00"
2019-11-05,2019110501003417,SABSL,39,25,100,446.00,"44,600.00"
2019-11-05,2019110501003416,SABSL,5,25,20,446.00,"8,920.00"
2019-11-05,2019110501003415,SABSL,40,25,30,446.00,"13,380.00"
2019-11-05,2019110501003408,SABSL,39,25,90,449.00,"40,410.00"
2019-11-05,2019110501003414,SABSL,35,25,30,447.00,"13,410.00"
2019-11-05,2019110501003413,SABSL,39,25,100,447.00,"44,700.00"
2019-11-05,2019110501003412,SABSL,1,25,100,448.00,"44,800.00"
2019-11-05,2019110501003411,SABSL,50,25,100,448.00,"44,800.00"
2019-11-05,2019110501003410,SABSL,40,25,20,448.00,"8,960.00"
2019-11-05,2019110501003409,SABSL,38,25,50,449.00,"22,450.00"
2019-11-05,2019110501003394,SANIMA,40,58,181,304.00,"55,024.00"
2019-11-05,2019110501003393,SANIMA,56,58,100,304.00,"30,400.00"
2019-11-05,2019110501003392,SANIMA,50,58,100,304.00,"30,400.00"
2019-11-05,2019110501003391,SANIMA,22,58,500,304.00,"152,000.00"
2019-11-05,2019110501003390,SANIMA,44,58,500,304.00,"152,000.00"
2019-11-05,2019110501003389,SANIMA,14,58,137,304.00,"41,648.00"
2019-11-05,2019110501003088,SANIMA,1,56,20,305.00,"6,100.00"
2019-11-05,2019110501003087,SANIMA,48,56,17,305.00,"5,185.00"
2019-11-05,2019110501003388,SANIMA,41,58,200,304.00,"60,800.00"
2019-11-05,2019110501003387,SANIMA,8,58,282,304.00,"85,728.00"
2019-11-05,2019110501003372,SANIMA,35,35,"3,000",304.00,"912,000.00"
2019-11-05,2019110501003091,SANIMA,22,56,20,305.00,"6,100.00"
2019-11-05,2019110501003090,SANIMA,29,56,"2,000",305.00,"610,000.00"
2019-11-05,2019110501003089,SANIMA,14,56,100,305.00,"30,500.00"
2019-11-05,2019110501003230,SBI,49,21,50,405.00,"20,250.00"
2019-11-05,2019110501003108,SBI,21,45,144,406.00,"58,464.00"
2019-11-05,2019110501003107,SBI,21,16,200,406.00,"81,200.00"
2019-11-05,2019110501002996,SBI,58,45,10,406.00,"4,060.00"
2019-11-05,2019110501003272,SBL,49,7,288,289.00,"83,232.00"
2019-11-05,2019110501003271,SBL,22,7,100,289.00,"28,900.00"
2019-11-05,2019110501003270,SBL,39,7,50,289.00,"14,450.00"
2019-11-05,2019110501003269,SBL,38,7,400,289.00,"115,600.00"
2019-11-05,2019110501003268,SBL,53,7,500,289.00,"144,500.00"
2019-11-05,2019110501003267,SBL,22,7,20,289.00,"5,780.00"
2019-11-05,2019110501003266,SBL,32,7,500,289.00,"144,500.00"
2019-11-05,2019110501003265,SBL,51,7,300,289.00,"86,700.00"
2019-11-05,2019110501003264,SBL,42,7,42,289.00,"12,138.00"
2019-11-05,2019110501003219,SBL,51,33,50,290.00,"14,500.00"
2019-11-05,2019110501003076,SBL,42,36,88,289.00,"25,432.00"
2019-11-05,2019110501002992,SBL,20,7,200,290.00,"58,000.00"
2019-11-05,2019110501003303,SCB,41,41,28,558.00,"15,624.00"
2019-11-05,2019110501003302,SCB,59,41,60,560.00,"33,600.00"
2019-11-05,2019110501003163,SCB,59,20,340,560.00,"190,400.00"
2019-11-05,2019110501003001,SCB,41,20,90,560.00,"50,400.00"
2019-11-05,2019110501003160,SCB,59,20,400,560.00,"224,000.00"
2019-11-05,2019110501003084,SCB,22,20,20,560.00,"11,200.00"
2019-11-05,2019110501003221,SHINE,49,49,"7,752",253.00,"1,961,256.00"
2019-11-05,2019110501003451,SHIVM,50,33,10,486.00,"4,860.00"
2019-11-05,2019110501003407,SHIVM,50,49,10,486.00,"4,860.00"
2019-11-05,2019110501003404,SHIVM,11,48,500,485.00,"242,500.00"
2019-11-05,2019110501003340,SHIVM,45,21,50,486.00,"24,300.00"
2019-11-05,2019110501003329,SHIVM,41,28,100,488.00,"48,800.00"
2019-11-05,2019110501003464,SHL,42,25,118,208.00,"24,544.00"
2019-11-05,2019110501003350,SIC,6,36,86,446.00,"38,356.00"
2019-11-05,2019110501003349,SIC,43,36,30,446.00,"13,380.00"
2019-11-05,2019110501003348,SIC,42,36,50,450.00,"22,500.00"
2019-11-05,2019110501003347,SIC,22,36,25,450.00,"11,250.00"
2019-11-05,2019110501003346,SIC,42,36,15,451.00,"6,765.00"
2019-11-05,2019110501003369,SIL,25,4,15,383.00,"5,745.00"
2019-11-05,2019110501003448,SJCL,14,42,20,168.00,"3,360.00"
2019-11-05,2019110501003290,SJCL,14,39,10,168.00,"1,680.00"
2019-11-05,2019110501003257,SJCL,14,51,160,168.00,"26,880.00"
2019-11-05,2019110501003035,SJCL,48,1,420,168.00,"70,560.00"
2019-11-05,2019110501003072,SJCL,48,22,10,168.00,"1,680.00"
2019-11-05,2019110501003059,SJCL,48,36,20,168.00,"3,360.00"
2019-11-05,2019110501003058,SJCL,48,57,20,168.00,"3,360.00"
2019-11-05,2019110501003055,SJCL,48,37,20,168.00,"3,360.00"
2019-11-05,2019110501003256,SJCL,52,51,50,168.00,"8,400.00"
2019-11-05,2019110501003255,SJCL,52,51,260,168.00,"43,680.00"
2019-11-05,2019110501003254,SJCL,41,51,30,168.00,"5,040.00"
2019-11-05,2019110501003206,SJCL,48,51,500,168.00,"84,000.00"
2019-11-05,2019110501003135,SJCL,48,51,10,168.00,"1,680.00"
2019-11-05,2019110501003061,SKBBL,51,48,150,933.00,"139,950.00"
2019-11-05,2019110501003203,SLBBL,38,10,104,570.00,"59,280.00"
2019-11-05,2019110501003177,SLBBL,38,36,51,570.00,"29,070.00"
2019-11-05,2019110501003176,SLBBL,45,36,53,570.00,"30,210.00"
2019-11-05,2019110501003164,SLBBL,45,7,47,570.00,"26,790.00"
2019-11-05,2019110501003126,SLBBL,52,10,66,570.00,"37,620.00"
2019-11-05,2019110501003097,SLBBL,21,10,30,570.00,"17,100.00"
2019-11-05,2019110501003194,SLBSL,22,53,10,720.00,"7,200.00"
2019-11-05,2019110501003245,SMB,38,37,10,400.00,"4,000.00"
2019-11-05,2019110501003263,SMFBS,14,37,10,775.00,"7,750.00"
2019-11-05,2019110501003062,SMFBS,14,22,10,780.00,"7,800.00"
2019-11-05,2019110501003225,SPARS,56,14,10,525.00,"5,250.00"
2019-11-05,2019110501003344,SRBL,50,33,150,210.00,"31,500.00"
2019-11-05,2019110501003226,SRBL,50,33,70,210.00,"14,700.00"
2019-11-05,2019110501003209,SRBL,50,7,930,210.00,"195,300.00"
2019-11-05,2019110501003208,SRBL,22,7,20,210.00,"4,200.00"
2019-11-05,2019110501003207,SRBL,26,7,50,210.00,"10,500.00"
2019-11-05,2019110501003149,SRBL,41,7,50,211.00,"10,550.00"
2019-11-05,2019110501003044,SRBL,52,7,"1,300",211.00,"274,300.00"
2019-11-05,2019110501003011,SRBL,52,7,700,211.00,"147,700.00"
2019-11-05,2019110501003373,SWBBL,52,50,21,908.00,"19,068.00"
2019-11-05,2019110501003395,TMDBL,59,32,32,152.00,"4,864.00"
2019-11-05,2019110501003339,TMDBL,59,56,30,153.00,"4,590.00"
2019-11-05,2019110501003000,UIC,51,54,50,244.00,"12,200.00"
2019-11-05,2019110501003152,UPCL,6,59,350,75.00,"26,250.00"
2019-11-05,2019110501003151,UPCL,6,29,10,75.00,750.00
2019-11-05,2019110501003105,UPCL,52,51,50,74.00,"3,700.00"
2019-11-05,2019110501003384,UPPER,43,19,100,235.00,"23,500.00"
2019-11-05,2019110501003382,UPPER,43,50,50,235.00,"11,750.00"
2019-11-05,2019110501003010,UPPER,57,42,50,236.00,"11,800.00"
2019-11-05,2019110501003003,UPPER,43,36,40,235.00,"9,400.00"
2019-11-05,2019110501002995,UPPER,43,51,20,235.00,"4,700.00"
2019-11-05,2019110501003260,VLBS,21,50,90,564.00,"50,760.00"
2019-11-05,2019110501002971,ADBL,42,50,200,416.00,"83,200.00"
2019-11-05,2019110501002859,ADBL,39,38,200,415.00,"83,000.00"
2019-11-05,2019110501002786,ADBL,39,49,58,415.00,"24,070.00"
2019-11-05,2019110501002677,ADBL,39,34,120,415.00,"49,800.00"
2019-11-05,2019110501002666,ADBL,40,58,100,416.00,"41,600.00"
2019-11-05,2019110501002636,ADBL,39,6,10,415.00,"4,150.00"
2019-11-05,2019110501002595,ADBL,38,38,200,415.00,"83,000.00"
2019-11-05,2019110501002938,AKBSL,56,3,10,413.00,"4,130.00"
2019-11-05,2019110501002937,AKBSL,56,3,10,413.00,"4,130.00"
2019-11-05,2019110501002936,AKBSL,56,3,10,413.00,"4,130.00"
2019-11-05,2019110501002935,AKBSL,56,3,10,413.00,"4,130.00"
2019-11-05,2019110501002934,AKBSL,56,3,10,413.00,"4,130.00"
2019-11-05,2019110501002933,AKBSL,56,3,10,413.00,"4,130.00"
2019-11-05,2019110501002578,AKBSL,42,37,10,410.00,"4,100.00"
2019-11-05,2019110501002932,AKBSL,56,3,10,413.00,"4,130.00"
2019-11-05,2019110501002931,AKBSL,56,3,10,413.00,"4,130.00"
2019-11-05,2019110501002867,AKBSL,56,56,10,412.00,"4,120.00"
2019-11-05,2019110501002822,AKBSL,56,56,10,412.00,"4,120.00"
2019-11-05,2019110501002635,AKBSL,42,34,10,410.00,"4,100.00"
2019-11-05,2019110501002621,AKBSL,42,20,10,410.00,"4,100.00"
2019-11-05,2019110501002644,AKPL,25,38,11,129.00,"1,419.00"
2019-11-05,2019110501002528,AKPL,38,20,13,127.00,"1,651.00"
2019-11-05,2019110501002513,AKPL,38,20,13,127.00,"1,651.00"
2019-11-05,2019110501002487,AKPL,45,20,11,127.00,"1,397.00"
2019-11-05,2019110501002783,ALICL,57,53,10,311.00,"3,110.00"
2019-11-05,2019110501002895,API,35,25,368,108.00,"39,744.00"
2019-11-05,2019110501002894,API,58,25,82,108.00,"8,856.00"
2019-11-05,2019110501002696,API,25,38,102,109.00,"11,118.00"
2019-11-05,2019110501002663,API,25,38,26,109.00,"2,834.00"
2019-11-05,2019110501002662,API,25,41,29,109.00,"3,161.00"
2019-11-05,2019110501002661,API,25,52,175,109.00,"19,075.00"
2019-11-05,2019110501002540,API,58,25,300,108.00,"32,400.00"
2019-11-05,2019110501002518,API,58,7,600,108.00,"64,800.00"
2019-11-05,2019110501002968,BARUN,48,34,10,95.00,950.00
2019-11-05,2019110501002762,BNT,34,34,10,"6,250.00","62,500.00"
2019-11-05,2019110501002637,BNT,34,34,155,"6,250.00","968,750.00"
2019-11-05,2019110501002858,BOKL,52,57,52,226.00,"11,752.00"
2019-11-05,2019110501002774,BOKL,52,7,"1,381",226.00,"312,106.00"
2019-11-05,2019110501002773,BOKL,52,7,"1,500",226.00,"339,000.00"
2019-11-05,2019110501002772,BOKL,6,7,500,226.00,"113,000.00"
2019-11-05,2019110501002771,BOKL,25,7,100,226.00,"22,600.00"
2019-11-05,2019110501002770,BOKL,42,7,200,226.00,"45,200.00"
2019-11-05,2019110501002769,BOKL,39,7,429,226.00,"96,954.00"
2019-11-05,2019110501002653,BOKL,22,57,100,227.00,"22,700.00"
2019-11-05,2019110501002602,BOKL,25,55,250,227.00,"56,750.00"
2019-11-05,2019110501002925,BPCL,53,45,11,364.00,"4,004.00"
2019-11-05,2019110501002686,BPCL,53,28,384,364.00,"139,776.00"
2019-11-05,2019110501002589,BPCL,39,39,2,364.00,728.00
2019-11-05,2019110501002585,BPCL,39,39,2,364.00,728.00
2019-11-05,2019110501002583,BPCL,39,39,5,364.00,"1,820.00"
2019-11-05,2019110501002575,BPCL,39,39,6,364.00,"2,184.00"
2019-11-05,2019110501002573,BPCL,3,28,50,364.00,"18,200.00"
2019-11-05,2019110501002572,BPCL,6,28,50,365.00,"18,250.00"
2019-11-05,2019110501002571,BPCL,48,28,16,365.00,"5,840.00"
2019-11-05,2019110501002538,BPCL,39,39,6,364.00,"2,184.00"
2019-11-05,2019110501002896,CBBL,58,34,10,966.00,"9,660.00"
2019-11-05,2019110501002866,CBBL,58,34,40,966.00,"38,640.00"
2019-11-05,2019110501002865,CBBL,45,34,20,967.00,"19,340.00"
2019-11-05,2019110501002835,CBBL,44,37,90,968.00,"87,120.00"
2019-11-05,2019110501002710,CBL,17,33,11,141.00,"1,551.00"
2019-11-05,2019110501002704,CBL,28,51,100,142.00,"14,200.00"
2019-11-05,2019110501002825,CCBL,49,39,129,156.00,"20,124.00"
2019-11-05,2019110501002958,CHCL,25,22,20,460.00,"9,200.00"
2019-11-05,2019110501002872,CHCL,45,43,400,459.00,"183,600.00"
2019-11-05,2019110501002871,CHCL,45,42,94,459.00,"43,146.00"
2019-11-05,2019110501002765,CHCL,42,22,36,460.00,"16,560.00"
2019-11-05,2019110501002764,CHCL,42,58,14,460.00,"6,440.00"
2019-11-05,2019110501002740,CHCL,45,43,349,459.00,"160,191.00"
2019-11-05,2019110501002673,CZBIL,44,40,25,191.00,"4,775.00"
2019-11-05,2019110501002961,DBBL,41,50,500,124.00,"62,000.00"
2019-11-05,2019110501002568,DBBL,41,54,14,124.00,"1,736.00"
2019-11-05,2019110501002483,DDBL,49,58,10,716.00,"7,160.00"
2019-11-05,2019110501002676,DHPL,34,22,10,49.00,490.00
2019-11-05,2019110501002515,DHPL,34,22,10,50.00,500.00
2019-11-05,2019110501002966,EBL,36,58,467,559.00,"261,053.00"
2019-11-05,2019110501002965,EBL,36,50,153,558.00,"85,374.00"
2019-11-05,2019110501002964,EBL,36,38,85,558.00,"47,430.00"
2019-11-05,2019110501002963,EBL,36,8,300,558.00,"167,400.00"
2019-11-05,2019110501002962,EBL,36,38,155,557.00,"86,335.00"
2019-11-05,2019110501002897,EBL,44,41,100,556.00,"55,600.00"
2019-11-05,2019110501002888,EBL,45,57,50,557.00,"27,850.00"
2019-11-05,2019110501002834,EBL,44,34,91,556.00,"50,596.00"
2019-11-05,2019110501002796,EIC,55,54,307,222.00,"68,154.00"
2019-11-05,2019110501002795,EIC,42,54,100,223.00,"22,300.00"
2019-11-05,2019110501002794,EIC,49,54,93,223.00,"20,739.00"
2019-11-05,2019110501002793,EIC,22,54,20,224.00,"4,480.00"
2019-11-05,2019110501002792,EIC,22,54,100,224.00,"22,400.00"
2019-11-05,2019110501002791,EIC,59,54,80,224.00,"17,920.00"
2019-11-05,2019110501002675,EIC,59,34,370,224.00,"82,880.00"
2019-11-05,2019110501002916,FMDBL,42,51,168,309.00,"51,912.00"
2019-11-05,2019110501002915,FMDBL,25,51,230,309.00,"71,070.00"
2019-11-05,2019110501002845,FMDBL,25,14,70,309.00,"21,630.00"
2019-11-05,2019110501002823,FOWAD,41,50,63,"1,322.00","83,286.00"
2019-11-05,2019110501002570,FOWAD,41,45,20,"1,322.00","26,440.00"
2019-11-05,2019110501002541,FOWAD,41,25,100,"1,322.00","132,200.00"
2019-11-05,2019110501002951,GBBL,1,22,150,223.00,"33,450.00"
2019-11-05,2019110501002950,GBBL,39,22,50,223.00,"11,150.00"
2019-11-05,2019110501002761,GBBL,6,22,100,223.00,"22,300.00"
2019-11-05,2019110501002902,GBLBS,44,51,234,308.00,"72,072.00"
2019-11-05,2019110501002901,GBLBS,14,51,100,309.00,"30,900.00"
2019-11-05,2019110501002900,GBLBS,28,51,166,309.00,"51,294.00"
2019-11-05,2019110501002667,GBLBS,28,11,134,309.00,"41,406.00"
2019-11-05,2019110501002945,GILB,44,29,82,877.00,"71,914.00"
2019-11-05,2019110501002944,GILB,53,29,50,878.00,"43,900.00"
2019-11-05,2019110501002700,GILB,41,38,300,878.00,"263,400.00"
2019-11-05,2019110501002699,GILB,46,38,50,878.00,"43,900.00"
2019-11-05,2019110501002698,GILB,17,38,50,878.00,"43,900.00"
2019-11-05,2019110501002697,GILB,42,38,10,878.00,"8,780.00"
2019-11-05,2019110501002763,GLBSL,38,21,10,419.00,"4,190.00"
2019-11-05,2019110501002821,GLICL,8,42,50,353.00,"17,650.00"
2019-11-05,2019110501002820,GLICL,51,42,30,353.00,"10,590.00"
2019-11-05,2019110501002819,GLICL,6,42,20,353.00,"7,060.00"
2019-11-05,2019110501002679,GLICL,17,6,21,354.00,"7,434.00"
2019-11-05,2019110501002800,GMFBS,39,21,10,452.00,"4,520.00"
2019-11-05,2019110501002840,HBL,44,7,400,494.00,"197,600.00"
2019-11-05,2019110501002808,HBL,22,7,100,495.00,"49,500.00"
2019-11-05,2019110501002949,HDL,4,17,100,"1,540.00","154,000.00"
2019-11-05,2019110501002948,HDL,4,32,100,"1,539.00","153,900.00"
2019-11-05,2019110501002947,HDL,4,6,20,"1,535.00","30,700.00"
2019-11-05,2019110501002930,HDL,58,45,100,"1,530.00","153,000.00"
2019-11-05,2019110501002929,HDL,58,45,20,"1,530.00","30,600.00"
2019-11-05,2019110501002610,HDL,58,52,150,"1,500.00","225,000.00"
2019-11-05,2019110501002695,HIDCL,45,43,64,140.00,"8,960.00"
2019-11-05,2019110501002694,HIDCL,45,45,100,140.00,"14,000.00"
2019-11-05,2019110501002693,HIDCL,45,39,490,140.00,"68,600.00"
2019-11-05,2019110501002692,HIDCL,45,56,50,139.00,"6,950.00"
2019-11-05,2019110501002691,HIDCL,45,39,200,139.00,"27,800.00"
2019-11-05,2019110501002690,HIDCL,45,28,400,139.00,"55,600.00"
2019-11-05,2019110501002689,HIDCL,45,35,55,138.00,"7,590.00"
2019-11-05,2019110501002688,HIDCL,45,45,91,137.00,"12,467.00"
2019-11-05,2019110501002569,HPPL,45,20,10,137.00,"1,370.00"
2019-11-05,2019110501002542,HPPL,45,20,10,137.00,"1,370.00"
2019-11-05,2019110501002512,HPPL,45,40,10,137.00,"1,370.00"
2019-11-05,2019110501002493,HPPL,45,40,10,137.00,"1,370.00"
2019-11-05,2019110501002479,HPPL,45,40,10,137.00,"1,370.00"
2019-11-05,2019110501002475,HPPL,45,40,10,137.00,"1,370.00"
2019-11-05,2019110501002576,HURJA,1,42,20,102.00,"2,040.00"
2019-11-05,2019110501002521,HURJA,1,42,20,102.00,"2,040.00"
2019-11-05,2019110501002476,IGI,22,11,100,290.00,"29,000.00"
2019-11-05,2019110501002788,ILBS,48,21,10,437.00,"4,370.00"
2019-11-05,2019110501002737,ILBS,48,25,10,437.00,"4,370.00"
2019-11-05,2019110501002733,ILBS,48,25,10,437.00,"4,370.00"
2019-11-05,2019110501002706,ILBS,48,25,10,437.00,"4,370.00"
2019-11-05,2019110501002969,JFL,25,28,30,194.00,"5,820.00"
2019-11-05,2019110501002829,JFL,42,21,20,193.00,"3,860.00"
2019-11-05,2019110501002785,JFL,6,28,100,194.00,"19,400.00"
2019-11-05,2019110501002640,JFL,33,51,22,195.00,"4,290.00"
2019-11-05,2019110501002914,KBL,22,49,100,183.00,"18,300.00"
2019-11-05,2019110501002649,LBBL,51,6,350,173.00,"60,550.00"
2019-11-05,2019110501002554,LBBL,51,6,150,173.00,"25,950.00"
2019-11-05,2019110501002520,LBBL,51,38,50,173.00,"8,650.00"
2019-11-05,2019110501002519,LBBL,45,38,50,173.00,"8,650.00"
2019-11-05,2019110501002618,LBL,17,16,100,220.00,"22,000.00"
2019-11-05,2019110501002606,LBL,21,16,10,220.00,"2,200.00"
2019-11-05,2019110501002911,LGIL,7,6,78,318.00,"24,804.00"
2019-11-05,2019110501002904,LGIL,7,29,200,318.00,"63,600.00"
2019-11-05,2019110501002844,LLBS,57,57,16,658.00,"10,528.00"
2019-11-05,2019110501002577,MBL,41,6,120,229.00,"27,480.00"
2019-11-05,2019110501002956,MEGA,51,44,18,188.00,"3,384.00"
2019-11-05,2019110501002955,MEGA,6,44,10,188.00,"1,880.00"
2019-11-05,2019110501002954,MEGA,50,44,200,188.00,"37,600.00"
2019-11-05,2019110501002953,MEGA,45,44,100,188.00,"18,800.00"
2019-11-05,2019110501002952,MEGA,8,44,"1,572",188.00,"295,536.00"
2019-11-05,2019110501002836,MEGA,28,44,100,189.00,"18,900.00"
2019-11-05,2019110501002495,MEGA,46,44,200,188.00,"37,600.00"
2019-11-05,2019110501002494,MEGA,33,44,720,188.00,"135,360.00"
2019-11-05,2019110501002501,MEGA,58,44,30,188.00,"5,640.00"
2019-11-05,2019110501002500,MEGA,4,44,132,188.00,"24,816.00"
2019-11-05,2019110501002499,MEGA,39,44,50,188.00,"9,400.00"
2019-11-05,2019110501002498,MEGA,22,44,30,188.00,"5,640.00"
2019-11-05,2019110501002497,MEGA,22,44,50,188.00,"9,400.00"
2019-11-05,2019110501002496,MEGA,49,44,300,188.00,"56,400.00"
2019-11-05,2019110501002502,MEGA,8,44,128,188.00,"24,064.00"
2019-11-05,2019110501002707,MEGA,47,53,700,188.00,"131,600.00"
2019-11-05,2019110501002708,MEGA,8,53,300,188.00,"56,400.00"
2019-11-05,2019110501002959,MERO,29,6,245,566.00,"138,670.00"
2019-11-05,2019110501002942,MERO,19,1,33,567.00,"18,711.00"
2019-11-05,2019110501002941,MERO,19,1,33,567.00,"18,711.00"
2019-11-05,2019110501002940,MERO,19,1,33,567.00,"18,711.00"
2019-11-05,2019110501002910,MERO,29,29,200,566.00,"113,200.00"
2019-11-05,2019110501002533,MERO,38,58,20,564.00,"11,280.00"
2019-11-05,2019110501002532,MERO,19,58,33,564.00,"18,612.00"
2019-11-05,2019110501002549,MERO,19,37,12,564.00,"6,768.00"
2019-11-05,2019110501002534,MERO,19,58,30,564.00,"16,920.00"
2019-11-05,2019110501002755,MERO,45,38,33,566.00,"18,678.00"
2019-11-05,2019110501002739,MERO,11,38,67,566.00,"37,922.00"
2019-11-05,2019110501002893,MERO,22,34,33,566.00,"18,678.00"
2019-11-05,2019110501002780,MERO,22,52,12,564.00,"6,768.00"
2019-11-05,2019110501002779,MERO,45,52,67,565.00,"37,855.00"
2019-11-05,2019110501002524,MHNL,22,41,30,78.00,"2,340.00"
2019-11-05,2019110501002523,MHNL,21,41,10,79.00,790.00
2019-11-05,2019110501002633,MHNL,26,41,30,77.00,"2,310.00"
2019-11-05,2019110501002584,MHNL,22,42,40,78.00,"3,120.00"
2019-11-05,2019110501002899,MLBL,35,4,200,212.00,"42,400.00"
2019-11-05,2019110501002510,MLBL,49,4,"2,287",212.00,"484,844.00"
2019-11-05,2019110501002509,MLBL,19,4,57,212.00,"12,084.00"
2019-11-05,2019110501002508,MLBL,25,4,100,212.00,"21,200.00"
2019-11-05,2019110501002507,MLBL,52,4,56,212.00,"11,872.00"
2019-11-05,2019110501002682,MLBL,42,51,113,212.00,"23,956.00"
2019-11-05,2019110501002681,MLBL,42,33,187,212.00,"39,644.00"
2019-11-05,2019110501002646,MLBL,54,33,100,212.00,"21,200.00"
2019-11-05,2019110501002632,MLBL,49,33,213,212.00,"45,156.00"
2019-11-05,2019110501002716,MLBL,25,4,200,211.00,"42,200.00"
2019-11-05,2019110501002715,MLBL,19,4,900,211.00,"189,900.00"
2019-11-05,2019110501002714,MLBL,58,4,46,211.00,"9,706.00"
2019-11-05,2019110501002713,MLBL,35,4,100,211.00,"21,100.00"
2019-11-05,2019110501002712,MLBL,14,4,100,211.00,"21,100.00"
2019-11-05,2019110501002711,MLBL,17,4,300,211.00,"63,300.00"
2019-11-05,2019110501002748,MLBL,54,33,113,213.00,"24,069.00"
2019-11-05,2019110501002747,MLBL,54,51,387,212.00,"82,044.00"
2019-11-05,2019110501002718,MLBL,49,4,"2,954",211.00,"623,294.00"
2019-11-05,2019110501002717,MLBL,35,4,500,211.00,"105,500.00"
2019-11-05,2019110501002898,MLBL,34,4,400,212.00,"84,800.00"
2019-11-05,2019110501002838,MLBL,34,4,200,212.00,"42,400.00"
2019-11-05,2019110501002777,MLBL,13,4,300,212.00,"63,600.00"
2019-11-05,2019110501002875,MNBBL,29,57,30,316.00,"9,480.00"
2019-11-05,2019110501002784,MNBBL,13,44,100,317.00,"31,700.00"
2019-11-05,2019110501002586,MNBBL,51,44,300,317.00,"95,100.00"
2019-11-05,2019110501002846,NABIL,45,57,20,767.00,"15,340.00"
2019-11-05,2019110501002781,NABIL,41,58,54,767.00,"41,418.00"
2019-11-05,2019110501002778,NABIL,52,58,17,767.00,"13,039.00"
2019-11-05,2019110501002768,NABIL,48,58,65,767.00,"49,855.00"
2019-11-05,2019110501002757,NABIL,6,58,20,767.00,"15,340.00"
2019-11-05,2019110501002702,NABIL,21,58,140,767.00,"107,380.00"
2019-11-05,2019110501002546,NABIL,36,7,395,765.00,"302,175.00"
2019-11-05,2019110501002545,NABIL,1,7,100,766.00,"76,600.00"
2019-11-05,2019110501002672,NABIL,42,7,30,765.00,"22,950.00"
2019-11-05,2019110501002671,NABIL,19,7,400,765.00,"306,000.00"
2019-11-05,2019110501002670,NABIL,17,7,30,765.00,"22,950.00"
2019-11-05,2019110501002669,NABIL,25,7,100,765.00,"76,500.00"
2019-11-05,2019110501002668,NABIL,41,7,40,765.00,"30,600.00"
2019-11-05,2019110501002601,NABIL,21,42,350,768.00,"268,800.00"
2019-11-05,2019110501002919,NADEP,22,19,10,387.00,"3,870.00"
2019-11-05,2019110501002918,NADEP,57,19,50,387.00,"19,350.00"
2019-11-05,2019110501002917,NADEP,58,19,20,387.00,"7,740.00"
2019-11-05,2019110501002957,NBB,57,34,716,206.00,"147,496.00"
2019-11-05,2019110501002889,NBB,41,34,150,206.00,"30,900.00"
2019-11-05,2019110501002735,NBB,55,22,55,206.00,"11,330.00"
2019-11-05,2019110501002734,NBB,39,22,169,206.00,"34,814.00"
2019-11-05,2019110501002482,NBB,45,32,50,207.00,"10,350.00"
2019-11-05,2019110501002814,NBB,26,32,300,205.00,"61,500.00"
2019-11-05,2019110501002813,NBB,6,32,500,205.00,"102,500.00"
2019-11-05,2019110501002807,NBB,47,34,100,206.00,"20,600.00"
2019-11-05,2019110501002806,NBB,25,34,200,206.00,"41,200.00"
2019-11-05,2019110501002805,NBB,55,34,300,206.00,"61,800.00"
2019-11-05,2019110501002787,NBB,55,33,40,206.00,"8,240.00"
2019-11-05,2019110501002850,NBB,44,34,500,206.00,"103,000.00"
2019-11-05,2019110501002839,NBB,55,34,202,205.00,"41,410.00"
2019-11-05,2019110501002837,NBB,45,34,30,206.00,"6,180.00"
2019-11-05,2019110501002816,NBB,55,32,28,205.00,"5,740.00"
2019-11-05,2019110501002815,NBB,56,32,200,205.00,"41,000.00"
2019-11-05,2019110501002923,NBL,4,44,969,316.00,"306,204.00"
2019-11-05,2019110501002922,NBL,4,49,31,316.00,"9,796.00"
2019-11-05,2019110501002789,NBL,50,49,169,316.00,"53,404.00"
2019-11-05,2019110501002753,NBL,50,46,131,316.00,"41,396.00"
2019-11-05,2019110501002752,NBL,50,46,500,316.00,"158,000.00"
2019-11-05,2019110501002751,NBL,50,46,169,316.00,"53,404.00"
2019-11-05,2019110501002564,NBL,50,1,48,316.00,"15,168.00"
2019-11-05,2019110501002563,NBL,50,16,80,316.00,"25,280.00"
2019-11-05,2019110501002582,NBL,50,22,83,316.00,"26,228.00"
2019-11-05,2019110501002581,NBL,50,44,248,316.00,"78,368.00"
2019-11-05,2019110501002574,NBL,50,44,500,316.00,"158,000.00"
2019-11-05,2019110501002567,NBL,50,44,252,316.00,"79,632.00"
2019-11-05,2019110501002566,NBL,50,55,40,316.00,"12,640.00"
2019-11-05,2019110501002565,NBL,50,21,80,316.00,"25,280.00"
2019-11-05,2019110501002860,NCCB,28,13,347,205.00,"71,135.00"
2019-11-05,2019110501002742,NCCB,58,34,364,206.00,"74,984.00"
2019-11-05,2019110501002741,NCCB,58,50,636,206.00,"131,016.00"
2019-11-05,2019110501002488,NCCB,58,10,"1,000",206.00,"206,000.00"
2019-11-05,2019110501002590,NGPL,1,42,11,99.00,"1,089.00"
2019-11-05,2019110501002525,NHDL,7,42,10,96.00,960.00
2019-11-05,2019110501002939,NIB,22,52,100,445.00,"44,500.00"
2019-11-05,2019110501002920,NIB,25,25,"1,180",445.00,"525,100.00"
2019-11-05,2019110501002830,NIB,26,6,100,445.00,"44,500.00"
2019-11-05,2019110501002522,NIB,47,6,500,445.00,"222,500.00"
2019-11-05,2019110501002489,NIB,10,6,200,445.00,"89,000.00"
2019-11-05,2019110501002909,NICA,21,55,100,398.00,"39,800.00"
2019-11-05,2019110501002869,NICA,41,55,270,398.00,"107,460.00"
2019-11-05,2019110501002868,NICA,58,55,86,398.00,"34,228.00"
2019-11-05,2019110501002600,NIL,41,41,50,377.00,"18,850.00"
2019-11-05,2019110501002599,NIL,49,41,46,377.00,"17,342.00"
2019-11-05,2019110501002861,NLBBL,25,6,31,506.00,"15,686.00"
2019-11-05,2019110501002849,NLBBL,42,6,150,510.00,"76,500.00"
2019-11-05,2019110501002804,NLBBL,42,37,50,510.00,"25,500.00"
2019-11-05,2019110501002803,NLBBL,21,37,100,510.00,"51,000.00"
2019-11-05,2019110501002874,NLIC,56,17,50,798.00,"39,900.00"
2019-11-05,2019110501002841,NLIC,8,56,12,797.00,"9,564.00"
2019-11-05,2019110501002547,NLIC,58,20,22,797.00,"17,534.00"
2019-11-05,2019110501002890,NMBHF1,43,43,"6,000",8.67,"52,020.00"
2019-11-05,2019110501002514,NMBHF1,56,28,"2,980",8.50,"25,330.00"
2019-11-05,2019110501002504,NMBHF1,6,28,"3,100",8.51,"26,381.00"
2019-11-05,2019110501002503,NMBHF1,32,28,470,8.55,"4,018.50"
2019-11-05,2019110501002658,NNLB,25,32,50,438.00,"21,900.00"
2019-11-05,2019110501002657,NNLB,25,28,30,437.00,"13,110.00"
2019-11-05,2019110501002656,NNLB,25,39,30,434.00,"13,020.00"
2019-11-05,2019110501002478,NSEWA,6,39,10,375.00,"3,750.00"
2019-11-05,2019110501002943,NTC,25,25,"1,000",623.00,"623,000.00"
2019-11-05,2019110501002891,NTC,59,34,10,624.00,"6,240.00"
2019-11-05,2019110501002886,NTC,37,34,390,621.00,"242,190.00"
2019-11-05,2019110501002885,NTC,8,34,100,621.00,"62,100.00"
2019-11-05,2019110501002480,NTC,55,6,100,622.00,"62,200.00"
2019-11-05,2019110501002650,NTC,47,34,100,622.00,"62,200.00"
2019-11-05,2019110501002639,NTC,22,19,50,625.00,"31,250.00"
2019-11-05,2019110501002481,NTC,39,6,80,622.00,"49,760.00"
2019-11-05,2019110501002884,NTC,58,34,10,621.00,"6,210.00"
2019-11-05,2019110501002561,NUBL,48,45,19,870.00,"16,530.00"
2019-11-05,2019110501002560,NUBL,34,45,50,870.00,"43,500.00"
2019-11-05,2019110501002559,NUBL,34,45,75,870.00,"65,250.00"
2019-11-05,2019110501002558,NUBL,34,45,90,870.00,"78,300.00"
2019-11-05,2019110501002557,NUBL,34,45,25,870.00,"21,750.00"
2019-11-05,2019110501002556,NUBL,16,45,10,871.00,"8,710.00"
2019-11-05,2019110501002967,PCBL,47,44,577,262.00,"151,174.00"
2019-11-05,2019110501002903,PCBL,54,44,100,263.00,"26,300.00"
2019-11-05,2019110501002812,PCBL,45,44,10,263.00,"2,630.00"
2019-11-05,2019110501002801,PCBL,47,33,23,262.00,"6,026.00"
2019-11-05,2019110501002680,PCBL,22,44,100,263.00,"26,300.00"
2019-11-05,2019110501002645,PCBL,43,44,50,263.00,"13,150.00"
2019-11-05,2019110501002548,PCBL,5,44,200,263.00,"52,600.00"
2019-11-05,2019110501002485,PCBL,47,6,"1,017",262.00,"266,454.00"
2019-11-05,2019110501002928,PFL,20,45,13,134.00,"1,742.00"
2019-11-05,2019110501002973,PIC,39,33,56,360.00,"20,160.00"
2019-11-05,2019110501002972,PIC,39,33,29,362.00,"10,498.00"
2019-11-05,2019110501002960,PIC,39,51,10,362.00,"3,620.00"
2019-11-05,2019110501002924,PIC,39,14,11,362.00,"3,982.00"
2019-11-05,2019110501002873,PIC,22,59,20,364.00,"7,280.00"
2019-11-05,2019110501002847,PIC,22,45,12,363.00,"4,356.00"
2019-11-05,2019110501002593,PIC,39,42,11,360.00,"3,960.00"
2019-11-05,2019110501002511,PIC,39,42,430,360.00,"154,800.00"
2019-11-05,2019110501002833,PMHPL,49,28,10,86.00,860.00
2019-11-05,2019110501002832,PMHPL,49,32,10,86.00,860.00
2019-11-05,2019110501002659,PPCL,45,40,10,96.00,960.00
2019-11-05,2019110501002654,PPCL,45,40,10,96.00,960.00
2019-11-05,2019110501002651,PPCL,45,40,10,96.00,960.00
2019-11-05,2019110501002648,PPCL,18,40,10,97.00,970.00
2019-11-05,2019110501002641,PPCL,18,40,10,97.00,970.00
2019-11-05,2019110501002638,PPCL,18,40,10,97.00,970.00
2019-11-05,2019110501002624,PPCL,18,34,10,97.00,970.00
2019-11-05,2019110501002616,PPCL,18,41,20,97.00,"1,940.00"
2019-11-05,2019110501002615,PPCL,14,41,10,98.00,980.00
2019-11-05,2019110501002531,PPCL,14,41,30,98.00,"2,940.00"
2019-11-05,2019110501002826,PRVU,26,34,100,267.00,"26,700.00"
2019-11-05,2019110501002802,PRVU,48,34,400,267.00,"106,800.00"
2019-11-05,2019110501002759,PRVU,50,34,499,267.00,"133,233.00"
2019-11-05,2019110501002750,PRVU,6,34,20,267.00,"5,340.00"
2019-11-05,2019110501002744,PRVU,47,34,768,267.00,"205,056.00"
2019-11-05,2019110501002743,PRVU,47,34,732,267.00,"195,444.00"
2019-11-05,2019110501002719,PRVU,25,34,100,267.00,"26,700.00"
2019-11-05,2019110501002634,PRVU,35,34,50,267.00,"13,350.00"
2019-11-05,2019110501002588,PRVU,29,34,100,267.00,"26,700.00"
2019-11-05,2019110501002555,RADHI,6,20,11,133.00,"1,463.00"
2019-11-05,2019110501002529,RADHI,6,42,11,133.00,"1,463.00"
2019-11-05,2019110501002809,RHPL,54,21,40,171.00,"6,840.00"
2019-11-05,2019110501002797,RHPL,54,21,40,171.00,"6,840.00"
2019-11-05,2019110501002766,RHPL,54,21,40,171.00,"6,840.00"
2019-11-05,2019110501002754,RHPL,54,53,40,171.00,"6,840.00"
2019-11-05,2019110501002736,RHPL,54,21,40,171.00,"6,840.00"
2019-11-05,2019110501002731,RHPL,59,47,30,172.00,"5,160.00"
2019-11-05,2019110501002587,RHPL,54,40,10,171.00,"1,710.00"
2019-11-05,2019110501002539,RHPL,54,42,10,171.00,"1,710.00"
2019-11-05,2019110501002484,RHPL,54,41,40,171.00,"6,840.00"
2019-11-05,2019110501002614,RHPL,54,42,10,171.00,"1,710.00"
2019-11-05,2019110501002609,RHPL,54,40,10,171.00,"1,710.00"
2019-11-05,2019110501002604,RHPL,54,40,10,171.00,"1,710.00"
2019-11-05,2019110501002598,RHPL,54,42,20,171.00,"3,420.00"
2019-11-05,2019110501002596,RHPL,54,40,40,171.00,"6,840.00"
2019-11-05,2019110501002592,RHPL,54,20,10,171.00,"1,710.00"
2019-11-05,2019110501002705,RHPL,54,57,30,171.00,"5,130.00"
2019-11-05,2019110501002687,RHPL,54,21,40,171.00,"6,840.00"
2019-11-05,2019110501002678,RHPL,54,25,40,171.00,"6,840.00"
2019-11-05,2019110501002665,RHPL,26,6,10,172.00,"1,720.00"
2019-11-05,2019110501002664,RHPL,26,47,30,172.00,"5,160.00"
2019-11-05,2019110501002655,RHPL,54,26,40,171.00,"6,840.00"
2019-11-05,2019110501002724,RHPL,59,47,30,172.00,"5,160.00"
2019-11-05,2019110501002723,RHPL,59,47,30,172.00,"5,160.00"
2019-11-05,2019110501002722,RHPL,59,47,30,172.00,"5,160.00"
2019-11-05,2019110501002721,RHPL,59,47,30,172.00,"5,160.00"
2019-11-05,2019110501002720,RHPL,59,47,30,172.00,"5,160.00"
2019-11-05,2019110501002709,RHPL,54,51,40,171.00,"6,840.00"
2019-11-05,2019110501002730,RHPL,59,47,30,172.00,"5,160.00"
2019-11-05,2019110501002729,RHPL,59,47,30,172.00,"5,160.00"
2019-11-05,2019110501002728,RHPL,59,47,30,172.00,"5,160.00"
2019-11-05,2019110501002727,RHPL,59,47,30,172.00,"5,160.00"
2019-11-05,2019110501002726,RHPL,59,47,30,172.00,"5,160.00"
2019-11-05,2019110501002725,RHPL,59,47,30,172.00,"5,160.00"
2019-11-05,2019110501002527,RMDC,39,44,52,623.00,"32,396.00"
2019-11-05,2019110501002629,RRHP,1,41,10,101.00,"1,010.00"
2019-11-05,2019110501002790,RSDC,56,56,39,322.00,"12,558.00"
2019-11-05,2019110501002597,RSDC,50,20,63,320.00,"20,160.00"
2019-11-05,2019110501002912,SABSL,56,56,10,450.00,"4,500.00"
2019-11-05,2019110501002828,SABSL,56,38,10,450.00,"4,500.00"
2019-11-05,2019110501002824,SABSL,56,38,10,450.00,"4,500.00"
2019-11-05,2019110501002818,SABSL,56,38,10,450.00,"4,500.00"
2019-11-05,2019110501002811,SABSL,56,38,10,450.00,"4,500.00"
2019-11-05,2019110501002776,SABSL,56,56,10,450.00,"4,500.00"
2019-11-05,2019110501002607,SABSL,40,34,10,448.00,"4,480.00"
2019-11-05,2019110501002591,SABSL,1,37,10,449.00,"4,490.00"
2019-11-05,2019110501002506,SABSL,1,6,90,449.00,"40,410.00"
2019-11-05,2019110501002505,SABSL,40,6,20,449.00,"8,980.00"
2019-11-05,2019110501002758,SABSL,56,56,10,450.00,"4,500.00"
2019-11-05,2019110501002746,SABSL,56,56,10,450.00,"4,500.00"
2019-11-05,2019110501002745,SABSL,56,21,10,450.00,"4,500.00"
2019-11-05,2019110501002732,SABSL,56,56,10,450.00,"4,500.00"
2019-11-05,2019110501002703,SABSL,56,56,10,450.00,"4,500.00"
2019-11-05,2019110501002620,SABSL,39,42,10,449.00,"4,490.00"
2019-11-05,2019110501002674,SADBL,4,45,"2,200",140.00,"308,000.00"
2019-11-05,2019110501002647,SANIMA,48,35,100,305.00,"30,500.00"
2019-11-05,2019110501002926,SAPDBL,55,25,300,120.00,"36,000.00"
2019-11-05,2019110501002625,SAPDBL,55,52,405,120.00,"48,600.00"
2019-11-05,2019110501002843,SBI,49,34,121,405.00,"49,005.00"
2019-11-05,2019110501002842,SBI,41,34,133,405.00,"53,865.00"
2019-11-05,2019110501002970,SBL,14,7,50,290.00,"14,500.00"
2019-11-05,2019110501002927,SBL,29,7,220,290.00,"63,800.00"
2019-11-05,2019110501002883,SBL,29,7,"1,780",290.00,"516,200.00"
2019-11-05,2019110501002882,SBL,7,7,100,290.00,"29,000.00"
2019-11-05,2019110501002881,SBL,29,7,500,290.00,"145,000.00"
2019-11-05,2019110501002880,SBL,7,7,200,290.00,"58,000.00"
2019-11-05,2019110501002879,SBL,25,7,100,290.00,"29,000.00"
2019-11-05,2019110501002878,SBL,8,7,200,290.00,"58,000.00"
2019-11-05,2019110501002877,SBL,43,7,120,290.00,"34,800.00"
2019-11-05,2019110501002848,SBL,26,45,100,291.00,"29,100.00"
2019-11-05,2019110501002831,SBL,26,45,100,291.00,"29,100.00"
2019-11-05,2019110501002526,SBL,21,45,10,291.00,"2,910.00"
2019-11-05,2019110501002685,SCB,19,21,90,557.00,"50,130.00"
2019-11-05,2019110501002684,SCB,22,21,100,558.00,"55,800.00"
2019-11-05,2019110501002683,SCB,19,21,10,558.00,"5,580.00"
2019-11-05,2019110501002627,SCB,19,20,20,558.00,"11,160.00"
2019-11-05,2019110501002603,SCB,19,20,20,558.00,"11,160.00"
2019-11-05,2019110501002580,SCB,19,21,450,558.00,"251,100.00"
2019-11-05,2019110501002579,SCB,47,21,50,558.00,"27,900.00"
2019-11-05,2019110501002870,SFFIL,7,28,265,184.00,"48,760.00"
2019-11-05,2019110501002864,SFFIL,44,28,530,184.00,"97,520.00"
2019-11-05,2019110501002863,SFFIL,55,28,50,185.00,"9,250.00"
2019-11-05,2019110501002862,SFFIL,7,28,100,185.00,"18,500.00"
2019-11-05,2019110501002857,SFFIL,34,28,10,187.00,"1,870.00"
2019-11-05,2019110501002856,SFFIL,49,28,200,187.00,"37,400.00"
2019-11-05,2019110501002855,SFFIL,26,28,60,187.00,"11,220.00"
2019-11-05,2019110501002854,SFFIL,42,28,25,190.00,"4,750.00"
2019-11-05,2019110501002853,SFFIL,6,28,30,190.00,"5,700.00"
2019-11-05,2019110501002594,SHINE,6,38,100,254.00,"25,400.00"
2019-11-05,2019110501002477,SHIVM,7,58,150,490.00,"73,500.00"
2019-11-05,2019110501002490,SJCL,48,41,20,168.00,"3,360.00"
2019-11-05,2019110501002474,SJCL,48,58,20,168.00,"3,360.00"
2019-11-05,2019110501002619,SJCL,48,40,20,168.00,"3,360.00"
2019-11-05,2019110501002613,SJCL,48,40,20,168.00,"3,360.00"
2019-11-05,2019110501002605,SJCL,48,42,20,168.00,"3,360.00"
2019-11-05,2019110501002553,SJCL,55,51,500,169.00,"84,500.00"
2019-11-05,2019110501002544,SJCL,48,42,10,168.00,"1,680.00"
2019-11-05,2019110501002701,SJCL,48,21,20,168.00,"3,360.00"
2019-11-05,2019110501002660,SJCL,26,26,20,169.00,"3,380.00"
2019-11-05,2019110501002628,SJCL,48,40,10,168.00,"1,680.00"
2019-11-05,2019110501002623,SJCL,48,40,20,168.00,"3,360.00"
2019-11-05,2019110501002622,SJCL,48,42,10,168.00,"1,680.00"
2019-11-05,2019110501002810,SJCL,48,21,20,168.00,"3,360.00"
2019-11-05,2019110501002799,SJCL,48,21,20,168.00,"3,360.00"
2019-11-05,2019110501002775,SJCL,48,21,20,168.00,"3,360.00"
2019-11-05,2019110501002749,SJCL,48,21,20,168.00,"3,360.00"
2019-11-05,2019110501002738,SJCL,48,53,20,168.00,"3,360.00"
2019-11-05,2019110501002851,SLBBL,29,7,100,568.00,"56,800.00"
2019-11-05,2019110501002643,SLBBL,11,6,50,568.00,"28,400.00"
2019-11-05,2019110501002486,SLBBL,21,56,40,570.00,"22,800.00"
2019-11-05,2019110501002642,SLBBL,1,6,20,569.00,"11,380.00"
2019-11-05,2019110501002537,SLBSL,6,53,90,720.00,"64,800.00"
2019-11-05,2019110501002536,SLBSL,6,54,10,720.00,"7,200.00"
2019-11-05,2019110501002535,SLBSL,6,36,10,718.00,"7,180.00"
2019-11-05,2019110501002908,SLICL,5,34,198,258.00,"51,084.00"
2019-11-05,2019110501002907,SLICL,22,34,200,258.00,"51,600.00"
2019-11-05,2019110501002906,SLICL,57,34,30,258.00,"7,740.00"
2019-11-05,2019110501002905,SLICL,44,34,17,258.00,"4,386.00"
2019-11-05,2019110501002876,SLICL,22,49,20,260.00,"5,200.00"
2019-11-05,2019110501002852,SLICL,22,49,20,260.00,"5,200.00"
2019-11-05,2019110501002530,SMB,38,40,10,400.00,"4,000.00"
2019-11-05,2019110501002946,SMFBS,32,45,10,782.00,"7,820.00"
2019-11-05,2019110501002887,SMFBS,32,57,10,782.00,"7,820.00"
2019-11-05,2019110501002817,SPARS,56,21,10,521.00,"5,210.00"
2019-11-05,2019110501002756,SPARS,56,21,10,521.00,"5,210.00"
2019-11-05,2019110501002827,SRBL,7,7,100,211.00,"21,100.00"
2019-11-05,2019110501002798,SRBL,7,7,200,211.00,"42,200.00"
2019-11-05,2019110501002543,SRBL,26,54,100,210.00,"21,000.00"
2019-11-05,2019110501002492,SRBL,50,52,263,211.00,"55,493.00"
2019-11-05,2019110501002491,SRBL,50,45,100,211.00,"21,100.00"
2019-11-05,2019110501002760,TMDBL,59,59,30,153.00,"4,590.00"
2019-11-05,2019110501002552,UFL,45,6,928,179.00,"166,112.00"
2019-11-05,2019110501002517,UFL,22,6,50,179.00,"8,950.00"
2019-11-05,2019110501002516,UFL,40,6,100,179.00,"17,900.00"
2019-11-05,2019110501002767,UIC,3,54,50,244.00,"12,200.00"
2019-11-05,2019110501002652,UIC,22,42,50,245.00,"12,250.00"
2019-11-05,2019110501002631,UMHL,6,26,50,100.00,"5,000.00"
2019-11-05,2019110501002630,UMHL,6,26,50,100.00,"5,000.00"
2019-11-05,2019110501002608,UPCL,22,42,50,73.00,"3,650.00"
2019-11-05,2019110501002551,UPCL,22,42,83,73.00,"6,059.00"
2019-11-05,2019110501002550,UPCL,41,42,17,73.00,"1,241.00"
2019-11-05,2019110501002921,UPPER,25,33,50,236.00,"11,800.00"
2019-11-05,2019110501002913,UPPER,43,42,150,235.00,"35,250.00"
2019-11-05,2019110501002892,UPPER,43,4,10,235.00,"2,350.00"
2019-11-05,2019110501002782,UPPER,43,57,440,235.00,"103,400.00"
2019-11-05,2019110501002626,UPPER,43,42,50,235.00,"11,750.00"
2019-11-05,2019110501002617,UPPER,43,45,109,235.00,"25,615.00"
2019-11-05,2019110501002612,UPPER,43,42,21,235.00,"4,935.00"
2019-11-05,2019110501002611,UPPER,52,42,19,235.00,"4,465.00"
2019-11-05,2019110501002562,UPPER,52,42,40,235.00,"9,400.00"
2019-11-05,2019110501002168,AHPC,25,39,20,97.00,"1,940.00"
2019-11-05,2019110501002433,AKBSL,42,14,10,410.00,"4,100.00"
2019-11-05,2019110501002283,AKBSL,43,39,10,411.00,"4,110.00"
2019-11-05,2019110501002023,AKBSL,42,20,10,410.00,"4,100.00"
2019-11-05,2019110501002285,AKJCL,39,22,10,53.00,530.00
2019-11-05,2019110501002216,AKJCL,39,38,20,53.00,"1,060.00"
2019-11-05,2019110501002209,AKJCL,39,28,20,53.00,"1,060.00"
2019-11-05,2019110501002187,AKJCL,39,28,10,53.00,530.00
2019-11-05,2019110501002179,AKJCL,39,28,10,53.00,530.00
2019-11-05,2019110501002138,AKJCL,39,32,10,53.00,530.00
2019-11-05,2019110501002408,AKPL,45,20,13,127.00,"1,651.00"
2019-11-05,2019110501002394,AKPL,45,20,13,127.00,"1,651.00"
2019-11-05,2019110501002323,AKPL,45,20,13,127.00,"1,651.00"
2019-11-05,2019110501002255,AKPL,55,20,13,128.00,"1,664.00"
2019-11-05,2019110501002240,AKPL,42,38,300,129.00,"38,700.00"
2019-11-05,2019110501002215,AKPL,55,45,11,128.00,"1,408.00"
2019-11-05,2019110501002009,AKPL,55,38,265,128.00,"33,920.00"
2019-11-05,2019110501002008,AKPL,36,38,286,128.00,"36,608.00"
2019-11-05,2019110501001995,AKPL,36,38,116,128.00,"14,848.00"
2019-11-05,2019110501001994,AKPL,37,38,14,129.00,"1,806.00"
2019-11-05,2019110501002153,AKPL,25,59,13,130.00,"1,690.00"
2019-11-05,2019110501002146,AKPL,55,20,13,128.00,"1,664.00"
2019-11-05,2019110501002082,AKPL,55,20,13,128.00,"1,664.00"
2019-11-05,2019110501002047,AKPL,55,38,84,128.00,"10,752.00"
2019-11-05,2019110501002044,AKPL,55,20,13,128.00,"1,664.00"
2019-11-05,2019110501002036,AKPL,55,38,84,128.00,"10,752.00"
2019-11-05,2019110501002139,ALICL,44,58,100,312.00,"31,200.00"
2019-11-05,2019110501002443,API,25,45,28,109.00,"3,052.00"
2019-11-05,2019110501002222,API,58,45,18,108.00,"1,944.00"
2019-11-05,2019110501002203,API,37,6,178,107.00,"19,046.00"
2019-11-05,2019110501002202,API,48,6,200,107.00,"21,400.00"
2019-11-05,2019110501002201,API,22,6,100,107.00,"10,700.00"
2019-11-05,2019110501002200,API,42,6,100,107.00,"10,700.00"
2019-11-05,2019110501002199,API,49,6,135,107.00,"14,445.00"
2019-11-05,2019110501002198,API,49,6,55,107.00,"5,885.00"
2019-11-05,2019110501002197,API,25,6,232,108.00,"25,056.00"
2019-11-05,2019110501002359,BOKL,39,42,245,226.00,"55,370.00"
2019-11-05,2019110501002358,BOKL,49,42,735,226.00,"166,110.00"
2019-11-05,2019110501002218,BOKL,49,28,98,226.00,"22,148.00"
2019-11-05,2019110501002141,BOKL,49,5,20,226.00,"4,520.00"
2019-11-05,2019110501002093,BOKL,49,42,20,227.00,"4,540.00"
2019-11-05,2019110501002430,BPCL,49,42,50,366.00,"18,300.00"
2019-11-05,2019110501002405,BPCL,48,40,10,365.00,"3,650.00"
2019-11-05,2019110501002395,BPCL,49,40,10,365.00,"3,650.00"
2019-11-05,2019110501002382,BPCL,49,40,10,365.00,"3,650.00"
2019-11-05,2019110501002372,BPCL,49,40,10,365.00,"3,650.00"
2019-11-05,2019110501002353,BPCL,49,40,10,365.00,"3,650.00"
2019-11-05,2019110501002344,BPCL,49,40,10,365.00,"3,650.00"
2019-11-05,2019110501002427,CBBL,44,6,10,967.00,"9,670.00"
2019-11-05,2019110501002420,CBL,17,28,520,141.00,"73,320.00"
2019-11-05,2019110501002109,CBL,17,44,33,141.00,"4,653.00"
2019-11-05,2019110501002229,CCBL,49,45,121,156.00,"18,876.00"
2019-11-05,2019110501002316,CHCL,55,43,51,459.00,"23,409.00"
2019-11-05,2019110501002178,CHCL,59,58,100,460.00,"46,000.00"
2019-11-05,2019110501002170,CHCL,59,58,86,460.00,"39,560.00"
2019-11-05,2019110501002169,CHCL,59,14,14,460.00,"6,440.00"
2019-11-05,2019110501002016,CHCL,43,55,100,459.00,"45,900.00"
2019-11-05,2019110501002319,CIT,38,6,30,"1,784.00","53,520.00"
2019-11-05,2019110501002318,CIT,38,49,70,"1,784.00","124,880.00"
2019-11-05,2019110501002460,CZBIL,44,41,50,191.00,"9,550.00"
2019-11-05,2019110501002416,CZBIL,44,48,"1,320",191.00,"252,120.00"
2019-11-05,2019110501002415,CZBIL,57,48,180,191.00,"34,380.00"
2019-11-05,2019110501002150,CZBIL,57,5,60,191.00,"11,460.00"
2019-11-05,2019110501002196,DBBL,41,29,342,124.00,"42,408.00"
2019-11-05,2019110501002195,DBBL,38,29,20,124.00,"2,480.00"
2019-11-05,2019110501002194,DBBL,34,29,300,124.00,"37,200.00"
2019-11-05,2019110501002193,DBBL,52,29,72,124.00,"8,928.00"
2019-11-05,2019110501002192,DBBL,42,29,20,124.00,"2,480.00"
2019-11-05,2019110501002191,DBBL,17,29,78,124.00,"9,672.00"
2019-11-05,2019110501002190,DBBL,42,29,80,124.00,"9,920.00"
2019-11-05,2019110501002189,DBBL,26,29,100,124.00,"12,400.00"
2019-11-05,2019110501002088,DBBL,21,7,100,125.00,"12,500.00"
2019-11-05,2019110501001976,DBBL,51,7,40,125.00,"5,000.00"
2019-11-05,2019110501002463,EBL,44,51,158,557.00,"88,006.00"
2019-11-05,2019110501002431,EBL,11,40,10,555.00,"5,550.00"
2019-11-05,2019110501002231,EBL,41,58,24,556.00,"13,344.00"
2019-11-05,2019110501002123,EBL,34,58,40,556.00,"22,240.00"
2019-11-05,2019110501002017,EBL,58,58,33,556.00,"18,348.00"
2019-11-05,2019110501002410,EDBL,41,54,500,263.00,"131,500.00"
2019-11-05,2019110501002133,EIC,59,10,450,224.00,"100,800.00"
2019-11-05,2019110501002004,EIC,51,10,100,225.00,"22,500.00"
2019-11-05,2019110501002360,FMDBL,25,14,200,309.00,"61,800.00"
2019-11-05,2019110501002445,FOWAD,41,50,36,"1,322.00","47,592.00"
2019-11-05,2019110501002434,FOWAD,41,25,43,"1,322.00","56,846.00"
2019-11-05,2019110501002032,FOWAD,41,59,110,"1,322.00","145,420.00"
2019-11-05,2019110501001974,GBLBS,44,39,37,308.00,"11,396.00"
2019-11-05,2019110501002457,GILB,48,38,41,880.00,"36,080.00"
2019-11-05,2019110501002354,GILB,16,8,10,884.00,"8,840.00"
2019-11-05,2019110501002242,GILB,58,44,20,883.00,"17,660.00"
2019-11-05,2019110501002135,GILB,42,44,100,883.00,"88,300.00"
2019-11-05,2019110501002040,GILB,48,39,154,880.00,"135,520.00"
2019-11-05,2019110501002039,GILB,8,39,46,880.00,"40,480.00"
2019-11-05,2019110501002038,GILB,19,39,100,881.00,"88,100.00"
2019-11-05,2019110501001986,GILB,17,44,45,883.00,"39,735.00"
2019-11-05,2019110501002342,GIMES1,57,47,"2,900",7.81,"22,649.00"
2019-11-05,2019110501002432,GLBSL,19,20,10,418.00,"4,180.00"
2019-11-05,2019110501001997,GLBSL,19,40,10,418.00,"4,180.00"
2019-11-05,2019110501001988,GLBSL,19,40,10,418.00,"4,180.00"
2019-11-05,2019110501001983,GLBSL,19,40,10,418.00,"4,180.00"
2019-11-05,2019110501001981,GLBSL,19,40,10,418.00,"4,180.00"
2019-11-05,2019110501002018,GLBSL,35,40,10,417.00,"4,170.00"
2019-11-05,2019110501002012,GLBSL,35,40,10,417.00,"4,170.00"
2019-11-05,2019110501002007,GLBSL,35,40,10,417.00,"4,170.00"
2019-11-05,2019110501001999,GLBSL,19,40,10,418.00,"4,180.00"
2019-11-05,2019110501002116,GLICL,52,50,57,355.00,"20,235.00"
2019-11-05,2019110501002459,GMFBS,50,20,10,451.00,"4,510.00"
2019-11-05,2019110501002378,GMFBS,50,20,10,452.00,"4,520.00"
2019-11-05,2019110501001982,GUFL,44,13,100,110.00,"11,000.00"
2019-11-05,2019110501002329,HBL,25,59,10,497.00,"4,970.00"
2019-11-05,2019110501002108,HDL,58,32,130,"1,500.00","195,000.00"
2019-11-05,2019110501002107,HDL,53,32,50,"1,500.00","75,000.00"
2019-11-05,2019110501002103,HDL,58,32,200,"1,500.00","300,000.00"
2019-11-05,2019110501002102,HDL,11,32,500,"1,501.00","750,500.00"
2019-11-05,2019110501002101,HDL,6,32,50,"1,502.00","75,100.00"
2019-11-05,2019110501002100,HDL,58,32,70,"1,505.00","105,350.00"
2019-11-05,2019110501002034,HDL,58,17,"1,930","1,505.00","2,904,650.00"
2019-11-05,2019110501002033,HDL,53,17,70,"1,505.00","105,350.00"
2019-11-05,2019110501002188,HGI,52,4,100,266.00,"26,600.00"
2019-11-05,2019110501002286,HIDCL,6,45,100,138.00,"13,800.00"
2019-11-05,2019110501002238,HIDCL,22,28,100,139.00,"13,900.00"
2019-11-05,2019110501002090,HIDCL,14,14,100,139.00,"13,900.00"
2019-11-05,2019110501002462,HPPL,45,20,10,137.00,"1,370.00"
2019-11-05,2019110501002411,HPPL,45,20,10,137.00,"1,370.00"
2019-11-05,2019110501002383,HPPL,18,20,10,138.00,"1,380.00"
2019-11-05,2019110501002331,HPPL,18,20,10,138.00,"1,380.00"
2019-11-05,2019110501002259,HPPL,18,20,10,138.00,"1,380.00"
2019-11-05,2019110501002152,HPPL,18,20,10,138.00,"1,380.00"
2019-11-05,2019110501002092,HPPL,18,20,10,138.00,"1,380.00"
2019-11-05,2019110501002172,HURJA,1,32,20,102.00,"2,040.00"
2019-11-05,2019110501001984,HURJA,1,10,20,102.00,"2,040.00"
2019-11-05,2019110501002352,ILBS,32,40,10,438.00,"4,380.00"
2019-11-05,2019110501002349,ILBS,32,40,10,438.00,"4,380.00"
2019-11-05,2019110501002330,ILBS,32,40,10,438.00,"4,380.00"
2019-11-05,2019110501002321,ILBS,32,40,10,438.00,"4,380.00"
