Date,Transact. No.,Symbol,Buyer,Seller,Quantity,Rate,Amount
2019-04-30,2019043001010006,ADBL,45,17,100,390.00,"39,000.00"
2019-04-30,2019043001009801,ADBL,49,40,100,389.00,"38,900.00"
2019-04-30,2019043001009800,ADBL,49,38,34,388.00,"13,192.00"
2019-04-30,2019043001009984,AHPC,48,44,"2,000",113.00,"226,000.00"
2019-04-30,2019043001009812,AHPC,48,43,"2,500",113.00,"282,500.00"
2019-04-30,2019043001009705,AHPC,48,28,"2,340",113.00,"264,420.00"
2019-04-30,2019043001009704,AHPC,48,28,"1,660",113.00,"187,580.00"
2019-04-30,2019043001009974,AKPL,58,42,22,191.00,"4,202.00"
2019-04-30,2019043001009955,AKPL,25,51,10,193.00,"1,930.00"
2019-04-30,2019043001009915,AKPL,58,43,200,191.00,"38,200.00"
2019-04-30,2019043001009900,AKPL,19,58,151,194.00,"29,294.00"
2019-04-30,2019043001009899,AKPL,19,36,149,194.00,"28,906.00"
2019-04-30,2019043001009890,AKPL,58,38,109,191.00,"20,819.00"
2019-04-30,2019043001009839,AKPL,58,36,51,194.00,"9,894.00"
2019-04-30,2019043001009838,AKPL,58,56,49,193.00,"9,457.00"
2019-04-30,2019043001009717,AKPL,58,21,115,191.00,"21,965.00"
2019-04-30,2019043001009663,AKPL,58,37,200,191.00,"38,200.00"
2019-04-30,2019043001009884,ALICL,10,57,392,441.00,"172,872.00"
2019-04-30,2019043001009883,ALICL,57,57,10,441.00,"4,410.00"
2019-04-30,2019043001009882,ALICL,22,57,200,441.00,"88,200.00"
2019-04-30,2019043001009881,ALICL,45,57,100,441.00,"44,100.00"
2019-04-30,2019043001009880,ALICL,48,57,20,442.00,"8,840.00"
2019-04-30,2019043001009879,ALICL,56,57,10,444.00,"4,440.00"
2019-04-30,2019043001009749,ALICL,22,57,100,448.00,"44,800.00"
2019-04-30,2019043001009748,ALICL,46,57,200,448.00,"89,600.00"
2019-04-30,2019043001009747,ALICL,38,57,500,449.00,"224,500.00"
2019-04-30,2019043001009746,ALICL,40,57,119,449.00,"53,431.00"
2019-04-30,2019043001009743,ALICL,1,35,100,450.00,"45,000.00"
2019-04-30,2019043001009619,ALICL,1,40,200,450.00,"90,000.00"
2019-04-30,2019043001009878,ALICL,48,57,20,445.00,"8,900.00"
2019-04-30,2019043001009754,ALICL,22,57,100,446.00,"44,600.00"
2019-04-30,2019043001009753,ALICL,22,57,100,446.00,"44,600.00"
2019-04-30,2019043001009752,ALICL,48,57,500,446.00,"223,000.00"
2019-04-30,2019043001009751,ALICL,38,57,500,447.00,"223,500.00"
2019-04-30,2019043001009750,ALICL,45,57,100,448.00,"44,800.00"
2019-04-30,2019043001009939,AMFI,45,36,35,590.00,"20,650.00"
2019-04-30,2019043001009938,AMFI,17,36,115,590.00,"67,850.00"
2019-04-30,2019043001009906,AMFI,51,36,50,591.00,"29,550.00"
2019-04-30,2019043001010064,API,25,46,500,139.00,"69,500.00"
2019-04-30,2019043001009993,API,54,46,31,140.00,"4,340.00"
2019-04-30,2019043001009992,API,41,46,100,140.00,"14,000.00"
2019-04-30,2019043001009991,API,37,46,434,140.00,"60,760.00"
2019-04-30,2019043001009943,API,37,53,66,140.00,"9,240.00"
2019-04-30,2019043001009926,API,35,33,269,141.00,"37,929.00"
2019-04-30,2019043001009659,API,25,53,200,139.00,"27,800.00"
2019-04-30,2019043001009658,API,25,47,895,139.00,"124,405.00"
2019-04-30,2019043001009633,API,25,57,408,138.00,"56,304.00"
2019-04-30,2019043001009711,API,25,41,29,140.00,"4,060.00"
2019-04-30,2019043001009710,API,25,36,402,140.00,"56,280.00"
2019-04-30,2019043001009709,API,25,21,250,140.00,"35,000.00"
2019-04-30,2019043001009708,API,25,53,500,140.00,"70,000.00"
2019-04-30,2019043001009707,API,25,7,100,140.00,"14,000.00"
2019-04-30,2019043001009660,API,25,32,"2,405",139.00,"334,295.00"
2019-04-30,2019043001009766,API,25,53,200,140.00,"28,000.00"
2019-04-30,2019043001009740,API,25,35,352,141.00,"49,632.00"
2019-04-30,2019043001009739,API,25,51,500,141.00,"70,500.00"
2019-04-30,2019043001009738,API,25,34,50,141.00,"7,050.00"
2019-04-30,2019043001009737,API,25,28,598,141.00,"84,318.00"
2019-04-30,2019043001009712,API,25,53,"1,000",140.00,"140,000.00"
2019-04-30,2019043001009877,API,35,53,200,141.00,"28,200.00"
2019-04-30,2019043001009873,API,25,7,300,142.00,"42,600.00"
2019-04-30,2019043001009860,API,35,35,31,141.00,"4,371.00"
2019-04-30,2019043001009806,API,37,58,500,140.00,"70,000.00"
2019-04-30,2019043001009782,API,25,20,10,140.00,"1,400.00"
2019-04-30,2019043001009840,BARUN,34,25,200,93.00,"18,600.00"
2019-04-30,2019043001009761,BARUN,56,25,106,94.00,"9,964.00"
2019-04-30,2019043001009777,BOKL,56,29,39,287.00,"11,193.00"
2019-04-30,2019043001009776,BOKL,56,22,164,287.00,"47,068.00"
2019-04-30,2019043001010055,BPCL,34,35,10,395.00,"3,950.00"
2019-04-30,2019043001009958,BPCL,57,6,10,394.00,"3,940.00"
2019-04-30,2019043001009871,BPCL,34,32,11,387.00,"4,257.00"
2019-04-30,2019043001009775,BPCL,42,25,64,393.00,"25,152.00"
2019-04-30,2019043001009699,BPCL,49,35,23,395.00,"9,085.00"
2019-04-30,2019043001009698,BPCL,49,59,700,395.00,"276,500.00"
2019-04-30,2019043001009599,BPCL,42,1,50,392.00,"19,600.00"
2019-04-30,2019043001009598,BPCL,42,49,55,392.00,"21,560.00"
2019-04-30,2019043001009597,BPCL,42,7,22,392.00,"8,624.00"
2019-04-30,2019043001009596,BPCL,42,7,22,392.00,"8,624.00"
2019-04-30,2019043001009697,BPCL,49,14,177,395.00,"69,915.00"
2019-04-30,2019043001009696,BPCL,49,13,100,394.00,"39,400.00"
2019-04-30,2019043001009635,BPCL,42,22,14,393.00,"5,502.00"
2019-04-30,2019043001009602,BPCL,42,57,22,393.00,"8,646.00"
2019-04-30,2019043001009601,BPCL,42,46,417,393.00,"163,881.00"
2019-04-30,2019043001009600,BPCL,42,25,134,392.00,"52,528.00"
2019-04-30,2019043001010037,CBBL,57,34,100,968.00,"96,800.00"
2019-04-30,2019043001009905,CBBL,17,53,15,967.00,"14,505.00"
2019-04-30,2019043001010022,CBL,41,22,106,155.00,"16,430.00"
2019-04-30,2019043001010021,CBL,34,22,200,155.00,"31,000.00"
2019-04-30,2019043001010020,CBL,47,22,200,155.00,"31,000.00"
2019-04-30,2019043001010019,CBL,50,22,494,155.00,"76,570.00"
2019-04-30,2019043001009856,CBL,50,47,49,155.00,"7,595.00"
2019-04-30,2019043001009825,CBL,50,47,103,155.00,"15,965.00"
2019-04-30,2019043001010069,CCBL,34,52,100,174.00,"17,400.00"
2019-04-30,2019043001010023,CCBL,39,35,10,176.00,"1,760.00"
2019-04-30,2019043001009954,CCBL,41,32,500,174.00,"87,000.00"
2019-04-30,2019043001009976,CHCL,49,55,400,573.00,"229,200.00"
2019-04-30,2019043001009975,CHCL,49,59,50,570.00,"28,500.00"
2019-04-30,2019043001009967,CHCL,4,56,135,568.00,"76,680.00"
2019-04-30,2019043001009957,CHCL,4,20,99,568.00,"56,232.00"
2019-04-30,2019043001009937,CHCL,51,56,100,569.00,"56,900.00"
2019-04-30,2019043001009936,CHCL,56,56,65,569.00,"36,985.00"
2019-04-30,2019043001009969,CIT,16,1,44,"2,503.00","110,132.00"
2019-04-30,2019043001009847,CZBIL,56,50,100,228.00,"22,800.00"
2019-04-30,2019043001009742,CZBIL,51,42,136,227.00,"30,872.00"
2019-04-30,2019043001009721,CZBIL,13,50,40,228.00,"9,120.00"
2019-04-30,2019043001009720,CZBIL,17,50,500,228.00,"114,000.00"
2019-04-30,2019043001009719,CZBIL,51,50,170,228.00,"38,760.00"
2019-04-30,2019043001009648,CZBIL,51,29,10,228.00,"2,280.00"
2019-04-30,2019043001009864,DDBL,6,51,100,725.00,"72,500.00"
2019-04-30,2019043001009614,EDBL,43,26,950,315.00,"299,250.00"
2019-04-30,2019043001010073,EIC,48,56,31,480.00,"14,880.00"
2019-04-30,2019043001009998,EIC,48,54,70,471.00,"32,970.00"
2019-04-30,2019043001009904,EIC,48,54,10,471.00,"4,710.00"
2019-04-30,2019043001010063,FMDBL,56,6,100,438.00,"43,800.00"
2019-04-30,2019043001009963,FMDBL,56,57,83,436.00,"36,188.00"
2019-04-30,2019043001009595,FMDBL,56,44,50,436.00,"21,800.00"
2019-04-30,2019043001009594,FMDBL,56,19,50,436.00,"21,800.00"
2019-04-30,2019043001009593,FMDBL,56,48,100,435.00,"43,500.00"
2019-04-30,2019043001009592,FMDBL,56,14,265,435.00,"115,275.00"
2019-04-30,2019043001009591,FMDBL,56,56,152,434.00,"65,968.00"
2019-04-30,2019043001009893,GBIME,21,45,114,313.00,"35,682.00"
2019-04-30,2019043001009665,GBIME,29,45,86,314.00,"27,004.00"
2019-04-30,2019043001009885,GBLBS,1,36,285,368.00,"104,880.00"
2019-04-30,2019043001009713,GBLBS,21,36,50,370.00,"18,500.00"
2019-04-30,2019043001009640,GBLBS,21,36,65,370.00,"24,050.00"
2019-04-30,2019043001009639,GBLBS,21,56,70,369.00,"25,830.00"
2019-04-30,2019043001009736,GILB,38,57,50,"1,196.00","59,800.00"
2019-04-30,2019043001009620,GUFL,19,28,800,111.00,"88,800.00"
2019-04-30,2019043001009874,HBL,43,49,100,581.00,"58,100.00"
2019-04-30,2019043001009767,HBL,43,33,200,581.00,"116,200.00"
2019-04-30,2019043001009607,HGI,7,59,102,403.00,"41,106.00"
2019-04-30,2019043001009606,HGI,58,59,100,404.00,"40,400.00"
2019-04-30,2019043001009605,HGI,49,59,10,404.00,"4,040.00"
2019-04-30,2019043001009845,ICFC,42,58,701,163.00,"114,263.00"
2019-04-30,2019043001009844,ICFC,42,34,200,162.00,"32,400.00"
2019-04-30,2019043001010042,JBBL,52,56,13,145.00,"1,885.00"
2019-04-30,2019043001009931,JBBL,52,49,54,144.00,"7,776.00"
2019-04-30,2019043001009625,JBBL,48,49,250,142.00,"35,500.00"
2019-04-30,2019043001009979,JBNL,57,57,"2,000",200.00,"400,000.00"
2019-04-30,2019043001009960,JBNL,57,43,227,200.00,"45,400.00"
2019-04-30,2019043001009934,JBNL,57,34,482,200.00,"96,400.00"
2019-04-30,2019043001009933,JBNL,17,34,518,200.00,"103,600.00"
2019-04-30,2019043001009843,JBNL,17,38,100,200.00,"20,000.00"
2019-04-30,2019043001009828,JBNL,34,43,500,201.00,"100,500.00"
2019-04-30,2019043001009827,JBNL,34,39,45,201.00,"9,045.00"
2019-04-30,2019043001009826,JBNL,34,43,379,201.00,"76,179.00"
2019-04-30,2019043001009824,JBNL,17,49,382,200.00,"76,400.00"
2019-04-30,2019043001009823,JBNL,28,49,618,200.00,"123,600.00"
2019-04-30,2019043001009820,JBNL,28,34,382,200.00,"76,400.00"
2019-04-30,2019043001009819,JBNL,28,34,618,200.00,"123,600.00"
2019-04-30,2019043001010018,KBL,56,43,200,226.00,"45,200.00"
2019-04-30,2019043001009578,KBL,10,43,"1,000",225.00,"225,000.00"
2019-04-30,2019043001009577,KBL,4,43,"1,000",225.00,"225,000.00"
2019-04-30,2019043001009628,KMFL,41,19,34,827.00,"28,118.00"
2019-04-30,2019043001009966,LBL,51,43,81,228.00,"18,468.00"
2019-04-30,2019043001009965,LBL,48,43,50,228.00,"11,400.00"
2019-04-30,2019043001009964,LBL,45,43,869,228.00,"198,132.00"
2019-04-30,2019043001009908,LBL,42,32,10,230.00,"2,300.00"
2019-04-30,2019043001009907,LBL,42,34,58,229.00,"13,282.00"
2019-04-30,2019043001010035,LGIL,33,37,37,521.00,"19,277.00"
2019-04-30,2019043001009932,LGIL,47,56,200,521.00,"104,200.00"
2019-04-30,2019043001009861,LGIL,54,14,50,525.00,"26,250.00"
2019-04-30,2019043001009634,LICN,28,14,45,"1,875.00","84,375.00"
2019-04-30,2019043001009983,MBL,43,34,209,264.00,"55,176.00"
2019-04-30,2019043001009647,MBL,48,34,300,265.00,"79,500.00"
2019-04-30,2019043001009848,MEGA,19,52,300,187.00,"56,100.00"
2019-04-30,2019043001009805,MEGA,14,16,10,188.00,"1,880.00"
2019-04-30,2019043001009580,MEGA,59,40,502,186.00,"93,372.00"
2019-04-30,2019043001010040,MERO,42,58,16,670.00,"10,720.00"
2019-04-30,2019043001010039,MERO,16,58,184,670.00,"123,280.00"
2019-04-30,2019043001010038,MERO,11,58,100,671.00,"67,100.00"
2019-04-30,2019043001009815,MLBL,33,19,90,190.00,"17,100.00"
2019-04-30,2019043001009804,MLBL,33,32,20,190.00,"3,800.00"
2019-04-30,2019043001009618,MLBL,58,19,700,187.00,"130,900.00"
2019-04-30,2019043001009617,MLBL,49,19,"1,000",187.00,"187,000.00"
2019-04-30,2019043001009616,MLBL,48,19,200,188.00,"37,600.00"
2019-04-30,2019043001009615,MLBL,26,19,100,188.00,"18,800.00"
2019-04-30,2019043001009816,MNBBL,45,26,100,389.00,"38,900.00"
2019-04-30,2019043001010059,NBB,25,39,10,232.00,"2,320.00"
2019-04-30,2019043001009724,NBB,48,6,100,231.00,"23,100.00"
2019-04-30,2019043001009780,NBBL,41,28,13,615.00,"7,995.00"
2019-04-30,2019043001009779,NBBL,48,28,50,616.00,"30,800.00"
2019-04-30,2019043001009778,NBBL,14,28,37,616.00,"22,792.00"
2019-04-30,2019043001010049,NBL,29,43,245,318.00,"77,910.00"
2019-04-30,2019043001010048,NBL,29,38,500,318.00,"159,000.00"
2019-04-30,2019043001010047,NBL,29,11,255,318.00,"81,090.00"
2019-04-30,2019043001010045,NBL,45,17,100,315.00,"31,500.00"
2019-04-30,2019043001010044,NBL,32,17,200,316.00,"63,200.00"
2019-04-30,2019043001010043,NBL,33,17,700,316.00,"221,200.00"
2019-04-30,2019043001009996,NBL,40,42,"2,000",317.00,"634,000.00"
2019-04-30,2019043001009995,NBL,40,43,400,317.00,"126,800.00"
2019-04-30,2019043001009994,NBL,40,13,467,317.00,"148,039.00"
2019-04-30,2019043001009973,NBL,33,39,100,316.00,"31,600.00"
2019-04-30,2019043001009942,NBL,56,13,200,317.00,"63,400.00"
2019-04-30,2019043001009935,NBL,33,47,200,316.00,"63,200.00"
2019-04-30,2019043001009852,NCCB,34,43,400,237.00,"94,800.00"
2019-04-30,2019043001009851,NCCB,34,43,100,237.00,"23,700.00"
2019-04-30,2019043001009627,NCCB,51,43,827,237.00,"195,999.00"
2019-04-30,2019043001009626,NCCB,51,25,100,237.00,"23,700.00"
2019-04-30,2019043001009829,NCDB,26,52,440,138.00,"60,720.00"
2019-04-30,2019043001009918,NHPC,1,7,231,73.00,"16,863.00"
2019-04-30,2019043001009917,NHPC,1,52,69,73.00,"5,037.00"
2019-04-30,2019043001009916,NHPC,1,57,100,72.00,"7,200.00"
2019-04-30,2019043001009773,NIB,51,57,35,568.00,"19,880.00"
2019-04-30,2019043001009772,NIB,51,57,65,568.00,"36,920.00"
2019-04-30,2019043001009723,NIB,48,57,39,568.00,"22,152.00"
2019-04-30,2019043001009652,NIB,48,55,61,568.00,"34,648.00"
2019-04-30,2019043001009576,NIB,45,57,50,567.00,"28,350.00"
2019-04-30,2019043001009952,NICA,45,29,100,495.00,"49,500.00"
2019-04-30,2019043001009781,NICA,25,14,"1,110",493.00,"547,230.00"
2019-04-30,2019043001009950,NICL,45,58,50,403.00,"20,150.00"
2019-04-30,2019043001009949,NICL,45,58,50,403.00,"20,150.00"
2019-04-30,2019043001009948,NICL,47,58,200,404.00,"80,800.00"
2019-04-30,2019043001010005,NIL,57,38,500,530.00,"265,000.00"
2019-04-30,2019043001010004,NIL,51,38,100,530.00,"53,000.00"
2019-04-30,2019043001010003,NIL,38,38,100,530.00,"53,000.00"
2019-04-30,2019043001010068,NLIC,34,32,80,"1,271.00","101,680.00"
2019-04-30,2019043001010067,NLIC,58,32,10,"1,274.00","12,740.00"
2019-04-30,2019043001010066,NLIC,6,32,25,"1,274.00","31,850.00"
2019-04-30,2019043001010065,NLIC,33,32,85,"1,275.00","108,375.00"
2019-04-30,2019043001010062,NLIC,33,42,100,"1,275.00","127,500.00"
2019-04-30,2019043001010061,NLIC,33,45,165,"1,274.00","210,210.00"
2019-04-30,2019043001009587,NLIC,28,58,17,"1,273.00","21,641.00"
2019-04-30,2019043001009622,NLIC,45,32,57,"1,272.00","72,504.00"
2019-04-30,2019043001009621,NLIC,57,32,10,"1,276.00","12,760.00"
2019-04-30,2019043001009604,NLIC,28,32,4,"1,273.00","5,092.00"
2019-04-30,2019043001009603,NLIC,58,32,20,"1,273.00","25,460.00"
2019-04-30,2019043001009590,NLIC,52,32,20,"1,273.00","25,460.00"
2019-04-30,2019043001009589,NLIC,28,32,156,"1,273.00","198,588.00"
2019-04-30,2019043001009643,NLIC,43,36,133,"1,276.00","169,708.00"
2019-04-30,2019043001009641,NLIC,43,38,67,"1,276.00","85,492.00"
2019-04-30,2019043001009632,NLIC,40,46,294,"1,275.00","374,850.00"
2019-04-30,2019043001009631,NLIC,4,38,33,"1,276.00","42,108.00"
2019-04-30,2019043001009630,NLIC,4,13,17,"1,276.00","21,692.00"
2019-04-30,2019043001009629,NLIC,40,1,17,"1,275.00","21,675.00"
2019-04-30,2019043001009662,NLIC,49,57,21,"1,277.00","26,817.00"
2019-04-30,2019043001009655,NLIC,50,8,200,"1,275.00","255,000.00"
2019-04-30,2019043001009653,NLIC,58,57,10,"1,277.00","12,770.00"
2019-04-30,2019043001009646,NLIC,50,34,69,"1,275.00","87,975.00"
2019-04-30,2019043001009645,NLIC,50,36,36,"1,275.00","45,900.00"
2019-04-30,2019043001009644,NLIC,40,36,44,"1,275.00","56,100.00"
2019-04-30,2019043001009673,NLIC,38,7,20,"1,274.00","25,480.00"
2019-04-30,2019043001009672,NLIC,26,7,83,"1,274.00","105,742.00"
2019-04-30,2019043001009671,NLIC,19,7,50,"1,275.00","63,750.00"
2019-04-30,2019043001009670,NLIC,50,7,178,"1,275.00","226,950.00"
2019-04-30,2019043001009669,NLIC,40,7,"1,000","1,276.00","1,276,000.00"
2019-04-30,2019043001009668,NLIC,50,34,17,"1,275.00","21,675.00"
2019-04-30,2019043001009679,NLIC,34,7,103,"1,271.00","130,913.00"
2019-04-30,2019043001009678,NLIC,58,7,20,"1,272.00","25,440.00"
2019-04-30,2019043001009677,NLIC,1,7,110,"1,272.00","139,920.00"
2019-04-30,2019043001009676,NLIC,45,7,76,"1,272.00","96,672.00"
2019-04-30,2019043001009675,NLIC,21,7,100,"1,273.00","127,300.00"
2019-04-30,2019043001009674,NLIC,57,7,60,"1,273.00","76,380.00"
2019-04-30,2019043001009685,NLIC,34,7,200,"1,271.00","254,200.00"
2019-04-30,2019043001009684,NLIC,43,7,50,"1,271.00","63,550.00"
2019-04-30,2019043001009683,NLIC,58,7,43,"1,271.00","54,653.00"
2019-04-30,2019043001009682,NLIC,49,7,100,"1,271.00","127,100.00"
2019-04-30,2019043001009681,NLIC,45,7,200,"1,271.00","254,200.00"
2019-04-30,2019043001009680,NLIC,45,7,100,"1,271.00","127,100.00"
2019-04-30,2019043001009691,NLIC,42,7,100,"1,270.00","127,000.00"
2019-04-30,2019043001009690,NLIC,46,7,380,"1,270.00","482,600.00"
2019-04-30,2019043001009689,NLIC,45,7,200,"1,270.00","254,000.00"
2019-04-30,2019043001009688,NLIC,34,7,200,"1,270.00","254,000.00"
2019-04-30,2019043001009687,NLIC,42,7,50,"1,270.00","63,500.00"
2019-04-30,2019043001009686,NLIC,10,7,185,"1,270.00","234,950.00"
2019-04-30,2019043001009706,NLIC,4,18,50,"1,275.00","63,750.00"
2019-04-30,2019043001009702,NLIC,32,32,17,"1,273.00","21,641.00"
2019-04-30,2019043001009695,NLIC,6,54,62,"1,278.00","79,236.00"
2019-04-30,2019043001009694,NLIC,6,45,17,"1,277.00","21,709.00"
2019-04-30,2019043001009693,NLIC,6,57,14,"1,277.00","17,878.00"
2019-04-30,2019043001009692,NLIC,41,7,186,"1,270.00","236,220.00"
2019-04-30,2019043001009733,NLIC,41,5,14,"1,270.00","17,780.00"
2019-04-30,2019043001009732,NLIC,32,5,66,"1,273.00","84,018.00"
2019-04-30,2019043001009722,NLIC,32,34,17,"1,273.00","21,641.00"
2019-04-30,2019043001009716,NLIC,45,54,10,"1,278.00","12,780.00"
2019-04-30,2019043001009715,NLIC,38,51,100,"1,275.00","127,500.00"
2019-04-30,2019043001009714,NLIC,4,51,100,"1,275.00","127,500.00"
2019-04-30,2019043001009774,NLIC,32,1,17,"1,271.00","21,607.00"
2019-04-30,2019043001009765,NLIC,37,13,20,"1,275.00","25,500.00"
2019-04-30,2019043001009764,NLIC,32,34,69,"1,271.00","87,699.00"
2019-04-30,2019043001009745,NLIC,18,13,10,"1,275.00","12,750.00"
2019-04-30,2019043001009741,NLIC,50,34,69,"1,270.00","87,630.00"
2019-04-30,2019043001009734,NLIC,50,5,18,"1,270.00","22,860.00"
2019-04-30,2019043001009813,NLIC,33,32,25,"1,270.00","31,750.00"
2019-04-30,2019043001009807,NLIC,33,34,69,"1,270.00","87,630.00"
2019-04-30,2019043001009787,NLIC,33,50,49,"1,270.00","62,230.00"
2019-04-30,2019043001009786,NLIC,33,34,42,"1,270.00","53,340.00"
2019-04-30,2019043001009785,NLIC,50,34,13,"1,270.00","16,510.00"
2019-04-30,2019043001009784,NLIC,32,34,14,"1,271.00","17,794.00"
2019-04-30,2019043001009841,NLIC,38,1,17,"1,270.00","21,590.00"
2019-04-30,2019043001009837,NLIC,36,13,237,"1,275.00","302,175.00"
2019-04-30,2019043001009836,NLIC,36,58,63,"1,272.00","80,136.00"
2019-04-30,2019043001009835,NLIC,38,46,17,"1,270.00","21,590.00"
2019-04-30,2019043001009822,NLIC,55,13,400,"1,275.00","510,000.00"
2019-04-30,2019043001009814,NLIC,38,32,42,"1,270.00","53,340.00"
2019-04-30,2019043001009892,NLIC,50,54,187,"1,274.00","238,238.00"
2019-04-30,2019043001009859,NLIC,57,17,17,"1,270.00","21,590.00"
2019-04-30,2019043001009855,NLIC,57,32,43,"1,270.00","54,610.00"
2019-04-30,2019043001009854,NLIC,36,32,24,"1,270.00","30,480.00"
2019-04-30,2019043001009850,NLIC,36,50,26,"1,270.00","33,020.00"
2019-04-30,2019043001009849,NLIC,38,50,24,"1,270.00","30,480.00"
2019-04-30,2019043001009910,NLIC,19,13,23,"1,275.00","29,325.00"
2019-04-30,2019043001009909,NLIC,34,48,234,"1,271.00","297,414.00"
2019-04-30,2019043001009903,NLIC,34,17,63,"1,271.00","80,073.00"
2019-04-30,2019043001009902,NLIC,42,17,37,"1,272.00","47,064.00"
2019-04-30,2019043001009901,NLIC,42,32,67,"1,272.00","85,224.00"
2019-04-30,2019043001009895,NLIC,42,56,96,"1,272.00","122,112.00"
2019-04-30,2019043001009929,NLIC,21,32,20,"1,272.00","25,440.00"
2019-04-30,2019043001009928,NLIC,35,49,72,"1,275.00","91,800.00"
2019-04-30,2019043001009927,NLIC,35,49,28,"1,275.00","35,700.00"
2019-04-30,2019043001009925,NLIC,37,49,177,"1,275.00","225,675.00"
2019-04-30,2019043001009924,NLIC,37,41,123,"1,275.00","156,825.00"
2019-04-30,2019043001009911,NLIC,19,41,77,"1,275.00","98,175.00"
2019-04-30,2019043001009961,NLIC,52,49,168,"1,275.00","214,200.00"
2019-04-30,2019043001009959,NLIC,48,49,150,"1,275.00","191,250.00"
2019-04-30,2019043001009944,NLIC,25,17,17,"1,272.00","21,624.00"
2019-04-30,2019043001009941,NLIC,18,49,10,"1,275.00","12,750.00"
2019-04-30,2019043001009940,NLIC,25,41,17,"1,272.00","21,624.00"
2019-04-30,2019043001009930,NLIC,25,32,47,"1,272.00","59,784.00"
2019-04-30,2019043001009999,NLIC,4,50,40,"1,275.00","51,000.00"
2019-04-30,2019043001009982,NLIC,34,17,17,"1,271.00","21,607.00"
2019-04-30,2019043001009978,NLIC,34,32,37,"1,271.00","47,027.00"
2019-04-30,2019043001009977,NLIC,34,32,30,"1,272.00","38,160.00"
2019-04-30,2019043001009972,NLIC,25,41,17,"1,272.00","21,624.00"
2019-04-30,2019043001009962,NLIC,52,50,32,"1,275.00","40,800.00"
2019-04-30,2019043001010015,NLIC,39,8,24,"1,275.00","30,600.00"
2019-04-30,2019043001010014,NLIC,4,8,250,"1,275.00","318,750.00"
2019-04-30,2019043001010013,NLIC,4,50,50,"1,275.00","63,750.00"
2019-04-30,2019043001010002,NLIC,18,28,30,"1,276.00","38,280.00"
2019-04-30,2019043001010001,NLIC,18,28,370,"1,276.00","472,120.00"
2019-04-30,2019043001010000,NLIC,4,26,10,"1,275.00","12,750.00"
2019-04-30,2019043001010060,NLIC,17,57,100,"1,275.00","127,500.00"
2019-04-30,2019043001010041,NLIC,19,8,16,"1,275.00","20,400.00"
2019-04-30,2019043001010036,NLIC,39,8,10,"1,275.00","12,750.00"
2019-04-30,2019043001010033,NLIC,1,8,90,"1,275.00","114,750.00"
2019-04-30,2019043001010029,NLIC,34,8,10,"1,275.00","12,750.00"
2019-04-30,2019043001010028,NLIC,52,8,100,"1,275.00","127,500.00"
2019-04-30,2019043001009898,NLICL,14,5,50,670.00,"33,500.00"
2019-04-30,2019043001009897,NLICL,25,5,80,670.00,"53,600.00"
2019-04-30,2019043001009896,NLICL,28,5,370,670.00,"247,900.00"
2019-04-30,2019043001009857,NMB,33,49,500,386.00,"193,000.00"
2019-04-30,2019043001009759,NMBMF,56,14,30,996.00,"29,880.00"
2019-04-30,2019043001009758,NMBMF,45,14,20,996.00,"19,920.00"
2019-04-30,2019043001009757,NMBMF,5,14,50,997.00,"49,850.00"
2019-04-30,2019043001009756,NMBMF,5,14,50,998.00,"49,900.00"
2019-04-30,2019043001009755,NMBMF,5,14,50,"1,000.00","50,000.00"
2019-04-30,2019043001009858,NMFBS,45,14,10,"1,739.00","17,390.00"
2019-04-30,2019043001009657,NMFBS,14,14,53,"1,715.00","90,895.00"
2019-04-30,2019043001009656,NMFBS,33,14,10,"1,715.00","17,150.00"
2019-04-30,2019043001009831,NUBL,54,52,150,884.00,"132,600.00"
2019-04-30,2019043001009830,NUBL,46,52,50,885.00,"44,250.00"
2019-04-30,2019043001010072,OHL,16,42,10,518.00,"5,180.00"
2019-04-30,2019043001009727,OHL,5,58,200,508.00,"101,600.00"
2019-04-30,2019043001009726,OHL,59,58,268,508.00,"136,144.00"
2019-04-30,2019043001009725,OHL,16,58,10,518.00,"5,180.00"
2019-04-30,2019043001009799,PCBL,49,55,402,353.00,"141,906.00"
2019-04-30,2019043001009798,PCBL,55,55,"3,000",353.00,"1,059,000.00"
2019-04-30,2019043001009797,PCBL,44,55,500,353.00,"176,500.00"
2019-04-30,2019043001009796,PCBL,34,55,"1,000",353.00,"353,000.00"
2019-04-30,2019043001009795,PCBL,16,55,200,353.00,"70,600.00"
2019-04-30,2019043001009794,PCBL,11,55,"1,000",353.00,"353,000.00"
2019-04-30,2019043001009793,PCBL,40,55,500,354.00,"177,000.00"
2019-04-30,2019043001009792,PCBL,51,55,898,354.00,"317,892.00"
2019-04-30,2019043001009981,PFL,59,25,500,138.00,"69,000.00"
2019-04-30,2019043001009980,PFL,59,6,13,138.00,"1,794.00"
2019-04-30,2019043001009914,PIC,7,35,11,"1,076.00","11,836.00"
2019-04-30,2019043001009575,PIC,7,47,113,"1,076.00","121,588.00"
2019-04-30,2019043001009869,PICL,26,49,215,724.00,"155,660.00"
2019-04-30,2019043001009868,PICL,49,49,50,725.00,"36,250.00"
2019-04-30,2019043001009867,PICL,6,49,35,725.00,"25,375.00"
2019-04-30,2019043001009866,PICL,1,49,50,727.00,"36,350.00"
2019-04-30,2019043001009865,PICL,5,49,50,727.00,"36,350.00"
2019-04-30,2019043001009770,PLIC,52,34,290,495.00,"143,550.00"
2019-04-30,2019043001009769,PLIC,44,34,190,495.00,"94,050.00"
2019-04-30,2019043001009768,PLIC,13,34,20,496.00,"9,920.00"
2019-04-30,2019043001009700,PMHPL,22,32,180,113.00,"20,340.00"
2019-04-30,2019043001009579,PMHPL,45,29,10,112.00,"1,120.00"
2019-04-30,2019043001009990,PRIN,19,45,453,435.00,"197,055.00"
2019-04-30,2019043001009989,PRIN,19,59,47,435.00,"20,445.00"
2019-04-30,2019043001009789,PRIN,6,58,100,433.00,"43,300.00"
2019-04-30,2019043001009788,PRIN,35,58,200,433.00,"86,600.00"
2019-04-30,2019043001009651,PRIN,22,59,10,435.00,"4,350.00"
2019-04-30,2019043001009650,PRIN,51,59,100,435.00,"43,500.00"
2019-04-30,2019043001009649,PRIN,21,59,100,435.00,"43,500.00"
2019-04-30,2019043001009624,PRIN,54,36,50,436.00,"21,800.00"
2019-04-30,2019043001010025,PRVU,14,25,"1,000",288.00,"288,000.00"
2019-04-30,2019043001010024,PRVU,14,40,241,288.00,"69,408.00"
2019-04-30,2019043001009997,PRVU,46,40,24,288.00,"6,912.00"
2019-04-30,2019043001009891,PRVU,56,18,40,287.00,"11,480.00"
2019-04-30,2019043001009809,PRVU,44,40,200,288.00,"57,600.00"
2019-04-30,2019043001009808,PRVU,44,34,800,288.00,"230,400.00"
2019-04-30,2019043001009783,PRVU,56,18,50,287.00,"14,350.00"
2019-04-30,2019043001009951,RBCL,3,34,10,"9,646.00","96,460.00"
2019-04-30,2019043001009638,RHPC,35,7,19,97.00,"1,843.00"
2019-04-30,2019043001009637,RHPC,35,14,12,97.00,"1,164.00"
2019-04-30,2019043001009636,RHPC,35,7,19,97.00,"1,843.00"
2019-04-30,2019043001009623,RHPC,49,35,10,96.00,960.00
2019-04-30,2019043001009889,RLFL,52,58,"1,000",120.00,"120,000.00"
2019-04-30,2019043001009888,RLFL,35,58,90,120.00,"10,800.00"
2019-04-30,2019043001009887,RLFL,42,58,200,120.00,"24,000.00"
2019-04-30,2019043001009886,RLFL,52,58,839,121.00,"101,519.00"
2019-04-30,2019043001009664,RLFL,52,38,161,121.00,"19,481.00"
2019-04-30,2019043001009818,SAEF,34,10,"2,000",9.89,"19,780.00"
2019-04-30,2019043001010026,SANIMA,14,22,50,357.00,"17,850.00"
2019-04-30,2019043001009956,SANIMA,33,32,210,355.00,"74,550.00"
2019-04-30,2019043001009810,SANIMA,56,32,200,355.00,"71,000.00"
2019-04-30,2019043001010058,SBI,45,43,401,481.00,"192,881.00"
2019-04-30,2019043001010057,SBI,58,43,500,481.00,"240,500.00"
2019-04-30,2019043001010056,SBI,41,43,99,481.00,"47,619.00"
2019-04-30,2019043001010032,SBI,41,6,101,481.00,"48,581.00"
2019-04-30,2019043001010031,SBI,53,6,10,484.00,"4,840.00"
2019-04-30,2019043001009863,SBI,46,6,45,485.00,"21,825.00"
2019-04-30,2019043001009862,SBI,46,6,55,485.00,"26,675.00"
2019-04-30,2019043001010071,SBL,56,34,200,346.00,"69,200.00"
2019-04-30,2019043001009971,SBL,16,38,39,344.00,"13,416.00"
2019-04-30,2019043001009970,SBL,34,38,23,345.00,"7,935.00"
2019-04-30,2019043001009913,SBL,34,38,77,345.00,"26,565.00"
2019-04-30,2019043001009912,SBL,17,38,112,345.00,"38,640.00"
2019-04-30,2019043001009872,SBL,17,38,"1,100",345.00,"379,500.00"
2019-04-30,2019043001009610,SBL,14,22,500,345.00,"172,500.00"
2019-04-30,2019043001009609,SBL,25,22,50,345.00,"17,250.00"
2019-04-30,2019043001009608,SBL,25,22,208,345.00,"71,760.00"
2019-04-30,2019043001009586,SBL,25,38,42,345.00,"14,490.00"
2019-04-30,2019043001009585,SBL,43,38,108,345.00,"37,260.00"
2019-04-30,2019043001009718,SBL,17,38,60,345.00,"20,700.00"
2019-04-30,2019043001009667,SBL,17,38,63,345.00,"21,735.00"
2019-04-30,2019043001009642,SBL,17,38,31,345.00,"10,695.00"
2019-04-30,2019043001009613,SBL,17,38,100,345.00,"34,500.00"
2019-04-30,2019043001009612,SBL,17,22,142,345.00,"48,990.00"
2019-04-30,2019043001009611,SBL,25,22,100,345.00,"34,500.00"
2019-04-30,2019043001009842,SBL,17,38,70,345.00,"24,150.00"
2019-04-30,2019043001009817,SBL,17,44,100,345.00,"34,500.00"
2019-04-30,2019043001009811,SBL,17,38,32,345.00,"11,040.00"
2019-04-30,2019043001009791,SBL,17,38,40,345.00,"13,800.00"
2019-04-30,2019043001009771,SBL,17,38,70,345.00,"24,150.00"
2019-04-30,2019043001009735,SBL,17,38,80,345.00,"27,600.00"
2019-04-30,2019043001009945,SCB,50,58,50,705.00,"35,250.00"
2019-04-30,2019043001009744,SCB,14,58,50,704.00,"35,200.00"
2019-04-30,2019043001010046,SEF,26,1,"1,000",9.76,"9,760.00"
2019-04-30,2019043001010016,SEF,26,1,"1,000",9.76,"9,760.00"
2019-04-30,2019043001009985,SEF,26,1,"1,000",9.76,"9,760.00"
2019-04-30,2019043001010054,SHINE,45,16,100,254.00,"25,400.00"
2019-04-30,2019043001010053,SHINE,33,41,119,253.00,"30,107.00"
2019-04-30,2019043001009803,SHIVM,50,41,80,328.00,"26,240.00"
2019-04-30,2019043001009802,SHIVM,50,35,120,327.00,"39,240.00"
2019-04-30,2019043001009731,SHIVM,50,21,15,325.00,"4,875.00"
2019-04-30,2019043001009666,SHIVM,45,35,480,327.00,"156,960.00"
2019-04-30,2019043001009654,SHIVM,45,21,10,327.00,"3,270.00"
2019-04-30,2019043001009701,SHL,57,49,"10,000",230.00,"2,300,000.00"
2019-04-30,2019043001009853,SHPC,48,40,26,276.00,"7,176.00"
2019-04-30,2019043001009790,SHPC,48,40,26,276.00,"7,176.00"
2019-04-30,2019043001009728,SHPC,48,40,26,276.00,"7,176.00"
2019-04-30,2019043001009703,SHPC,48,11,"4,000",276.00,"1,104,000.00"
2019-04-30,2019043001009922,SICL,40,33,25,915.00,"22,875.00"
2019-04-30,2019043001009921,SICL,40,44,75,914.00,"68,550.00"
2019-04-30,2019043001009988,SKBBL,37,29,62,"1,023.00","63,426.00"
2019-04-30,2019043001009968,SKBBL,37,38,56,"1,023.00","57,288.00"
2019-04-30,2019043001009894,SKBBL,5,56,10,"1,023.00","10,230.00"
2019-04-30,2019043001009870,SKBBL,17,56,155,"1,023.00","158,565.00"
2019-04-30,2019043001009832,SKBBL,17,56,125,"1,023.00","127,875.00"
2019-04-30,2019043001009584,SKBBL,17,21,20,"1,023.00","20,460.00"
2019-04-30,2019043001009583,SKBBL,22,21,50,"1,023.00","51,150.00"
2019-04-30,2019043001009582,SKBBL,45,21,10,"1,024.00","10,240.00"
2019-04-30,2019043001009581,SKBBL,5,21,20,"1,024.00","20,480.00"
2019-04-30,2019043001010012,SLBBL,5,57,64,510.00,"32,640.00"
2019-04-30,2019043001010011,SLBBL,41,57,30,510.00,"15,300.00"
2019-04-30,2019043001010010,SLBBL,7,57,20,511.00,"10,220.00"
2019-04-30,2019043001009846,SLBBL,32,36,100,518.00,"51,800.00"
2019-04-30,2019043001009821,SLBBL,57,58,12,520.00,"6,240.00"
2019-04-30,2019043001010009,SLBBL,26,57,150,512.00,"76,800.00"
2019-04-30,2019043001010008,SLBBL,17,57,100,513.00,"51,300.00"
2019-04-30,2019043001010007,SLBBL,5,57,100,515.00,"51,500.00"
2019-04-30,2019043001009923,SLBSL,22,17,10,643.00,"6,430.00"
2019-04-30,2019043001009834,SLICL,5,38,10,573.00,"5,730.00"
2019-04-30,2019043001009833,SLICL,5,13,40,570.00,"22,800.00"
2019-04-30,2019043001009763,SLICL,49,47,78,566.00,"44,148.00"
2019-04-30,2019043001009661,SMATA,41,57,10,"1,249.00","12,490.00"
2019-04-30,2019043001010052,SRBL,28,43,100,262.00,"26,200.00"
2019-04-30,2019043001010030,SRBL,38,43,839,261.00,"218,979.00"
2019-04-30,2019043001009987,SRBL,52,51,100,260.00,"26,000.00"
2019-04-30,2019043001009986,SRBL,55,51,400,260.00,"104,000.00"
2019-04-30,2019043001009920,SRBL,55,17,100,260.00,"26,000.00"
2019-04-30,2019043001009919,SRBL,34,17,150,260.00,"39,000.00"
2019-04-30,2019043001009730,SRBL,56,43,161,261.00,"42,021.00"
2019-04-30,2019043001009729,SRBL,56,33,39,261.00,"10,179.00"
2019-04-30,2019043001009953,SWBBL,49,35,100,920.00,"92,000.00"
2019-04-30,2019043001010051,UIC,22,4,10,957.00,"9,570.00"
2019-04-30,2019043001010050,UIC,38,4,40,957.00,"38,280.00"
2019-04-30,2019043001010074,UMHL,52,16,314,119.00,"37,366.00"
2019-04-30,2019043001010034,UMHL,52,16,200,119.00,"23,800.00"
2019-04-30,2019043001009760,UMHL,52,59,190,117.00,"22,230.00"
2019-04-30,2019043001010070,UPPER,58,56,30,244.00,"7,320.00"
2019-04-30,2019043001010027,UPPER,41,56,10,244.00,"2,440.00"
2019-04-30,2019043001010017,UPPER,49,56,10,244.00,"2,440.00"
2019-04-30,2019043001009875,UPPER,14,29,28,243.00,"6,804.00"
2019-04-30,2019043001009762,UPPER,14,58,372,243.00,"90,396.00"
2019-04-30,2019043001009588,UPPER,28,41,"1,600",243.00,"388,800.00"
2019-04-30,2019043001009947,UPPER,34,56,46,244.00,"11,224.00"
2019-04-30,2019043001009946,UPPER,34,37,"1,000",244.00,"244,000.00"
2019-04-30,2019043001009876,UPPER,34,29,"1,015",242.00,"245,630.00"
2019-04-30,2019043001009514,ADBL,56,38,66,388.00,"25,608.00"
2019-04-30,2019043001009513,ADBL,56,41,434,388.00,"168,392.00"
2019-04-30,2019043001009426,ADBL,58,41,106,388.00,"41,128.00"
2019-04-30,2019043001009227,ADBL,58,43,349,388.00,"135,412.00"
2019-04-30,2019043001009226,ADBL,44,43,251,389.00,"97,639.00"
2019-04-30,2019043001009391,AHPC,48,26,200,113.00,"22,600.00"
2019-04-30,2019043001009359,AHPC,48,22,200,113.00,"22,600.00"
2019-04-30,2019043001009334,AHPC,48,39,200,113.00,"22,600.00"
2019-04-30,2019043001009332,AHPC,48,45,"1,000",113.00,"113,000.00"
2019-04-30,2019043001009320,AHPC,48,45,"1,000",113.00,"113,000.00"
2019-04-30,2019043001009290,AHPC,48,52,"1,000",113.00,"113,000.00"
2019-04-30,2019043001009137,AHPC,48,36,"1,014",110.00,"111,540.00"
2019-04-30,2019043001009241,AHPC,48,22,300,111.00,"33,300.00"
2019-04-30,2019043001009240,AHPC,48,44,"1,000",111.00,"111,000.00"
2019-04-30,2019043001009239,AHPC,48,28,500,111.00,"55,500.00"
2019-04-30,2019043001009167,AHPC,29,28,"2,500",111.00,"277,500.00"
2019-04-30,2019043001009139,AHPC,48,46,200,110.00,"22,000.00"
2019-04-30,2019043001009138,AHPC,48,45,20,110.00,"2,200.00"
2019-04-30,2019043001009247,AHPC,48,57,500,112.00,"56,000.00"
2019-04-30,2019043001009246,AHPC,48,58,"1,000",112.00,"112,000.00"
2019-04-30,2019043001009245,AHPC,48,10,"1,000",112.00,"112,000.00"
2019-04-30,2019043001009244,AHPC,48,43,500,112.00,"56,000.00"
2019-04-30,2019043001009243,AHPC,48,13,460,112.00,"51,520.00"
2019-04-30,2019043001009242,AHPC,48,45,900,111.00,"99,900.00"
2019-04-30,2019043001009253,AHPC,48,17,"1,000",113.00,"113,000.00"
2019-04-30,2019043001009252,AHPC,48,47,"1,000",113.00,"113,000.00"
2019-04-30,2019043001009251,AHPC,48,56,100,113.00,"11,300.00"
2019-04-30,2019043001009250,AHPC,48,45,"1,000",113.00,"113,000.00"
2019-04-30,2019043001009249,AHPC,48,34,500,113.00,"56,500.00"
2019-04-30,2019043001009248,AHPC,48,29,500,112.00,"56,000.00"
2019-04-30,2019043001009259,AHPC,48,37,65,113.00,"7,345.00"
2019-04-30,2019043001009258,AHPC,48,53,"1,215",113.00,"137,295.00"
2019-04-30,2019043001009257,AHPC,48,37,"1,000",113.00,"113,000.00"
2019-04-30,2019043001009256,AHPC,48,21,200,113.00,"22,600.00"
2019-04-30,2019043001009255,AHPC,48,25,"1,000",113.00,"113,000.00"
2019-04-30,2019043001009254,AHPC,48,42,"1,000",113.00,"113,000.00"
2019-04-30,2019043001009189,AKJCL,57,47,10,80.00,800.00
2019-04-30,2019043001009188,AKJCL,57,56,10,80.00,800.00
2019-04-30,2019043001009524,AKPL,58,41,20,191.00,"3,820.00"
2019-04-30,2019043001009416,AKPL,38,53,670,188.00,"125,960.00"
2019-04-30,2019043001009415,AKPL,38,53,"2,000",188.00,"376,000.00"
2019-04-30,2019043001009414,AKPL,38,52,155,188.00,"29,140.00"
2019-04-30,2019043001009413,AKPL,38,13,50,186.00,"9,300.00"
2019-04-30,2019043001009347,AKPL,38,28,"1,901",185.00,"351,685.00"
2019-04-30,2019043001009346,AKPL,38,19,170,184.00,"31,280.00"
2019-04-30,2019043001009345,AKPL,38,44,99,184.00,"18,216.00"
2019-04-30,2019043001009344,AKPL,38,48,30,182.00,"5,460.00"
2019-04-30,2019043001009279,ALBSL,11,50,10,471.00,"4,710.00"
2019-04-30,2019043001009229,ALBSL,11,7,10,471.00,"4,710.00"
2019-04-30,2019043001009260,ALICL,40,37,50,449.00,"22,450.00"
2019-04-30,2019043001009525,API,25,39,261,138.00,"36,018.00"
2019-04-30,2019043001009516,API,25,47,105,139.00,"14,595.00"
2019-04-30,2019043001009472,API,25,19,788,138.00,"108,744.00"
2019-04-30,2019043001009471,API,25,26,400,138.00,"55,200.00"
2019-04-30,2019043001009470,API,25,7,51,137.00,"6,987.00"
2019-04-30,2019043001009272,API,54,42,11,136.00,"1,496.00"
2019-04-30,2019043001009360,BOKL,1,22,36,287.00,"10,332.00"
2019-04-30,2019043001009356,BOKL,52,22,54,285.00,"15,390.00"
2019-04-30,2019043001009355,BOKL,14,22,200,285.00,"57,000.00"
2019-04-30,2019043001009354,BOKL,49,22,200,285.00,"57,000.00"
2019-04-30,2019043001009353,BOKL,1,22,300,285.00,"85,500.00"
2019-04-30,2019043001009352,BOKL,55,22,321,285.00,"91,485.00"
2019-04-30,2019043001009177,BOKL,55,43,179,285.00,"51,015.00"
2019-04-30,2019043001009176,BOKL,7,43,321,285.00,"91,485.00"
2019-04-30,2019043001009364,BPCL,7,49,55,386.00,"21,230.00"
2019-04-30,2019043001009357,BPCL,7,36,11,386.00,"4,246.00"
2019-04-30,2019043001009195,BPCL,25,49,45,392.00,"17,640.00"
2019-04-30,2019043001009143,CBBL,25,53,35,968.00,"33,880.00"
2019-04-30,2019043001009098,CBBL,5,53,40,968.00,"38,720.00"
2019-04-30,2019043001009091,CBBL,5,21,10,968.00,"9,680.00"
2019-04-30,2019043001009076,CBBL,6,57,50,969.00,"48,450.00"
2019-04-30,2019043001009498,CBL,50,22,354,155.00,"54,870.00"
2019-04-30,2019043001009497,CBL,11,22,100,155.00,"15,500.00"
2019-04-30,2019043001009496,CBL,47,22,46,155.00,"7,130.00"
2019-04-30,2019043001009367,CBL,47,43,54,155.00,"8,370.00"
2019-04-30,2019043001009366,CBL,34,43,846,155.00,"131,130.00"
2019-04-30,2019043001009365,CBL,37,43,100,155.00,"15,500.00"
2019-04-30,2019043001009335,CBL,34,17,104,155.00,"16,120.00"
2019-04-30,2019043001009210,CBL,43,50,20,156.00,"3,120.00"
2019-04-30,2019043001009565,CCBL,10,43,25,175.00,"4,375.00"
2019-04-30,2019043001009564,CCBL,10,42,100,175.00,"17,500.00"
2019-04-30,2019043001009341,CCBL,59,50,152,173.00,"26,296.00"
2019-04-30,2019043001009340,CCBL,19,50,100,173.00,"17,300.00"
2019-04-30,2019043001009339,CCBL,45,50,10,173.00,"1,730.00"
2019-04-30,2019043001009338,CCBL,32,50,288,173.00,"49,824.00"
2019-04-30,2019043001009102,CCBL,48,35,"1,000",173.00,"173,000.00"
2019-04-30,2019043001009101,CCBL,59,35,527,173.00,"91,171.00"
2019-04-30,2019043001009331,CCBL,59,39,145,174.00,"25,230.00"
2019-04-30,2019043001009157,CCBL,32,20,39,173.00,"6,747.00"
2019-04-30,2019043001009128,CCBL,32,35,673,173.00,"116,429.00"
2019-04-30,2019043001009127,CCBL,41,35,"1,000",173.00,"173,000.00"
2019-04-30,2019043001009126,CCBL,37,35,527,173.00,"91,171.00"
2019-04-30,2019043001009103,CCBL,37,35,473,173.00,"81,829.00"
2019-04-30,2019043001009487,CHCL,32,11,300,572.00,"171,600.00"
2019-04-30,2019043001009486,CHCL,32,38,22,570.00,"12,540.00"
2019-04-30,2019043001009232,CHCL,56,57,35,569.00,"19,915.00"
2019-04-30,2019043001009194,CHCL,25,38,20,570.00,"11,400.00"
2019-04-30,2019043001009378,CIT,50,5,60,"2,502.00","150,120.00"
2019-04-30,2019043001009199,CIT,25,49,32,"2,501.00","80,032.00"
2019-04-30,2019043001009198,CIT,51,49,18,"2,501.00","45,018.00"
2019-04-30,2019043001009469,CZBIL,51,29,10,228.00,"2,280.00"
2019-04-30,2019043001009375,CZBIL,51,33,10,228.00,"2,280.00"
2019-04-30,2019043001009311,CZBIL,51,43,800,228.00,"182,400.00"
2019-04-30,2019043001009310,CZBIL,33,43,"1,000",228.00,"228,000.00"
2019-04-30,2019043001009309,CZBIL,21,43,100,228.00,"22,800.00"
2019-04-30,2019043001009308,CZBIL,51,43,100,228.00,"22,800.00"
2019-04-30,2019043001009084,CZBIL,51,57,400,228.00,"91,200.00"
2019-04-30,2019043001009083,CZBIL,58,57,50,228.00,"11,400.00"
2019-04-30,2019043001009082,CZBIL,29,57,100,228.00,"22,800.00"
2019-04-30,2019043001009081,CZBIL,45,57,"2,000",228.00,"456,000.00"
2019-04-30,2019043001009080,CZBIL,56,57,50,228.00,"11,400.00"
2019-04-30,2019043001009447,DDBL,26,22,96,727.00,"69,792.00"
2019-04-30,2019043001009538,EBL,45,1,100,665.00,"66,500.00"
2019-04-30,2019043001009158,EDBL,43,17,50,312.00,"15,600.00"
2019-04-30,2019043001009170,EIC,40,38,53,462.00,"24,486.00"
2019-04-30,2019043001009468,GBBL,21,50,500,219.00,"109,500.00"
2019-04-30,2019043001009169,GBBL,21,54,332,218.00,"72,376.00"
2019-04-30,2019043001009568,GBIME,29,34,100,314.00,"31,400.00"
2019-04-30,2019043001009567,GBIME,29,39,100,314.00,"31,400.00"
2019-04-30,2019043001009566,GBIME,29,33,696,314.00,"218,544.00"
2019-04-30,2019043001009519,GBIME,29,57,18,313.00,"5,634.00"
2019-04-30,2019043001009425,GBIME,19,57,100,313.00,"31,300.00"
2019-04-30,2019043001009377,GBIME,29,49,46,312.00,"14,352.00"
2019-04-30,2019043001009159,GBIME,35,34,577,312.00,"180,024.00"
2019-04-30,2019043001009165,GBIME,51,34,"1,500",312.00,"468,000.00"
2019-04-30,2019043001009164,GBIME,42,34,100,312.00,"31,200.00"
2019-04-30,2019043001009163,GBIME,1,34,200,312.00,"62,400.00"
2019-04-30,2019043001009162,GBIME,48,34,"1,000",312.00,"312,000.00"
2019-04-30,2019043001009161,GBIME,42,34,100,312.00,"31,200.00"
2019-04-30,2019043001009160,GBIME,45,34,500,312.00,"156,000.00"
2019-04-30,2019043001009376,GBIME,28,49,74,313.00,"23,162.00"
2019-04-30,2019043001009368,GBIME,28,51,26,313.00,"8,138.00"
2019-04-30,2019043001009363,GBIME,29,20,15,312.00,"4,680.00"
2019-04-30,2019043001009191,GBIME,57,51,60,313.00,"18,780.00"
2019-04-30,2019043001009190,GBIME,57,49,240,313.00,"75,120.00"
2019-04-30,2019043001009166,GBIME,29,34,323,312.00,"100,776.00"
2019-04-30,2019043001009374,GBLBS,28,29,100,367.00,"36,700.00"
2019-04-30,2019043001009385,GDBL,21,40,53,210.00,"11,130.00"
2019-04-30,2019043001009283,GDBL,49,40,"1,000",211.00,"211,000.00"
2019-04-30,2019043001009282,GDBL,28,40,"1,000",211.00,"211,000.00"
2019-04-30,2019043001009281,GDBL,21,40,164,211.00,"34,604.00"
2019-04-30,2019043001009203,GDBL,21,17,250,211.00,"52,750.00"
2019-04-30,2019043001009337,GLICL,34,17,24,566.00,"13,584.00"
2019-04-30,2019043001009220,GLICL,34,36,138,566.00,"78,108.00"
2019-04-30,2019043001009219,GLICL,53,36,100,566.00,"56,600.00"
2019-04-30,2019043001009499,GUFL,5,45,150,112.00,"16,800.00"
2019-04-30,2019043001009561,HBL,16,26,100,584.00,"58,400.00"
2019-04-30,2019043001009560,HBL,16,22,200,583.00,"116,600.00"
2019-04-30,2019043001009263,HBL,6,22,35,582.00,"20,370.00"
2019-04-30,2019043001009556,HGI,53,38,100,405.00,"40,500.00"
2019-04-30,2019043001009518,HGI,53,38,100,405.00,"40,500.00"
2019-04-30,2019043001009307,HIDCL,5,16,20,145.00,"2,900.00"
2019-04-30,2019043001009168,HIDCL,32,48,61,143.00,"8,723.00"
2019-04-30,2019043001009409,IGI,7,39,10,428.00,"4,280.00"
2019-04-30,2019043001009350,IGI,7,35,200,421.00,"84,200.00"
2019-04-30,2019043001009349,IGI,42,35,100,422.00,"42,200.00"
2019-04-30,2019043001009289,JBNL,28,13,100,200.00,"20,000.00"
2019-04-30,2019043001009440,KBL,43,49,76,225.00,"17,100.00"
2019-04-30,2019043001009439,KBL,52,49,100,225.00,"22,500.00"
2019-04-30,2019043001009438,KBL,58,49,100,225.00,"22,500.00"
2019-04-30,2019043001009437,KBL,42,49,100,225.00,"22,500.00"
2019-04-30,2019043001009436,KBL,16,49,100,225.00,"22,500.00"
2019-04-30,2019043001009435,KBL,55,49,"1,024",225.00,"230,400.00"
2019-04-30,2019043001009369,KBL,42,32,20,227.00,"4,540.00"
2019-04-30,2019043001009207,KBL,55,43,476,225.00,"107,100.00"
2019-04-30,2019043001009206,KBL,41,43,300,225.00,"67,500.00"
2019-04-30,2019043001009205,KBL,29,43,200,225.00,"45,000.00"
2019-04-30,2019043001009204,KBL,58,43,24,225.00,"5,400.00"
2019-04-30,2019043001009078,KBL,11,14,"1,811",226.00,"409,286.00"
2019-04-30,2019043001009527,KNBL,1,48,206,128.00,"26,368.00"
2019-04-30,2019043001009379,KSBBL,45,56,200,151.00,"30,200.00"
2019-04-30,2019043001009537,LGIL,16,14,891,522.00,"465,102.00"
2019-04-30,2019043001009536,LGIL,39,14,100,522.00,"52,200.00"
2019-04-30,2019043001009535,LGIL,50,14,500,522.00,"261,000.00"
2019-04-30,2019043001009534,LGIL,48,14,59,522.00,"30,798.00"
2019-04-30,2019043001009533,LGIL,5,14,200,523.00,"104,600.00"
2019-04-30,2019043001009532,LGIL,21,14,100,523.00,"52,300.00"
2019-04-30,2019043001009179,LICN,48,14,20,"1,875.00","37,500.00"
2019-04-30,2019043001009178,LICN,25,14,35,"1,875.00","65,625.00"
2019-04-30,2019043001009094,LLBS,13,35,50,815.00,"40,750.00"
2019-04-30,2019043001009563,MBL,43,17,491,264.00,"129,624.00"
2019-04-30,2019043001009373,MBL,43,13,127,264.00,"33,528.00"
2019-04-30,2019043001009131,MBL,43,57,150,264.00,"39,600.00"
2019-04-30,2019043001009130,MBL,18,57,500,264.00,"132,000.00"
2019-04-30,2019043001009129,MBL,36,57,250,264.00,"66,000.00"
2019-04-30,2019043001009119,MBL,36,50,250,264.00,"66,000.00"
2019-04-30,2019043001009562,MEGA,59,58,150,186.00,"27,900.00"
2019-04-30,2019043001009460,MEGA,59,32,78,186.00,"14,508.00"
2019-04-30,2019043001009459,MEGA,57,32,"1,243",186.00,"231,198.00"
2019-04-30,2019043001009458,MEGA,59,32,179,187.00,"33,473.00"
2019-04-30,2019043001009381,MEGA,59,45,200,187.00,"37,400.00"
2019-04-30,2019043001009333,MEGA,59,57,121,187.00,"22,627.00"
2019-04-30,2019043001009317,MEGA,17,57,79,187.00,"14,773.00"
2019-04-30,2019043001009316,MEGA,17,49,21,187.00,"3,927.00"
2019-04-30,2019043001009125,MEGA,10,49,400,187.00,"74,800.00"
2019-04-30,2019043001009180,MEGAPO,33,35,"15,000",110.00,"1,650,000.00"
2019-04-30,2019043001009319,MLBL,33,42,388,189.00,"73,332.00"
2019-04-30,2019043001009300,MNBBL,45,57,350,390.00,"136,500.00"
2019-04-30,2019043001009299,MNBBL,1,57,500,390.00,"195,000.00"
2019-04-30,2019043001009298,MNBBL,42,57,150,390.00,"58,500.00"
2019-04-30,2019043001009297,MNBBL,17,57,500,390.00,"195,000.00"
2019-04-30,2019043001009296,MNBBL,6,57,400,390.00,"156,000.00"
2019-04-30,2019043001009295,MNBBL,13,57,500,391.00,"195,500.00"
2019-04-30,2019043001009294,MNBBL,52,57,100,391.00,"39,100.00"
2019-04-30,2019043001009293,MNBBL,58,57,250,391.00,"97,750.00"
2019-04-30,2019043001009292,MNBBL,19,57,150,392.00,"58,800.00"
2019-04-30,2019043001009291,MNBBL,29,57,39,392.00,"15,288.00"
2019-04-30,2019043001009271,MSMBS,37,58,11,525.00,"5,775.00"
2019-04-30,2019043001009482,NABIL,49,45,40,856.00,"34,240.00"
2019-04-30,2019043001009421,NABIL,1,45,10,856.00,"8,560.00"
2019-04-30,2019043001009481,NABILP,1,52,520,834.00,"433,680.00"
2019-04-30,2019043001009077,NABILP,10,11,100,829.00,"82,900.00"
2019-04-30,2019043001009287,NBB,57,53,225,231.00,"51,975.00"
2019-04-30,2019043001009175,NBB,57,8,500,231.00,"115,500.00"
2019-04-30,2019043001009116,NBB,57,17,75,231.00,"17,325.00"
2019-04-30,2019043001009500,NBL,45,21,70,315.00,"22,050.00"
2019-04-30,2019043001009402,NBL,45,43,415,315.00,"130,725.00"
2019-04-30,2019043001009401,NBL,51,43,177,315.00,"55,755.00"
2019-04-30,2019043001009400,NBL,42,43,300,316.00,"94,800.00"
2019-04-30,2019043001009399,NBL,33,43,108,316.00,"34,128.00"
2019-04-30,2019043001009276,NBL,33,45,300,316.00,"94,800.00"
2019-04-30,2019043001009235,NBL,33,25,80,316.00,"25,280.00"
2019-04-30,2019043001009234,NBL,33,43,12,316.00,"3,792.00"
2019-04-30,2019043001009231,NBL,51,43,823,315.00,"259,245.00"
2019-04-30,2019043001009230,NBL,1,43,177,315.00,"55,755.00"
2019-04-30,2019043001009209,NBL,4,43,600,316.00,"189,600.00"
2019-04-30,2019043001009171,NBL,32,43,388,316.00,"122,608.00"
2019-04-30,2019043001009490,NCCB,51,57,73,237.00,"17,301.00"
2019-04-30,2019043001009489,NCCB,44,57,927,237.00,"219,699.00"
2019-04-30,2019043001009318,NCCB,44,35,"1,073",237.00,"254,301.00"
2019-04-30,2019043001009223,NCCB,8,35,500,237.00,"118,500.00"
2019-04-30,2019043001009134,NCCB,51,49,450,236.00,"106,200.00"
2019-04-30,2019043001009115,NCCB,52,35,427,237.00,"101,199.00"
2019-04-30,2019043001009113,NCCB,52,46,573,237.00,"135,801.00"
2019-04-30,2019043001009112,NCCB,40,46,400,237.00,"94,800.00"
2019-04-30,2019043001009111,NCCB,28,46,100,237.00,"23,700.00"
2019-04-30,2019043001009110,NCCB,1,46,427,237.00,"101,199.00"
2019-04-30,2019043001009491,NEF,44,57,"2,586",8.90,"23,015.40"
2019-04-30,2019043001009122,NGPL,29,46,200,122.00,"24,400.00"
2019-04-30,2019043001009121,NGPL,29,52,11,122.00,"1,342.00"
2019-04-30,2019043001009093,NGPL,19,45,11,120.00,"1,320.00"
2019-04-30,2019043001009280,NHPC,42,17,"1,490",72.00,"107,280.00"
2019-04-30,2019043001009520,NIB,45,34,43,567.00,"24,381.00"
2019-04-30,2019043001009480,NIB,57,55,250,568.00,"142,000.00"
2019-04-30,2019043001009479,NIB,6,55,90,568.00,"51,120.00"
2019-04-30,2019043001009478,NIB,39,55,100,568.00,"56,800.00"
2019-04-30,2019043001009477,NIB,32,55,50,568.00,"28,400.00"
2019-04-30,2019043001009476,NIB,51,55,500,568.00,"284,000.00"
2019-04-30,2019043001009361,NIB,16,34,43,569.00,"24,467.00"
2019-04-30,2019043001009336,NIB,16,34,43,569.00,"24,467.00"
2019-04-30,2019043001009302,NIB,16,34,43,569.00,"24,467.00"
2019-04-30,2019043001009275,NIB,16,34,123,569.00,"69,987.00"
2019-04-30,2019043001009274,NIB,51,34,50,569.00,"28,450.00"
2019-04-30,2019043001009273,NIB,11,34,50,569.00,"28,450.00"
2019-04-30,2019043001009475,NIB,43,55,80,568.00,"45,440.00"
2019-04-30,2019043001009474,NIB,6,55,50,569.00,"28,450.00"
2019-04-30,2019043001009473,NIB,16,55,119,569.00,"67,711.00"
2019-04-30,2019043001009461,NIB,16,34,43,569.00,"24,467.00"
2019-04-30,2019043001009422,NIB,16,34,43,569.00,"24,467.00"
2019-04-30,2019043001009395,NIB,16,34,43,569.00,"24,467.00"
2019-04-30,2019043001009446,NIBPO,52,8,209,540.00,"112,860.00"
2019-04-30,2019043001009507,NICA,1,14,500,493.00,"246,500.00"
2019-04-30,2019043001009506,NICA,41,14,30,493.00,"14,790.00"
2019-04-30,2019043001009505,NICA,53,14,500,493.00,"246,500.00"
2019-04-30,2019043001009504,NICA,53,14,360,493.00,"177,480.00"
2019-04-30,2019043001009485,NICA,53,10,40,493.00,"19,720.00"
2019-04-30,2019043001009484,NICA,53,10,160,493.00,"78,880.00"
2019-04-30,2019043001009406,NICA,6,29,339,495.00,"167,805.00"
2019-04-30,2019043001009405,NICA,6,54,10,495.00,"4,950.00"
2019-04-30,2019043001009404,NICA,6,14,51,495.00,"25,245.00"
2019-04-30,2019043001009343,NICA,6,50,100,494.00,"49,400.00"
2019-04-30,2019043001009306,NICA,53,5,16,493.00,"7,888.00"
2019-04-30,2019043001009106,NICGF,21,1,500,9.80,"4,900.00"
2019-04-30,2019043001009105,NICGF,21,1,500,9.80,"4,900.00"
2019-04-30,2019043001009104,NICGF,21,1,500,9.80,"4,900.00"
2019-04-30,2019043001009523,NICL,51,25,200,404.00,"80,800.00"
2019-04-30,2019043001009312,NICL,21,25,200,404.00,"80,800.00"
2019-04-30,2019043001009330,NLBBL,17,34,100,495.00,"49,500.00"
2019-04-30,2019043001009573,NLIC,28,13,17,"1,273.00","21,641.00"
2019-04-30,2019043001009542,NLIC,42,47,7,"1,275.00","8,925.00"
2019-04-30,2019043001009541,NLIC,42,32,43,"1,275.00","54,825.00"
2019-04-30,2019043001009540,NLIC,51,32,24,"1,275.00","30,600.00"
2019-04-30,2019043001009531,NLIC,51,46,84,"1,275.00","107,100.00"
2019-04-30,2019043001009530,NLIC,51,38,42,"1,275.00","53,550.00"
2019-04-30,2019043001009075,NLIC,40,8,100,"1,270.00","127,000.00"
2019-04-30,2019043001009117,NLIC,34,5,97,"1,271.00","123,287.00"
2019-04-30,2019043001009109,NLIC,49,5,100,"1,272.00","127,200.00"
2019-04-30,2019043001009108,NLIC,48,5,12,"1,272.00","15,264.00"
2019-04-30,2019043001009107,NLIC,48,14,17,"1,272.00","21,624.00"
2019-04-30,2019043001009086,NLIC,28,17,33,"1,273.00","42,009.00"
2019-04-30,2019043001009085,NLIC,28,41,17,"1,272.00","21,624.00"
2019-04-30,2019043001009147,NLIC,42,58,636,"1,274.00","810,264.00"
2019-04-30,2019043001009146,NLIC,42,57,17,"1,273.00","21,641.00"
2019-04-30,2019043001009145,NLIC,42,17,17,"1,273.00","21,641.00"
2019-04-30,2019043001009144,NLIC,45,35,17,"1,272.00","21,624.00"
2019-04-30,2019043001009141,NLIC,17,17,50,"1,273.00","63,650.00"
2019-04-30,2019043001009118,NLIC,17,5,70,"1,272.00","89,040.00"
2019-04-30,2019043001009181,NLIC,33,19,100,"1,275.00","127,500.00"
2019-04-30,2019043001009174,NLIC,35,19,20,"1,275.00","25,500.00"
2019-04-30,2019043001009155,NLIC,13,13,5,"1,250.00","6,250.00"
2019-04-30,2019043001009150,NLIC,42,19,165,"1,275.00","210,375.00"
2019-04-30,2019043001009149,NLIC,42,17,15,"1,275.00","19,125.00"
2019-04-30,2019043001009148,NLIC,42,6,350,"1,274.00","445,900.00"
2019-04-30,2019043001009196,NLIC,13,13,5,"1,250.00","6,250.00"
2019-04-30,2019043001009187,NLIC,6,58,5,"1,275.00","6,375.00"
2019-04-30,2019043001009186,NLIC,6,39,20,"1,275.00","25,500.00"
2019-04-30,2019043001009185,NLIC,6,38,10,"1,275.00","12,750.00"
2019-04-30,2019043001009184,NLIC,6,19,15,"1,275.00","19,125.00"
2019-04-30,2019043001009182,NLIC,45,19,50,"1,272.00","63,600.00"
2019-04-30,2019043001009233,NLIC,26,1,500,"1,275.00","637,500.00"
2019-04-30,2019043001009222,NLIC,26,5,100,"1,275.00","127,500.00"
2019-04-30,2019043001009221,NLIC,13,13,5,"1,250.00","6,250.00"
2019-04-30,2019043001009216,NLIC,26,10,100,"1,275.00","127,500.00"
2019-04-30,2019043001009215,NLIC,26,56,10,"1,275.00","12,750.00"
2019-04-30,2019043001009211,NLIC,13,13,5,"1,250.00","6,250.00"
2019-04-30,2019043001009268,NLIC,40,57,26,"1,277.00","33,202.00"
2019-04-30,2019043001009267,NLIC,40,42,24,"1,277.00","30,648.00"
2019-04-30,2019043001009265,NLIC,26,28,270,"1,275.00","344,250.00"
2019-04-30,2019043001009264,NLIC,38,28,100,"1,276.00","127,600.00"
2019-04-30,2019043001009238,NLIC,36,40,150,"1,276.00","191,400.00"
2019-04-30,2019043001009237,NLIC,36,42,24,"1,276.00","30,624.00"
2019-04-30,2019043001009313,NLIC,38,28,83,"1,276.00","105,908.00"
2019-04-30,2019043001009303,NLIC,38,29,17,"1,276.00","21,692.00"
2019-04-30,2019043001009288,NLIC,14,57,100,"1,277.00","127,700.00"
2019-04-30,2019043001009278,NLIC,49,57,50,"1,277.00","63,850.00"
2019-04-30,2019043001009270,NLIC,36,38,80,"1,275.00","102,000.00"
2019-04-30,2019043001009269,NLIC,26,38,20,"1,275.00","25,500.00"
2019-04-30,2019043001009342,NLIC,4,37,154,"1,275.00","196,350.00"
2019-04-30,2019043001009329,NLIC,36,28,117,"1,275.00","149,175.00"
2019-04-30,2019043001009328,NLIC,28,38,86,"1,273.00","109,478.00"
2019-04-30,2019043001009327,NLIC,17,38,50,"1,273.00","63,650.00"
2019-04-30,2019043001009315,NLIC,6,28,50,"1,275.00","63,750.00"
2019-04-30,2019043001009314,NLIC,36,28,120,"1,275.00","153,000.00"
2019-04-30,2019043001009382,NLIC,59,57,200,"1,277.00","255,400.00"
2019-04-30,2019043001009371,NLIC,33,58,17,"1,275.00","21,675.00"
2019-04-30,2019043001009370,NLIC,33,28,274,"1,275.00","349,350.00"
2019-04-30,2019043001009358,NLIC,4,28,96,"1,275.00","122,400.00"
2019-04-30,2019043001009351,NLIC,4,19,100,"1,275.00","127,500.00"
2019-04-30,2019043001009348,NLIC,44,57,13,"1,277.00","16,601.00"
2019-04-30,2019043001009396,NLIC,4,28,63,"1,275.00","80,325.00"
2019-04-30,2019043001009394,NLIC,28,39,24,"1,273.00","30,552.00"
2019-04-30,2019043001009393,NLIC,48,28,100,"1,275.00","127,500.00"
2019-04-30,2019043001009386,NLIC,14,28,207,"1,275.00","263,925.00"
2019-04-30,2019043001009384,NLIC,14,8,93,"1,275.00","118,575.00"
2019-04-30,2019043001009383,NLIC,25,8,10,"1,275.00","12,750.00"
2019-04-30,2019043001009434,NLIC,29,28,140,"1,275.00","178,500.00"
2019-04-30,2019043001009424,NLIC,14,28,100,"1,275.00","127,500.00"
2019-04-30,2019043001009423,NLIC,11,28,17,"1,275.00","21,675.00"
2019-04-30,2019043001009408,NLIC,11,42,13,"1,275.00","16,575.00"
2019-04-30,2019043001009407,NLIC,29,39,1,"1,275.00","1,275.00"
2019-04-30,2019043001009397,NLIC,4,42,37,"1,275.00","47,175.00"
2019-04-30,2019043001009465,NLIC,13,33,50,"1,276.00","63,800.00"
2019-04-30,2019043001009453,NLIC,50,49,200,"1,275.00","255,000.00"
2019-04-30,2019043001009452,NLIC,50,1,69,"1,275.00","87,975.00"
2019-04-30,2019043001009451,NLIC,50,28,73,"1,275.00","93,075.00"
2019-04-30,2019043001009448,NLIC,47,28,30,"1,275.00","38,250.00"
2019-04-30,2019043001009444,NLIC,42,28,10,"1,275.00","12,750.00"
2019-04-30,2019043001009494,NLIC,59,49,150,"1,276.00","191,400.00"
2019-04-30,2019043001009493,NLIC,59,42,50,"1,276.00","63,800.00"
2019-04-30,2019043001009492,NLIC,50,42,50,"1,276.00","63,800.00"
2019-04-30,2019043001009488,NLIC,35,57,400,"1,277.00","510,800.00"
2019-04-30,2019043001009467,NLIC,50,25,84,"1,276.00","107,184.00"
2019-04-30,2019043001009466,NLIC,50,33,33,"1,276.00","42,108.00"
2019-04-30,2019043001009529,NLIC,36,38,58,"1,275.00","73,950.00"
2019-04-30,2019043001009522,NLIC,36,8,42,"1,275.00","53,550.00"
2019-04-30,2019043001009521,NLIC,50,8,158,"1,275.00","201,450.00"
2019-04-30,2019043001009503,NLIC,56,57,166,"1,277.00","211,982.00"
2019-04-30,2019043001009502,NLIC,56,47,17,"1,276.00","21,692.00"
2019-04-30,2019043001009501,NLIC,56,13,17,"1,276.00","21,692.00"
2019-04-30,2019043001009433,NLICL,28,16,130,670.00,"87,100.00"
2019-04-30,2019043001009432,NLICL,4,16,100,670.00,"67,000.00"
2019-04-30,2019043001009431,NLICL,53,16,50,671.00,"33,550.00"
2019-04-30,2019043001009430,NLICL,8,16,100,671.00,"67,100.00"
2019-04-30,2019043001009429,NLICL,26,16,80,675.00,"54,000.00"
2019-04-30,2019043001009428,NLICL,22,16,200,676.00,"135,200.00"
2019-04-30,2019043001009305,NMB,28,57,51,385.00,"19,635.00"
2019-04-30,2019043001009304,NMB,58,57,45,385.00,"17,325.00"
2019-04-30,2019043001009266,NMB,58,57,25,385.00,"9,625.00"
2019-04-30,2019043001009201,NMB,58,39,30,385.00,"11,550.00"
2019-04-30,2019043001009200,NMB,57,39,70,385.00,"26,950.00"
2019-04-30,2019043001009124,NMB,38,34,"1,126",385.00,"433,510.00"
2019-04-30,2019043001009123,NMB,14,34,874,386.00,"337,364.00"
2019-04-30,2019043001009462,NUBL,46,21,100,885.00,"88,500.00"
2019-04-30,2019043001009419,OHL,59,59,132,508.00,"67,056.00"
2019-04-30,2019043001009418,OHL,42,59,200,509.00,"101,800.00"
2019-04-30,2019043001009417,OHL,5,59,50,509.00,"25,450.00"
2019-04-30,2019043001009156,OHL,16,50,190,510.00,"96,900.00"
2019-04-30,2019043001009572,PCBL,51,1,102,354.00,"36,108.00"
2019-04-30,2019043001009571,PCBL,52,1,500,354.00,"177,000.00"
2019-04-30,2019043001009570,PCBL,1,1,52,354.00,"18,408.00"
2019-04-30,2019043001009569,PCBL,28,1,835,354.00,"295,590.00"
2019-04-30,2019043001009558,PCBL,28,57,165,354.00,"58,410.00"
2019-04-30,2019043001009557,PCBL,11,57,85,354.00,"30,090.00"
2019-04-30,2019043001009228,PCBL,11,29,200,354.00,"70,800.00"
2019-04-30,2019043001009100,PCBL,11,40,260,354.00,"92,040.00"
2019-04-30,2019043001009090,PCBL,32,57,200,356.00,"71,200.00"
2019-04-30,2019043001009574,PIC,35,47,11,"1,078.00","11,858.00"
2019-04-30,2019043001009464,PIC,57,37,31,"1,078.00","33,418.00"
2019-04-30,2019043001009277,PIC,57,49,11,"1,078.00","11,858.00"
2019-04-30,2019043001009218,PIC,57,19,10,"1,078.00","10,780.00"
2019-04-30,2019043001009420,PLIC,44,53,10,495.00,"4,950.00"
2019-04-30,2019043001009390,PLIC,48,16,190,496.00,"94,240.00"
2019-04-30,2019043001009362,PLIC,17,16,10,496.00,"4,960.00"
2019-04-30,2019043001009262,PLIC,48,16,200,496.00,"99,200.00"
2019-04-30,2019043001009261,PLIC,1,16,200,496.00,"99,200.00"
2019-04-30,2019043001009554,PMHPL,59,32,260,113.00,"29,380.00"
2019-04-30,2019043001009528,PMHPL,59,40,300,113.00,"33,900.00"
2019-04-30,2019043001009441,PMHPL,59,29,10,113.00,"1,130.00"
2019-04-30,2019043001009114,PMHPL,59,45,10,113.00,"1,130.00"
2019-04-30,2019043001009388,PRIN,49,36,100,436.00,"43,600.00"
2019-04-30,2019043001009387,PRIN,17,36,379,436.00,"165,244.00"
2019-04-30,2019043001009197,PRIN,17,52,111,436.00,"48,396.00"
2019-04-30,2019043001009097,PRIN,17,34,10,436.00,"4,360.00"
2019-04-30,2019043001009555,PRVU,45,34,200,288.00,"57,600.00"
2019-04-30,2019043001009526,PRVU,36,42,21,289.00,"6,069.00"
2019-04-30,2019043001009389,PRVU,56,13,100,287.00,"28,700.00"
2019-04-30,2019043001009172,PRVU,25,1,300,287.00,"86,100.00"
2019-04-30,2019043001009217,PRVU,42,20,16,286.00,"4,576.00"
2019-04-30,2019043001009495,RBCLPO,21,56,15,"8,610.00","129,150.00"
2019-04-30,2019043001009120,RMDC,29,47,100,645.00,"64,500.00"
2019-04-30,2019043001009099,RRHP,56,58,10,97.00,970.00
2019-04-30,2019043001009449,SANIMA,28,32,90,355.00,"31,950.00"
2019-04-30,2019043001009326,SANIMA,33,34,"1,101",354.00,"389,754.00"
2019-04-30,2019043001009325,SANIMA,57,34,"2,000",354.00,"708,000.00"
2019-04-30,2019043001009324,SANIMA,50,34,200,354.00,"70,800.00"
2019-04-30,2019043001009323,SANIMA,33,34,300,355.00,"106,500.00"
2019-04-30,2019043001009322,SANIMA,57,34,"1,399",355.00,"496,645.00"
2019-04-30,2019043001009301,SBI,16,6,250,485.00,"121,250.00"
2019-04-30,2019043001009539,SBL,43,38,258,345.00,"89,010.00"
2019-04-30,2019043001009510,SBL,43,38,91,345.00,"31,395.00"
2019-04-30,2019043001009509,SBL,57,38,120,346.00,"41,520.00"
2019-04-30,2019043001009508,SBL,4,38,331,346.00,"114,526.00"
2019-04-30,2019043001009450,SBL,4,38,420,346.00,"145,320.00"
2019-04-30,2019043001009410,SBL,4,38,840,346.00,"290,640.00"
2019-04-30,2019043001009392,SBL,4,38,860,346.00,"297,560.00"
2019-04-30,2019043001009224,SBL,4,33,100,346.00,"34,600.00"
2019-04-30,2019043001009089,SCB,45,19,16,704.00,"11,264.00"
2019-04-30,2019043001009088,SCB,10,19,24,704.00,"16,896.00"
2019-04-30,2019043001009087,SCB,58,19,10,705.00,"7,050.00"
2019-04-30,2019043001009403,SFFIL,19,19,900,223.00,"200,700.00"
2019-04-30,2019043001009079,SFFIL,19,49,100,223.00,"22,300.00"
2019-04-30,2019043001009193,SHINE,33,40,229,253.00,"57,937.00"
2019-04-30,2019043001009192,SHINE,47,40,400,253.00,"101,200.00"
2019-04-30,2019043001009140,SHINEP,35,33,"27,488",130.00,"3,573,440.00"
2019-04-30,2019043001009553,SHIVM,45,33,50,327.00,"16,350.00"
2019-04-30,2019043001009552,SHIVM,45,46,50,327.00,"16,350.00"
2019-04-30,2019043001009551,SHIVM,45,26,"1,000",327.00,"327,000.00"
2019-04-30,2019043001009550,SHIVM,45,59,50,327.00,"16,350.00"
2019-04-30,2019043001009549,SHIVM,45,33,50,327.00,"16,350.00"
2019-04-30,2019043001009548,SHIVM,45,33,50,327.00,"16,350.00"
2019-04-30,2019043001009173,SHIVM,50,57,50,325.00,"16,250.00"
2019-04-30,2019043001009457,SHIVM,50,39,420,325.00,"136,500.00"
2019-04-30,2019043001009427,SHIVM,50,39,440,326.00,"143,440.00"
2019-04-30,2019043001009321,SHIVM,50,36,50,325.00,"16,250.00"
2019-04-30,2019043001009214,SHIVM,34,29,100,326.00,"32,600.00"
2019-04-30,2019043001009213,SHIVM,34,25,50,326.00,"16,300.00"
2019-04-30,2019043001009212,SHIVM,34,28,50,326.00,"16,300.00"
2019-04-30,2019043001009547,SHIVM,45,34,50,327.00,"16,350.00"
2019-04-30,2019043001009546,SHIVM,45,19,50,327.00,"16,350.00"
2019-04-30,2019043001009545,SHIVM,45,57,50,327.00,"16,350.00"
2019-04-30,2019043001009544,SHIVM,45,21,10,327.00,"3,270.00"
2019-04-30,2019043001009543,SHIVM,45,39,100,326.00,"32,600.00"
2019-04-30,2019043001009515,SHIVM,50,20,100,325.00,"32,500.00"
2019-04-30,2019043001009511,SHPC,48,40,26,276.00,"7,176.00"
2019-04-30,2019043001009445,SHPC,48,40,35,276.00,"9,660.00"
2019-04-30,2019043001009380,SHPC,48,57,10,276.00,"2,760.00"
2019-04-30,2019043001009236,SHPC,48,57,300,276.00,"82,800.00"
2019-04-30,2019043001009225,SHPC,48,35,500,276.00,"138,000.00"
2019-04-30,2019043001009183,SHPC,48,21,500,276.00,"138,000.00"
2019-04-30,2019043001009133,SHPC,48,57,811,276.00,"223,836.00"
2019-04-30,2019043001009095,SHPC,48,57,400,276.00,"110,400.00"
2019-04-30,2019043001009286,SIL,41,36,300,627.00,"188,100.00"
2019-04-30,2019043001009285,SIL,46,36,200,627.00,"125,400.00"
2019-04-30,2019043001009284,SIL,29,36,107,627.00,"67,089.00"
2019-04-30,2019043001009132,SIL,29,10,92,627.00,"57,684.00"
2019-04-30,2019043001009208,SKBBL,22,29,116,"1,025.00","118,900.00"
2019-04-30,2019043001009136,SKBBL,22,32,14,"1,025.00","14,350.00"
2019-04-30,2019043001009135,SKBBL,49,32,76,"1,026.00","77,976.00"
2019-04-30,2019043001009517,SLBBL,32,6,100,518.00,"51,800.00"
2019-04-30,2019043001009096,SLBBL,32,43,200,519.00,"103,800.00"
2019-04-30,2019043001009154,SLICL,5,13,10,570.00,"5,700.00"
2019-04-30,2019043001009153,SLICL,5,33,10,567.00,"5,670.00"
2019-04-30,2019043001009151,SRBL,26,33,36,261.00,"9,396.00"
2019-04-30,2019043001009372,UIC,39,42,60,959.00,"57,540.00"
2019-04-30,2019043001009559,UPPER,28,43,400,243.00,"97,200.00"
2019-04-30,2019043001009512,UPPER,34,1,97,242.00,"23,474.00"
2019-04-30,2019043001009483,UPPER,34,39,10,242.00,"2,420.00"
2019-04-30,2019043001009463,UPPER,34,49,50,242.00,"12,100.00"
2019-04-30,2019043001009456,UPPER,34,34,"2,782",242.00,"673,244.00"
2019-04-30,2019043001009142,UPPER,28,26,72,242.00,"17,424.00"
2019-04-30,2019043001009092,UPPER,28,32,40,242.00,"9,680.00"
2019-04-30,2019043001009398,UPPER,28,38,40,242.00,"9,680.00"
2019-04-30,2019043001009202,UPPER,28,48,40,242.00,"9,680.00"
2019-04-30,2019043001009152,UPPER,28,48,40,242.00,"9,680.00"
2019-04-30,2019043001009455,UPPER,1,34,210,242.00,"50,820.00"
2019-04-30,2019043001009454,UPPER,1,34,18,242.00,"4,356.00"
2019-04-30,2019043001009443,UPPER,1,22,82,242.00,"19,844.00"
2019-04-30,2019043001009442,UPPER,28,22,18,242.00,"4,356.00"
2019-04-30,2019043001009412,UPPER,58,34,"1,990",243.00,"483,570.00"
2019-04-30,2019043001009411,UPPER,58,38,10,243.00,"2,430.00"
2019-04-30,2019043001008880,ADBL,44,32,500,389.00,"194,500.00"
2019-04-30,2019043001008997,AHPC,7,28,500,109.00,"54,500.00"
2019-04-30,2019043001008996,AHPC,7,37,100,109.00,"10,900.00"
2019-04-30,2019043001008995,AHPC,7,43,"1,630",109.00,"177,670.00"
2019-04-30,2019043001008994,AHPC,7,48,440,108.00,"47,520.00"
2019-04-30,2019043001008737,AHPC,48,45,"2,502",107.00,"267,714.00"
2019-04-30,2019043001008666,AHPC,48,5,"1,000",107.00,"107,000.00"
2019-04-30,2019043001008586,AHPC,48,5,"4,000",107.00,"428,000.00"
2019-04-30,2019043001008688,AKPL,58,28,97,185.00,"17,945.00"
2019-04-30,2019043001008687,AKPL,58,7,90,181.00,"16,290.00"
2019-04-30,2019043001008686,AKPL,58,22,13,180.00,"2,340.00"
2019-04-30,2019043001008635,AKPL,7,52,20,178.00,"3,560.00"
2019-04-30,2019043001008588,AKPL,58,52,10,178.00,"1,780.00"
2019-04-30,2019043001008587,ALBSL,17,20,10,470.00,"4,700.00"
2019-04-30,2019043001008926,ALICL,40,40,31,449.00,"13,919.00"
2019-04-30,2019043001008721,ALICL,38,40,500,450.00,"225,000.00"
2019-04-30,2019043001008720,ALICL,39,40,50,450.00,"22,500.00"
2019-04-30,2019043001008719,ALICL,11,40,208,450.00,"93,600.00"
2019-04-30,2019043001008982,AMFI,17,38,10,590.00,"5,900.00"
2019-04-30,2019043001008751,API,25,26,100,138.00,"13,800.00"
2019-04-30,2019043001008695,API,42,59,500,136.00,"68,000.00"
2019-04-30,2019043001008694,API,6,59,457,136.00,"62,152.00"
2019-04-30,2019043001008650,API,25,26,100,138.00,"13,800.00"
2019-04-30,2019043001008804,BARUN,56,34,202,94.00,"18,988.00"
2019-04-30,2019043001008803,BARUN,56,34,192,94.00,"18,048.00"
2019-04-30,2019043001008848,BPCL,42,14,10,395.00,"3,950.00"
2019-04-30,2019043001008847,BPCL,42,22,22,394.00,"8,668.00"
2019-04-30,2019043001008823,BPCL,42,17,180,389.00,"70,020.00"
2019-04-30,2019043001008802,BPCL,58,52,100,385.00,"38,500.00"
2019-04-30,2019043001008768,BPCL,58,40,281,385.00,"108,185.00"
2019-04-30,2019043001008736,BPCL,34,25,100,386.00,"38,600.00"
2019-04-30,2019043001008735,BPCL,34,13,302,386.00,"116,572.00"
2019-04-30,2019043001008734,BPCL,34,40,10,386.00,"3,860.00"
2019-04-30,2019043001008717,BPCL,58,50,200,385.00,"77,000.00"
2019-04-30,2019043001008595,BPCL,58,6,50,385.00,"19,250.00"
2019-04-30,2019043001008594,BPCL,32,6,50,385.00,"19,250.00"
2019-04-30,2019043001009065,CBBL,6,16,50,969.00,"48,450.00"
2019-04-30,2019043001008760,CBBL,5,34,50,969.00,"48,450.00"
2019-04-30,2019043001008644,CBBL,17,50,130,967.00,"125,710.00"
2019-04-30,2019043001008643,CBBL,49,50,40,968.00,"38,720.00"
2019-04-30,2019043001008642,CBBL,45,50,30,968.00,"29,040.00"
2019-04-30,2019043001009042,CBL,56,50,10,156.00,"1,560.00"
2019-04-30,2019043001008697,CBL,34,4,50,155.00,"7,750.00"
2019-04-30,2019043001008696,CBL,6,4,50,156.00,"7,800.00"
2019-04-30,2019043001009020,CCBL,59,42,153,173.00,"26,469.00"
2019-04-30,2019043001008754,CCBL,59,45,20,173.00,"3,460.00"
2019-04-30,2019043001008716,CCBL,50,57,500,174.00,"87,000.00"
2019-04-30,2019043001008619,CCBL,25,35,193,174.00,"33,582.00"
2019-04-30,2019043001008956,CHCL,4,34,500,568.00,"284,000.00"
2019-04-30,2019043001008925,CHCL,32,38,92,572.00,"52,624.00"
2019-04-30,2019043001008922,CHCL,32,6,277,572.00,"158,444.00"
2019-04-30,2019043001008920,CHCL,32,25,31,572.00,"17,732.00"
2019-04-30,2019043001008838,CHCL,4,49,176,568.00,"99,968.00"
2019-04-30,2019043001008837,CHCL,7,49,100,570.00,"57,000.00"
2019-04-30,2019043001008624,CHCL,7,52,50,570.00,"28,500.00"
2019-04-30,2019043001008598,CHCL,7,48,350,570.00,"199,500.00"
2019-04-30,2019043001008597,CHCL,22,48,300,570.00,"171,000.00"
2019-04-30,2019043001009033,CHLBS,45,57,10,498.00,"4,980.00"
2019-04-30,2019043001009013,CHLBS,45,45,50,498.00,"24,900.00"
2019-04-30,2019043001009012,CHLBS,45,7,10,498.00,"4,980.00"
2019-04-30,2019043001009046,CMF1,10,13,"5,000",9.64,"48,200.00"
2019-04-30,2019043001008745,CZBIL,25,50,100,229.00,"22,900.00"
2019-04-30,2019043001008732,CZBIL,56,1,10,228.00,"2,280.00"
2019-04-30,2019043001008701,CZBIL,56,1,10,228.00,"2,280.00"
2019-04-30,2019043001008672,CZBIL,56,1,10,228.00,"2,280.00"
2019-04-30,2019043001008631,CZBIL,56,1,10,228.00,"2,280.00"
2019-04-30,2019043001008579,CZBIL,56,1,10,228.00,"2,280.00"
2019-04-30,2019043001008766,DHPL,55,47,11,80.00,880.00
2019-04-30,2019043001008785,EBL,32,34,59,664.00,"39,176.00"
2019-04-30,2019043001008954,FMDBL,48,17,500,429.00,"214,500.00"
2019-04-30,2019043001008617,FMDBL,5,56,348,430.00,"149,640.00"
2019-04-30,2019043001008707,FOWAD,5,18,10,"1,588.00","15,880.00"
2019-04-30,2019043001008634,FOWAD,45,55,20,"1,580.00","31,600.00"
2019-04-30,2019043001008633,FOWAD,55,55,80,"1,581.00","126,480.00"
2019-04-30,2019043001008632,FOWAD,39,55,50,"1,582.00","79,100.00"
2019-04-30,2019043001009053,GBBL,58,54,40,219.00,"8,760.00"
2019-04-30,2019043001008784,GBBL,14,54,200,219.00,"43,800.00"
2019-04-30,2019043001008759,GBBL,13,54,100,219.00,"21,900.00"
2019-04-30,2019043001008758,GBBL,32,54,"1,000",219.00,"219,000.00"
2019-04-30,2019043001008757,GBBL,47,54,500,219.00,"109,500.00"
2019-04-30,2019043001008756,GBBL,38,54,328,219.00,"71,832.00"
2019-04-30,2019043001009052,GBIME,59,49,50,313.00,"15,650.00"
2019-04-30,2019043001009051,GBIME,50,49,200,313.00,"62,600.00"
2019-04-30,2019043001009003,GBIME,56,49,10,313.00,"3,130.00"
2019-04-30,2019043001008835,GBIME,35,39,88,312.00,"27,456.00"
2019-04-30,2019043001008951,GBLBS,28,50,50,367.00,"18,350.00"
2019-04-30,2019043001008580,GDBL,38,45,61,212.00,"12,932.00"
2019-04-30,2019043001008582,GDBL,45,45,100,212.00,"21,200.00"
2019-04-30,2019043001008581,GDBL,53,45,150,212.00,"31,800.00"
2019-04-30,2019043001009054,GLICL,53,34,14,570.00,"7,980.00"
2019-04-30,2019043001008829,HBL,6,22,300,582.00,"174,600.00"
2019-04-30,2019043001008718,HBL,6,17,140,582.00,"81,480.00"
2019-04-30,2019043001008708,HBL,6,5,25,582.00,"14,550.00"
2019-04-30,2019043001008879,HGI,4,45,250,406.00,"101,500.00"
2019-04-30,2019043001008830,HGI,4,45,50,406.00,"20,300.00"
2019-04-30,2019043001008639,HGI,46,29,200,407.00,"81,400.00"
2019-04-30,2019043001008638,HGI,8,29,500,407.00,"203,500.00"
2019-04-30,2019043001008637,HGI,8,29,82,407.00,"33,374.00"
2019-04-30,2019043001008953,HIDCL,32,43,185,143.00,"26,455.00"
2019-04-30,2019043001008805,HIDCL,32,39,61,143.00,"8,723.00"
2019-04-30,2019043001008578,HIDCL,32,25,250,143.00,"35,750.00"
2019-04-30,2019043001008699,IGI,42,34,100,420.00,"42,000.00"
2019-04-30,2019043001008663,IGI,42,7,100,420.00,"42,000.00"
2019-04-30,2019043001008662,IGI,14,7,150,420.00,"63,000.00"
2019-04-30,2019043001008661,IGI,49,7,50,420.00,"21,000.00"
2019-04-30,2019043001008913,JBNL,57,43,121,201.00,"24,321.00"
2019-04-30,2019043001008911,JBNL,57,57,81,201.00,"16,281.00"
2019-04-30,2019043001008907,JBNL,57,25,798,201.00,"160,398.00"
2019-04-30,2019043001008887,JBNL,6,25,202,201.00,"40,602.00"
2019-04-30,2019043001008858,JBNL,6,4,500,201.00,"100,500.00"
2019-04-30,2019043001008670,JBNL,6,14,298,201.00,"59,898.00"
2019-04-30,2019043001008669,JBNL,38,14,100,201.00,"20,100.00"
2019-04-30,2019043001008668,JBNL,38,14,200,201.00,"40,200.00"
2019-04-30,2019043001008667,JBNL,39,14,132,201.00,"26,532.00"
2019-04-30,2019043001008966,KBL,52,14,100,226.00,"22,600.00"
2019-04-30,2019043001008965,KBL,59,14,89,226.00,"20,114.00"
2019-04-30,2019043001008698,KBL,59,57,211,226.00,"47,686.00"
2019-04-30,2019043001008576,KKHC,45,57,141,76.00,"10,716.00"
2019-04-30,2019043001008989,KPCL,59,56,250,93.00,"23,250.00"
2019-04-30,2019043001008636,KSBBL,4,39,214,149.00,"31,886.00"
2019-04-30,2019043001009010,LBBL,52,26,54,198.00,"10,692.00"
2019-04-30,2019043001009009,LBBL,52,28,286,198.00,"56,628.00"
2019-04-30,2019043001009008,LBBL,52,35,160,197.00,"31,520.00"
2019-04-30,2019043001008955,LBL,45,52,100,228.00,"22,800.00"
2019-04-30,2019043001008876,LBL,52,34,100,229.00,"22,900.00"
2019-04-30,2019043001008875,LBL,51,34,442,229.00,"101,218.00"
2019-04-30,2019043001008857,LBL,51,34,500,229.00,"114,500.00"
2019-04-30,2019043001008799,LICN,11,14,94,"1,880.00","176,720.00"
2019-04-30,2019043001008798,LICN,11,28,150,"1,880.00","282,000.00"
2019-04-30,2019043001008765,LICN,25,34,199,"1,875.00","373,125.00"
2019-04-30,2019043001008764,LICN,28,34,200,"1,877.00","375,400.00"
2019-04-30,2019043001008763,LICN,28,34,300,"1,877.00","563,100.00"
2019-04-30,2019043001008762,LICN,6,34,50,"1,878.00","93,900.00"
2019-04-30,2019043001008761,LICN,22,34,151,"1,880.00","283,880.00"
2019-04-30,2019043001008833,MBL,41,34,25,265.00,"6,625.00"
2019-04-30,2019043001008750,MBL,42,34,200,265.00,"53,000.00"
2019-04-30,2019043001008683,MBL,57,36,39,263.00,"10,257.00"
2019-04-30,2019043001008682,MBL,28,36,100,263.00,"26,300.00"
2019-04-30,2019043001008681,MBL,47,36,100,263.00,"26,300.00"
2019-04-30,2019043001008680,MBL,28,36,"1,000",263.00,"263,000.00"
2019-04-30,2019043001008679,MBL,48,36,361,263.00,"94,943.00"
2019-04-30,2019043001008678,MBL,18,36,500,264.00,"132,000.00"
2019-04-30,2019043001008677,MBL,13,36,100,264.00,"26,400.00"
2019-04-30,2019043001008640,MBL,13,36,100,264.00,"26,400.00"
2019-04-30,2019043001009045,MEGA,56,49,10,187.00,"1,870.00"
2019-04-30,2019043001009044,MEGA,19,49,332,187.00,"62,084.00"
2019-04-30,2019043001008910,MEGA,19,16,100,187.00,"18,700.00"
2019-04-30,2019043001008895,MEGA,19,57,58,187.00,"10,846.00"
2019-04-30,2019043001008796,MEGA,42,16,184,188.00,"34,592.00"
2019-04-30,2019043001008795,MEGA,42,22,50,188.00,"9,400.00"
2019-04-30,2019043001008647,MEGA,10,29,100,187.00,"18,700.00"
2019-04-30,2019043001008646,MEGA,10,13,500,187.00,"93,500.00"
2019-04-30,2019043001008645,MEGA,10,26,310,187.00,"57,970.00"
2019-04-30,2019043001008589,MEGA,57,39,28,186.00,"5,208.00"
2019-04-30,2019043001008794,MEGA,42,51,316,188.00,"59,408.00"
2019-04-30,2019043001008793,MEGA,42,58,450,188.00,"84,600.00"
2019-04-30,2019043001008753,MEGA,19,7,500,187.00,"93,500.00"
2019-04-30,2019043001008752,MEGA,19,33,10,187.00,"1,870.00"
2019-04-30,2019043001008700,MEGA,57,17,64,186.00,"11,904.00"
2019-04-30,2019043001008648,MEGA,10,33,490,187.00,"91,630.00"
2019-04-30,2019043001008859,MERO,42,57,50,675.00,"33,750.00"
2019-04-30,2019043001008866,MLBL,26,22,100,188.00,"18,800.00"
2019-04-30,2019043001009019,NABIL,5,28,117,851.00,"99,567.00"
2019-04-30,2019043001009018,NABIL,22,28,500,854.00,"427,000.00"
2019-04-30,2019043001009017,NABIL,14,28,50,855.00,"42,750.00"
2019-04-30,2019043001009016,NABIL,16,28,10,855.00,"8,550.00"
2019-04-30,2019043001009015,NABIL,42,28,25,855.00,"21,375.00"
2019-04-30,2019043001009014,NABIL,13,28,182,856.00,"155,792.00"
2019-04-30,2019043001008771,NABIL,13,28,68,856.00,"58,208.00"
2019-04-30,2019043001008770,NABIL,34,28,50,856.00,"42,800.00"
2019-04-30,2019043001008769,NABIL,26,28,82,858.00,"70,356.00"
2019-04-30,2019043001008970,NADEP,51,45,20,522.00,"10,440.00"
2019-04-30,2019043001008729,NADEP,51,17,20,522.00,"10,440.00"
2019-04-30,2019043001008660,NADEP,51,26,10,522.00,"5,220.00"
2019-04-30,2019043001009056,NBB,55,39,200,231.00,"46,200.00"
2019-04-30,2019043001009055,NBB,55,8,"1,114",231.00,"257,334.00"
2019-04-30,2019043001008964,NBB,17,1,11,230.00,"2,530.00"
2019-04-30,2019043001008826,NBB,17,33,506,230.00,"116,380.00"
2019-04-30,2019043001008664,NBB,17,17,50,230.00,"11,500.00"
2019-04-30,2019043001009048,NBL,32,49,112,316.00,"35,392.00"
2019-04-30,2019043001009047,NBL,28,49,888,316.00,"280,608.00"
2019-04-30,2019043001009041,NBL,42,13,100,317.00,"31,700.00"
2019-04-30,2019043001008962,NBL,28,49,112,316.00,"35,392.00"
2019-04-30,2019043001008961,NBL,57,49,74,316.00,"23,384.00"
2019-04-30,2019043001008904,NBL,52,13,233,317.00,"73,861.00"
2019-04-30,2019043001008885,NBL,57,33,"2,990",316.00,"944,840.00"
2019-04-30,2019043001008884,NBL,57,37,200,316.00,"63,200.00"
2019-04-30,2019043001008772,NBL,1,58,10,315.00,"3,150.00"
2019-04-30,2019043001009011,NCCB,42,13,200,238.00,"47,600.00"
2019-04-30,2019043001008968,NCCB,1,25,100,237.00,"23,700.00"
2019-04-30,2019043001008846,NCCB,1,25,199,237.00,"47,163.00"
2019-04-30,2019043001008919,NGPL,19,42,11,120.00,"1,320.00"
2019-04-30,2019043001008744,NHPC,42,49,"2,000",72.00,"144,000.00"
2019-04-30,2019043001008743,NHPC,42,6,"1,000",72.00,"72,000.00"
2019-04-30,2019043001009043,NIB,57,58,100,570.00,"57,000.00"
2019-04-30,2019043001008952,NIB,57,16,20,570.00,"11,400.00"
2019-04-30,2019043001008903,NIB,57,53,34,570.00,"19,380.00"
2019-04-30,2019043001009039,NICA,58,50,100,494.00,"49,400.00"
2019-04-30,2019043001009038,NICA,1,50,300,494.00,"148,200.00"
2019-04-30,2019043001008905,NICA,19,14,100,495.00,"49,500.00"
2019-04-30,2019043001008824,NICA,10,4,500,494.00,"247,000.00"
2019-04-30,2019043001008972,NICL,44,42,"1,333",402.00,"535,866.00"
2019-04-30,2019043001008971,NICL,45,42,500,403.00,"201,500.00"
2019-04-30,2019043001008874,NICL,44,22,472,402.00,"189,744.00"
2019-04-30,2019043001008852,NICL,45,22,200,403.00,"80,600.00"
2019-04-30,2019043001008851,NICL,39,22,150,403.00,"60,450.00"
2019-04-30,2019043001009006,NIL,57,40,400,533.00,"213,200.00"
2019-04-30,2019043001008865,NLBBL,16,41,280,496.00,"138,880.00"
2019-04-30,2019043001008834,NLBBL,16,45,220,500.00,"110,000.00"
2019-04-30,2019043001009074,NLIC,13,8,250,"1,270.00","317,500.00"
2019-04-30,2019043001009073,NLIC,21,8,10,"1,270.00","12,700.00"
2019-04-30,2019043001009072,NLIC,32,8,70,"1,270.00","88,900.00"
2019-04-30,2019043001009071,NLIC,45,8,30,"1,272.00","38,160.00"
2019-04-30,2019043001009069,NLIC,45,28,50,"1,272.00","63,600.00"
2019-04-30,2019043001009068,NLIC,7,43,97,"1,271.00","123,287.00"
2019-04-30,2019043001008605,NLIC,46,32,16,"1,271.00","20,336.00"
2019-04-30,2019043001008604,NLIC,50,32,100,"1,271.00","127,100.00"
2019-04-30,2019043001008603,NLIC,49,32,51,"1,271.00","64,821.00"
2019-04-30,2019043001008585,NLIC,49,57,49,"1,271.00","62,279.00"
2019-04-30,2019043001008584,NLIC,49,57,251,"1,271.00","319,021.00"
2019-04-30,2019043001008611,NLIC,18,32,300,"1,270.00","381,000.00"
2019-04-30,2019043001008610,NLIC,29,32,140,"1,270.00","177,800.00"
2019-04-30,2019043001008609,NLIC,45,32,170,"1,270.00","215,900.00"
2019-04-30,2019043001008608,NLIC,36,32,50,"1,270.00","63,500.00"
2019-04-30,2019043001008607,NLIC,52,32,13,"1,270.00","16,510.00"
2019-04-30,2019043001008606,NLIC,8,32,203,"1,270.00","257,810.00"
2019-04-30,2019043001008623,NLIC,38,32,100,"1,270.00","127,000.00"
2019-04-30,2019043001008616,NLIC,53,32,43,"1,270.00","54,610.00"
2019-04-30,2019043001008615,NLIC,28,32,380,"1,270.00","482,600.00"
2019-04-30,2019043001008614,NLIC,18,32,200,"1,270.00","254,000.00"
2019-04-30,2019043001008613,NLIC,38,32,100,"1,270.00","127,000.00"
2019-04-30,2019043001008612,NLIC,45,32,100,"1,270.00","127,000.00"
2019-04-30,2019043001008726,NLIC,28,47,28,"1,273.00","35,644.00"
2019-04-30,2019043001008691,NLIC,50,45,150,"1,272.00","190,800.00"
2019-04-30,2019043001008685,NLIC,50,13,259,"1,270.00","328,930.00"
2019-04-30,2019043001008675,NLIC,10,49,184,"1,270.00","233,680.00"
2019-04-30,2019043001008665,NLIC,10,32,16,"1,270.00","20,320.00"
2019-04-30,2019043001008630,NLIC,58,32,18,"1,270.00","22,860.00"
2019-04-30,2019043001008767,NLIC,4,58,21,"1,274.00","26,754.00"
2019-04-30,2019043001008748,NLIC,39,38,17,"1,272.00","21,624.00"
2019-04-30,2019043001008739,NLIC,28,16,17,"1,273.00","21,641.00"
2019-04-30,2019043001008733,NLIC,28,25,17,"1,273.00","21,641.00"
2019-04-30,2019043001008728,NLIC,28,58,17,"1,273.00","21,641.00"
2019-04-30,2019043001008727,NLIC,28,58,17,"1,273.00","21,641.00"
2019-04-30,2019043001008780,NLIC,21,57,100,"1,270.00","127,000.00"
2019-04-30,2019043001008779,NLIC,58,57,40,"1,270.00","50,800.00"
2019-04-30,2019043001008778,NLIC,57,57,10,"1,270.00","12,700.00"
2019-04-30,2019043001008777,NLIC,50,57,41,"1,270.00","52,070.00"
2019-04-30,2019043001008776,NLIC,39,57,13,"1,272.00","16,536.00"
2019-04-30,2019043001008775,NLIC,25,57,20,"1,273.00","25,460.00"
2019-04-30,2019043001008807,NLIC,1,57,30,"1,270.00","38,100.00"
2019-04-30,2019043001008806,NLIC,53,57,148,"1,270.00","187,960.00"
2019-04-30,2019043001008801,NLIC,53,57,52,"1,270.00","66,040.00"
2019-04-30,2019043001008800,NLIC,57,57,50,"1,273.00","63,650.00"
2019-04-30,2019043001008782,NLIC,28,57,32,"1,270.00","40,640.00"
2019-04-30,2019043001008781,NLIC,49,57,44,"1,270.00","55,880.00"
2019-04-30,2019043001008817,NLIC,13,28,100,"1,270.00","127,000.00"
2019-04-30,2019043001008816,NLIC,28,28,100,"1,271.00","127,100.00"
2019-04-30,2019043001008813,NLIC,44,1,17,"1,270.00","21,590.00"
2019-04-30,2019043001008810,NLIC,44,57,82,"1,270.00","104,140.00"
2019-04-30,2019043001008809,NLIC,28,57,20,"1,270.00","25,400.00"
2019-04-30,2019043001008808,NLIC,39,57,20,"1,270.00","25,400.00"
2019-04-30,2019043001008825,NLIC,49,8,12,"1,273.00","15,276.00"
2019-04-30,2019043001008822,NLIC,5,49,127,"1,270.00","161,290.00"
2019-04-30,2019043001008821,NLIC,25,49,20,"1,273.00","25,460.00"
2019-04-30,2019043001008820,NLIC,5,28,20,"1,270.00","25,400.00"
2019-04-30,2019043001008819,NLIC,50,28,100,"1,270.00","127,000.00"
2019-04-30,2019043001008818,NLIC,26,28,50,"1,270.00","63,500.00"
2019-04-30,2019043001008850,NLIC,13,28,200,"1,270.00","254,000.00"
2019-04-30,2019043001008843,NLIC,5,28,53,"1,270.00","67,310.00"
2019-04-30,2019043001008842,NLIC,49,28,37,"1,273.00","47,101.00"
2019-04-30,2019043001008839,NLIC,49,1,17,"1,273.00","21,641.00"
2019-04-30,2019043001008836,NLIC,49,56,14,"1,273.00","17,822.00"
2019-04-30,2019043001008827,NLIC,49,17,20,"1,273.00","25,460.00"
2019-04-30,2019043001008877,NLIC,8,28,100,"1,270.00","127,000.00"
2019-04-30,2019043001008873,NLIC,54,28,15,"1,270.00","19,050.00"
2019-04-30,2019043001008872,NLIC,5,28,50,"1,270.00","63,500.00"
2019-04-30,2019043001008864,NLIC,5,57,100,"1,270.00","127,000.00"
2019-04-30,2019043001008861,NLIC,5,41,50,"1,270.00","63,500.00"
2019-04-30,2019043001008860,NLIC,5,28,80,"1,270.00","101,600.00"
2019-04-30,2019043001008916,NLIC,42,34,"1,300","1,269.00","1,649,700.00"
2019-04-30,2019043001008909,NLIC,42,38,17,"1,269.00","21,573.00"
2019-04-30,2019043001008908,NLIC,49,28,11,"1,270.00","13,970.00"
2019-04-30,2019043001008902,NLIC,42,44,17,"1,269.00","21,573.00"
2019-04-30,2019043001008889,NLIC,41,28,100,"1,270.00","127,000.00"
2019-04-30,2019043001008888,NLIC,56,28,10,"1,270.00","12,700.00"
2019-04-30,2019043001008949,NLIC,42,19,77,"1,270.00","97,790.00"
2019-04-30,2019043001008948,NLIC,42,28,23,"1,270.00","29,210.00"
2019-04-30,2019043001008927,NLIC,5,28,50,"1,270.00","63,500.00"
2019-04-30,2019043001008924,NLIC,39,28,11,"1,270.00","13,970.00"
2019-04-30,2019043001008923,NLIC,42,37,100,"1,269.00","126,900.00"
2019-04-30,2019043001008917,NLIC,26,26,5,"1,245.00","6,225.00"
2019-04-30,2019043001008978,NLIC,32,19,93,"1,270.00","118,110.00"
2019-04-30,2019043001008977,NLIC,42,41,53,"1,269.00","67,257.00"
2019-04-30,2019043001008976,NLIC,42,57,300,"1,269.00","380,700.00"
2019-04-30,2019043001008963,NLIC,42,26,200,"1,269.00","253,800.00"
2019-04-30,2019043001008957,NLIC,42,57,300,"1,269.00","380,700.00"
2019-04-30,2019043001008950,NLIC,42,44,17,"1,269.00","21,573.00"
2019-04-30,2019043001009001,NLIC,38,57,75,"1,270.00","95,250.00"
2019-04-30,2019043001009000,NLIC,42,16,212,"1,269.00","269,028.00"
2019-04-30,2019043001008999,NLIC,42,33,200,"1,269.00","253,800.00"
2019-04-30,2019043001008998,NLIC,29,57,25,"1,270.00","31,750.00"
2019-04-30,2019043001008993,NLIC,42,1,200,"1,269.00","253,800.00"
2019-04-30,2019043001008983,NLIC,10,6,300,"1,270.00","381,000.00"
2019-04-30,2019043001009040,NLIC,32,39,17,"1,270.00","21,590.00"
2019-04-30,2019043001009022,NLIC,32,58,63,"1,270.00","80,010.00"
2019-04-30,2019043001009021,NLIC,42,57,300,"1,269.00","380,700.00"
2019-04-30,2019043001009007,NLIC,42,41,17,"1,269.00","21,573.00"
2019-04-30,2019043001009004,NLIC,42,39,17,"1,269.00","21,573.00"
2019-04-30,2019043001009002,NLIC,38,45,421,"1,270.00","534,670.00"
2019-04-30,2019043001008676,NLICL,41,26,85,679.00,"57,715.00"
2019-04-30,2019043001008915,NMB,14,57,126,386.00,"48,636.00"
2019-04-30,2019043001008731,NMB,14,53,200,386.00,"77,200.00"
2019-04-30,2019043001008730,NMB,14,8,500,386.00,"193,000.00"
2019-04-30,2019043001009005,NSEWA,41,54,30,485.00,"14,550.00"
2019-04-30,2019043001009023,NTC,56,34,100,700.00,"70,000.00"
2019-04-30,2019043001008992,NTC,56,34,30,700.00,"21,000.00"
2019-04-30,2019043001008991,NTC,6,34,50,700.00,"35,000.00"
2019-04-30,2019043001008990,NTC,46,34,20,700.00,"14,000.00"
2019-04-30,2019043001008641,NTC,16,22,50,700.00,"35,000.00"
2019-04-30,2019043001008975,NTC,46,34,80,700.00,"56,000.00"
2019-04-30,2019043001008974,NTC,16,34,20,700.00,"14,000.00"
2019-04-30,2019043001008959,NTC,16,34,100,700.00,"70,000.00"
2019-04-30,2019043001008900,NUBL,54,7,32,884.00,"28,288.00"
2019-04-30,2019043001008881,NUBL,34,26,50,885.00,"44,250.00"
2019-04-30,2019043001008622,NUBL,34,37,100,885.00,"88,500.00"
2019-04-30,2019043001008621,NUBL,16,37,200,885.00,"177,000.00"
2019-04-30,2019043001008620,NUBL,59,37,100,885.00,"88,500.00"
2019-04-30,2019043001008742,OHL,6,50,100,510.00,"51,000.00"
2019-04-30,2019043001008741,OHL,5,50,100,510.00,"51,000.00"
2019-04-30,2019043001008740,OHL,10,50,100,511.00,"51,100.00"
2019-04-30,2019043001008981,PCBL,13,41,582,355.00,"206,610.00"
2019-04-30,2019043001008899,PCBL,49,41,"1,000",355.00,"355,000.00"
2019-04-30,2019043001008898,PCBL,45,41,300,355.00,"106,500.00"
2019-04-30,2019043001008897,PCBL,49,41,471,355.00,"167,205.00"
2019-04-30,2019043001008883,PCBL,49,57,18,355.00,"6,390.00"
2019-04-30,2019043001008774,PCBL,49,17,800,355.00,"284,000.00"
2019-04-30,2019043001009037,PLIC,49,34,55,496.00,"27,280.00"
2019-04-30,2019043001009036,PLIC,8,34,100,496.00,"49,600.00"
2019-04-30,2019043001008871,PLIC,34,53,90,497.00,"44,730.00"
2019-04-30,2019043001008812,PLIC,34,38,110,497.00,"54,670.00"
2019-04-30,2019043001008811,PLIC,56,38,10,498.00,"4,980.00"
2019-04-30,2019043001008890,PMHPL,59,56,100,113.00,"11,300.00"
2019-04-30,2019043001008674,PMHPL,59,26,10,113.00,"1,130.00"
2019-04-30,2019043001008596,PMHPL,59,26,10,113.00,"1,130.00"
2019-04-30,2019043001009067,PRIN,57,14,517,437.00,"225,929.00"
2019-04-30,2019043001008671,PRIN,57,29,212,437.00,"92,644.00"
2019-04-30,2019043001009063,PRVU,42,34,"3,566",286.00,"1,019,876.00"
2019-04-30,2019043001009062,PRVU,38,34,500,286.00,"143,000.00"
2019-04-30,2019043001009061,PRVU,32,34,500,286.00,"143,000.00"
2019-04-30,2019043001009060,PRVU,4,34,20,286.00,"5,720.00"
2019-04-30,2019043001009059,PRVU,42,34,414,286.00,"118,404.00"
2019-04-30,2019043001009049,PRVU,34,1,200,287.00,"57,400.00"
2019-04-30,2019043001008593,PRVU,56,57,500,288.00,"144,000.00"
2019-04-30,2019043001008592,PRVU,29,57,"1,000",288.00,"288,000.00"
2019-04-30,2019043001008591,PRVU,28,57,500,288.00,"144,000.00"
2019-04-30,2019043001008590,PRVU,25,57,449,288.00,"129,312.00"
2019-04-30,2019043001008791,PRVU,36,26,18,289.00,"5,202.00"
2019-04-30,2019043001008652,PRVU,14,57,129,287.00,"37,023.00"
2019-04-30,2019043001008651,PRVU,33,57,422,287.00,"121,114.00"
2019-04-30,2019043001009024,PRVU,14,34,271,287.00,"77,777.00"
2019-04-30,2019043001008967,PRVU,14,48,100,287.00,"28,700.00"
2019-04-30,2019043001008882,PRVU,19,28,100,290.00,"29,000.00"
2019-04-30,2019043001008863,PRVU,36,28,23,290.00,"6,670.00"
2019-04-30,2019043001008862,PRVU,36,29,97,289.00,"28,033.00"
2019-04-30,2019043001008792,PRVU,36,28,20,290.00,"5,800.00"
2019-04-30,2019043001009030,PRVU,36,34,715,287.00,"205,205.00"
2019-04-30,2019043001009029,PRVU,28,34,"1,000",287.00,"287,000.00"
2019-04-30,2019043001009028,PRVU,59,34,500,287.00,"143,500.00"
2019-04-30,2019043001009027,PRVU,43,34,100,287.00,"28,700.00"
2019-04-30,2019043001009026,PRVU,29,34,"1,000",287.00,"287,000.00"
2019-04-30,2019043001009025,PRVU,54,34,"2,000",287.00,"574,000.00"
2019-04-30,2019043001009032,RBCLPO,21,33,20,"8,610.00","172,200.00"
2019-04-30,2019043001009031,RBCLPO,42,33,20,"8,611.00","172,220.00"
2019-04-30,2019043001008906,RMDC,28,49,51,644.00,"32,844.00"
2019-04-30,2019043001008749,RRHP,36,17,110,96.00,"10,560.00"
2019-04-30,2019043001009064,RSDC,56,53,200,413.00,"82,600.00"
2019-04-30,2019043001009070,SANIMA,57,7,10,355.00,"3,550.00"
2019-04-30,2019043001009066,SANIMA,57,19,200,355.00,"71,000.00"
2019-04-30,2019043001008973,SANIMA,57,42,17,355.00,"6,035.00"
2019-04-30,2019043001008918,SANIMA,57,19,374,355.00,"132,770.00"
2019-04-30,2019043001008832,SANIMA,1,19,500,355.00,"177,500.00"
2019-04-30,2019043001008831,SANIMA,14,19,126,355.00,"44,730.00"
2019-04-30,2019043001008693,SBBLJ,58,34,"1,000",198.00,"198,000.00"
2019-04-30,2019043001008692,SBBLJ,29,34,300,199.00,"59,700.00"
2019-04-30,2019043001008853,SBI,39,6,195,485.00,"94,575.00"
2019-04-30,2019043001008706,SBI,39,43,305,485.00,"147,925.00"
2019-04-30,2019043001008705,SBI,14,43,50,485.00,"24,250.00"
2019-04-30,2019043001008704,SBI,52,43,100,486.00,"48,600.00"
2019-04-30,2019043001008703,SBI,37,43,45,486.00,"21,870.00"
2019-04-30,2019043001008912,SBL,4,53,37,346.00,"12,802.00"
2019-04-30,2019043001008814,SBL,4,43,"1,500",346.00,"519,000.00"
2019-04-30,2019043001008773,SBL,4,33,500,346.00,"173,000.00"
2019-04-30,2019043001008786,SHINE,35,41,200,255.00,"51,000.00"
2019-04-30,2019043001008747,SHINE,48,41,60,255.00,"15,300.00"
2019-04-30,2019043001008746,SHINE,48,16,240,255.00,"61,200.00"
2019-04-30,2019043001009035,SHIVM,50,45,250,325.00,"81,250.00"
2019-04-30,2019043001009034,SHIVM,50,47,50,325.00,"16,250.00"
2019-04-30,2019043001008649,SHIVM,50,53,50,324.00,"16,200.00"
2019-04-30,2019043001008980,SHL,21,43,140,230.00,"32,200.00"
2019-04-30,2019043001008979,SHL,41,43,100,231.00,"23,100.00"
2019-04-30,2019043001008960,SHPC,48,25,220,276.00,"60,720.00"
2019-04-30,2019043001008797,SHPC,48,45,500,276.00,"138,000.00"
2019-04-30,2019043001008790,SHPC,48,36,"2,200",276.00,"607,200.00"
2019-04-30,2019043001008789,SHPC,48,45,500,276.00,"138,000.00"
2019-04-30,2019043001008599,SHPC,11,7,"1,349",276.00,"372,324.00"
2019-04-30,2019043001008577,SHPC,42,32,"1,500",275.00,"412,500.00"
2019-04-30,2019043001008655,SHPC,4,45,136,276.00,"37,536.00"
2019-04-30,2019043001008654,SHPC,4,29,52,276.00,"14,352.00"
2019-04-30,2019043001008653,SHPC,4,39,188,276.00,"51,888.00"
2019-04-30,2019043001008602,SHPC,11,39,362,276.00,"99,912.00"
2019-04-30,2019043001008601,SHPC,11,13,39,276.00,"10,764.00"
2019-04-30,2019043001008600,SHPC,11,29,250,276.00,"69,000.00"
2019-04-30,2019043001008690,SHPC,45,58,"1,950",276.00,"538,200.00"
2019-04-30,2019043001008689,SHPC,45,21,50,276.00,"13,800.00"
2019-04-30,2019043001008659,SHPC,4,7,495,276.00,"136,620.00"
2019-04-30,2019043001008658,SHPC,4,11,50,276.00,"13,800.00"
2019-04-30,2019043001008657,SHPC,4,29,450,276.00,"124,200.00"
2019-04-30,2019043001008656,SHPC,4,17,229,276.00,"63,204.00"
2019-04-30,2019043001008783,SHPC,42,43,10,275.00,"2,750.00"
2019-04-30,2019043001008738,SHPC,42,19,200,275.00,"55,000.00"
2019-04-30,2019043001008725,SHPC,4,16,100,276.00,"27,600.00"
2019-04-30,2019043001008724,SHPC,4,25,400,276.00,"110,400.00"
2019-04-30,2019043001008723,SHPC,4,53,200,276.00,"55,200.00"
2019-04-30,2019043001008722,SHPC,4,58,50,276.00,"13,800.00"
2019-04-30,2019043001008958,SICL,32,25,50,910.00,"45,500.00"
2019-04-30,2019043001008921,SKBBL,49,17,20,"1,026.00","20,520.00"
2019-04-30,2019043001008901,SKBBL,49,17,62,"1,026.00","63,612.00"
2019-04-30,2019043001009050,SLBSL,45,50,10,656.00,"6,560.00"
2019-04-30,2019043001008988,SLICL,49,1,172,566.00,"97,352.00"
2019-04-30,2019043001008987,SLICL,21,1,200,566.00,"113,200.00"
2019-04-30,2019043001008986,SLICL,42,1,50,566.00,"28,300.00"
2019-04-30,2019043001008985,SLICL,57,1,68,566.00,"38,488.00"
2019-04-30,2019043001008984,SLICL,14,1,10,567.00,"5,670.00"
2019-04-30,2019043001008841,SRBL,32,33,300,261.00,"78,300.00"
2019-04-30,2019043001008840,SRBL,50,33,125,261.00,"32,625.00"
2019-04-30,2019043001008815,SRBL,50,10,75,261.00,"19,575.00"
2019-04-30,2019043001008755,SRBL,38,18,500,261.00,"130,500.00"
2019-04-30,2019043001008629,SRBL,34,50,50,260.00,"13,000.00"
2019-04-30,2019043001008628,SRBL,5,50,400,260.00,"104,000.00"
2019-04-30,2019043001008627,SRBL,54,50,500,260.00,"130,000.00"
2019-04-30,2019043001008626,SRBL,52,50,50,260.00,"13,000.00"
2019-04-30,2019043001008625,SRBL,14,50,"1,000",260.00,"260,000.00"
2019-04-30,2019043001009058,SWBBL,22,51,50,930.00,"46,500.00"
2019-04-30,2019043001008894,SWBBL,57,51,200,931.00,"186,200.00"
2019-04-30,2019043001008893,SWBBL,32,51,100,932.00,"93,200.00"
2019-04-30,2019043001008892,SWBBL,25,51,100,933.00,"93,300.00"
2019-04-30,2019043001008828,SWBBL,42,51,545,934.00,"509,030.00"
2019-04-30,2019043001008715,SWBBL,42,22,455,934.00,"424,970.00"
2019-04-30,2019043001008714,SWBBL,39,22,100,935.00,"93,500.00"
2019-04-30,2019043001008713,SWBBL,48,22,20,935.00,"18,700.00"
2019-04-30,2019043001008712,SWBBL,52,22,10,940.00,"9,400.00"
2019-04-30,2019043001008711,SWBBL,51,22,15,940.00,"14,100.00"
2019-04-30,2019043001009057,UIC,38,21,10,957.00,"9,570.00"
2019-04-30,2019043001008673,UIC,50,1,20,960.00,"19,200.00"
2019-04-30,2019043001008969,UPPER,28,57,50,242.00,"12,100.00"
2019-04-30,2019043001008947,UPPER,58,6,29,245.00,"7,105.00"
2019-04-30,2019043001008946,UPPER,58,48,50,245.00,"12,250.00"
2019-04-30,2019043001008945,UPPER,58,42,40,245.00,"9,800.00"
2019-04-30,2019043001008944,UPPER,58,29,90,245.00,"22,050.00"
2019-04-30,2019043001008583,UPPER,57,17,50,240.00,"12,000.00"
2019-04-30,2019043001008575,UPPER,57,26,50,240.00,"12,000.00"
2019-04-30,2019043001008684,UPPER,57,32,40,240.00,"9,600.00"
2019-04-30,2019043001008618,UPPER,57,47,181,240.00,"43,440.00"
2019-04-30,2019043001008844,UPPER,50,10,40,241.00,"9,640.00"
2019-04-30,2019043001008788,UPPER,58,42,200,241.00,"48,200.00"
2019-04-30,2019043001008787,UPPER,58,34,"2,800",241.00,"674,800.00"
2019-04-30,2019043001008710,UPPER,44,32,11,240.00,"2,640.00"
2019-04-30,2019043001008709,UPPER,57,32,39,240.00,"9,360.00"
2019-04-30,2019043001008702,UPPER,57,26,50,240.00,"12,000.00"
2019-04-30,2019043001008867,UPPER,58,36,312,242.00,"75,504.00"
2019-04-30,2019043001008856,UPPER,50,36,388,242.00,"93,896.00"
2019-04-30,2019043001008855,UPPER,50,26,72,242.00,"17,424.00"
2019-04-30,2019043001008854,UPPER,50,17,40,242.00,"9,680.00"
2019-04-30,2019043001008849,UPPER,50,57,40,241.00,"9,640.00"
2019-04-30,2019043001008845,UPPER,50,19,50,241.00,"12,050.00"
2019-04-30,2019043001008891,UPPER,58,34,"3,000",242.00,"726,000.00"
2019-04-30,2019043001008886,UPPER,50,17,50,241.00,"12,050.00"
2019-04-30,2019043001008878,UPPER,50,37,50,241.00,"12,050.00"
2019-04-30,2019043001008870,UPPER,58,43,"1,356",243.00,"329,508.00"
2019-04-30,2019043001008869,UPPER,58,44,292,243.00,"70,956.00"
2019-04-30,2019043001008868,UPPER,58,48,40,242.00,"9,680.00"
2019-04-30,2019043001008931,UPPER,58,33,50,244.00,"12,200.00"
2019-04-30,2019043001008930,UPPER,58,1,200,243.00,"48,600.00"
2019-04-30,2019043001008929,UPPER,58,53,200,243.00,"48,600.00"
2019-04-30,2019043001008928,UPPER,58,43,"1,644",243.00,"399,492.00"
2019-04-30,2019043001008914,UPPER,34,34,"2,000",242.00,"484,000.00"
2019-04-30,2019043001008896,UPPER,50,33,50,241.00,"12,050.00"
2019-04-30,2019043001008937,UPPER,58,46,40,244.00,"9,760.00"
2019-04-30,2019043001008936,UPPER,58,50,50,244.00,"12,200.00"
2019-04-30,2019043001008935,UPPER,58,50,40,244.00,"9,760.00"
2019-04-30,2019043001008934,UPPER,58,35,50,244.00,"12,200.00"
2019-04-30,2019043001008933,UPPER,58,33,40,244.00,"9,760.00"
2019-04-30,2019043001008932,UPPER,58,3,137,244.00,"33,428.00"
2019-04-30,2019043001008943,UPPER,58,6,40,244.00,"9,760.00"
2019-04-30,2019043001008942,UPPER,58,56,50,244.00,"12,200.00"
2019-04-30,2019043001008941,UPPER,58,56,50,244.00,"12,200.00"
2019-04-30,2019043001008940,UPPER,58,56,50,244.00,"12,200.00"
2019-04-30,2019043001008939,UPPER,58,56,50,244.00,"12,200.00"
2019-04-30,2019043001008938,UPPER,58,8,100,244.00,"24,400.00"
2019-04-30,2019043001008472,ADBL,44,42,144,389.00,"56,016.00"
2019-04-30,2019043001008462,ADBL,44,10,105,389.00,"40,845.00"
2019-04-30,2019043001008439,ADBL,49,14,"3,000",390.00,"1,170,000.00"
2019-04-30,2019043001008438,ADBL,49,32,90,390.00,"35,100.00"
2019-04-30,2019043001008437,ADBL,49,10,300,390.00,"117,000.00"
2019-04-30,2019043001008436,ADBL,49,28,100,390.00,"39,000.00"
2019-04-30,2019043001008435,ADBL,49,28,"1,000",389.00,"389,000.00"
2019-04-30,2019043001008174,ADBL,58,35,30,388.00,"11,640.00"
2019-04-30,2019043001008299,AHPC,48,43,370,109.00,"40,330.00"
2019-04-30,2019043001008298,AHPC,48,7,600,108.00,"64,800.00"
2019-04-30,2019043001008297,AHPC,48,22,700,108.00,"75,600.00"
2019-04-30,2019043001008296,AHPC,48,26,700,108.00,"75,600.00"
2019-04-30,2019043001008295,AHPC,48,28,10,108.00,"1,080.00"
2019-04-30,2019043001008294,AHPC,48,6,200,107.00,"21,400.00"
2019-04-30,2019043001008293,AHPC,48,6,420,107.00,"44,940.00"
2019-04-30,2019043001008346,AKJCL,13,43,10,81.00,810.00
2019-04-30,2019043001008345,AKJCL,13,38,20,81.00,"1,620.00"
2019-04-30,2019043001008384,ALBSL,26,57,180,471.00,"84,780.00"
2019-04-30,2019043001008342,ALBSL,26,28,10,471.00,"4,710.00"
2019-04-30,2019043001008280,ALBSL,26,35,10,471.00,"4,710.00"
2019-04-30,2019043001008392,ALICL,11,53,200,450.00,"90,000.00"
2019-04-30,2019043001008270,AMFI,17,53,250,590.00,"147,500.00"
2019-04-30,2019043001008269,AMFI,51,53,50,591.00,"29,550.00"
2019-04-30,2019043001008562,API,6,42,"1,790",136.00,"243,440.00"
2019-04-30,2019043001008336,API,6,41,"1,400",136.00,"190,400.00"
2019-04-30,2019043001008534,BARUN,1,34,"1,000",94.00,"94,000.00"
2019-04-30,2019043001008533,BARUN,46,34,10,94.00,940.00
2019-04-30,2019043001008359,BARUN,56,39,"1,000",95.00,"95,000.00"
2019-04-30,2019043001008301,BFC,57,49,100,96.00,"9,600.00"
2019-04-30,2019043001008428,BOKL,7,57,279,285.00,"79,515.00"
2019-04-30,2019043001008427,BOKL,7,57,433,285.00,"123,405.00"
2019-04-30,2019043001008426,BOKL,44,57,817,286.00,"233,662.00"
2019-04-30,2019043001008130,BOKL,44,49,33,286.00,"9,438.00"
2019-04-30,2019043001008525,BPCL,58,40,790,386.00,"304,940.00"
2019-04-30,2019043001008470,BPCL,58,48,210,386.00,"81,060.00"
2019-04-30,2019043001008469,BPCL,49,48,500,387.00,"193,500.00"
2019-04-30,2019043001008086,BPCL,17,17,20,389.00,"7,780.00"
2019-04-30,2019043001008415,CBBL,17,40,500,969.00,"484,500.00"
2019-04-30,2019043001008242,CBBL,45,57,50,970.00,"48,500.00"
2019-04-30,2019043001008241,CBBL,45,33,95,970.00,"92,150.00"
2019-04-30,2019043001008240,CBBL,45,28,25,968.00,"24,200.00"
2019-04-30,2019043001008209,CBL,6,54,"1,950",156.00,"304,200.00"
2019-04-30,2019043001008208,CBL,17,54,900,156.00,"140,400.00"
2019-04-30,2019043001008207,CBL,48,54,"1,000",156.00,"156,000.00"
2019-04-30,2019043001008206,CBL,41,54,"1,000",156.00,"156,000.00"
2019-04-30,2019043001008205,CBL,41,54,100,156.00,"15,600.00"
2019-04-30,2019043001008204,CBL,14,54,50,156.00,"7,800.00"
2019-04-30,2019043001008120,CBL,14,51,50,156.00,"7,800.00"
2019-04-30,2019043001008393,CCBL,25,17,107,174.00,"18,618.00"
2019-04-30,2019043001008365,CFCL,7,57,300,111.00,"33,300.00"
2019-04-30,2019043001008450,CHCL,22,50,200,570.00,"114,000.00"
2019-04-30,2019043001008288,CHCL,49,17,100,570.00,"57,000.00"
2019-04-30,2019043001008173,CHCL,22,40,100,569.00,"56,900.00"
2019-04-30,2019043001008077,CHCL,4,6,808,571.00,"461,368.00"
2019-04-30,2019043001008078,CHL,45,41,10,98.00,980.00
2019-04-30,2019043001008531,CHLBS,13,36,10,496.00,"4,960.00"
2019-04-30,2019043001008302,CIT,51,4,50,"2,501.00","125,050.00"
2019-04-30,2019043001008263,CIT,51,4,32,"2,501.00","80,032.00"
2019-04-30,2019043001008262,CIT,17,4,25,"2,501.00","62,525.00"
2019-04-30,2019043001008261,CIT,41,4,33,"2,505.00","82,665.00"
2019-04-30,2019043001008260,CIT,44,4,10,"2,506.00","25,060.00"
2019-04-30,2019043001008539,CZBIL,45,1,10,228.00,"2,280.00"
2019-04-30,2019043001008509,CZBIL,59,50,90,229.00,"20,610.00"
2019-04-30,2019043001008195,CZBIL,59,43,500,229.00,"114,500.00"
2019-04-30,2019043001008194,CZBIL,59,52,410,229.00,"93,890.00"
2019-04-30,2019043001008403,DBBL,57,54,648,134.00,"86,832.00"
2019-04-30,2019043001008402,DBBL,40,54,"1,000",134.00,"134,000.00"
2019-04-30,2019043001008401,DBBL,42,54,20,134.00,"2,680.00"
2019-04-30,2019043001008400,DBBL,48,54,500,134.00,"67,000.00"
2019-04-30,2019043001008399,DBBL,8,54,300,134.00,"40,200.00"
2019-04-30,2019043001008398,DBBL,26,54,32,134.00,"4,288.00"
2019-04-30,2019043001008397,DDBL,43,22,20,727.00,"14,540.00"
2019-04-30,2019043001008396,DDBL,58,22,30,727.00,"21,810.00"
2019-04-30,2019043001008178,DDBL,58,14,50,727.00,"36,350.00"
2019-04-30,2019043001008567,EBL,50,34,216,664.00,"143,424.00"
2019-04-30,2019043001008566,EBL,50,36,84,664.00,"55,776.00"
2019-04-30,2019043001008560,EBL,57,57,413,660.00,"272,580.00"
2019-04-30,2019043001008559,EBL,29,57,80,660.00,"52,800.00"
2019-04-30,2019043001008558,EBL,44,57,400,660.00,"264,000.00"
2019-04-30,2019043001008557,EBL,54,57,100,660.00,"66,000.00"
2019-04-30,2019043001008248,EBL,13,21,60,663.00,"39,780.00"
2019-04-30,2019043001008556,EBL,44,57,100,661.00,"66,100.00"
2019-04-30,2019043001008555,EBL,59,57,200,661.00,"132,200.00"
2019-04-30,2019043001008554,EBL,48,57,478,661.00,"315,958.00"
2019-04-30,2019043001008553,EBL,44,57,729,662.00,"482,598.00"
2019-04-30,2019043001008314,EBL,44,22,200,662.00,"132,400.00"
2019-04-30,2019043001008352,FMDBL,5,38,152,430.00,"65,360.00"
2019-04-30,2019043001008328,FMDBL,46,38,210,430.00,"90,300.00"
2019-04-30,2019043001008327,FMDBL,34,38,138,430.00,"59,340.00"
2019-04-30,2019043001008245,FMDBL,5,17,210,433.00,"90,930.00"
2019-04-30,2019043001008465,GBBL,38,34,900,219.00,"197,100.00"
2019-04-30,2019043001008338,GBBL,43,34,200,220.00,"44,000.00"
2019-04-30,2019043001008337,GBBL,59,34,100,220.00,"22,000.00"
2019-04-30,2019043001008307,GBBL,45,52,37,221.00,"8,177.00"
2019-04-30,2019043001008306,GBBL,45,17,13,221.00,"2,873.00"
