Date,Transact. No.,Symbol,Buyer,Seller,Quantity,Rate,Amount
2019-08-05,2019080501007184,ADBL,39,4,500,433.00,"216,500.00"
2019-08-05,2019080501007159,ADBL,58,4,"2,475",433.00,"1,071,675.00"
2019-08-05,2019080501007158,ADBL,58,3,525,432.00,"226,800.00"
2019-08-05,2019080501007143,ADBL,58,3,200,432.00,"86,400.00"
2019-08-05,2019080501007047,ADBL,34,54,28,431.00,"12,068.00"
2019-08-05,2019080501007046,ADBL,58,54,37,431.00,"15,947.00"
2019-08-05,2019080501006788,ADBL,58,28,510,432.00,"220,320.00"
2019-08-05,2019080501006782,ADBL,58,4,210,433.00,"90,930.00"
2019-08-05,2019080501006773,ADBL,58,28,320,432.00,"138,240.00"
2019-08-05,2019080501006713,ADBL,58,49,150,432.00,"64,800.00"
2019-08-05,2019080501006859,ADBL,53,28,202,432.00,"87,264.00"
2019-08-05,2019080501006846,ADBL,52,28,500,432.00,"216,000.00"
2019-08-05,2019080501006843,ADBL,32,17,21,431.00,"9,051.00"
2019-08-05,2019080501006791,ADBL,44,28,200,432.00,"86,400.00"
2019-08-05,2019080501006790,ADBL,17,28,478,432.00,"206,496.00"
2019-08-05,2019080501006789,ADBL,22,28,50,432.00,"21,600.00"
2019-08-05,2019080501007027,ADBL,58,35,300,431.00,"129,300.00"
2019-08-05,2019080501006983,ADBL,58,39,163,431.00,"70,253.00"
2019-08-05,2019080501006982,ADBL,32,39,29,431.00,"12,499.00"
2019-08-05,2019080501006981,ADBL,58,39,200,432.00,"86,400.00"
2019-08-05,2019080501006980,ADBL,52,39,10,432.00,"4,320.00"
2019-08-05,2019080501006979,ADBL,53,39,98,432.00,"42,336.00"
2019-08-05,2019080501007024,AHPC,25,45,144,104.00,"14,976.00"
2019-08-05,2019080501006794,AKPL,10,41,13,171.00,"2,223.00"
2019-08-05,2019080501006793,AKPL,10,36,39,171.00,"6,669.00"
2019-08-05,2019080501006792,AKPL,10,26,69,170.00,"11,730.00"
2019-08-05,2019080501007130,ALBSL,25,58,10,474.00,"4,740.00"
2019-08-05,2019080501007129,ALBSL,25,26,30,468.00,"14,040.00"
2019-08-05,2019080501007127,ALBSL,52,42,20,465.00,"9,300.00"
2019-08-05,2019080501006963,ALBSL,52,1,10,465.00,"4,650.00"
2019-08-05,2019080501006772,ALBSL,52,32,10,465.00,"4,650.00"
2019-08-05,2019080501007175,ALICL,58,28,86,362.00,"31,132.00"
2019-08-05,2019080501007157,ALICL,44,28,500,362.00,"181,000.00"
2019-08-05,2019080501007156,ALICL,45,28,200,362.00,"72,400.00"
2019-08-05,2019080501007155,ALICL,55,28,50,362.00,"18,100.00"
2019-08-05,2019080501007154,ALICL,5,28,50,362.00,"18,100.00"
2019-08-05,2019080501007153,ALICL,37,28,69,362.00,"24,978.00"
2019-08-05,2019080501007152,ALICL,45,28,20,363.00,"7,260.00"
2019-08-05,2019080501007151,ALICL,51,28,25,363.00,"9,075.00"
2019-08-05,2019080501007145,ALICL,51,49,25,363.00,"9,075.00"
2019-08-05,2019080501007144,ALICL,58,49,50,363.00,"18,150.00"
2019-08-05,2019080501007055,ALICL,58,48,200,364.00,"72,800.00"
2019-08-05,2019080501007112,API,57,45,"1,000",136.00,"136,000.00"
2019-08-05,2019080501006845,API,35,7,18,136.00,"2,448.00"
2019-08-05,2019080501006714,BARUN,1,43,10,88.00,880.00
2019-08-05,2019080501006704,BARUN,1,6,260,88.00,"22,880.00"
2019-08-05,2019080501006703,BARUN,56,6,70,89.00,"6,230.00"
2019-08-05,2019080501007177,BFC,14,22,"1,000",100.00,"100,000.00"
2019-08-05,2019080501006813,BFC,57,22,100,100.00,"10,000.00"
2019-08-05,2019080501006759,BFC,47,38,166,99.00,"16,434.00"
2019-08-05,2019080501007092,BOKL,50,41,101,260.00,"26,260.00"
2019-08-05,2019080501007091,BOKL,47,41,200,261.00,"52,200.00"
2019-08-05,2019080501007090,BOKL,57,41,99,261.00,"25,839.00"
2019-08-05,2019080501007089,BOKL,57,45,151,261.00,"39,411.00"
2019-08-05,2019080501007014,BOKL,57,58,250,261.00,"65,250.00"
2019-08-05,2019080501006757,BOKL,53,11,900,261.00,"234,900.00"
2019-08-05,2019080501006756,BOKL,53,19,956,261.00,"249,516.00"
2019-08-05,2019080501007076,BPCL,6,41,18,400.00,"7,200.00"
2019-08-05,2019080501007075,BPCL,58,41,15,400.00,"6,000.00"
2019-08-05,2019080501006925,BPCL,33,51,500,401.00,"200,500.00"
2019-08-05,2019080501007036,CBBL,14,36,100,"1,012.00","101,200.00"
2019-08-05,2019080501007006,CBBL,39,54,100,"1,011.00","101,100.00"
2019-08-05,2019080501006933,CBBL,26,54,100,"1,011.00","101,100.00"
2019-08-05,2019080501007057,CBL,33,58,100,152.00,"15,200.00"
2019-08-05,2019080501006966,CBL,45,58,67,152.00,"10,184.00"
2019-08-05,2019080501006884,CBL,45,17,33,152.00,"5,016.00"
2019-08-05,2019080501006784,CBL,32,58,"2,935",152.00,"446,120.00"
2019-08-05,2019080501006783,CBL,28,22,150,151.00,"22,650.00"
2019-08-05,2019080501007188,CCBL,32,39,60,170.00,"10,200.00"
2019-08-05,2019080501007187,CCBL,32,57,40,170.00,"6,800.00"
2019-08-05,2019080501007126,CCBL,45,49,200,167.00,"33,400.00"
2019-08-05,2019080501007125,CCBL,44,49,"1,730",167.00,"288,910.00"
2019-08-05,2019080501007124,CCBL,5,49,500,168.00,"84,000.00"
2019-08-05,2019080501007085,CCBL,5,49,340,169.00,"57,460.00"
2019-08-05,2019080501007059,CCBL,5,52,100,169.00,"16,900.00"
2019-08-05,2019080501007058,CCBL,5,51,60,169.00,"10,140.00"
2019-08-05,2019080501006855,CEFL,42,6,"1,000",106.00,"106,000.00"
2019-08-05,2019080501006776,CHCL,6,16,787,510.00,"401,370.00"
2019-08-05,2019080501006831,CIT,33,57,90,"2,420.00","217,800.00"
2019-08-05,2019080501006830,CIT,45,57,100,"2,425.00","242,500.00"
2019-08-05,2019080501006829,CIT,55,57,10,"2,430.00","24,300.00"
2019-08-05,2019080501006974,CZBIL,44,17,20,223.00,"4,460.00"
2019-08-05,2019080501006969,CZBIL,42,21,100,224.00,"22,400.00"
2019-08-05,2019080501006926,CZBIL,44,52,100,223.00,"22,300.00"
2019-08-05,2019080501007023,DDBL,44,41,52,772.00,"40,144.00"
2019-08-05,2019080501007022,DDBL,50,41,13,772.00,"10,036.00"
2019-08-05,2019080501007021,DDBL,1,41,50,773.00,"38,650.00"
2019-08-05,2019080501007020,DDBL,51,41,70,773.00,"54,110.00"
2019-08-05,2019080501006781,DHPL,45,22,100,66.00,"6,600.00"
2019-08-05,2019080501007194,EBL,35,57,100,658.00,"65,800.00"
2019-08-05,2019080501007096,EBL,36,57,100,658.00,"65,800.00"
2019-08-05,2019080501007012,EBL,25,26,50,659.00,"32,950.00"
2019-08-05,2019080501007011,EBL,25,25,250,659.00,"164,750.00"
2019-08-05,2019080501006700,EIC,40,57,30,359.00,"10,770.00"
2019-08-05,2019080501006809,FMDBL,58,45,73,385.00,"28,105.00"
2019-08-05,2019080501006808,FMDBL,7,45,300,385.00,"115,500.00"
2019-08-05,2019080501006807,FMDBL,35,45,20,385.00,"7,700.00"
2019-08-05,2019080501006806,FMDBL,42,45,100,385.00,"38,500.00"
2019-08-05,2019080501006805,FMDBL,33,45,107,385.00,"41,195.00"
2019-08-05,2019080501006755,FOWAD,22,39,63,"1,400.00","88,200.00"
2019-08-05,2019080501006754,FOWAD,22,48,11,"1,400.00","15,400.00"
2019-08-05,2019080501007148,GBLBS,45,25,20,378.00,"7,560.00"
2019-08-05,2019080501007053,GBLBS,21,57,10,380.00,"3,800.00"
2019-08-05,2019080501006850,GBLBS,42,57,30,380.00,"11,400.00"
2019-08-05,2019080501006849,GBLBS,42,59,10,380.00,"3,800.00"
2019-08-05,2019080501006848,GBLBS,42,43,10,379.00,"3,790.00"
2019-08-05,2019080501007039,GLBSL,51,53,10,525.00,"5,250.00"
2019-08-05,2019080501007002,GLBSL,8,58,10,530.00,"5,300.00"
2019-08-05,2019080501006985,GLICL,36,58,38,461.00,"17,518.00"
2019-08-05,2019080501007115,GMFBS,34,21,10,582.00,"5,820.00"
2019-08-05,2019080501006774,GMFBS,33,34,50,582.00,"29,100.00"
2019-08-05,2019080501006730,GMFBS,33,39,10,581.00,"5,810.00"
2019-08-05,2019080501006729,GMFBS,33,39,50,581.00,"29,050.00"
2019-08-05,2019080501006762,HBL,41,45,10,548.00,"5,480.00"
2019-08-05,2019080501007147,HIDCL,29,51,10,156.00,"1,560.00"
2019-08-05,2019080501007146,HIDCL,29,8,100,155.00,"15,500.00"
2019-08-05,2019080501006844,HIDCL,1,7,56,154.00,"8,624.00"
2019-08-05,2019080501006801,HURJA,41,11,20,137.00,"2,740.00"
2019-08-05,2019080501006800,HURJA,41,32,200,137.00,"27,400.00"
2019-08-05,2019080501006799,HURJA,41,41,20,137.00,"2,740.00"
2019-08-05,2019080501007181,ILBS,20,50,10,471.00,"4,710.00"
2019-08-05,2019080501007180,ILBS,20,52,10,471.00,"4,710.00"
2019-08-05,2019080501007150,ILBS,10,40,10,470.00,"4,700.00"
2019-08-05,2019080501007131,ILBS,10,8,10,470.00,"4,700.00"
2019-08-05,2019080501007117,ILBS,8,8,10,471.00,"4,710.00"
2019-08-05,2019080501007097,ILBS,8,8,10,471.00,"4,710.00"
2019-08-05,2019080501006697,ILBS,29,29,10,471.00,"4,710.00"
2019-08-05,2019080501006880,ILBS,8,8,10,472.00,"4,720.00"
2019-08-05,2019080501006871,ILBS,8,8,10,472.00,"4,720.00"
2019-08-05,2019080501006851,ILBS,8,8,10,472.00,"4,720.00"
2019-08-05,2019080501006726,ILBS,10,16,10,470.00,"4,700.00"
2019-08-05,2019080501006701,ILBS,42,17,10,470.00,"4,700.00"
2019-08-05,2019080501006698,ILBS,42,58,10,470.00,"4,700.00"
2019-08-05,2019080501006964,ILBS,8,8,10,472.00,"4,720.00"
2019-08-05,2019080501006957,ILBS,8,8,10,472.00,"4,720.00"
2019-08-05,2019080501006943,ILBS,8,8,10,472.00,"4,720.00"
2019-08-05,2019080501006939,ILBS,8,8,10,472.00,"4,720.00"
2019-08-05,2019080501006895,ILBS,8,46,10,472.00,"4,720.00"
2019-08-05,2019080501006888,ILBS,8,8,10,472.00,"4,720.00"
2019-08-05,2019080501007013,ILBS,8,8,10,472.00,"4,720.00"
2019-08-05,2019080501007009,ILBS,10,44,10,475.00,"4,750.00"
2019-08-05,2019080501007008,ILBS,10,44,10,475.00,"4,750.00"
2019-08-05,2019080501007007,ILBS,10,51,40,475.00,"19,000.00"
2019-08-05,2019080501007000,ILBS,8,16,10,472.00,"4,720.00"
2019-08-05,2019080501006972,ILBS,8,8,10,472.00,"4,720.00"
2019-08-05,2019080501007088,ILBS,8,37,10,471.00,"4,710.00"
2019-08-05,2019080501007070,ILBS,10,42,31,470.00,"14,570.00"
2019-08-05,2019080501007044,ILBS,39,58,10,471.00,"4,710.00"
2019-08-05,2019080501007038,ILBS,8,8,10,472.00,"4,720.00"
2019-08-05,2019080501007031,ILBS,8,8,10,472.00,"4,720.00"
2019-08-05,2019080501007025,ILBS,8,8,10,472.00,"4,720.00"
2019-08-05,2019080501007128,JBBL,58,38,500,157.00,"78,500.00"
2019-08-05,2019080501006878,JBBL,58,54,16,157.00,"2,512.00"
2019-08-05,2019080501007052,JFL,3,51,208,184.00,"38,272.00"
2019-08-05,2019080501007170,KBL,36,36,400,214.00,"85,600.00"
2019-08-05,2019080501006896,KBL,16,45,"6,000",213.00,"1,278,000.00"
2019-08-05,2019080501006883,KBL,50,36,37,214.00,"7,918.00"
2019-08-05,2019080501006872,KBL,17,36,188,214.00,"40,232.00"
2019-08-05,2019080501006707,KBL,16,32,20,213.00,"4,260.00"
2019-08-05,2019080501006858,KRBL,48,50,50,110.00,"5,500.00"
2019-08-05,2019080501006857,KRBL,48,41,100,110.00,"11,000.00"
2019-08-05,2019080501007121,KSBBL,22,50,20,155.00,"3,100.00"
2019-08-05,2019080501007140,LBBL,45,33,350,208.00,"72,800.00"
2019-08-05,2019080501007139,LBBL,45,17,"1,000",208.00,"208,000.00"
2019-08-05,2019080501007138,LBBL,45,22,"2,000",208.00,"416,000.00"
2019-08-05,2019080501007137,LBBL,45,57,"3,000",208.00,"624,000.00"
2019-08-05,2019080501007136,LBBL,45,33,50,208.00,"10,400.00"
2019-08-05,2019080501007135,LBBL,45,42,300,208.00,"62,400.00"
2019-08-05,2019080501006970,LBBL,8,17,200,207.00,"41,400.00"
2019-08-05,2019080501006847,LBBL,8,21,733,207.00,"151,731.00"
2019-08-05,2019080501006815,LBBL,8,47,500,207.00,"103,500.00"
2019-08-05,2019080501006706,LBBL,59,34,200,208.00,"41,600.00"
2019-08-05,2019080501007041,LBBL,33,21,433,207.00,"89,631.00"
2019-08-05,2019080501007040,LBBL,38,21,67,207.00,"13,869.00"
2019-08-05,2019080501006997,LBBL,38,14,233,207.00,"48,231.00"
2019-08-05,2019080501006996,LBBL,8,14,767,207.00,"158,769.00"
2019-08-05,2019080501007134,LBBL,45,42,665,208.00,"138,320.00"
2019-08-05,2019080501007133,LBBL,45,41,300,208.00,"62,400.00"
2019-08-05,2019080501007132,LBBL,45,34,190,208.00,"39,520.00"
2019-08-05,2019080501007108,LBBL,14,28,508,206.00,"104,648.00"
2019-08-05,2019080501007066,LBBL,54,28,100,207.00,"20,700.00"
2019-08-05,2019080501007054,LBBL,33,28,67,207.00,"13,869.00"
2019-08-05,2019080501007072,LBL,16,17,54,218.00,"11,772.00"
2019-08-05,2019080501006949,LICN,57,16,20,"1,144.00","22,880.00"
2019-08-05,2019080501006836,LICN,56,8,50,"1,145.00","57,250.00"
2019-08-05,2019080501006723,LICN,41,14,10,"1,155.00","11,550.00"
2019-08-05,2019080501007078,LLBS,6,5,40,731.00,"29,240.00"
2019-08-05,2019080501007077,LLBS,34,5,50,731.00,"36,550.00"
2019-08-05,2019080501006887,LLBS,57,5,10,745.00,"7,450.00"
2019-08-05,2019080501007004,LVF1,49,49,"3,300",10.87,"35,871.00"
2019-08-05,2019080501007003,LVF1,7,49,"1,700",10.88,"18,496.00"
2019-08-05,2019080501007061,LVF1,49,41,"1,000",10.87,"10,870.00"
2019-08-05,2019080501006712,MBL,18,58,221,262.00,"57,902.00"
2019-08-05,2019080501006711,MBL,18,58,779,262.00,"204,098.00"
2019-08-05,2019080501007171,MEGA,38,49,42,203.00,"8,526.00"
2019-08-05,2019080501007120,MEGA,19,49,"1,000",203.00,"203,000.00"
2019-08-05,2019080501007087,MEGA,21,52,167,202.00,"33,734.00"
2019-08-05,2019080501007086,MEGA,25,52,34,202.00,"6,868.00"
2019-08-05,2019080501007063,MEGA,56,49,300,203.00,"60,900.00"
2019-08-05,2019080501007062,MEGA,7,49,250,203.00,"50,750.00"
2019-08-05,2019080501006760,MEGA,56,49,"1,092",203.00,"221,676.00"
2019-08-05,2019080501006747,MEGA,56,52,908,203.00,"184,324.00"
2019-08-05,2019080501007035,MEGA,25,41,300,202.00,"60,600.00"
2019-08-05,2019080501007010,MEGA,17,49,200,203.00,"40,600.00"
2019-08-05,2019080501006885,MEGA,32,49,100,203.00,"20,300.00"
2019-08-05,2019080501006852,MEGA,25,49,200,203.00,"40,600.00"
2019-08-05,2019080501006835,MEGA,49,49,"20,000",202.00,"4,040,000.00"
2019-08-05,2019080501006818,MEGA,56,49,100,203.00,"20,300.00"
2019-08-05,2019080501007123,MHNL,52,54,40,105.00,"4,200.00"
2019-08-05,2019080501007019,MLBBL,20,26,75,476.00,"35,700.00"
2019-08-05,2019080501007018,MLBBL,22,26,200,476.00,"95,200.00"
2019-08-05,2019080501007017,MLBBL,47,26,25,485.00,"12,125.00"
2019-08-05,2019080501006882,MNBBL,52,36,300,377.00,"113,100.00"
2019-08-05,2019080501006881,MNBBL,14,36,180,377.00,"67,860.00"
2019-08-05,2019080501007051,MNBBL,51,25,775,377.00,"292,175.00"
2019-08-05,2019080501007050,MNBBL,59,25,25,377.00,"9,425.00"
2019-08-05,2019080501006812,MPFL,56,45,10,114.00,"1,140.00"
2019-08-05,2019080501006988,MSLB,39,50,50,972.00,"48,600.00"
2019-08-05,2019080501006968,MSLB,43,1,19,973.00,"18,487.00"
2019-08-05,2019080501006942,MSLB,43,5,63,973.00,"61,299.00"
2019-08-05,2019080501007164,MSMBS,33,29,10,535.00,"5,350.00"
2019-08-05,2019080501006965,MSMBS,55,6,10,525.00,"5,250.00"
2019-08-05,2019080501006889,MSMBS,33,29,10,531.00,"5,310.00"
2019-08-05,2019080501007186,NABIL,18,43,40,800.00,"32,000.00"
2019-08-05,2019080501007166,NABIL,14,3,500,799.00,"399,500.00"
2019-08-05,2019080501007045,NABIL,46,43,50,800.00,"40,000.00"
2019-08-05,2019080501006995,NABIL,1,43,410,800.00,"328,000.00"
2019-08-05,2019080501006892,NABIL,1,16,90,800.00,"72,000.00"
2019-08-05,2019080501006891,NABIL,32,16,10,800.00,"8,000.00"
2019-08-05,2019080501007165,NADEP,32,34,20,474.00,"9,480.00"
2019-08-05,2019080501006734,NADEP,35,25,200,474.00,"94,800.00"
2019-08-05,2019080501006733,NADEP,6,25,50,475.00,"23,750.00"
2019-08-05,2019080501006732,NADEP,59,25,10,475.00,"4,750.00"
2019-08-05,2019080501007095,NAGRO,34,34,10,860.00,"8,600.00"
2019-08-05,2019080501007074,NAGRO,43,52,10,855.00,"8,550.00"
2019-08-05,2019080501007073,NAGRO,43,59,170,855.00,"145,350.00"
2019-08-05,2019080501007043,NAGRO,57,50,10,855.00,"8,550.00"
2019-08-05,2019080501007005,NAGRO,34,22,10,855.00,"8,550.00"
2019-08-05,2019080501006991,NAGRO,34,1,10,851.00,"8,510.00"
2019-08-05,2019080501006724,NAGRO,34,34,50,840.00,"42,000.00"
2019-08-05,2019080501006715,NAGRO,34,4,20,836.00,"16,720.00"
2019-08-05,2019080501006710,NAGRO,34,34,250,840.00,"210,000.00"
2019-08-05,2019080501006709,NAGRO,34,51,10,840.00,"8,400.00"
2019-08-05,2019080501006708,NAGRO,34,19,60,839.00,"50,340.00"
2019-08-05,2019080501006971,NAGRO,33,42,10,835.00,"8,350.00"
2019-08-05,2019080501006890,NAGRO,34,45,10,851.00,"8,510.00"
2019-08-05,2019080501006817,NAGRO,38,42,30,835.00,"25,050.00"
2019-08-05,2019080501006816,NAGRO,34,42,30,836.00,"25,080.00"
2019-08-05,2019080501006778,NAGRO,34,51,10,845.00,"8,450.00"
2019-08-05,2019080501006725,NAGRO,34,57,10,840.00,"8,400.00"
2019-08-05,2019080501007029,NBB,38,57,14,219.00,"3,066.00"
2019-08-05,2019080501006956,NBB,34,57,500,219.00,"109,500.00"
2019-08-05,2019080501006955,NBB,42,57,10,219.00,"2,190.00"
2019-08-05,2019080501006954,NBB,53,57,100,219.00,"21,900.00"
2019-08-05,2019080501006953,NBB,6,57,90,219.00,"19,710.00"
2019-08-05,2019080501006952,NBB,39,57,200,219.00,"43,800.00"
2019-08-05,2019080501006951,NBB,58,57,686,219.00,"150,234.00"
2019-08-05,2019080501006932,NBB,58,53,500,219.00,"109,500.00"
2019-08-05,2019080501007193,NBL,33,44,10,331.00,"3,310.00"
2019-08-05,2019080501007169,NBL,50,4,543,330.00,"179,190.00"
2019-08-05,2019080501007168,NBL,52,4,457,330.00,"150,810.00"
2019-08-05,2019080501007118,NBL,57,44,100,331.00,"33,100.00"
2019-08-05,2019080501007042,NBL,43,44,100,331.00,"33,100.00"
2019-08-05,2019080501006992,NBL,57,44,200,331.00,"66,200.00"
2019-08-05,2019080501006824,NBL,4,4,852,331.00,"282,012.00"
2019-08-05,2019080501006823,NBL,4,44,915,331.00,"302,865.00"
2019-08-05,2019080501006702,NBL,26,44,100,331.00,"33,100.00"
2019-08-05,2019080501006696,NBL,52,47,51,330.00,"16,830.00"
2019-08-05,2019080501006695,NBL,49,47,49,330.00,"16,170.00"
2019-08-05,2019080501006934,NBL,4,57,"1,492",331.00,"493,852.00"
2019-08-05,2019080501006879,NBL,42,57,50,331.00,"16,550.00"
2019-08-05,2019080501006874,NBL,32,57,500,331.00,"165,500.00"
2019-08-05,2019080501006827,NBL,4,57,233,331.00,"77,123.00"
2019-08-05,2019080501006826,NBL,4,33,"1,000",331.00,"331,000.00"
2019-08-05,2019080501006825,NBL,4,29,"1,000",331.00,"331,000.00"
2019-08-05,2019080501006990,NBL,42,44,200,331.00,"66,200.00"
2019-08-05,2019080501006975,NBL,52,44,100,331.00,"33,100.00"
2019-08-05,2019080501006961,NBL,38,44,20,331.00,"6,620.00"
2019-08-05,2019080501006946,NBL,46,44,400,331.00,"132,400.00"
2019-08-05,2019080501006938,NBL,52,42,492,330.00,"162,360.00"
2019-08-05,2019080501006937,NBL,4,42,508,331.00,"168,148.00"
2019-08-05,2019080501007049,NCCB,34,18,"2,000",244.00,"488,000.00"
2019-08-05,2019080501007048,NCCB,34,58,450,244.00,"109,800.00"
2019-08-05,2019080501006984,NCCB,49,58,200,244.00,"48,800.00"
2019-08-05,2019080501006834,NCCB,36,58,30,244.00,"7,320.00"
2019-08-05,2019080501006766,NGPL,25,47,11,114.00,"1,254.00"
2019-08-05,2019080501007111,NHPC,45,56,400,65.00,"26,000.00"
2019-08-05,2019080501006751,NHPC,45,58,"6,600",65.00,"429,000.00"
2019-08-05,2019080501006750,NHPC,38,58,500,65.00,"32,500.00"
2019-08-05,2019080501006749,NHPC,25,58,500,65.00,"32,500.00"
2019-08-05,2019080501006748,NHPC,57,58,400,65.00,"26,000.00"
2019-08-05,2019080501006775,NIB,59,49,300,514.00,"154,200.00"
2019-08-05,2019080501006720,NIB,42,49,100,514.00,"51,400.00"
2019-08-05,2019080501006894,NIBPO,32,7,150,468.00,"70,200.00"
2019-08-05,2019080501006758,NIBPO,1,4,400,469.00,"187,600.00"
2019-08-05,2019080501007176,NICA,22,59,200,465.00,"93,000.00"
2019-08-05,2019080501007142,NICA,4,6,805,464.00,"373,520.00"
2019-08-05,2019080501007122,NICA,4,6,"1,311",464.00,"608,304.00"
2019-08-05,2019080501006986,NICA,33,6,195,465.00,"90,675.00"
2019-08-05,2019080501006945,NICA,33,50,100,465.00,"46,500.00"
2019-08-05,2019080501006944,NICA,33,51,"1,205",465.00,"560,325.00"
2019-08-05,2019080501006731,NICA,4,47,200,464.00,"92,800.00"
2019-08-05,2019080501007094,NLBBL,45,34,100,578.00,"57,800.00"
2019-08-05,2019080501007032,NLBBL,38,48,35,573.00,"20,055.00"
2019-08-05,2019080501007001,NLIC,51,17,50,876.00,"43,800.00"
2019-08-05,2019080501006941,NLIC,17,17,60,876.00,"52,560.00"
2019-08-05,2019080501006940,NLIC,16,17,12,876.00,"10,512.00"
2019-08-05,2019080501006722,NLIC,39,50,15,877.00,"13,155.00"
2019-08-05,2019080501006721,NLIC,39,51,35,877.00,"30,695.00"
2019-08-05,2019080501007083,NLICL,4,19,194,575.00,"111,550.00"
2019-08-05,2019080501007082,NLICL,41,19,100,575.00,"57,500.00"
2019-08-05,2019080501007081,NLICL,39,19,500,575.00,"287,500.00"
2019-08-05,2019080501007080,NLICL,7,19,10,576.00,"5,760.00"
2019-08-05,2019080501007079,NLICL,14,19,46,576.00,"26,496.00"
2019-08-05,2019080501006959,NLICL,14,52,54,576.00,"31,104.00"
2019-08-05,2019080501006958,NLICL,34,52,100,576.00,"57,600.00"
2019-08-05,2019080501006811,NLICL,55,55,270,578.00,"156,060.00"
2019-08-05,2019080501007065,NMFBS,38,38,60,"1,517.00","91,020.00"
2019-08-05,2019080501007026,NMFBS,58,38,30,"1,517.00","45,510.00"
2019-08-05,2019080501006994,NMFBS,38,38,100,"1,517.00","151,700.00"
2019-08-05,2019080501006960,NMFBS,38,38,100,"1,517.00","151,700.00"
2019-08-05,2019080501006930,NMFBS,38,42,100,"1,516.00","151,600.00"
2019-08-05,2019080501006842,NMFBS,38,38,100,"1,517.00","151,700.00"
2019-08-05,2019080501006839,NMFBS,32,42,40,"1,500.00","60,000.00"
2019-08-05,2019080501006838,NMFBS,33,42,50,"1,515.00","75,750.00"
2019-08-05,2019080501006837,NMFBS,40,42,10,"1,516.00","15,160.00"
2019-08-05,2019080501006728,NMFBS,40,44,15,"1,516.00","22,740.00"
2019-08-05,2019080501007119,NNLB,33,42,50,455.00,"22,750.00"
2019-08-05,2019080501006897,NUBL,42,16,100,905.00,"90,500.00"
2019-08-05,2019080501007060,PIC,22,22,34,478.00,"16,252.00"
2019-08-05,2019080501006753,PIC,22,35,9,479.00,"4,311.00"
2019-08-05,2019080501006752,PIC,41,35,10,479.00,"4,790.00"
2019-08-05,2019080501007067,PLIC,25,52,10,425.00,"4,250.00"
2019-08-05,2019080501007093,PPCL,6,56,10,132.00,"1,320.00"
2019-08-05,2019080501007069,PPCL,6,11,30,131.00,"3,930.00"
2019-08-05,2019080501007167,PRIN,44,59,900,370.00,"333,000.00"
2019-08-05,2019080501007141,PRIN,44,39,112,368.00,"41,216.00"
2019-08-05,2019080501007033,PRIN,47,39,50,368.00,"18,400.00"
2019-08-05,2019080501007185,PROFL,34,59,600,104.00,"62,400.00"
2019-08-05,2019080501007183,PRVU,10,19,216,272.00,"58,752.00"
2019-08-05,2019080501007182,PRVU,10,19,473,272.00,"128,656.00"
2019-08-05,2019080501007071,PRVU,22,19,20,273.00,"5,460.00"
2019-08-05,2019080501006841,PRVU,26,58,100,273.00,"27,300.00"
2019-08-05,2019080501006840,PRVU,50,58,200,273.00,"54,600.00"
2019-08-05,2019080501006699,RADHI,48,48,11,144.00,"1,584.00"
2019-08-05,2019080501006856,RBCL,45,6,10,"9,320.00","93,200.00"
2019-08-05,2019080501006798,RMDC,41,37,16,664.00,"10,624.00"
2019-08-05,2019080501006771,RMDC,49,37,"1,000",665.00,"665,000.00"
2019-08-05,2019080501006770,RMDC,22,37,50,670.00,"33,500.00"
2019-08-05,2019080501006769,RMDC,26,37,262,672.00,"176,064.00"
2019-08-05,2019080501006768,RMDC,54,37,100,673.00,"67,300.00"
2019-08-05,2019080501006767,RMDC,41,37,172,673.00,"115,756.00"
2019-08-05,2019080501006924,RRHP,22,52,10,108.00,"1,080.00"
2019-08-05,2019080501006923,RRHP,22,42,10,108.00,"1,080.00"
2019-08-05,2019080501006922,RRHP,22,11,10,108.00,"1,080.00"
2019-08-05,2019080501006921,RRHP,22,10,10,108.00,"1,080.00"
2019-08-05,2019080501006920,RRHP,22,10,10,108.00,"1,080.00"
2019-08-05,2019080501006901,RRHP,22,4,10,108.00,"1,080.00"
2019-08-05,2019080501006900,RRHP,22,4,10,108.00,"1,080.00"
2019-08-05,2019080501006899,RRHP,22,26,10,108.00,"1,080.00"
2019-08-05,2019080501006907,RRHP,22,48,10,108.00,"1,080.00"
2019-08-05,2019080501006906,RRHP,22,4,10,108.00,"1,080.00"
2019-08-05,2019080501006905,RRHP,22,48,10,108.00,"1,080.00"
2019-08-05,2019080501006904,RRHP,22,4,10,108.00,"1,080.00"
2019-08-05,2019080501006903,RRHP,22,4,10,108.00,"1,080.00"
2019-08-05,2019080501006902,RRHP,22,47,10,108.00,"1,080.00"
2019-08-05,2019080501006913,RRHP,22,29,10,108.00,"1,080.00"
2019-08-05,2019080501006912,RRHP,22,39,10,108.00,"1,080.00"
2019-08-05,2019080501006911,RRHP,22,39,10,108.00,"1,080.00"
2019-08-05,2019080501006910,RRHP,22,39,10,108.00,"1,080.00"
2019-08-05,2019080501006909,RRHP,22,59,10,108.00,"1,080.00"
2019-08-05,2019080501006908,RRHP,22,13,10,108.00,"1,080.00"
2019-08-05,2019080501006919,RRHP,22,26,50,108.00,"5,400.00"
2019-08-05,2019080501006918,RRHP,22,16,10,108.00,"1,080.00"
2019-08-05,2019080501006917,RRHP,22,52,10,108.00,"1,080.00"
2019-08-05,2019080501006916,RRHP,22,45,10,108.00,"1,080.00"
2019-08-05,2019080501006915,RRHP,22,26,10,108.00,"1,080.00"
2019-08-05,2019080501006914,RRHP,22,48,10,108.00,"1,080.00"
2019-08-05,2019080501006987,SANIMA,41,47,26,354.00,"9,204.00"
2019-08-05,2019080501006797,SANIMA,44,6,139,353.00,"49,067.00"
2019-08-05,2019080501006804,SBI,39,28,"1,000",464.00,"464,000.00"
2019-08-05,2019080501006803,SBI,39,46,671,464.00,"311,344.00"
2019-08-05,2019080501006802,SBI,39,52,50,464.00,"23,200.00"
2019-08-05,2019080501006727,SBI,39,38,160,463.00,"74,080.00"
2019-08-05,2019080501007109,SBL,14,25,500,321.00,"160,500.00"
2019-08-05,2019080501007084,SCB,51,45,80,664.00,"53,120.00"
2019-08-05,2019080501007192,SEF,6,51,"5,000",10.05,"50,250.00"
2019-08-05,2019080501006796,SEF,8,8,"1,100",10.02,"11,022.00"
2019-08-05,2019080501006821,SFFIL,38,38,40,266.00,"10,640.00"
2019-08-05,2019080501007149,SHINE,41,29,10,254.00,"2,540.00"
2019-08-05,2019080501007174,SHIVM,52,26,20,583.00,"11,660.00"
2019-08-05,2019080501007173,SHIVM,47,26,500,583.00,"291,500.00"
2019-08-05,2019080501007172,SHIVM,55,26,20,584.00,"11,680.00"
2019-08-05,2019080501007161,SHIVM,49,22,50,583.00,"29,150.00"
2019-08-05,2019080501007160,SHIVM,44,22,50,583.00,"29,150.00"
2019-08-05,2019080501007116,SHIVM,25,43,200,584.00,"116,800.00"
2019-08-05,2019080501006928,SHIVM,7,48,500,583.00,"291,500.00"
2019-08-05,2019080501006927,SHIVM,49,48,50,583.00,"29,150.00"
2019-08-05,2019080501006886,SHIVM,52,43,20,584.00,"11,680.00"
2019-08-05,2019080501006870,SHIVM,41,43,10,584.00,"5,840.00"
2019-08-05,2019080501007110,SHIVM,55,43,10,584.00,"5,840.00"
2019-08-05,2019080501007034,SHIVM,44,57,100,583.00,"58,300.00"
2019-08-05,2019080501006973,SHIVM,44,38,500,583.00,"291,500.00"
2019-08-05,2019080501006929,SHIVM,44,48,350,583.00,"204,050.00"
2019-08-05,2019080501006962,SHPC,34,28,400,247.00,"98,800.00"
2019-08-05,2019080501006936,SHPC,34,29,165,245.00,"40,425.00"
2019-08-05,2019080501006935,SHPC,34,40,165,244.00,"40,260.00"
2019-08-05,2019080501006820,SHPC,53,40,255,244.00,"62,220.00"
2019-08-05,2019080501006741,SHPC,52,47,100,240.00,"24,000.00"
2019-08-05,2019080501006740,SHPC,47,47,200,240.00,"48,000.00"
2019-08-05,2019080501006739,SHPC,28,47,500,241.00,"120,500.00"
2019-08-05,2019080501006738,SHPC,22,47,200,241.00,"48,200.00"
2019-08-05,2019080501006737,SHPC,48,47,56,241.00,"13,496.00"
2019-08-05,2019080501006736,SHPC,49,47,200,242.00,"48,400.00"
2019-08-05,2019080501006785,SHPC,43,40,10,244.00,"2,440.00"
2019-08-05,2019080501006746,SHPC,4,47,"2,444",240.00,"586,560.00"
2019-08-05,2019080501006745,SHPC,49,47,500,240.00,"120,000.00"
2019-08-05,2019080501006744,SHPC,43,47,150,240.00,"36,000.00"
2019-08-05,2019080501006743,SHPC,59,47,500,240.00,"120,000.00"
2019-08-05,2019080501006742,SHPC,1,47,150,240.00,"36,000.00"
2019-08-05,2019080501007037,SIC,4,35,100,605.00,"60,500.00"
2019-08-05,2019080501007113,SICL,35,42,32,799.00,"25,568.00"
2019-08-05,2019080501006868,SINDU,33,34,100,133.00,"13,300.00"
2019-08-05,2019080501006867,SINDU,33,34,100,133.00,"13,300.00"
2019-08-05,2019080501006866,SINDU,42,34,100,133.00,"13,300.00"
2019-08-05,2019080501006865,SINDU,34,34,"1,000",133.00,"133,000.00"
2019-08-05,2019080501006864,SINDU,35,34,23,133.00,"3,059.00"
2019-08-05,2019080501006780,SINDU,35,38,120,133.00,"15,960.00"
2019-08-05,2019080501007068,SLBBL,37,57,120,560.00,"67,200.00"
2019-08-05,2019080501007064,SLBBL,47,57,450,560.00,"252,000.00"
2019-08-05,2019080501007030,SLBBL,47,25,50,560.00,"28,000.00"
2019-08-05,2019080501007028,SLBBL,45,25,10,560.00,"5,600.00"
2019-08-05,2019080501006967,SLBBL,57,21,10,564.00,"5,640.00"
2019-08-05,2019080501006705,SLBBL,21,34,100,559.00,"55,900.00"
2019-08-05,2019080501006947,SLBBL,57,38,35,562.00,"19,670.00"
2019-08-05,2019080501006898,SLBBL,22,22,100,560.00,"56,000.00"
2019-08-05,2019080501006877,SLBBL,33,21,100,555.00,"55,500.00"
2019-08-05,2019080501006876,SLBBL,49,21,50,556.00,"27,800.00"
2019-08-05,2019080501006875,SLBBL,25,21,46,556.00,"25,576.00"
2019-08-05,2019080501007191,SLBSL,35,44,30,655.00,"19,650.00"
2019-08-05,2019080501007190,SLBSL,18,44,90,655.00,"58,950.00"
2019-08-05,2019080501007189,SLBSL,18,44,80,656.00,"52,480.00"
2019-08-05,2019080501007015,SLBSL,18,38,10,656.00,"6,560.00"
2019-08-05,2019080501006989,SLICL,58,4,620,458.00,"283,960.00"
2019-08-05,2019080501006948,SLICL,40,4,"3,000",458.00,"1,374,000.00"
2019-08-05,2019080501006863,SLICL,49,4,500,458.00,"229,000.00"
2019-08-05,2019080501006862,SLICL,55,4,300,458.00,"137,400.00"
2019-08-05,2019080501006861,SLICL,25,4,50,458.00,"22,900.00"
2019-08-05,2019080501006860,SLICL,49,4,100,458.00,"45,800.00"
2019-08-05,2019080501006819,SLICL,36,57,50,459.00,"22,950.00"
2019-08-05,2019080501006814,SLICL,17,4,30,460.00,"13,800.00"
2019-08-05,2019080501006761,SMATA,45,51,10,"1,300.00","13,000.00"
2019-08-05,2019080501006719,SMATA,45,42,19,"1,299.00","24,681.00"
2019-08-05,2019080501006718,SMATA,45,32,114,"1,299.00","148,086.00"
2019-08-05,2019080501006717,SMATA,45,34,19,"1,299.00","24,681.00"
2019-08-05,2019080501006716,SMATA,45,41,10,"1,298.00","12,980.00"
2019-08-05,2019080501007162,SMB,29,21,10,520.00,"5,200.00"
2019-08-05,2019080501006993,SMB,29,34,10,530.00,"5,300.00"
2019-08-05,2019080501006822,SMB,29,50,10,540.00,"5,400.00"
2019-08-05,2019080501007179,SMFBS,34,21,10,825.00,"8,250.00"
2019-08-05,2019080501007178,SMFBS,34,19,75,814.00,"61,050.00"
2019-08-05,2019080501007107,SMFBS,34,45,70,830.00,"58,100.00"
2019-08-05,2019080501007106,SMFBS,34,26,10,830.00,"8,300.00"
2019-08-05,2019080501007105,SMFBS,34,44,10,830.00,"8,300.00"
2019-08-05,2019080501007104,SMFBS,34,58,40,830.00,"33,200.00"
2019-08-05,2019080501006735,SMFBS,29,29,10,830.00,"8,300.00"
2019-08-05,2019080501007103,SMFBS,34,47,20,829.00,"16,580.00"
2019-08-05,2019080501007102,SMFBS,34,29,10,829.00,"8,290.00"
2019-08-05,2019080501007101,SMFBS,34,16,10,829.00,"8,290.00"
2019-08-05,2019080501007100,SMFBS,34,38,10,829.00,"8,290.00"
2019-08-05,2019080501007099,SMFBS,34,38,10,829.00,"8,290.00"
2019-08-05,2019080501007098,SMFBS,34,42,10,814.00,"8,140.00"
2019-08-05,2019080501007114,SMFDB,17,52,10,570.00,"5,700.00"
2019-08-05,2019080501007056,SMFDB,57,45,77,555.00,"42,735.00"
2019-08-05,2019080501006873,SMFDB,10,34,270,550.00,"148,500.00"
2019-08-05,2019080501006978,SPARS,51,40,20,654.00,"13,080.00"
2019-08-05,2019080501006869,SPARS,7,40,100,654.00,"65,400.00"
2019-08-05,2019080501006787,SRBL,25,39,138,249.00,"34,362.00"
2019-08-05,2019080501006786,SRBL,25,43,62,249.00,"15,438.00"
2019-08-05,2019080501006810,TRH,44,38,200,308.00,"61,600.00"
2019-08-05,2019080501007163,UIC,47,34,100,337.00,"33,700.00"
2019-08-05,2019080501007016,UIC,47,21,57,337.00,"19,209.00"
2019-08-05,2019080501006931,UIC,47,54,10,337.00,"3,370.00"
2019-08-05,2019080501006854,UMHL,34,34,104,108.00,"11,232.00"
2019-08-05,2019080501006853,UMHL,34,16,196,108.00,"21,168.00"
2019-08-05,2019080501006999,UPCL,58,43,10,88.00,880.00
2019-08-05,2019080501006998,UPCL,58,13,200,88.00,"17,600.00"
2019-08-05,2019080501006828,UPCL,29,43,40,88.00,"3,520.00"
2019-08-05,2019080501006795,UPCL,29,51,10,88.00,880.00
2019-08-05,2019080501006777,UPCL,17,29,50,87.00,"4,350.00"
2019-08-05,2019080501006950,UPPER,48,6,50,267.00,"13,350.00"
2019-08-05,2019080501006833,UPPER,11,6,43,267.00,"11,481.00"
2019-08-05,2019080501006832,UPPER,11,1,57,267.00,"15,219.00"
2019-08-05,2019080501006779,UPPER,14,1,500,267.00,"133,500.00"
2019-08-05,2019080501006893,UPPER,45,48,50,266.00,"13,300.00"
2019-08-05,2019080501006763,VLBS,55,41,50,583.00,"29,150.00"
2019-08-05,2019080501006765,VLBS,13,41,40,580.00,"23,200.00"
2019-08-05,2019080501006764,VLBS,43,41,100,582.00,"58,200.00"
2019-08-05,2019080501006977,VLBS,33,34,77,577.00,"44,429.00"
2019-08-05,2019080501006976,VLBS,13,34,23,580.00,"13,340.00"
2019-08-05,2019080501006682,ADBL,17,4,300,433.00,"129,900.00"
2019-08-05,2019080501006636,ADBL,58,4,20,433.00,"8,660.00"
2019-08-05,2019080501006594,ADBL,41,44,90,434.00,"39,060.00"
2019-08-05,2019080501006493,ADBL,25,49,200,434.00,"86,800.00"
2019-08-05,2019080501006492,ADBL,25,50,30,434.00,"13,020.00"
2019-08-05,2019080501006431,ADBL,58,4,480,433.00,"207,840.00"
2019-08-05,2019080501006430,ADBL,13,4,20,433.00,"8,660.00"
2019-08-05,2019080501006429,ADBL,58,4,500,433.00,"216,500.00"
2019-08-05,2019080501006410,ADBL,58,48,200,433.00,"86,600.00"
2019-08-05,2019080501006339,ADBL,42,50,50,434.00,"21,700.00"
2019-08-05,2019080501006321,ADBL,42,50,20,434.00,"8,680.00"
2019-08-05,2019080501006552,AHPC,25,42,25,104.00,"2,600.00"
2019-08-05,2019080501006490,AKJCL,25,16,20,68.00,"1,360.00"
2019-08-05,2019080501006694,ALBSL,18,41,540,466.00,"251,640.00"
2019-08-05,2019080501006693,ALBSL,6,41,50,467.00,"23,350.00"
2019-08-05,2019080501006692,ALBSL,5,41,210,467.00,"98,070.00"
2019-08-05,2019080501006691,ALBSL,52,41,50,468.00,"23,400.00"
2019-08-05,2019080501006486,ALBSL,5,52,390,467.00,"182,130.00"
2019-08-05,2019080501006485,ALBSL,7,52,50,467.00,"23,350.00"
2019-08-05,2019080501006484,ALBSL,3,52,140,468.00,"65,520.00"
2019-08-05,2019080501006333,ALBSL,3,45,40,468.00,"18,720.00"
2019-08-05,2019080501006242,ALBSL,3,29,10,468.00,"4,680.00"
2019-08-05,2019080501006357,ALICL,37,28,11,363.00,"3,993.00"
2019-08-05,2019080501006622,API,34,17,69,135.00,"9,315.00"
2019-08-05,2019080501006621,API,34,17,500,135.00,"67,500.00"
2019-08-05,2019080501006620,API,52,17,100,135.00,"13,500.00"
2019-08-05,2019080501006619,API,57,17,50,135.00,"6,750.00"
2019-08-05,2019080501006618,API,43,17,70,135.00,"9,450.00"
2019-08-05,2019080501006201,API,48,17,11,136.00,"1,496.00"
2019-08-05,2019080501006351,BOKL,50,51,225,260.00,"58,500.00"
2019-08-05,2019080501006350,BOKL,41,51,30,260.00,"7,800.00"
2019-08-05,2019080501006349,BOKL,53,51,300,260.00,"78,000.00"
2019-08-05,2019080501006348,BOKL,49,11,60,261.00,"15,660.00"
2019-08-05,2019080501006676,BPCL,58,7,235,400.00,"94,000.00"
2019-08-05,2019080501006423,BPCL,6,42,11,398.00,"4,378.00"
2019-08-05,2019080501006228,BPCL,48,48,33,399.00,"13,167.00"
2019-08-05,2019080501006580,CBBL,44,36,200,"1,012.00","202,400.00"
2019-08-05,2019080501006579,CBBL,44,50,50,"1,012.00","50,600.00"
2019-08-05,2019080501006578,CBBL,44,14,50,"1,011.00","50,550.00"
2019-08-05,2019080501006541,CBBL,6,39,70,"1,010.00","70,700.00"
2019-08-05,2019080501006279,CBBL,6,29,80,"1,010.00","80,800.00"
2019-08-05,2019080501006278,CBBL,6,34,417,"1,010.00","421,170.00"
2019-08-05,2019080501006606,CBL,28,22,366,151.00,"55,266.00"
2019-08-05,2019080501006605,CBL,51,22,214,151.00,"32,314.00"
2019-08-05,2019080501006535,CBL,51,37,220,151.00,"33,220.00"
2019-08-05,2019080501006547,CCBL,5,54,147,168.00,"24,696.00"
2019-08-05,2019080501006443,CCBL,44,42,17,167.00,"2,839.00"
2019-08-05,2019080501006442,CCBL,5,42,21,168.00,"3,528.00"
2019-08-05,2019080501006422,CCBL,38,7,21,168.00,"3,528.00"
2019-08-05,2019080501006391,CCBL,17,7,99,168.00,"16,632.00"
2019-08-05,2019080501006390,CCBL,17,33,901,168.00,"151,368.00"
2019-08-05,2019080501006290,CCBL,57,49,100,167.00,"16,700.00"
2019-08-05,2019080501006289,CCBL,29,49,447,167.00,"74,649.00"
2019-08-05,2019080501006288,CCBL,45,33,500,168.00,"84,000.00"
2019-08-05,2019080501006220,CCBL,45,33,99,168.00,"16,632.00"
2019-08-05,2019080501006207,CCBL,29,11,40,167.00,"6,680.00"
2019-08-05,2019080501006295,CCBL,44,49,253,167.00,"42,251.00"
2019-08-05,2019080501006294,CCBL,59,49,100,167.00,"16,700.00"
2019-08-05,2019080501006293,CCBL,52,49,500,167.00,"83,500.00"
2019-08-05,2019080501006292,CCBL,56,49,200,167.00,"33,400.00"
2019-08-05,2019080501006291,CCBL,43,49,400,167.00,"66,800.00"
2019-08-05,2019080501006571,CHCL,6,16,500,510.00,"255,000.00"
2019-08-05,2019080501006570,CHCL,6,16,93,510.00,"47,430.00"
2019-08-05,2019080501006225,CHCL,26,56,220,511.00,"112,420.00"
2019-08-05,2019080501006417,CZBIL,39,21,42,224.00,"9,408.00"
2019-08-05,2019080501006416,CZBIL,39,8,458,224.00,"102,592.00"
2019-08-05,2019080501006195,CZBIL,44,16,209,223.00,"46,607.00"
2019-08-05,2019080501006608,DBBL,49,38,500,142.00,"71,000.00"
2019-08-05,2019080501006557,DDBL,50,39,51,772.00,"39,372.00"
2019-08-05,2019080501006359,DDBL,50,48,436,772.00,"336,592.00"
2019-08-05,2019080501006358,DDBL,52,48,114,773.00,"88,122.00"
2019-08-05,2019080501006206,DHPL,29,44,"1,001",65.00,"65,065.00"
2019-08-05,2019080501006205,DHPL,29,44,234,65.00,"15,210.00"
2019-08-05,2019080501006653,EBL,51,19,64,657.00,"42,048.00"
2019-08-05,2019080501006629,EBL,51,16,85,657.00,"55,845.00"
2019-08-05,2019080501006628,EBL,35,16,573,657.00,"376,461.00"
2019-08-05,2019080501006627,EBL,25,16,75,658.00,"49,350.00"
2019-08-05,2019080501006626,EBL,45,16,50,658.00,"32,900.00"
2019-08-05,2019080501006625,EBL,19,16,50,658.00,"32,900.00"
2019-08-05,2019080501006301,EBL,45,25,100,659.00,"65,900.00"
2019-08-05,2019080501006230,EBL,7,25,50,659.00,"32,950.00"
2019-08-05,2019080501006624,EBL,17,16,100,658.00,"65,800.00"
2019-08-05,2019080501006562,EBL,58,25,100,659.00,"65,900.00"
2019-08-05,2019080501006428,EDBL,1,52,200,285.00,"57,000.00"
2019-08-05,2019080501006673,EIC,39,32,13,353.00,"4,589.00"
2019-08-05,2019080501006672,EIC,42,32,30,355.00,"10,650.00"
2019-08-05,2019080501006567,FMDBL,58,29,308,387.00,"119,196.00"
2019-08-05,2019080501006296,FMDBL,33,33,23,385.00,"8,855.00"
2019-08-05,2019080501006662,FOWAD,57,5,11,"1,399.00","15,389.00"
2019-08-05,2019080501006509,GBBL,34,32,"1,500",222.00,"333,000.00"
2019-08-05,2019080501006508,GBBL,48,32,100,222.00,"22,200.00"
2019-08-05,2019080501006507,GBBL,39,32,"5,000",222.00,"1,110,000.00"
2019-08-05,2019080501006506,GBBL,44,32,45,222.00,"9,990.00"
2019-08-05,2019080501006460,GBBL,44,45,25,222.00,"5,550.00"
2019-08-05,2019080501006610,GBLBS,36,25,190,376.00,"71,440.00"
2019-08-05,2019080501006609,GBLBS,45,25,50,376.00,"18,800.00"
2019-08-05,2019080501006464,GBLBS,25,25,40,375.00,"15,000.00"
2019-08-05,2019080501006463,GBLBS,43,25,50,376.00,"18,800.00"
2019-08-05,2019080501006462,GBLBS,38,25,200,376.00,"75,200.00"
2019-08-05,2019080501006461,GBLBS,44,25,10,377.00,"3,770.00"
2019-08-05,2019080501006399,GBLBS,44,11,290,377.00,"109,330.00"
2019-08-05,2019080501006398,GBLBS,14,11,20,378.00,"7,560.00"
2019-08-05,2019080501006397,GBLBS,45,11,90,378.00,"34,020.00"
2019-08-05,2019080501006322,GBLBS,46,57,10,380.00,"3,800.00"
2019-08-05,2019080501006652,GDBL,28,45,50,210.00,"10,500.00"
2019-08-05,2019080501006456,GDBL,28,42,43,210.00,"9,030.00"
2019-08-05,2019080501006231,GFCL,1,4,28,132.00,"3,696.00"
2019-08-05,2019080501006603,GLBSL,36,40,10,539.00,"5,390.00"
2019-08-05,2019080501006577,GLBSL,8,51,10,530.00,"5,300.00"
2019-08-05,2019080501006491,GLBSL,51,39,40,525.00,"21,000.00"
2019-08-05,2019080501006407,GLBSL,51,32,50,525.00,"26,250.00"
2019-08-05,2019080501006326,GLBSL,53,45,20,522.00,"10,440.00"
2019-08-05,2019080501006325,GLBSL,38,45,100,522.00,"52,200.00"
2019-08-05,2019080501006324,GLBSL,57,45,20,522.00,"10,440.00"
2019-08-05,2019080501006287,GLBSL,57,22,10,522.00,"5,220.00"
2019-08-05,2019080501006459,GLICL,36,22,112,459.00,"51,408.00"
2019-08-05,2019080501006452,GLICL,13,22,190,459.00,"87,210.00"
2019-08-05,2019080501006451,GLICL,41,22,71,459.00,"32,589.00"
2019-08-05,2019080501006450,GLICL,17,22,20,460.00,"9,200.00"
2019-08-05,2019080501006449,GLICL,48,22,157,460.00,"72,220.00"
2019-08-05,2019080501006448,GLICL,7,22,50,461.00,"23,050.00"
2019-08-05,2019080501006269,GLICL,57,35,100,464.00,"46,400.00"
2019-08-05,2019080501006650,GMFBS,33,39,10,580.00,"5,800.00"
2019-08-05,2019080501006511,GMFBS,39,22,10,577.00,"5,770.00"
2019-08-05,2019080501006406,GMFBS,59,38,90,580.00,"52,200.00"
2019-08-05,2019080501006405,GMFBS,6,38,50,580.00,"29,000.00"
2019-08-05,2019080501006404,GMFBS,16,38,480,581.00,"278,880.00"
2019-08-05,2019080501006337,GMFBS,16,22,10,581.00,"5,810.00"
2019-08-05,2019080501006323,GMFBS,16,14,10,581.00,"5,810.00"
2019-08-05,2019080501006266,GMFBS,36,34,150,582.00,"87,300.00"
2019-08-05,2019080501006200,GMFBS,28,34,10,583.00,"5,830.00"
2019-08-05,2019080501006566,HGI,22,59,60,339.00,"20,340.00"
2019-08-05,2019080501006520,HGI,7,59,150,339.00,"50,850.00"
2019-08-05,2019080501006519,HGI,41,59,400,339.00,"135,600.00"
2019-08-05,2019080501006518,HGI,34,59,75,339.00,"25,425.00"
2019-08-05,2019080501006517,HGI,50,59,65,340.00,"22,100.00"
2019-08-05,2019080501006389,HIDCL,44,22,61,155.00,"9,455.00"
2019-08-05,2019080501006388,HIDCL,44,22,61,155.00,"9,455.00"
2019-08-05,2019080501006387,HIDCL,44,22,61,155.00,"9,455.00"
2019-08-05,2019080501006386,HIDCL,44,51,438,155.00,"67,890.00"
2019-08-05,2019080501006311,HPPL,48,48,20,170.00,"3,400.00"
2019-08-05,2019080501006569,ICFC,4,45,400,164.00,"65,600.00"
2019-08-05,2019080501006494,ICFC,4,6,600,164.00,"98,400.00"
2019-08-05,2019080501006681,ILBS,42,58,10,470.00,"4,700.00"
2019-08-05,2019080501006671,ILBS,29,29,10,471.00,"4,710.00"
2019-08-05,2019080501006655,ILBS,42,58,10,470.00,"4,700.00"
2019-08-05,2019080501006645,ILBS,29,29,10,471.00,"4,710.00"
2019-08-05,2019080501006639,ILBS,42,17,10,470.00,"4,700.00"
2019-08-05,2019080501006612,ILBS,18,41,100,470.00,"47,000.00"
2019-08-05,2019080501006316,ILBS,52,55,20,471.00,"9,420.00"
2019-08-05,2019080501006315,ILBS,52,39,10,471.00,"4,710.00"
2019-08-05,2019080501006268,ILBS,52,35,30,471.00,"14,130.00"
2019-08-05,2019080501006226,ILBS,52,29,10,471.00,"4,710.00"
2019-08-05,2019080501006223,ILBS,52,58,10,471.00,"4,710.00"
2019-08-05,2019080501006424,ILBS,29,29,10,472.00,"4,720.00"
2019-08-05,2019080501006415,ILBS,43,57,10,471.00,"4,710.00"
2019-08-05,2019080501006403,ILBS,29,29,10,472.00,"4,720.00"
2019-08-05,2019080501006377,ILBS,43,58,10,471.00,"4,710.00"
2019-08-05,2019080501006318,ILBS,43,55,10,471.00,"4,710.00"
2019-08-05,2019080501006317,ILBS,1,55,20,471.00,"9,420.00"
2019-08-05,2019080501006582,ILBS,29,29,10,471.00,"4,710.00"
2019-08-05,2019080501006574,ILBS,18,55,10,470.00,"4,700.00"
2019-08-05,2019080501006565,ILBS,18,39,120,470.00,"56,400.00"
2019-08-05,2019080501006545,ILBS,29,29,10,471.00,"4,710.00"
2019-08-05,2019080501006470,ILBS,43,57,10,471.00,"4,710.00"
2019-08-05,2019080501006441,ILBS,43,57,10,471.00,"4,710.00"
2019-08-05,2019080501006478,JBBL,58,42,15,157.00,"2,355.00"
2019-08-05,2019080501006588,JFL,49,51,100,186.00,"18,600.00"
2019-08-05,2019080501006338,JSLBB,43,32,25,"1,055.00","26,375.00"
2019-08-05,2019080501006661,KBL,16,45,61,213.00,"12,993.00"
2019-08-05,2019080501006573,KBL,16,49,212,213.00,"45,156.00"
2019-08-05,2019080501006425,KBL,17,38,290,214.00,"62,060.00"
2019-08-05,2019080501006411,KBL,17,40,210,214.00,"44,940.00"
2019-08-05,2019080501006264,KBL,16,52,13,213.00,"2,769.00"
2019-08-05,2019080501006262,KBL,32,32,100,214.00,"21,400.00"
2019-08-05,2019080501006261,KBL,32,34,212,214.00,"45,368.00"
2019-08-05,2019080501006260,KBL,32,36,950,214.00,"203,300.00"
2019-08-05,2019080501006243,KBL,16,42,121,213.00,"25,773.00"
2019-08-05,2019080501006199,KBL,16,54,41,213.00,"8,733.00"
2019-08-05,2019080501006375,KKHC,37,39,16,68.00,"1,088.00"
2019-08-05,2019080501006374,KKHC,37,52,10,68.00,680.00
2019-08-05,2019080501006373,KKHC,37,28,16,68.00,"1,088.00"
2019-08-05,2019080501006372,KKHC,37,42,16,66.00,"1,056.00"
2019-08-05,2019080501006371,KKHC,37,42,16,66.00,"1,056.00"
2019-08-05,2019080501006524,KPCL,13,16,10,86.00,860.00
2019-08-05,2019080501006352,KPCL,48,48,10,87.00,870.00
2019-08-05,2019080501006367,KRBL,42,50,260,109.00,"28,340.00"
2019-08-05,2019080501006447,KSBBL,21,6,949,152.00,"144,248.00"
2019-08-05,2019080501006446,KSBBL,8,6,700,152.00,"106,400.00"
2019-08-05,2019080501006445,KSBBL,21,6,90,152.00,"13,680.00"
2019-08-05,2019080501006444,KSBBL,59,6,782,152.00,"118,864.00"
2019-08-05,2019080501006495,KSBBLP,26,50,"3,212",106.00,"340,472.00"
2019-08-05,2019080501006657,LBBL,8,14,371,207.00,"76,797.00"
2019-08-05,2019080501006555,LBBL,32,14,200,207.00,"41,400.00"
2019-08-05,2019080501006554,LBBL,1,14,200,207.00,"41,400.00"
2019-08-05,2019080501006553,LBBL,49,14,229,207.00,"47,403.00"
2019-08-05,2019080501006548,LBBL,49,33,255,207.00,"52,785.00"
2019-08-05,2019080501006528,LBBL,49,53,"1,000",207.00,"207,000.00"
2019-08-05,2019080501006361,LBBL,14,25,"1,056",207.00,"218,592.00"
2019-08-05,2019080501006360,LBBL,14,34,699,207.00,"144,693.00"
2019-08-05,2019080501006489,LBBL,49,42,16,207.00,"3,312.00"
2019-08-05,2019080501006366,LBBL,14,17,"1,000",207.00,"207,000.00"
2019-08-05,2019080501006365,LBBL,14,32,500,207.00,"103,500.00"
2019-08-05,2019080501006364,LBBL,14,44,246,207.00,"50,922.00"
2019-08-05,2019080501006363,LBBL,14,42,"1,000",207.00,"207,000.00"
2019-08-05,2019080501006362,LBBL,14,48,370,207.00,"76,590.00"
2019-08-05,2019080501006546,LBBLPO,53,54,"30,000",113.00,"3,390,000.00"
2019-08-05,2019080501006475,LBBLPO,53,54,"16,000",113.00,"1,808,000.00"
2019-08-05,2019080501006587,LBL,11,37,100,219.00,"21,900.00"
2019-08-05,2019080501006586,LBL,39,37,20,219.00,"4,380.00"
2019-08-05,2019080501006585,LBL,38,37,13,219.00,"2,847.00"
2019-08-05,2019080501006458,LGIL,48,58,13,423.00,"5,499.00"
2019-08-05,2019080501006457,LGIL,16,58,20,423.00,"8,460.00"
2019-08-05,2019080501006584,LVF1,49,51,"1,700",10.90,"18,530.00"
2019-08-05,2019080501006203,MBL,42,39,50,263.00,"13,150.00"
2019-08-05,2019080501006498,MDB,17,42,127,236.00,"29,972.00"
2019-08-05,2019080501006687,MEGA,28,52,92,203.00,"18,676.00"
2019-08-05,2019080501006537,MEGA,28,7,11,203.00,"2,233.00"
2019-08-05,2019080501006531,MEGA,1,7,500,203.00,"101,500.00"
2019-08-05,2019080501006382,MEGA,57,7,100,203.00,"20,300.00"
2019-08-05,2019080501006370,MEGA,38,7,89,203.00,"18,067.00"
2019-08-05,2019080501006369,MEGA,38,45,11,203.00,"2,233.00"
2019-08-05,2019080501006660,MERO,17,36,33,530.00,"17,490.00"
2019-08-05,2019080501006330,MERO,17,20,116,530.00,"61,480.00"
2019-08-05,2019080501006329,MERO,47,20,84,530.00,"44,520.00"
2019-08-05,2019080501006310,MERO,58,26,38,531.00,"20,178.00"
2019-08-05,2019080501006309,MERO,26,26,100,531.00,"53,100.00"
2019-08-05,2019080501006308,MERO,43,26,100,531.00,"53,100.00"
2019-08-05,2019080501006307,MERO,29,26,200,532.00,"106,400.00"
2019-08-05,2019080501006356,MHNL,29,52,170,106.00,"18,020.00"
2019-08-05,2019080501006355,MHNL,29,57,30,106.00,"3,180.00"
2019-08-05,2019080501006354,MHNL,29,57,30,106.00,"3,180.00"
2019-08-05,2019080501006523,MLBL,28,42,11,201.00,"2,211.00"
2019-08-05,2019080501006336,MNBBL,51,8,189,377.00,"71,253.00"
2019-08-05,2019080501006270,MNBBL,51,32,200,377.00,"75,400.00"
2019-08-05,2019080501006536,MSLB,43,42,18,973.00,"17,514.00"
2019-08-05,2019080501006530,MSLB,1,1,33,974.00,"32,142.00"
2019-08-05,2019080501006487,MSLB,1,50,50,974.00,"48,700.00"
2019-08-05,2019080501006421,MSLB,1,49,17,974.00,"16,558.00"
2019-08-05,2019080501006420,MSLB,48,49,30,975.00,"29,250.00"
2019-08-05,2019080501006419,MSLB,45,49,20,975.00,"19,500.00"
2019-08-05,2019080501006418,MSLB,14,49,30,976.00,"29,280.00"
2019-08-05,2019080501006341,NABIL,32,35,20,800.00,"16,000.00"
2019-08-05,2019080501006340,NABIL,32,35,20,800.00,"16,000.00"
2019-08-05,2019080501006659,NADEP,59,39,190,475.00,"90,250.00"
2019-08-05,2019080501006658,NADEP,43,39,40,475.00,"19,000.00"
2019-08-05,2019080501006688,NAGRO,38,38,10,835.00,"8,350.00"
2019-08-05,2019080501006647,NAGRO,38,46,10,835.00,"8,350.00"
2019-08-05,2019080501006635,NAGRO,34,10,200,836.00,"167,200.00"
2019-08-05,2019080501006542,NAGRO,43,35,40,838.00,"33,520.00"
2019-08-05,2019080501006393,NAGRO,43,52,50,838.00,"41,900.00"
2019-08-05,2019080501006303,NAGRO,43,22,10,838.00,"8,380.00"
2019-08-05,2019080501006259,NAGRO,33,28,40,840.00,"33,600.00"
2019-08-05,2019080501006258,NAGRO,39,28,220,840.00,"184,800.00"
2019-08-05,2019080501006238,NAGRO,39,21,30,840.00,"25,200.00"
2019-08-05,2019080501006237,NAGRO,10,21,100,841.00,"84,100.00"
2019-08-05,2019080501006236,NAGRO,22,21,40,842.00,"33,680.00"
2019-08-05,2019080501006204,NAGRO,22,38,10,842.00,"8,420.00"
2019-08-05,2019080501006684,NBB,58,32,152,219.00,"33,288.00"
2019-08-05,2019080501006596,NBB,56,38,500,220.00,"110,000.00"
2019-08-05,2019080501006503,NBB,58,52,200,219.00,"43,800.00"
2019-08-05,2019080501006439,NBB,58,58,112,219.00,"24,528.00"
2019-08-05,2019080501006564,NBL,45,44,500,331.00,"165,500.00"
2019-08-05,2019080501006540,NBL,59,44,125,331.00,"41,375.00"
2019-08-05,2019080501006539,NBL,21,44,150,331.00,"49,650.00"
2019-08-05,2019080501006472,NBL,45,44,210,331.00,"69,510.00"
2019-08-05,2019080501006471,NBL,45,22,190,331.00,"62,890.00"
2019-08-05,2019080501006440,NBL,45,22,500,331.00,"165,500.00"
2019-08-05,2019080501006426,NBL,42,22,50,331.00,"16,550.00"
2019-08-05,2019080501006376,NBL,42,22,20,331.00,"6,620.00"
2019-08-05,2019080501006263,NBL,56,22,10,331.00,"3,310.00"
2019-08-05,2019080501006680,NCCB,57,34,187,243.00,"45,441.00"
2019-08-05,2019080501006679,NCCB,10,34,200,243.00,"48,600.00"
2019-08-05,2019080501006678,NCCB,33,34,"1,113",243.00,"270,459.00"
2019-08-05,2019080501006556,NCCB,58,58,10,244.00,"2,440.00"
2019-08-05,2019080501006551,NCCB,33,42,19,243.00,"4,617.00"
2019-08-05,2019080501006297,NCCB,33,8,526,243.00,"127,818.00"
2019-08-05,2019080501006227,NCCB,33,34,500,243.00,"121,500.00"
2019-08-05,2019080501006559,NHDL,38,37,30,117.00,"3,510.00"
2019-08-05,2019080501006558,NHDL,39,37,190,117.00,"22,230.00"
2019-08-05,2019080501006641,NIB,46,49,100,514.00,"51,400.00"
2019-08-05,2019080501006631,NIB,44,50,196,513.00,"100,548.00"
2019-08-05,2019080501006630,NIB,16,50,456,513.00,"233,928.00"
2019-08-05,2019080501006483,NIB,48,49,20,514.00,"10,280.00"
2019-08-05,2019080501006482,NIB,48,57,24,514.00,"12,336.00"
2019-08-05,2019080501006454,NIB,16,48,44,513.00,"22,572.00"
2019-08-05,2019080501006400,NIB,44,52,50,513.00,"25,650.00"
2019-08-05,2019080501006689,NIBPO,39,50,300,472.00,"141,600.00"
2019-08-05,2019080501006480,NIBPO,39,28,200,475.00,"95,000.00"
2019-08-05,2019080501006674,NICA,26,51,100,465.00,"46,500.00"
2019-08-05,2019080501006649,NICA,4,54,33,464.00,"15,312.00"
2019-08-05,2019080501006538,NICA,4,25,200,464.00,"92,800.00"
2019-08-05,2019080501006527,NICA,4,38,173,464.00,"80,272.00"
2019-08-05,2019080501006497,NICA,14,55,101,463.00,"46,763.00"
2019-08-05,2019080501006252,NICA,35,45,100,464.00,"46,400.00"
2019-08-05,2019080501006251,NICA,35,25,"1,000",464.00,"464,000.00"
2019-08-05,2019080501006250,NICA,35,45,105,464.00,"48,720.00"
2019-08-05,2019080501006368,NICL,6,7,100,355.00,"35,500.00"
2019-08-05,2019080501006499,NLBBL,33,25,300,575.00,"172,500.00"
2019-08-05,2019080501006533,NLIC,48,34,17,877.00,"14,909.00"
2019-08-05,2019080501006529,NLIC,16,48,17,876.00,"14,892.00"
2019-08-05,2019080501006328,NLIC,16,42,371,876.00,"324,996.00"
2019-08-05,2019080501006327,NLIC,44,42,40,876.00,"35,040.00"
2019-08-05,2019080501006560,NNLB,33,44,14,455.00,"6,370.00"
2019-08-05,2019080501006572,NSEWA,18,42,10,459.00,"4,590.00"
2019-08-05,2019080501006651,NTC,39,52,400,691.00,"276,400.00"
2019-08-05,2019080501006314,NTC,39,34,350,691.00,"241,850.00"
2019-08-05,2019080501006597,NUBL,4,7,90,900.00,"81,000.00"
2019-08-05,2019080501006581,NUBL,4,53,140,901.00,"126,140.00"
2019-08-05,2019080501006568,NUBL,4,39,60,901.00,"54,060.00"
2019-08-05,2019080501006257,NUBL,4,36,100,901.00,"90,100.00"
2019-08-05,2019080501006256,NUBL,14,36,20,902.00,"18,040.00"
2019-08-05,2019080501006643,OHL,44,50,486,600.00,"291,600.00"
2019-08-05,2019080501006642,OHL,55,50,14,601.00,"8,414.00"
2019-08-05,2019080501006602,OHL,55,43,86,601.00,"51,686.00"
2019-08-05,2019080501006601,OHL,14,43,30,601.00,"18,030.00"
2019-08-05,2019080501006600,OHL,36,43,50,601.00,"30,050.00"
2019-08-05,2019080501006599,OHL,45,43,49,601.00,"29,449.00"
2019-08-05,2019080501006598,OHL,52,43,35,602.00,"21,070.00"
2019-08-05,2019080501006623,PCBL,34,45,29,280.00,"8,120.00"
2019-08-05,2019080501006313,PCBL,32,22,"1,040",280.00,"291,200.00"
2019-08-05,2019080501006591,PFL,51,42,39,137.00,"5,343.00"
2019-08-05,2019080501006654,PIC,22,21,10,478.00,"4,780.00"
2019-08-05,2019080501006604,PIC,22,42,11,478.00,"5,258.00"
2019-08-05,2019080501006589,PIC,48,35,11,479.00,"5,269.00"
2019-08-05,2019080501006583,PIC,22,48,11,478.00,"5,258.00"
2019-08-05,2019080501006392,PIC,4,52,150,477.00,"71,550.00"
2019-08-05,2019080501006644,PMHPL,56,48,10,103.00,"1,030.00"
2019-08-05,2019080501006613,PMHPL,48,42,10,104.00,"1,040.00"
2019-08-05,2019080501006300,PPCL,29,22,10,130.00,"1,300.00"
2019-08-05,2019080501006265,PPCL,34,29,10,129.00,"1,290.00"
2019-08-05,2019080501006488,PRIN,47,39,138,370.00,"51,060.00"
2019-08-05,2019080501006469,PROFL,34,45,985,102.00,"100,470.00"
2019-08-05,2019080501006468,PROFL,55,45,200,102.00,"20,400.00"
2019-08-05,2019080501006467,PROFL,34,45,"2,000",102.00,"204,000.00"
2019-08-05,2019080501006466,PROFL,34,45,400,102.00,"40,800.00"
2019-08-05,2019080501006465,PROFL,26,45,15,103.00,"1,545.00"
2019-08-05,2019080501006427,PROFL,26,45,885,103.00,"91,155.00"
2019-08-05,2019080501006219,PROFL,26,46,"1,100",103.00,"113,300.00"
2019-08-05,2019080501006298,PRVU,42,45,45,273.00,"12,285.00"
2019-08-05,2019080501006271,PRVU,42,45,50,273.00,"13,650.00"
2019-08-05,2019080501006235,PRVU,10,47,180,272.00,"48,960.00"
2019-08-05,2019080501006234,PRVU,28,47,700,272.00,"190,400.00"
2019-08-05,2019080501006233,PRVU,43,47,120,272.00,"32,640.00"
2019-08-05,2019080501006543,PRVU,10,16,175,272.00,"47,600.00"
2019-08-05,2019080501006346,PRVU,32,52,500,273.00,"136,500.00"
2019-08-05,2019080501006345,PRVU,32,34,500,273.00,"136,500.00"
2019-08-05,2019080501006414,RADHI,29,29,1,141.00,141.00
2019-08-05,2019080501006544,RMDC,29,29,1,665.00,665.00
2019-08-05,2019080501006306,RMDC,4,28,50,678.00,"33,900.00"
2019-08-05,2019080501006686,RRHP,29,29,10,106.00,"1,060.00"
2019-08-05,2019080501006534,RRHP,47,10,10,104.00,"1,040.00"
2019-08-05,2019080501006394,RRHP,47,40,10,105.00,"1,050.00"
2019-08-05,2019080501006590,RSDC,49,38,100,371.00,"37,100.00"
2019-08-05,2019080501006267,RSDC,33,38,100,370.00,"37,000.00"
2019-08-05,2019080501006320,SADBL,29,35,548,152.00,"83,296.00"
2019-08-05,2019080501006319,SADBL,29,35,162,152.00,"24,624.00"
2019-08-05,2019080501006254,SBI,39,17,170,463.00,"78,710.00"
2019-08-05,2019080501006344,SBL,42,14,200,323.00,"64,600.00"
2019-08-05,2019080501006343,SBL,42,5,100,323.00,"32,300.00"
2019-08-05,2019080501006342,SBL,42,44,598,323.00,"193,154.00"
2019-08-05,2019080501006211,SBL,52,44,15,323.00,"4,845.00"
2019-08-05,2019080501006561,SCB,44,47,354,660.00,"233,640.00"
2019-08-05,2019080501006198,SCB,8,53,144,658.00,"94,752.00"
2019-08-05,2019080501006197,SCB,19,53,50,659.00,"32,950.00"
2019-08-05,2019080501006196,SCB,11,53,10,659.00,"6,590.00"
2019-08-05,2019080501006634,SDESI,38,17,27,613.00,"16,551.00"
2019-08-05,2019080501006633,SDESI,38,59,50,612.00,"30,600.00"
2019-08-05,2019080501006632,SDESI,38,25,23,611.00,"14,053.00"
2019-08-05,2019080501006409,SDESI,45,37,27,609.00,"16,443.00"
2019-08-05,2019080501006395,SDESI,45,37,23,609.00,"14,007.00"
2019-08-05,2019080501006677,SFFIL,17,38,100,266.00,"26,600.00"
2019-08-05,2019080501006683,SHIVM,5,43,50,584.00,"29,200.00"
2019-08-05,2019080501006640,SHIVM,55,43,10,584.00,"5,840.00"
2019-08-05,2019080501006532,SHIVM,26,26,50,582.00,"29,100.00"
2019-08-05,2019080501006516,SHIVM,41,19,130,581.00,"75,530.00"
2019-08-05,2019080501006515,SHIVM,22,19,100,581.00,"58,100.00"
2019-08-05,2019080501006514,SHIVM,14,19,100,581.00,"58,100.00"
2019-08-05,2019080501006380,SHIVM,25,26,50,582.00,"29,100.00"
2019-08-05,2019080501006513,SHIVM,21,19,20,581.00,"11,620.00"
2019-08-05,2019080501006512,SHIVM,57,19,50,581.00,"29,050.00"
2019-08-05,2019080501006510,SHIVM,57,26,50,581.00,"29,050.00"
2019-08-05,2019080501006496,SHIVM,14,26,50,582.00,"29,100.00"
2019-08-05,2019080501006479,SHIVM,14,26,50,582.00,"29,100.00"
2019-08-05,2019080501006455,SHIVM,25,26,50,582.00,"29,100.00"
2019-08-05,2019080501006438,SHPC,48,39,144,241.00,"34,704.00"
2019-08-05,2019080501006437,SHPC,14,39,500,241.00,"120,500.00"
2019-08-05,2019080501006436,SHPC,49,39,200,241.00,"48,200.00"
2019-08-05,2019080501006435,SHPC,47,39,500,241.00,"120,500.00"
2019-08-05,2019080501006434,SHPC,49,39,300,242.00,"72,600.00"
2019-08-05,2019080501006433,SHPC,1,39,100,242.00,"24,200.00"
2019-08-05,2019080501006432,SHPC,26,39,500,242.00,"121,000.00"
2019-08-05,2019080501006244,SHPC,44,41,189,243.00,"45,927.00"
2019-08-05,2019080501006305,SICL,42,16,100,798.00,"79,800.00"
2019-08-05,2019080501006304,SICL,42,42,124,795.00,"98,580.00"
2019-08-05,2019080501006402,SIFC,41,52,300,159.00,"47,700.00"
2019-08-05,2019080501006401,SIFC,36,52,50,159.00,"7,950.00"
2019-08-05,2019080501006685,SKBBL,6,53,392,990.00,"388,080.00"
2019-08-05,2019080501006638,SKBBL,6,36,50,990.00,"49,500.00"
2019-08-05,2019080501006593,SKBBL,6,39,58,990.00,"57,420.00"
2019-08-05,2019080501006592,SKBBL,6,39,58,990.00,"57,420.00"
2019-08-05,2019080501006379,SKBBL,6,58,442,990.00,"437,580.00"
2019-08-05,2019080501006378,SKBBL,6,58,58,990.00,"57,420.00"
2019-08-05,2019080501006332,SLBBL,25,34,54,556.00,"30,024.00"
2019-08-05,2019080501006331,SLBBL,43,34,46,556.00,"25,576.00"
2019-08-05,2019080501006595,SLBSL,18,21,10,656.00,"6,560.00"
2019-08-05,2019080501006299,SLBSL,18,38,10,655.00,"6,550.00"
2019-08-05,2019080501006249,SLBSL,28,37,40,656.00,"26,240.00"
2019-08-05,2019080501006229,SLBSL,28,22,10,656.00,"6,560.00"
2019-08-05,2019080501006607,SLICL,13,4,400,460.00,"184,000.00"
2019-08-05,2019080501006476,SLICL,43,28,50,462.00,"23,100.00"
2019-08-05,2019080501006473,SLICL,51,28,20,462.00,"9,240.00"
2019-08-05,2019080501006453,SLICL,51,28,20,462.00,"9,240.00"
2019-08-05,2019080501006213,SLICL,21,39,100,461.00,"46,100.00"
2019-08-05,2019080501006212,SLICL,57,39,50,461.00,"23,050.00"
2019-08-05,2019080501006221,SLICL,41,34,22,463.00,"10,186.00"
2019-08-05,2019080501006218,SLICL,48,39,280,460.00,"128,800.00"
2019-08-05,2019080501006217,SLICL,34,39,100,460.00,"46,000.00"
2019-08-05,2019080501006216,SLICL,41,39,50,460.00,"23,000.00"
2019-08-05,2019080501006215,SLICL,57,39,300,461.00,"138,300.00"
2019-08-05,2019080501006214,SLICL,1,39,120,461.00,"55,320.00"
2019-08-05,2019080501006353,SLICL,5,28,100,459.00,"45,900.00"
2019-08-05,2019080501006347,SLICL,44,39,"1,180",460.00,"542,800.00"
2019-08-05,2019080501006335,SLICL,52,39,100,460.00,"46,000.00"
2019-08-05,2019080501006334,SLICL,48,39,220,460.00,"101,200.00"
2019-08-05,2019080501006253,SLICL,48,50,500,460.00,"230,000.00"
2019-08-05,2019080501006222,SLICL,41,22,28,464.00,"12,992.00"
2019-08-05,2019080501006504,SMB,7,44,10,542.00,"5,420.00"
2019-08-05,2019080501006286,SMB,7,43,10,533.00,"5,330.00"
2019-08-05,2019080501006285,SMB,7,17,10,530.00,"5,300.00"
2019-08-05,2019080501006549,SMB,7,39,30,548.00,"16,440.00"
2019-08-05,2019080501006526,SMB,7,34,180,548.00,"98,640.00"
2019-08-05,2019080501006525,SMB,7,45,10,548.00,"5,480.00"
2019-08-05,2019080501006505,SMB,7,34,10,543.00,"5,430.00"
2019-08-05,2019080501006675,SMFBS,34,42,10,830.00,"8,300.00"
2019-08-05,2019080501006669,SMFBS,34,33,100,830.00,"83,000.00"
2019-08-05,2019080501006668,SMFBS,34,47,10,827.00,"8,270.00"
2019-08-05,2019080501006667,SMFBS,34,21,20,820.00,"16,400.00"
2019-08-05,2019080501006666,SMFBS,34,51,10,820.00,"8,200.00"
2019-08-05,2019080501006665,SMFBS,34,42,10,820.00,"8,200.00"
2019-08-05,2019080501006232,SMFBS,34,29,10,801.00,"8,010.00"
2019-08-05,2019080501006522,SMFBS,28,39,10,810.00,"8,100.00"
2019-08-05,2019080501006521,SMFBS,28,59,10,805.00,"8,050.00"
2019-08-05,2019080501006477,SMFBS,34,22,10,801.00,"8,010.00"
2019-08-05,2019080501006385,SMFBS,34,14,10,801.00,"8,010.00"
2019-08-05,2019080501006312,SMFBS,34,32,10,801.00,"8,010.00"
2019-08-05,2019080501006255,SMFBS,34,29,10,801.00,"8,010.00"
2019-08-05,2019080501006664,SMFBS,34,39,30,820.00,"24,600.00"
2019-08-05,2019080501006663,SMFBS,34,53,10,819.00,"8,190.00"
2019-08-05,2019080501006617,SMFBS,34,38,100,817.00,"81,700.00"
2019-08-05,2019080501006616,SMFBS,34,13,10,817.00,"8,170.00"
2019-08-05,2019080501006615,SMFBS,34,43,300,815.00,"244,500.00"
2019-08-05,2019080501006614,SMFBS,34,56,10,815.00,"8,150.00"
2019-08-05,2019080501006656,SPARS,36,40,50,654.00,"32,700.00"
2019-08-05,2019080501006637,SPARS,36,40,50,654.00,"32,700.00"
2019-08-05,2019080501006550,SPARS,36,40,10,654.00,"6,540.00"
2019-08-05,2019080501006501,SPARS,38,40,20,654.00,"13,080.00"
2019-08-05,2019080501006500,SPARS,43,40,10,654.00,"6,540.00"
2019-08-05,2019080501006474,SPARS,43,25,10,654.00,"6,540.00"
2019-08-05,2019080501006381,SPARS,36,22,10,654.00,"6,540.00"
2019-08-05,2019080501006277,SPARS,36,41,40,654.00,"26,160.00"
2019-08-05,2019080501006276,SPARS,36,41,30,654.00,"19,620.00"
2019-08-05,2019080501006275,SPARS,36,41,50,655.00,"32,750.00"
2019-08-05,2019080501006274,SPARS,43,41,200,655.00,"131,000.00"
2019-08-05,2019080501006273,SPARS,17,41,60,655.00,"39,300.00"
2019-08-05,2019080501006413,SPARS,43,34,180,654.00,"117,720.00"
2019-08-05,2019080501006412,SPARS,41,34,20,654.00,"13,080.00"
2019-08-05,2019080501006408,SPARS,41,22,10,654.00,"6,540.00"
2019-08-05,2019080501006396,SPARS,34,17,40,654.00,"26,160.00"
2019-08-05,2019080501006384,SPARS,34,40,10,654.00,"6,540.00"
2019-08-05,2019080501006383,SPARS,36,40,50,654.00,"32,700.00"
2019-08-05,2019080501006284,SRBL,57,6,170,248.00,"42,160.00"
2019-08-05,2019080501006283,SRBL,21,6,100,248.00,"24,800.00"
2019-08-05,2019080501006282,SRBL,51,6,100,248.00,"24,800.00"
2019-08-05,2019080501006281,SRBL,49,6,200,248.00,"49,600.00"
2019-08-05,2019080501006280,SRBL,42,6,81,248.00,"20,088.00"
2019-08-05,2019080501006248,SWBBL,46,33,157,935.00,"146,795.00"
2019-08-05,2019080501006247,SWBBL,43,33,50,935.00,"46,750.00"
2019-08-05,2019080501006246,SWBBL,39,33,10,935.00,"9,350.00"
2019-08-05,2019080501006245,SWBBL,21,33,83,936.00,"77,688.00"
2019-08-05,2019080501006209,SWBBL,21,47,17,936.00,"15,912.00"
2019-08-05,2019080501006208,SWBBL,17,47,20,937.00,"18,740.00"
2019-08-05,2019080501006690,TRH,44,45,200,308.00,"61,600.00"
2019-08-05,2019080501006576,TRH,44,43,672,307.00,"206,304.00"
2019-08-05,2019080501006575,TRH,44,43,78,307.00,"23,946.00"
2019-08-05,2019080501006272,UIC,47,51,200,337.00,"67,400.00"
2019-08-05,2019080501006241,UMHL,7,59,105,107.00,"11,235.00"
2019-08-05,2019080501006240,UMHL,56,59,300,107.00,"32,100.00"
2019-08-05,2019080501006239,UMHL,56,59,68,107.00,"7,276.00"
2019-08-05,2019080501006502,UPCL,17,16,10,87.00,870.00
2019-08-05,2019080501006670,UPPER,44,1,50,267.00,"13,350.00"
2019-08-05,2019080501006648,UPPER,45,42,50,266.00,"13,300.00"
2019-08-05,2019080501006646,UPPER,45,52,25,266.00,"6,650.00"
2019-08-05,2019080501006611,UPPER,4,4,9,267.00,"2,403.00"
2019-08-05,2019080501006563,UPPER,4,1,41,267.00,"10,947.00"
2019-08-05,2019080501006210,UPPER,6,17,100,266.00,"26,600.00"
2019-08-05,2019080501006481,UPPER,45,59,40,266.00,"10,640.00"
2019-08-05,2019080501006302,UPPER,45,11,40,266.00,"10,640.00"
2019-08-05,2019080501006224,UPPER,45,11,50,266.00,"13,300.00"
2019-08-05,2019080501006202,VLBS,55,49,54,585.00,"31,590.00"
2019-08-05,2019080501005943,ADBL,58,4,300,433.00,"129,900.00"
2019-08-05,2019080501005897,ADBL,25,49,100,434.00,"43,400.00"
2019-08-05,2019080501005852,ADBL,17,49,522,433.00,"226,026.00"
2019-08-05,2019080501005774,ADBL,58,45,20,432.00,"8,640.00"
2019-08-05,2019080501005760,ADBL,45,49,20,433.00,"8,660.00"
2019-08-05,2019080501005744,ADBL,58,49,500,433.00,"216,500.00"
2019-08-05,2019080501005743,ADBL,58,49,958,433.00,"414,814.00"
2019-08-05,2019080501005741,ADBL,45,45,125,434.00,"54,250.00"
2019-08-05,2019080501005961,AKJCL,25,40,10,68.00,680.00
2019-08-05,2019080501005843,AKJCL,25,40,10,68.00,680.00
2019-08-05,2019080501005829,AKJCL,25,17,20,68.00,"1,360.00"
2019-08-05,2019080501005765,AKJCL,25,40,20,68.00,"1,360.00"
2019-08-05,2019080501005715,AKJCL,25,40,10,68.00,680.00
2019-08-05,2019080501006142,ALBSL,3,40,10,468.00,"4,680.00"
2019-08-05,2019080501006064,ALBSL,40,48,10,467.00,"4,670.00"
2019-08-05,2019080501006058,ALBSL,48,38,10,468.00,"4,680.00"
2019-08-05,2019080501005931,ALBSL,40,26,10,467.00,"4,670.00"
2019-08-05,2019080501005930,ALBSL,40,39,10,467.00,"4,670.00"
2019-08-05,2019080501005873,ALBSL,40,26,10,467.00,"4,670.00"
2019-08-05,2019080501005785,ALBSL,34,44,10,468.00,"4,680.00"
2019-08-05,2019080501005772,ALBSL,34,40,10,468.00,"4,680.00"
2019-08-05,2019080501005866,ALBSL,40,1,55,467.00,"25,685.00"
2019-08-05,2019080501005865,ALBSL,39,1,45,467.00,"21,015.00"
2019-08-05,2019080501005816,ALBSL,39,26,10,467.00,"4,670.00"
2019-08-05,2019080501005812,ALBSL,37,38,100,468.00,"46,800.00"
2019-08-05,2019080501005811,ALBSL,37,38,50,468.00,"23,400.00"
2019-08-05,2019080501005810,ALBSL,34,38,40,468.00,"18,720.00"
2019-08-05,2019080501006110,ALICL,45,28,431,363.00,"156,453.00"
2019-08-05,2019080501006109,ALICL,45,22,39,363.00,"14,157.00"
2019-08-05,2019080501005773,ALICL,37,11,100,362.00,"36,200.00"
2019-08-05,2019080501006188,API,43,48,11,135.00,"1,485.00"
2019-08-05,2019080501006029,BFC,1,22,100,100.00,"10,000.00"
2019-08-05,2019080501006028,BFC,1,25,400,100.00,"40,000.00"
2019-08-05,2019080501006176,BOKL,44,11,50,261.00,"13,050.00"
2019-08-05,2019080501006175,BOKL,16,11,10,261.00,"2,610.00"
2019-08-05,2019080501006174,BOKL,45,11,100,261.00,"26,100.00"
2019-08-05,2019080501006173,BOKL,42,11,10,261.00,"2,610.00"
2019-08-05,2019080501006172,BOKL,22,11,57,261.00,"14,877.00"
2019-08-05,2019080501005826,BOKL,22,25,85,261.00,"22,185.00"
2019-08-05,2019080501005987,BPCL,6,40,11,398.00,"4,378.00"
2019-08-05,2019080501005723,BPCL,48,43,10,399.00,"3,990.00"
2019-08-05,2019080501005722,BPCL,45,43,30,399.00,"11,970.00"
2019-08-05,2019080501005721,BPCL,21,43,100,399.00,"39,900.00"
2019-08-05,2019080501005720,BPCL,16,43,500,399.00,"199,500.00"
2019-08-05,2019080501005719,BPCL,42,43,178,399.00,"71,022.00"
2019-08-05,2019080501006094,CBBL,6,19,163,"1,007.00","164,141.00"
2019-08-05,2019080501006093,CBBL,1,19,87,"1,007.00","87,609.00"
2019-08-05,2019080501006035,CBBL,1,50,213,"1,007.00","214,491.00"
2019-08-05,2019080501006034,CBBL,6,50,226,"1,007.00","227,582.00"
2019-08-05,2019080501005956,CBBL,6,4,50,"1,007.00","50,350.00"
2019-08-05,2019080501005920,CBBL,6,4,50,"1,007.00","50,350.00"
2019-08-05,2019080501005717,CBBL,6,34,489,"1,010.00","493,890.00"
2019-08-05,2019080501005716,CBBL,6,55,20,"1,009.00","20,180.00"
2019-08-05,2019080501006113,CBL,51,19,66,151.00,"9,966.00"
2019-08-05,2019080501006112,CBL,36,19,"1,036",151.00,"156,436.00"
2019-08-05,2019080501006045,CBL,36,16,164,151.00,"24,764.00"
2019-08-05,2019080501006044,CBL,34,16,36,151.00,"5,436.00"
2019-08-05,2019080501006154,CCBL,29,49,621,167.00,"103,707.00"
2019-08-05,2019080501006134,CCBL,28,49,119,168.00,"19,992.00"
2019-08-05,2019080501006117,CCBL,29,28,119,167.00,"19,873.00"
2019-08-05,2019080501005871,CEFL,4,17,600,105.00,"63,000.00"
2019-08-05,2019080501006107,CIT,55,57,45,"2,430.00","109,350.00"
2019-08-05,2019080501006106,CIT,41,57,55,"2,430.00","133,650.00"
2019-08-05,2019080501005898,CIT,55,57,45,"2,440.00","109,800.00"
2019-08-05,2019080501006194,CZBIL,40,16,291,223.00,"64,893.00"
2019-08-05,2019080501006000,CZBIL,40,40,10,223.00,"2,230.00"
2019-08-05,2019080501005912,CZBIL,40,43,174,223.00,"38,802.00"
2019-08-05,2019080501005911,CZBIL,42,43,250,223.00,"55,750.00"
2019-08-05,2019080501006191,DDBL,52,56,86,773.00,"66,478.00"
2019-08-05,2019080501006190,DDBL,52,56,80,773.00,"61,840.00"
2019-08-05,2019080501006116,DDBL,52,53,20,773.00,"15,460.00"
2019-08-05,2019080501006115,DDBL,21,53,100,775.00,"77,500.00"
2019-08-05,2019080501005800,FMDBL,35,48,20,389.00,"7,780.00"
2019-08-05,2019080501005791,FMDBL,16,39,204,385.00,"78,540.00"
2019-08-05,2019080501005790,FMDBL,50,39,100,385.00,"38,500.00"
2019-08-05,2019080501005789,FMDBL,16,39,50,387.00,"19,350.00"
2019-08-05,2019080501005788,FMDBL,44,39,10,387.00,"3,870.00"
2019-08-05,2019080501005787,FMDBL,35,39,500,387.00,"193,500.00"
2019-08-05,2019080501005786,FMDBL,41,39,136,388.00,"52,768.00"
2019-08-05,2019080501005863,FOWAD,21,21,4,"1,390.00","5,560.00"
2019-08-05,2019080501005858,FOWAD,21,21,4,"1,390.00","5,560.00"
2019-08-05,2019080501005725,GBLBS,46,25,40,380.00,"15,200.00"
2019-08-05,2019080501005724,GBLBS,4,25,10,380.00,"3,800.00"
2019-08-05,2019080501006125,GDBL,49,53,710,211.00,"149,810.00"
2019-08-05,2019080501006124,GDBL,5,53,10,212.00,"2,120.00"
2019-08-05,2019080501006153,GLBSL,57,7,100,522.00,"52,200.00"
2019-08-05,2019080501006074,GLBSL,57,21,10,522.00,"5,220.00"
2019-08-05,2019080501006047,GLBSL,57,55,50,522.00,"26,100.00"
2019-08-05,2019080501006046,GLBSL,48,55,10,523.00,"5,230.00"
2019-08-05,2019080501005932,GLBSL,53,51,10,527.00,"5,270.00"
2019-08-05,2019080501005847,GLBSL,53,26,10,527.00,"5,270.00"
2019-08-05,2019080501005753,GLBSL,57,41,10,527.00,"5,270.00"
2019-08-05,2019080501005729,GLBSL,58,32,100,528.00,"52,800.00"
2019-08-05,2019080501005728,GLBSL,6,32,40,529.00,"21,160.00"
2019-08-05,2019080501005727,GLBSL,6,32,10,530.00,"5,300.00"
2019-08-05,2019080501005726,GLBSL,55,32,90,530.00,"47,700.00"
2019-08-05,2019080501006051,GLICL,22,22,10,465.00,"4,650.00"
2019-08-05,2019080501006050,GLICL,22,17,90,465.00,"41,850.00"
2019-08-05,2019080501006182,GMFBS,28,50,20,583.00,"11,660.00"
2019-08-05,2019080501006108,GMFBS,28,41,10,583.00,"5,830.00"
2019-08-05,2019080501006103,GMFBS,28,41,10,583.00,"5,830.00"
2019-08-05,2019080501005993,GMFBS,29,29,10,585.00,"5,850.00"
2019-08-05,2019080501005946,GMFBS,28,51,10,583.00,"5,830.00"
2019-08-05,2019080501005933,GMFBS,28,26,10,583.00,"5,830.00"
2019-08-05,2019080501005703,GMFBS,28,48,90,584.00,"52,560.00"
2019-08-05,2019080501005697,GMFBS,28,41,10,584.00,"5,840.00"
2019-08-05,2019080501005928,GMFBS,28,25,10,583.00,"5,830.00"
2019-08-05,2019080501005764,GMFBS,28,49,10,583.00,"5,830.00"
2019-08-05,2019080501005750,GMFBS,28,48,10,583.00,"5,830.00"
2019-08-05,2019080501005746,GMFBS,28,21,10,583.00,"5,830.00"
2019-08-05,2019080501005705,GMFBS,28,48,10,583.00,"5,830.00"
2019-08-05,2019080501005704,GMFBS,7,48,100,584.00,"58,400.00"
2019-08-05,2019080501006002,GRDBL,1,16,70,111.00,"7,770.00"
2019-08-05,2019080501006001,GRDBL,7,16,190,111.00,"21,090.00"
2019-08-05,2019080501006092,HGI,34,16,310,339.00,"105,090.00"
2019-08-05,2019080501006091,HGI,34,16,10,340.00,"3,400.00"
2019-08-05,2019080501006090,HGI,22,16,180,340.00,"61,200.00"
2019-08-05,2019080501005850,HGI,22,14,20,340.00,"6,800.00"
2019-08-05,2019080501005846,HGI,34,11,75,339.00,"25,425.00"
2019-08-05,2019080501005767,HGI,34,52,40,339.00,"13,560.00"
2019-08-05,2019080501005766,HGI,6,52,100,340.00,"34,000.00"
2019-08-05,2019080501006138,HIDCL,1,8,105,154.00,"16,170.00"
2019-08-05,2019080501006137,HIDCL,38,8,29,154.00,"4,466.00"
2019-08-05,2019080501006136,HIDCL,48,8,100,154.00,"15,400.00"
2019-08-05,2019080501006135,HIDCL,55,8,266,154.00,"40,964.00"
2019-08-05,2019080501006073,HIDCL,55,51,500,154.00,"77,000.00"
2019-08-05,2019080501005861,HIDCL,55,17,61,154.00,"9,394.00"
2019-08-05,2019080501005868,ICFC,4,4,"4,000",164.00,"656,000.00"
2019-08-05,2019080501005752,ICFC,21,6,500,165.00,"82,500.00"
2019-08-05,2019080501006171,ILBS,52,49,20,471.00,"9,420.00"
2019-08-05,2019080501006170,ILBS,52,49,10,471.00,"4,710.00"
2019-08-05,2019080501006122,ILBS,52,58,10,473.00,"4,730.00"
2019-08-05,2019080501006102,ILBS,16,40,50,475.00,"23,750.00"
2019-08-05,2019080501006101,ILBS,52,40,10,475.00,"4,750.00"
2019-08-05,2019080501006100,ILBS,6,40,50,475.00,"23,750.00"
2019-08-05,2019080501005700,ILBS,21,18,10,477.00,"4,770.00"
2019-08-05,2019080501005824,ILBS,21,26,10,477.00,"4,770.00"
2019-08-05,2019080501005737,ILBS,21,18,10,477.00,"4,770.00"
2019-08-05,2019080501005718,ILBS,21,18,10,477.00,"4,770.00"
2019-08-05,2019080501005712,ILBS,21,18,10,477.00,"4,770.00"
2019-08-05,2019080501005710,ILBS,21,28,10,477.00,"4,770.00"
2019-08-05,2019080501005708,ILBS,21,18,10,477.00,"4,770.00"
2019-08-05,2019080501005926,ILBS,32,51,10,478.00,"4,780.00"
2019-08-05,2019080501005913,ILBS,5,34,40,478.00,"19,120.00"
2019-08-05,2019080501005891,ILBS,5,14,10,477.00,"4,770.00"
2019-08-05,2019080501005887,ILBS,16,34,50,477.00,"23,850.00"
2019-08-05,2019080501005886,ILBS,25,34,50,477.00,"23,850.00"
2019-08-05,2019080501005872,ILBS,21,14,10,477.00,"4,770.00"
2019-08-05,2019080501006027,ILBS,13,38,10,476.00,"4,760.00"
2019-08-05,2019080501005999,ILBS,13,38,10,476.00,"4,760.00"
2019-08-05,2019080501005998,ILBS,13,58,10,476.00,"4,760.00"
2019-08-05,2019080501005958,ILBS,13,38,10,476.00,"4,760.00"
2019-08-05,2019080501005948,ILBS,32,26,10,478.00,"4,780.00"
2019-08-05,2019080501005942,ILBS,32,55,10,478.00,"4,780.00"
2019-08-05,2019080501006099,ILBS,48,40,20,475.00,"9,500.00"
2019-08-05,2019080501006098,ILBS,39,40,20,476.00,"9,520.00"
2019-08-05,2019080501006097,ILBS,13,58,10,476.00,"4,760.00"
2019-08-05,2019080501006079,ILBS,13,38,10,476.00,"4,760.00"
2019-08-05,2019080501006048,ILBS,13,58,10,476.00,"4,760.00"
2019-08-05,2019080501006030,ILBS,13,38,10,476.00,"4,760.00"
2019-08-05,2019080501005864,JBBL,46,35,12,158.00,"1,896.00"
2019-08-05,2019080501005758,JBBL,11,35,500,158.00,"79,000.00"
2019-08-05,2019080501005945,JFL,17,51,"1,000",189.00,"189,000.00"
2019-08-05,2019080501005944,JFL,3,51,20,189.00,"3,780.00"
2019-08-05,2019080501005867,JOSHI,25,17,20,73.00,"1,460.00"
2019-08-05,2019080501006186,KBL,16,32,27,213.00,"5,751.00"
2019-08-05,2019080501006141,KBL,16,42,67,213.00,"14,271.00"
2019-08-05,2019080501006052,KBL,16,35,"2,000",213.00,"426,000.00"
2019-08-05,2019080501005894,KBL,16,17,242,213.00,"51,546.00"
2019-08-05,2019080501005711,KBL,16,14,297,213.00,"63,261.00"
2019-08-05,2019080501006025,KPCL,13,40,10,86.00,860.00
2019-08-05,2019080501006084,KSBBL,59,39,23,152.00,"3,496.00"
2019-08-05,2019080501006151,LBBL,14,58,500,206.00,"103,000.00"
2019-08-05,2019080501005929,LBBL,14,52,980,206.00,"201,880.00"
2019-08-05,2019080501005957,LICN,4,49,"1,202","1,144.00","1,375,088.00"
2019-08-05,2019080501005845,LVF1,49,48,200,10.87,"2,174.00"
2019-08-05,2019080501005844,LVF1,7,48,300,10.88,"3,264.00"
2019-08-05,2019080501005702,LVF1,7,51,200,10.90,"2,180.00"
2019-08-05,2019080501006178,MBL,18,16,721,262.00,"188,902.00"
2019-08-05,2019080501006177,MBL,18,16,179,262.00,"46,898.00"
2019-08-05,2019080501005857,MBL,18,32,500,262.00,"131,000.00"
2019-08-05,2019080501006026,MDB,17,17,224,236.00,"52,864.00"
2019-08-05,2019080501006132,MEGA,3,45,100,203.00,"20,300.00"
2019-08-05,2019080501006131,MEGA,44,45,889,203.00,"180,467.00"
2019-08-05,2019080501006105,MEGA,29,38,11,204.00,"2,244.00"
2019-08-05,2019080501006082,MEGA,44,29,11,203.00,"2,233.00"
2019-08-05,2019080501006077,MEGA,6,38,90,204.00,"18,360.00"
2019-08-05,2019080501005896,MEGA,44,28,100,203.00,"20,300.00"
2019-08-05,2019080501005848,MEGA,14,28,600,203.00,"121,800.00"
2019-08-05,2019080501005969,MHNL,45,38,40,104.00,"4,160.00"
2019-08-05,2019080501005832,MHNL,49,41,40,105.00,"4,200.00"
2019-08-05,2019080501005831,MHNL,49,57,10,105.00,"1,050.00"
2019-08-05,2019080501006193,MLBBL,47,55,15,485.00,"7,275.00"
2019-08-05,2019080501006067,MLBL,28,35,500,201.00,"100,500.00"
2019-08-05,2019080501006192,MNBBL,42,41,50,377.00,"18,850.00"
2019-08-05,2019080501005951,MNBBL,40,56,36,376.00,"13,536.00"
2019-08-05,2019080501005854,MNBBL,51,49,100,377.00,"37,700.00"
2019-08-05,2019080501005748,MNBBL,40,14,178,376.00,"66,928.00"
2019-08-05,2019080501005747,MNBBL,19,14,109,376.00,"40,984.00"
2019-08-05,2019080501005734,MNBBL,51,49,100,377.00,"37,700.00"
2019-08-05,2019080501006152,MSMBS,33,6,10,521.00,"5,210.00"
2019-08-05,2019080501006140,NABIL,18,44,43,800.00,"34,400.00"
2019-08-05,2019080501006139,NABIL,18,22,151,800.00,"120,800.00"
2019-08-05,2019080501006071,NABIL,55,44,20,800.00,"16,000.00"
2019-08-05,2019080501005960,NABIL,5,22,200,800.00,"160,000.00"
2019-08-05,2019080501005959,NABIL,47,22,18,800.00,"14,400.00"
2019-08-05,2019080501006068,NADEP,43,22,10,475.00,"4,750.00"
2019-08-05,2019080501005768,NADEP,35,25,70,476.00,"33,320.00"
2019-08-05,2019080501005695,NADEP,35,26,40,476.00,"19,040.00"
2019-08-05,2019080501005855,NADEP,43,26,20,475.00,"9,500.00"
2019-08-05,2019080501005830,NADEP,43,26,10,475.00,"4,750.00"
2019-08-05,2019080501005776,NADEP,49,25,100,476.00,"47,600.00"
2019-08-05,2019080501005955,NADEP,41,45,70,476.00,"33,320.00"
2019-08-05,2019080501005954,NADEP,41,25,130,476.00,"61,880.00"
2019-08-05,2019080501005950,NADEP,43,41,20,475.00,"9,500.00"
2019-08-05,2019080501006155,NAGRO,54,48,30,843.00,"25,290.00"
2019-08-05,2019080501005992,NAGRO,54,32,20,843.00,"16,860.00"
2019-08-05,2019080501005991,NAGRO,34,32,10,843.00,"8,430.00"
2019-08-05,2019080501005709,NAGRO,34,6,10,843.00,"8,430.00"
2019-08-05,2019080501006143,NBB,38,38,50,220.00,"11,000.00"
2019-08-05,2019080501005910,NBB,56,52,496,220.00,"109,120.00"
2019-08-05,2019080501005909,NBB,56,57,224,220.00,"49,280.00"
2019-08-05,2019080501005908,NBB,56,38,80,220.00,"17,600.00"
2019-08-05,2019080501006163,NBL,22,22,100,331.00,"33,100.00"
2019-08-05,2019080501006162,NBL,22,44,400,331.00,"132,400.00"
2019-08-05,2019080501006133,NBL,57,44,100,331.00,"33,100.00"
2019-08-05,2019080501006076,NBL,10,44,"1,000",331.00,"331,000.00"
2019-08-05,2019080501006062,NBL,51,44,100,331.00,"33,100.00"
2019-08-05,2019080501006061,NBL,49,44,400,331.00,"132,400.00"
2019-08-05,2019080501005733,NBL,8,52,400,331.00,"132,400.00"
2019-08-05,2019080501005732,NBL,26,52,100,331.00,"33,100.00"
2019-08-05,2019080501005781,NBL,42,4,500,331.00,"165,500.00"
2019-08-05,2019080501005780,NBL,48,4,200,331.00,"66,200.00"
2019-08-05,2019080501005779,NBL,19,4,300,331.00,"99,300.00"
2019-08-05,2019080501005778,NBL,43,4,100,331.00,"33,100.00"
2019-08-05,2019080501005777,NBL,8,4,600,331.00,"198,600.00"
2019-08-05,2019080501005759,NBL,8,52,500,331.00,"165,500.00"
2019-08-05,2019080501005870,NBL,43,43,100,330.00,"33,000.00"
2019-08-05,2019080501005815,NBL,42,47,500,331.00,"165,500.00"
2019-08-05,2019080501005814,NBL,4,47,30,331.00,"9,930.00"
2019-08-05,2019080501005784,NBL,4,4,970,331.00,"321,070.00"
2019-08-05,2019080501005783,NBL,49,4,300,331.00,"99,300.00"
2019-08-05,2019080501005782,NBL,35,4,230,331.00,"76,130.00"
2019-08-05,2019080501006009,NBL,43,14,100,330.00,"33,000.00"
2019-08-05,2019080501005952,NBL,44,33,950,331.00,"314,450.00"
2019-08-05,2019080501005901,NBL,32,33,50,331.00,"16,550.00"
2019-08-05,2019080501005890,NBL,28,44,"2,000",331.00,"662,000.00"
2019-08-05,2019080501005889,NBL,28,44,248,331.00,"82,088.00"
2019-08-05,2019080501005888,NBL,28,47,470,331.00,"155,570.00"
2019-08-05,2019080501006015,NBL,59,14,200,330.00,"66,000.00"
2019-08-05,2019080501006014,NBL,43,14,500,330.00,"165,000.00"
2019-08-05,2019080501006013,NBL,35,14,200,330.00,"66,000.00"
2019-08-05,2019080501006012,NBL,43,14,100,330.00,"33,000.00"
2019-08-05,2019080501006011,NBL,16,14,500,330.00,"165,000.00"
2019-08-05,2019080501006010,NBL,47,14,300,330.00,"99,000.00"
2019-08-05,2019080501006021,NBL,49,14,151,330.00,"49,830.00"
2019-08-05,2019080501006020,NBL,25,14,"1,000",330.00,"330,000.00"
2019-08-05,2019080501006019,NBL,36,14,200,330.00,"66,000.00"
2019-08-05,2019080501006018,NBL,57,14,49,330.00,"16,170.00"
2019-08-05,2019080501006017,NBL,14,14,200,330.00,"66,000.00"
2019-08-05,2019080501006016,NBL,57,14,500,330.00,"165,000.00"
2019-08-05,2019080501006040,NCCB,33,53,842,243.00,"204,606.00"
2019-08-05,2019080501006039,NCCB,38,53,158,243.00,"38,394.00"
2019-08-05,2019080501005986,NCCB,38,53,842,243.00,"204,606.00"
2019-08-05,2019080501005985,NCCB,34,53,"2,000",243.00,"486,000.00"
2019-08-05,2019080501005984,NCCB,1,53,182,243.00,"44,226.00"
2019-08-05,2019080501005983,NCCB,59,53,50,243.00,"12,150.00"
2019-08-05,2019080501005982,NCCB,32,53,200,243.00,"48,600.00"
2019-08-05,2019080501005981,NCCB,51,53,500,243.00,"121,500.00"
2019-08-05,2019080501005980,NCCB,57,53,100,243.00,"24,300.00"
2019-08-05,2019080501005979,NCCB,11,53,126,243.00,"30,618.00"
2019-08-05,2019080501005947,NCCB,1,58,100,244.00,"24,400.00"
2019-08-05,2019080501005696,NCCB,11,50,514,243.00,"124,902.00"
2019-08-05,2019080501005882,NEF,7,17,483,8.35,"4,033.05"
2019-08-05,2019080501005915,NGPL,25,52,110,114.00,"12,540.00"
2019-08-05,2019080501005914,NGPL,1,52,176,115.00,"20,240.00"
2019-08-05,2019080501005895,NHPC,39,56,100,66.00,"6,600.00"
2019-08-05,2019080501006166,NIB,26,43,50,513.00,"25,650.00"
2019-08-05,2019080501005990,NIB,26,16,14,512.00,"7,168.00"
2019-08-05,2019080501005989,NIB,11,16,200,512.00,"102,400.00"
2019-08-05,2019080501005988,NIB,57,16,39,512.00,"19,968.00"
2019-08-05,2019080501005925,NIB,42,43,400,513.00,"205,200.00"
2019-08-05,2019080501005924,NIB,17,43,50,513.00,"25,650.00"
2019-08-05,2019080501005749,NIB,42,42,1,510.00,510.00
2019-08-05,2019080501006111,NICA,14,1,104,463.00,"48,152.00"
2019-08-05,2019080501006060,NICA,42,1,45,464.00,"20,880.00"
2019-08-05,2019080501006059,NICA,42,22,55,464.00,"25,520.00"
2019-08-05,2019080501006032,NICA,14,39,217,463.00,"100,471.00"
2019-08-05,2019080501006031,NICA,42,39,283,463.00,"131,029.00"
2019-08-05,2019080501005963,NICA,42,48,917,463.00,"424,571.00"
2019-08-05,2019080501005962,NICA,41,48,40,463.00,"18,520.00"
2019-08-05,2019080501005794,NICL,14,25,200,355.00,"71,000.00"
2019-08-05,2019080501005793,NICL,14,7,200,355.00,"71,000.00"
2019-08-05,2019080501005792,NICL,14,34,200,354.00,"70,800.00"
2019-08-05,2019080501006181,NLBBL,22,39,11,570.00,"6,270.00"
2019-08-05,2019080501006180,NLBBL,22,41,10,570.00,"5,700.00"
2019-08-05,2019080501006168,NLBBL,33,21,179,571.00,"102,209.00"
2019-08-05,2019080501006167,NLBBL,6,21,11,572.00,"6,292.00"
2019-08-05,2019080501006104,NLBBL,6,39,11,572.00,"6,292.00"
2019-08-05,2019080501006123,NLIC,32,6,100,875.00,"87,500.00"
2019-08-05,2019080501005994,NLIC,34,22,44,874.00,"38,456.00"
2019-08-05,2019080501005880,NLIC,45,6,100,875.00,"87,500.00"
2019-08-05,2019080501005879,NLIC,57,6,23,876.00,"20,148.00"
2019-08-05,2019080501005878,NLIC,56,6,10,876.00,"8,760.00"
2019-08-05,2019080501005877,NLIC,38,6,46,876.00,"40,296.00"
2019-08-05,2019080501005701,NLIC,38,6,50,876.00,"43,800.00"
2019-08-05,2019080501005742,NLICL,53,22,300,577.00,"173,100.00"
2019-08-05,2019080501005821,NMBSF1,22,45,"5,000",11.10,"55,500.00"
2019-08-05,2019080501005820,NMBSF1,22,32,"2,000",11.08,"22,160.00"
2019-08-05,2019080501005819,NMBSF1,22,32,"2,000",11.08,"22,160.00"
2019-08-05,2019080501006185,NMFBS,28,28,5,"1,510.00","7,550.00"
2019-08-05,2019080501006089,NMFBS,40,48,25,"1,516.00","37,900.00"
2019-08-05,2019080501006088,NMFBS,29,48,75,"1,517.00","113,775.00"
2019-08-05,2019080501005899,NMFBS,21,21,3,"1,517.00","4,551.00"
2019-08-05,2019080501005806,NNLB,38,55,75,453.00,"33,975.00"
2019-08-05,2019080501005756,NNLB,38,57,35,453.00,"15,855.00"
2019-08-05,2019080501005755,NNLB,45,57,20,454.00,"9,080.00"
2019-08-05,2019080501005754,NNLB,39,57,10,454.00,"4,540.00"
2019-08-05,2019080501006063,NTC,39,34,200,691.00,"138,200.00"
2019-08-05,2019080501005893,NTC,39,43,200,691.00,"138,200.00"
2019-08-05,2019080501005884,NTC,39,43,75,691.00,"51,825.00"
2019-08-05,2019080501005883,NTC,39,43,225,691.00,"155,475.00"
2019-08-05,2019080501006087,OHL,45,28,101,601.00,"60,701.00"
2019-08-05,2019080501006086,OHL,25,28,100,601.00,"60,100.00"
2019-08-05,2019080501006085,OHL,52,28,86,605.00,"52,030.00"
2019-08-05,2019080501005997,OHL,52,34,64,605.00,"38,720.00"
2019-08-05,2019080501005996,OHL,47,34,56,605.00,"33,880.00"
2019-08-05,2019080501005995,OHL,7,34,30,606.00,"18,180.00"
2019-08-05,2019080501006157,PCBL,48,16,15,279.00,"4,185.00"
2019-08-05,2019080501006156,PCBL,8,16,285,279.00,"79,515.00"
2019-08-05,2019080501006005,PCBL,46,22,50,280.00,"14,000.00"
2019-08-05,2019080501006004,PCBL,42,22,10,280.00,"2,800.00"
2019-08-05,2019080501006003,PCBL,38,22,185,280.00,"51,800.00"
2019-08-05,2019080501006043,PIC,4,39,76,477.00,"36,252.00"
2019-08-05,2019080501006042,PIC,4,39,124,477.00,"59,148.00"
2019-08-05,2019080501006033,PIC,4,40,11,477.00,"5,247.00"
2019-08-05,2019080501006121,PICL,57,55,26,530.00,"13,780.00"
2019-08-05,2019080501006120,PICL,3,55,50,531.00,"26,550.00"
2019-08-05,2019080501006119,PICL,41,55,50,531.00,"26,550.00"
2019-08-05,2019080501006118,PICL,45,55,10,531.00,"5,310.00"
2019-08-05,2019080501005833,PLIC,1,49,67,420.00,"28,140.00"
2019-08-05,2019080501005818,PLIC,1,11,100,420.00,"42,000.00"
2019-08-05,2019080501006179,PMHPL,29,29,10,104.00,"1,040.00"
2019-08-05,2019080501005971,PMHPL,56,38,10,103.00,"1,030.00"
2019-08-05,2019080501005968,PPCL,34,21,10,129.00,"1,290.00"
2019-08-05,2019080501005902,PPCL,34,17,10,129.00,"1,290.00"
2019-08-05,2019080501005885,PPCL,34,22,10,129.00,"1,290.00"
2019-08-05,2019080501005860,PPCL,34,22,10,129.00,"1,290.00"
2019-08-05,2019080501006049,PROFL,34,59,400,104.00,"41,600.00"
2019-08-05,2019080501005949,PROFL,34,59,400,104.00,"41,600.00"
2019-08-05,2019080501005740,PROFL,55,59,100,104.00,"10,400.00"
2019-08-05,2019080501005739,PROFL,26,59,"1,000",104.00,"104,000.00"
2019-08-05,2019080501005738,PROFL,57,59,100,104.00,"10,400.00"
2019-08-05,2019080501005707,PRVU,58,45,50,273.00,"13,650.00"
2019-08-05,2019080501005953,RADHI,34,16,11,143.00,"1,573.00"
2019-08-05,2019080501005822,RMDC,4,37,400,677.00,"270,800.00"
2019-08-05,2019080501006183,RSDC,33,53,25,370.00,"9,250.00"
2019-08-05,2019080501005714,RSDC,22,38,100,372.00,"37,200.00"
2019-08-05,2019080501006083,SADBL,55,35,"1,000",153.00,"153,000.00"
2019-08-05,2019080501006161,SANIMA,34,41,362,354.00,"128,148.00"
2019-08-05,2019080501005757,SBI,52,46,40,464.00,"18,560.00"
2019-08-05,2019080501006159,SBL,10,52,500,320.00,"160,000.00"
2019-08-05,2019080501005842,SBL,10,33,"3,122",320.00,"999,040.00"
2019-08-05,2019080501005841,SBL,49,33,500,320.00,"160,000.00"
2019-08-05,2019080501005840,SBL,57,33,500,320.00,"160,000.00"
2019-08-05,2019080501005839,SBL,14,33,100,320.00,"32,000.00"
2019-08-05,2019080501005838,SBL,11,33,100,320.00,"32,000.00"
2019-08-05,2019080501005837,SBL,58,33,"2,000",320.00,"640,000.00"
2019-08-05,2019080501005836,SBL,52,33,136,320.00,"43,520.00"
2019-08-05,2019080501005835,SBL,56,33,50,321.00,"16,050.00"
2019-08-05,2019080501005834,SBL,39,33,217,321.00,"69,657.00"
2019-08-05,2019080501006065,SCB,11,21,10,659.00,"6,590.00"
2019-08-05,2019080501005775,SCB,11,41,10,659.00,"6,590.00"
2019-08-05,2019080501005699,SCB,11,21,10,659.00,"6,590.00"
2019-08-05,2019080501005940,SCB,11,16,100,659.00,"65,900.00"
2019-08-05,2019080501006041,SCB,11,22,60,659.00,"39,540.00"
2019-08-05,2019080501005856,SDESI,36,38,300,614.00,"184,200.00"
2019-08-05,2019080501005813,SDESI,21,59,100,610.00,"61,000.00"
2019-08-05,2019080501006057,SHIVM,34,58,50,580.00,"29,000.00"
2019-08-05,2019080501006053,SHIVM,57,50,100,583.00,"58,300.00"
2019-08-05,2019080501006008,SHIVM,34,39,440,580.00,"255,200.00"
2019-08-05,2019080501005803,SHIVM,44,43,200,582.00,"116,400.00"
2019-08-05,2019080501005802,SHIVM,32,43,100,582.00,"58,200.00"
2019-08-05,2019080501005801,SHIVM,35,43,100,583.00,"58,300.00"
2019-08-05,2019080501005851,SHIVM,34,19,200,581.00,"116,200.00"
2019-08-05,2019080501005823,SHIVM,44,43,50,580.00,"29,000.00"
2019-08-05,2019080501005809,SHIVM,45,19,"1,000",581.00,"581,000.00"
2019-08-05,2019080501005808,SHIVM,17,19,100,581.00,"58,100.00"
2019-08-05,2019080501005807,SHIVM,14,19,20,581.00,"11,620.00"
2019-08-05,2019080501005804,SHIVM,5,43,300,582.00,"174,600.00"
2019-08-05,2019080501005934,SHIVM,34,19,150,581.00,"87,150.00"
2019-08-05,2019080501005923,SHIVM,34,17,50,581.00,"29,050.00"
2019-08-05,2019080501005906,SHIVM,47,19,290,580.00,"168,200.00"
2019-08-05,2019080501005905,SHIVM,49,19,40,580.00,"23,200.00"
2019-08-05,2019080501005904,SHIVM,8,19,200,580.00,"116,000.00"
2019-08-05,2019080501005903,SHIVM,44,19,50,580.00,"29,000.00"
2019-08-05,2019080501006007,SHIVM,46,39,60,580.00,"34,800.00"
2019-08-05,2019080501006006,SHIVM,46,33,400,580.00,"232,000.00"
2019-08-05,2019080501005938,SHIVM,46,19,40,580.00,"23,200.00"
2019-08-05,2019080501005937,SHIVM,57,19,100,580.00,"58,000.00"
2019-08-05,2019080501005936,SHIVM,22,19,100,580.00,"58,000.00"
2019-08-05,2019080501005935,SHIVM,47,19,210,580.00,"121,800.00"
2019-08-05,2019080501006184,SHL,21,26,100,234.00,"23,400.00"
2019-08-05,2019080501005828,SHPC,44,34,311,243.00,"75,573.00"
2019-08-05,2019080501005827,SHPC,43,34,147,243.00,"35,721.00"
2019-08-05,2019080501006160,SKBBL,6,11,125,990.00,"123,750.00"
2019-08-05,2019080501006075,SKBBL,6,11,100,990.00,"99,000.00"
2019-08-05,2019080501005967,SKBBL,42,58,100,991.00,"99,100.00"
2019-08-05,2019080501006144,SLBSL,28,50,100,656.00,"65,600.00"
2019-08-05,2019080501005966,SLBSL,28,11,10,656.00,"6,560.00"
2019-08-05,2019080501005941,SLBSL,28,11,10,656.00,"6,560.00"
2019-08-05,2019080501005907,SLBSL,28,11,10,656.00,"6,560.00"
2019-08-05,2019080501005869,SLBSL,18,6,100,657.00,"65,700.00"
2019-08-05,2019080501005706,SLBSL,28,11,10,657.00,"6,570.00"
2019-08-05,2019080501005859,SLBSL,28,26,10,656.00,"6,560.00"
2019-08-05,2019080501005849,SLBSL,28,11,10,656.00,"6,560.00"
2019-08-05,2019080501005770,SLBSL,52,6,10,657.00,"6,570.00"
2019-08-05,2019080501005769,SLBSL,28,6,50,657.00,"32,850.00"
2019-08-05,2019080501005762,SLBSL,28,11,10,657.00,"6,570.00"
2019-08-05,2019080501005731,SLBSL,28,40,10,657.00,"6,570.00"
2019-08-05,2019080501006038,SLICL,52,22,100,464.00,"46,400.00"
2019-08-05,2019080501005817,SLICL,14,22,15,464.00,"6,960.00"
2019-08-05,2019080501005761,SLICL,43,59,68,464.00,"31,552.00"
2019-08-05,2019080501005751,SLICL,21,59,100,464.00,"46,400.00"
2019-08-05,2019080501005698,SLICL,43,59,320,465.00,"148,800.00"
2019-08-05,2019080501006080,SMFBS,34,49,10,801.00,"8,010.00"
2019-08-05,2019080501006078,SMFBS,34,40,10,801.00,"8,010.00"
2019-08-05,2019080501006066,SMFBS,34,49,10,801.00,"8,010.00"
2019-08-05,2019080501006056,SMFBS,34,22,10,801.00,"8,010.00"
2019-08-05,2019080501006037,SMFBS,34,34,440,801.00,"352,440.00"
2019-08-05,2019080501006036,SMFBS,28,34,60,801.00,"48,060.00"
2019-08-05,2019080501005713,SMFBS,14,48,10,803.00,"8,030.00"
2019-08-05,2019080501005799,SMFBS,35,32,20,802.00,"16,040.00"
2019-08-05,2019080501005798,SMFBS,57,32,190,802.00,"152,380.00"
2019-08-05,2019080501005771,SMFBS,57,18,10,802.00,"8,020.00"
2019-08-05,2019080501005736,SMFBS,35,34,50,803.00,"40,150.00"
2019-08-05,2019080501005735,SMFBS,14,34,50,803.00,"40,150.00"
2019-08-05,2019080501005730,SMFBS,14,48,10,803.00,"8,030.00"
2019-08-05,2019080501005972,SMFBS,28,29,10,802.00,"8,020.00"
2019-08-05,2019080501005970,SMFBS,28,32,10,801.00,"8,010.00"
2019-08-05,2019080501005939,SMFBS,28,21,10,801.00,"8,010.00"
2019-08-05,2019080501005919,SMFBS,28,56,10,801.00,"8,010.00"
2019-08-05,2019080501005892,SMFBS,28,26,10,801.00,"8,010.00"
2019-08-05,2019080501005853,SMFBS,35,40,10,802.00,"8,020.00"
2019-08-05,2019080501005978,SMFBS,28,22,10,813.00,"8,130.00"
2019-08-05,2019080501005977,SMFBS,28,22,10,810.00,"8,100.00"
2019-08-05,2019080501005976,SMFBS,28,43,10,810.00,"8,100.00"
2019-08-05,2019080501005975,SMFBS,28,38,160,810.00,"129,600.00"
2019-08-05,2019080501005974,SMFBS,28,34,20,809.00,"16,180.00"
2019-08-05,2019080501005973,SMFBS,28,42,20,805.00,"16,100.00"
2019-08-05,2019080501006130,SMFDB,38,7,45,540.00,"24,300.00"
2019-08-05,2019080501006129,SMFDB,58,7,50,541.00,"27,050.00"
2019-08-05,2019080501006128,SMFDB,50,7,49,541.00,"26,509.00"
2019-08-05,2019080501006127,SMFDB,21,7,10,542.00,"5,420.00"
2019-08-05,2019080501005917,SMFDB,45,29,11,541.00,"5,951.00"
2019-08-05,2019080501005916,SMFDB,3,29,10,542.00,"5,420.00"
2019-08-05,2019080501005965,SMFDB,50,29,51,541.00,"27,591.00"
2019-08-05,2019080501005964,SMFDB,45,29,39,541.00,"21,099.00"
2019-08-05,2019080501006081,SPARS,36,21,10,654.00,"6,540.00"
2019-08-05,2019080501006072,SPARS,36,45,60,654.00,"39,240.00"
2019-08-05,2019080501006070,SPARS,36,38,10,654.00,"6,540.00"
2019-08-05,2019080501006069,SPARS,42,38,40,655.00,"26,200.00"
2019-08-05,2019080501006055,SPARS,42,32,10,655.00,"6,550.00"
2019-08-05,2019080501005922,SPARS,36,55,90,654.00,"58,860.00"
2019-08-05,2019080501005921,SPARS,14,55,10,654.00,"6,540.00"
2019-08-05,2019080501005918,SPARS,14,21,10,654.00,"6,540.00"
2019-08-05,2019080501005900,SPARS,22,55,20,655.00,"13,100.00"
2019-08-05,2019080501005881,SPARS,45,50,10,657.00,"6,570.00"
2019-08-05,2019080501005862,SPARS,45,38,10,657.00,"6,570.00"
2019-08-05,2019080501006024,SRBL,52,39,46,249.00,"11,454.00"
2019-08-05,2019080501006023,SRBL,52,35,99,249.00,"24,651.00"
2019-08-05,2019080501006022,SRBL,52,6,55,249.00,"13,695.00"
2019-08-05,2019080501005763,SRBL,54,6,100,249.00,"24,900.00"
2019-08-05,2019080501006169,TRH,21,38,100,309.00,"30,900.00"
2019-08-05,2019080501005805,TRH,44,14,10,307.00,"3,070.00"
2019-08-05,2019080501005825,UMHL,42,16,10,108.00,"1,080.00"
2019-08-05,2019080501006114,UPCL,17,56,50,87.00,"4,350.00"
2019-08-05,2019080501005927,UPCL,17,17,50,87.00,"4,350.00"
2019-08-05,2019080501005876,UPCL,41,51,92,88.00,"8,096.00"
2019-08-05,2019080501005875,UPCL,41,51,83,88.00,"7,304.00"
2019-08-05,2019080501005874,UPCL,41,6,25,88.00,"2,200.00"
2019-08-05,2019080501006187,UPPER,6,39,40,266.00,"10,640.00"
2019-08-05,2019080501006158,UPPER,6,42,93,266.00,"24,738.00"
2019-08-05,2019080501006150,UPPER,6,45,59,266.00,"15,694.00"
2019-08-05,2019080501006149,UPPER,36,45,40,266.00,"10,640.00"
2019-08-05,2019080501006148,UPPER,40,45,160,266.00,"42,560.00"
2019-08-05,2019080501006147,UPPER,14,45,200,266.00,"53,200.00"
2019-08-05,2019080501005797,UPPER,14,34,219,266.00,"58,254.00"
2019-08-05,2019080501005796,UPPER,3,34,106,266.00,"28,196.00"
2019-08-05,2019080501005795,UPPER,3,40,40,266.00,"10,640.00"
2019-08-05,2019080501005745,UPPER,3,40,40,266.00,"10,640.00"
2019-08-05,2019080501006146,UPPER,11,45,120,266.00,"31,920.00"
2019-08-05,2019080501006145,UPPER,32,45,241,266.00,"64,106.00"
2019-08-05,2019080501006126,UPPER,32,11,40,266.00,"10,640.00"
2019-08-05,2019080501006096,UPPER,32,42,19,266.00,"5,054.00"
2019-08-05,2019080501006095,UPPER,14,42,31,266.00,"8,246.00"
2019-08-05,2019080501006054,UPPER,14,40,50,266.00,"13,300.00"
2019-08-05,2019080501006189,VLBS,11,49,55,585.00,"32,175.00"
2019-08-05,2019080501006165,VLBS,11,53,20,585.00,"11,700.00"
2019-08-05,2019080501006164,VLBS,55,53,100,586.00,"58,600.00"
2019-08-05,2019080501005463,ADBL,35,28,611,434.00,"265,174.00"
2019-08-05,2019080501005437,ADBL,35,48,16,434.00,"6,944.00"
2019-08-05,2019080501005421,ADBL,35,41,150,434.00,"65,100.00"
2019-08-05,2019080501005412,ADBL,35,41,110,434.00,"47,740.00"
2019-08-05,2019080501005385,ADBL,58,43,300,436.00,"130,800.00"
2019-08-05,2019080501005384,ADBL,58,58,200,436.00,"87,200.00"
2019-08-05,2019080501005383,ADBL,58,6,200,435.00,"87,000.00"
2019-08-05,2019080501005376,ADBL,35,41,110,434.00,"47,740.00"
2019-08-05,2019080501005333,AHPC,35,43,50,105.00,"5,250.00"
2019-08-05,2019080501005223,AHPC,25,42,55,104.00,"5,720.00"
2019-08-05,2019080501005607,ALBSL,14,41,10,469.00,"4,690.00"
2019-08-05,2019080501005299,ALBSL,14,45,10,469.00,"4,690.00"
2019-08-05,2019080501005234,ALBSL,43,42,10,469.00,"4,690.00"
2019-08-05,2019080501005640,ALICL,51,22,100,363.00,"36,300.00"
2019-08-05,2019080501005622,ALICL,37,28,31,362.00,"11,222.00"
2019-08-05,2019080501005621,ALICL,42,28,200,362.00,"72,400.00"
2019-08-05,2019080501005620,ALICL,6,28,20,362.00,"7,240.00"
2019-08-05,2019080501005619,ALICL,14,28,22,362.00,"7,964.00"
2019-08-05,2019080501005564,ALICL,25,22,10,363.00,"3,630.00"
2019-08-05,2019080501005459,ALICL,14,57,10,362.00,"3,620.00"
2019-08-05,2019080501005492,API,43,1,32,135.00,"4,320.00"
2019-08-05,2019080501005259,API,43,42,29,135.00,"3,915.00"
2019-08-05,2019080501005465,BOKL,22,1,158,261.00,"41,238.00"
2019-08-05,2019080501005454,BOKL,50,51,15,262.00,"3,930.00"
2019-08-05,2019080501005264,BPCL,42,42,11,399.00,"4,389.00"
2019-08-05,2019080501005520,CBBL,6,39,64,"1,007.00","64,448.00"
2019-08-05,2019080501005314,CBBL,6,26,20,"1,007.00","20,140.00"
2019-08-05,2019080501005215,CBBL,26,4,10,"1,007.00","10,070.00"
2019-08-05,2019080501005198,CBBL,26,4,30,"1,007.00","30,210.00"
2019-08-05,2019080501005269,CBBL,6,4,30,"1,007.00","30,210.00"
2019-08-05,2019080501005261,CBBL,6,4,30,"1,007.00","30,210.00"
2019-08-05,2019080501005247,CBBL,6,4,30,"1,007.00","30,210.00"
2019-08-05,2019080501005233,CBBL,42,4,30,"1,007.00","30,210.00"
2019-08-05,2019080501005216,CBBL,42,4,20,"1,007.00","20,140.00"
2019-08-05,2019080501005579,CBL,53,58,100,152.00,"15,200.00"
2019-08-05,2019080501005547,CBL,53,58,100,152.00,"15,200.00"
2019-08-05,2019080501005546,CBL,29,58,180,152.00,"27,360.00"
2019-08-05,2019080501005210,CBL,41,48,817,153.00,"125,001.00"
2019-08-05,2019080501005588,CCBL,57,49,260,168.00,"43,680.00"
2019-08-05,2019080501005578,CCBL,57,6,740,168.00,"124,320.00"
2019-08-05,2019080501005575,CCBL,29,49,300,167.00,"50,100.00"
2019-08-05,2019080501005563,CCBL,29,42,473,167.00,"78,991.00"
2019-08-05,2019080501005562,CCBL,52,42,500,167.00,"83,500.00"
2019-08-05,2019080501005561,CCBL,47,42,"1,000",167.00,"167,000.00"
2019-08-05,2019080501005560,CCBL,43,42,27,167.00,"4,509.00"
2019-08-05,2019080501005500,CCBL,43,33,100,167.00,"16,700.00"
2019-08-05,2019080501005499,CCBL,49,49,"1,200",168.00,"201,600.00"
2019-08-05,2019080501005313,CCBL,38,49,"1,000",168.00,"168,000.00"
2019-08-05,2019080501005271,CCBL,43,42,38,167.00,"6,346.00"
2019-08-05,2019080501005669,CHCL,26,1,100,511.00,"51,100.00"
2019-08-05,2019080501005668,CHCL,26,6,57,511.00,"29,127.00"
2019-08-05,2019080501005667,CHCL,26,6,84,511.00,"42,924.00"
2019-08-05,2019080501005666,CHCL,26,6,34,511.00,"17,374.00"
2019-08-05,2019080501005576,CHCL,6,55,50,510.00,"25,500.00"
2019-08-05,2019080501005368,CIT,41,57,45,"2,430.00","109,350.00"
2019-08-05,2019080501005298,CLBSL,11,28,11,529.00,"5,819.00"
2019-08-05,2019080501005593,CZBIL,42,55,150,223.00,"33,450.00"
2019-08-05,2019080501005364,CZBIL,40,38,10,223.00,"2,230.00"
2019-08-05,2019080501005363,CZBIL,40,6,41,223.00,"9,143.00"
2019-08-05,2019080501005362,CZBIL,40,51,93,223.00,"20,739.00"
2019-08-05,2019080501005361,CZBIL,40,22,381,223.00,"84,963.00"
2019-08-05,2019080501005220,CZBIL,45,10,12,222.00,"2,664.00"
2019-08-05,2019080501005393,DBBL,49,32,"2,711",142.00,"384,962.00"
2019-08-05,2019080501005392,DBBL,56,32,50,142.00,"7,100.00"
2019-08-05,2019080501005391,DBBL,1,32,200,142.00,"28,400.00"
2019-08-05,2019080501005390,DBBL,21,32,200,142.00,"28,400.00"
2019-08-05,2019080501005389,DBBL,1,32,500,142.00,"71,000.00"
2019-08-05,2019080501005388,DBBL,42,32,500,142.00,"71,000.00"
2019-08-05,2019080501005387,DBBL,56,32,500,142.00,"71,000.00"
2019-08-05,2019080501005386,DBBL,1,32,339,142.00,"48,138.00"
2019-08-05,2019080501005307,DBBL,1,8,111,142.00,"15,762.00"
2019-08-05,2019080501005306,DBBL,49,8,110,143.00,"15,730.00"
2019-08-05,2019080501005604,DDBL,52,33,50,774.00,"38,700.00"
2019-08-05,2019080501005232,DDBL,52,29,300,773.00,"231,900.00"
2019-08-05,2019080501005231,DDBL,52,29,200,774.00,"154,800.00"
2019-08-05,2019080501005567,FMDBL,41,36,64,388.00,"24,832.00"
2019-08-05,2019080501005566,FMDBL,36,36,36,388.00,"13,968.00"
2019-08-05,2019080501005516,FMDBL,41,45,50,390.00,"19,500.00"
2019-08-05,2019080501005496,FMDBL,36,52,76,388.00,"29,488.00"
2019-08-05,2019080501005537,FOWAD,13,17,40,"1,389.00","55,560.00"
2019-08-05,2019080501005530,FOWAD,17,29,20,"1,389.00","27,780.00"
2019-08-05,2019080501005529,FOWAD,51,29,50,"1,390.00","69,500.00"
2019-08-05,2019080501005657,GBBL,45,1,100,223.00,"22,300.00"
2019-08-05,2019080501005631,GBBL,45,1,100,223.00,"22,300.00"
2019-08-05,2019080501005377,GBBL,8,32,724,223.00,"161,452.00"
2019-08-05,2019080501005291,GBBL,8,42,112,223.00,"24,976.00"
2019-08-05,2019080501005534,GBLBS,41,41,50,383.00,"19,150.00"
2019-08-05,2019080501005405,GBLBS,4,45,10,380.00,"3,800.00"
2019-08-05,2019080501005293,GBLBS,4,42,10,380.00,"3,800.00"
2019-08-05,2019080501005254,GHL,44,58,10,83.00,830.00
2019-08-05,2019080501005681,GLBSL,55,21,10,530.00,"5,300.00"
2019-08-05,2019080501005645,GLBSL,32,52,40,530.00,"21,200.00"
2019-08-05,2019080501005559,GLBSL,19,21,10,531.00,"5,310.00"
2019-08-05,2019080501005267,GLBSL,36,45,10,540.00,"5,400.00"
2019-08-05,2019080501005213,GLBSL,36,39,10,540.00,"5,400.00"
2019-08-05,2019080501005197,GLBSL,36,42,10,540.00,"5,400.00"
2019-08-05,2019080501005632,GMFBS,39,41,10,585.00,"5,850.00"
2019-08-05,2019080501005617,GMFBS,39,26,10,585.00,"5,850.00"
2019-08-05,2019080501005532,GMFBS,33,21,10,590.00,"5,900.00"
2019-08-05,2019080501005531,GMFBS,33,45,10,590.00,"5,900.00"
2019-08-05,2019080501005475,GMFBS,34,5,70,586.00,"41,020.00"
2019-08-05,2019080501005369,GMFBS,34,45,10,586.00,"5,860.00"
2019-08-05,2019080501005350,GMFBS,34,40,10,586.00,"5,860.00"
2019-08-05,2019080501005326,GMFBS,34,44,10,586.00,"5,860.00"
2019-08-05,2019080501005246,HBL,25,51,270,545.00,"147,150.00"
2019-08-05,2019080501005320,HDL,32,58,100,"1,544.00","154,400.00"
2019-08-05,2019080501005319,HDL,48,58,100,"1,544.00","154,400.00"
2019-08-05,2019080501005318,HDL,22,58,50,"1,545.00","77,250.00"
2019-08-05,2019080501005317,HDL,35,58,100,"1,545.00","154,500.00"
2019-08-05,2019080501005316,HDL,14,58,50,"1,546.00","77,300.00"
2019-08-05,2019080501005290,HDL,38,58,150,"1,550.00","232,500.00"
2019-08-05,2019080501005289,HDL,45,58,100,"1,553.00","155,300.00"
2019-08-05,2019080501005281,HDL,41,57,100,"1,560.00","156,000.00"
2019-08-05,2019080501005280,HDL,58,57,50,"1,560.00","78,000.00"
2019-08-05,2019080501005279,HDL,6,57,30,"1,561.00","46,830.00"
2019-08-05,2019080501005511,HGI,5,13,50,340.00,"17,000.00"
2019-08-05,2019080501005510,HGI,58,13,100,340.00,"34,000.00"
2019-08-05,2019080501005509,HGI,13,13,30,340.00,"10,200.00"
2019-08-05,2019080501005508,HGI,56,13,100,340.00,"34,000.00"
2019-08-05,2019080501005507,HGI,6,13,60,340.00,"20,400.00"
2019-08-05,2019080501005506,HGI,43,13,100,341.00,"34,100.00"
2019-08-05,2019080501005505,HGI,29,13,750,342.00,"256,500.00"
2019-08-05,2019080501005613,ICFC,4,52,16,164.00,"2,624.00"
