Date,Transact. No.,Symbol,Buyer,Seller,Quantity,Rate,Amount
2020-02-19,2020021901014951,ADBL,57,58,150,397.00,"59,550.00"
2020-02-19,2020021901014950,ADBL,57,18,236,397.00,"93,692.00"
2020-02-19,2020021901014949,ADBL,57,49,300,396.00,"118,800.00"
2020-02-19,2020021901014948,ADBL,57,35,401,395.00,"158,395.00"
2020-02-19,2020021901014906,ADBL,42,34,300,394.00,"118,200.00"
2020-02-19,2020021901014905,ADBL,22,34,200,395.00,"79,000.00"
2020-02-19,2020021901014732,ALBSL,34,36,11,858.00,"9,438.00"
2020-02-19,2020021901014731,ALBSL,34,5,265,858.00,"227,370.00"
2020-02-19,2020021901014730,ALBSL,34,1,69,858.00,"59,202.00"
2020-02-19,2020021901014729,ALBSL,34,45,24,858.00,"20,592.00"
2020-02-19,2020021901014728,ALBSL,34,45,11,858.00,"9,438.00"
2020-02-19,2020021901014727,ALBSL,34,45,11,858.00,"9,438.00"
2020-02-19,2020021901014726,ALBSL,34,45,241,858.00,"206,778.00"
2020-02-19,2020021901014725,ALBSL,34,54,19,858.00,"16,302.00"
2020-02-19,2020021901014724,ALBSL,34,51,41,858.00,"35,178.00"
2020-02-19,2020021901014887,ALICL,59,35,100,633.00,"63,300.00"
2020-02-19,2020021901014782,ALICL,14,44,"1,000",632.00,"632,000.00"
2020-02-19,2020021901014781,ALICL,14,44,100,632.00,"63,200.00"
2020-02-19,2020021901014836,API,25,8,33,138.00,"4,554.00"
2020-02-19,2020021901014835,API,25,44,67,137.00,"9,179.00"
2020-02-19,2020021901014629,API,5,50,60,136.00,"8,160.00"
2020-02-19,2020021901014885,BBC,43,3,50,"1,848.00","92,400.00"
2020-02-19,2020021901014884,BBC,43,3,10,"1,848.00","18,480.00"
2020-02-19,2020021901014595,BBC,3,3,10,"1,848.00","18,480.00"
2020-02-19,2020021901015004,BOKL,28,17,200,236.00,"47,200.00"
2020-02-19,2020021901014646,BOKL,34,18,500,237.00,"118,500.00"
2020-02-19,2020021901014645,BOKL,42,18,100,237.00,"23,700.00"
2020-02-19,2020021901014644,BOKL,10,18,200,237.00,"47,400.00"
2020-02-19,2020021901014643,BOKL,45,18,100,237.00,"23,700.00"
2020-02-19,2020021901014642,BOKL,19,18,80,237.00,"18,960.00"
2020-02-19,2020021901014641,BOKL,33,18,"1,000",237.00,"237,000.00"
2020-02-19,2020021901014640,BOKL,19,18,52,237.00,"12,324.00"
2020-02-19,2020021901014796,BPCL,42,39,16,361.00,"5,776.00"
2020-02-19,2020021901014687,BPCL,59,39,11,360.00,"3,960.00"
2020-02-19,2020021901015029,CBBL,36,55,50,"1,180.00","59,000.00"
2020-02-19,2020021901015016,CBL,39,25,"2,500",153.00,"382,500.00"
2020-02-19,2020021901014571,CBL,39,33,27,153.00,"4,131.00"
2020-02-19,2020021901014570,CBL,39,33,473,153.00,"72,369.00"
2020-02-19,2020021901014880,CCBL,13,19,450,184.00,"82,800.00"
2020-02-19,2020021901014879,CCBL,55,19,550,184.00,"101,200.00"
2020-02-19,2020021901014876,CCBL,45,33,300,185.00,"55,500.00"
2020-02-19,2020021901014974,CIT,28,51,20,"2,820.00","56,400.00"
2020-02-19,2020021901014973,CIT,28,26,31,"2,819.00","87,389.00"
2020-02-19,2020021901014972,CIT,28,42,50,"2,818.00","140,900.00"
2020-02-19,2020021901014971,CIT,28,18,375,"2,815.00","1,055,625.00"
2020-02-19,2020021901014970,CIT,58,39,100,"2,805.00","280,500.00"
2020-02-19,2020021901014718,CIT,33,18,25,"2,815.00","70,375.00"
2020-02-19,2020021901014660,CIT,58,19,75,"2,805.00","210,375.00"
2020-02-19,2020021901014658,CIT,57,19,100,"2,805.00","280,500.00"
2020-02-19,2020021901014883,CLBSL,42,38,10,"1,240.00","12,400.00"
2020-02-19,2020021901014572,CLBSL,38,3,20,"1,218.00","24,360.00"
2020-02-19,2020021901015005,CZBIL,25,35,20,199.00,"3,980.00"
2020-02-19,2020021901014930,CZBIL,46,45,234,197.00,"46,098.00"
2020-02-19,2020021901014929,CZBIL,52,45,216,197.00,"42,552.00"
2020-02-19,2020021901014612,CZBIL,52,11,232,197.00,"45,704.00"
2020-02-19,2020021901014611,CZBIL,56,11,50,198.00,"9,900.00"
2020-02-19,2020021901014610,CZBIL,17,11,218,198.00,"43,164.00"
2020-02-19,2020021901015003,DDBL,33,34,100,925.00,"92,500.00"
2020-02-19,2020021901014957,DDBL,6,10,100,930.00,"93,000.00"
2020-02-19,2020021901014903,DDBL,41,10,80,930.00,"74,400.00"
2020-02-19,2020021901014902,DDBL,41,25,420,930.00,"390,600.00"
2020-02-19,2020021901014901,DDBL,41,33,500,929.00,"464,500.00"
2020-02-19,2020021901014810,DDBL,21,33,500,929.00,"464,500.00"
2020-02-19,2020021901014748,DDBL,25,47,100,929.00,"92,900.00"
2020-02-19,2020021901014714,DDBL,21,57,35,928.00,"32,480.00"
2020-02-19,2020021901014773,DHPL,22,35,11,54.00,594.00
2020-02-19,2020021901014765,EBL,42,43,100,665.00,"66,500.00"
2020-02-19,2020021901015006,EIC,3,50,50,447.00,"22,350.00"
2020-02-19,2020021901014854,FMDBL,26,34,300,511.00,"153,300.00"
2020-02-19,2020021901014825,FMDBL,58,34,42,511.00,"21,462.00"
2020-02-19,2020021901014824,FMDBL,58,43,58,509.00,"29,522.00"
2020-02-19,2020021901014823,FMDBL,58,58,900,508.00,"457,200.00"
2020-02-19,2020021901014798,FMDBL,58,58,100,508.00,"50,800.00"
2020-02-19,2020021901014776,FMDBL,58,43,900,508.00,"457,200.00"
2020-02-19,2020021901014775,FMDBL,29,43,100,509.00,"50,900.00"
2020-02-19,2020021901015007,FOWAD,17,16,49,"1,650.00","80,850.00"
2020-02-19,2020021901014853,FOWAD,56,5,50,"1,650.00","82,500.00"
2020-02-19,2020021901014852,FOWAD,56,38,50,"1,650.00","82,500.00"
2020-02-19,2020021901014851,FOWAD,56,56,10,"1,640.00","16,400.00"
2020-02-19,2020021901014850,FOWAD,56,44,10,"1,640.00","16,400.00"
2020-02-19,2020021901014849,FOWAD,56,22,19,"1,640.00","31,160.00"
2020-02-19,2020021901014848,FOWAD,56,53,17,"1,638.00","27,846.00"
2020-02-19,2020021901014599,FOWAD,56,45,50,"1,635.00","81,750.00"
2020-02-19,2020021901014598,FOWAD,56,16,100,"1,634.00","163,400.00"
2020-02-19,2020021901014925,GBBL,4,42,500,244.00,"122,000.00"
2020-02-19,2020021901015010,GBIME,25,34,10,284.00,"2,840.00"
2020-02-19,2020021901014932,GBIME,38,34,30,284.00,"8,520.00"
2020-02-19,2020021901014826,GBIME,35,34,100,284.00,"28,400.00"
2020-02-19,2020021901014582,GBIME,38,6,40,283.00,"11,320.00"
2020-02-19,2020021901014581,GBIME,8,6,160,283.00,"45,280.00"
2020-02-19,2020021901014580,GBIME,8,11,340,283.00,"96,220.00"
2020-02-19,2020021901014967,GBLBS,40,18,120,529.00,"63,480.00"
2020-02-19,2020021901014966,GBLBS,1,18,80,529.00,"42,320.00"
2020-02-19,2020021901014965,GBLBS,17,42,500,530.00,"265,000.00"
2020-02-19,2020021901014761,GBLBS,44,42,200,530.00,"106,000.00"
2020-02-19,2020021901014659,GBLBS,1,45,20,529.00,"10,580.00"
2020-02-19,2020021901014600,GBLBS,1,51,80,529.00,"42,320.00"
2020-02-19,2020021901014587,GBLBS,45,42,500,530.00,"265,000.00"
2020-02-19,2020021901014579,GBLBS,34,42,320,530.00,"169,600.00"
2020-02-19,2020021901014578,GBLBS,34,45,180,529.00,"95,220.00"
2020-02-19,2020021901014993,GILB,14,42,19,"1,446.00","27,474.00"
2020-02-19,2020021901014992,GILB,14,36,200,"1,445.00","289,000.00"
2020-02-19,2020021901014933,GILB,14,36,200,"1,445.00","289,000.00"
2020-02-19,2020021901014868,GILB,37,36,200,"1,445.00","289,000.00"
2020-02-19,2020021901014609,GILB,57,42,81,"1,446.00","117,126.00"
2020-02-19,2020021901014608,GILB,57,37,44,"1,445.00","63,580.00"
2020-02-19,2020021901014607,GILB,57,42,100,"1,444.00","144,400.00"
2020-02-19,2020021901014606,GILB,57,51,25,"1,443.00","36,075.00"
2020-02-19,2020021901014866,GLBSL,48,48,10,830.00,"8,300.00"
2020-02-19,2020021901014865,GLBSL,48,42,100,830.00,"83,000.00"
2020-02-19,2020021901015015,GLICL,21,55,323,818.00,"264,214.00"
2020-02-19,2020021901015014,GLICL,21,46,30,817.00,"24,510.00"
2020-02-19,2020021901014942,GLICL,44,53,30,816.00,"24,480.00"
2020-02-19,2020021901014941,GLICL,44,47,400,816.00,"326,400.00"
2020-02-19,2020021901014878,GLICL,44,25,100,815.00,"81,500.00"
2020-02-19,2020021901014584,GLICL,21,46,147,814.00,"119,658.00"
2020-02-19,2020021901014583,GLICL,42,46,11,814.00,"8,954.00"
2020-02-19,2020021901015028,GMFBS,43,1,40,"1,019.00","40,760.00"
2020-02-19,2020021901014944,GMFBS,34,16,60,"1,018.00","61,080.00"
2020-02-19,2020021901014943,GMFBS,34,1,10,"1,018.00","10,180.00"
2020-02-19,2020021901014816,GMFBS,10,28,100,"1,012.00","101,200.00"
2020-02-19,2020021901014780,GMFBS,10,28,100,"1,012.00","101,200.00"
2020-02-19,2020021901014779,GMFBS,10,19,10,"1,010.00","10,100.00"
2020-02-19,2020021901014778,GMFBS,10,28,100,"1,010.00","101,000.00"
2020-02-19,2020021901014777,GMFBS,10,28,130,"1,009.00","131,170.00"
2020-02-19,2020021901014574,GMFIL,50,43,100,135.00,"13,500.00"
2020-02-19,2020021901015013,GUFL,10,19,300,130.00,"39,000.00"
2020-02-19,2020021901014928,HBL,56,43,421,574.00,"241,654.00"
2020-02-19,2020021901014834,HBL,44,43,40,575.00,"23,000.00"
2020-02-19,2020021901015024,HDL,40,57,100,"1,550.00","155,000.00"
2020-02-19,2020021901015012,HDL,47,57,100,"1,550.00","155,000.00"
2020-02-19,2020021901014927,HDL,42,45,200,"1,550.00","310,000.00"
2020-02-19,2020021901014926,HDL,42,4,15,"1,550.00","23,250.00"
2020-02-19,2020021901014845,HDL,46,4,35,"1,550.00","54,250.00"
2020-02-19,2020021901014844,HDL,46,58,50,"1,550.00","77,500.00"
2020-02-19,2020021901014556,HDL,57,14,120,"1,551.00","186,120.00"
2020-02-19,2020021901014555,HDL,42,14,50,"1,551.00","77,550.00"
2020-02-19,2020021901014554,HDL,26,14,30,"1,552.00","46,560.00"
2020-02-19,2020021901014691,HDL,37,38,30,"1,550.00","46,500.00"
2020-02-19,2020021901014651,HDL,53,38,170,"1,550.00","263,500.00"
2020-02-19,2020021901014650,HDL,53,17,330,"1,550.00","511,500.00"
2020-02-19,2020021901014597,HDL,51,17,50,"1,550.00","77,500.00"
2020-02-19,2020021901014596,HDL,57,17,30,"1,551.00","46,530.00"
2020-02-19,2020021901014566,HDL,25,48,50,"1,554.00","77,700.00"
2020-02-19,2020021901014770,HDL,25,48,45,"1,549.00","69,705.00"
2020-02-19,2020021901014768,HDL,45,48,100,"1,549.00","154,900.00"
2020-02-19,2020021901014735,HDL,43,53,50,"1,550.00","77,500.00"
2020-02-19,2020021901014733,HDL,8,53,100,"1,550.00","155,000.00"
2020-02-19,2020021901014723,HDL,40,53,35,"1,550.00","54,250.00"
2020-02-19,2020021901014692,HDL,37,53,20,"1,550.00","31,000.00"
2020-02-19,2020021901014821,HDL,3,57,40,"1,550.00","62,000.00"
2020-02-19,2020021901014820,HDL,3,17,190,"1,550.00","294,500.00"
2020-02-19,2020021901014819,HDL,3,46,170,"1,549.00","263,330.00"
2020-02-19,2020021901014804,HDL,16,17,50,"1,550.00","77,500.00"
2020-02-19,2020021901014772,HDL,25,17,60,"1,550.00","93,000.00"
2020-02-19,2020021901014771,HDL,25,53,95,"1,550.00","147,250.00"
2020-02-19,2020021901014843,HDL,46,17,300,"1,550.00","465,000.00"
2020-02-19,2020021901014842,HDL,46,57,15,"1,550.00","23,250.00"
2020-02-19,2020021901014839,HDL,21,57,35,"1,550.00","54,250.00"
2020-02-19,2020021901014838,HDL,21,39,15,"1,550.00","23,250.00"
2020-02-19,2020021901014833,HDL,26,57,700,"1,550.00","1,085,000.00"
2020-02-19,2020021901014829,HDL,6,57,10,"1,550.00","15,500.00"
2020-02-19,2020021901014934,HGI,35,21,450,444.00,"199,800.00"
2020-02-19,2020021901014708,HGI,58,50,100,446.00,"44,600.00"
2020-02-19,2020021901014704,HIDCL,8,58,31,139.00,"4,309.00"
2020-02-19,2020021901014662,HIDCL,58,43,31,140.00,"4,340.00"
2020-02-19,2020021901015042,IGI,59,34,10,478.00,"4,780.00"
2020-02-19,2020021901014602,IGI,51,34,150,473.00,"70,950.00"
2020-02-19,2020021901014601,IGI,51,34,300,473.00,"141,900.00"
2020-02-19,2020021901014792,ILBS,19,35,10,945.00,"9,450.00"
2020-02-19,2020021901014983,JBBL,20,13,492,192.00,"94,464.00"
2020-02-19,2020021901014807,JBBL,50,19,805,190.00,"152,950.00"
2020-02-19,2020021901014806,JBBL,16,19,185,191.00,"35,335.00"
2020-02-19,2020021901014797,JBBL,5,13,300,192.00,"57,600.00"
2020-02-19,2020021901014569,JBBL,16,34,315,191.00,"60,165.00"
2020-02-19,2020021901014567,JBBL,50,36,300,190.00,"57,000.00"
2020-02-19,2020021901014837,JSLBB,37,44,250,"1,860.00","465,000.00"
2020-02-19,2020021901014784,JSLBB,22,29,130,"1,868.00","242,840.00"
2020-02-19,2020021901014783,JSLBB,22,45,70,"1,868.00","130,760.00"
2020-02-19,2020021901014991,KBL,38,42,169,196.00,"33,124.00"
2020-02-19,2020021901014990,KBL,55,42,171,196.00,"33,516.00"
2020-02-19,2020021901014976,KBL,38,33,150,195.00,"29,250.00"
2020-02-19,2020021901014800,KBL,38,42,100,196.00,"19,600.00"
2020-02-19,2020021901014799,KBL,8,42,120,196.00,"23,520.00"
2020-02-19,2020021901014791,KBL,8,45,280,196.00,"54,880.00"
2020-02-19,2020021901014790,KBL,13,45,420,196.00,"82,320.00"
2020-02-19,2020021901014811,KKHC,42,35,16,53.00,848.00
2020-02-19,2020021901014752,KPCL,59,19,360,104.00,"37,440.00"
2020-02-19,2020021901014675,KSBBL,42,57,116,173.00,"20,068.00"
2020-02-19,2020021901014674,KSBBL,42,22,135,173.00,"23,355.00"
2020-02-19,2020021901014673,KSBBL,42,29,99,173.00,"17,127.00"
2020-02-19,2020021901014672,KSBBL,42,33,150,172.00,"25,800.00"
2020-02-19,2020021901015008,LGIL,38,42,10,533.00,"5,330.00"
2020-02-19,2020021901014857,LGIL,44,42,28,532.00,"14,896.00"
2020-02-19,2020021901014613,LGIL,44,35,500,532.00,"266,000.00"
2020-02-19,2020021901015050,LLBS,26,22,32,"1,204.00","38,528.00"
2020-02-19,2020021901014565,LLBS,25,58,79,"1,200.00","94,800.00"
2020-02-19,2020021901014564,LLBS,25,41,15,"1,200.00","18,000.00"
2020-02-19,2020021901014563,LLBS,25,18,33,"1,200.00","39,600.00"
2020-02-19,2020021901015047,MBL,3,34,143,240.00,"34,320.00"
2020-02-19,2020021901014734,MDB,54,53,500,366.00,"183,000.00"
2020-02-19,2020021901015033,MEGA,22,57,150,211.00,"31,650.00"
2020-02-19,2020021901015032,MEGA,57,57,400,211.00,"84,400.00"
2020-02-19,2020021901014895,MEGA,57,25,100,211.00,"21,100.00"
2020-02-19,2020021901014894,MEGA,21,25,100,211.00,"21,100.00"
2020-02-19,2020021901014893,MEGA,35,25,300,211.00,"63,300.00"
2020-02-19,2020021901014592,MEGA,42,38,336,212.00,"71,232.00"
2020-02-19,2020021901014591,MEGA,42,53,164,212.00,"34,768.00"
2020-02-19,2020021901014921,MERO,38,38,163,694.00,"113,122.00"
2020-02-19,2020021901014717,MERO,14,49,33,695.00,"22,935.00"
2020-02-19,2020021901014716,MERO,14,35,25,695.00,"17,375.00"
2020-02-19,2020021901014585,MERO,17,19,100,695.00,"69,500.00"
2020-02-19,2020021901014978,MFIL,43,42,10,196.00,"1,960.00"
2020-02-19,2020021901014669,MFIL,57,3,"1,000",194.00,"194,000.00"
2020-02-19,2020021901014998,MLBBL,29,45,100,875.00,"87,500.00"
2020-02-19,2020021901014769,MLBL,20,45,507,223.00,"113,061.00"
2020-02-19,2020021901015053,MPFL,25,57,123,123.00,"15,129.00"
2020-02-19,2020021901015052,MPFL,25,29,540,123.00,"66,420.00"
2020-02-19,2020021901015019,MPFL,42,29,100,123.00,"12,300.00"
2020-02-19,2020021901014863,MPFL,18,29,90,123.00,"11,070.00"
2020-02-19,2020021901014862,MPFL,18,29,10,123.00,"1,230.00"
2020-02-19,2020021901014861,MPFL,18,17,600,123.00,"73,800.00"
2020-02-19,2020021901014860,MPFL,18,33,"2,300",123.00,"282,900.00"
2020-02-19,2020021901014588,MPFL,48,33,10,123.00,"1,230.00"
2020-02-19,2020021901014867,MSMBS,45,1,350,845.00,"295,750.00"
2020-02-19,2020021901014855,MSMBS,32,51,16,858.00,"13,728.00"
2020-02-19,2020021901014738,NABIL,3,45,30,751.00,"22,530.00"
2020-02-19,2020021901014737,NABIL,3,36,20,751.00,"15,020.00"
2020-02-19,2020021901014736,NABIL,3,44,50,750.00,"37,500.00"
2020-02-19,2020021901014649,NABIL,45,32,73,748.00,"54,604.00"
2020-02-19,2020021901014648,NABIL,57,51,50,747.00,"37,350.00"
2020-02-19,2020021901014647,NABIL,17,51,150,747.00,"112,050.00"
2020-02-19,2020021901014624,NABIL,25,32,10,748.00,"7,480.00"
2020-02-19,2020021901014590,NABIL,17,13,141,747.00,"105,327.00"
2020-02-19,2020021901014961,NADEP,18,44,20,789.00,"15,780.00"
2020-02-19,2020021901014960,NADEP,18,45,28,788.00,"22,064.00"
2020-02-19,2020021901014923,NADEP,40,29,90,783.00,"70,470.00"
2020-02-19,2020021901014922,NADEP,40,29,10,783.00,"7,830.00"
2020-02-19,2020021901014896,NADEP,42,45,10,788.00,"7,880.00"
2020-02-19,2020021901015018,NBB,32,41,513,212.00,"108,756.00"
2020-02-19,2020021901015017,NBB,45,41,37,212.00,"7,844.00"
2020-02-19,2020021901014953,NBB,45,48,757,212.00,"160,484.00"
2020-02-19,2020021901014952,NBB,45,42,"1,206",212.00,"255,672.00"
2020-02-19,2020021901015049,NBL,33,45,10,272.00,"2,720.00"
2020-02-19,2020021901015023,NBL,35,45,500,272.00,"136,000.00"
2020-02-19,2020021901014586,NBL,43,45,10,272.00,"2,720.00"
2020-02-19,2020021901015043,NCCB,8,37,20,197.00,"3,940.00"
2020-02-19,2020021901014593,NCCB,58,37,10,197.00,"1,970.00"
2020-02-19,2020021901014858,NEF,34,45,483,8.88,"4,289.04"
2020-02-19,2020021901014987,NGPL,38,33,250,139.00,"34,750.00"
2020-02-19,2020021901014889,NGPL,57,33,10,139.00,"1,390.00"
2020-02-19,2020021901014888,NGPL,57,41,100,139.00,"13,900.00"
2020-02-19,2020021901014785,NGPL,33,33,10,139.00,"1,390.00"
2020-02-19,2020021901014920,NIB,17,25,12,385.00,"4,620.00"
2020-02-19,2020021901014919,NIB,42,25,106,385.00,"40,810.00"
2020-02-19,2020021901014700,NIB,42,13,54,385.00,"20,790.00"
2020-02-19,2020021901014699,NIB,39,13,100,385.00,"38,500.00"
2020-02-19,2020021901014698,NIB,56,13,746,385.00,"287,210.00"
2020-02-19,2020021901015048,NICA,6,36,100,547.00,"54,700.00"
2020-02-19,2020021901014832,NICA,22,28,105,546.00,"57,330.00"
2020-02-19,2020021901014795,NICA,8,13,434,545.00,"236,530.00"
2020-02-19,2020021901014794,NICA,43,13,110,545.00,"59,950.00"
2020-02-19,2020021901014793,NICA,47,13,29,545.00,"15,805.00"
2020-02-19,2020021901014690,NICA,29,28,400,546.00,"218,400.00"
2020-02-19,2020021901014604,NICA,47,28,900,545.00,"490,500.00"
2020-02-19,2020021901014999,NICL,44,19,10,469.00,"4,690.00"
2020-02-19,2020021901014964,NICL,49,42,50,468.00,"23,400.00"
2020-02-19,2020021901014877,NICL,44,53,10,471.00,"4,710.00"
2020-02-19,2020021901014682,NICL,49,21,90,468.00,"42,120.00"
2020-02-19,2020021901014681,NICL,1,21,130,468.00,"60,840.00"
2020-02-19,2020021901014635,NICL,36,36,"1,000",470.00,"470,000.00"
2020-02-19,2020021901014634,NICL,36,33,200,470.00,"94,000.00"
2020-02-19,2020021901014633,NICL,36,38,50,470.00,"23,500.00"
2020-02-19,2020021901014632,NICL,36,50,"1,550",470.00,"728,500.00"
2020-02-19,2020021901014631,NICL,36,50,930,470.00,"437,100.00"
2020-02-19,2020021901014680,NICL,45,21,20,469.00,"9,380.00"
2020-02-19,2020021901014679,NICL,43,21,10,470.00,"4,700.00"
2020-02-19,2020021901014639,NICL,36,5,115,470.00,"54,050.00"
2020-02-19,2020021901014638,NICL,36,28,"1,000",470.00,"470,000.00"
2020-02-19,2020021901014637,NICL,36,29,"1,031",470.00,"484,570.00"
2020-02-19,2020021901014636,NICL,36,33,500,470.00,"235,000.00"
2020-02-19,2020021901015031,NIL,34,54,100,609.00,"60,900.00"
2020-02-19,2020021901014739,NIL,5,46,603,606.00,"365,418.00"
2020-02-19,2020021901014722,NIL,50,46,200,606.00,"121,200.00"
2020-02-19,2020021901014664,NIL,6,46,97,606.00,"58,782.00"
2020-02-19,2020021901014630,NIL,26,46,100,606.00,"60,600.00"
2020-02-19,2020021901015011,NLBBL,1,56,100,870.00,"87,000.00"
2020-02-19,2020021901014703,NLBBL,34,1,300,869.00,"260,700.00"
2020-02-19,2020021901014702,NLBBL,34,53,87,869.00,"75,603.00"
2020-02-19,2020021901014981,NLG,34,11,100,727.00,"72,700.00"
2020-02-19,2020021901014677,NLG,22,1,40,725.00,"29,000.00"
2020-02-19,2020021901014676,NLG,22,34,10,724.00,"7,240.00"
2020-02-19,2020021901014760,NLIC,14,13,170,"1,186.00","201,620.00"
2020-02-19,2020021901014759,NLIC,47,13,30,"1,187.00","35,610.00"
2020-02-19,2020021901014694,NLIC,39,38,100,"1,190.00","119,000.00"
2020-02-19,2020021901014693,NLIC,39,16,100,"1,190.00","119,000.00"
2020-02-19,2020021901014657,NLIC,45,34,20,"1,188.00","23,760.00"
2020-02-19,2020021901014656,NLIC,5,34,178,"1,188.00","211,464.00"
2020-02-19,2020021901014625,NLIC,37,58,805,"1,189.00","957,145.00"
2020-02-19,2020021901014605,NLIC,5,38,22,"1,188.00","26,136.00"
2020-02-19,2020021901014947,NLICL,8,13,250,692.00,"173,000.00"
2020-02-19,2020021901014946,NLICL,49,13,50,692.00,"34,600.00"
2020-02-19,2020021901014758,NLICL,26,50,300,697.00,"209,100.00"
2020-02-19,2020021901014706,NLICL,1,46,28,693.00,"19,404.00"
2020-02-19,2020021901014678,NLICL,49,34,50,692.00,"34,600.00"
2020-02-19,2020021901014997,NMBMF,58,51,65,962.00,"62,530.00"
2020-02-19,2020021901014959,NMBMF,35,10,130,960.00,"124,800.00"
2020-02-19,2020021901014577,NMFBS,33,38,10,"1,790.00","17,900.00"
2020-02-19,2020021901014815,NSEWA,41,5,222,821.00,"182,262.00"
2020-02-19,2020021901014814,NSEWA,43,5,40,821.00,"32,840.00"
2020-02-19,2020021901014813,NSEWA,5,5,30,821.00,"24,630.00"
2020-02-19,2020021901014812,NSEWA,5,5,50,823.00,"41,150.00"
2020-02-19,2020021901014774,NSEWA,36,11,150,830.00,"124,500.00"
2020-02-19,2020021901014594,NSEWA,26,11,100,830.00,"83,000.00"
2020-02-19,2020021901014757,NUBL,56,44,"1,000","1,075.00","1,075,000.00"
2020-02-19,2020021901014756,NUBL,56,16,50,"1,070.00","53,500.00"
2020-02-19,2020021901014818,OHL,47,45,100,481.00,"48,100.00"
2020-02-19,2020021901014817,OHL,54,45,100,481.00,"48,100.00"
2020-02-19,2020021901014655,PCBL,13,4,500,287.00,"143,500.00"
2020-02-19,2020021901014654,PCBL,13,29,"1,000",287.00,"287,000.00"
2020-02-19,2020021901014653,PCBL,13,41,15,287.00,"4,305.00"
2020-02-19,2020021901014603,PCBL,50,1,50,286.00,"14,300.00"
2020-02-19,2020021901015046,PLIC,59,22,70,622.00,"43,540.00"
2020-02-19,2020021901015045,PLIC,59,5,50,620.00,"31,000.00"
2020-02-19,2020021901015044,PLIC,59,59,30,620.00,"18,600.00"
2020-02-19,2020021901014975,PLIC,59,36,100,619.00,"61,900.00"
2020-02-19,2020021901014747,PLIC,26,59,37,620.00,"22,940.00"
2020-02-19,2020021901014746,PLIC,26,35,393,620.00,"243,660.00"
2020-02-19,2020021901014627,PLIC,28,34,40,617.00,"24,680.00"
2020-02-19,2020021901014713,PLIC,26,17,683,620.00,"423,460.00"
2020-02-19,2020021901014712,PLIC,26,5,67,619.00,"41,473.00"
2020-02-19,2020021901014711,PLIC,26,53,50,619.00,"30,950.00"
2020-02-19,2020021901014710,PLIC,26,57,100,618.00,"61,800.00"
2020-02-19,2020021901014709,PLIC,26,38,100,618.00,"61,800.00"
2020-02-19,2020021901014628,PLIC,28,21,30,617.00,"18,510.00"
2020-02-19,2020021901014745,PLIC,26,35,393,620.00,"243,660.00"
2020-02-19,2020021901014744,PLIC,26,53,300,620.00,"186,000.00"
2020-02-19,2020021901014743,PLIC,26,45,200,620.00,"124,000.00"
2020-02-19,2020021901014742,PLIC,26,43,100,620.00,"62,000.00"
2020-02-19,2020021901014741,PLIC,26,16,20,620.00,"12,400.00"
2020-02-19,2020021901014740,PLIC,26,17,57,620.00,"35,340.00"
2020-02-19,2020021901015041,PRIN,44,26,200,499.00,"99,800.00"
2020-02-19,2020021901015040,PRIN,44,47,200,499.00,"99,800.00"
2020-02-19,2020021901015039,PRIN,44,44,300,499.00,"149,700.00"
2020-02-19,2020021901015038,PRIN,44,50,500,498.00,"249,000.00"
2020-02-19,2020021901015037,PRIN,44,44,300,498.00,"149,400.00"
2020-02-19,2020021901015036,PRIN,44,13,100,497.00,"49,700.00"
2020-02-19,2020021901014615,PRIN,17,55,40,494.00,"19,760.00"
2020-02-19,2020021901014614,PRIN,17,35,100,494.00,"49,400.00"
2020-02-19,2020021901015035,PRIN,44,46,200,496.00,"99,200.00"
2020-02-19,2020021901015034,PRIN,44,22,150,496.00,"74,400.00"
2020-02-19,2020021901014980,PRIN,36,46,200,495.00,"99,000.00"
2020-02-19,2020021901014755,PRIN,57,46,100,495.00,"49,500.00"
2020-02-19,2020021901014754,PRIN,57,47,200,495.00,"99,000.00"
2020-02-19,2020021901014697,PRIN,44,57,500,494.00,"247,000.00"
2020-02-19,2020021901014904,PRVU,18,25,200,250.00,"50,000.00"
2020-02-19,2020021901014562,PRVU,46,45,150,249.00,"37,350.00"
2020-02-19,2020021901014822,RBCL,47,14,10,"11,001.00","110,010.00"
2020-02-19,2020021901014618,RBCL,44,41,105,"11,100.00","1,165,500.00"
2020-02-19,2020021901014557,RBCL,44,51,10,"11,099.00","110,990.00"
2020-02-19,2020021901014958,RBCLPO,5,33,100,"9,340.00","934,000.00"
2020-02-19,2020021901014830,RBCLPO,43,4,50,"9,350.00","467,500.00"
2020-02-19,2020021901014720,RHPL,5,16,90,166.00,"14,940.00"
2020-02-19,2020021901014719,RHPL,5,16,410,166.00,"68,060.00"
2020-02-19,2020021901014663,RHPL,5,42,50,166.00,"8,300.00"
2020-02-19,2020021901015009,RLFL,29,25,559,138.00,"77,142.00"
2020-02-19,2020021901014764,RLFL,46,21,63,137.00,"8,631.00"
2020-02-19,2020021901014763,RLFL,39,21,100,137.00,"13,700.00"
2020-02-19,2020021901014671,RLFL,26,25,20,138.00,"2,760.00"
2020-02-19,2020021901015002,RMDC,26,49,200,780.00,"156,000.00"
2020-02-19,2020021901014875,RMDC,5,49,87,780.00,"67,860.00"
2020-02-19,2020021901014874,RMDC,5,21,100,780.00,"78,000.00"
2020-02-19,2020021901014873,RMDC,5,58,100,780.00,"78,000.00"
2020-02-19,2020021901014872,RMDC,5,35,100,780.00,"78,000.00"
2020-02-19,2020021901014871,RMDC,5,37,13,780.00,"10,140.00"
2020-02-19,2020021901014870,RMDC,5,25,50,779.00,"38,950.00"
2020-02-19,2020021901014869,RMDC,5,38,50,779.00,"38,950.00"
2020-02-19,2020021901014670,RMDC,1,21,100,777.00,"77,700.00"
2020-02-19,2020021901014986,RSDC,58,42,146,515.00,"75,190.00"
2020-02-19,2020021901014985,RSDC,58,14,40,515.00,"20,600.00"
2020-02-19,2020021901014984,RSDC,58,25,314,515.00,"161,710.00"
2020-02-19,2020021901014931,RSDC,58,25,100,515.00,"51,500.00"
2020-02-19,2020021901014882,RSDC,55,25,50,515.00,"25,750.00"
2020-02-19,2020021901014881,RSDC,55,5,50,515.00,"25,750.00"
2020-02-19,2020021901014751,RSDC,53,51,100,514.00,"51,400.00"
2020-02-19,2020021901014750,RSDC,53,33,103,514.00,"52,942.00"
2020-02-19,2020021901014749,RSDC,53,39,200,514.00,"102,800.00"
2020-02-19,2020021901015027,SABSL,6,19,25,969.00,"24,225.00"
2020-02-19,2020021901015026,SABSL,6,21,10,969.00,"9,690.00"
2020-02-19,2020021901015025,SABSL,6,26,65,969.00,"62,985.00"
2020-02-19,2020021901014767,SADBL,44,19,"1,500",169.00,"253,500.00"
2020-02-19,2020021901014766,SADBL,14,19,500,170.00,"85,000.00"
2020-02-19,2020021901014686,SBI,45,19,363,424.00,"153,912.00"
2020-02-19,2020021901014685,SBI,45,19,200,424.00,"84,800.00"
2020-02-19,2020021901014684,SBI,38,19,16,425.00,"6,800.00"
2020-02-19,2020021901014864,SBL,13,35,583,322.00,"187,726.00"
2020-02-19,2020021901014856,SBL,40,35,10,322.00,"3,220.00"
2020-02-19,2020021901014787,SBL,4,35,"2,397",322.00,"771,834.00"
2020-02-19,2020021901014786,SBL,40,35,10,323.00,"3,230.00"
2020-02-19,2020021901014721,SBL,4,33,500,322.00,"161,000.00"
2020-02-19,2020021901014945,SCB,16,29,56,650.00,"36,400.00"
2020-02-19,2020021901014935,SCB,16,46,64,650.00,"41,600.00"
2020-02-19,2020021901014652,SCB,17,46,50,650.00,"32,500.00"
2020-02-19,2020021901014977,SDESI,14,4,200,983.00,"196,600.00"
2020-02-19,2020021901014802,SDESI,38,4,100,983.00,"98,300.00"
2020-02-19,2020021901014801,SDESI,45,4,30,983.00,"29,490.00"
2020-02-19,2020021901014560,SDESI,45,4,200,985.00,"197,000.00"
2020-02-19,2020021901014559,SDESI,45,4,300,984.00,"295,200.00"
2020-02-19,2020021901014558,SDESI,45,8,197,983.00,"193,651.00"
2020-02-19,2020021901014808,SHINE,21,40,"1,500",297.00,"445,500.00"
2020-02-19,2020021901015001,SHIVM,35,58,450,640.00,"288,000.00"
2020-02-19,2020021901015000,SHIVM,35,58,50,638.00,"31,900.00"
2020-02-19,2020021901014996,SHIVM,56,58,10,640.00,"6,400.00"
2020-02-19,2020021901014956,SHIVM,25,58,21,640.00,"13,440.00"
2020-02-19,2020021901014955,SHIVM,25,26,100,639.00,"63,900.00"
2020-02-19,2020021901014954,SHIVM,25,45,29,639.00,"18,531.00"
2020-02-19,2020021901014828,SHIVM,55,38,100,638.00,"63,800.00"
2020-02-19,2020021901014707,SHIVM,25,38,220,638.00,"140,360.00"
2020-02-19,2020021901014701,SHIVM,39,45,11,639.00,"7,029.00"
2020-02-19,2020021901014683,SHIVM,25,42,390,638.00,"248,820.00"
2020-02-19,2020021901014568,SHIVM,25,29,390,638.00,"248,820.00"
2020-02-19,2020021901014847,SHIVM,53,14,100,638.00,"63,800.00"
2020-02-19,2020021901014846,SHIVM,53,38,280,638.00,"178,640.00"
2020-02-19,2020021901014940,SHIVM,1,14,579,636.00,"368,244.00"
2020-02-19,2020021901014939,SHIVM,40,14,101,636.00,"64,236.00"
2020-02-19,2020021901014938,SHIVM,45,14,100,637.00,"63,700.00"
2020-02-19,2020021901014937,SHIVM,29,14,100,637.00,"63,700.00"
2020-02-19,2020021901014936,SHIVM,53,14,120,638.00,"76,560.00"
2020-02-19,2020021901014979,SHL,37,11,200,193.00,"38,600.00"
2020-02-19,2020021901014886,SHPC,39,49,10,234.00,"2,340.00"
2020-02-19,2020021901014623,SHPC,57,34,200,233.00,"46,600.00"
2020-02-19,2020021901014622,SHPC,57,17,100,231.00,"23,100.00"
2020-02-19,2020021901014621,SHPC,57,38,"1,000",231.00,"231,000.00"
2020-02-19,2020021901014620,SHPC,57,51,800,230.00,"184,000.00"
2020-02-19,2020021901014619,SHPC,57,3,450,230.00,"103,500.00"
2020-02-19,2020021901014573,SHPC,57,3,250,230.00,"57,500.00"
2020-02-19,2020021901014918,SIC,42,42,10,786.00,"7,860.00"
2020-02-19,2020021901014831,SIC,28,42,100,786.00,"78,600.00"
2020-02-19,2020021901014705,SIC,34,20,35,782.00,"27,370.00"
2020-02-19,2020021901014576,SIC,42,20,170,782.00,"132,940.00"
2020-02-19,2020021901014575,SIC,40,20,128,785.00,"100,480.00"
2020-02-19,2020021901014809,SICL,44,58,100,"1,240.00","124,000.00"
2020-02-19,2020021901014667,SICL,44,41,40,"1,235.00","49,400.00"
2020-02-19,2020021901014666,SICL,44,41,200,"1,235.00","247,000.00"
2020-02-19,2020021901014665,SICL,44,14,200,"1,235.00","247,000.00"
2020-02-19,2020021901014661,SICL,50,14,100,"1,235.00","123,500.00"
2020-02-19,2020021901014617,SICL,44,14,500,"1,235.00","617,500.00"
2020-02-19,2020021901015051,SJCL,1,42,20,155.00,"3,100.00"
2020-02-19,2020021901014900,SJCL,1,40,30,155.00,"4,650.00"
2020-02-19,2020021901014899,SJCL,11,40,400,155.00,"62,000.00"
2020-02-19,2020021901014898,SJCL,26,40,50,155.00,"7,750.00"
2020-02-19,2020021901014897,SJCL,22,40,380,155.00,"58,900.00"
2020-02-19,2020021901014803,SLBBL,18,45,50,985.00,"49,250.00"
2020-02-19,2020021901014762,SLBSL,43,51,100,"1,023.00","102,300.00"
2020-02-19,2020021901015022,SLICL,42,22,220,498.00,"109,560.00"
2020-02-19,2020021901015021,SLICL,42,50,30,498.00,"14,940.00"
2020-02-19,2020021901014989,SLICL,45,38,100,497.00,"49,700.00"
2020-02-19,2020021901014988,SLICL,45,44,50,497.00,"24,850.00"
2020-02-19,2020021901014969,SLICL,25,49,50,497.00,"24,850.00"
2020-02-19,2020021901014968,SLICL,25,17,50,497.00,"24,850.00"
2020-02-19,2020021901014892,SLICL,50,17,50,497.00,"24,850.00"
2020-02-19,2020021901014891,SLICL,50,47,70,497.00,"34,790.00"
2020-02-19,2020021901014890,SLICL,50,57,180,497.00,"89,460.00"
2020-02-19,2020021901014827,SLICL,50,6,76,496.00,"37,696.00"
2020-02-19,2020021901014995,SMATA,41,44,445,870.00,"387,150.00"
2020-02-19,2020021901014994,SMATA,59,44,555,870.00,"482,850.00"
2020-02-19,2020021901014753,SMATA,53,17,400,885.00,"354,000.00"
2020-02-19,2020021901014696,SMATA,53,8,131,884.00,"115,804.00"
2020-02-19,2020021901014695,SMATA,53,16,50,883.00,"44,150.00"
2020-02-19,2020021901014668,SMATA,59,50,50,870.00,"43,500.00"
2020-02-19,2020021901014626,SMFBS,6,45,10,"1,178.00","11,780.00"
2020-02-19,2020021901014841,SPARS,34,34,10,"1,019.00","10,190.00"
2020-02-19,2020021901014840,SPARS,34,38,20,"1,010.00","20,200.00"
2020-02-19,2020021901014589,SPARS,34,45,10,"1,015.00","10,150.00"
2020-02-19,2020021901014561,SPARS,34,58,10,"1,008.00","10,080.00"
2020-02-19,2020021901014805,STC,53,10,20,"2,800.00","56,000.00"
2020-02-19,2020021901014616,STC,55,5,50,"2,795.00","139,750.00"
2020-02-19,2020021901015030,SWBBL,35,36,50,"1,358.00","67,900.00"
2020-02-19,2020021901014859,SWBBL,20,1,27,"1,345.00","36,315.00"
2020-02-19,2020021901014788,SWBBL,18,21,125,"1,355.00","169,375.00"
2020-02-19,2020021901014924,UFL,36,32,270,183.00,"49,410.00"
2020-02-19,2020021901014715,UPCL,38,41,440,80.00,"35,200.00"
2020-02-19,2020021901014789,VLBS,34,14,50,"1,175.00","58,750.00"
2020-02-19,2020021901014910,VLBS,34,35,100,"1,189.00","118,900.00"
2020-02-19,2020021901014909,VLBS,34,58,78,"1,189.00","92,742.00"
2020-02-19,2020021901014908,VLBS,34,25,79,"1,188.00","93,852.00"
2020-02-19,2020021901014907,VLBS,34,14,787,"1,175.00","924,725.00"
2020-02-19,2020021901014916,VLBS,34,36,13,"1,193.00","15,509.00"
2020-02-19,2020021901014915,VLBS,34,21,31,"1,190.00","36,890.00"
2020-02-19,2020021901014914,VLBS,34,42,13,"1,190.00","15,470.00"
2020-02-19,2020021901014913,VLBS,34,46,20,"1,190.00","23,800.00"
2020-02-19,2020021901014912,VLBS,34,17,50,"1,190.00","59,500.00"
2020-02-19,2020021901014911,VLBS,34,47,210,"1,190.00","249,900.00"
2020-02-19,2020021901014917,VLBS,34,45,200,"1,193.00","238,600.00"
2020-02-19,2020021901015020,WOMI,34,58,100,"1,122.00","112,200.00"
2020-02-19,2020021901014982,WOMI,57,58,13,"1,122.00","14,586.00"
2020-02-19,2020021901014963,WOMI,1,33,17,"1,120.00","19,040.00"
2020-02-19,2020021901014962,WOMI,55,33,83,"1,120.00","92,960.00"
2020-02-19,2020021901014689,WOMI,55,39,100,"1,120.00","112,000.00"
2020-02-19,2020021901014688,WOMI,55,14,217,"1,119.00","242,823.00"
2020-02-19,2020021901014428,ADBL,13,36,300,395.00,"118,500.00"
2020-02-19,2020021901014315,ADBL,13,35,53,395.00,"20,935.00"
2020-02-19,2020021901014314,ADBL,35,35,100,395.00,"39,500.00"
2020-02-19,2020021901014313,ADBL,34,35,50,395.00,"19,750.00"
2020-02-19,2020021901014312,ADBL,36,35,100,395.00,"39,500.00"
2020-02-19,2020021901014311,ADBL,51,35,100,395.00,"39,500.00"
2020-02-19,2020021901014310,ADBL,29,35,97,395.00,"38,315.00"
2020-02-19,2020021901014360,AKJCL,22,56,200,57.00,"11,400.00"
2020-02-19,2020021901014424,AKPL,35,40,500,135.00,"67,500.00"
2020-02-19,2020021901014423,AKPL,50,40,"1,000",135.00,"135,000.00"
2020-02-19,2020021901014422,AKPL,6,40,500,135.00,"67,500.00"
2020-02-19,2020021901014421,AKPL,43,40,400,135.00,"54,000.00"
2020-02-19,2020021901014420,AKPL,13,40,400,135.00,"54,000.00"
2020-02-19,2020021901014419,AKPL,29,40,200,135.00,"27,000.00"
2020-02-19,2020021901014418,AKPL,49,40,"2,000",135.00,"270,000.00"
2020-02-19,2020021901014417,AKPL,41,40,"1,000",135.00,"135,000.00"
2020-02-19,2020021901014416,AKPL,58,40,"1,380",135.00,"186,300.00"
2020-02-19,2020021901014396,ALBSL,22,14,12,853.00,"10,236.00"
2020-02-19,2020021901014116,ALBSL,22,26,200,850.00,"170,000.00"
2020-02-19,2020021901014115,ALBSL,22,29,11,850.00,"9,350.00"
2020-02-19,2020021901014114,ALBSL,22,19,11,850.00,"9,350.00"
2020-02-19,2020021901014113,ALBSL,22,44,140,848.00,"118,720.00"
2020-02-19,2020021901014399,ALBSL,22,57,500,855.00,"427,500.00"
2020-02-19,2020021901014398,ALBSL,22,6,26,855.00,"22,230.00"
2020-02-19,2020021901014397,ALBSL,22,42,11,853.00,"9,383.00"
2020-02-19,2020021901014091,ALICL,34,44,100,632.00,"63,200.00"
2020-02-19,2020021901014090,ALICL,34,57,100,630.00,"63,000.00"
2020-02-19,2020021901014081,ALICL,33,57,100,630.00,"63,000.00"
2020-02-19,2020021901014497,API,5,40,900,136.00,"122,400.00"
2020-02-19,2020021901014496,API,41,40,100,136.00,"13,600.00"
2020-02-19,2020021901014502,BBC,3,56,20,"1,838.00","36,760.00"
2020-02-19,2020021901014471,BBC,3,56,20,"1,835.00","36,700.00"
2020-02-19,2020021901014470,BBC,3,57,53,"1,834.00","97,202.00"
2020-02-19,2020021901014525,BOKL,42,18,50,238.00,"11,900.00"
2020-02-19,2020021901014479,BOKL,51,18,200,238.00,"47,600.00"
2020-02-19,2020021901014293,BOKL,11,18,100,238.00,"23,800.00"
2020-02-19,2020021901014327,BPCL,59,42,316,360.00,"113,760.00"
2020-02-19,2020021901014326,BPCL,22,42,100,360.00,"36,000.00"
2020-02-19,2020021901014519,CBBL,29,44,30,"1,183.00","35,490.00"
2020-02-19,2020021901014515,CBBL,43,44,66,"1,183.00","78,078.00"
2020-02-19,2020021901014408,CBBL,43,16,13,"1,183.00","15,379.00"
2020-02-19,2020021901014369,CBBL,43,35,10,"1,183.00","11,830.00"
2020-02-19,2020021901014367,CBBL,43,55,100,"1,183.00","118,300.00"
2020-02-19,2020021901014163,CBBL,43,1,60,"1,160.00","69,600.00"
2020-02-19,2020021901014109,CBBL,29,42,19,"1,170.00","22,230.00"
2020-02-19,2020021901014108,CBBL,29,20,30,"1,165.00","34,950.00"
2020-02-19,2020021901014107,CBBL,29,53,11,"1,162.00","12,782.00"
2020-02-19,2020021901014227,CBBL,43,10,200,"1,173.00","234,600.00"
2020-02-19,2020021901014226,CBBL,43,28,590,"1,173.00","692,070.00"
2020-02-19,2020021901014225,CBBL,43,14,100,"1,172.00","117,200.00"
2020-02-19,2020021901014224,CBBL,43,44,100,"1,170.00","117,000.00"
2020-02-19,2020021901014223,CBBL,43,42,99,"1,170.00","115,830.00"
2020-02-19,2020021901014233,CBBL,43,19,150,"1,175.00","176,250.00"
2020-02-19,2020021901014232,CBBL,43,37,200,"1,175.00","235,000.00"
2020-02-19,2020021901014231,CBBL,43,26,100,"1,175.00","117,500.00"
2020-02-19,2020021901014230,CBBL,43,55,100,"1,174.00","117,400.00"
2020-02-19,2020021901014229,CBBL,43,53,100,"1,174.00","117,400.00"
2020-02-19,2020021901014228,CBBL,43,20,20,"1,173.00","23,460.00"
2020-02-19,2020021901014238,CBBL,43,16,100,"1,183.00","118,300.00"
2020-02-19,2020021901014237,CBBL,43,42,100,"1,180.00","118,000.00"
2020-02-19,2020021901014236,CBBL,43,54,500,"1,175.00","587,500.00"
2020-02-19,2020021901014235,CBBL,43,41,20,"1,175.00","23,500.00"
2020-02-19,2020021901014234,CBBL,43,56,20,"1,175.00","23,500.00"
2020-02-19,2020021901014552,CBL,43,58,10,154.00,"1,540.00"
2020-02-19,2020021901014498,CBL,39,21,27,153.00,"4,131.00"
2020-02-19,2020021901014130,CBL,17,58,500,154.00,"77,000.00"
2020-02-19,2020021901014057,CFCL,21,40,100,147.00,"14,700.00"
2020-02-19,2020021901014480,CHCL,22,36,300,428.00,"128,400.00"
2020-02-19,2020021901014281,CHCL,41,58,"4,950",429.00,"2,123,550.00"
2020-02-19,2020021901014158,CHCL,42,45,100,430.00,"43,000.00"
2020-02-19,2020021901014462,CIT,14,45,100,"2,801.00","280,100.00"
2020-02-19,2020021901014461,CIT,14,1,100,"2,800.00","280,000.00"
2020-02-19,2020021901014110,CIT,57,22,60,"2,815.00","168,900.00"
2020-02-19,2020021901014472,CLBSL,51,44,217,"1,195.00","259,315.00"
2020-02-19,2020021901014406,CLBSL,42,44,200,"1,195.00","239,000.00"
2020-02-19,2020021901014340,CZBIL,17,35,180,198.00,"35,640.00"
2020-02-19,2020021901014106,CZBIL,17,42,74,198.00,"14,652.00"
2020-02-19,2020021901014386,DDBL,26,35,194,927.00,"179,838.00"
2020-02-19,2020021901014385,DDBL,26,39,100,925.00,"92,500.00"
2020-02-19,2020021901014384,DDBL,26,28,50,925.00,"46,250.00"
2020-02-19,2020021901014383,DDBL,26,14,100,925.00,"92,500.00"
2020-02-19,2020021901014162,DDBL,10,1,50,925.00,"46,250.00"
2020-02-19,2020021901014493,EBL,16,43,195,665.00,"129,675.00"
2020-02-19,2020021901014492,EBL,16,34,50,664.00,"33,200.00"
2020-02-19,2020021901014491,EBL,16,32,255,664.00,"169,320.00"
2020-02-19,2020021901014154,EBL,57,32,211,663.00,"139,893.00"
2020-02-19,2020021901014153,EBL,21,32,300,663.00,"198,900.00"
2020-02-19,2020021901014152,EBL,33,32,89,663.00,"59,007.00"
2020-02-19,2020021901014069,EBL,14,32,50,664.00,"33,200.00"
2020-02-19,2020021901014068,EBL,42,32,170,664.00,"112,880.00"
2020-02-19,2020021901014290,EIC,25,41,40,446.00,"17,840.00"
2020-02-19,2020021901014529,FMDBL,39,41,50,512.00,"25,600.00"
2020-02-19,2020021901014509,FMDBL,26,53,27,512.00,"13,824.00"
2020-02-19,2020021901014508,FMDBL,26,45,50,512.00,"25,600.00"
2020-02-19,2020021901014507,FMDBL,26,52,200,512.00,"102,400.00"
2020-02-19,2020021901014506,FMDBL,26,14,23,512.00,"11,776.00"
2020-02-19,2020021901014478,FMDBL,58,14,12,512.00,"6,144.00"
2020-02-19,2020021901014088,FMDBL,41,40,100,506.00,"50,600.00"
2020-02-19,2020021901014213,FMDBL,57,51,147,508.00,"74,676.00"
2020-02-19,2020021901014178,FMDBL,28,42,100,507.00,"50,700.00"
2020-02-19,2020021901014177,FMDBL,28,16,60,507.00,"30,420.00"
2020-02-19,2020021901014176,FMDBL,28,26,520,507.00,"263,640.00"
2020-02-19,2020021901014170,FMDBL,36,26,150,507.00,"76,050.00"
2020-02-19,2020021901014128,FMDBL,26,26,100,507.00,"50,700.00"
2020-02-19,2020021901014303,FMDBL,47,32,50,510.00,"25,500.00"
2020-02-19,2020021901014302,FMDBL,47,26,187,510.00,"95,370.00"
2020-02-19,2020021901014217,FMDBL,57,26,13,510.00,"6,630.00"
2020-02-19,2020021901014216,FMDBL,57,40,510,509.00,"259,590.00"
2020-02-19,2020021901014215,FMDBL,57,21,100,509.00,"50,900.00"
2020-02-19,2020021901014214,FMDBL,57,38,30,508.00,"15,240.00"
2020-02-19,2020021901014334,FMDBL,42,42,100,511.00,"51,100.00"
2020-02-19,2020021901014308,FMDBL,47,42,25,510.00,"12,750.00"
2020-02-19,2020021901014307,FMDBL,47,28,500,510.00,"255,000.00"
2020-02-19,2020021901014306,FMDBL,47,45,50,510.00,"25,500.00"
2020-02-19,2020021901014305,FMDBL,47,47,50,510.00,"25,500.00"
2020-02-19,2020021901014304,FMDBL,47,42,50,510.00,"25,500.00"
2020-02-19,2020021901014477,FMDBL,58,43,48,510.00,"24,480.00"
2020-02-19,2020021901014413,FMDBL,58,14,15,512.00,"7,680.00"
2020-02-19,2020021901014412,FMDBL,58,45,23,510.00,"11,730.00"
2020-02-19,2020021901014411,FMDBL,58,33,12,510.00,"6,120.00"
2020-02-19,2020021901014395,FMDBL,29,33,100,510.00,"51,000.00"
2020-02-19,2020021901014355,FMDBL,47,33,88,510.00,"44,880.00"
2020-02-19,2020021901014527,FOWAD,4,45,10,"1,632.00","16,320.00"
2020-02-19,2020021901014301,FOWAD,40,57,25,"1,633.00","40,825.00"
2020-02-19,2020021901014300,FOWAD,40,55,10,"1,633.00","16,330.00"
2020-02-19,2020021901014299,FOWAD,40,55,10,"1,633.00","16,330.00"
2020-02-19,2020021901014262,FOWAD,4,41,25,"1,632.00","40,800.00"
2020-02-19,2020021901014125,GBBL,4,40,100,244.00,"24,400.00"
2020-02-19,2020021901014510,GBIME,42,34,55,284.00,"15,620.00"
2020-02-19,2020021901014504,GBIME,26,34,159,284.00,"45,156.00"
2020-02-19,2020021901014503,GBIME,26,14,341,284.00,"96,844.00"
2020-02-19,2020021901014494,GBIME,8,36,300,283.00,"84,900.00"
2020-02-19,2020021901014183,GBIME,42,14,110,284.00,"31,240.00"
2020-02-19,2020021901014150,GBIME,38,14,50,284.00,"14,200.00"
2020-02-19,2020021901014542,GBLBS,44,45,200,529.00,"105,800.00"
2020-02-19,2020021901014541,GBLBS,40,45,120,529.00,"63,480.00"
2020-02-19,2020021901014474,GBLBS,40,5,200,529.00,"105,800.00"
2020-02-19,2020021901014392,GBLBS,40,41,15,529.00,"7,935.00"
2020-02-19,2020021901014359,GBLBS,3,42,50,530.00,"26,500.00"
2020-02-19,2020021901014284,GBLBS,40,13,165,529.00,"87,285.00"
2020-02-19,2020021901014283,GBLBS,17,13,35,529.00,"18,515.00"
2020-02-19,2020021901014196,GBLBS,17,57,20,529.00,"10,580.00"
2020-02-19,2020021901014085,GILB,33,42,50,"1,436.00","71,800.00"
2020-02-19,2020021901014200,GLBSL,22,5,10,829.00,"8,290.00"
2020-02-19,2020021901014199,GLBSL,22,45,20,825.00,"16,500.00"
2020-02-19,2020021901014198,GLBSL,22,38,10,825.00,"8,250.00"
2020-02-19,2020021901014197,GLBSL,22,38,10,820.00,"8,200.00"
2020-02-19,2020021901014465,GLICL,42,57,17,814.00,"13,838.00"
2020-02-19,2020021901014165,GLICL,42,34,50,814.00,"40,700.00"
2020-02-19,2020021901014164,GLICL,42,16,322,814.00,"262,108.00"
2020-02-19,2020021901014292,GMFIL,1,14,200,133.00,"26,600.00"
2020-02-19,2020021901014148,GMFIL,1,43,20,132.00,"2,640.00"
2020-02-19,2020021901014138,HBL,11,43,50,575.00,"28,750.00"
2020-02-19,2020021901014490,HDL,38,48,105,"1,554.00","163,170.00"
2020-02-19,2020021901014464,HDL,26,4,10,"1,555.00","15,550.00"
2020-02-19,2020021901014433,HDL,38,36,10,"1,554.00","15,540.00"
2020-02-19,2020021901014407,HDL,38,38,200,"1,554.00","310,800.00"
2020-02-19,2020021901014403,HDL,26,57,20,"1,552.00","31,040.00"
2020-02-19,2020021901014351,HDL,10,14,50,"1,554.00","77,700.00"
2020-02-19,2020021901014112,HDL,45,57,50,"1,549.00","77,450.00"
2020-02-19,2020021901014074,HDL,58,57,225,"1,549.00","348,525.00"
2020-02-19,2020021901014070,HDL,16,57,55,"1,549.00","85,195.00"
2020-02-19,2020021901014208,HDL,56,8,200,"1,550.00","310,000.00"
2020-02-19,2020021901014207,HDL,56,57,785,"1,549.00","1,215,965.00"
2020-02-19,2020021901014202,HDL,45,57,20,"1,549.00","30,980.00"
2020-02-19,2020021901014191,HDL,38,57,200,"1,549.00","309,800.00"
2020-02-19,2020021901014184,HDL,25,57,50,"1,549.00","77,450.00"
2020-02-19,2020021901014179,HDL,41,57,50,"1,549.00","77,450.00"
2020-02-19,2020021901014350,HDL,10,38,50,"1,552.00","77,600.00"
2020-02-19,2020021901014294,HDL,42,41,600,"1,551.00","930,600.00"
2020-02-19,2020021901014270,HDL,38,45,185,"1,550.00","286,750.00"
2020-02-19,2020021901014269,HDL,48,45,115,"1,550.00","178,250.00"
2020-02-19,2020021901014268,HDL,48,41,185,"1,550.00","286,750.00"
2020-02-19,2020021901014209,HDL,56,41,15,"1,550.00","23,250.00"
2020-02-19,2020021901014309,HGI,35,35,50,443.00,"22,150.00"
2020-02-19,2020021901014536,HIDCL,8,38,61,139.00,"8,479.00"
2020-02-19,2020021901014518,IGI,8,39,497,473.00,"235,081.00"
2020-02-19,2020021901014517,IGI,4,39,24,474.00,"11,376.00"
2020-02-19,2020021901014516,IGI,28,39,79,477.00,"37,683.00"
2020-02-19,2020021901014354,IGI,28,50,86,477.00,"41,022.00"
2020-02-19,2020021901014353,IGI,28,17,35,477.00,"16,695.00"
2020-02-19,2020021901014475,ILBS,47,10,10,935.00,"9,350.00"
2020-02-19,2020021901014260,ILBS,33,39,200,949.00,"189,800.00"
2020-02-19,2020021901014087,ILBS,55,39,10,949.00,"9,490.00"
2020-02-19,2020021901014086,ILBS,55,42,10,945.00,"9,450.00"
2020-02-19,2020021901014210,JBBL,10,13,159,192.00,"30,528.00"
2020-02-19,2020021901014540,KBL,13,36,300,196.00,"58,800.00"
2020-02-19,2020021901014501,KBL,13,54,100,196.00,"19,600.00"
2020-02-19,2020021901014500,KBL,13,54,180,196.00,"35,280.00"
2020-02-19,2020021901014249,KBL,25,54,20,196.00,"3,920.00"
2020-02-19,2020021901014127,KBL,25,36,80,196.00,"15,680.00"
2020-02-19,2020021901014126,KBL,13,36,20,196.00,"3,920.00"
2020-02-19,2020021901014526,KSBBL,29,33,500,171.00,"85,500.00"
2020-02-19,2020021901014272,LBBL,47,28,446,196.00,"87,416.00"
2020-02-19,2020021901014271,LBBL,17,28,154,196.00,"30,184.00"
2020-02-19,2020021901014530,LGIL,44,56,100,532.00,"53,200.00"
2020-02-19,2020021901014488,LGIL,44,41,200,532.00,"106,400.00"
2020-02-19,2020021901014333,LGIL,44,16,460,532.00,"244,720.00"
2020-02-19,2020021901014332,LGIL,40,16,40,533.00,"21,320.00"
2020-02-19,2020021901014067,MBL,3,45,28,239.00,"6,692.00"
2020-02-19,2020021901014066,MBL,51,45,100,240.00,"24,000.00"
2020-02-19,2020021901014065,MBL,34,45,72,240.00,"17,280.00"
2020-02-19,2020021901014523,MDB,4,49,100,367.00,"36,700.00"
2020-02-19,2020021901014522,MDB,4,53,500,366.00,"183,000.00"
2020-02-19,2020021901014521,MDB,4,6,200,365.00,"73,000.00"
2020-02-19,2020021901014520,MDB,4,13,100,364.00,"36,400.00"
2020-02-19,2020021901014291,MEGA,32,53,736,212.00,"156,032.00"
2020-02-19,2020021901014261,MEGA,32,40,250,212.00,"53,000.00"
2020-02-19,2020021901014252,MEGA,32,34,54,212.00,"11,448.00"
2020-02-19,2020021901014251,MEGA,38,34,146,212.00,"30,952.00"
2020-02-19,2020021901014073,MEGA,38,45,100,212.00,"21,200.00"
2020-02-19,2020021901014136,MERO,4,6,445,691.00,"307,495.00"
2020-02-19,2020021901014135,MERO,4,28,100,691.00,"69,100.00"
2020-02-19,2020021901014134,MERO,4,58,182,691.00,"125,762.00"
2020-02-19,2020021901014133,MERO,4,13,120,691.00,"82,920.00"
2020-02-19,2020021901014124,MERO,22,38,10,690.00,"6,900.00"
2020-02-19,2020021901014376,MERO,14,38,147,692.00,"101,724.00"
2020-02-19,2020021901014375,MERO,14,22,14,690.00,"9,660.00"
2020-02-19,2020021901014189,MERO,58,38,100,692.00,"69,200.00"
2020-02-19,2020021901014166,MERO,58,38,80,692.00,"55,360.00"
2020-02-19,2020021901014137,MERO,4,38,153,692.00,"105,876.00"
2020-02-19,2020021901014382,MERO,14,19,124,695.00,"86,180.00"
2020-02-19,2020021901014381,MERO,14,50,131,695.00,"91,045.00"
2020-02-19,2020021901014380,MERO,14,42,299,695.00,"207,805.00"
2020-02-19,2020021901014379,MERO,14,55,50,695.00,"34,750.00"
2020-02-19,2020021901014378,MERO,14,25,85,695.00,"59,075.00"
2020-02-19,2020021901014377,MERO,14,34,150,694.00,"104,100.00"
2020-02-19,2020021901014544,MLBBL,58,26,50,870.00,"43,500.00"
2020-02-19,2020021901014469,MLBL,6,45,11,223.00,"2,453.00"
2020-02-19,2020021901014468,MLBL,6,33,160,222.00,"35,520.00"
2020-02-19,2020021901014467,MLBL,6,45,329,222.00,"73,038.00"
2020-02-19,2020021901014335,MNBBL,45,46,30,330.00,"9,900.00"
2020-02-19,2020021901014347,MSMBS,16,45,250,855.00,"213,750.00"
2020-02-19,2020021901014246,MSMBS,25,43,200,851.00,"170,200.00"
2020-02-19,2020021901014245,MSMBS,25,34,630,850.00,"535,500.00"
2020-02-19,2020021901014258,NABIL,4,32,"2,000",748.00,"1,496,000.00"
2020-02-19,2020021901014257,NABIL,42,32,225,749.00,"168,525.00"
2020-02-19,2020021901014256,NABIL,54,32,120,749.00,"89,880.00"
2020-02-19,2020021901014255,NABIL,17,32,72,749.00,"53,928.00"
2020-02-19,2020021901014482,NADEP,40,13,100,785.00,"78,500.00"
2020-02-19,2020021901014357,NADEP,17,46,575,781.00,"449,075.00"
2020-02-19,2020021901014241,NADEP,14,45,11,788.00,"8,668.00"
2020-02-19,2020021901014240,NADEP,14,39,23,786.00,"18,078.00"
2020-02-19,2020021901014239,NADEP,14,53,17,786.00,"13,362.00"
2020-02-19,2020021901014190,NADEP,44,25,300,781.00,"234,300.00"
2020-02-19,2020021901014430,NBB,45,6,44,211.00,"9,284.00"
2020-02-19,2020021901014429,NBB,32,6,852,211.00,"179,772.00"
2020-02-19,2020021901014499,NBF2,38,58,"1,500",9.48,"14,220.00"
2020-02-19,2020021901014089,NBL,48,36,100,271.00,"27,100.00"
2020-02-19,2020021901014155,NCCB,5,22,40,195.00,"7,800.00"
2020-02-19,2020021901014123,NCCB,56,54,707,196.00,"138,572.00"
2020-02-19,2020021901014122,NCCB,56,36,889,196.00,"174,244.00"
2020-02-19,2020021901014121,NCCB,56,17,"1,000",196.00,"196,000.00"
2020-02-19,2020021901014120,NCCB,56,45,138,196.00,"27,048.00"
2020-02-19,2020021901014119,NCCB,56,44,"1,998",196.00,"391,608.00"
2020-02-19,2020021901014118,NCCB,56,44,200,196.00,"39,200.00"
2020-02-19,2020021901014117,NCCB,56,46,781,196.00,"153,076.00"
2020-02-19,2020021901014111,NCCB,5,36,15,195.00,"2,925.00"
2020-02-19,2020021901014514,NEF,58,58,"2,366",8.85,"20,939.10"
2020-02-19,2020021901014533,NGPL,16,33,200,138.00,"27,600.00"
2020-02-19,2020021901014366,NGPL,33,33,168,137.00,"23,016.00"
2020-02-19,2020021901014297,NGPL,26,58,11,138.00,"1,518.00"
2020-02-19,2020021901014365,NGPL,41,33,11,137.00,"1,507.00"
2020-02-19,2020021901014364,NGPL,37,33,543,137.00,"74,391.00"
2020-02-19,2020021901014363,NGPL,26,33,100,138.00,"13,800.00"
2020-02-19,2020021901014362,NGPL,26,33,100,138.00,"13,800.00"
2020-02-19,2020021901014361,NGPL,26,33,78,138.00,"10,764.00"
2020-02-19,2020021901014356,NGPL,58,33,11,139.00,"1,529.00"
2020-02-19,2020021901014373,NIB,11,29,37,386.00,"14,282.00"
2020-02-19,2020021901014372,NIB,11,49,63,386.00,"24,318.00"
2020-02-19,2020021901014092,NIB,56,6,100,385.00,"38,500.00"
2020-02-19,2020021901014460,NICA,47,43,71,545.00,"38,695.00"
2020-02-19,2020021901014459,NICA,47,43,"1,000",545.00,"545,000.00"
2020-02-19,2020021901014458,NICA,28,43,10,545.00,"5,450.00"
2020-02-19,2020021901014457,NICA,42,43,30,545.00,"16,350.00"
2020-02-19,2020021901014456,NICA,35,43,50,545.00,"27,250.00"
2020-02-19,2020021901014455,NICA,50,43,500,545.00,"272,500.00"
2020-02-19,2020021901014436,NICA,51,43,100,547.00,"54,700.00"
2020-02-19,2020021901014435,NICA,16,43,155,547.00,"84,785.00"
2020-02-19,2020021901014203,NICA,16,45,20,547.00,"10,940.00"
2020-02-19,2020021901014175,NICA,16,40,100,547.00,"54,700.00"
2020-02-19,2020021901014062,NICA,16,36,100,547.00,"54,700.00"
2020-02-19,2020021901014442,NICA,17,43,100,545.00,"54,500.00"
2020-02-19,2020021901014441,NICA,14,43,400,546.00,"218,400.00"
2020-02-19,2020021901014440,NICA,22,43,50,546.00,"27,300.00"
2020-02-19,2020021901014439,NICA,22,43,500,546.00,"273,000.00"
2020-02-19,2020021901014438,NICA,14,43,179,546.00,"97,734.00"
2020-02-19,2020021901014437,NICA,45,43,20,547.00,"10,940.00"
2020-02-19,2020021901014448,NICA,44,43,500,545.00,"272,500.00"
2020-02-19,2020021901014447,NICA,48,43,180,545.00,"98,100.00"
2020-02-19,2020021901014446,NICA,35,43,500,545.00,"272,500.00"
2020-02-19,2020021901014445,NICA,35,43,"1,000",545.00,"545,000.00"
2020-02-19,2020021901014444,NICA,14,43,"1,005",545.00,"547,725.00"
2020-02-19,2020021901014443,NICA,14,43,"1,000",545.00,"545,000.00"
2020-02-19,2020021901014454,NICA,6,43,"5,000",545.00,"2,725,000.00"
2020-02-19,2020021901014453,NICA,49,43,500,545.00,"272,500.00"
2020-02-19,2020021901014452,NICA,22,43,50,545.00,"27,250.00"
2020-02-19,2020021901014451,NICA,17,43,100,545.00,"54,500.00"
2020-02-19,2020021901014450,NICA,17,43,"2,000",545.00,"1,090,000.00"
2020-02-19,2020021901014449,NICA,25,43,"1,000",545.00,"545,000.00"
2020-02-19,2020021901014387,NICL,22,44,639,469.00,"299,691.00"
2020-02-19,2020021901014151,NICL,39,44,50,469.00,"23,450.00"
2020-02-19,2020021901014218,NICL,38,44,200,469.00,"93,800.00"
2020-02-19,2020021901014266,NICL,1,17,50,468.00,"23,400.00"
2020-02-19,2020021901014415,NLBBL,34,53,13,869.00,"11,297.00"
2020-02-19,2020021901014414,NLBBL,34,38,67,867.00,"58,089.00"
2020-02-19,2020021901014296,NLBBL,46,57,10,864.00,"8,640.00"
2020-02-19,2020021901014206,NLBBL,46,40,100,864.00,"86,400.00"
2020-02-19,2020021901014161,NLBBL,38,17,100,865.00,"86,500.00"
2020-02-19,2020021901014160,NLBBL,38,53,100,865.00,"86,500.00"
2020-02-19,2020021901014159,NLBBL,38,32,15,865.00,"12,975.00"
2020-02-19,2020021901014476,NLG,42,26,57,723.00,"41,211.00"
2020-02-19,2020021901014400,NLG,42,41,50,723.00,"36,150.00"
2020-02-19,2020021901014358,NLIC,5,4,100,"1,188.00","118,800.00"
2020-02-19,2020021901014100,NLIC,5,25,200,"1,188.00","237,600.00"
2020-02-19,2020021901014064,NLIC,5,25,300,"1,188.00","356,400.00"
2020-02-19,2020021901014402,NLICL,5,46,500,693.00,"346,500.00"
2020-02-19,2020021901014099,NMB,16,57,215,409.00,"87,935.00"
2020-02-19,2020021901014098,NMB,29,57,81,409.00,"33,129.00"
2020-02-19,2020021901014093,NMB,57,46,200,409.00,"81,800.00"
2020-02-19,2020021901014244,NMBMF,35,57,20,960.00,"19,200.00"
2020-02-19,2020021901014539,NMFBS,41,33,100,"1,764.00","176,400.00"
2020-02-19,2020021901014346,NUBL,59,1,24,"1,060.00","25,440.00"
2020-02-19,2020021901014056,NUBL,48,44,50,"1,069.00","53,450.00"
2020-02-19,2020021901014055,NUBL,55,44,50,"1,069.00","53,450.00"
2020-02-19,2020021901014368,PCBL,25,41,10,287.00,"2,870.00"
2020-02-19,2020021901014063,PCBL,26,41,50,287.00,"14,350.00"
2020-02-19,2020021901014486,PIC,55,29,69,654.00,"45,126.00"
2020-02-19,2020021901014485,PIC,55,29,11,652.00,"7,172.00"
2020-02-19,2020021901014484,PIC,55,45,20,652.00,"13,040.00"
2020-02-19,2020021901014483,PIC,55,25,400,651.00,"260,400.00"
2020-02-19,2020021901014394,PICL,26,38,39,520.00,"20,280.00"
2020-02-19,2020021901014329,PICL,36,38,30,520.00,"15,600.00"
2020-02-19,2020021901014410,PLIC,5,17,62,616.00,"38,192.00"
2020-02-19,2020021901014409,PLIC,5,17,16,616.00,"9,856.00"
2020-02-19,2020021901014282,PLIC,14,29,150,615.00,"92,250.00"
2020-02-19,2020021901014180,PLIC,53,29,50,615.00,"30,750.00"
2020-02-19,2020021901014243,PRIN,16,45,100,491.00,"49,100.00"
2020-02-19,2020021901014371,PRVU,46,36,175,249.00,"43,575.00"
2020-02-19,2020021901014505,RBCL,44,55,10,"11,080.00","110,800.00"
2020-02-19,2020021901014393,RBCLPO,43,57,35,"9,300.00","325,500.00"
2020-02-19,2020021901014338,RBCLPO,43,4,15,"9,300.00","139,500.00"
2020-02-19,2020021901014337,RBCLPO,39,4,85,"9,300.00","790,500.00"
2020-02-19,2020021901014289,RBCLPO,39,4,15,"9,300.00","139,500.00"
2020-02-19,2020021901014288,RBCLPO,58,4,20,"9,300.00","186,000.00"
2020-02-19,2020021901014287,RBCLPO,43,4,10,"9,300.00","93,000.00"
2020-02-19,2020021901014131,RBCLPO,53,33,30,"9,330.00","279,900.00"
2020-02-19,2020021901014286,RBCLPO,19,4,45,"9,301.00","418,545.00"
2020-02-19,2020021901014285,RBCLPO,44,4,10,"9,302.00","93,020.00"
2020-02-19,2020021901014132,RBCLPO,53,33,10,"9,325.00","93,250.00"
2020-02-19,2020021901014259,RHPC,25,45,358,88.00,"31,504.00"
2020-02-19,2020021901014513,RLFL,25,25,50,138.00,"6,900.00"
2020-02-19,2020021901014512,RLFL,29,25,"1,000",138.00,"138,000.00"
2020-02-19,2020021901014511,RLFL,26,25,371,138.00,"51,198.00"
2020-02-19,2020021901014348,RMDC,5,57,10,774.00,"7,740.00"
2020-02-19,2020021901014077,RMDC,5,53,150,774.00,"116,100.00"
2020-02-19,2020021901014076,RMDC,34,53,50,775.00,"38,750.00"
2020-02-19,2020021901014551,RSDC,58,45,44,514.00,"22,616.00"
2020-02-19,2020021901014550,RSDC,58,47,63,513.00,"32,319.00"
2020-02-19,2020021901014549,RSDC,58,26,200,513.00,"102,600.00"
2020-02-19,2020021901014548,RSDC,58,29,72,512.00,"36,864.00"
2020-02-19,2020021901014547,RSDC,58,57,21,512.00,"10,752.00"
2020-02-19,2020021901014374,RSDC,13,17,43,510.00,"21,930.00"
2020-02-19,2020021901014319,RSDC,58,13,187,511.00,"95,557.00"
2020-02-19,2020021901014318,RSDC,58,39,134,511.00,"68,474.00"
2020-02-19,2020021901014317,RSDC,58,41,120,511.00,"61,320.00"
2020-02-19,2020021901014316,RSDC,58,19,100,511.00,"51,100.00"
2020-02-19,2020021901014195,RSDC,13,33,350,510.00,"178,500.00"
2020-02-19,2020021901014194,RSDC,29,33,150,510.00,"76,500.00"
2020-02-19,2020021901014325,RSDC,58,57,79,512.00,"40,448.00"
2020-02-19,2020021901014324,RSDC,58,25,50,512.00,"25,600.00"
2020-02-19,2020021901014323,RSDC,58,42,90,512.00,"46,080.00"
2020-02-19,2020021901014322,RSDC,58,14,40,512.00,"20,480.00"
2020-02-19,2020021901014321,RSDC,58,53,100,512.00,"51,200.00"
2020-02-19,2020021901014320,RSDC,58,6,100,512.00,"51,200.00"
2020-02-19,2020021901014463,SABSL,34,26,20,969.00,"19,380.00"
2020-02-19,2020021901014344,SABSL,34,53,30,966.00,"28,980.00"
2020-02-19,2020021901014343,SABSL,34,58,10,960.00,"9,600.00"
2020-02-19,2020021901014342,SABSL,34,34,100,960.00,"96,000.00"
2020-02-19,2020021901014182,SABSL,13,44,10,958.00,"9,580.00"
2020-02-19,2020021901014181,SABSL,13,7,100,958.00,"95,800.00"
2020-02-19,2020021901014105,SABSL,13,47,90,955.00,"85,950.00"
2020-02-19,2020021901014104,SABSL,13,5,300,955.00,"286,500.00"
2020-02-19,2020021901014103,SABSL,13,19,170,954.00,"162,180.00"
2020-02-19,2020021901014102,SABSL,13,29,100,954.00,"95,400.00"
2020-02-19,2020021901014495,SADBL,16,13,"1,000",170.00,"170,000.00"
2020-02-19,2020021901014473,SANIMA,33,39,20,357.00,"7,140.00"
2020-02-19,2020021901014405,SANIMA,25,49,100,357.00,"35,700.00"
2020-02-19,2020021901014157,SANIMA,25,14,300,357.00,"107,100.00"
2020-02-19,2020021901014339,SAPDBL,25,47,10,148.00,"1,480.00"
2020-02-19,2020021901014427,SBI,38,21,34,425.00,"14,450.00"
2020-02-19,2020021901014481,SBL,13,13,423,323.00,"136,629.00"
2020-02-19,2020021901014352,SBL,35,13,"1,431",323.00,"462,213.00"
2020-02-19,2020021901014220,SBL,35,42,569,323.00,"183,787.00"
2020-02-19,2020021901014219,SBL,54,42,431,323.00,"139,213.00"
2020-02-19,2020021901014147,SBL,8,6,100,324.00,"32,400.00"
2020-02-19,2020021901014295,SCB,42,45,100,651.00,"65,100.00"
2020-02-19,2020021901014129,SCB,19,1,104,646.00,"67,184.00"
2020-02-19,2020021901014341,SHINE,16,40,15,297.00,"4,455.00"
2020-02-19,2020021901014546,SHIVM,5,29,110,638.00,"70,180.00"
2020-02-19,2020021901014538,SHIVM,5,36,400,638.00,"255,200.00"
2020-02-19,2020021901014537,SHIVM,5,34,490,638.00,"312,620.00"
2020-02-19,2020021901014336,SHIVM,56,34,10,638.00,"6,380.00"
2020-02-19,2020021901014280,SHIVM,40,58,199,636.00,"126,564.00"
2020-02-19,2020021901014279,SHIVM,25,58,100,636.00,"63,600.00"
2020-02-19,2020021901014075,SHIVM,21,58,200,640.00,"128,000.00"
2020-02-19,2020021901014061,SHIVM,28,58,240,640.00,"153,600.00"
2020-02-19,2020021901014058,SHIVM,41,58,100,640.00,"64,000.00"
2020-02-19,2020021901014265,SHIVM,6,10,50,637.00,"31,850.00"
2020-02-19,2020021901014222,SHIVM,34,38,"1,000",638.00,"638,000.00"
2020-02-19,2020021901014221,SHIVM,25,45,60,639.00,"38,340.00"
2020-02-19,2020021901014211,SHIVM,59,57,500,639.00,"319,500.00"
2020-02-19,2020021901014169,SHIVM,14,58,40,640.00,"25,600.00"
2020-02-19,2020021901014082,SHIVM,14,58,460,640.00,"294,400.00"
2020-02-19,2020021901014278,SHIVM,34,58,200,636.00,"127,200.00"
2020-02-19,2020021901014277,SHIVM,1,58,200,636.00,"127,200.00"
2020-02-19,2020021901014276,SHIVM,22,58,100,636.00,"63,600.00"
2020-02-19,2020021901014275,SHIVM,25,58,111,636.00,"70,596.00"
2020-02-19,2020021901014274,SHIVM,16,58,"1,000",637.00,"637,000.00"
2020-02-19,2020021901014273,SHIVM,6,58,50,637.00,"31,850.00"
2020-02-19,2020021901014331,SHL,51,11,100,193.00,"19,300.00"
2020-02-19,2020021901014201,SHL,56,59,300,194.00,"58,200.00"
2020-02-19,2020021901014084,SHL,51,45,200,193.00,"38,600.00"
2020-02-19,2020021901014187,SHPC,57,38,759,227.00,"172,293.00"
2020-02-19,2020021901014186,SHPC,51,38,500,228.00,"114,000.00"
2020-02-19,2020021901014185,SHPC,57,38,641,228.00,"146,148.00"
2020-02-19,2020021901014553,SICL,38,14,100,"1,235.00","123,500.00"
2020-02-19,2020021901014528,SICL,26,58,500,"1,234.00","617,000.00"
2020-02-19,2020021901014466,SICL,26,58,500,"1,234.00","617,000.00"
2020-02-19,2020021901014060,SICL,44,58,150,"1,230.00","184,500.00"
2020-02-19,2020021901014212,SICL,28,58,400,"1,230.00","492,000.00"
2020-02-19,2020021901014432,SIL,44,47,390,587.00,"228,930.00"
2020-02-19,2020021901014431,SIL,45,47,30,588.00,"17,640.00"
2020-02-19,2020021901014298,SKBBL,57,22,14,"1,271.00","17,794.00"
2020-02-19,2020021901014253,SKBBL,57,14,80,"1,270.00","101,600.00"
2020-02-19,2020021901014250,SKBBL,6,14,20,"1,270.00","25,400.00"
2020-02-19,2020021901014167,SKBBL,57,19,88,"1,280.00","112,640.00"
2020-02-19,2020021901014054,SKBBL,39,37,20,"1,284.00","25,680.00"
2020-02-19,2020021901014531,SLBBL,28,5,10,990.00,"9,900.00"
2020-02-19,2020021901014080,SLBBL,54,14,32,990.00,"31,680.00"
2020-02-19,2020021901014079,SLBBL,54,36,188,990.00,"186,120.00"
2020-02-19,2020021901014078,SLBBL,54,22,30,990.00,"29,700.00"
2020-02-19,2020021901014370,SLBBL,34,34,"1,000",975.00,"975,000.00"
2020-02-19,2020021901014264,SLBBL,22,5,132,990.00,"130,680.00"
2020-02-19,2020021901014263,SLBBL,22,14,68,990.00,"67,320.00"
2020-02-19,2020021901014254,SLBSL,43,36,10,"1,023.00","10,230.00"
2020-02-19,2020021901014524,SLICL,26,6,200,496.00,"99,200.00"
2020-02-19,2020021901014434,SLICL,58,6,100,496.00,"49,600.00"
2020-02-19,2020021901014426,SLICL,50,6,120,496.00,"59,520.00"
2020-02-19,2020021901014425,SLICL,50,45,380,496.00,"188,480.00"
2020-02-19,2020021901014330,SLICL,26,34,120,495.00,"59,400.00"
2020-02-19,2020021901014248,SLICL,41,45,50,496.00,"24,800.00"
2020-02-19,2020021901014247,SLICL,37,45,100,496.00,"49,600.00"
2020-02-19,2020021901014156,SLICL,26,57,200,496.00,"99,200.00"
2020-02-19,2020021901014535,SMATA,57,8,69,884.00,"60,996.00"
2020-02-19,2020021901014534,SMATA,57,25,31,883.00,"27,373.00"
2020-02-19,2020021901014487,SMATA,34,25,19,883.00,"16,777.00"
2020-02-19,2020021901014404,SMATA,34,25,100,883.00,"88,300.00"
2020-02-19,2020021901014391,SMATA,34,17,18,883.00,"15,894.00"
2020-02-19,2020021901014204,SMATA,34,14,60,883.00,"52,980.00"
2020-02-19,2020021901014096,SMATA,39,22,400,883.00,"353,200.00"
2020-02-19,2020021901014193,SMATA,59,51,395,870.00,"343,650.00"
2020-02-19,2020021901014192,SMATA,34,51,25,876.00,"21,900.00"
2020-02-19,2020021901014188,SMATA,34,55,30,876.00,"26,280.00"
2020-02-19,2020021901014168,SMATA,34,34,25,872.00,"21,800.00"
2020-02-19,2020021901014149,SMATA,39,55,20,883.00,"17,660.00"
2020-02-19,2020021901014097,SMATA,39,42,80,883.00,"70,640.00"
2020-02-19,2020021901014532,SMB,34,6,10,"1,120.00","11,200.00"
2020-02-19,2020021901014349,SMFBS,6,25,100,"1,178.00","117,800.00"
2020-02-19,2020021901014101,SPARS,3,38,10,"1,008.00","10,080.00"
2020-02-19,2020021901014095,SPARS,3,14,11,"1,008.00","11,088.00"
2020-02-19,2020021901014094,SPARS,34,14,10,"1,008.00","10,080.00"
2020-02-19,2020021901014083,SRBL,5,44,588,255.00,"149,940.00"
2020-02-19,2020021901014059,SRBL,41,44,10,255.00,"2,550.00"
2020-02-19,2020021901014146,UIC,42,42,196,438.00,"85,848.00"
2020-02-19,2020021901014145,UIC,42,42,200,438.00,"87,600.00"
2020-02-19,2020021901014144,UIC,38,42,500,438.00,"219,000.00"
2020-02-19,2020021901014143,UIC,26,42,20,438.00,"8,760.00"
2020-02-19,2020021901014142,UIC,34,42,100,439.00,"43,900.00"
2020-02-19,2020021901014141,UIC,17,42,39,439.00,"17,121.00"
2020-02-19,2020021901014140,UIC,51,42,120,440.00,"52,800.00"
2020-02-19,2020021901014139,UIC,25,42,175,440.00,"77,000.00"
2020-02-19,2020021901014545,UPCL,38,41,50,80.00,"4,000.00"
2020-02-19,2020021901014543,UPPER,44,56,850,239.00,"203,150.00"
2020-02-19,2020021901014489,UPPER,42,11,50,240.00,"12,000.00"
2020-02-19,2020021901014072,UPPER,57,43,150,239.00,"35,850.00"
2020-02-19,2020021901014071,UPPER,57,45,50,239.00,"11,950.00"
2020-02-19,2020021901014205,UPPER,55,43,139,238.00,"33,082.00"
2020-02-19,2020021901014401,WOMI,55,14,10,"1,119.00","11,190.00"
2020-02-19,2020021901014390,WOMI,42,14,73,"1,119.00","81,687.00"
2020-02-19,2020021901014389,WOMI,42,38,27,"1,118.00","30,186.00"
2020-02-19,2020021901014388,WOMI,42,45,100,"1,115.00","111,500.00"
2020-02-19,2020021901014173,WOMI,55,58,190,"1,117.00","212,230.00"
2020-02-19,2020021901014172,WOMI,55,1,67,"1,117.00","74,839.00"
2020-02-19,2020021901014171,WOMI,55,26,10,"1,116.00","11,160.00"
2020-02-19,2020021901014345,WOMI,55,38,10,"1,118.00","11,180.00"
2020-02-19,2020021901014328,WOMI,55,38,10,"1,118.00","11,180.00"
2020-02-19,2020021901014267,WOMI,55,38,10,"1,118.00","11,180.00"
2020-02-19,2020021901014242,WOMI,55,38,10,"1,118.00","11,180.00"
2020-02-19,2020021901014174,WOMI,55,38,233,"1,118.00","260,494.00"
2020-02-19,2020021901014031,ADBL,29,6,50,395.00,"19,750.00"
2020-02-19,2020021901013721,AHPC,41,45,"1,000",98.00,"98,000.00"
2020-02-19,2020021901013963,ALBSL,34,35,11,845.00,"9,295.00"
2020-02-19,2020021901013653,ALICL,59,32,300,630.00,"189,000.00"
2020-02-19,2020021901013573,ALICL,59,19,40,630.00,"25,200.00"
2020-02-19,2020021901013953,API,25,8,11,138.00,"1,518.00"
2020-02-19,2020021901013952,API,25,43,29,136.00,"3,944.00"
2020-02-19,2020021901013659,API,25,8,20,138.00,"2,760.00"
2020-02-19,2020021901013633,API,47,25,146,136.00,"19,856.00"
2020-02-19,2020021901013908,BPCL,45,44,300,362.00,"108,600.00"
2020-02-19,2020021901013907,BPCL,45,33,100,362.00,"36,200.00"
2020-02-19,2020021901013906,BPCL,45,59,100,362.00,"36,200.00"
2020-02-19,2020021901013888,CBBL,43,55,100,"1,160.00","116,000.00"
2020-02-19,2020021901013887,CBBL,43,35,100,"1,160.00","116,000.00"
2020-02-19,2020021901013886,CBBL,43,25,500,"1,160.00","580,000.00"
2020-02-19,2020021901013885,CBBL,43,53,100,"1,159.00","115,900.00"
2020-02-19,2020021901013884,CBBL,43,33,100,"1,157.00","115,700.00"
2020-02-19,2020021901013767,CBBL,18,57,100,"1,138.00","113,800.00"
2020-02-19,2020021901013766,CBBL,18,35,50,"1,137.00","56,850.00"
2020-02-19,2020021901013688,CBBL,41,6,35,"1,129.00","39,515.00"
2020-02-19,2020021901013677,CBBL,41,5,18,"1,129.00","20,322.00"
2020-02-19,2020021901013865,CBBL,43,33,20,"1,142.00","22,840.00"
2020-02-19,2020021901013864,CBBL,43,6,50,"1,140.00","57,000.00"
2020-02-19,2020021901013863,CBBL,43,5,99,"1,140.00","112,860.00"
2020-02-19,2020021901013862,CBBL,43,44,200,"1,140.00","228,000.00"
2020-02-19,2020021901013861,CBBL,43,17,50,"1,140.00","57,000.00"
2020-02-19,2020021901013871,CBBL,43,48,50,"1,149.00","57,450.00"
2020-02-19,2020021901013870,CBBL,43,4,200,"1,145.00","229,000.00"
2020-02-19,2020021901013869,CBBL,43,53,90,"1,145.00","103,050.00"
2020-02-19,2020021901013868,CBBL,43,34,200,"1,143.00","228,600.00"
2020-02-19,2020021901013867,CBBL,43,49,600,"1,143.00","685,800.00"
2020-02-19,2020021901013866,CBBL,43,28,300,"1,142.00","342,600.00"
2020-02-19,2020021901013877,CBBL,43,52,50,"1,150.00","57,500.00"
2020-02-19,2020021901013876,CBBL,43,21,50,"1,150.00","57,500.00"
2020-02-19,2020021901013875,CBBL,43,49,50,"1,150.00","57,500.00"
2020-02-19,2020021901013874,CBBL,43,46,118,"1,150.00","135,700.00"
2020-02-19,2020021901013873,CBBL,43,58,200,"1,149.00","229,800.00"
2020-02-19,2020021901013872,CBBL,43,37,100,"1,149.00","114,900.00"
2020-02-19,2020021901013883,CBBL,43,38,200,"1,157.00","231,400.00"
2020-02-19,2020021901013882,CBBL,43,16,10,"1,155.00","11,550.00"
2020-02-19,2020021901013881,CBBL,43,57,100,"1,155.00","115,500.00"
2020-02-19,2020021901013880,CBBL,43,6,10,"1,152.00","11,520.00"
2020-02-19,2020021901013879,CBBL,43,42,100,"1,150.00","115,000.00"
2020-02-19,2020021901013878,CBBL,43,47,50,"1,150.00","57,500.00"
2020-02-19,2020021901013934,CBL,39,33,500,153.00,"76,500.00"
2020-02-19,2020021901013895,CBL,39,48,100,153.00,"15,300.00"
2020-02-19,2020021901013894,CBL,39,45,601,153.00,"91,953.00"
2020-02-19,2020021901013893,CBL,39,25,"4,602",153.00,"704,106.00"
2020-02-19,2020021901013850,CBL,28,25,"1,000",153.00,"153,000.00"
2020-02-19,2020021901013753,CBL,6,25,100,153.00,"15,300.00"
2020-02-19,2020021901014027,CCBL,55,18,500,184.00,"92,000.00"
2020-02-19,2020021901013973,CCBL,55,33,500,184.00,"92,000.00"
2020-02-19,2020021901013676,CCBL,55,21,46,184.00,"8,464.00"
2020-02-19,2020021901013715,CFCL,45,32,460,148.00,"68,080.00"
2020-02-19,2020021901013579,CHCL,16,45,190,430.00,"81,700.00"
2020-02-19,2020021901013578,CHCL,16,50,310,430.00,"133,300.00"
2020-02-19,2020021901013790,CIT,58,19,175,"2,801.00","490,175.00"
2020-02-19,2020021901013761,CIT,28,22,34,"2,800.00","95,200.00"
2020-02-19,2020021901013760,CIT,28,19,175,"2,800.00","490,000.00"
2020-02-19,2020021901013759,CIT,28,19,300,"2,799.00","839,700.00"
2020-02-19,2020021901013758,CIT,28,13,41,"2,790.00","114,390.00"
2020-02-19,2020021901013575,CIT,28,13,500,"2,790.00","1,395,000.00"
2020-02-19,2020021901013636,CLBSL,42,44,83,"1,195.00","99,185.00"
2020-02-19,2020021901013635,CLBSL,42,36,37,"1,193.00","44,141.00"
2020-02-19,2020021901013634,CLBSL,42,1,80,"1,188.00","95,040.00"
2020-02-19,2020021901013849,CZBIL,17,13,386,198.00,"76,428.00"
2020-02-19,2020021901013980,DDBL,57,38,50,925.00,"46,250.00"
2020-02-19,2020021901013846,DDBL,41,38,100,925.00,"92,500.00"
2020-02-19,2020021901013845,DDBL,41,44,300,925.00,"277,500.00"
2020-02-19,2020021901013844,DDBL,41,47,200,925.00,"185,000.00"
2020-02-19,2020021901013843,DDBL,41,45,50,925.00,"46,250.00"
2020-02-19,2020021901013842,DDBL,41,45,200,924.00,"184,800.00"
2020-02-19,2020021901013796,DDBL,33,43,52,920.00,"47,840.00"
2020-02-19,2020021901013740,DDBL,21,43,248,920.00,"228,160.00"
2020-02-19,2020021901013739,DDBL,21,19,127,920.00,"116,840.00"
2020-02-19,2020021901013738,DDBL,21,51,20,920.00,"18,400.00"
2020-02-19,2020021901013737,DDBL,21,47,105,920.00,"96,600.00"
2020-02-19,2020021901013613,DDBL,50,19,100,919.00,"91,900.00"
2020-02-19,2020021901013841,DDBL,41,36,50,923.00,"46,150.00"
2020-02-19,2020021901013840,DDBL,41,25,100,922.00,"92,200.00"
2020-02-19,2020021901013821,DDBL,21,28,52,920.00,"47,840.00"
2020-02-19,2020021901013799,DDBL,33,28,48,920.00,"44,160.00"
2020-02-19,2020021901013798,DDBL,33,39,50,920.00,"46,000.00"
2020-02-19,2020021901013797,DDBL,33,21,100,920.00,"92,000.00"
2020-02-19,2020021901013889,EBL,50,43,58,665.00,"38,570.00"
2020-02-19,2020021901013602,EBL,34,32,70,664.00,"46,480.00"
2020-02-19,2020021901013601,EBL,48,32,200,664.00,"132,800.00"
2020-02-19,2020021901013600,EBL,25,32,100,664.00,"66,400.00"
2020-02-19,2020021901013599,EBL,55,32,50,664.00,"33,200.00"
2020-02-19,2020021901013603,EBL,42,32,580,664.00,"385,120.00"
2020-02-19,2020021901013652,EBL,50,16,100,665.00,"66,500.00"
2020-02-19,2020021901013651,EBL,50,43,92,665.00,"61,180.00"
2020-02-19,2020021901013820,EIC,45,1,120,448.00,"53,760.00"
2020-02-19,2020021901013819,EIC,45,38,380,447.00,"169,860.00"
2020-02-19,2020021901014035,FMDBL,38,26,230,507.00,"116,610.00"
2020-02-19,2020021901014034,FMDBL,38,38,175,507.00,"88,725.00"
2020-02-19,2020021901014033,FMDBL,38,33,595,507.00,"301,665.00"
2020-02-19,2020021901013993,FMDBL,56,33,36,507.00,"18,252.00"
2020-02-19,2020021901013970,FMDBL,41,26,181,506.00,"91,586.00"
2020-02-19,2020021901013857,FMDBL,41,45,50,506.00,"25,300.00"
2020-02-19,2020021901013746,FMDBL,41,45,100,506.00,"50,600.00"
2020-02-19,2020021901014038,FOWAD,4,34,50,"1,632.00","81,600.00"
2020-02-19,2020021901013748,FOWAD,41,53,100,"1,632.00","163,200.00"
2020-02-19,2020021901013776,GBBL,18,42,200,245.00,"49,000.00"
2020-02-19,2020021901013650,GBBL,18,42,116,245.00,"28,420.00"
2020-02-19,2020021901013577,GBBL,4,42,84,245.00,"20,580.00"
2020-02-19,2020021901013576,GBBL,4,16,116,245.00,"28,420.00"
2020-02-19,2020021901014009,GBIME,35,14,100,284.00,"28,400.00"
2020-02-19,2020021901014007,GBIME,8,14,899,284.00,"255,316.00"
2020-02-19,2020021901013825,GBIME,8,45,101,284.00,"28,684.00"
2020-02-19,2020021901013692,GBIME,8,33,200,283.00,"56,600.00"
2020-02-19,2020021901013691,GBIME,26,33,250,283.00,"70,750.00"
2020-02-19,2020021901013690,GBIME,35,33,50,284.00,"14,200.00"
2020-02-19,2020021901013583,GBIME,35,35,50,284.00,"14,200.00"
2020-02-19,2020021901013947,GBLBS,17,58,15,529.00,"7,935.00"
2020-02-19,2020021901013801,GBLBS,41,45,60,529.00,"31,740.00"
2020-02-19,2020021901013762,GBLBS,17,45,200,529.00,"105,800.00"
2020-02-19,2020021901013674,GBLBS,41,45,50,529.00,"26,450.00"
2020-02-19,2020021901013673,GBLBS,41,25,150,529.00,"79,350.00"
2020-02-19,2020021901013654,GFCL,46,21,44,153.00,"6,732.00"
2020-02-19,2020021901013645,GGBSL,39,48,10,938.00,"9,380.00"
2020-02-19,2020021901013644,GGBSL,39,48,30,938.00,"28,140.00"
2020-02-19,2020021901013643,GGBSL,39,59,10,935.00,"9,350.00"
2020-02-19,2020021901013685,GHL,16,48,30,74.00,"2,220.00"
2020-02-19,2020021901013890,GILB,57,36,200,"1,445.00","289,000.00"
2020-02-19,2020021901013747,GILB,21,36,200,"1,445.00","289,000.00"
2020-02-19,2020021901013614,GILB,51,42,100,"1,435.00","143,500.00"
2020-02-19,2020021901014012,GLICL,41,16,178,814.00,"144,892.00"
2020-02-19,2020021901014011,GLICL,41,17,22,814.00,"17,908.00"
2020-02-19,2020021901013839,GMFBS,34,26,50,"1,008.00","50,400.00"
2020-02-19,2020021901013961,HBL,42,43,30,575.00,"17,250.00"
2020-02-19,2020021901013960,HBL,45,43,100,575.00,"57,500.00"
2020-02-19,2020021901013959,HBL,50,43,359,575.00,"206,425.00"
2020-02-19,2020021901013892,HBL,6,11,96,577.00,"55,392.00"
2020-02-19,2020021901013818,HBL,50,45,50,575.00,"28,750.00"
2020-02-19,2020021901013757,HBL,50,6,39,575.00,"22,425.00"
2020-02-19,2020021901014042,HDL,58,57,250,"1,549.00","387,250.00"
2020-02-19,2020021901014026,HDL,58,37,25,"1,548.00","38,700.00"
2020-02-19,2020021901014005,HDL,10,57,15,"1,549.00","23,235.00"
2020-02-19,2020021901014004,HDL,10,44,385,"1,548.00","595,980.00"
2020-02-19,2020021901013983,HDL,26,14,190,"1,543.00","293,170.00"
2020-02-19,2020021901013982,HDL,57,14,10,"1,545.00","15,450.00"
2020-02-19,2020021901013554,HDL,38,3,50,"1,548.00","77,400.00"
2020-02-19,2020021901013905,HDL,26,16,110,"1,543.00","169,730.00"
2020-02-19,2020021901013804,HDL,48,14,200,"1,548.00","309,600.00"
2020-02-19,2020021901013795,HDL,16,6,15,"1,542.00","23,130.00"
2020-02-19,2020021901013764,HDL,16,53,20,"1,542.00","30,840.00"
2020-02-19,2020021901013702,HDL,17,14,25,"1,548.00","38,700.00"
2020-02-19,2020021901013557,HDL,38,14,20,"1,548.00","30,960.00"
2020-02-19,2020021901013979,HDL,34,44,100,"1,548.00","154,800.00"
2020-02-19,2020021901013969,HDL,10,44,400,"1,548.00","619,200.00"
2020-02-19,2020021901013945,HDL,42,44,10,"1,548.00","15,480.00"
2020-02-19,2020021901013911,HDL,47,58,25,"1,548.00","38,700.00"
2020-02-19,2020021901013910,HDL,47,45,20,"1,548.00","30,960.00"
2020-02-19,2020021901013909,HDL,47,14,55,"1,548.00","85,140.00"
2020-02-19,2020021901013741,HIDCL,8,39,50,140.00,"7,000.00"
2020-02-19,2020021901013995,ICFC,51,4,100,185.00,"18,500.00"
2020-02-19,2020021901014045,IGI,4,39,976,474.00,"462,624.00"
2020-02-19,2020021901014044,IGI,59,39,50,476.00,"23,800.00"
2020-02-19,2020021901014043,IGI,16,39,120,476.00,"57,120.00"
2020-02-19,2020021901013988,ILBS,47,58,10,935.00,"9,350.00"
2020-02-19,2020021901013816,JBBL,45,13,"1,000",191.00,"191,000.00"
2020-02-19,2020021901013815,JBBL,57,13,533,191.00,"101,803.00"
2020-02-19,2020021901013814,JBBL,32,13,"1,000",191.00,"191,000.00"
2020-02-19,2020021901013813,JBBL,36,13,500,191.00,"95,500.00"
2020-02-19,2020021901013812,JBBL,49,13,960,191.00,"183,360.00"
2020-02-19,2020021901013755,JBBL,49,10,500,191.00,"95,500.00"
2020-02-19,2020021901013640,JBBL,16,13,500,192.00,"96,000.00"
2020-02-19,2020021901014024,JSLBB,41,45,50,"1,868.00","93,400.00"
2020-02-19,2020021901014023,JSLBB,41,57,150,"1,865.00","279,750.00"
2020-02-19,2020021901014022,JSLBB,41,44,100,"1,860.00","186,000.00"
2020-02-19,2020021901013848,JSLBB,34,47,30,"1,859.00","55,770.00"
2020-02-19,2020021901013987,KBL,13,54,980,196.00,"192,080.00"
2020-02-19,2020021901013986,KBL,51,54,"1,000",196.00,"196,000.00"
2020-02-19,2020021901013985,KBL,49,54,20,196.00,"3,920.00"
2020-02-19,2020021901013914,KBL,18,6,350,197.00,"68,950.00"
2020-02-19,2020021901013913,KBL,18,45,100,197.00,"19,700.00"
2020-02-19,2020021901013912,KBL,18,1,950,197.00,"187,150.00"
2020-02-19,2020021901013642,KBL,29,21,11,196.00,"2,156.00"
2020-02-19,2020021901013768,KBL,56,1,50,197.00,"9,850.00"
2020-02-19,2020021901013656,KBL,49,45,80,196.00,"15,680.00"
2020-02-19,2020021901013655,KBL,29,45,39,196.00,"7,644.00"
2020-02-19,2020021901013853,KSBBL,50,33,350,172.00,"60,200.00"
2020-02-19,2020021901013968,LBBL,17,36,100,196.00,"19,600.00"
2020-02-19,2020021901013964,LBBL,17,43,65,196.00,"12,740.00"
2020-02-19,2020021901013722,LGIL,51,45,50,535.00,"26,750.00"
2020-02-19,2020021901014053,LICN,5,25,50,"1,390.00","69,500.00"
2020-02-19,2020021901014052,LICN,45,25,50,"1,390.00","69,500.00"
2020-02-19,2020021901013902,LICN,45,36,50,"1,392.00","69,600.00"
2020-02-19,2020021901013563,LICN,25,58,10,"1,393.00","13,930.00"
2020-02-19,2020021901014049,MEGA,38,36,19,212.00,"4,028.00"
2020-02-19,2020021901013769,MEGA,38,58,100,212.00,"21,200.00"
2020-02-19,2020021901013729,MEGA,38,33,135,212.00,"28,620.00"
2020-02-19,2020021901013728,MEGA,57,33,100,212.00,"21,200.00"
2020-02-19,2020021901013727,MEGA,48,33,100,212.00,"21,200.00"
2020-02-19,2020021901013726,MEGA,32,33,84,212.00,"17,808.00"
2020-02-19,2020021901013752,MERO,22,38,20,692.00,"13,840.00"
2020-02-19,2020021901013817,MFIL,38,6,41,195.00,"7,995.00"
2020-02-19,2020021901013824,MLBBL,45,26,90,865.00,"77,850.00"
2020-02-19,2020021901013823,MLBBL,45,38,80,865.00,"69,200.00"
2020-02-19,2020021901014029,MNBBL,5,46,60,330.00,"19,800.00"
2020-02-19,2020021901013958,MNBBL,17,13,200,330.00,"66,000.00"
2020-02-19,2020021901013859,MNBBL,32,42,750,331.00,"248,250.00"
2020-02-19,2020021901013858,MNBBL,32,57,722,331.00,"238,982.00"
2020-02-19,2020021901013835,MNBBL,32,16,202,330.00,"66,660.00"
2020-02-19,2020021901013944,MPFL,35,33,"1,000",123.00,"123,000.00"
2020-02-19,2020021901013803,MSMBS,42,34,20,850.00,"17,000.00"
2020-02-19,2020021901013598,MSMBS,38,39,11,850.00,"9,350.00"
2020-02-19,2020021901013597,MSMBS,38,56,11,850.00,"9,350.00"
2020-02-19,2020021901014030,NABIL,17,36,24,749.00,"17,976.00"
2020-02-19,2020021901013926,NABIL,5,34,100,750.00,"75,000.00"
2020-02-19,2020021901013925,NABIL,5,41,333,750.00,"249,750.00"
2020-02-19,2020021901013675,NABIL,8,59,200,750.00,"150,000.00"
2020-02-19,2020021901014051,NADEP,40,53,23,786.00,"18,078.00"
2020-02-19,2020021901013787,NBB,10,42,109,212.00,"23,108.00"
2020-02-19,2020021901013708,NBB,32,26,"1,000",211.00,"211,000.00"
2020-02-19,2020021901013707,NBB,32,17,148,211.00,"31,228.00"
2020-02-19,2020021901013706,NBB,34,17,973,211.00,"205,303.00"
2020-02-19,2020021901013935,NBF2,38,39,100,9.47,947.00
2020-02-19,2020021901013754,NBL,34,55,172,271.00,"46,612.00"
2020-02-19,2020021901013582,NBL,34,33,21,271.00,"5,691.00"
2020-02-19,2020021901013581,NBL,58,33,30,271.00,"8,130.00"
2020-02-19,2020021901013580,NBL,46,33,349,271.00,"94,579.00"
2020-02-19,2020021901013701,NCCB,5,45,268,195.00,"52,260.00"
2020-02-19,2020021901013700,NCCB,47,45,20,195.00,"3,900.00"
2020-02-19,2020021901013699,NCCB,48,45,10,195.00,"1,950.00"
2020-02-19,2020021901013698,NCCB,57,45,202,195.00,"39,390.00"
2020-02-19,2020021901013678,NCCB,57,45,100,195.00,"19,500.00"
2020-02-19,2020021901013595,NCCB,57,21,54,195.00,"10,530.00"
2020-02-19,2020021901014018,NHPC,58,41,200,59.00,"11,800.00"
2020-02-19,2020021901013736,NIB,56,29,154,385.00,"59,290.00"
2020-02-19,2020021901013735,NIB,42,29,51,385.00,"19,635.00"
2020-02-19,2020021901013731,NIB,19,49,500,386.00,"193,000.00"
2020-02-19,2020021901013609,NIB,22,49,250,386.00,"96,500.00"
2020-02-19,2020021901013568,NIB,42,39,113,385.00,"43,505.00"
2020-02-19,2020021901013932,NIBPO,8,26,200,337.00,"67,400.00"
2020-02-19,2020021901013931,NIBPO,6,26,300,338.00,"101,400.00"
2020-02-19,2020021901013928,NIBPO,6,4,"2,000",338.00,"676,000.00"
2020-02-19,2020021901013805,NIBSF1,41,43,"10,444",9.60,"100,262.40"
2020-02-19,2020021901014041,NICA,11,4,100,548.00,"54,800.00"
2020-02-19,2020021901013996,NICA,55,4,500,548.00,"274,000.00"
2020-02-19,2020021901013939,NICA,16,32,625,547.00,"341,875.00"
2020-02-19,2020021901013938,NICA,8,32,100,547.00,"54,700.00"
2020-02-19,2020021901013937,NICA,29,32,275,547.00,"150,425.00"
2020-02-19,2020021901013918,NICA,29,28,225,547.00,"123,075.00"
2020-02-19,2020021901013610,NICA,14,13,209,546.00,"114,114.00"
2020-02-19,2020021901013917,NICA,19,28,25,547.00,"13,675.00"
2020-02-19,2020021901013744,NICA,19,11,75,547.00,"41,025.00"
2020-02-19,2020021901013661,NICA,19,11,400,547.00,"218,800.00"
2020-02-19,2020021901013658,NICA,47,11,140,547.00,"76,580.00"
2020-02-19,2020021901013657,NICA,47,25,10,547.00,"5,470.00"
2020-02-19,2020021901013612,NICA,34,25,90,547.00,"49,230.00"
2020-02-19,2020021901013919,NICL,35,44,50,469.00,"23,450.00"
2020-02-19,2020021901013777,NICL,38,44,10,469.00,"4,690.00"
2020-02-19,2020021901014048,NIL,5,16,300,606.00,"181,800.00"
2020-02-19,2020021901013992,NIL,41,16,100,606.00,"60,600.00"
2020-02-19,2020021901013991,NIL,49,16,100,606.00,"60,600.00"
2020-02-19,2020021901013974,NIL,59,59,60,607.00,"36,420.00"
2020-02-19,2020021901013852,NIL,59,59,200,607.00,"121,400.00"
2020-02-19,2020021901013851,NIL,51,59,239,607.00,"145,073.00"
2020-02-19,2020021901013720,NIL,51,6,61,607.00,"37,027.00"
2020-02-19,2020021901013719,NIL,43,6,100,608.00,"60,800.00"
2020-02-19,2020021901013718,NIL,18,6,22,608.00,"13,376.00"
2020-02-19,2020021901013705,NIL,39,54,154,609.00,"93,786.00"
2020-02-19,2020021901013562,NIL,18,14,50,608.00,"30,400.00"
2020-02-19,2020021901013930,NLBBL,34,35,100,864.00,"86,400.00"
2020-02-19,2020021901013929,NLBBL,34,40,500,863.00,"431,500.00"
2020-02-19,2020021901013800,NLBBL,51,25,100,861.00,"86,100.00"
2020-02-19,2020021901013711,NLBBL,28,43,500,862.00,"431,000.00"
2020-02-19,2020021901013710,NLBBL,28,4,232,861.00,"199,752.00"
2020-02-19,2020021901013709,NLBBL,28,5,50,861.00,"43,050.00"
2020-02-19,2020021901013646,NLBBL,57,5,50,861.00,"43,050.00"
2020-02-19,2020021901013596,NLG,54,4,100,722.00,"72,200.00"
2020-02-19,2020021901013924,NLIC,57,58,500,"1,188.00","594,000.00"
2020-02-19,2020021901013717,NLIC,57,58,500,"1,188.00","594,000.00"
2020-02-19,2020021901013558,NLIC,42,43,22,"1,183.00","26,026.00"
2020-02-19,2020021901014008,NMB,29,36,100,409.00,"40,900.00"
2020-02-19,2020021901013891,NMB,29,45,19,409.00,"7,771.00"
2020-02-19,2020021901013716,NMB,44,45,30,409.00,"12,270.00"
2020-02-19,2020021901013679,NMB,44,57,470,409.00,"192,230.00"
2020-02-19,2020021901013916,NMBMF,35,58,300,960.00,"288,000.00"
2020-02-19,2020021901013775,NMBMF,35,29,50,960.00,"48,000.00"
2020-02-19,2020021901013774,NMBMF,35,44,368,960.00,"353,280.00"
2020-02-19,2020021901013773,NMBMF,46,58,150,954.00,"143,100.00"
2020-02-19,2020021901013772,NMBMF,21,58,100,955.00,"95,500.00"
2020-02-19,2020021901013771,NMBMF,50,58,200,955.00,"191,000.00"
2020-02-19,2020021901013770,NMBMF,14,58,50,955.00,"47,750.00"
2020-02-19,2020021901013984,NUBL,6,53,100,"1,070.00","107,000.00"
2020-02-19,2020021901014039,PCBL,1,41,60,287.00,"17,220.00"
2020-02-19,2020021901014050,PIC,21,58,20,651.00,"13,020.00"
2020-02-19,2020021901013810,PIC,6,44,218,650.00,"141,700.00"
2020-02-19,2020021901013809,PIC,6,6,20,650.00,"13,000.00"
2020-02-19,2020021901013808,PIC,6,35,50,650.00,"32,500.00"
2020-02-19,2020021901013807,PIC,6,57,112,650.00,"72,800.00"
2020-02-19,2020021901013751,PIC,25,57,12,650.00,"7,800.00"
2020-02-19,2020021901013639,PIC,4,56,20,646.00,"12,920.00"
2020-02-19,2020021901013564,PIC,6,40,11,645.00,"7,095.00"
2020-02-19,2020021901013756,PICL,39,50,100,525.00,"52,500.00"
2020-02-19,2020021901013567,PICL,5,50,300,525.00,"157,500.00"
2020-02-19,2020021901013566,PICL,5,44,100,524.00,"52,400.00"
2020-02-19,2020021901013565,PICL,5,44,100,524.00,"52,400.00"
2020-02-19,2020021901013971,PLIC,25,45,700,615.00,"430,500.00"
2020-02-19,2020021901013904,PLIC,22,45,200,615.00,"123,000.00"
2020-02-19,2020021901013780,PLIC,38,16,60,615.00,"36,900.00"
2020-02-19,2020021901013611,PLIC,38,19,45,615.00,"27,675.00"
2020-02-19,2020021901013689,PRIN,44,16,808,491.00,"396,728.00"
2020-02-19,2020021901013966,PRVU,21,21,4,249.00,996.00
2020-02-19,2020021901013856,PRVU,46,36,54,249.00,"13,446.00"
2020-02-19,2020021901013855,PRVU,29,36,150,249.00,"37,350.00"
2020-02-19,2020021901013745,PRVU,49,21,76,249.00,"18,924.00"
2020-02-19,2020021901013687,PRVU,39,25,34,250.00,"8,500.00"
2020-02-19,2020021901013686,PRVU,39,26,16,250.00,"4,000.00"
2020-02-19,2020021901013962,RBCL,45,19,10,"11,020.00","110,200.00"
2020-02-19,2020021901013789,RBCL,52,42,10,"10,984.00","109,840.00"
2020-02-19,2020021901013788,RBCL,46,42,10,"10,984.00","109,840.00"
2020-02-19,2020021901013560,RBCL,50,19,10,"11,020.00","110,200.00"
2020-02-19,2020021901013927,RBCLPO,42,59,300,"9,326.00","2,797,800.00"
2020-02-19,2020021901013811,RBCLPO,5,57,30,"9,350.00","280,500.00"
2020-02-19,2020021901013786,RHPC,29,45,32,88.00,"2,816.00"
2020-02-19,2020021901013785,RHPC,41,45,500,88.00,"44,000.00"
2020-02-19,2020021901013784,RHPC,34,45,110,88.00,"9,680.00"
2020-02-19,2020021901013559,RLFL,29,21,37,139.00,"5,143.00"
2020-02-19,2020021901013994,RMDC,5,1,60,774.00,"46,440.00"
2020-02-19,2020021901013942,RMDC,19,37,50,780.00,"39,000.00"
2020-02-19,2020021901013854,RMDC,25,38,500,779.00,"389,500.00"
2020-02-19,2020021901013638,RRHP,38,57,10,103.00,"1,030.00"
2020-02-19,2020021901013637,RRHP,38,59,10,103.00,"1,030.00"
2020-02-19,2020021901013981,RSDC,58,58,40,509.00,"20,360.00"
2020-02-19,2020021901013936,RSDC,58,21,20,509.00,"10,180.00"
2020-02-19,2020021901013802,RSDC,19,19,370,510.00,"188,700.00"
2020-02-19,2020021901013749,RSDC,41,19,130,510.00,"66,300.00"
2020-02-19,2020021901013704,RSDC,22,19,200,510.00,"102,000.00"
2020-02-19,2020021901013571,RSDC,29,6,140,508.00,"71,120.00"
2020-02-19,2020021901013570,RSDC,29,46,50,508.00,"25,400.00"
2020-02-19,2020021901013569,RSDC,29,41,300,507.00,"152,100.00"
2020-02-19,2020021901013620,RSDC,42,46,100,510.00,"51,000.00"
2020-02-19,2020021901013619,RSDC,42,32,10,510.00,"5,100.00"
2020-02-19,2020021901013618,RSDC,42,17,500,509.00,"254,500.00"
2020-02-19,2020021901013617,RSDC,42,45,250,509.00,"127,250.00"
2020-02-19,2020021901013616,RSDC,42,40,290,508.00,"147,320.00"
2020-02-19,2020021901013615,RSDC,42,6,60,508.00,"30,480.00"
2020-02-19,2020021901013626,RSDC,42,53,500,510.00,"255,000.00"
2020-02-19,2020021901013625,RSDC,42,20,300,510.00,"153,000.00"
2020-02-19,2020021901013624,RSDC,42,58,100,510.00,"51,000.00"
2020-02-19,2020021901013623,RSDC,42,13,20,510.00,"10,200.00"
2020-02-19,2020021901013622,RSDC,42,36,100,510.00,"51,000.00"
2020-02-19,2020021901013621,RSDC,42,57,137,510.00,"69,870.00"
2020-02-19,2020021901013660,RSDC,41,16,70,508.00,"35,560.00"
2020-02-19,2020021901013631,RSDC,42,6,100,510.00,"51,000.00"
2020-02-19,2020021901013630,RSDC,42,28,533,510.00,"271,830.00"
2020-02-19,2020021901013629,RSDC,42,50,500,510.00,"255,000.00"
2020-02-19,2020021901013628,RSDC,42,44,500,510.00,"255,000.00"
2020-02-19,2020021901013627,RSDC,42,35,100,510.00,"51,000.00"
2020-02-19,2020021901013901,SAPDBL,6,43,34,147.00,"4,998.00"
2020-02-19,2020021901013933,SBI,5,29,100,425.00,"42,500.00"
2020-02-19,2020021901013703,SBI,44,44,221,427.00,"94,367.00"
2020-02-19,2020021901013957,SBL,29,6,100,324.00,"32,400.00"
2020-02-19,2020021901013555,SBL,54,6,69,323.00,"22,287.00"
2020-02-19,2020021901014021,SDESI,51,4,200,970.00,"194,000.00"
2020-02-19,2020021901014020,SDESI,29,4,200,975.00,"195,000.00"
2020-02-19,2020021901013920,SDESI,45,4,200,985.00,"197,000.00"
2020-02-19,2020021901013834,SDESI,45,34,29,992.00,"28,768.00"
2020-02-19,2020021901013833,SDESI,45,34,300,991.00,"297,300.00"
2020-02-19,2020021901013832,SDESI,45,38,200,991.00,"198,200.00"
2020-02-19,2020021901013831,SDESI,45,39,51,989.00,"50,439.00"
2020-02-19,2020021901013830,SDESI,45,34,200,989.00,"197,800.00"
2020-02-19,2020021901013829,SDESI,45,40,70,989.00,"69,230.00"
2020-02-19,2020021901013828,SDESI,45,16,100,988.00,"98,800.00"
2020-02-19,2020021901013827,SDESI,45,26,50,987.00,"49,350.00"
2020-02-19,2020021901013683,SHINE,39,4,500,297.00,"148,500.00"
2020-02-19,2020021901013682,SHINE,17,4,150,297.00,"44,550.00"
2020-02-19,2020021901013681,SHINE,17,4,150,297.00,"44,550.00"
2020-02-19,2020021901013680,SHINE,8,4,93,297.00,"27,621.00"
2020-02-19,2020021901013684,SHINE,51,4,100,297.00,"29,700.00"
2020-02-19,2020021901014047,SHIVM,25,42,450,641.00,"288,450.00"
2020-02-19,2020021901014046,SHIVM,25,4,50,640.00,"32,000.00"
2020-02-19,2020021901014040,SHIVM,46,4,400,640.00,"256,000.00"
2020-02-19,2020021901014037,SHIVM,46,19,100,640.00,"64,000.00"
2020-02-19,2020021901014036,SHIVM,59,19,200,640.00,"128,000.00"
2020-02-19,2020021901014032,SHIVM,47,58,"1,000",640.00,"640,000.00"
2020-02-19,2020021901013663,SHIVM,40,51,100,645.00,"64,500.00"
2020-02-19,2020021901013647,SHIVM,40,55,100,645.00,"64,500.00"
2020-02-19,2020021901013572,SHIVM,6,11,96,645.00,"61,920.00"
2020-02-19,2020021901013783,SHIVM,59,38,100,645.00,"64,500.00"
2020-02-19,2020021901013782,SHIVM,59,16,200,645.00,"129,000.00"
2020-02-19,2020021901013781,SHIVM,59,51,200,645.00,"129,000.00"
2020-02-19,2020021901013923,SHIVM,56,17,50,642.00,"32,100.00"
2020-02-19,2020021901013898,SHIVM,56,14,50,642.00,"32,100.00"
2020-02-19,2020021901013838,SHIVM,3,16,300,643.00,"192,900.00"
2020-02-19,2020021901013837,SHIVM,14,16,500,643.00,"321,500.00"
2020-02-19,2020021901013806,SHIVM,40,3,15,644.00,"9,660.00"
2020-02-19,2020021901014025,SHIVM,1,42,100,641.00,"64,100.00"
2020-02-19,2020021901014019,SHIVM,34,42,340,641.00,"217,940.00"
2020-02-19,2020021901013978,SHIVM,34,38,160,641.00,"102,560.00"
2020-02-19,2020021901013977,SHIVM,6,38,350,641.00,"224,350.00"
2020-02-19,2020021901013976,SHIVM,51,38,50,642.00,"32,100.00"
2020-02-19,2020021901013975,SHIVM,56,38,110,642.00,"70,620.00"
2020-02-19,2020021901013990,SHL,1,45,300,193.00,"57,900.00"
2020-02-19,2020021901013989,SHL,1,58,200,193.00,"38,600.00"
2020-02-19,2020021901014028,SICL,45,58,100,"1,230.00","123,000.00"
2020-02-19,2020021901014017,SICL,35,58,100,"1,230.00","123,000.00"
2020-02-19,2020021901014010,SICL,44,58,250,"1,230.00","307,500.00"
2020-02-19,2020021901013967,SICL,44,58,190,"1,230.00","233,700.00"
2020-02-19,2020021901013922,SICL,26,58,500,"1,230.00","615,000.00"
2020-02-19,2020021901013921,SICL,44,58,10,"1,231.00","12,310.00"
2020-02-19,2020021901013585,SICL,14,40,600,"1,236.00","741,600.00"
2020-02-19,2020021901013584,SICL,14,58,400,"1,235.00","494,000.00"
2020-02-19,2020021901013763,SICL,50,5,15,"1,232.00","18,480.00"
2020-02-19,2020021901013734,SICL,50,48,75,"1,232.00","92,400.00"
2020-02-19,2020021901013733,SICL,45,48,40,"1,233.00","49,320.00"
2020-02-19,2020021901013732,SICL,5,48,50,"1,236.00","61,800.00"
2020-02-19,2020021901013632,SICL,14,40,49,"1,236.00","60,564.00"
2020-02-19,2020021901013915,SICL,20,44,200,"1,233.00","246,600.00"
2020-02-19,2020021901013826,SICL,46,14,100,"1,235.00","123,500.00"
2020-02-19,2020021901013794,SICL,44,14,990,"1,231.00","1,218,690.00"
2020-02-19,2020021901013793,SICL,58,14,300,"1,232.00","369,600.00"
2020-02-19,2020021901013792,SICL,42,14,100,"1,232.00","123,200.00"
2020-02-19,2020021901013791,SICL,50,14,110,"1,232.00","135,520.00"
2020-02-19,2020021901013897,SINDU,57,51,97,136.00,"13,192.00"
2020-02-19,2020021901013896,SINDU,57,56,103,136.00,"14,008.00"
2020-02-19,2020021901013836,SINDU,45,56,497,136.00,"67,592.00"
2020-02-19,2020021901013649,SINDU,45,46,503,136.00,"68,408.00"
2020-02-19,2020021901013648,SINDU,45,46,197,136.00,"26,792.00"
2020-02-19,2020021901013956,SKBBL,43,57,65,"1,283.00","83,395.00"
2020-02-19,2020021901013955,SKBBL,43,10,50,"1,283.00","64,150.00"
2020-02-19,2020021901013954,SKBBL,43,54,50,"1,283.00","64,150.00"
2020-02-19,2020021901013730,SKBBL,51,54,50,"1,283.00","64,150.00"
2020-02-19,2020021901013672,SKBBL,57,14,10,"1,280.00","12,800.00"
2020-02-19,2020021901013671,SKBBL,57,20,150,"1,275.00","191,250.00"
2020-02-19,2020021901013587,SKBBL,58,17,50,"1,272.00","63,600.00"
2020-02-19,2020021901013586,SKBBL,58,14,516,"1,270.00","655,320.00"
2020-02-19,2020021901013574,SKBBL,34,14,250,"1,270.00","317,500.00"
2020-02-19,2020021901013561,SKBBL,39,14,50,"1,270.00","63,500.00"
2020-02-19,2020021901013664,SKBBL,57,28,125,"1,270.00","158,750.00"
2020-02-19,2020021901013592,SKBBL,58,29,73,"1,273.00","92,929.00"
2020-02-19,2020021901013591,SKBBL,58,47,200,"1,273.00","254,600.00"
2020-02-19,2020021901013590,SKBBL,58,47,100,"1,273.00","127,300.00"
2020-02-19,2020021901013589,SKBBL,58,45,11,"1,272.00","13,992.00"
2020-02-19,2020021901013588,SKBBL,58,21,50,"1,272.00","63,600.00"
2020-02-19,2020021901013670,SKBBL,57,41,200,"1,275.00","255,000.00"
2020-02-19,2020021901013669,SKBBL,57,5,100,"1,275.00","127,500.00"
2020-02-19,2020021901013668,SKBBL,57,45,90,"1,275.00","114,750.00"
2020-02-19,2020021901013667,SKBBL,57,44,10,"1,273.00","12,730.00"
2020-02-19,2020021901013666,SKBBL,57,29,27,"1,273.00","34,371.00"
2020-02-19,2020021901013665,SKBBL,57,43,200,"1,272.00","254,400.00"
2020-02-19,2020021901014016,SLBBL,42,22,120,990.00,"118,800.00"
2020-02-19,2020021901014015,SLBBL,42,57,100,989.00,"98,900.00"
2020-02-19,2020021901014014,SLBBL,42,35,250,989.00,"247,250.00"
2020-02-19,2020021901014013,SLBBL,42,45,30,988.00,"29,640.00"
2020-02-19,2020021901014006,SLBBL,22,45,70,988.00,"69,160.00"
2020-02-19,2020021901013965,SLBBL,22,17,30,986.00,"29,580.00"
2020-02-19,2020021901013946,SLICL,5,39,81,496.00,"40,176.00"
2020-02-19,2020021901013743,SLICL,6,39,100,496.00,"49,600.00"
2020-02-19,2020021901013742,SLICL,59,39,19,496.00,"9,424.00"
2020-02-19,2020021901013594,SLICL,59,29,81,496.00,"40,176.00"
2020-02-19,2020021901013593,SLICL,22,29,19,496.00,"9,424.00"
2020-02-19,2020021901013999,SMATA,34,41,25,882.00,"22,050.00"
2020-02-19,2020021901013998,SMATA,34,51,70,882.00,"61,740.00"
2020-02-19,2020021901013997,SMATA,34,57,100,881.00,"88,100.00"
2020-02-19,2020021901013951,SMATA,13,41,500,867.00,"433,500.00"
2020-02-19,2020021901013950,SMATA,38,41,100,868.00,"86,800.00"
2020-02-19,2020021901013949,SMATA,34,41,100,868.00,"86,800.00"
2020-02-19,2020021901013948,SMATA,21,41,100,870.00,"87,000.00"
2020-02-19,2020021901013900,SMATA,34,51,376,872.00,"327,872.00"
2020-02-19,2020021901013899,SMATA,34,14,300,872.00,"261,600.00"
2020-02-19,2020021901013822,SMATA,34,20,38,870.00,"33,060.00"
2020-02-19,2020021901013765,SMB,34,43,10,"1,102.00","11,020.00"
2020-02-19,2020021901013750,SMB,34,43,10,"1,081.00","10,810.00"
2020-02-19,2020021901013725,SMB,34,43,10,"1,081.00","10,810.00"
2020-02-19,2020021901013724,SMB,34,43,20,"1,071.00","21,420.00"
2020-02-19,2020021901013723,SMB,34,57,60,"1,070.00","64,200.00"
2020-02-19,2020021901013608,SMB,34,6,10,"1,049.00","10,490.00"
2020-02-19,2020021901013607,SMB,34,43,20,"1,048.00","20,960.00"
2020-02-19,2020021901013606,SMB,34,41,10,"1,045.00","10,450.00"
2020-02-19,2020021901013605,SMB,34,56,10,"1,040.00","10,400.00"
2020-02-19,2020021901013604,SMB,34,6,50,"1,040.00","52,000.00"
2020-02-19,2020021901013697,SMB,34,53,50,"1,060.00","53,000.00"
2020-02-19,2020021901013696,SMB,34,58,10,"1,050.00","10,500.00"
2020-02-19,2020021901013695,SMB,34,41,150,"1,050.00","157,500.00"
2020-02-19,2020021901013694,SMB,34,19,100,"1,050.00","105,000.00"
2020-02-19,2020021901013693,SMB,34,48,20,"1,050.00","21,000.00"
2020-02-19,2020021901014003,SPARS,34,38,10,"1,008.00","10,080.00"
2020-02-19,2020021901014002,SPARS,34,54,10,994.00,"9,940.00"
2020-02-19,2020021901014001,SPARS,34,47,50,989.00,"49,450.00"
2020-02-19,2020021901014000,SPARS,34,38,20,985.00,"19,700.00"
2020-02-19,2020021901013779,SPDL,47,21,15,102.00,"1,530.00"
2020-02-19,2020021901013778,SPDL,47,39,200,102.00,"20,400.00"
2020-02-19,2020021901013662,STC,10,28,150,"2,799.00","419,850.00"
2020-02-19,2020021901013972,SWBBL,18,40,75,"1,343.00","100,725.00"
2020-02-19,2020021901013641,SWBBL,33,6,98,"1,358.00","133,084.00"
2020-02-19,2020021901013941,UNHPL,19,22,450,62.00,"27,900.00"
2020-02-19,2020021901013940,UNHPL,19,48,50,62.00,"3,100.00"
2020-02-19,2020021901013860,UPCL,38,55,60,80.00,"4,800.00"
2020-02-19,2020021901013714,VLBS,34,58,200,"1,185.00","237,000.00"
2020-02-19,2020021901013713,VLBS,34,42,110,"1,180.00","129,800.00"
2020-02-19,2020021901013712,VLBS,34,14,127,"1,175.00","149,225.00"
2020-02-19,2020021901013847,VLBS,34,14,163,"1,185.00","193,155.00"
2020-02-19,2020021901013943,WOMI,36,50,120,"1,115.00","133,800.00"
2020-02-19,2020021901013903,WOMI,57,50,100,"1,115.00","111,500.00"
2020-02-19,2020021901013556,WOMI,51,17,100,"1,113.00","111,300.00"
2020-02-19,2020021901013156,ADBL,29,42,68,395.00,"26,860.00"
2020-02-19,2020021901013155,ADBL,35,45,100,396.00,"39,600.00"
2020-02-19,2020021901013132,AHPC,41,22,110,98.00,"10,780.00"
2020-02-19,2020021901013318,AKPL,58,50,"1,009",135.00,"136,215.00"
2020-02-19,2020021901013272,AKPL,58,25,500,135.00,"67,500.00"
2020-02-19,2020021901013229,AKPL,58,48,111,135.00,"14,985.00"
2020-02-19,2020021901013228,AKPL,38,48,500,135.00,"67,500.00"
2020-02-19,2020021901013227,AKPL,36,48,389,135.00,"52,515.00"
2020-02-19,2020021901013463,ALBSL,1,44,10,850.00,"8,500.00"
2020-02-19,2020021901013319,ALBSL,1,14,90,850.00,"76,500.00"
2020-02-19,2020021901013509,ALICL,59,16,120,630.00,"75,600.00"
2020-02-19,2020021901013508,ALICL,20,16,200,630.00,"126,000.00"
2020-02-19,2020021901013507,ALICL,33,16,300,630.00,"189,000.00"
2020-02-19,2020021901013506,ALICL,38,16,200,631.00,"126,200.00"
2020-02-19,2020021901013505,ALICL,57,16,100,631.00,"63,100.00"
2020-02-19,2020021901013270,ALICL,36,6,100,632.00,"63,200.00"
2020-02-19,2020021901013349,API,58,29,"1,709",135.00,"230,715.00"
2020-02-19,2020021901013348,API,17,29,500,136.00,"68,000.00"
2020-02-19,2020021901013347,API,49,29,500,136.00,"68,000.00"
2020-02-19,2020021901013346,API,38,29,100,136.00,"13,600.00"
2020-02-19,2020021901013345,API,44,29,25,136.00,"3,400.00"
2020-02-19,2020021901013344,API,28,29,"1,000",136.00,"136,000.00"
2020-02-19,2020021901013343,API,34,29,166,136.00,"22,576.00"
2020-02-19,2020021901013126,BNT,50,17,10,"7,727.00","77,270.00"
2020-02-19,2020021901013312,BOKL,19,18,300,238.00,"71,400.00"
2020-02-19,2020021901013307,BOKL,19,33,50,237.00,"11,850.00"
2020-02-19,2020021901013202,BOKL,19,42,168,237.00,"39,816.00"
2020-02-19,2020021901013260,BPCL,42,50,150,361.00,"54,150.00"
2020-02-19,2020021901013143,CBBL,41,59,30,"1,129.00","33,870.00"
2020-02-19,2020021901013142,CBBL,26,59,30,"1,130.00","33,900.00"
2020-02-19,2020021901013141,CBBL,22,59,100,"1,130.00","113,000.00"
2020-02-19,2020021901013140,CBBL,16,59,20,"1,130.00","22,600.00"
2020-02-19,2020021901013311,CBL,29,25,200,153.00,"30,600.00"
2020-02-19,2020021901013441,CCBL,29,33,42,185.00,"7,770.00"
2020-02-19,2020021901013239,CCBL,55,39,246,184.00,"45,264.00"
2020-02-19,2020021901013066,CCBL,55,36,100,184.00,"18,400.00"
2020-02-19,2020021901013444,CHCL,6,50,200,430.00,"86,000.00"
2020-02-19,2020021901013250,CIT,58,53,50,"2,805.00","140,250.00"
2020-02-19,2020021901013242,CIT,58,10,117,"2,805.00","328,185.00"
2020-02-19,2020021901013174,CIT,58,46,115,"2,805.00","322,575.00"
2020-02-19,2020021901013173,CIT,34,46,100,"2,806.00","280,600.00"
2020-02-19,2020021901013490,CLBSL,42,1,110,"1,188.00","130,680.00"
2020-02-19,2020021901013489,CLBSL,42,3,40,"1,188.00","47,520.00"
2020-02-19,2020021901013488,CLBSL,42,42,50,"1,187.00","59,350.00"
2020-02-19,2020021901013393,CLBSL,43,3,10,"1,188.00","11,880.00"
2020-02-19,2020021901013279,CLBSL,43,17,27,"1,180.00","31,860.00"
2020-02-19,2020021901013278,CLBSL,43,38,30,"1,180.00","35,400.00"
2020-02-19,2020021901013277,CLBSL,43,48,24,"1,180.00","28,320.00"
2020-02-19,2020021901013232,CLBSL,48,52,300,"1,175.00","352,500.00"
2020-02-19,2020021901013231,CLBSL,48,35,11,"1,173.00","12,903.00"
2020-02-19,2020021901013230,CLBSL,48,44,300,"1,172.00","351,600.00"
2020-02-19,2020021901013152,CZBIL,17,42,"1,142",198.00,"226,116.00"
2020-02-19,2020021901013151,CZBIL,34,42,25,198.00,"4,950.00"
2020-02-19,2020021901013487,DDBL,50,44,200,919.00,"183,800.00"
2020-02-19,2020021901013325,DDBL,4,47,135,920.00,"124,200.00"
2020-02-19,2020021901013324,DDBL,4,47,100,920.00,"92,000.00"
2020-02-19,2020021901013323,DDBL,4,45,15,920.00,"13,800.00"
2020-02-19,2020021901013322,DDBL,4,19,50,920.00,"46,000.00"
2020-02-19,2020021901013294,DDBL,25,59,25,919.00,"22,975.00"
2020-02-19,2020021901013293,DDBL,25,1,500,919.00,"459,500.00"
2020-02-19,2020021901013292,DDBL,25,36,100,919.00,"91,900.00"
2020-02-19,2020021901013291,DDBL,25,43,280,919.00,"257,320.00"
2020-02-19,2020021901013246,DDBL,38,43,200,919.00,"183,800.00"
2020-02-19,2020021901013197,DDBL,39,43,20,919.00,"18,380.00"
2020-02-19,2020021901013458,EBL,26,43,100,665.00,"66,500.00"
2020-02-19,2020021901013420,EBL,6,43,200,665.00,"133,000.00"
2020-02-19,2020021901013326,EIC,25,6,250,446.00,"111,500.00"
2020-02-19,2020021901013145,EIC,19,38,120,447.00,"53,640.00"
2020-02-19,2020021901013144,EIC,19,39,50,447.00,"22,350.00"
2020-02-19,2020021901013056,EIC,19,35,30,446.00,"13,380.00"
2020-02-19,2020021901013482,FMDBL,56,33,200,507.00,"101,400.00"
2020-02-19,2020021901013427,FMDBL,58,33,100,507.00,"50,700.00"
2020-02-19,2020021901013426,FMDBL,58,53,500,506.00,"253,000.00"
2020-02-19,2020021901013425,FMDBL,58,42,100,506.00,"50,600.00"
2020-02-19,2020021901013399,FMDBL,57,1,100,505.00,"50,500.00"
2020-02-19,2020021901013397,FMDBL,36,42,40,505.00,"20,200.00"
2020-02-19,2020021901013169,FMDBL,56,26,50,505.00,"25,250.00"
2020-02-19,2020021901013083,FMDBL,58,26,50,505.00,"25,250.00"
2020-02-19,2020021901013055,FMDBL,56,21,20,503.00,"10,060.00"
2020-02-19,2020021901013391,FMDBL,36,33,56,505.00,"28,280.00"
2020-02-19,2020021901013383,FMDBL,13,39,500,505.00,"252,500.00"
2020-02-19,2020021901013245,FMDBL,56,33,300,505.00,"151,500.00"
2020-02-19,2020021901013196,FMDBL,56,33,114,505.00,"57,570.00"
2020-02-19,2020021901013185,FMDBL,56,42,36,505.00,"18,180.00"
2020-02-19,2020021901013170,FMDBL,56,6,200,505.00,"101,000.00"
2020-02-19,2020021901013520,FOWAD,29,58,10,"1,620.00","16,200.00"
2020-02-19,2020021901013327,FOWAD,17,46,50,"1,625.00","81,250.00"
2020-02-19,2020021901013105,FOWAD,43,48,54,"1,630.00","88,020.00"
