Date,Transact. No.,Symbol,Buyer,Seller,Quantity,Rate,Amount
2019-02-18,2019021801005010,ADBL,14,42,500,329.00,"164,500.00"
2019-02-18,2019021801004899,ADBL,14,32,680,328.00,"223,040.00"
2019-02-18,2019021801004695,ADBL,16,32,100,328.00,"32,800.00"
2019-02-18,2019021801004665,ADBL,45,32,90,328.00,"29,520.00"
2019-02-18,2019021801004705,AHPC,45,53,"1,000",98.00,"98,000.00"
2019-02-18,2019021801004679,AKJCL,29,46,20,81.00,"1,620.00"
2019-02-18,2019021801005111,AKPL,29,28,13,148.00,"1,924.00"
2019-02-18,2019021801004982,AKPL,18,28,23,150.00,"3,450.00"
2019-02-18,2019021801004981,AKPL,22,28,13,151.00,"1,963.00"
2019-02-18,2019021801005107,ALICL,49,17,10,565.00,"5,650.00"
2019-02-18,2019021801004913,AMFI,45,19,10,692.00,"6,920.00"
2019-02-18,2019021801005105,API,25,34,50,127.00,"6,350.00"
2019-02-18,2019021801005061,API,39,28,28,126.00,"3,528.00"
2019-02-18,2019021801005008,API,39,34,100,127.00,"12,700.00"
2019-02-18,2019021801004739,API,39,16,297,126.00,"37,422.00"
2019-02-18,2019021801004959,API,25,34,150,127.00,"19,050.00"
2019-02-18,2019021801004956,API,39,28,28,126.00,"3,528.00"
2019-02-18,2019021801004953,API,39,57,500,126.00,"63,000.00"
2019-02-18,2019021801004902,API,39,49,187,126.00,"23,562.00"
2019-02-18,2019021801004901,API,17,49,113,126.00,"14,238.00"
2019-02-18,2019021801004895,API,17,48,887,126.00,"111,762.00"
2019-02-18,2019021801004992,BBC,58,48,50,"1,605.00","80,250.00"
2019-02-18,2019021801005043,BOKL,57,59,100,241.00,"24,100.00"
2019-02-18,2019021801005042,BOKL,55,59,25,241.00,"6,025.00"
2019-02-18,2019021801004985,BOKL,55,53,209,241.00,"50,369.00"
2019-02-18,2019021801004923,BOKL,1,59,250,242.00,"60,500.00"
2019-02-18,2019021801004660,BOKL,55,32,266,241.00,"64,106.00"
2019-02-18,2019021801005121,BPCL,40,45,20,340.00,"6,800.00"
2019-02-18,2019021801005036,BPCL,40,45,20,340.00,"6,800.00"
2019-02-18,2019021801005058,CBBL,21,49,145,863.00,"125,135.00"
2019-02-18,2019021801004731,CBBL,35,58,342,860.00,"294,120.00"
2019-02-18,2019021801004730,CBBL,38,58,100,860.00,"86,000.00"
2019-02-18,2019021801004729,CBBL,47,58,29,860.00,"24,940.00"
2019-02-18,2019021801004728,CBBL,59,58,100,861.00,"86,100.00"
2019-02-18,2019021801004727,CBBL,1,58,100,862.00,"86,200.00"
2019-02-18,2019021801005141,CBL,53,26,100,148.00,"14,800.00"
2019-02-18,2019021801005113,CBL,4,26,253,148.00,"37,444.00"
2019-02-18,2019021801005112,CBL,4,26,247,148.00,"36,556.00"
2019-02-18,2019021801005108,CBL,33,26,100,148.00,"14,800.00"
2019-02-18,2019021801005063,CBL,35,26,50,148.00,"7,400.00"
2019-02-18,2019021801004949,CBL,35,26,155,148.00,"22,940.00"
2019-02-18,2019021801004948,CBL,35,26,552,148.00,"81,696.00"
2019-02-18,2019021801004947,CBL,35,52,93,148.00,"13,764.00"
2019-02-18,2019021801004857,CBL,13,6,172,147.00,"25,284.00"
2019-02-18,2019021801004856,CBL,13,18,252,147.00,"37,044.00"
2019-02-18,2019021801004733,CBL,38,18,234,147.00,"34,398.00"
2019-02-18,2019021801004720,CBL,38,6,266,147.00,"39,102.00"
2019-02-18,2019021801004944,CCBL,34,42,100,158.00,"15,800.00"
2019-02-18,2019021801004909,CCBL,17,42,50,158.00,"7,900.00"
2019-02-18,2019021801004877,CCBL,39,42,100,158.00,"15,800.00"
2019-02-18,2019021801004760,CCBL,1,38,716,157.00,"112,412.00"
2019-02-18,2019021801004759,CCBL,22,38,182,157.00,"28,574.00"
2019-02-18,2019021801004719,CCBL,13,42,"1,719",158.00,"271,602.00"
2019-02-18,2019021801004718,CCBL,13,58,281,158.00,"44,398.00"
2019-02-18,2019021801004711,CCBL,32,58,200,158.00,"31,600.00"
2019-02-18,2019021801005109,CHCL,16,7,50,505.00,"25,250.00"
2019-02-18,2019021801004738,CHCL,45,59,145,503.00,"72,935.00"
2019-02-18,2019021801005086,CHLBS,58,10,10,453.00,"4,530.00"
2019-02-18,2019021801005117,CIT,38,22,100,"2,492.00","249,200.00"
2019-02-18,2019021801004881,CIT,11,34,10,"2,491.00","24,910.00"
2019-02-18,2019021801004684,CIT,54,22,100,"2,500.00","250,000.00"
2019-02-18,2019021801005068,CZBIL,41,49,188,202.00,"37,976.00"
2019-02-18,2019021801005040,CZBIL,41,53,16,202.00,"3,232.00"
2019-02-18,2019021801005007,CZBIL,33,47,10,203.00,"2,030.00"
2019-02-18,2019021801004669,CZBIL,45,47,76,203.00,"15,428.00"
2019-02-18,2019021801004650,CZBIL,41,45,76,202.00,"15,352.00"
2019-02-18,2019021801005136,DBBL,58,8,363,120.00,"43,560.00"
2019-02-18,2019021801005135,DBBL,45,8,"1,000",121.00,"121,000.00"
2019-02-18,2019021801005134,DBBL,45,8,50,121.00,"6,050.00"
2019-02-18,2019021801005133,DBBL,21,8,100,121.00,"12,100.00"
2019-02-18,2019021801005132,DBBL,32,8,"1,000",121.00,"121,000.00"
2019-02-18,2019021801005131,DBBL,41,8,100,121.00,"12,100.00"
2019-02-18,2019021801005124,DBBL,41,8,13,121.00,"1,573.00"
2019-02-18,2019021801005009,DBBL,50,42,270,122.00,"32,940.00"
2019-02-18,2019021801004757,DBBL,58,51,50,124.00,"6,200.00"
2019-02-18,2019021801004753,DBBL,58,6,280,123.00,"34,440.00"
2019-02-18,2019021801005130,DBBL,13,8,500,121.00,"60,500.00"
2019-02-18,2019021801005129,DBBL,34,8,"2,005",121.00,"242,605.00"
2019-02-18,2019021801005128,DBBL,32,8,200,121.00,"24,200.00"
2019-02-18,2019021801005127,DBBL,59,8,500,121.00,"60,500.00"
2019-02-18,2019021801005126,DBBL,59,8,143,121.00,"17,303.00"
2019-02-18,2019021801005125,DBBL,41,8,200,121.00,"24,200.00"
2019-02-18,2019021801004675,EBL,52,17,50,504.00,"25,200.00"
2019-02-18,2019021801004649,EBL,1,17,105,504.00,"52,920.00"
2019-02-18,2019021801004648,EBL,59,17,45,504.00,"22,680.00"
2019-02-18,2019021801004766,EBL,17,17,65,504.00,"32,760.00"
2019-02-18,2019021801004670,EDBL,58,34,50,289.00,"14,450.00"
2019-02-18,2019021801005011,EIC,32,28,320,796.00,"254,720.00"
2019-02-18,2019021801004931,FOWAD,47,55,19,"1,525.00","28,975.00"
2019-02-18,2019021801004861,FOWAD,42,55,10,"1,535.00","15,350.00"
2019-02-18,2019021801004671,FOWAD,47,11,31,"1,525.00","47,275.00"
2019-02-18,2019021801004957,GBIME,34,44,100,260.00,"26,000.00"
2019-02-18,2019021801004900,GBIME,13,13,215,259.00,"55,685.00"
2019-02-18,2019021801005030,GBLBS,13,22,20,426.00,"8,520.00"
2019-02-18,2019021801005029,GBLBS,51,22,60,427.00,"25,620.00"
2019-02-18,2019021801005028,GBLBS,47,22,20,428.00,"8,560.00"
2019-02-18,2019021801004741,GBLBS,52,42,50,428.00,"21,400.00"
2019-02-18,2019021801004740,GBLBS,52,35,19,428.00,"8,132.00"
2019-02-18,2019021801004685,GBLBS,51,58,40,427.00,"17,080.00"
2019-02-18,2019021801004751,GDBL,59,14,150,181.00,"27,150.00"
2019-02-18,2019021801005099,GLICL,46,49,30,644.00,"19,320.00"
2019-02-18,2019021801005098,GLICL,21,49,100,645.00,"64,500.00"
2019-02-18,2019021801005097,GLICL,1,49,57,645.00,"36,765.00"
2019-02-18,2019021801005096,GLICL,45,49,113,645.00,"72,885.00"
2019-02-18,2019021801005095,GLICL,10,49,200,646.00,"129,200.00"
2019-02-18,2019021801004858,GRDBL,39,42,260,102.00,"26,520.00"
2019-02-18,2019021801005137,GUFL,53,13,30,102.00,"3,060.00"
2019-02-18,2019021801005059,HDL,58,54,10,"1,355.00","13,550.00"
2019-02-18,2019021801004896,HIDCL,45,38,100,131.00,"13,100.00"
2019-02-18,2019021801004789,HIDCL,13,38,578,130.00,"75,140.00"
2019-02-18,2019021801004788,HIDCL,16,38,50,130.00,"6,500.00"
2019-02-18,2019021801004787,HIDCL,13,38,100,130.00,"13,000.00"
2019-02-18,2019021801004786,HIDCL,21,38,200,130.00,"26,000.00"
2019-02-18,2019021801004785,HIDCL,5,38,772,130.00,"100,360.00"
2019-02-18,2019021801004946,HPPL,42,51,20,170.00,"3,400.00"
2019-02-18,2019021801004699,HPPL,42,46,10,167.00,"1,670.00"
2019-02-18,2019021801004732,IGI,7,59,12,395.00,"4,740.00"
2019-02-18,2019021801004714,IGI,28,59,290,395.00,"114,550.00"
2019-02-18,2019021801004713,IGI,28,22,10,395.00,"3,950.00"
2019-02-18,2019021801004712,IGI,28,5,200,394.00,"78,800.00"
2019-02-18,2019021801005016,JBBL,58,29,30,137.00,"4,110.00"
2019-02-18,2019021801005004,JBBL,58,6,117,136.00,"15,912.00"
2019-02-18,2019021801004991,JBBL,58,52,66,135.00,"8,910.00"
2019-02-18,2019021801005118,JBNL,6,10,75,164.00,"12,300.00"
2019-02-18,2019021801004808,JBNL,44,10,500,164.00,"82,000.00"
2019-02-18,2019021801005142,JSLBB,42,54,10,"2,400.00","24,000.00"
2019-02-18,2019021801005102,KBL,52,57,58,227.00,"13,166.00"
2019-02-18,2019021801005000,KBL,1,57,50,227.00,"11,350.00"
2019-02-18,2019021801004980,KMCDB,22,48,58,774.00,"44,892.00"
2019-02-18,2019021801004979,KMCDB,32,48,22,775.00,"17,050.00"
2019-02-18,2019021801004978,KMCDB,48,48,64,780.00,"49,920.00"
2019-02-18,2019021801004841,KMCDB,16,26,90,784.00,"70,560.00"
2019-02-18,2019021801005100,KMFL,49,48,38,911.00,"34,618.00"
2019-02-18,2019021801004847,KNBL,43,6,212,118.00,"25,016.00"
2019-02-18,2019021801004725,KPCL,22,46,10,90.00,900.00
2019-02-18,2019021801004883,KPCL,22,21,10,90.00,900.00
2019-02-18,2019021801004870,KPCL,22,21,10,90.00,900.00
2019-02-18,2019021801004867,KPCL,22,21,10,90.00,900.00
2019-02-18,2019021801004888,KPCL,22,21,10,90.00,900.00
2019-02-18,2019021801004886,KPCL,22,21,10,90.00,900.00
2019-02-18,2019021801004885,KSBBL,13,13,284,134.00,"38,056.00"
2019-02-18,2019021801004794,KSBBL,45,45,50,134.00,"6,700.00"
2019-02-18,2019021801004702,KSBBL,45,45,1,134.00,134.00
2019-02-18,2019021801005088,LBL,1,16,50,187.00,"9,350.00"
2019-02-18,2019021801005085,LBL,42,16,300,187.00,"56,100.00"
2019-02-18,2019021801005060,LBL,58,6,132,186.00,"24,552.00"
2019-02-18,2019021801005038,LBL,13,6,500,185.00,"92,500.00"
2019-02-18,2019021801005037,LBL,33,6,101,185.00,"18,685.00"
2019-02-18,2019021801004832,LBL,49,6,154,185.00,"28,490.00"
2019-02-18,2019021801004721,LBL,34,6,200,186.00,"37,200.00"
2019-02-18,2019021801004662,LBL,22,6,300,186.00,"55,800.00"
2019-02-18,2019021801004876,LBL,33,16,169,185.00,"31,265.00"
2019-02-18,2019021801004875,LBL,4,16,100,185.00,"18,500.00"
2019-02-18,2019021801004874,LBL,34,16,100,185.00,"18,500.00"
2019-02-18,2019021801004873,LBL,25,16,200,185.00,"37,000.00"
2019-02-18,2019021801004872,LBL,36,16,181,185.00,"33,485.00"
2019-02-18,2019021801004833,LBL,36,6,319,185.00,"59,015.00"
2019-02-18,2019021801004910,LEMF,19,25,500,7.16,"3,580.00"
2019-02-18,2019021801004977,LICN,28,22,140,"1,576.00","220,640.00"
2019-02-18,2019021801004976,LICN,16,22,100,"1,577.00","157,700.00"
2019-02-18,2019021801004975,LICN,58,22,10,"1,580.00","15,800.00"
2019-02-18,2019021801004664,LLBS,55,11,80,748.00,"59,840.00"
2019-02-18,2019021801004850,MBL,32,58,200,206.00,"41,200.00"
2019-02-18,2019021801004770,MBL,21,58,100,206.00,"20,600.00"
2019-02-18,2019021801004769,MBL,17,58,"1,000",206.00,"206,000.00"
2019-02-18,2019021801004768,MBL,36,58,500,206.00,"103,000.00"
2019-02-18,2019021801004767,MBL,25,58,200,206.00,"41,200.00"
2019-02-18,2019021801005055,MEGA,13,53,50,159.00,"7,950.00"
2019-02-18,2019021801004986,MEGA,34,34,100,160.00,"16,000.00"
2019-02-18,2019021801004854,MEGA,17,34,10,160.00,"1,600.00"
2019-02-18,2019021801004853,MEGA,17,1,490,160.00,"78,400.00"
2019-02-18,2019021801004852,MEGA,17,19,200,160.00,"32,000.00"
2019-02-18,2019021801004851,MEGA,17,25,300,160.00,"48,000.00"
2019-02-18,2019021801004827,MEGA,49,28,50,159.00,"7,950.00"
2019-02-18,2019021801004826,MEGA,58,28,219,159.00,"34,821.00"
2019-02-18,2019021801004838,MEGA,13,40,44,159.00,"6,996.00"
2019-02-18,2019021801004837,MEGA,19,40,169,159.00,"26,871.00"
2019-02-18,2019021801004831,MEGA,19,28,331,159.00,"52,629.00"
2019-02-18,2019021801004830,MEGA,36,28,200,159.00,"31,800.00"
2019-02-18,2019021801004829,MEGA,17,28,100,159.00,"15,900.00"
2019-02-18,2019021801004828,MEGA,55,28,100,159.00,"15,900.00"
2019-02-18,2019021801004974,MERO,34,51,104,598.00,"62,192.00"
2019-02-18,2019021801005140,MLBBL,37,41,10,596.00,"5,960.00"
2019-02-18,2019021801004966,MLBBL,57,37,10,585.00,"5,850.00"
2019-02-18,2019021801004919,MLBBL,56,16,20,574.00,"11,480.00"
2019-02-18,2019021801004892,MLBBL,58,16,40,575.00,"23,000.00"
2019-02-18,2019021801004891,MLBBL,43,16,20,576.00,"11,520.00"
2019-02-18,2019021801004890,MLBBL,48,16,20,576.00,"11,520.00"
2019-02-18,2019021801004889,MLBBL,45,16,30,578.00,"17,340.00"
2019-02-18,2019021801004734,MLBL,32,33,23,160.00,"3,680.00"
2019-02-18,2019021801005074,MMFDB,56,48,25,966.00,"24,150.00"
2019-02-18,2019021801005073,MMFDB,25,48,50,966.00,"48,300.00"
2019-02-18,2019021801005072,MMFDB,43,48,20,968.00,"19,360.00"
2019-02-18,2019021801005071,MMFDB,52,48,20,970.00,"19,400.00"
2019-02-18,2019021801005093,MNBBL,36,17,97,330.00,"32,010.00"
2019-02-18,2019021801005092,MNBBL,56,17,179,330.00,"59,070.00"
2019-02-18,2019021801004906,MNBBL,43,59,100,331.00,"33,100.00"
2019-02-18,2019021801004905,MNBBL,25,59,"1,000",331.00,"331,000.00"
2019-02-18,2019021801004904,MNBBL,52,59,70,331.00,"23,170.00"
2019-02-18,2019021801004842,MNBBL,29,17,135,332.00,"44,820.00"
2019-02-18,2019021801004821,MNBBL,29,17,365,332.00,"121,180.00"
2019-02-18,2019021801004839,MSMBS,35,35,22,532.00,"11,704.00"
2019-02-18,2019021801005066,NABIL,49,37,30,783.00,"23,490.00"
2019-02-18,2019021801005065,NABIL,17,37,170,783.00,"133,110.00"
2019-02-18,2019021801005018,NABIL,28,37,250,785.00,"196,250.00"
2019-02-18,2019021801005015,NABIL,17,57,30,783.00,"23,490.00"
2019-02-18,2019021801005014,NABIL,49,57,50,783.00,"39,150.00"
2019-02-18,2019021801005013,NABIL,49,57,10,783.00,"7,830.00"
2019-02-18,2019021801004930,NABIL,25,6,60,784.00,"47,040.00"
2019-02-18,2019021801004929,NABIL,25,32,80,784.00,"62,720.00"
2019-02-18,2019021801004758,NABIL,10,32,50,784.00,"39,200.00"
2019-02-18,2019021801004742,NABIL,11,32,20,784.00,"15,680.00"
2019-02-18,2019021801005012,NABIL,33,57,10,783.00,"7,830.00"
2019-02-18,2019021801004995,NABIL,5,37,500,785.00,"392,500.00"
2019-02-18,2019021801004989,NABIL,42,37,50,785.00,"39,250.00"
2019-02-18,2019021801004964,NABIL,5,6,20,785.00,"15,700.00"
2019-02-18,2019021801004963,NABIL,5,26,140,785.00,"109,900.00"
2019-02-18,2019021801004950,NABIL,28,26,150,785.00,"117,750.00"
2019-02-18,2019021801005091,NABILP,32,42,431,747.00,"321,957.00"
2019-02-18,2019021801005048,NABILP,28,11,200,746.00,"149,200.00"
2019-02-18,2019021801005047,NABILP,28,22,110,746.00,"82,060.00"
2019-02-18,2019021801005046,NABILP,28,35,63,746.00,"46,998.00"
2019-02-18,2019021801005045,NABILP,28,36,200,745.00,"149,000.00"
2019-02-18,2019021801005017,NABILP,19,10,580,744.00,"431,520.00"
2019-02-18,2019021801005003,NABILP,37,10,420,744.00,"312,480.00"
2019-02-18,2019021801005002,NABILP,37,42,580,744.00,"431,520.00"
2019-02-18,2019021801004894,NABILP,19,42,100,744.00,"74,400.00"
2019-02-18,2019021801004698,NABILP,49,42,10,744.00,"7,440.00"
2019-02-18,2019021801004936,NADEP,29,59,30,740.00,"22,200.00"
2019-02-18,2019021801004935,NADEP,19,59,10,740.00,"7,400.00"
2019-02-18,2019021801005083,NBB,45,44,100,183.00,"18,300.00"
2019-02-18,2019021801004999,NBB,46,17,251,182.00,"45,682.00"
2019-02-18,2019021801004998,NBB,46,53,164,182.00,"29,848.00"
2019-02-18,2019021801004812,NBL,53,49,50,283.00,"14,150.00"
2019-02-18,2019021801004779,NBL,47,58,"2,000",284.00,"568,000.00"
2019-02-18,2019021801004778,NBL,13,58,300,284.00,"85,200.00"
2019-02-18,2019021801004777,NBL,49,58,100,284.00,"28,400.00"
2019-02-18,2019021801004776,NBL,33,58,800,284.00,"227,200.00"
2019-02-18,2019021801004709,NBL,33,55,200,284.00,"56,800.00"
2019-02-18,2019021801004951,NCCB,52,33,500,205.00,"102,500.00"
2019-02-18,2019021801004846,NCCB,49,56,60,205.00,"12,300.00"
2019-02-18,2019021801004840,NCCB,29,56,500,205.00,"102,500.00"
2019-02-18,2019021801004805,NCCB,44,56,440,205.00,"90,200.00"
2019-02-18,2019021801004804,NCCB,44,38,560,205.00,"114,800.00"
2019-02-18,2019021801004772,NCCB,33,38,200,205.00,"41,000.00"
2019-02-18,2019021801004750,NCCB,41,38,300,205.00,"61,500.00"
2019-02-18,2019021801004708,NCCB,16,38,100,205.00,"20,500.00"
2019-02-18,2019021801004694,NCCB,45,45,1,205.00,205.00
2019-02-18,2019021801004678,NCCB,45,45,1,205.00,205.00
2019-02-18,2019021801004938,NCDB,57,7,47,116.00,"5,452.00"
2019-02-18,2019021801005050,NHDL,36,45,10,120.00,"1,200.00"
2019-02-18,2019021801005070,NIB,39,45,14,503.00,"7,042.00"
2019-02-18,2019021801005057,NIB,33,45,14,503.00,"7,042.00"
2019-02-18,2019021801005039,NIB,33,45,37,503.00,"18,611.00"
2019-02-18,2019021801005027,NIB,1,1,38,505.00,"19,190.00"
2019-02-18,2019021801005026,NIB,1,56,12,504.00,"6,048.00"
2019-02-18,2019021801005006,NIB,6,56,21,504.00,"10,584.00"
2019-02-18,2019021801005005,NIB,26,56,100,504.00,"50,400.00"
2019-02-18,2019021801004869,NIB,6,1,44,505.00,"22,220.00"
2019-02-18,2019021801004868,NIB,6,45,256,505.00,"129,280.00"
2019-02-18,2019021801005138,NICA,28,39,"2,000",385.00,"770,000.00"
2019-02-18,2019021801005041,NICA,1,21,100,386.00,"38,600.00"
2019-02-18,2019021801005001,NICA,42,21,10,386.00,"3,860.00"
2019-02-18,2019021801004973,NICA,14,14,695,385.00,"267,575.00"
2019-02-18,2019021801004879,NICA,54,14,100,385.00,"38,500.00"
2019-02-18,2019021801004878,NICA,21,14,205,385.00,"78,925.00"
2019-02-18,2019021801004797,NICA,21,14,795,385.00,"306,075.00"
2019-02-18,2019021801004796,NICA,54,14,205,385.00,"78,925.00"
2019-02-18,2019021801005119,NICL,36,14,10,365.00,"3,650.00"
2019-02-18,2019021801005019,NICL,46,10,330,363.00,"119,790.00"
2019-02-18,2019021801004954,NICL,19,14,60,365.00,"21,900.00"
2019-02-18,2019021801004756,NICL,46,32,670,363.00,"243,210.00"
2019-02-18,2019021801004755,NICL,38,32,50,363.00,"18,150.00"
2019-02-18,2019021801004726,NICL,46,34,104,365.00,"37,960.00"
2019-02-18,2019021801004754,NICL,4,32,30,363.00,"10,890.00"
2019-02-18,2019021801004922,NIL,34,34,825,503.00,"414,975.00"
2019-02-18,2019021801004722,NIL,46,1,50,502.00,"25,100.00"
2019-02-18,2019021801004706,NIL,10,55,150,503.00,"75,450.00"
2019-02-18,2019021801004661,NIL,48,39,48,503.00,"24,144.00"
2019-02-18,2019021801005025,NLG,21,53,17,775.00,"13,175.00"
2019-02-18,2019021801005024,NLG,59,53,10,776.00,"7,760.00"
2019-02-18,2019021801005023,NLG,11,53,10,779.00,"7,790.00"
2019-02-18,2019021801005022,NLG,26,53,24,780.00,"18,720.00"
2019-02-18,2019021801004724,NLG,25,42,40,782.00,"31,280.00"
2019-02-18,2019021801004682,NLG,59,11,16,780.00,"12,480.00"
2019-02-18,2019021801004681,NLG,47,11,13,780.00,"10,140.00"
2019-02-18,2019021801004680,NLG,5,11,33,780.00,"25,740.00"
2019-02-18,2019021801005034,NLIC,35,38,41,"1,009.00","41,369.00"
2019-02-18,2019021801005033,NLIC,35,44,15,"1,009.00","15,135.00"
2019-02-18,2019021801005032,NLIC,35,45,78,"1,008.00","78,624.00"
2019-02-18,2019021801005031,NLIC,35,22,66,"1,005.00","66,330.00"
2019-02-18,2019021801004763,NLIC,38,22,34,"1,005.00","34,170.00"
2019-02-18,2019021801004762,NLIC,38,10,40,"1,005.00","40,200.00"
2019-02-18,2019021801004761,NLIC,38,46,26,"1,004.00","26,104.00"
2019-02-18,2019021801005069,NLICL,28,42,270,612.00,"165,240.00"
2019-02-18,2019021801004984,NLICL,28,44,100,611.00,"61,100.00"
2019-02-18,2019021801004983,NLICL,7,42,100,612.00,"61,200.00"
2019-02-18,2019021801004967,NLICL,19,42,50,612.00,"30,600.00"
2019-02-18,2019021801004918,NLICL,42,42,500,612.00,"306,000.00"
2019-02-18,2019021801004917,NLICL,47,42,50,613.00,"30,650.00"
2019-02-18,2019021801004916,NLICL,41,42,50,613.00,"30,650.00"
2019-02-18,2019021801004915,NLICL,33,42,200,614.00,"122,800.00"
2019-02-18,2019021801004914,NLICL,25,42,30,615.00,"18,450.00"
2019-02-18,2019021801005056,NMB,1,25,50,306.00,"15,300.00"
2019-02-18,2019021801005051,NMB,13,54,"2,000",305.00,"610,000.00"
2019-02-18,2019021801005049,NMB,46,25,"1,000",306.00,"306,000.00"
2019-02-18,2019021801004880,NMB,39,17,45,304.00,"13,680.00"
2019-02-18,2019021801004864,NMB,41,25,100,305.00,"30,500.00"
2019-02-18,2019021801004863,NMB,28,25,500,305.00,"152,500.00"
2019-02-18,2019021801004771,NMB,10,25,100,306.00,"30,600.00"
2019-02-18,2019021801004862,NMB,34,25,130,305.00,"39,650.00"
2019-02-18,2019021801004834,NMB,34,42,40,305.00,"12,200.00"
2019-02-18,2019021801004803,NMB,34,42,30,305.00,"9,150.00"
2019-02-18,2019021801004802,NMB,52,42,50,305.00,"15,250.00"
2019-02-18,2019021801004801,NMB,17,42,10,305.00,"3,050.00"
2019-02-18,2019021801004800,NMB,45,42,10,305.00,"3,050.00"
2019-02-18,2019021801004659,NMBMF,58,57,35,"1,045.00","36,575.00"
2019-02-18,2019021801004945,NMFBS,41,52,10,"1,655.00","16,550.00"
2019-02-18,2019021801005089,NNLB,37,35,20,462.00,"9,240.00"
2019-02-18,2019021801004811,NTC,34,38,30,676.00,"20,280.00"
2019-02-18,2019021801004810,NTC,35,38,20,677.00,"13,540.00"
2019-02-18,2019021801004809,NTC,6,38,940,677.00,"636,380.00"
2019-02-18,2019021801004691,NTC,26,50,30,680.00,"20,400.00"
2019-02-18,2019021801004690,NTC,4,50,12,680.00,"8,160.00"
2019-02-18,2019021801004689,NTC,14,50,50,681.00,"34,050.00"
2019-02-18,2019021801004688,NTC,34,50,20,682.00,"13,640.00"
2019-02-18,2019021801004687,NTC,26,50,30,682.00,"20,460.00"
2019-02-18,2019021801004686,NTC,4,50,38,682.00,"25,916.00"
2019-02-18,2019021801004784,NTC,6,38,560,677.00,"379,120.00"
2019-02-18,2019021801004783,NTC,22,38,10,677.00,"6,770.00"
2019-02-18,2019021801004782,NTC,19,38,500,677.00,"338,500.00"
2019-02-18,2019021801004781,NTC,53,38,110,679.00,"74,690.00"
2019-02-18,2019021801004780,NTC,7,38,100,680.00,"68,000.00"
2019-02-18,2019021801004692,NTC,53,50,890,679.00,"604,310.00"
2019-02-18,2019021801005104,NUBL,16,49,44,713.00,"31,372.00"
2019-02-18,2019021801005103,NUBL,42,49,21,713.00,"14,973.00"
2019-02-18,2019021801004799,NUBL,22,45,50,712.00,"35,600.00"
2019-02-18,2019021801004704,NUBL,58,45,10,712.00,"7,120.00"
2019-02-18,2019021801004994,PCBL,34,56,66,306.00,"20,196.00"
2019-02-18,2019021801004993,PCBL,44,56,12,307.00,"3,684.00"
2019-02-18,2019021801004960,PCBL,16,1,100,308.00,"30,800.00"
2019-02-18,2019021801004912,PCBL,44,33,488,307.00,"149,816.00"
2019-02-18,2019021801004911,PCBL,49,33,12,307.00,"3,684.00"
2019-02-18,2019021801004737,PCBL,45,45,1,306.00,306.00
2019-02-18,2019021801004674,PCBL,13,1,29,308.00,"8,932.00"
2019-02-18,2019021801004673,PCBL,13,19,71,308.00,"21,868.00"
2019-02-18,2019021801004672,PCBL,13,1,200,308.00,"61,600.00"
2019-02-18,2019021801004844,PIC,38,38,11,997.00,"10,967.00"
2019-02-18,2019021801004988,PICL,58,21,10,676.00,"6,760.00"
2019-02-18,2019021801004848,PICL,58,35,280,663.00,"185,640.00"
2019-02-18,2019021801004707,PICL,36,35,20,663.00,"13,260.00"
2019-02-18,2019021801005120,PLIC,35,44,"1,000",423.00,"423,000.00"
2019-02-18,2019021801005082,PLIC,45,44,196,420.00,"82,320.00"
2019-02-18,2019021801005081,PLIC,25,44,200,420.00,"84,000.00"
2019-02-18,2019021801005080,PLIC,22,44,100,420.00,"42,000.00"
2019-02-18,2019021801005079,PLIC,38,44,50,420.00,"21,000.00"
2019-02-18,2019021801005078,PLIC,35,44,354,420.00,"148,680.00"
2019-02-18,2019021801005077,PLIC,35,44,100,421.00,"42,100.00"
2019-02-18,2019021801004693,PLIC,41,44,"1,000",423.00,"423,000.00"
2019-02-18,2019021801004666,PLIC,41,53,300,423.00,"126,900.00"
2019-02-18,2019021801004656,PLIC,42,53,100,423.00,"42,300.00"
2019-02-18,2019021801004968,PRIN,34,34,"3,627",406.00,"1,472,562.00"
2019-02-18,2019021801004965,PRIN,17,25,150,405.00,"60,750.00"
2019-02-18,2019021801004701,PRIN,35,22,73,407.00,"29,711.00"
2019-02-18,2019021801004700,PRIN,35,33,127,407.00,"51,689.00"
2019-02-18,2019021801005106,PRVU,14,45,300,206.00,"61,800.00"
2019-02-18,2019021801005084,PRVU,45,45,100,206.00,"20,600.00"
2019-02-18,2019021801005021,PRVU,46,46,723,206.00,"148,938.00"
2019-02-18,2019021801004961,PRVU,47,46,300,206.00,"61,800.00"
2019-02-18,2019021801004952,PRVU,55,46,500,206.00,"103,000.00"
2019-02-18,2019021801004926,PRVU,57,47,18,205.00,"3,690.00"
2019-02-18,2019021801004817,PRVU,29,46,"1,000",206.00,"206,000.00"
2019-02-18,2019021801004816,PRVU,22,46,295,206.00,"60,770.00"
2019-02-18,2019021801004815,PRVU,49,46,100,206.00,"20,600.00"
2019-02-18,2019021801004814,PRVU,33,46,500,206.00,"103,000.00"
2019-02-18,2019021801004813,PRVU,49,46,752,206.00,"154,912.00"
2019-02-18,2019021801004925,PRVU,20,47,10,205.00,"2,050.00"
2019-02-18,2019021801004924,PRVU,51,47,27,205.00,"5,535.00"
2019-02-18,2019021801004866,PRVU,10,57,47,207.00,"9,729.00"
2019-02-18,2019021801004865,PRVU,10,46,53,206.00,"10,918.00"
2019-02-18,2019021801004819,PRVU,41,46,300,206.00,"61,800.00"
2019-02-18,2019021801004818,PRVU,28,46,"2,000",206.00,"412,000.00"
2019-02-18,2019021801004962,RBCL,59,48,41,"9,049.00","371,009.00"
2019-02-18,2019021801005143,RRHP,45,45,10,94.00,940.00
2019-02-18,2019021801005035,RRHP,38,6,40,95.00,"3,800.00"
2019-02-18,2019021801004697,SADBL,42,36,30,136.00,"4,080.00"
2019-02-18,2019021801004696,SADBL,4,36,70,136.00,"9,520.00"
2019-02-18,2019021801005123,SANIMA,19,45,30,291.00,"8,730.00"
2019-02-18,2019021801005122,SANIMA,19,40,781,291.00,"227,271.00"
2019-02-18,2019021801005101,SANIMA,44,10,43,290.00,"12,470.00"
2019-02-18,2019021801004676,SANIMA,13,45,311,290.00,"90,190.00"
2019-02-18,2019021801004749,SBI,39,45,128,371.00,"47,488.00"
2019-02-18,2019021801004748,SBI,59,45,61,371.00,"22,631.00"
2019-02-18,2019021801004747,SBI,39,45,11,371.00,"4,081.00"
2019-02-18,2019021801005147,SBL,53,45,700,276.00,"193,200.00"
2019-02-18,2019021801005146,SBL,53,13,500,276.00,"138,000.00"
2019-02-18,2019021801005145,SBL,53,44,50,276.00,"13,800.00"
2019-02-18,2019021801005144,SBL,53,32,10,276.00,"2,760.00"
2019-02-18,2019021801005110,SCB,1,6,50,528.00,"26,400.00"
2019-02-18,2019021801004921,SCB,57,33,100,527.00,"52,700.00"
2019-02-18,2019021801004746,SCB,57,38,234,527.00,"123,318.00"
2019-02-18,2019021801004745,SCB,51,38,50,528.00,"26,400.00"
2019-02-18,2019021801004744,SCB,7,38,180,528.00,"95,040.00"
2019-02-18,2019021801004743,SCB,39,38,30,529.00,"15,870.00"
2019-02-18,2019021801004825,SDESI,38,38,11,592.00,"6,512.00"
2019-02-18,2019021801004807,SDESI,38,28,14,591.00,"8,274.00"
2019-02-18,2019021801004668,SDESI,38,45,24,591.00,"14,184.00"
2019-02-18,2019021801004667,SDESI,35,45,77,591.00,"45,507.00"
2019-02-18,2019021801005087,SHPC,45,50,100,216.00,"21,600.00"
2019-02-18,2019021801005062,SHPC,33,16,220,215.00,"47,300.00"
2019-02-18,2019021801005053,SHPC,33,16,20,215.00,"4,300.00"
2019-02-18,2019021801005052,SHPC,53,16,200,215.00,"43,000.00"
2019-02-18,2019021801005020,SHPC,45,50,500,216.00,"108,000.00"
2019-02-18,2019021801004908,SHPC,51,50,50,216.00,"10,800.00"
2019-02-18,2019021801005114,SIC,42,25,10,"1,269.00","12,690.00"
2019-02-18,2019021801004970,SIC,1,35,100,"1,260.00","126,000.00"
2019-02-18,2019021801004969,SIC,1,17,12,"1,260.00","15,120.00"
2019-02-18,2019021801005064,SICL,56,34,100,860.00,"86,000.00"
2019-02-18,2019021801004775,SICL,1,25,50,856.00,"42,800.00"
2019-02-18,2019021801005044,SIL,34,34,"1,000",595.00,"595,000.00"
2019-02-18,2019021801004651,SKBBL,47,42,100,830.00,"83,000.00"
2019-02-18,2019021801004677,SLBBL,22,54,50,494.00,"24,700.00"
2019-02-18,2019021801004893,SLBBL,41,54,100,494.00,"49,400.00"
2019-02-18,2019021801004934,SLBBL,21,58,10,495.00,"4,950.00"
2019-02-18,2019021801004941,SLBBL,44,7,141,493.00,"69,513.00"
2019-02-18,2019021801004997,SLBSL,52,45,10,780.00,"7,800.00"
2019-02-18,2019021801004996,SLBSL,52,37,10,779.00,"7,790.00"
2019-02-18,2019021801004987,SLBSL,33,38,10,778.00,"7,780.00"
2019-02-18,2019021801004663,SLBSL,45,45,10,776.00,"7,760.00"
2019-02-18,2019021801004765,SLICL,56,21,10,506.00,"5,060.00"
2019-02-18,2019021801005076,SMATA,32,28,18,"1,315.00","23,670.00"
2019-02-18,2019021801005075,SMATA,32,52,18,"1,300.00","23,400.00"
2019-02-18,2019021801004653,SMATA,22,21,18,"1,301.00","23,418.00"
2019-02-18,2019021801004907,SMB,37,48,10,640.00,"6,400.00"
2019-02-18,2019021801004717,SPDL,45,38,16,87.00,"1,392.00"
2019-02-18,2019021801004716,SPDL,45,38,200,87.00,"17,400.00"
2019-02-18,2019021801004715,SPDL,45,38,202,87.00,"17,574.00"
2019-02-18,2019021801004920,SRBL,22,48,11,205.00,"2,255.00"
2019-02-18,2019021801004824,SRBL,26,8,200,206.00,"41,200.00"
2019-02-18,2019021801004823,SRBL,17,8,100,207.00,"20,700.00"
2019-02-18,2019021801004822,SRBL,49,8,207,207.00,"42,849.00"
2019-02-18,2019021801004764,SRBL,49,34,250,207.00,"51,750.00"
2019-02-18,2019021801005094,SWBBL,22,22,10,800.00,"8,000.00"
2019-02-18,2019021801004860,SWBBL,22,22,10,790.00,"7,900.00"
2019-02-18,2019021801005116,UIC,39,52,50,751.00,"37,550.00"
2019-02-18,2019021801005115,UIC,45,52,100,751.00,"75,100.00"
2019-02-18,2019021801004955,UIC,6,28,140,752.00,"105,280.00"
2019-02-18,2019021801004932,UIC,6,58,170,752.00,"127,840.00"
2019-02-18,2019021801005090,UPPER,46,28,40,221.00,"8,840.00"
2019-02-18,2019021801005067,UPPER,46,56,40,221.00,"8,840.00"
2019-02-18,2019021801005054,UPPER,46,37,72,221.00,"15,912.00"
2019-02-18,2019021801004990,UPPER,46,28,40,221.00,"8,840.00"
2019-02-18,2019021801004972,UPPER,57,40,20,222.00,"4,440.00"
2019-02-18,2019021801004971,UPPER,57,47,40,222.00,"8,880.00"
2019-02-18,2019021801004655,UPPER,11,49,30,220.00,"6,600.00"
2019-02-18,2019021801004654,UPPER,43,49,10,220.00,"2,200.00"
2019-02-18,2019021801004652,UPPER,43,41,10,220.00,"2,200.00"
2019-02-18,2019021801004710,UPPER,59,51,50,220.00,"11,000.00"
2019-02-18,2019021801004703,UPPER,59,1,50,220.00,"11,000.00"
2019-02-18,2019021801004683,UPPER,59,46,40,220.00,"8,800.00"
2019-02-18,2019021801004658,UPPER,59,37,54,220.00,"11,880.00"
2019-02-18,2019021801004657,UPPER,11,37,20,220.00,"4,400.00"
2019-02-18,2019021801004723,UPPER,59,52,50,220.00,"11,000.00"
2019-02-18,2019021801004792,UPPER,49,47,40,220.00,"8,800.00"
2019-02-18,2019021801004791,UPPER,49,44,20,220.00,"4,400.00"
2019-02-18,2019021801004790,UPPER,49,42,50,220.00,"11,000.00"
2019-02-18,2019021801004774,UPPER,49,44,59,220.00,"12,980.00"
2019-02-18,2019021801004773,UPPER,59,44,16,220.00,"3,520.00"
2019-02-18,2019021801004752,UPPER,59,46,40,220.00,"8,800.00"
2019-02-18,2019021801004835,UPPER,42,32,50,221.00,"11,050.00"
2019-02-18,2019021801004820,UPPER,49,42,40,220.00,"8,800.00"
2019-02-18,2019021801004806,UPPER,49,38,50,220.00,"11,000.00"
2019-02-18,2019021801004798,UPPER,42,32,50,221.00,"11,050.00"
2019-02-18,2019021801004795,UPPER,49,52,40,220.00,"8,800.00"
2019-02-18,2019021801004793,UPPER,49,51,40,220.00,"8,800.00"
2019-02-18,2019021801004859,UPPER,49,57,50,220.00,"11,000.00"
2019-02-18,2019021801004855,UPPER,49,52,40,220.00,"8,800.00"
2019-02-18,2019021801004849,UPPER,49,32,100,220.00,"22,000.00"
2019-02-18,2019021801004845,UPPER,49,51,80,220.00,"17,600.00"
2019-02-18,2019021801004843,UPPER,49,36,10,220.00,"2,200.00"
2019-02-18,2019021801004836,UPPER,49,38,50,220.00,"11,000.00"
2019-02-18,2019021801004884,UPPER,49,38,40,220.00,"8,800.00"
2019-02-18,2019021801004882,UPPER,49,52,175,220.00,"38,500.00"
2019-02-18,2019021801004871,UPPER,49,17,50,220.00,"11,000.00"
2019-02-18,2019021801004898,UPPER,6,42,14,220.00,"3,080.00"
2019-02-18,2019021801004897,UPPER,49,42,26,220.00,"5,720.00"
2019-02-18,2019021801004887,UPPER,49,38,40,220.00,"8,800.00"
2019-02-18,2019021801004937,UPPER,6,52,40,220.00,"8,800.00"
2019-02-18,2019021801004933,UPPER,19,45,250,221.00,"55,250.00"
2019-02-18,2019021801004928,UPPER,14,59,50,221.00,"11,050.00"
2019-02-18,2019021801004927,UPPER,14,59,50,221.00,"11,050.00"
2019-02-18,2019021801004903,UPPER,6,38,50,220.00,"11,000.00"
2019-02-18,2019021801004958,UPPER,46,38,50,221.00,"11,050.00"
2019-02-18,2019021801004943,UPPER,49,47,"1,500",221.00,"331,500.00"
2019-02-18,2019021801004942,UPPER,49,58,921,221.00,"203,541.00"
2019-02-18,2019021801004940,UPPER,14,58,79,221.00,"17,459.00"
2019-02-18,2019021801004939,UPPER,14,45,21,221.00,"4,641.00"
2019-02-18,2019021801005139,WOMI,33,48,10,"1,117.00","11,170.00"
2019-02-18,2019021801004736,WOMI,10,42,80,"1,100.00","88,000.00"
2019-02-18,2019021801004735,WOMI,10,48,16,"1,099.00","17,584.00"
2019-02-18,2019021801004630,ADBL,45,45,90,326.00,"29,340.00"
2019-02-18,2019021801004411,ADBL,26,26,131,327.00,"42,837.00"
2019-02-18,2019021801004621,AKJCL,42,39,10,82.00,820.00
2019-02-18,2019021801004620,AKJCL,42,39,10,82.00,820.00
2019-02-18,2019021801004619,AKJCL,42,32,10,82.00,820.00
2019-02-18,2019021801004618,AKJCL,42,39,20,82.00,"1,640.00"
2019-02-18,2019021801004617,AKJCL,42,39,20,82.00,"1,640.00"
2019-02-18,2019021801004616,AKJCL,42,39,10,82.00,820.00
2019-02-18,2019021801004322,AKJCL,29,29,10,81.00,810.00
2019-02-18,2019021801004300,AKJCL,42,42,15,82.00,"1,230.00"
2019-02-18,2019021801004299,AKJCL,42,51,10,82.00,820.00
2019-02-18,2019021801004298,AKJCL,42,42,20,82.00,"1,640.00"
2019-02-18,2019021801004297,AKJCL,42,57,10,82.00,820.00
2019-02-18,2019021801004615,AKJCL,42,39,10,82.00,820.00
2019-02-18,2019021801004614,AKJCL,42,42,20,82.00,"1,640.00"
2019-02-18,2019021801004613,AKJCL,42,42,10,82.00,820.00
2019-02-18,2019021801004473,AKJCL,29,43,10,81.00,810.00
2019-02-18,2019021801004400,AKJCL,29,59,10,81.00,810.00
2019-02-18,2019021801004336,AKJCL,29,42,10,82.00,820.00
2019-02-18,2019021801004576,AKPL,43,57,13,152.00,"1,976.00"
2019-02-18,2019021801004170,AKPL,35,32,50,154.00,"7,700.00"
2019-02-18,2019021801004168,AKPL,41,38,13,151.00,"1,963.00"
2019-02-18,2019021801004410,ALICL,14,17,198,560.00,"110,880.00"
2019-02-18,2019021801004381,ALICL,14,29,102,560.00,"57,120.00"
2019-02-18,2019021801004246,ALICL,57,41,40,559.00,"22,360.00"
2019-02-18,2019021801004551,API,40,40,18,125.00,"2,250.00"
2019-02-18,2019021801004476,API,35,35,29,125.00,"3,625.00"
2019-02-18,2019021801004307,API,16,25,"4,652",125.00,"581,500.00"
2019-02-18,2019021801004184,API,16,33,"1,050",125.00,"131,250.00"
2019-02-18,2019021801004466,BBC,5,5,100,"1,630.00","163,000.00"
2019-02-18,2019021801004593,BNT,14,39,10,"6,422.00","64,220.00"
2019-02-18,2019021801004597,BOKL,48,6,688,240.00,"165,120.00"
2019-02-18,2019021801004596,BOKL,39,6,200,240.00,"48,000.00"
2019-02-18,2019021801004595,BOKL,26,6,22,241.00,"5,302.00"
2019-02-18,2019021801004474,BOKL,26,26,107,241.00,"25,787.00"
2019-02-18,2019021801004458,BOKL,14,26,22,241.00,"5,302.00"
2019-02-18,2019021801004383,BOKL,14,1,179,241.00,"43,139.00"
2019-02-18,2019021801004382,BOKL,14,1,22,241.00,"5,302.00"
2019-02-18,2019021801004292,BOKL,14,45,30,241.00,"7,230.00"
2019-02-18,2019021801004291,BOKL,14,1,200,241.00,"48,200.00"
2019-02-18,2019021801004569,BPCL,40,10,500,340.00,"170,000.00"
2019-02-18,2019021801004534,BPCL,40,10,410,340.00,"139,400.00"
2019-02-18,2019021801004533,BPCL,19,10,90,340.00,"30,600.00"
2019-02-18,2019021801004495,BPCL,34,32,150,341.00,"51,150.00"
2019-02-18,2019021801004358,BPCL,29,29,30,341.00,"10,230.00"
2019-02-18,2019021801004555,CBBL,17,58,101,864.00,"87,264.00"
2019-02-18,2019021801004554,CBBL,17,48,99,863.00,"85,437.00"
2019-02-18,2019021801004497,CBBL,58,48,10,863.00,"8,630.00"
2019-02-18,2019021801004397,CBBL,51,48,50,863.00,"43,150.00"
2019-02-18,2019021801004251,CBBL,47,58,25,862.00,"21,550.00"
2019-02-18,2019021801004217,CBBL,47,58,135,862.00,"116,370.00"
2019-02-18,2019021801004201,CBBL,47,58,140,862.00,"120,680.00"
2019-02-18,2019021801004232,CBBL,47,58,100,862.00,"86,200.00"
2019-02-18,2019021801004226,CBBL,47,58,100,862.00,"86,200.00"
2019-02-18,2019021801004467,CBL,34,14,60,146.00,"8,760.00"
2019-02-18,2019021801004455,CBL,34,14,60,146.00,"8,760.00"
2019-02-18,2019021801004440,CBL,34,14,60,146.00,"8,760.00"
2019-02-18,2019021801004424,CBL,34,14,60,146.00,"8,760.00"
2019-02-18,2019021801004405,CBL,34,14,60,146.00,"8,760.00"
2019-02-18,2019021801004353,CBL,34,14,60,146.00,"8,760.00"
2019-02-18,2019021801004321,CBL,34,14,60,146.00,"8,760.00"
2019-02-18,2019021801004311,CBL,34,14,60,146.00,"8,760.00"
2019-02-18,2019021801004149,CBL,34,18,100,147.00,"14,700.00"
2019-02-18,2019021801004148,CBL,25,18,100,147.00,"14,700.00"
2019-02-18,2019021801004204,CCBL,22,46,66,157.00,"10,362.00"
2019-02-18,2019021801004330,CHCL,33,54,"1,000",504.00,"504,000.00"
2019-02-18,2019021801004250,CHCL,33,54,"2,000",505.00,"1,010,000.00"
2019-02-18,2019021801004249,CHCL,33,19,20,505.00,"10,100.00"
2019-02-18,2019021801004216,CHCL,49,42,180,502.00,"90,360.00"
2019-02-18,2019021801004215,CHCL,46,42,100,503.00,"50,300.00"
2019-02-18,2019021801004214,CHCL,41,42,20,503.00,"10,060.00"
2019-02-18,2019021801004385,CHL,58,59,98,102.00,"9,996.00"
2019-02-18,2019021801004525,CIT,11,59,20,"2,491.00","49,820.00"
2019-02-18,2019021801004279,CIT,50,34,50,"2,495.00","124,750.00"
2019-02-18,2019021801004492,CLBSL,35,35,15,649.00,"9,735.00"
2019-02-18,2019021801004500,CZBIL,41,26,220,202.00,"44,440.00"
2019-02-18,2019021801004236,CZBIL,43,7,448,200.00,"89,600.00"
2019-02-18,2019021801004235,CZBIL,29,7,300,200.00,"60,000.00"
2019-02-18,2019021801004234,CZBIL,26,7,29,200.00,"5,800.00"
2019-02-18,2019021801004341,DBBL,1,37,261,122.00,"31,842.00"
2019-02-18,2019021801004218,DBBL,46,37,276,122.00,"33,672.00"
2019-02-18,2019021801004213,DBBL,46,58,204,122.00,"24,888.00"
2019-02-18,2019021801004647,EBL,13,17,16,504.00,"8,064.00"
2019-02-18,2019021801004646,EBL,58,17,10,506.00,"5,060.00"
2019-02-18,2019021801004371,EBL,45,54,200,505.00,"101,000.00"
2019-02-18,2019021801004152,EBL,19,47,481,505.00,"242,905.00"
2019-02-18,2019021801004151,EBL,19,50,96,505.00,"48,480.00"
2019-02-18,2019021801004227,EBL,19,49,95,505.00,"47,975.00"
2019-02-18,2019021801004327,EBL,13,56,84,504.00,"42,336.00"
2019-02-18,2019021801004326,EBL,11,56,16,504.00,"8,064.00"
2019-02-18,2019021801004233,EBL,11,45,84,504.00,"42,336.00"
2019-02-18,2019021801004254,FOWAD,47,19,10,"1,525.00","15,250.00"
2019-02-18,2019021801004541,GBBL,36,47,183,182.00,"33,306.00"
2019-02-18,2019021801004540,GBBL,36,10,86,182.00,"15,652.00"
2019-02-18,2019021801004539,GBBL,36,58,79,182.00,"14,378.00"
2019-02-18,2019021801004627,GBIME,54,14,40,258.00,"10,320.00"
2019-02-18,2019021801004626,GBIME,54,14,62,258.00,"15,996.00"
2019-02-18,2019021801004622,GBIME,54,14,50,258.00,"12,900.00"
2019-02-18,2019021801004562,GBIME,41,45,30,259.00,"7,770.00"
2019-02-18,2019021801004529,GBIME,54,14,50,258.00,"12,900.00"
2019-02-18,2019021801004220,GBIME,54,46,38,258.00,"9,804.00"
2019-02-18,2019021801004488,GBLBS,39,35,11,428.00,"4,708.00"
2019-02-18,2019021801004484,GBLBS,39,35,10,428.00,"4,280.00"
2019-02-18,2019021801004512,GDBL,59,14,300,181.00,"54,300.00"
2019-02-18,2019021801004480,GDBL,59,14,"3,000",181.00,"543,000.00"
2019-02-18,2019021801004399,GDBL,37,46,55,180.00,"9,900.00"
2019-02-18,2019021801004163,GDBL,45,45,1,180.00,180.00
2019-02-18,2019021801004550,GLICL,45,49,87,645.00,"56,115.00"
2019-02-18,2019021801004549,GLICL,50,49,100,645.00,"64,500.00"
2019-02-18,2019021801004548,GLICL,33,49,100,645.00,"64,500.00"
2019-02-18,2019021801004547,GLICL,46,49,48,646.00,"31,008.00"
2019-02-18,2019021801004546,GLICL,22,49,165,646.00,"106,590.00"
2019-02-18,2019021801004198,GLICL,22,22,100,646.00,"64,600.00"
2019-02-18,2019021801004520,GRDBL,35,35,50,103.00,"5,150.00"
2019-02-18,2019021801004579,HBL,26,26,425,428.00,"181,900.00"
2019-02-18,2019021801004578,HBL,4,26,18,428.00,"7,704.00"
2019-02-18,2019021801004290,HBL,32,1,450,429.00,"193,050.00"
2019-02-18,2019021801004289,HBL,54,1,100,430.00,"43,000.00"
2019-02-18,2019021801004288,HBL,36,1,100,431.00,"43,100.00"
2019-02-18,2019021801004287,HBL,13,1,100,431.00,"43,100.00"
2019-02-18,2019021801004159,HGI,22,5,773,370.00,"286,010.00"
2019-02-18,2019021801004158,HGI,53,5,50,370.00,"18,500.00"
2019-02-18,2019021801004157,HGI,10,5,100,371.00,"37,100.00"
2019-02-18,2019021801004156,HGI,1,5,100,371.00,"37,100.00"
2019-02-18,2019021801004155,HGI,47,5,100,371.00,"37,100.00"
2019-02-18,2019021801004154,HGI,49,5,400,372.00,"148,800.00"
2019-02-18,2019021801004572,HIDCL,5,32,23,130.00,"2,990.00"
2019-02-18,2019021801004211,HIDCL,5,5,205,130.00,"26,650.00"
2019-02-18,2019021801004210,HIDCL,26,5,500,130.00,"65,000.00"
2019-02-18,2019021801004209,HIDCL,53,5,500,130.00,"65,000.00"
2019-02-18,2019021801004208,HIDCL,11,5,88,130.00,"11,440.00"
2019-02-18,2019021801004207,HIDCL,57,5,460,130.00,"59,800.00"
2019-02-18,2019021801004206,HIDCL,13,5,200,131.00,"26,200.00"
2019-02-18,2019021801004205,HIDCL,38,5,267,131.00,"34,977.00"
2019-02-18,2019021801004607,JBBL,57,8,31,133.00,"4,123.00"
2019-02-18,2019021801004606,JBBL,21,8,250,133.00,"33,250.00"
2019-02-18,2019021801004605,JBBL,46,8,100,134.00,"13,400.00"
2019-02-18,2019021801004604,JBBL,58,8,26,134.00,"3,484.00"
2019-02-18,2019021801004603,JBBL,40,8,500,134.00,"67,000.00"
2019-02-18,2019021801004602,JBBL,45,8,93,134.00,"12,462.00"
2019-02-18,2019021801004171,JBBL,45,45,1,135.00,135.00
2019-02-18,2019021801004564,JBBL,45,11,200,134.00,"26,800.00"
2019-02-18,2019021801004518,JBBL,45,49,207,134.00,"27,738.00"
2019-02-18,2019021801004517,JBBL,26,49,100,134.00,"13,400.00"
2019-02-18,2019021801004516,JBBL,17,49,193,134.00,"25,862.00"
2019-02-18,2019021801004406,JBBL,17,46,45,134.00,"6,030.00"
2019-02-18,2019021801004347,JBBL,17,55,30,134.00,"4,020.00"
2019-02-18,2019021801004423,JBNL,50,14,24,163.00,"3,912.00"
2019-02-18,2019021801004302,JBNL,5,14,20,163.00,"3,260.00"
2019-02-18,2019021801004301,JBNL,57,14,28,163.00,"4,564.00"
2019-02-18,2019021801004275,JBNL,57,14,72,163.00,"11,736.00"
2019-02-18,2019021801004441,JFL,17,45,30,163.00,"4,890.00"
2019-02-18,2019021801004357,JSLBB,48,48,22,"2,376.00","52,272.00"
2019-02-18,2019021801004278,JSLBB,38,50,39,"2,390.00","93,210.00"
2019-02-18,2019021801004262,JSLBB,33,50,11,"2,390.00","26,290.00"
2019-02-18,2019021801004252,JSLBB,33,50,14,"2,390.00","33,460.00"
2019-02-18,2019021801004634,KBL,26,26,171,226.00,"38,646.00"
2019-02-18,2019021801004575,KBL,52,14,132,225.00,"29,700.00"
2019-02-18,2019021801004574,KBL,52,14,108,225.00,"24,300.00"
2019-02-18,2019021801004573,KBL,48,14,34,226.00,"7,684.00"
2019-02-18,2019021801004561,KBL,48,14,66,226.00,"14,916.00"
2019-02-18,2019021801004560,KBL,6,14,30,226.00,"6,780.00"
2019-02-18,2019021801004559,KBL,45,14,20,226.00,"4,520.00"
2019-02-18,2019021801004558,KBL,45,14,30,226.00,"6,780.00"
2019-02-18,2019021801004557,KBL,52,14,100,226.00,"22,600.00"
2019-02-18,2019021801004556,KBL,14,14,64,226.00,"14,464.00"
2019-02-18,2019021801004189,KBL,35,14,36,227.00,"8,172.00"
2019-02-18,2019021801004188,KBL,35,13,14,227.00,"3,178.00"
2019-02-18,2019021801004566,KMCDB,33,7,44,783.00,"34,452.00"
2019-02-18,2019021801004523,KMCDB,21,7,20,783.00,"15,660.00"
2019-02-18,2019021801004384,KPCL,29,42,10,91.00,910.00
2019-02-18,2019021801004372,KPCL,22,29,10,90.00,900.00
2019-02-18,2019021801004418,KRBL,59,46,43,93.00,"3,999.00"
2019-02-18,2019021801004270,KSBBL,45,45,1,134.00,134.00
2019-02-18,2019021801004601,LBBL,13,1,800,171.00,"136,800.00"
2019-02-18,2019021801004483,LBBL,46,29,"1,000",171.00,"171,000.00"
2019-02-18,2019021801004482,LBBL,35,29,350,171.00,"59,850.00"
2019-02-18,2019021801004265,LBBL,35,57,60,172.00,"10,320.00"
2019-02-18,2019021801004629,LBL,19,6,200,186.00,"37,200.00"
2019-02-18,2019021801004628,LBL,22,6,151,186.00,"28,086.00"
2019-02-18,2019021801004510,LBL,22,53,149,186.00,"27,714.00"
2019-02-18,2019021801004388,LBL,49,55,100,185.00,"18,500.00"
2019-02-18,2019021801004263,LBL,49,42,200,185.00,"37,000.00"
2019-02-18,2019021801004536,LGIL,55,34,60,504.00,"30,240.00"
2019-02-18,2019021801004305,LGIL,22,45,23,500.00,"11,500.00"
2019-02-18,2019021801004437,MDB,57,38,100,270.00,"27,000.00"
2019-02-18,2019021801004436,MDB,1,38,40,271.00,"10,840.00"
2019-02-18,2019021801004435,MDB,40,38,50,271.00,"13,550.00"
2019-02-18,2019021801004434,MDB,17,38,"1,000",272.00,"272,000.00"
2019-02-18,2019021801004433,MDB,32,38,100,272.00,"27,200.00"
2019-02-18,2019021801004432,MDB,19,38,100,272.00,"27,200.00"
2019-02-18,2019021801004431,MDB,14,38,60,272.00,"16,320.00"
2019-02-18,2019021801004430,MDB,33,38,33,273.00,"9,009.00"
2019-02-18,2019021801004633,MERO,41,43,48,600.00,"28,800.00"
2019-02-18,2019021801004632,MERO,41,54,10,600.00,"6,000.00"
2019-02-18,2019021801004318,MERO,26,22,42,595.00,"24,990.00"
2019-02-18,2019021801004317,MERO,26,22,18,595.00,"10,710.00"
2019-02-18,2019021801004316,MERO,49,22,14,596.00,"8,344.00"
2019-02-18,2019021801004314,MERO,45,54,10,600.00,"6,000.00"
2019-02-18,2019021801004391,MLBL,33,40,500,160.00,"80,000.00"
2019-02-18,2019021801004319,MLBL,33,42,500,160.00,"80,000.00"
2019-02-18,2019021801004277,MNBBL,52,42,130,331.00,"43,030.00"
2019-02-18,2019021801004276,MNBBL,41,42,20,331.00,"6,620.00"
2019-02-18,2019021801004175,MNBBL,29,59,171,332.00,"56,772.00"
2019-02-18,2019021801004415,MSMBS,29,29,10,541.00,"5,410.00"
2019-02-18,2019021801004588,NABIL,6,28,285,781.00,"222,585.00"
2019-02-18,2019021801004587,NABIL,22,28,190,781.00,"148,390.00"
2019-02-18,2019021801004586,NABIL,22,28,100,781.00,"78,100.00"
2019-02-18,2019021801004585,NABIL,6,28,145,782.00,"113,390.00"
2019-02-18,2019021801004584,NABIL,1,28,20,783.00,"15,660.00"
2019-02-18,2019021801004583,NABIL,56,28,50,783.00,"39,150.00"
2019-02-18,2019021801004409,NABIL,45,37,100,784.00,"78,400.00"
2019-02-18,2019021801004365,NABIL,48,37,400,784.00,"313,600.00"
2019-02-18,2019021801004230,NABIL,11,26,100,785.00,"78,500.00"
2019-02-18,2019021801004196,NABIL,6,42,55,782.00,"43,010.00"
2019-02-18,2019021801004195,NABIL,48,42,25,782.00,"19,550.00"
2019-02-18,2019021801004194,NABIL,52,42,20,782.00,"15,640.00"
2019-02-18,2019021801004582,NABIL,41,28,100,783.00,"78,300.00"
2019-02-18,2019021801004581,NABIL,26,28,10,783.00,"7,830.00"
2019-02-18,2019021801004580,NABIL,45,28,100,784.00,"78,400.00"
2019-02-18,2019021801004543,NABIL,36,26,50,785.00,"39,250.00"
2019-02-18,2019021801004506,NABIL,55,26,100,785.00,"78,500.00"
2019-02-18,2019021801004486,NABIL,58,26,10,785.00,"7,850.00"
2019-02-18,2019021801004598,NABILP,28,8,"1,000",743.00,"743,000.00"
2019-02-18,2019021801004329,NABILP,17,48,440,741.00,"326,040.00"
2019-02-18,2019021801004542,NADEP,19,34,10,740.00,"7,400.00"
2019-02-18,2019021801004499,NADEP,19,1,70,740.00,"51,800.00"
2019-02-18,2019021801004449,NADEP,29,29,10,742.00,"7,420.00"
2019-02-18,2019021801004356,NADEP,19,56,10,740.00,"7,400.00"
2019-02-18,2019021801004350,NADEP,45,45,10,744.00,"7,440.00"
2019-02-18,2019021801004599,NBB,13,53,100,182.00,"18,200.00"
2019-02-18,2019021801004528,NBB,56,47,136,181.00,"24,616.00"
2019-02-18,2019021801004363,NBB,37,53,69,182.00,"12,558.00"
2019-02-18,2019021801004362,NBB,37,44,181,182.00,"32,942.00"
2019-02-18,2019021801004496,NBBL,34,45,35,609.00,"21,315.00"
2019-02-18,2019021801004376,NBBL,35,45,50,609.00,"30,450.00"
2019-02-18,2019021801004370,NBBL,13,45,50,610.00,"30,500.00"
2019-02-18,2019021801004369,NBBL,17,45,20,610.00,"12,200.00"
2019-02-18,2019021801004368,NBBL,43,45,25,610.00,"15,250.00"
2019-02-18,2019021801004367,NBBL,17,45,20,610.00,"12,200.00"
2019-02-18,2019021801004478,NCCB,39,38,40,205.00,"8,200.00"
2019-02-18,2019021801004477,NCCB,19,38,500,205.00,"102,500.00"
2019-02-18,2019021801004346,NCCB,25,38,"1,000",205.00,"205,000.00"
2019-02-18,2019021801004345,NCCB,33,38,"1,000",205.00,"205,000.00"
2019-02-18,2019021801004229,NGPL,38,38,11,115.00,"1,265.00"
2019-02-18,2019021801004608,NIB,10,45,47,505.00,"23,735.00"
2019-02-18,2019021801004545,NIB,26,56,110,504.00,"55,440.00"
2019-02-18,2019021801004490,NIB,58,56,10,504.00,"5,040.00"
2019-02-18,2019021801004448,NIB,33,46,10,503.00,"5,030.00"
2019-02-18,2019021801004373,NIB,26,32,100,504.00,"50,400.00"
2019-02-18,2019021801004238,NIB,11,32,100,504.00,"50,400.00"
2019-02-18,2019021801004515,NICA,54,28,795,385.00,"306,075.00"
2019-02-18,2019021801004339,NICA,35,13,100,384.00,"38,400.00"
2019-02-18,2019021801004266,NICA,35,43,500,384.00,"192,000.00"
2019-02-18,2019021801004203,NICA,6,28,50,385.00,"19,250.00"
2019-02-18,2019021801004202,NICA,13,28,27,385.00,"10,395.00"
2019-02-18,2019021801004592,NICL,4,7,20,363.00,"7,260.00"
2019-02-18,2019021801004247,NICL,29,44,175,365.00,"63,875.00"
2019-02-18,2019021801004242,NICL,4,5,50,363.00,"18,150.00"
2019-02-18,2019021801004241,NICL,32,5,40,363.00,"14,520.00"
2019-02-18,2019021801004240,NICL,22,5,10,364.00,"3,640.00"
2019-02-18,2019021801004442,NIL,40,36,46,501.00,"23,046.00"
2019-02-18,2019021801004261,NIL,40,5,72,501.00,"36,072.00"
2019-02-18,2019021801004260,NIL,21,5,100,501.00,"50,100.00"
2019-02-18,2019021801004259,NIL,51,5,51,501.00,"25,551.00"
2019-02-18,2019021801004315,NLG,47,11,37,780.00,"28,860.00"
2019-02-18,2019021801004524,NLIC,20,49,200,"1,000.00","200,000.00"
2019-02-18,2019021801004505,NLIC,58,10,10,"1,005.00","10,050.00"
2019-02-18,2019021801004459,NLIC,20,46,15,"1,000.00","15,000.00"
2019-02-18,2019021801004457,NLIC,20,36,42,"1,000.00","42,000.00"
2019-02-18,2019021801004364,NLIC,20,1,17,"1,000.00","17,000.00"
2019-02-18,2019021801004257,NLIC,40,40,17,"1,001.00","17,017.00"
2019-02-18,2019021801004454,NMB,45,46,50,305.00,"15,250.00"
2019-02-18,2019021801004447,NMB,17,54,493,305.00,"150,365.00"
2019-02-18,2019021801004446,NMB,16,54,200,305.00,"61,000.00"
2019-02-18,2019021801004445,NMB,16,54,200,305.00,"61,000.00"
2019-02-18,2019021801004444,NMB,25,54,500,305.00,"152,500.00"
2019-02-18,2019021801004443,NMB,28,54,"1,892",305.00,"577,060.00"
2019-02-18,2019021801004402,NMB,28,45,11,305.00,"3,355.00"
2019-02-18,2019021801004398,NMB,1,25,20,306.00,"6,120.00"
2019-02-18,2019021801004390,NMB,28,45,23,305.00,"7,015.00"
2019-02-18,2019021801004190,NMB,28,14,25,305.00,"7,625.00"
2019-02-18,2019021801004181,NMB,28,14,24,305.00,"7,320.00"
2019-02-18,2019021801004169,NMB,28,14,25,305.00,"7,625.00"
2019-02-18,2019021801004612,NMFBS,41,41,20,"1,664.00","33,280.00"
2019-02-18,2019021801004611,NMFBS,41,22,50,"1,664.00","83,200.00"
2019-02-18,2019021801004610,NMFBS,41,48,10,"1,655.00","16,550.00"
2019-02-18,2019021801004609,NMFBS,41,45,10,"1,655.00","16,550.00"
2019-02-18,2019021801004332,NNLB,37,41,100,462.00,"46,200.00"
2019-02-18,2019021801004591,NSEWA,11,13,10,550.00,"5,500.00"
2019-02-18,2019021801004590,NSEWA,11,42,10,550.00,"5,500.00"
2019-02-18,2019021801004589,NSEWA,11,48,10,550.00,"5,500.00"
2019-02-18,2019021801004351,NSEWA,42,56,10,545.00,"5,450.00"
2019-02-18,2019021801004645,PCBL,49,28,988,307.00,"303,316.00"
2019-02-18,2019021801004644,PCBL,54,28,300,307.00,"92,100.00"
2019-02-18,2019021801004643,PCBL,14,28,500,307.00,"153,500.00"
2019-02-18,2019021801004642,PCBL,11,28,100,307.00,"30,700.00"
2019-02-18,2019021801004641,PCBL,17,28,41,307.00,"12,587.00"
2019-02-18,2019021801004640,PCBL,34,28,20,307.00,"6,140.00"
2019-02-18,2019021801004396,PCBL,45,1,200,308.00,"61,600.00"
2019-02-18,2019021801004248,PCBL,45,45,1,307.00,307.00
2019-02-18,2019021801004639,PCBL,43,28,100,307.00,"30,700.00"
2019-02-18,2019021801004638,PCBL,25,28,100,307.00,"30,700.00"
2019-02-18,2019021801004637,PCBL,19,28,66,307.00,"20,262.00"
2019-02-18,2019021801004452,PCBL,19,41,134,307.00,"41,138.00"
2019-02-18,2019021801004451,PCBL,43,41,200,307.00,"61,400.00"
2019-02-18,2019021801004450,PCBL,4,41,10,307.00,"3,070.00"
2019-02-18,2019021801004468,PFL,29,29,13,128.00,"1,664.00"
2019-02-18,2019021801004460,PFL,14,29,13,127.00,"1,651.00"
2019-02-18,2019021801004417,PFL,14,57,13,127.00,"1,651.00"
2019-02-18,2019021801004408,PFL,14,57,13,127.00,"1,651.00"
2019-02-18,2019021801004635,PIC,45,51,11,"1,000.00","11,000.00"
2019-02-18,2019021801004552,PIC,45,51,11,999.00,"10,989.00"
2019-02-18,2019021801004535,PIC,45,45,11,999.00,"10,989.00"
2019-02-18,2019021801004511,PIC,57,48,11,995.00,"10,945.00"
2019-02-18,2019021801004414,PIC,38,36,11,994.00,"10,934.00"
2019-02-18,2019021801004401,PIC,38,57,11,994.00,"10,934.00"
2019-02-18,2019021801004294,PIC,38,10,11,994.00,"10,934.00"
2019-02-18,2019021801004244,PIC,43,10,11,995.00,"10,945.00"
2019-02-18,2019021801004231,PIC,33,11,11,995.00,"10,945.00"
2019-02-18,2019021801004225,PIC,33,11,11,995.00,"10,945.00"
2019-02-18,2019021801004150,PIC,58,34,100,996.00,"99,600.00"
2019-02-18,2019021801004343,PICL,5,5,100,654.00,"65,400.00"
2019-02-18,2019021801004624,PLIC,48,53,100,423.00,"42,300.00"
2019-02-18,2019021801004360,PLIC,35,5,100,420.00,"42,000.00"
2019-02-18,2019021801004600,PMHPL,45,42,10,107.00,"1,070.00"
2019-02-18,2019021801004594,PMHPL,45,42,10,107.00,"1,070.00"
2019-02-18,2019021801004359,PMHPL,56,56,10,105.00,"1,050.00"
2019-02-18,2019021801004324,PMHPL,56,56,10,105.00,"1,050.00"
2019-02-18,2019021801004306,PMHPL,56,10,10,105.00,"1,050.00"
2019-02-18,2019021801004293,PMHPL,56,57,10,105.00,"1,050.00"
2019-02-18,2019021801004285,PMHPL,56,56,10,105.00,"1,050.00"
2019-02-18,2019021801004255,PMHPL,56,10,10,105.00,"1,050.00"
2019-02-18,2019021801004623,PRIN,48,22,100,406.00,"40,600.00"
2019-02-18,2019021801004504,PRIN,47,22,10,406.00,"4,060.00"
2019-02-18,2019021801004428,PRIN,53,34,80,403.00,"32,240.00"
2019-02-18,2019021801004427,PRIN,53,36,19,403.00,"7,657.00"
2019-02-18,2019021801004493,PRVU,48,48,1,206.00,206.00
2019-02-18,2019021801004166,PRVU,49,25,248,206.00,"51,088.00"
2019-02-18,2019021801004165,PRVU,46,25,"1,000",206.00,"206,000.00"
2019-02-18,2019021801004164,PRVU,28,25,241,206.00,"49,646.00"
2019-02-18,2019021801004366,RADHI,50,56,11,153.00,"1,683.00"
2019-02-18,2019021801004310,RADHI,50,10,11,153.00,"1,683.00"
2019-02-18,2019021801004258,RADHI,50,10,11,153.00,"1,683.00"
2019-02-18,2019021801004187,RADHI,50,10,11,153.00,"1,683.00"
2019-02-18,2019021801004325,RRHP,38,10,10,93.00,930.00
2019-02-18,2019021801004312,RRHP,38,56,10,93.00,930.00
2019-02-18,2019021801004304,RRHP,38,57,10,93.00,930.00
2019-02-18,2019021801004295,RRHP,38,56,10,93.00,930.00
2019-02-18,2019021801004269,RRHP,40,40,10,94.00,940.00
2019-02-18,2019021801004636,RSDC,43,42,200,370.00,"74,000.00"
2019-02-18,2019021801004380,RSDC,7,5,83,368.00,"30,544.00"
2019-02-18,2019021801004379,RSDC,58,5,20,369.00,"7,380.00"
2019-02-18,2019021801004378,RSDC,26,5,100,369.00,"36,900.00"
2019-02-18,2019021801004563,SANIMA,22,45,189,290.00,"54,810.00"
2019-02-18,2019021801004485,SANIMA,22,48,100,290.00,"29,000.00"
2019-02-18,2019021801004475,SANIMA,22,42,11,290.00,"3,190.00"
2019-02-18,2019021801004387,SANIMA,45,42,300,290.00,"87,000.00"
2019-02-18,2019021801004197,SANIMA,42,42,30,290.00,"8,700.00"
2019-02-18,2019021801004274,SBI,39,7,89,371.00,"33,019.00"
2019-02-18,2019021801004273,SBI,22,7,50,371.00,"18,550.00"
2019-02-18,2019021801004272,SBI,54,7,200,371.00,"74,200.00"
2019-02-18,2019021801004271,SBI,48,7,77,371.00,"28,567.00"
2019-02-18,2019021801004219,SBI,11,7,100,373.00,"37,300.00"
2019-02-18,2019021801004462,SCB,39,32,170,529.00,"89,930.00"
2019-02-18,2019021801004461,SCB,11,32,80,529.00,"42,320.00"
2019-02-18,2019021801004237,SDESI,38,38,11,592.00,"6,512.00"
2019-02-18,2019021801004354,SHINE,44,51,270,235.00,"63,450.00"
2019-02-18,2019021801004280,SHINE,38,58,10,234.00,"2,340.00"
2019-02-18,2019021801004481,SHL,50,28,230,205.00,"47,150.00"
2019-02-18,2019021801004256,SHPC,1,48,"1,700",217.00,"368,900.00"
2019-02-18,2019021801004527,SICL,42,49,13,855.00,"11,115.00"
2019-02-18,2019021801004526,SICL,42,49,50,856.00,"42,800.00"
2019-02-18,2019021801004538,SIFC,49,11,100,132.00,"13,200.00"
2019-02-18,2019021801004537,SIFC,17,11,100,133.00,"13,300.00"
2019-02-18,2019021801004420,SIL,51,5,90,592.00,"53,280.00"
2019-02-18,2019021801004419,SIL,49,5,10,595.00,"5,950.00"
2019-02-18,2019021801004389,SKBBL,19,51,50,827.00,"41,350.00"
2019-02-18,2019021801004521,SLBS,29,29,18,999.00,"17,982.00"
2019-02-18,2019021801004568,SLBSL,33,5,10,775.00,"7,750.00"
2019-02-18,2019021801004470,SLBSL,33,43,50,775.00,"38,750.00"
2019-02-18,2019021801004407,SLBSL,34,10,10,774.00,"7,740.00"
2019-02-18,2019021801004403,SLBSL,8,25,10,775.00,"7,750.00"
2019-02-18,2019021801004167,SLBSL,4,14,10,775.00,"7,750.00"
2019-02-18,2019021801004162,SLBSL,4,14,10,775.00,"7,750.00"
2019-02-18,2019021801004395,SLBSL,8,21,10,775.00,"7,750.00"
2019-02-18,2019021801004193,SLBSL,8,14,10,775.00,"7,750.00"
2019-02-18,2019021801004183,SLBSL,8,14,10,775.00,"7,750.00"
2019-02-18,2019021801004174,SLBSL,8,14,10,775.00,"7,750.00"
2019-02-18,2019021801004553,SLICL,51,7,42,507.00,"21,294.00"
2019-02-18,2019021801004514,SLICL,37,7,50,510.00,"25,500.00"
2019-02-18,2019021801004509,SLICL,37,7,50,510.00,"25,500.00"
2019-02-18,2019021801004153,SMATA,22,35,10,"1,301.00","13,010.00"
2019-02-18,2019021801004565,SMB,29,34,10,628.00,"6,280.00"
2019-02-18,2019021801004180,SMB,58,59,10,640.00,"6,400.00"
2019-02-18,2019021801004179,SMB,58,59,10,640.00,"6,400.00"
2019-02-18,2019021801004178,SMB,58,59,10,640.00,"6,400.00"
2019-02-18,2019021801004177,SMB,58,25,10,639.00,"6,390.00"
2019-02-18,2019021801004176,SMB,58,51,10,639.00,"6,390.00"
2019-02-18,2019021801004268,SMB,29,56,10,628.00,"6,280.00"
2019-02-18,2019021801004544,SRBL,49,13,38,207.00,"7,866.00"
2019-02-18,2019021801004182,SRBL,49,1,100,207.00,"20,700.00"
2019-02-18,2019021801004631,UPPER,49,32,300,221.00,"66,300.00"
2019-02-18,2019021801004625,UPPER,58,16,40,220.00,"8,800.00"
2019-02-18,2019021801004577,UPPER,58,16,40,220.00,"8,800.00"
2019-02-18,2019021801004532,UPPER,58,5,40,220.00,"8,800.00"
2019-02-18,2019021801004531,UPPER,36,38,50,222.00,"11,100.00"
2019-02-18,2019021801004530,UPPER,36,38,50,222.00,"11,100.00"
2019-02-18,2019021801004186,UPPER,53,35,50,221.00,"11,050.00"
2019-02-18,2019021801004185,UPPER,53,51,50,221.00,"11,050.00"
2019-02-18,2019021801004173,UPPER,53,51,50,221.00,"11,050.00"
2019-02-18,2019021801004161,UPPER,53,28,50,221.00,"11,050.00"
2019-02-18,2019021801004160,UPPER,53,56,40,221.00,"8,840.00"
2019-02-18,2019021801004221,UPPER,53,10,147,221.00,"32,487.00"
2019-02-18,2019021801004212,UPPER,53,51,50,221.00,"11,050.00"
2019-02-18,2019021801004200,UPPER,53,35,40,221.00,"8,840.00"
2019-02-18,2019021801004199,UPPER,53,51,50,221.00,"11,050.00"
2019-02-18,2019021801004192,UPPER,53,51,50,221.00,"11,050.00"
2019-02-18,2019021801004191,UPPER,29,32,40,222.00,"8,880.00"
2019-02-18,2019021801004243,UPPER,44,17,40,221.00,"8,840.00"
2019-02-18,2019021801004239,UPPER,44,22,50,221.00,"11,050.00"
2019-02-18,2019021801004228,UPPER,44,51,40,221.00,"8,840.00"
2019-02-18,2019021801004224,UPPER,44,51,40,221.00,"8,840.00"
2019-02-18,2019021801004223,UPPER,44,38,50,221.00,"11,050.00"
2019-02-18,2019021801004222,UPPER,39,10,3,221.00,663.00
2019-02-18,2019021801004282,UPPER,44,22,50,221.00,"11,050.00"
2019-02-18,2019021801004281,UPPER,44,51,50,221.00,"11,050.00"
2019-02-18,2019021801004267,UPPER,44,51,50,221.00,"11,050.00"
2019-02-18,2019021801004264,UPPER,44,10,40,221.00,"8,840.00"
2019-02-18,2019021801004253,UPPER,44,22,40,221.00,"8,840.00"
2019-02-18,2019021801004245,UPPER,44,51,50,221.00,"11,050.00"
2019-02-18,2019021801004308,UPPER,46,40,40,221.00,"8,840.00"
2019-02-18,2019021801004303,UPPER,46,59,293,221.00,"64,753.00"
2019-02-18,2019021801004296,UPPER,46,51,40,221.00,"8,840.00"
2019-02-18,2019021801004286,UPPER,46,40,50,221.00,"11,050.00"
2019-02-18,2019021801004284,UPPER,46,59,193,221.00,"42,653.00"
2019-02-18,2019021801004283,UPPER,44,59,100,221.00,"22,100.00"
2019-02-18,2019021801004331,UPPER,46,51,50,221.00,"11,050.00"
2019-02-18,2019021801004328,UPPER,46,38,50,221.00,"11,050.00"
2019-02-18,2019021801004323,UPPER,46,40,40,221.00,"8,840.00"
2019-02-18,2019021801004320,UPPER,46,55,40,221.00,"8,840.00"
2019-02-18,2019021801004313,UPPER,46,51,40,221.00,"8,840.00"
2019-02-18,2019021801004309,UPPER,46,34,40,221.00,"8,840.00"
2019-02-18,2019021801004340,UPPER,33,34,40,221.00,"8,840.00"
2019-02-18,2019021801004338,UPPER,33,10,16,221.00,"3,536.00"
2019-02-18,2019021801004337,UPPER,35,10,24,221.00,"5,304.00"
2019-02-18,2019021801004335,UPPER,35,6,16,221.00,"3,536.00"
2019-02-18,2019021801004334,UPPER,52,6,100,221.00,"22,100.00"
2019-02-18,2019021801004333,UPPER,46,6,324,221.00,"71,604.00"
2019-02-18,2019021801004355,UPPER,58,40,40,220.00,"8,800.00"
2019-02-18,2019021801004352,UPPER,33,49,14,221.00,"3,094.00"
2019-02-18,2019021801004349,UPPER,33,22,50,221.00,"11,050.00"
2019-02-18,2019021801004348,UPPER,33,34,40,221.00,"8,840.00"
2019-02-18,2019021801004344,UPPER,33,51,50,221.00,"11,050.00"
2019-02-18,2019021801004342,UPPER,33,40,40,221.00,"8,840.00"
2019-02-18,2019021801004377,UPPER,58,10,50,220.00,"11,000.00"
2019-02-18,2019021801004375,UPPER,58,56,40,220.00,"8,800.00"
2019-02-18,2019021801004374,UPPER,58,40,50,220.00,"11,000.00"
2019-02-18,2019021801004361,UPPER,58,40,40,220.00,"8,800.00"
2019-02-18,2019021801004412,UPPER,7,32,19,221.00,"4,199.00"
2019-02-18,2019021801004404,UPPER,58,26,150,220.00,"33,000.00"
2019-02-18,2019021801004394,UPPER,33,32,21,221.00,"4,641.00"
2019-02-18,2019021801004393,UPPER,33,49,50,221.00,"11,050.00"
2019-02-18,2019021801004392,UPPER,33,49,36,221.00,"7,956.00"
2019-02-18,2019021801004386,UPPER,58,21,40,220.00,"8,800.00"
2019-02-18,2019021801004426,UPPER,48,1,50,221.00,"11,050.00"
2019-02-18,2019021801004425,UPPER,48,39,40,221.00,"8,840.00"
2019-02-18,2019021801004422,UPPER,48,22,181,221.00,"40,001.00"
2019-02-18,2019021801004421,UPPER,48,22,153,221.00,"33,813.00"
2019-02-18,2019021801004416,UPPER,7,22,19,221.00,"4,199.00"
2019-02-18,2019021801004413,UPPER,7,32,40,221.00,"8,840.00"
2019-02-18,2019021801004463,UPPER,48,43,40,221.00,"8,840.00"
2019-02-18,2019021801004456,UPPER,48,34,40,221.00,"8,840.00"
2019-02-18,2019021801004453,UPPER,48,10,40,221.00,"8,840.00"
2019-02-18,2019021801004439,UPPER,48,39,40,221.00,"8,840.00"
2019-02-18,2019021801004438,UPPER,48,34,40,221.00,"8,840.00"
2019-02-18,2019021801004429,UPPER,48,37,50,221.00,"11,050.00"
2019-02-18,2019021801004487,UPPER,48,40,50,221.00,"11,050.00"
2019-02-18,2019021801004479,UPPER,48,39,50,221.00,"11,050.00"
2019-02-18,2019021801004472,UPPER,48,36,50,221.00,"11,050.00"
2019-02-18,2019021801004471,UPPER,48,39,50,221.00,"11,050.00"
2019-02-18,2019021801004469,UPPER,48,10,40,221.00,"8,840.00"
2019-02-18,2019021801004464,UPPER,48,39,40,221.00,"8,840.00"
2019-02-18,2019021801004502,UPPER,8,45,330,221.00,"72,930.00"
2019-02-18,2019021801004501,UPPER,48,45,496,221.00,"109,616.00"
2019-02-18,2019021801004498,UPPER,48,40,40,221.00,"8,840.00"
2019-02-18,2019021801004494,UPPER,48,40,50,221.00,"11,050.00"
2019-02-18,2019021801004491,UPPER,48,10,50,221.00,"11,050.00"
2019-02-18,2019021801004489,UPPER,48,26,40,221.00,"8,840.00"
2019-02-18,2019021801004522,UPPER,58,34,10,220.00,"2,200.00"
2019-02-18,2019021801004519,UPPER,58,5,50,220.00,"11,000.00"
2019-02-18,2019021801004513,UPPER,58,34,10,220.00,"2,200.00"
2019-02-18,2019021801004508,UPPER,58,40,40,220.00,"8,800.00"
2019-02-18,2019021801004507,UPPER,58,5,40,220.00,"8,800.00"
2019-02-18,2019021801004503,UPPER,45,45,174,221.00,"38,454.00"
2019-02-18,2019021801004567,WOMI,50,32,33,"1,095.00","36,135.00"
2019-02-18,2019021801003915,ADBL,40,40,136,327.00,"44,472.00"
2019-02-18,2019021801003864,ADBL,11,56,100,327.00,"32,700.00"
2019-02-18,2019021801003752,ADBL,28,59,21,325.00,"6,825.00"
2019-02-18,2019021801003751,ADBL,6,59,100,325.00,"32,500.00"
2019-02-18,2019021801003750,ADBL,22,59,50,325.00,"16,250.00"
2019-02-18,2019021801003733,ADBL,35,56,30,327.00,"9,810.00"
2019-02-18,2019021801003667,ADBL,25,59,580,326.00,"189,080.00"
2019-02-18,2019021801004061,AKJCL,29,48,10,81.00,810.00
2019-02-18,2019021801004038,AKPL,22,1,13,151.00,"1,963.00"
2019-02-18,2019021801003980,AKPL,22,1,13,151.00,"1,963.00"
2019-02-18,2019021801003764,AKPL,22,1,13,151.00,"1,963.00"
2019-02-18,2019021801004133,ALICL,35,38,96,559.00,"53,664.00"
2019-02-18,2019021801004132,ALICL,4,38,500,560.00,"280,000.00"
2019-02-18,2019021801004131,ALICL,19,38,32,560.00,"17,920.00"
2019-02-18,2019021801004130,ALICL,57,38,200,560.00,"112,000.00"
2019-02-18,2019021801004129,ALICL,21,38,50,561.00,"28,050.00"
2019-02-18,2019021801004128,ALICL,45,38,200,561.00,"112,200.00"
2019-02-18,2019021801004050,ALICL,4,5,10,563.00,"5,630.00"
2019-02-18,2019021801004049,ALICL,38,5,100,565.00,"56,500.00"
2019-02-18,2019021801004127,ALICL,33,38,100,561.00,"56,100.00"
2019-02-18,2019021801004126,ALICL,35,38,30,562.00,"16,860.00"
2019-02-18,2019021801004125,ALICL,16,38,261,562.00,"146,682.00"
2019-02-18,2019021801004124,ALICL,4,38,41,563.00,"23,083.00"
2019-02-18,2019021801004123,ALICL,49,38,40,563.00,"22,520.00"
2019-02-18,2019021801004051,ALICL,49,5,10,563.00,"5,630.00"
2019-02-18,2019021801004080,AMFI,36,18,10,691.00,"6,910.00"
2019-02-18,2019021801004063,AMFI,47,45,10,685.00,"6,850.00"
2019-02-18,2019021801003705,AMFI,34,34,10,686.00,"6,860.00"
2019-02-18,2019021801004082,API,57,34,300,124.00,"37,200.00"
2019-02-18,2019021801004081,API,41,34,200,124.00,"24,800.00"
2019-02-18,2019021801004070,API,37,48,100,125.00,"12,500.00"
2019-02-18,2019021801004069,API,25,48,"1,000",125.00,"125,000.00"
2019-02-18,2019021801004068,API,52,48,500,125.00,"62,500.00"
2019-02-18,2019021801003948,API,45,7,440,125.00,"55,000.00"
2019-02-18,2019021801004067,API,7,48,150,125.00,"18,750.00"
2019-02-18,2019021801004066,API,57,48,100,125.00,"12,500.00"
2019-02-18,2019021801004065,API,35,48,"1,000",125.00,"125,000.00"
2019-02-18,2019021801004064,API,45,48,43,125.00,"5,375.00"
2019-02-18,2019021801004048,API,45,1,17,125.00,"2,125.00"
2019-02-18,2019021801004010,API,45,34,500,125.00,"62,500.00"
2019-02-18,2019021801003765,BOKL,14,19,10,240.00,"2,400.00"
2019-02-18,2019021801004079,BPCL,19,45,10,340.00,"3,400.00"
2019-02-18,2019021801004078,BPCL,45,45,10,340.00,"3,400.00"
2019-02-18,2019021801004073,CBBL,47,58,50,860.00,"43,000.00"
2019-02-18,2019021801003894,CBBL,5,54,79,860.00,"67,940.00"
2019-02-18,2019021801003808,CBBL,17,54,200,860.00,"172,000.00"
2019-02-18,2019021801004147,CBL,5,18,272,147.00,"39,984.00"
2019-02-18,2019021801003984,CBL,38,38,1,148.00,148.00
2019-02-18,2019021801003917,CBL,45,45,3,148.00,444.00
2019-02-18,2019021801003912,CBL,22,6,20,148.00,"2,960.00"
2019-02-18,2019021801003856,CBL,57,6,100,148.00,"14,800.00"
2019-02-18,2019021801003845,CBL,5,43,728,147.00,"107,016.00"
2019-02-18,2019021801003796,CBL,39,6,100,148.00,"14,800.00"
2019-02-18,2019021801003777,CBL,25,6,109,148.00,"16,132.00"
2019-02-18,2019021801003776,CBL,25,35,91,148.00,"13,468.00"
2019-02-18,2019021801003838,CBL,34,43,"1,000",147.00,"147,000.00"
2019-02-18,2019021801003837,CBL,25,43,200,147.00,"29,400.00"
2019-02-18,2019021801003836,CBL,54,43,100,147.00,"14,700.00"
2019-02-18,2019021801003835,CBL,1,43,"1,000",147.00,"147,000.00"
2019-02-18,2019021801003834,CBL,44,43,"1,601",147.00,"235,347.00"
2019-02-18,2019021801003810,CBL,44,48,159,147.00,"23,373.00"
2019-02-18,2019021801003844,CBL,28,43,300,147.00,"44,100.00"
2019-02-18,2019021801003843,CBL,45,43,30,147.00,"4,410.00"
2019-02-18,2019021801003842,CBL,52,43,100,147.00,"14,700.00"
2019-02-18,2019021801003841,CBL,35,43,200,147.00,"29,400.00"
2019-02-18,2019021801003840,CBL,35,43,100,147.00,"14,700.00"
2019-02-18,2019021801003839,CBL,59,43,100,147.00,"14,700.00"
2019-02-18,2019021801004062,CCBL,33,58,19,158.00,"3,002.00"
2019-02-18,2019021801003987,CCBL,22,45,62,157.00,"9,734.00"
2019-02-18,2019021801003967,CCBL,22,52,117,157.00,"18,369.00"
2019-02-18,2019021801003961,CCBL,13,45,500,158.00,"79,000.00"
2019-02-18,2019021801003951,CCBL,22,52,117,157.00,"18,369.00"
2019-02-18,2019021801003656,CCBL,50,16,37,158.00,"5,846.00"
2019-02-18,2019021801003941,CCBL,13,45,400,158.00,"63,200.00"
2019-02-18,2019021801003869,CCBL,57,45,100,158.00,"15,800.00"
2019-02-18,2019021801003868,CCBL,50,45,438,158.00,"69,204.00"
2019-02-18,2019021801003866,CCBL,50,59,44,158.00,"6,952.00"
2019-02-18,2019021801003857,CCBL,50,45,305,158.00,"48,190.00"
2019-02-18,2019021801003789,CCBL,50,48,176,158.00,"27,808.00"
2019-02-18,2019021801004015,CHCL,33,7,235,504.00,"118,440.00"
2019-02-18,2019021801003986,CHCL,22,7,18,504.00,"9,072.00"
2019-02-18,2019021801003870,CHCL,22,59,82,504.00,"41,328.00"
2019-02-18,2019021801003938,CIT,44,14,10,"2,480.00","24,800.00"
2019-02-18,2019021801003937,CIT,34,14,40,"2,480.00","99,200.00"
2019-02-18,2019021801003936,CIT,42,14,12,"2,485.00","29,820.00"
2019-02-18,2019021801003907,CIT,42,14,38,"2,485.00","94,430.00"
2019-02-18,2019021801003906,CIT,22,14,20,"2,490.00","49,800.00"
2019-02-18,2019021801003905,CIT,33,14,12,"2,490.00","29,880.00"
2019-02-18,2019021801003744,CIT,33,53,88,"2,490.00","219,120.00"
2019-02-18,2019021801003743,CIT,22,53,30,"2,490.00","74,700.00"
2019-02-18,2019021801004059,CZBIL,45,26,10,202.00,"2,020.00"
2019-02-18,2019021801003921,CZBIL,57,26,122,202.00,"24,644.00"
2019-02-18,2019021801003920,CZBIL,57,43,78,202.00,"15,756.00"
2019-02-18,2019021801003919,CZBIL,57,26,300,202.00,"60,600.00"
2019-02-18,2019021801003880,CZBIL,26,1,160,200.00,"32,000.00"
2019-02-18,2019021801003863,CZBIL,26,32,11,200.00,"2,200.00"
2019-02-18,2019021801003862,CZBIL,13,32,"1,000",200.00,"200,000.00"
2019-02-18,2019021801003800,CZBIL,44,34,11,200.00,"2,200.00"
2019-02-18,2019021801003780,CZBIL,44,19,14,200.00,"2,800.00"
2019-02-18,2019021801003704,CZBIL,49,32,990,201.00,"198,990.00"
2019-02-18,2019021801003958,DBBL,46,14,130,122.00,"15,860.00"
2019-02-18,2019021801003952,DBBL,26,37,20,123.00,"2,460.00"
2019-02-18,2019021801003950,DBBL,46,14,130,122.00,"15,860.00"
2019-02-18,2019021801003947,DBBL,46,14,130,122.00,"15,860.00"
2019-02-18,2019021801003940,DBBL,46,14,130,122.00,"15,860.00"
2019-02-18,2019021801004074,DDBL,47,16,198,560.00,"110,880.00"
2019-02-18,2019021801003797,EBL,13,19,35,503.00,"17,605.00"
2019-02-18,2019021801003746,EBL,25,6,663,504.00,"334,152.00"
2019-02-18,2019021801003745,EBL,25,22,200,504.00,"100,800.00"
2019-02-18,2019021801003943,EDBL,18,55,200,286.00,"57,200.00"
2019-02-18,2019021801003942,EDBL,47,55,100,286.00,"28,600.00"
2019-02-18,2019021801003916,EDBL,41,55,50,287.00,"14,350.00"
2019-02-18,2019021801003734,FMDBL,55,14,72,356.00,"25,632.00"
2019-02-18,2019021801003707,FMDBL,19,14,78,356.00,"27,768.00"
2019-02-18,2019021801003997,GBBL,42,58,50,182.00,"9,100.00"
2019-02-18,2019021801004043,GBLBS,45,58,10,430.00,"4,300.00"
2019-02-18,2019021801003824,GBLBS,13,10,10,428.00,"4,280.00"
2019-02-18,2019021801003778,GBLBS,1,59,200,429.00,"85,800.00"
2019-02-18,2019021801003701,GBLBS,41,59,160,428.00,"68,480.00"
2019-02-18,2019021801003700,GBLBS,41,10,10,428.00,"4,280.00"
2019-02-18,2019021801003699,GBLBS,41,51,10,428.00,"4,280.00"
2019-02-18,2019021801003698,GBLBS,41,45,10,427.00,"4,270.00"
2019-02-18,2019021801004047,GLICL,22,48,35,646.00,"22,610.00"
2019-02-18,2019021801004046,GLICL,21,48,100,646.00,"64,600.00"
2019-02-18,2019021801004045,GLICL,35,48,30,646.00,"19,380.00"
2019-02-18,2019021801004044,GLICL,50,48,15,646.00,"9,690.00"
2019-02-18,2019021801003901,GLICL,35,22,500,647.00,"323,500.00"
2019-02-18,2019021801004011,GRDBL,46,42,140,103.00,"14,420.00"
2019-02-18,2019021801003977,GRDBL,46,38,10,103.00,"1,030.00"
2019-02-18,2019021801003859,GRDBL,40,40,10,104.00,"1,040.00"
2019-02-18,2019021801004141,GUFL,57,14,19,101.00,"1,919.00"
2019-02-18,2019021801004135,GUFL,57,14,19,101.00,"1,919.00"
2019-02-18,2019021801004114,GUFL,57,14,19,101.00,"1,919.00"
2019-02-18,2019021801004098,GUFL,57,14,19,101.00,"1,919.00"
2019-02-18,2019021801004089,GUFL,57,14,19,101.00,"1,919.00"
2019-02-18,2019021801003896,HBL,32,1,50,429.00,"21,450.00"
2019-02-18,2019021801003889,HBL,56,1,50,429.00,"21,450.00"
2019-02-18,2019021801003918,HIDCL,56,22,70,132.00,"9,240.00"
2019-02-18,2019021801003878,HIDCL,38,34,29,131.00,"3,799.00"
2019-02-18,2019021801003665,HIDCL,38,16,46,131.00,"6,026.00"
2019-02-18,2019021801004058,HPPL,42,1,10,167.00,"1,670.00"
2019-02-18,2019021801003985,HPPL,42,1,10,167.00,"1,670.00"
2019-02-18,2019021801003799,HPPL,42,1,20,167.00,"3,340.00"
2019-02-18,2019021801003853,IGI,55,47,100,390.00,"39,000.00"
2019-02-18,2019021801003883,IGI,55,47,90,390.00,"35,100.00"
2019-02-18,2019021801004054,JBBL,17,49,103,134.00,"13,802.00"
2019-02-18,2019021801004002,JBNL,52,52,78,163.00,"12,714.00"
2019-02-18,2019021801003989,JBNL,52,52,78,163.00,"12,714.00"
2019-02-18,2019021801003890,JBNL,52,52,84,163.00,"13,692.00"
2019-02-18,2019021801003803,JBNL,6,48,25,163.00,"4,075.00"
2019-02-18,2019021801003802,JBNL,48,48,37,163.00,"6,031.00"
2019-02-18,2019021801003953,JFL,46,50,63,161.00,"10,143.00"
2019-02-18,2019021801003998,JSLBB,33,17,14,"2,390.00","33,460.00"
2019-02-18,2019021801003689,KADBL,17,16,32,142.00,"4,544.00"
2019-02-18,2019021801004014,KBL,54,13,106,227.00,"24,062.00"
2019-02-18,2019021801004013,KBL,54,6,94,227.00,"21,338.00"
2019-02-18,2019021801003688,KBL,14,53,36,226.00,"8,136.00"
2019-02-18,2019021801003687,KBL,58,53,264,226.00,"59,664.00"
2019-02-18,2019021801003662,KBL,58,14,136,226.00,"30,736.00"
2019-02-18,2019021801003661,KBL,54,14,25,226.00,"5,650.00"
2019-02-18,2019021801003660,KBL,47,14,100,226.00,"22,600.00"
2019-02-18,2019021801003659,KBL,48,14,50,226.00,"11,300.00"
2019-02-18,2019021801003658,KBL,17,14,100,226.00,"22,600.00"
2019-02-18,2019021801004144,KPCL,22,45,10,90.00,900.00
2019-02-18,2019021801004139,KPCL,22,45,10,90.00,900.00
2019-02-18,2019021801004134,KPCL,22,45,10,90.00,900.00
2019-02-18,2019021801004113,KPCL,45,42,10,91.00,910.00
2019-02-18,2019021801003867,KPCL,22,38,10,90.00,900.00
2019-02-18,2019021801004112,KPCL,45,42,10,91.00,910.00
2019-02-18,2019021801004111,KPCL,45,42,10,91.00,910.00
2019-02-18,2019021801004110,KPCL,45,45,10,91.00,910.00
2019-02-18,2019021801004085,KRBL,59,58,30,93.00,"2,790.00"
2019-02-18,2019021801003652,KSBBL,38,53,150,133.00,"19,950.00"
2019-02-18,2019021801003931,LBBL,22,57,20,172.00,"3,440.00"
2019-02-18,2019021801004119,LBL,34,53,50,186.00,"9,300.00"
2019-02-18,2019021801004118,LBL,4,53,48,186.00,"8,928.00"
2019-02-18,2019021801004117,LBL,49,53,"1,000",186.00,"186,000.00"
2019-02-18,2019021801004116,LBL,4,53,26,186.00,"4,836.00"
2019-02-18,2019021801004115,LBL,57,53,327,186.00,"60,822.00"
2019-02-18,2019021801003884,LBL,57,34,73,186.00,"13,578.00"
2019-02-18,2019021801003956,LGIL,22,14,19,500.00,"9,500.00"
2019-02-18,2019021801003955,LGIL,11,14,200,500.00,"100,000.00"
2019-02-18,2019021801003954,LGIL,36,14,62,500.00,"31,000.00"
2019-02-18,2019021801004138,LICN,59,48,60,"1,580.00","94,800.00"
2019-02-18,2019021801003960,LICN,59,48,50,"1,580.00","79,000.00"
2019-02-18,2019021801003959,LICN,28,48,100,"1,580.00","158,000.00"
2019-02-18,2019021801003935,LICN,16,25,100,"1,581.00","158,100.00"
2019-02-18,2019021801004092,MBL,28,32,"1,050",206.00,"216,300.00"
2019-02-18,2019021801004000,MBL,58,32,100,206.00,"20,600.00"
2019-02-18,2019021801003988,MBL,55,32,100,206.00,"20,600.00"
2019-02-18,2019021801003976,MBL,42,32,50,206.00,"10,300.00"
2019-02-18,2019021801004057,MEGA,58,34,141,159.00,"22,419.00"
2019-02-18,2019021801004035,MEGA,58,40,100,160.00,"16,000.00"
2019-02-18,2019021801003886,MEGA,4,40,100,160.00,"16,000.00"
2019-02-18,2019021801003829,MEGA,26,40,50,160.00,"8,000.00"
2019-02-18,2019021801003694,MEGA,58,16,22,159.00,"3,498.00"
2019-02-18,2019021801003882,MERO,40,40,16,597.00,"9,552.00"
2019-02-18,2019021801003755,MERO,49,56,16,596.00,"9,536.00"
2019-02-18,2019021801003875,MLBL,32,40,300,160.00,"48,000.00"
2019-02-18,2019021801003851,MLBL,32,1,40,159.00,"6,360.00"
2019-02-18,2019021801004087,MNBBL,40,59,100,332.00,"33,200.00"
2019-02-18,2019021801004072,MNBBL,42,59,20,332.00,"6,640.00"
2019-02-18,2019021801003887,MNBBL,7,59,200,332.00,"66,400.00"
2019-02-18,2019021801003805,MSLB,55,1,15,"1,324.00","19,860.00"
2019-02-18,2019021801004088,NABIL,55,59,20,782.00,"15,640.00"
2019-02-18,2019021801004055,NABIL,39,59,10,782.00,"7,820.00"
2019-02-18,2019021801004036,NABIL,48,59,50,782.00,"39,100.00"
2019-02-18,2019021801004017,NABIL,35,55,100,781.00,"78,100.00"
2019-02-18,2019021801004016,NABIL,35,28,205,781.00,"160,105.00"
2019-02-18,2019021801003966,NABIL,1,28,45,781.00,"35,145.00"
2019-02-18,2019021801003817,NABIL,45,17,20,780.00,"15,600.00"
2019-02-18,2019021801003816,NABIL,58,17,50,780.00,"39,000.00"
2019-02-18,2019021801003815,NABIL,40,17,91,780.00,"70,980.00"
2019-02-18,2019021801003690,NABIL,40,51,100,780.00,"78,000.00"
2019-02-18,2019021801003655,NABIL,11,37,500,781.00,"390,500.00"
2019-02-18,2019021801003965,NABIL,1,37,55,781.00,"42,955.00"
2019-02-18,2019021801003946,NABIL,13,37,380,781.00,"296,780.00"
2019-02-18,2019021801003874,NABIL,39,37,15,781.00,"11,715.00"
2019-02-18,2019021801003833,NABIL,56,5,39,780.00,"30,420.00"
2019-02-18,2019021801003832,NABIL,25,5,61,780.00,"47,580.00"
2019-02-18,2019021801003818,NABIL,25,17,39,780.00,"30,420.00"
2019-02-18,2019021801003827,NABILP,28,33,262,740.00,"193,880.00"
2019-02-18,2019021801003826,NABILP,19,33,700,741.00,"518,700.00"
2019-02-18,2019021801003825,NABILP,19,33,28,741.00,"20,748.00"
2019-02-18,2019021801003706,NADEP,38,59,20,745.00,"14,900.00"
2019-02-18,2019021801003696,NADEP,38,53,50,745.00,"37,250.00"
2019-02-18,2019021801003695,NADEP,51,53,20,745.00,"14,900.00"
2019-02-18,2019021801003999,NBB,25,44,19,182.00,"3,458.00"
2019-02-18,2019021801003929,NBB,25,34,125,182.00,"22,750.00"
2019-02-18,2019021801003811,NBB,25,19,56,182.00,"10,192.00"
2019-02-18,2019021801003831,NBBL,17,19,44,610.00,"26,840.00"
2019-02-18,2019021801003728,NBBL,55,17,48,611.00,"29,328.00"
2019-02-18,2019021801003727,NBBL,42,17,100,612.00,"61,200.00"
2019-02-18,2019021801003726,NBBL,21,17,50,612.00,"30,600.00"
2019-02-18,2019021801003725,NBBL,21,17,200,612.00,"122,400.00"
2019-02-18,2019021801003983,NBL,19,33,"1,000",284.00,"284,000.00"
2019-02-18,2019021801003982,NBL,19,28,500,284.00,"142,000.00"
2019-02-18,2019021801003828,NCDB,21,7,100,116.00,"11,600.00"
2019-02-18,2019021801003846,NGPL,38,38,1,115.00,115.00
2019-02-18,2019021801003651,NHPC,58,45,40,63.00,"2,520.00"
2019-02-18,2019021801003648,NHPC,58,53,180,62.00,"11,160.00"
2019-02-18,2019021801004052,NIB,42,45,20,505.00,"10,100.00"
2019-02-18,2019021801003979,NIB,40,45,120,505.00,"60,600.00"
2019-02-18,2019021801003978,NIB,40,7,80,504.00,"40,320.00"
2019-02-18,2019021801003957,NIB,19,52,37,502.00,"18,574.00"
2019-02-18,2019021801003949,NIB,40,40,37,503.00,"18,611.00"
2019-02-18,2019021801003729,NIBPO,32,59,200,462.00,"92,400.00"
2019-02-18,2019021801004097,NICA,47,21,255,386.00,"98,430.00"
2019-02-18,2019021801004056,NICA,13,28,73,385.00,"28,105.00"
2019-02-18,2019021801003990,NICA,51,28,100,385.00,"38,500.00"
2019-02-18,2019021801003798,NICA,53,28,100,385.00,"38,500.00"
2019-02-18,2019021801004077,NICL,42,44,25,365.00,"9,125.00"
2019-02-18,2019021801003855,NIL,51,57,249,501.00,"124,749.00"
2019-02-18,2019021801003854,NIL,43,57,51,501.00,"25,551.00"
2019-02-18,2019021801003739,NIL,43,32,299,501.00,"149,799.00"
2019-02-18,2019021801003738,NIL,43,32,50,501.00,"25,050.00"
2019-02-18,2019021801003737,NIL,43,32,100,501.00,"50,100.00"
2019-02-18,2019021801003736,NIL,43,32,51,501.00,"25,551.00"
2019-02-18,2019021801003724,NLBBL,42,49,20,460.00,"9,200.00"
2019-02-18,2019021801003723,NLBBL,42,49,10,460.00,"4,600.00"
2019-02-18,2019021801004084,NLIC,20,22,43,"1,000.00","43,000.00"
2019-02-18,2019021801004071,NLIC,20,1,17,"1,000.00","17,000.00"
2019-02-18,2019021801004003,NLIC,20,1,17,"1,000.00","17,000.00"
2019-02-18,2019021801003944,NLIC,20,52,17,"1,000.00","17,000.00"
2019-02-18,2019021801003893,NLIC,39,40,11,"1,005.00","11,055.00"
2019-02-18,2019021801003888,NLIC,38,38,17,"1,001.00","17,017.00"
2019-02-18,2019021801003873,NLIC,20,14,300,"1,000.00","300,000.00"
2019-02-18,2019021801003686,NLIC,20,45,17,"1,000.00","17,000.00"
2019-02-18,2019021801003860,NLICL,28,19,40,610.00,"24,400.00"
2019-02-18,2019021801003722,NLICL,35,6,26,617.00,"16,042.00"
2019-02-18,2019021801003719,NLICL,28,39,124,610.00,"75,640.00"
2019-02-18,2019021801003718,NLICL,28,39,200,610.00,"122,000.00"
2019-02-18,2019021801003717,NLICL,55,39,200,611.00,"122,200.00"
2019-02-18,2019021801003716,NLICL,53,39,50,611.00,"30,550.00"
2019-02-18,2019021801003715,NLICL,22,39,100,612.00,"61,200.00"
2019-02-18,2019021801003714,NLICL,21,39,100,615.00,"61,500.00"
2019-02-18,2019021801003713,NLICL,29,39,25,615.00,"15,375.00"
2019-02-18,2019021801003712,NLICL,26,39,150,615.00,"92,250.00"
2019-02-18,2019021801003711,NLICL,26,39,100,615.00,"61,500.00"
2019-02-18,2019021801004076,NMB,57,25,57,306.00,"17,442.00"
2019-02-18,2019021801004075,NMB,54,25,186,306.00,"56,916.00"
2019-02-18,2019021801004037,NMB,54,25,14,305.00,"4,270.00"
2019-02-18,2019021801004033,NMB,25,25,"1,000",305.00,"305,000.00"
2019-02-18,2019021801004032,NMB,55,25,20,305.00,"6,100.00"
2019-02-18,2019021801004031,NMB,33,25,500,305.00,"152,500.00"
2019-02-18,2019021801003781,NMB,21,45,33,306.00,"10,098.00"
2019-02-18,2019021801003666,NMB,4,45,36,306.00,"11,016.00"
2019-02-18,2019021801004018,NMB,51,25,100,306.00,"30,600.00"
2019-02-18,2019021801003909,NMB,38,45,288,306.00,"88,128.00"
2019-02-18,2019021801003900,NMB,34,1,62,305.00,"18,910.00"
2019-02-18,2019021801003823,NMB,49,45,137,306.00,"41,922.00"
2019-02-18,2019021801003807,NMB,49,40,63,306.00,"19,278.00"
2019-02-18,2019021801003806,NMB,21,40,37,306.00,"11,322.00"
2019-02-18,2019021801004024,NMB,4,25,100,305.00,"30,500.00"
2019-02-18,2019021801004023,NMB,33,25,700,305.00,"213,500.00"
2019-02-18,2019021801004022,NMB,51,25,50,305.00,"15,250.00"
2019-02-18,2019021801004021,NMB,6,25,50,305.00,"15,250.00"
2019-02-18,2019021801004020,NMB,33,25,"1,000",305.00,"305,000.00"
2019-02-18,2019021801004019,NMB,34,25,166,305.00,"50,630.00"
2019-02-18,2019021801004030,NMB,21,25,50,305.00,"15,250.00"
2019-02-18,2019021801004029,NMB,13,25,250,305.00,"76,250.00"
2019-02-18,2019021801004028,NMB,28,25,100,305.00,"30,500.00"
2019-02-18,2019021801004027,NMB,17,25,500,305.00,"152,500.00"
2019-02-18,2019021801004026,NMB,19,25,300,305.00,"91,500.00"
2019-02-18,2019021801004025,NMB,50,25,100,305.00,"30,500.00"
2019-02-18,2019021801003685,NMBMF,25,45,10,"1,045.00","10,450.00"
2019-02-18,2019021801003702,NMBSF1,28,58,"15,000",10.20,"153,000.00"
2019-02-18,2019021801003801,NSEWA,34,34,10,546.00,"5,460.00"
2019-02-18,2019021801003788,NSEWA,34,34,10,546.00,"5,460.00"
2019-02-18,2019021801003782,NSEWA,34,34,10,546.00,"5,460.00"
2019-02-18,2019021801003731,NSEWA,34,34,10,546.00,"5,460.00"
2019-02-18,2019021801003911,OHL,35,35,500,412.00,"206,000.00"
2019-02-18,2019021801003910,OHL,33,35,50,412.00,"20,600.00"
2019-02-18,2019021801003968,PCBL,4,34,221,307.00,"67,847.00"
2019-02-18,2019021801003876,PCBL,11,16,132,308.00,"40,656.00"
2019-02-18,2019021801003852,PCBL,4,6,300,307.00,"92,100.00"
2019-02-18,2019021801003927,PFL,42,38,26,127.00,"3,302.00"
2019-02-18,2019021801003926,PFL,42,38,26,127.00,"3,302.00"
2019-02-18,2019021801003925,PFL,42,38,26,127.00,"3,302.00"
2019-02-18,2019021801003924,PFL,42,38,26,127.00,"3,302.00"
2019-02-18,2019021801003923,PFL,42,38,26,127.00,"3,302.00"
2019-02-18,2019021801003922,PFL,42,38,26,127.00,"3,302.00"
2019-02-18,2019021801004053,PIC,33,10,11,995.00,"10,945.00"
2019-02-18,2019021801004009,PIC,33,48,59,995.00,"58,705.00"
2019-02-18,2019021801004008,PIC,50,48,11,996.00,"10,956.00"
2019-02-18,2019021801004007,PIC,25,48,39,996.00,"38,844.00"
2019-02-18,2019021801003903,PIC,25,10,11,996.00,"10,956.00"
2019-02-18,2019021801003858,PIC,36,10,11,996.00,"10,956.00"
2019-02-18,2019021801003721,PIC,36,10,11,996.00,"10,956.00"
2019-02-18,2019021801004137,PLIC,35,38,115,420.00,"48,300.00"
2019-02-18,2019021801004122,PLIC,35,57,96,420.00,"40,320.00"
2019-02-18,2019021801004121,PLIC,17,57,50,421.00,"21,050.00"
2019-02-18,2019021801003850,PLIC,35,53,90,420.00,"37,800.00"
2019-02-18,2019021801003849,PLIC,33,53,50,420.00,"21,000.00"
2019-02-18,2019021801003848,PLIC,57,53,50,420.00,"21,000.00"
2019-02-18,2019021801003784,PLIC,57,40,200,421.00,"84,200.00"
2019-02-18,2019021801003761,PLIC,33,40,300,422.00,"126,600.00"
2019-02-18,2019021801003760,PLIC,54,40,10,422.00,"4,220.00"
2019-02-18,2019021801003759,PLIC,25,40,50,422.00,"21,100.00"
2019-02-18,2019021801003758,PLIC,41,40,100,422.00,"42,200.00"
2019-02-18,2019021801003757,PLIC,17,40,100,422.00,"42,200.00"
2019-02-18,2019021801003847,PLIC,22,53,150,420.00,"63,000.00"
2019-02-18,2019021801003822,PLIC,22,53,50,420.00,"21,000.00"
2019-02-18,2019021801003821,PLIC,35,53,100,420.00,"42,000.00"
2019-02-18,2019021801003820,PLIC,46,53,50,420.00,"21,000.00"
2019-02-18,2019021801003785,PLIC,21,40,100,421.00,"42,100.00"
2019-02-18,2019021801004086,PMHPL,56,10,10,105.00,"1,050.00"
2019-02-18,2019021801003939,PMHPL,56,10,10,105.00,"1,050.00"
2019-02-18,2019021801003877,PMHPL,56,10,10,105.00,"1,050.00"
2019-02-18,2019021801003735,PRIN,36,33,11,407.00,"4,477.00"
2019-02-18,2019021801004109,PRVU,28,35,259,206.00,"53,354.00"
2019-02-18,2019021801004108,PRVU,57,35,100,206.00,"20,600.00"
2019-02-18,2019021801004006,PRVU,42,34,17,206.00,"3,502.00"
2019-02-18,2019021801004005,PRVU,42,34,50,206.00,"10,300.00"
2019-02-18,2019021801004004,PRVU,56,34,200,206.00,"41,200.00"
2019-02-18,2019021801003790,PRVU,36,25,616,206.00,"126,896.00"
2019-02-18,2019021801003766,PRVU,26,57,200,207.00,"41,400.00"
2019-02-18,2019021801003703,PRVU,43,57,100,207.00,"20,700.00"
2019-02-18,2019021801003795,PRVU,53,25,"1,000",206.00,"206,000.00"
2019-02-18,2019021801003794,PRVU,49,25,100,206.00,"20,600.00"
2019-02-18,2019021801003793,PRVU,49,25,500,206.00,"103,000.00"
2019-02-18,2019021801003792,PRVU,34,25,100,206.00,"20,600.00"
2019-02-18,2019021801003791,PRVU,44,25,50,206.00,"10,300.00"
2019-02-18,2019021801004093,RADHI,50,45,11,153.00,"1,683.00"
2019-02-18,2019021801003742,RADHI,50,10,11,153.00,"1,683.00"
2019-02-18,2019021801003814,RLFL,25,7,66,114.00,"7,524.00"
2019-02-18,2019021801003812,RMDC,52,1,30,521.00,"15,630.00"
2019-02-18,2019021801003819,RRHP,38,38,10,93.00,930.00
2019-02-18,2019021801004140,RSDC,14,10,20,369.00,"7,380.00"
2019-02-18,2019021801003899,RSDC,55,45,30,374.00,"11,220.00"
2019-02-18,2019021801003649,SADBL,4,48,35,136.00,"4,760.00"
2019-02-18,2019021801003975,SANIMA,50,45,500,288.00,"144,000.00"
2019-02-18,2019021801003974,SANIMA,37,45,"1,380",288.00,"397,440.00"
2019-02-18,2019021801003973,SANIMA,52,45,100,288.00,"28,800.00"
2019-02-18,2019021801003972,SANIMA,34,45,300,288.00,"86,400.00"
2019-02-18,2019021801003971,SANIMA,37,45,500,288.00,"144,000.00"
2019-02-18,2019021801003970,SANIMA,39,45,30,288.00,"8,640.00"
2019-02-18,2019021801003772,SANIMA,38,45,500,289.00,"144,500.00"
2019-02-18,2019021801003771,SANIMA,16,45,100,289.00,"28,900.00"
2019-02-18,2019021801003770,SANIMA,50,45,200,289.00,"57,800.00"
2019-02-18,2019021801003769,SANIMA,56,45,490,289.00,"141,610.00"
2019-02-18,2019021801003768,SANIMA,56,50,210,289.00,"60,690.00"
2019-02-18,2019021801003767,SANIMA,21,50,100,289.00,"28,900.00"
2019-02-18,2019021801003969,SANIMA,22,45,86,289.00,"24,854.00"
2019-02-18,2019021801003871,SANIMA,22,19,14,289.00,"4,046.00"
2019-02-18,2019021801003804,SANIMA,53,42,100,290.00,"29,000.00"
2019-02-18,2019021801003775,SANIMA,43,45,600,289.00,"173,400.00"
2019-02-18,2019021801003774,SANIMA,21,45,500,289.00,"144,500.00"
2019-02-18,2019021801003773,SANIMA,28,45,500,289.00,"144,500.00"
2019-02-18,2019021801003879,SBL,34,19,13,275.00,"3,575.00"
2019-02-18,2019021801003710,SBL,34,45,346,275.00,"95,150.00"
2019-02-18,2019021801003709,SBL,34,45,204,275.00,"56,100.00"
2019-02-18,2019021801003657,SBL,34,48,58,275.00,"15,950.00"
2019-02-18,2019021801004145,SCB,11,28,20,529.00,"10,580.00"
2019-02-18,2019021801004060,SCB,42,26,25,532.00,"13,300.00"
2019-02-18,2019021801003932,SCB,7,52,20,528.00,"10,560.00"
2019-02-18,2019021801003928,SCB,7,5,100,528.00,"52,800.00"
2019-02-18,2019021801003885,SCB,38,38,20,529.00,"10,580.00"
2019-02-18,2019021801003749,SCB,57,21,80,527.00,"42,160.00"
2019-02-18,2019021801003748,SCB,3,21,200,528.00,"105,600.00"
2019-02-18,2019021801003747,SCB,47,21,220,528.00,"116,160.00"
2019-02-18,2019021801003865,SDESI,35,1,23,591.00,"13,593.00"
2019-02-18,2019021801003914,SHINE,34,59,306,230.00,"70,380.00"
2019-02-18,2019021801003913,SHINE,56,59,22,230.00,"5,060.00"
2019-02-18,2019021801003898,SHINE,56,59,128,230.00,"29,440.00"
2019-02-18,2019021801003897,SHINE,16,59,200,230.00,"46,000.00"
2019-02-18,2019021801003895,SHPC,11,11,"1,540",216.00,"332,640.00"
2019-02-18,2019021801003830,SHPC,45,57,500,216.00,"108,000.00"
2019-02-18,2019021801004105,SICL,1,47,129,860.00,"110,940.00"
2019-02-18,2019021801004104,SICL,1,56,50,860.00,"43,000.00"
2019-02-18,2019021801004103,SICL,1,48,519,859.00,"445,821.00"
2019-02-18,2019021801004102,SICL,1,1,26,859.00,"22,334.00"
2019-02-18,2019021801004101,SICL,1,44,50,859.00,"42,950.00"
2019-02-18,2019021801004096,SICL,55,1,21,858.00,"18,018.00"
2019-02-18,2019021801003692,SICL,34,34,248,856.00,"212,288.00"
2019-02-18,2019021801003691,SICL,50,34,10,856.00,"8,560.00"
2019-02-18,2019021801004095,SICL,55,1,21,858.00,"18,018.00"
2019-02-18,2019021801003762,SICL,42,53,30,855.00,"25,650.00"
2019-02-18,2019021801003809,SIFC,49,34,500,133.00,"66,500.00"
2019-02-18,2019021801003732,SIL,49,48,10,595.00,"5,950.00"
2019-02-18,2019021801004100,SLBSL,4,45,10,775.00,"7,750.00"
2019-02-18,2019021801003654,SLBSL,4,57,10,775.00,"7,750.00"
2019-02-18,2019021801004146,SLICL,26,7,50,510.00,"25,500.00"
2019-02-18,2019021801004120,SMATA,39,45,10,"1,310.00","13,100.00"
2019-02-18,2019021801003872,SPDL,45,1,15,87.00,"1,305.00"
2019-02-18,2019021801003981,SRBL,42,53,50,208.00,"10,400.00"
2019-02-18,2019021801003783,SRBL,32,25,18,208.00,"3,744.00"
2019-02-18,2019021801003861,SWBBL,42,22,10,785.00,"7,850.00"
2019-02-18,2019021801003664,SWBBL,21,49,50,776.00,"38,800.00"
2019-02-18,2019021801004001,UIC,6,57,190,752.00,"142,880.00"
2019-02-18,2019021801003995,UIC,22,28,20,755.00,"15,100.00"
2019-02-18,2019021801003994,UIC,35,28,30,756.00,"22,680.00"
2019-02-18,2019021801003993,UIC,29,28,50,757.00,"37,850.00"
2019-02-18,2019021801003992,UIC,21,28,30,757.00,"22,710.00"
2019-02-18,2019021801003991,UIC,39,28,10,758.00,"7,580.00"
2019-02-18,2019021801003720,UIC,28,22,150,758.00,"113,700.00"
2019-02-18,2019021801004143,UPPER,53,56,40,221.00,"8,840.00"
2019-02-18,2019021801004136,UPPER,53,45,50,221.00,"11,050.00"
2019-02-18,2019021801003663,UPPER,40,45,40,221.00,"8,840.00"
2019-02-18,2019021801003653,UPPER,40,10,40,221.00,"8,840.00"
2019-02-18,2019021801003650,UPPER,40,42,195,221.00,"43,095.00"
2019-02-18,2019021801003673,UPPER,33,58,100,221.00,"22,100.00"
2019-02-18,2019021801003672,UPPER,49,58,"1,000",221.00,"221,000.00"
2019-02-18,2019021801003671,UPPER,40,58,200,221.00,"44,200.00"
2019-02-18,2019021801003670,UPPER,20,58,100,221.00,"22,100.00"
2019-02-18,2019021801003669,UPPER,41,58,250,221.00,"55,250.00"
2019-02-18,2019021801003668,UPPER,40,58,168,221.00,"37,128.00"
2019-02-18,2019021801003679,UPPER,22,58,300,221.00,"66,300.00"
2019-02-18,2019021801003678,UPPER,22,58,200,221.00,"44,200.00"
2019-02-18,2019021801003677,UPPER,25,58,500,221.00,"110,500.00"
2019-02-18,2019021801003676,UPPER,1,58,200,221.00,"44,200.00"
2019-02-18,2019021801003675,UPPER,26,58,100,221.00,"22,100.00"
2019-02-18,2019021801003674,UPPER,40,58,100,221.00,"22,100.00"
2019-02-18,2019021801003693,UPPER,58,45,40,220.00,"8,800.00"
2019-02-18,2019021801003684,UPPER,1,58,100,221.00,"22,100.00"
2019-02-18,2019021801003683,UPPER,43,58,500,221.00,"110,500.00"
2019-02-18,2019021801003682,UPPER,6,58,25,221.00,"5,525.00"
2019-02-18,2019021801003681,UPPER,25,58,100,221.00,"22,100.00"
2019-02-18,2019021801003680,UPPER,34,58,100,221.00,"22,100.00"
2019-02-18,2019021801003753,UPPER,7,18,50,221.00,"11,050.00"
2019-02-18,2019021801003741,UPPER,7,52,146,221.00,"32,266.00"
2019-02-18,2019021801003740,UPPER,7,58,374,221.00,"82,654.00"
2019-02-18,2019021801003730,UPPER,45,58,70,221.00,"15,470.00"
2019-02-18,2019021801003708,UPPER,58,16,50,220.00,"11,000.00"
2019-02-18,2019021801003697,UPPER,58,56,50,220.00,"11,000.00"
2019-02-18,2019021801003813,UPPER,58,38,40,220.00,"8,800.00"
2019-02-18,2019021801003787,UPPER,49,58,100,221.00,"22,100.00"
2019-02-18,2019021801003786,UPPER,7,58,340,221.00,"75,140.00"
2019-02-18,2019021801003756,UPPER,7,18,50,221.00,"11,050.00"
2019-02-18,2019021801003754,UPPER,7,48,40,221.00,"8,840.00"
2019-02-18,2019021801003902,UPPER,7,42,50,221.00,"11,050.00"
2019-02-18,2019021801003892,UPPER,1,58,40,221.00,"8,840.00"
2019-02-18,2019021801003891,UPPER,1,58,60,221.00,"13,260.00"
2019-02-18,2019021801003881,UPPER,58,28,50,220.00,"11,000.00"
2019-02-18,2019021801003945,UPPER,39,48,12,221.00,"2,652.00"
2019-02-18,2019021801003934,UPPER,58,38,40,220.00,"8,800.00"
2019-02-18,2019021801003933,UPPER,58,1,50,220.00,"11,000.00"
2019-02-18,2019021801003930,UPPER,7,48,28,221.00,"6,188.00"
2019-02-18,2019021801003908,UPPER,7,48,50,221.00,"11,050.00"
2019-02-18,2019021801003904,UPPER,7,52,72,221.00,"15,912.00"
2019-02-18,2019021801004034,UPPER,19,26,40,221.00,"8,840.00"
2019-02-18,2019021801004012,UPPER,19,16,233,221.00,"51,493.00"
2019-02-18,2019021801003996,UPPER,19,1,40,221.00,"8,840.00"
2019-02-18,2019021801003964,UPPER,19,38,40,221.00,"8,840.00"
2019-02-18,2019021801003963,UPPER,19,48,50,221.00,"11,050.00"
2019-02-18,2019021801003962,UPPER,19,48,40,221.00,"8,840.00"
2019-02-18,2019021801004090,UPPER,19,34,40,221.00,"8,840.00"
2019-02-18,2019021801004083,UPPER,19,1,40,221.00,"8,840.00"
2019-02-18,2019021801004042,UPPER,42,32,50,222.00,"11,100.00"
2019-02-18,2019021801004041,UPPER,42,32,10,222.00,"2,220.00"
2019-02-18,2019021801004040,UPPER,42,32,40,222.00,"8,880.00"
2019-02-18,2019021801004039,UPPER,19,45,275,221.00,"60,775.00"
2019-02-18,2019021801004099,UPPER,53,39,40,221.00,"8,840.00"
2019-02-18,2019021801004094,UPPER,19,38,50,221.00,"11,050.00"
2019-02-18,2019021801004091,UPPER,19,21,150,221.00,"33,150.00"
2019-02-18,2019021801003779,WOMI,54,48,16,"1,095.00","17,520.00"
2019-02-18,2019021801003643,ADBL,49,59,500,327.00,"163,500.00"
2019-02-18,2019021801003642,ADBL,16,59,357,327.00,"116,739.00"
2019-02-18,2019021801003611,ADBL,1,59,500,328.00,"164,000.00"
2019-02-18,2019021801003368,ADBL,16,56,79,327.00,"25,833.00"
2019-02-18,2019021801003367,ADBL,49,56,51,327.00,"16,677.00"
2019-02-18,2019021801003299,ADBL,16,6,498,328.00,"163,344.00"
2019-02-18,2019021801003298,ADBL,16,53,66,328.00,"21,648.00"
2019-02-18,2019021801003455,AHPC,32,16,35,97.00,"3,395.00"
2019-02-18,2019021801003454,AHPC,55,16,500,97.00,"48,500.00"
2019-02-18,2019021801003453,AHPC,57,16,445,97.00,"43,165.00"
2019-02-18,2019021801003460,AKJCL,29,16,10,81.00,810.00
2019-02-18,2019021801003433,AKJCL,29,17,20,81.00,"1,620.00"
2019-02-18,2019021801003503,AKPL,40,40,13,152.00,"1,976.00"
2019-02-18,2019021801003336,AKPL,45,45,11,151.00,"1,661.00"
2019-02-18,2019021801003270,AKPL,22,26,650,151.00,"98,150.00"
2019-02-18,2019021801003257,AKPL,40,26,200,151.00,"30,200.00"
2019-02-18,2019021801003252,AKPL,18,38,106,150.00,"15,900.00"
2019-02-18,2019021801003177,AKPL,18,54,60,150.00,"9,000.00"
2019-02-18,2019021801003168,AKPL,18,39,13,150.00,"1,950.00"
2019-02-18,2019021801003162,AKPL,40,26,50,151.00,"7,550.00"
2019-02-18,2019021801003269,ALICL,16,56,39,562.00,"21,918.00"
2019-02-18,2019021801003268,ALICL,50,56,100,562.00,"56,200.00"
2019-02-18,2019021801003267,ALICL,38,56,50,563.00,"28,150.00"
2019-02-18,2019021801003266,ALICL,4,56,61,563.00,"34,343.00"
2019-02-18,2019021801003265,ALICL,37,56,50,564.00,"28,200.00"
2019-02-18,2019021801003474,API,36,16,300,126.00,"37,800.00"
2019-02-18,2019021801003473,API,13,16,20,126.00,"2,520.00"
2019-02-18,2019021801003472,API,51,16,200,126.00,"25,200.00"
2019-02-18,2019021801003471,API,52,16,83,126.00,"10,458.00"
2019-02-18,2019021801003470,API,33,16,100,127.00,"12,700.00"
2019-02-18,2019021801003542,BOKL,42,42,100,241.00,"24,100.00"
2019-02-18,2019021801003487,BOKL,14,50,88,240.00,"21,120.00"
2019-02-18,2019021801003486,BOKL,45,50,50,240.00,"12,000.00"
2019-02-18,2019021801003485,BOKL,11,50,62,240.00,"14,880.00"
2019-02-18,2019021801003634,BPCL,45,45,20,340.00,"6,800.00"
2019-02-18,2019021801003617,BPCL,38,45,20,341.00,"6,820.00"
2019-02-18,2019021801003292,BPCL,38,38,20,341.00,"6,820.00"
2019-02-18,2019021801003175,BPCL,45,10,270,340.00,"91,800.00"
2019-02-18,2019021801003173,BPCL,47,39,10,339.00,"3,390.00"
2019-02-18,2019021801003172,BPCL,47,45,10,339.00,"3,390.00"
2019-02-18,2019021801003164,BPCL,45,10,30,340.00,"10,200.00"
2019-02-18,2019021801003163,BPCL,45,45,10,340.00,"3,400.00"
2019-02-18,2019021801003612,CBBL,47,58,100,860.00,"86,000.00"
2019-02-18,2019021801003605,CBBL,47,58,400,860.00,"344,000.00"
2019-02-18,2019021801003591,CBBL,29,58,400,860.00,"344,000.00"
2019-02-18,2019021801003511,CBBL,52,58,100,860.00,"86,000.00"
2019-02-18,2019021801003415,CBBL,37,48,20,863.00,"17,260.00"
2019-02-18,2019021801003423,CBL,52,52,3,145.00,435.00
2019-02-18,2019021801003416,CBL,45,45,2,148.00,296.00
2019-02-18,2019021801003411,CBL,45,45,2,148.00,296.00
2019-02-18,2019021801003371,CBL,45,45,3,148.00,444.00
2019-02-18,2019021801003337,CBL,44,48,240,147.00,"35,280.00"
2019-02-18,2019021801003282,CBL,46,35,50,148.00,"7,400.00"
2019-02-18,2019021801003281,CBL,32,35,79,148.00,"11,692.00"
2019-02-18,2019021801003193,CBL,32,29,21,148.00,"3,108.00"
2019-02-18,2019021801003192,CBL,48,29,100,148.00,"14,800.00"
2019-02-18,2019021801003191,CBL,32,29,22,148.00,"3,256.00"
2019-02-18,2019021801003571,CCBL,22,40,22,157.00,"3,454.00"
2019-02-18,2019021801003479,CCBL,22,16,12,157.00,"1,884.00"
2019-02-18,2019021801003427,CCBL,52,52,3,154.00,462.00
2019-02-18,2019021801003198,CCBL,49,5,400,158.00,"63,200.00"
2019-02-18,2019021801003189,CCBL,49,1,56,158.00,"8,848.00"
2019-02-18,2019021801003303,CCBL,45,6,100,158.00,"15,800.00"
2019-02-18,2019021801003302,CCBL,37,6,100,158.00,"15,800.00"
2019-02-18,2019021801003301,CCBL,45,6,500,158.00,"79,000.00"
2019-02-18,2019021801003300,CCBL,49,6,565,158.00,"89,270.00"
2019-02-18,2019021801003274,CCBL,49,59,45,158.00,"7,110.00"
2019-02-18,2019021801003381,CCBL,22,59,43,157.00,"6,751.00"
2019-02-18,2019021801003374,CCBL,22,56,119,157.00,"18,683.00"
2019-02-18,2019021801003341,CCBL,32,6,200,158.00,"31,600.00"
2019-02-18,2019021801003334,CCBL,22,40,260,157.00,"40,820.00"
2019-02-18,2019021801003305,CCBL,46,6,50,158.00,"7,900.00"
2019-02-18,2019021801003304,CCBL,5,6,100,158.00,"15,800.00"
2019-02-18,2019021801003627,CHL,58,41,30,102.00,"3,060.00"
2019-02-18,2019021801003463,CIT,43,22,50,"2,495.00","124,750.00"
2019-02-18,2019021801003462,CIT,56,22,10,"2,495.00","24,950.00"
2019-02-18,2019021801003461,CIT,13,22,15,"2,498.00","37,470.00"
2019-02-18,2019021801003202,CZBIL,49,1,10,201.00,"2,010.00"
2019-02-18,2019021801003609,DBBL,56,22,155,122.00,"18,910.00"
2019-02-18,2019021801003576,DBBL,10,22,100,122.00,"12,200.00"
2019-02-18,2019021801003558,DBBL,4,37,123,123.00,"15,129.00"
2019-02-18,2019021801003408,DBBL,4,37,40,123.00,"4,920.00"
2019-02-18,2019021801003363,DBBL,41,48,987,121.00,"119,427.00"
2019-02-18,2019021801003362,DBBL,45,48,100,121.00,"12,100.00"
2019-02-18,2019021801003361,DBBL,45,48,184,121.00,"22,264.00"
2019-02-18,2019021801003181,DBBL,45,29,64,121.00,"7,744.00"
2019-02-18,2019021801003424,DDBL,44,48,16,560.00,"8,960.00"
2019-02-18,2019021801003386,DDBL,21,48,50,560.00,"28,000.00"
2019-02-18,2019021801003606,EBL,13,50,459,503.00,"230,877.00"
2019-02-18,2019021801003518,EBL,13,36,88,503.00,"44,264.00"
2019-02-18,2019021801003517,EBL,42,36,25,503.00,"12,575.00"
2019-02-18,2019021801003401,EBL,4,50,10,505.00,"5,050.00"
2019-02-18,2019021801003342,EBL,4,22,41,504.00,"20,664.00"
2019-02-18,2019021801003516,EBL,29,36,10,503.00,"5,030.00"
2019-02-18,2019021801003515,EBL,34,36,27,503.00,"13,581.00"
2019-02-18,2019021801003421,EDBL,16,48,30,289.00,"8,670.00"
2019-02-18,2019021801003420,EDBL,6,48,100,290.00,"29,000.00"
2019-02-18,2019021801003532,FMDBL,19,57,22,356.00,"7,832.00"
2019-02-18,2019021801003437,FOWAD,47,48,66,"1,525.00","100,650.00"
2019-02-18,2019021801003581,GBBL,4,45,7,181.00,"1,267.00"
2019-02-18,2019021801003580,GBBL,4,53,39,181.00,"7,059.00"
2019-02-18,2019021801003525,GBBL,4,45,23,181.00,"4,163.00"
2019-02-18,2019021801003360,GBBL,36,28,"1,000",181.00,"181,000.00"
2019-02-18,2019021801003343,GBIME,6,6,148,257.00,"38,036.00"
2019-02-18,2019021801003531,GBLBS,20,59,20,425.00,"8,500.00"
2019-02-18,2019021801003530,GBLBS,20,59,20,425.00,"8,500.00"
2019-02-18,2019021801003414,GBLBS,20,59,20,425.00,"8,500.00"
2019-02-18,2019021801003413,GBLBS,20,59,20,425.00,"8,500.00"
2019-02-18,2019021801003412,GBLBS,21,59,100,425.00,"42,500.00"
2019-02-18,2019021801003594,GDBL,37,45,30,180.00,"5,400.00"
2019-02-18,2019021801003224,GILB,11,39,19,"1,058.00","20,102.00"
2019-02-18,2019021801003245,GLICL,58,29,100,650.00,"65,000.00"
2019-02-18,2019021801003223,GLICL,58,42,40,648.00,"25,920.00"
2019-02-18,2019021801003158,GLICL,35,42,30,648.00,"19,440.00"
2019-02-18,2019021801003496,HBL,26,10,17,430.00,"7,310.00"
2019-02-18,2019021801003615,HGI,10,26,400,374.00,"149,600.00"
2019-02-18,2019021801003637,HIDCL,4,22,86,132.00,"11,352.00"
2019-02-18,2019021801003616,HIDCL,38,16,46,131.00,"6,026.00"
2019-02-18,2019021801003494,HIDCL,4,22,21,132.00,"2,772.00"
2019-02-18,2019021801003387,HIDCL,38,59,15,131.00,"1,965.00"
2019-02-18,2019021801003283,HIDCL,38,59,15,131.00,"1,965.00"
2019-02-18,2019021801003186,HIDCL,38,39,44,131.00,"5,764.00"
2019-02-18,2019021801003372,HPPL,42,45,20,167.00,"3,340.00"
2019-02-18,2019021801003307,HPPL,42,38,10,167.00,"1,670.00"
2019-02-18,2019021801003286,HPPL,42,14,10,167.00,"1,670.00"
2019-02-18,2019021801003222,HPPL,42,45,20,167.00,"3,340.00"
2019-02-18,2019021801003194,HPPL,42,39,20,167.00,"3,340.00"
2019-02-18,2019021801003561,JBBL,4,6,69,136.00,"9,384.00"
2019-02-18,2019021801003417,JBBL,4,6,34,136.00,"4,624.00"
2019-02-18,2019021801003641,JBNL,48,34,12,163.00,"1,956.00"
2019-02-18,2019021801003625,JBNL,48,34,151,163.00,"24,613.00"
2019-02-18,2019021801003624,JBNL,29,34,349,163.00,"56,887.00"
2019-02-18,2019021801003597,JBNL,29,53,151,163.00,"24,613.00"
2019-02-18,2019021801003596,JBNL,7,53,100,163.00,"16,300.00"
2019-02-18,2019021801003595,JBNL,57,53,221,163.00,"36,023.00"
2019-02-18,2019021801003188,JBNL,4,10,27,164.00,"4,428.00"
2019-02-18,2019021801003185,JBNL,49,10,"1,100",164.00,"180,400.00"
2019-02-18,2019021801003184,JBNL,49,29,500,164.00,"82,000.00"
