Date,Transact. No.,Symbol,Buyer,Seller,Quantity,Rate,Amount
2020-09-23,2020092304006988,CMF1,1,56,"1,000",11.32,"11,320.00"
2020-09-23,2020092304006987,CMF1,1,6,700,11.32,"7,924.00"
2020-09-23,2020092304006849,CMF1,8,6,300,11.32,"3,396.00"
2020-09-23,2020092304006826,CMF1,50,43,"5,000",11.30,"56,500.00"
2020-09-23,2020092304006807,CMF1,21,43,"2,000",11.29,"22,580.00"
2020-09-23,2020092304006732,CMF1,50,11,"5,000",11.30,"56,500.00"
2020-09-23,2020092304006516,CMF1,25,58,"20,000",11.28,"225,600.00"
2020-09-23,2020092304006934,GIMES1,29,11,"2,000",9.20,"18,400.00"
2020-09-23,2020092304006930,GIMES1,29,22,"2,051",9.20,"18,869.20"
2020-09-23,2020092304006574,GIMES1,29,42,300,9.20,"2,760.00"
2020-09-23,2020092304006982,LEMF,49,41,"3,000",8.48,"25,440.00"
2020-09-23,2020092304006981,LEMF,53,41,"4,000",8.50,"34,000.00"
2020-09-23,2020092304006936,LEMF,53,41,"1,000",8.50,"8,500.00"
2020-09-23,2020092304006935,LEMF,36,41,"4,000",8.57,"34,280.00"
2020-09-23,2020092304006891,LEMF,36,41,"4,000",8.57,"34,280.00"
2020-09-23,2020092304006890,LEMF,34,41,"1,000",8.60,"8,600.00"
2020-09-23,2020092304006520,LUK,35,54,"3,650",8.97,"32,740.50"
2020-09-23,2020092304006519,LUK,58,54,150,8.98,"1,347.00"
2020-09-23,2020092304006518,LUK,8,54,"1,200",8.98,"10,776.00"
2020-09-23,2020092304006946,NIBLPF,14,22,525,8.75,"4,593.75"
2020-09-23,2020092304006945,NIBLPF,14,22,"1,000",8.75,"8,750.00"
2020-09-23,2020092304006944,NIBLPF,14,22,"1,000",8.75,"8,750.00"
2020-09-23,2020092304006582,NIBLPF,17,38,"2,525",8.66,"21,866.50"
2020-09-23,2020092304006919,NIBPO,6,50,960,361.00,"346,560.00"
2020-09-23,2020092304006879,NIBPO,45,50,40,361.00,"14,440.00"
2020-09-23,2020092304006602,NIBPO,6,7,900,360.00,"324,000.00"
2020-09-23,2020092304006601,NIBPO,6,36,892,360.00,"321,120.00"
2020-09-23,2020092304006866,NICGF,17,50,"1,000",9.40,"9,400.00"
2020-09-23,2020092304006848,NICGF,17,21,500,9.36,"4,680.00"
2020-09-23,2020092304006572,NMB50,17,58,100,9.34,934.00
2020-09-23,2020092304006968,RBCLPO,26,28,30,"10,230.00","306,900.00"
2020-09-23,2020092304007012,RLI,47,38,10,662.00,"6,620.00"
2020-09-23,2020092304007011,RLI,44,25,10,660.00,"6,600.00"
2020-09-23,2020092304007010,RLI,44,14,10,660.00,"6,600.00"
2020-09-23,2020092304007009,RLI,45,19,10,664.00,"6,640.00"
2020-09-23,2020092304007008,RLI,45,6,10,664.00,"6,640.00"
2020-09-23,2020092304007007,RLI,45,43,10,662.00,"6,620.00"
2020-09-23,2020092304006522,RLI,58,58,10,643.00,"6,430.00"
2020-09-23,2020092304006521,RLI,58,17,10,643.00,"6,430.00"
2020-09-23,2020092304006517,RLI,58,10,10,643.00,"6,430.00"
2020-09-23,2020092304006515,RLI,56,13,10,648.00,"6,480.00"
2020-09-23,2020092304006514,RLI,58,20,10,643.00,"6,430.00"
2020-09-23,2020092304006513,RLI,58,26,10,643.00,"6,430.00"
2020-09-23,2020092304006528,RLI,25,56,10,644.00,"6,440.00"
2020-09-23,2020092304006527,RLI,25,49,10,643.00,"6,430.00"
2020-09-23,2020092304006526,RLI,58,38,10,643.00,"6,430.00"
2020-09-23,2020092304006525,RLI,58,22,10,643.00,"6,430.00"
2020-09-23,2020092304006524,RLI,58,42,10,643.00,"6,430.00"
2020-09-23,2020092304006523,RLI,58,56,10,643.00,"6,430.00"
2020-09-23,2020092304006534,RLI,35,45,10,644.00,"6,440.00"
2020-09-23,2020092304006533,RLI,35,8,10,644.00,"6,440.00"
2020-09-23,2020092304006532,RLI,35,22,10,644.00,"6,440.00"
2020-09-23,2020092304006531,RLI,25,8,10,644.00,"6,440.00"
2020-09-23,2020092304006530,RLI,25,20,10,644.00,"6,440.00"
2020-09-23,2020092304006529,RLI,25,10,10,644.00,"6,440.00"
2020-09-23,2020092304006540,RLI,17,51,10,649.00,"6,490.00"
2020-09-23,2020092304006539,RLI,17,29,10,649.00,"6,490.00"
2020-09-23,2020092304006538,RLI,17,36,10,648.00,"6,480.00"
2020-09-23,2020092304006537,RLI,17,38,10,648.00,"6,480.00"
2020-09-23,2020092304006536,RLI,17,37,10,646.00,"6,460.00"
2020-09-23,2020092304006535,RLI,17,44,10,645.00,"6,450.00"
2020-09-23,2020092304006546,RLI,17,52,10,650.00,"6,500.00"
2020-09-23,2020092304006545,RLI,17,52,10,649.00,"6,490.00"
2020-09-23,2020092304006544,RLI,17,21,10,649.00,"6,490.00"
2020-09-23,2020092304006543,RLI,17,26,10,649.00,"6,490.00"
2020-09-23,2020092304006542,RLI,17,57,10,649.00,"6,490.00"
2020-09-23,2020092304006541,RLI,17,49,10,649.00,"6,490.00"
2020-09-23,2020092304006552,RLI,17,49,10,650.00,"6,500.00"
2020-09-23,2020092304006551,RLI,17,41,10,650.00,"6,500.00"
2020-09-23,2020092304006550,RLI,17,14,10,650.00,"6,500.00"
2020-09-23,2020092304006549,RLI,17,41,10,650.00,"6,500.00"
2020-09-23,2020092304006548,RLI,17,57,10,650.00,"6,500.00"
2020-09-23,2020092304006547,RLI,17,28,10,650.00,"6,500.00"
2020-09-23,2020092304006558,RLI,17,53,10,650.00,"6,500.00"
2020-09-23,2020092304006557,RLI,17,41,10,650.00,"6,500.00"
2020-09-23,2020092304006556,RLI,17,56,10,650.00,"6,500.00"
2020-09-23,2020092304006555,RLI,17,25,10,650.00,"6,500.00"
2020-09-23,2020092304006554,RLI,17,53,10,650.00,"6,500.00"
2020-09-23,2020092304006553,RLI,17,5,10,650.00,"6,500.00"
2020-09-23,2020092304006564,RLI,17,58,10,650.00,"6,500.00"
2020-09-23,2020092304006563,RLI,17,52,10,650.00,"6,500.00"
2020-09-23,2020092304006562,RLI,17,48,10,650.00,"6,500.00"
2020-09-23,2020092304006561,RLI,17,19,10,650.00,"6,500.00"
2020-09-23,2020092304006560,RLI,17,36,10,650.00,"6,500.00"
2020-09-23,2020092304006559,RLI,17,58,10,650.00,"6,500.00"
2020-09-23,2020092304006570,RLI,17,34,10,650.00,"6,500.00"
2020-09-23,2020092304006569,RLI,17,21,10,650.00,"6,500.00"
2020-09-23,2020092304006568,RLI,17,47,10,650.00,"6,500.00"
2020-09-23,2020092304006567,RLI,17,41,10,650.00,"6,500.00"
2020-09-23,2020092304006566,RLI,17,47,10,650.00,"6,500.00"
2020-09-23,2020092304006565,RLI,17,50,10,650.00,"6,500.00"
2020-09-23,2020092304006578,RLI,25,22,10,643.00,"6,430.00"
2020-09-23,2020092304006577,RLI,56,50,11,656.00,"7,216.00"
2020-09-23,2020092304006576,RLI,17,10,10,644.00,"6,440.00"
2020-09-23,2020092304006575,RLI,17,52,10,644.00,"6,440.00"
2020-09-23,2020092304006573,RLI,35,1,10,644.00,"6,440.00"
2020-09-23,2020092304006571,RLI,35,58,10,644.00,"6,440.00"
2020-09-23,2020092304006585,RLI,29,38,10,644.00,"6,440.00"
2020-09-23,2020092304006584,RLI,29,8,10,644.00,"6,440.00"
2020-09-23,2020092304006583,RLI,25,10,10,643.00,"6,430.00"
2020-09-23,2020092304006581,RLI,25,8,10,643.00,"6,430.00"
2020-09-23,2020092304006580,RLI,25,56,10,643.00,"6,430.00"
2020-09-23,2020092304006579,RLI,25,20,10,643.00,"6,430.00"
2020-09-23,2020092304006591,RLI,50,57,10,644.00,"6,440.00"
2020-09-23,2020092304006590,RLI,25,42,10,643.00,"6,430.00"
2020-09-23,2020092304006589,RLI,58,47,10,644.00,"6,440.00"
2020-09-23,2020092304006588,RLI,58,34,10,644.00,"6,440.00"
2020-09-23,2020092304006587,RLI,29,6,10,644.00,"6,440.00"
2020-09-23,2020092304006586,RLI,29,34,10,644.00,"6,440.00"
2020-09-23,2020092304006597,RLI,16,22,10,645.00,"6,450.00"
2020-09-23,2020092304006596,RLI,16,38,10,645.00,"6,450.00"
2020-09-23,2020092304006595,RLI,50,10,10,644.00,"6,440.00"
2020-09-23,2020092304006594,RLI,50,17,10,644.00,"6,440.00"
2020-09-23,2020092304006593,RLI,50,20,10,644.00,"6,440.00"
2020-09-23,2020092304006592,RLI,50,38,10,644.00,"6,440.00"
2020-09-23,2020092304006605,RLI,19,45,10,646.00,"6,460.00"
2020-09-23,2020092304006604,RLI,19,10,10,646.00,"6,460.00"
2020-09-23,2020092304006603,RLI,35,20,10,645.00,"6,450.00"
2020-09-23,2020092304006600,RLI,35,48,10,645.00,"6,450.00"
2020-09-23,2020092304006599,RLI,16,56,10,645.00,"6,450.00"
2020-09-23,2020092304006598,RLI,16,41,10,645.00,"6,450.00"
2020-09-23,2020092304006611,RLI,58,58,10,652.00,"6,520.00"
2020-09-23,2020092304006610,RLI,58,41,10,650.00,"6,500.00"
2020-09-23,2020092304006609,RLI,58,38,10,650.00,"6,500.00"
2020-09-23,2020092304006608,RLI,58,35,10,650.00,"6,500.00"
2020-09-23,2020092304006607,RLI,58,20,10,650.00,"6,500.00"
2020-09-23,2020092304006606,RLI,58,50,10,648.00,"6,480.00"
2020-09-23,2020092304006617,RLI,58,58,10,653.00,"6,530.00"
2020-09-23,2020092304006616,RLI,58,22,10,652.00,"6,520.00"
2020-09-23,2020092304006615,RLI,58,53,10,652.00,"6,520.00"
2020-09-23,2020092304006614,RLI,58,32,10,652.00,"6,520.00"
2020-09-23,2020092304006613,RLI,58,13,10,652.00,"6,520.00"
2020-09-23,2020092304006612,RLI,58,58,10,652.00,"6,520.00"
2020-09-23,2020092304006623,RLI,58,42,10,653.00,"6,530.00"
2020-09-23,2020092304006622,RLI,58,42,10,653.00,"6,530.00"
2020-09-23,2020092304006621,RLI,58,58,10,653.00,"6,530.00"
2020-09-23,2020092304006620,RLI,58,46,10,653.00,"6,530.00"
2020-09-23,2020092304006619,RLI,58,46,10,653.00,"6,530.00"
2020-09-23,2020092304006618,RLI,58,34,10,653.00,"6,530.00"
2020-09-23,2020092304006629,RLI,21,13,10,654.00,"6,540.00"
2020-09-23,2020092304006628,RLI,34,4,10,650.00,"6,500.00"
2020-09-23,2020092304006627,RLI,34,20,10,650.00,"6,500.00"
2020-09-23,2020092304006626,RLI,53,10,10,647.00,"6,470.00"
2020-09-23,2020092304006625,RLI,58,11,10,653.00,"6,530.00"
2020-09-23,2020092304006624,RLI,58,42,10,653.00,"6,530.00"
2020-09-23,2020092304006635,RLI,21,33,10,654.00,"6,540.00"
2020-09-23,2020092304006634,RLI,21,40,10,654.00,"6,540.00"
2020-09-23,2020092304006633,RLI,21,34,10,654.00,"6,540.00"
2020-09-23,2020092304006632,RLI,21,18,10,654.00,"6,540.00"
2020-09-23,2020092304006631,RLI,21,45,10,654.00,"6,540.00"
2020-09-23,2020092304006630,RLI,21,51,10,654.00,"6,540.00"
2020-09-23,2020092304006641,RLI,21,46,10,654.00,"6,540.00"
2020-09-23,2020092304006640,RLI,21,51,10,654.00,"6,540.00"
2020-09-23,2020092304006639,RLI,21,51,10,654.00,"6,540.00"
2020-09-23,2020092304006638,RLI,21,46,10,654.00,"6,540.00"
2020-09-23,2020092304006637,RLI,21,32,10,654.00,"6,540.00"
2020-09-23,2020092304006636,RLI,21,36,10,654.00,"6,540.00"
2020-09-23,2020092304006647,RLI,34,10,10,650.00,"6,500.00"
2020-09-23,2020092304006646,RLI,34,19,10,650.00,"6,500.00"
2020-09-23,2020092304006645,RLI,34,39,10,650.00,"6,500.00"
2020-09-23,2020092304006644,RLI,21,19,10,654.00,"6,540.00"
2020-09-23,2020092304006643,RLI,21,14,10,654.00,"6,540.00"
2020-09-23,2020092304006642,RLI,21,51,10,654.00,"6,540.00"
2020-09-23,2020092304006653,RLI,19,51,10,654.00,"6,540.00"
2020-09-23,2020092304006652,RLI,19,51,10,654.00,"6,540.00"
2020-09-23,2020092304006651,RLI,19,33,10,654.00,"6,540.00"
2020-09-23,2020092304006650,RLI,19,58,10,654.00,"6,540.00"
2020-09-23,2020092304006649,RLI,19,37,10,654.00,"6,540.00"
2020-09-23,2020092304006648,RLI,34,22,10,650.00,"6,500.00"
2020-09-23,2020092304006659,RLI,53,56,10,655.00,"6,550.00"
2020-09-23,2020092304006658,RLI,53,52,10,655.00,"6,550.00"
2020-09-23,2020092304006657,RLI,53,52,10,655.00,"6,550.00"
2020-09-23,2020092304006656,RLI,19,11,10,654.00,"6,540.00"
2020-09-23,2020092304006655,RLI,19,10,10,654.00,"6,540.00"
2020-09-23,2020092304006654,RLI,19,36,10,654.00,"6,540.00"
2020-09-23,2020092304006665,RLI,53,26,10,655.00,"6,550.00"
2020-09-23,2020092304006664,RLI,53,46,10,655.00,"6,550.00"
2020-09-23,2020092304006663,RLI,53,47,10,655.00,"6,550.00"
2020-09-23,2020092304006662,RLI,53,26,10,655.00,"6,550.00"
2020-09-23,2020092304006661,RLI,53,35,10,655.00,"6,550.00"
2020-09-23,2020092304006660,RLI,53,26,10,655.00,"6,550.00"
2020-09-23,2020092304006671,RLI,34,38,10,650.00,"6,500.00"
2020-09-23,2020092304006670,RLI,34,39,10,650.00,"6,500.00"
2020-09-23,2020092304006669,RLI,34,33,10,650.00,"6,500.00"
2020-09-23,2020092304006668,RLI,34,36,10,650.00,"6,500.00"
2020-09-23,2020092304006667,RLI,17,21,10,654.00,"6,540.00"
2020-09-23,2020092304006666,RLI,17,20,10,654.00,"6,540.00"
2020-09-23,2020092304006677,RLI,5,39,10,651.00,"6,510.00"
2020-09-23,2020092304006676,RLI,5,33,10,651.00,"6,510.00"
2020-09-23,2020092304006675,RLI,5,10,10,651.00,"6,510.00"
2020-09-23,2020092304006674,RLI,5,17,10,651.00,"6,510.00"
2020-09-23,2020092304006673,RLI,40,36,10,650.00,"6,500.00"
2020-09-23,2020092304006672,RLI,34,51,10,650.00,"6,500.00"
2020-09-23,2020092304006683,RLI,38,49,10,652.00,"6,520.00"
2020-09-23,2020092304006682,RLI,38,36,10,652.00,"6,520.00"
2020-09-23,2020092304006681,RLI,5,10,10,651.00,"6,510.00"
2020-09-23,2020092304006680,RLI,5,45,10,651.00,"6,510.00"
2020-09-23,2020092304006679,RLI,5,58,10,651.00,"6,510.00"
2020-09-23,2020092304006678,RLI,5,49,10,651.00,"6,510.00"
2020-09-23,2020092304006689,RLI,38,57,10,654.00,"6,540.00"
2020-09-23,2020092304006688,RLI,38,37,10,653.00,"6,530.00"
2020-09-23,2020092304006687,RLI,4,10,10,652.00,"6,520.00"
2020-09-23,2020092304006686,RLI,38,58,10,652.00,"6,520.00"
2020-09-23,2020092304006685,RLI,38,20,10,652.00,"6,520.00"
2020-09-23,2020092304006684,RLI,38,33,10,652.00,"6,520.00"
2020-09-23,2020092304006695,RLI,38,52,10,655.00,"6,550.00"
2020-09-23,2020092304006694,RLI,38,3,10,655.00,"6,550.00"
2020-09-23,2020092304006693,RLI,38,19,10,655.00,"6,550.00"
2020-09-23,2020092304006692,RLI,38,49,10,655.00,"6,550.00"
2020-09-23,2020092304006691,RLI,38,6,10,655.00,"6,550.00"
2020-09-23,2020092304006690,RLI,38,58,10,654.00,"6,540.00"
2020-09-23,2020092304006701,RLI,5,17,10,653.00,"6,530.00"
2020-09-23,2020092304006700,RLI,5,20,10,653.00,"6,530.00"
2020-09-23,2020092304006699,RLI,5,39,10,653.00,"6,530.00"
2020-09-23,2020092304006698,RLI,4,33,10,652.00,"6,520.00"
2020-09-23,2020092304006697,RLI,38,38,10,655.00,"6,550.00"
2020-09-23,2020092304006696,RLI,38,42,10,655.00,"6,550.00"
2020-09-23,2020092304006707,RLI,19,37,10,654.00,"6,540.00"
2020-09-23,2020092304006706,RLI,19,41,10,654.00,"6,540.00"
2020-09-23,2020092304006705,RLI,19,39,10,654.00,"6,540.00"
2020-09-23,2020092304006704,RLI,19,6,10,654.00,"6,540.00"
2020-09-23,2020092304006703,RLI,19,41,10,654.00,"6,540.00"
2020-09-23,2020092304006702,RLI,19,38,10,654.00,"6,540.00"
2020-09-23,2020092304006713,RLI,41,52,10,655.00,"6,550.00"
2020-09-23,2020092304006712,RLI,19,44,10,654.00,"6,540.00"
2020-09-23,2020092304006711,RLI,11,41,10,655.00,"6,550.00"
2020-09-23,2020092304006710,RLI,11,57,10,655.00,"6,550.00"
2020-09-23,2020092304006709,RLI,19,19,10,654.00,"6,540.00"
2020-09-23,2020092304006708,RLI,19,10,10,654.00,"6,540.00"
2020-09-23,2020092304006719,RLI,41,45,10,655.00,"6,550.00"
2020-09-23,2020092304006718,RLI,41,40,10,655.00,"6,550.00"
2020-09-23,2020092304006717,RLI,41,50,10,655.00,"6,550.00"
2020-09-23,2020092304006716,RLI,41,8,10,655.00,"6,550.00"
2020-09-23,2020092304006715,RLI,41,39,10,655.00,"6,550.00"
2020-09-23,2020092304006714,RLI,41,58,10,655.00,"6,550.00"
2020-09-23,2020092304006725,RLI,5,14,10,656.00,"6,560.00"
2020-09-23,2020092304006724,RLI,5,10,10,656.00,"6,560.00"
2020-09-23,2020092304006723,RLI,5,46,10,656.00,"6,560.00"
2020-09-23,2020092304006722,RLI,41,35,10,655.00,"6,550.00"
2020-09-23,2020092304006721,RLI,41,41,10,655.00,"6,550.00"
2020-09-23,2020092304006720,RLI,41,10,10,655.00,"6,550.00"
2020-09-23,2020092304006731,RLI,5,42,10,656.00,"6,560.00"
2020-09-23,2020092304006730,RLI,5,52,10,656.00,"6,560.00"
2020-09-23,2020092304006729,RLI,5,57,10,656.00,"6,560.00"
2020-09-23,2020092304006728,RLI,5,57,10,656.00,"6,560.00"
2020-09-23,2020092304006727,RLI,5,32,10,656.00,"6,560.00"
2020-09-23,2020092304006726,RLI,5,45,10,656.00,"6,560.00"
2020-09-23,2020092304006738,RLI,5,14,10,656.00,"6,560.00"
2020-09-23,2020092304006737,RLI,5,20,10,656.00,"6,560.00"
2020-09-23,2020092304006736,RLI,5,55,10,656.00,"6,560.00"
2020-09-23,2020092304006735,RLI,5,10,10,656.00,"6,560.00"
2020-09-23,2020092304006734,RLI,5,55,10,656.00,"6,560.00"
2020-09-23,2020092304006733,RLI,5,1,10,656.00,"6,560.00"
2020-09-23,2020092304006744,RLI,58,57,10,657.00,"6,570.00"
2020-09-23,2020092304006743,RLI,58,10,10,657.00,"6,570.00"
2020-09-23,2020092304006742,RLI,58,58,10,657.00,"6,570.00"
2020-09-23,2020092304006741,RLI,58,42,10,657.00,"6,570.00"
2020-09-23,2020092304006740,RLI,58,43,10,657.00,"6,570.00"
2020-09-23,2020092304006739,RLI,58,1,10,657.00,"6,570.00"
2020-09-23,2020092304006750,RLI,39,58,10,659.00,"6,590.00"
2020-09-23,2020092304006749,RLI,58,20,10,657.00,"6,570.00"
2020-09-23,2020092304006748,RLI,58,21,10,657.00,"6,570.00"
2020-09-23,2020092304006747,RLI,58,58,10,657.00,"6,570.00"
2020-09-23,2020092304006746,RLI,58,58,10,657.00,"6,570.00"
2020-09-23,2020092304006745,RLI,58,42,10,657.00,"6,570.00"
2020-09-23,2020092304006756,RLI,58,57,10,657.00,"6,570.00"
2020-09-23,2020092304006755,RLI,58,55,10,657.00,"6,570.00"
2020-09-23,2020092304006754,RLI,58,57,10,657.00,"6,570.00"
2020-09-23,2020092304006753,RLI,39,35,10,660.00,"6,600.00"
2020-09-23,2020092304006752,RLI,39,6,10,660.00,"6,600.00"
2020-09-23,2020092304006751,RLI,39,54,10,660.00,"6,600.00"
2020-09-23,2020092304006762,RLI,26,51,10,660.00,"6,600.00"
2020-09-23,2020092304006761,RLI,26,58,10,660.00,"6,600.00"
2020-09-23,2020092304006760,RLI,26,46,10,660.00,"6,600.00"
2020-09-23,2020092304006759,RLI,26,36,10,660.00,"6,600.00"
2020-09-23,2020092304006758,RLI,40,10,10,658.00,"6,580.00"
2020-09-23,2020092304006757,RLI,58,29,10,657.00,"6,570.00"
2020-09-23,2020092304006768,RLI,26,19,10,660.00,"6,600.00"
2020-09-23,2020092304006767,RLI,26,53,10,660.00,"6,600.00"
2020-09-23,2020092304006766,RLI,26,8,10,660.00,"6,600.00"
2020-09-23,2020092304006765,RLI,26,19,10,660.00,"6,600.00"
2020-09-23,2020092304006764,RLI,26,36,10,660.00,"6,600.00"
2020-09-23,2020092304006763,RLI,26,5,10,660.00,"6,600.00"
2020-09-23,2020092304006774,RLI,40,57,10,658.00,"6,580.00"
2020-09-23,2020092304006773,RLI,40,52,10,658.00,"6,580.00"
2020-09-23,2020092304006772,RLI,40,4,10,658.00,"6,580.00"
2020-09-23,2020092304006771,RLI,40,29,10,658.00,"6,580.00"
2020-09-23,2020092304006770,RLI,40,43,10,658.00,"6,580.00"
2020-09-23,2020092304006769,RLI,40,20,10,658.00,"6,580.00"
2020-09-23,2020092304006780,RLI,44,8,10,660.00,"6,600.00"
2020-09-23,2020092304006779,RLI,44,38,10,660.00,"6,600.00"
2020-09-23,2020092304006778,RLI,44,49,10,660.00,"6,600.00"
2020-09-23,2020092304006777,RLI,44,19,10,660.00,"6,600.00"
2020-09-23,2020092304006776,RLI,44,58,10,660.00,"6,600.00"
2020-09-23,2020092304006775,RLI,40,20,10,658.00,"6,580.00"
2020-09-23,2020092304006786,RLI,44,38,10,660.00,"6,600.00"
2020-09-23,2020092304006785,RLI,44,41,10,660.00,"6,600.00"
2020-09-23,2020092304006784,RLI,44,14,10,660.00,"6,600.00"
2020-09-23,2020092304006783,RLI,44,38,10,660.00,"6,600.00"
2020-09-23,2020092304006782,RLI,44,3,10,660.00,"6,600.00"
2020-09-23,2020092304006781,RLI,44,57,10,660.00,"6,600.00"
2020-09-23,2020092304006792,RLI,5,29,10,661.00,"6,610.00"
2020-09-23,2020092304006791,RLI,5,58,10,661.00,"6,610.00"
2020-09-23,2020092304006790,RLI,5,20,10,661.00,"6,610.00"
2020-09-23,2020092304006789,RLI,44,22,10,660.00,"6,600.00"
2020-09-23,2020092304006788,RLI,19,42,10,661.00,"6,610.00"
2020-09-23,2020092304006787,RLI,44,45,10,660.00,"6,600.00"
2020-09-23,2020092304006798,RLI,5,38,10,661.00,"6,610.00"
2020-09-23,2020092304006797,RLI,5,41,10,661.00,"6,610.00"
2020-09-23,2020092304006796,RLI,5,28,10,661.00,"6,610.00"
2020-09-23,2020092304006795,RLI,5,19,10,661.00,"6,610.00"
2020-09-23,2020092304006794,RLI,5,22,10,661.00,"6,610.00"
2020-09-23,2020092304006793,RLI,5,14,10,661.00,"6,610.00"
2020-09-23,2020092304006804,RLI,56,19,10,661.00,"6,610.00"
2020-09-23,2020092304006803,RLI,5,49,10,661.00,"6,610.00"
2020-09-23,2020092304006802,RLI,5,38,10,661.00,"6,610.00"
2020-09-23,2020092304006801,RLI,5,57,10,661.00,"6,610.00"
2020-09-23,2020092304006800,RLI,5,20,10,661.00,"6,610.00"
2020-09-23,2020092304006799,RLI,5,45,10,661.00,"6,610.00"
2020-09-23,2020092304006811,RLI,57,42,10,662.00,"6,620.00"
2020-09-23,2020092304006810,RLI,57,37,10,662.00,"6,620.00"
2020-09-23,2020092304006809,RLI,57,56,10,662.00,"6,620.00"
2020-09-23,2020092304006808,RLI,56,17,10,661.00,"6,610.00"
2020-09-23,2020092304006806,RLI,56,14,10,661.00,"6,610.00"
2020-09-23,2020092304006805,RLI,56,50,10,661.00,"6,610.00"
2020-09-23,2020092304006817,RLI,41,58,10,663.00,"6,630.00"
2020-09-23,2020092304006816,RLI,57,20,10,662.00,"6,620.00"
2020-09-23,2020092304006815,RLI,57,38,10,662.00,"6,620.00"
2020-09-23,2020092304006814,RLI,57,40,10,662.00,"6,620.00"
2020-09-23,2020092304006813,RLI,57,42,10,662.00,"6,620.00"
2020-09-23,2020092304006812,RLI,57,57,10,662.00,"6,620.00"
2020-09-23,2020092304006823,RLI,56,17,10,661.00,"6,610.00"
2020-09-23,2020092304006822,RLI,57,38,10,662.00,"6,620.00"
2020-09-23,2020092304006821,RLI,41,41,10,663.00,"6,630.00"
2020-09-23,2020092304006820,RLI,41,57,10,663.00,"6,630.00"
2020-09-23,2020092304006819,RLI,41,41,10,663.00,"6,630.00"
2020-09-23,2020092304006818,RLI,41,20,10,663.00,"6,630.00"
2020-09-23,2020092304006830,RLI,58,42,10,663.00,"6,630.00"
2020-09-23,2020092304006829,RLI,58,42,10,662.00,"6,620.00"
2020-09-23,2020092304006828,RLI,58,38,10,662.00,"6,620.00"
2020-09-23,2020092304006827,RLI,58,45,10,662.00,"6,620.00"
2020-09-23,2020092304006825,RLI,56,52,10,661.00,"6,610.00"
2020-09-23,2020092304006824,RLI,56,59,10,661.00,"6,610.00"
2020-09-23,2020092304006836,RLI,58,50,10,664.00,"6,640.00"
2020-09-23,2020092304006835,RLI,58,32,10,664.00,"6,640.00"
2020-09-23,2020092304006834,RLI,58,38,10,663.00,"6,630.00"
2020-09-23,2020092304006833,RLI,58,55,10,663.00,"6,630.00"
2020-09-23,2020092304006832,RLI,58,26,10,663.00,"6,630.00"
2020-09-23,2020092304006831,RLI,58,41,10,663.00,"6,630.00"
2020-09-23,2020092304006842,RLI,58,42,10,664.00,"6,640.00"
2020-09-23,2020092304006841,RLI,58,17,10,664.00,"6,640.00"
2020-09-23,2020092304006840,RLI,58,38,10,664.00,"6,640.00"
2020-09-23,2020092304006839,RLI,58,42,10,664.00,"6,640.00"
2020-09-23,2020092304006838,RLI,58,8,10,664.00,"6,640.00"
2020-09-23,2020092304006837,RLI,58,45,10,664.00,"6,640.00"
2020-09-23,2020092304006850,RLI,56,17,10,661.00,"6,610.00"
2020-09-23,2020092304006847,RLI,56,17,10,661.00,"6,610.00"
2020-09-23,2020092304006846,RLI,58,34,10,664.00,"6,640.00"
2020-09-23,2020092304006845,RLI,58,41,10,664.00,"6,640.00"
2020-09-23,2020092304006844,RLI,58,8,10,664.00,"6,640.00"
2020-09-23,2020092304006843,RLI,58,59,10,664.00,"6,640.00"
2020-09-23,2020092304006856,RLI,34,58,10,664.00,"6,640.00"
2020-09-23,2020092304006855,RLI,34,20,10,664.00,"6,640.00"
2020-09-23,2020092304006854,RLI,34,38,10,664.00,"6,640.00"
2020-09-23,2020092304006853,RLI,34,53,10,663.00,"6,630.00"
2020-09-23,2020092304006852,RLI,34,45,10,662.00,"6,620.00"
2020-09-23,2020092304006851,RLI,34,57,10,662.00,"6,620.00"
2020-09-23,2020092304006862,RLI,14,17,10,663.00,"6,630.00"
2020-09-23,2020092304006861,RLI,14,54,10,663.00,"6,630.00"
2020-09-23,2020092304006860,RLI,34,34,10,665.00,"6,650.00"
2020-09-23,2020092304006859,RLI,34,53,10,665.00,"6,650.00"
2020-09-23,2020092304006858,RLI,34,53,10,665.00,"6,650.00"
2020-09-23,2020092304006857,RLI,34,55,10,664.00,"6,640.00"
2020-09-23,2020092304006869,RLI,37,49,10,665.00,"6,650.00"
2020-09-23,2020092304006868,RLI,37,42,10,665.00,"6,650.00"
2020-09-23,2020092304006867,RLI,37,50,10,665.00,"6,650.00"
2020-09-23,2020092304006865,RLI,37,42,10,664.00,"6,640.00"
2020-09-23,2020092304006864,RLI,37,16,10,664.00,"6,640.00"
2020-09-23,2020092304006863,RLI,37,57,10,664.00,"6,640.00"
2020-09-23,2020092304006875,RLI,37,39,10,664.00,"6,640.00"
2020-09-23,2020092304006874,RLI,37,33,10,664.00,"6,640.00"
2020-09-23,2020092304006873,RLI,37,17,10,664.00,"6,640.00"
2020-09-23,2020092304006872,RLI,37,34,10,665.00,"6,650.00"
2020-09-23,2020092304006871,RLI,37,35,10,665.00,"6,650.00"
2020-09-23,2020092304006870,RLI,37,35,10,665.00,"6,650.00"
2020-09-23,2020092304006882,RLI,22,17,10,664.00,"6,640.00"
2020-09-23,2020092304006881,RLI,22,7,10,664.00,"6,640.00"
2020-09-23,2020092304006880,RLI,37,28,10,664.00,"6,640.00"
2020-09-23,2020092304006878,RLI,37,42,10,664.00,"6,640.00"
2020-09-23,2020092304006877,RLI,37,40,10,664.00,"6,640.00"
2020-09-23,2020092304006876,RLI,37,41,10,664.00,"6,640.00"
2020-09-23,2020092304006888,RLI,22,17,10,664.00,"6,640.00"
2020-09-23,2020092304006887,RLI,22,38,10,664.00,"6,640.00"
2020-09-23,2020092304006886,RLI,22,34,10,664.00,"6,640.00"
2020-09-23,2020092304006885,RLI,22,55,10,664.00,"6,640.00"
2020-09-23,2020092304006884,RLI,22,5,10,664.00,"6,640.00"
2020-09-23,2020092304006883,RLI,22,14,10,664.00,"6,640.00"
2020-09-23,2020092304006896,RLI,58,22,10,665.00,"6,650.00"
2020-09-23,2020092304006895,RLI,58,46,10,665.00,"6,650.00"
2020-09-23,2020092304006894,RLI,58,14,10,665.00,"6,650.00"
2020-09-23,2020092304006893,RLI,58,44,10,665.00,"6,650.00"
2020-09-23,2020092304006892,RLI,58,38,10,665.00,"6,650.00"
2020-09-23,2020092304006889,RLI,22,45,10,664.00,"6,640.00"
2020-09-23,2020092304006902,RLI,58,42,10,666.00,"6,660.00"
2020-09-23,2020092304006901,RLI,58,40,10,666.00,"6,660.00"
2020-09-23,2020092304006900,RLI,58,35,10,666.00,"6,660.00"
2020-09-23,2020092304006899,RLI,58,42,10,666.00,"6,660.00"
2020-09-23,2020092304006898,RLI,58,56,10,666.00,"6,660.00"
2020-09-23,2020092304006897,RLI,58,50,89,666.00,"59,274.00"
2020-09-23,2020092304006908,RLI,49,5,10,667.00,"6,670.00"
2020-09-23,2020092304006907,RLI,49,42,10,667.00,"6,670.00"
2020-09-23,2020092304006906,RLI,49,50,10,667.00,"6,670.00"
2020-09-23,2020092304006905,RLI,49,42,10,667.00,"6,670.00"
2020-09-23,2020092304006904,RLI,49,20,10,667.00,"6,670.00"
2020-09-23,2020092304006903,RLI,58,36,10,666.00,"6,660.00"
2020-09-23,2020092304006914,RLI,49,1,10,668.00,"6,680.00"
2020-09-23,2020092304006913,RLI,49,20,10,668.00,"6,680.00"
2020-09-23,2020092304006912,RLI,49,50,10,668.00,"6,680.00"
2020-09-23,2020092304006911,RLI,49,46,10,668.00,"6,680.00"
2020-09-23,2020092304006910,RLI,49,57,10,667.00,"6,670.00"
2020-09-23,2020092304006909,RLI,49,35,10,667.00,"6,670.00"
2020-09-23,2020092304006921,RLI,49,42,10,668.00,"6,680.00"
2020-09-23,2020092304006920,RLI,49,21,10,668.00,"6,680.00"
2020-09-23,2020092304006918,RLI,49,36,10,668.00,"6,680.00"
2020-09-23,2020092304006917,RLI,49,39,10,668.00,"6,680.00"
2020-09-23,2020092304006916,RLI,49,38,10,668.00,"6,680.00"
2020-09-23,2020092304006915,RLI,49,57,10,668.00,"6,680.00"
2020-09-23,2020092304006927,RLI,41,20,10,667.00,"6,670.00"
2020-09-23,2020092304006926,RLI,42,39,10,666.00,"6,660.00"
2020-09-23,2020092304006925,RLI,42,58,10,666.00,"6,660.00"
2020-09-23,2020092304006924,RLI,49,17,10,668.00,"6,680.00"
2020-09-23,2020092304006923,RLI,49,1,10,668.00,"6,680.00"
2020-09-23,2020092304006922,RLI,49,57,10,668.00,"6,680.00"
2020-09-23,2020092304006937,RLI,26,10,10,665.00,"6,650.00"
2020-09-23,2020092304006933,RLI,42,28,10,666.00,"6,660.00"
2020-09-23,2020092304006932,RLI,42,32,10,666.00,"6,660.00"
2020-09-23,2020092304006931,RLI,42,8,10,666.00,"6,660.00"
2020-09-23,2020092304006929,RLI,41,36,10,667.00,"6,670.00"
2020-09-23,2020092304006928,RLI,41,21,10,667.00,"6,670.00"
2020-09-23,2020092304006943,RLI,19,14,10,665.00,"6,650.00"
2020-09-23,2020092304006942,RLI,19,21,10,665.00,"6,650.00"
2020-09-23,2020092304006941,RLI,26,20,10,665.00,"6,650.00"
2020-09-23,2020092304006940,RLI,26,32,10,665.00,"6,650.00"
2020-09-23,2020092304006939,RLI,26,49,10,665.00,"6,650.00"
2020-09-23,2020092304006938,RLI,26,8,10,665.00,"6,650.00"
2020-09-23,2020092304006952,RLI,42,43,10,665.00,"6,650.00"
2020-09-23,2020092304006951,RLI,42,54,10,665.00,"6,650.00"
2020-09-23,2020092304006950,RLI,42,41,10,665.00,"6,650.00"
2020-09-23,2020092304006949,RLI,19,8,10,665.00,"6,650.00"
2020-09-23,2020092304006948,RLI,19,17,10,665.00,"6,650.00"
2020-09-23,2020092304006947,RLI,19,45,10,665.00,"6,650.00"
2020-09-23,2020092304006958,RLI,42,40,10,665.00,"6,650.00"
2020-09-23,2020092304006957,RLI,42,8,10,665.00,"6,650.00"
2020-09-23,2020092304006956,RLI,42,21,10,665.00,"6,650.00"
2020-09-23,2020092304006955,RLI,45,21,10,666.00,"6,660.00"
2020-09-23,2020092304006954,RLI,42,20,10,665.00,"6,650.00"
2020-09-23,2020092304006953,RLI,42,14,10,665.00,"6,650.00"
2020-09-23,2020092304006964,RLI,44,58,10,665.00,"6,650.00"
2020-09-23,2020092304006963,RLI,42,58,100,665.00,"66,500.00"
2020-09-23,2020092304006962,RLI,32,58,577,665.00,"383,705.00"
2020-09-23,2020092304006961,RLI,42,3,10,665.00,"6,650.00"
2020-09-23,2020092304006960,RLI,14,32,10,666.00,"6,660.00"
2020-09-23,2020092304006959,RLI,42,19,10,665.00,"6,650.00"
2020-09-23,2020092304006971,RLI,5,43,10,664.00,"6,640.00"
2020-09-23,2020092304006970,RLI,10,58,60,665.00,"39,900.00"
2020-09-23,2020092304006969,RLI,22,8,10,664.00,"6,640.00"
2020-09-23,2020092304006967,RLI,11,19,10,665.00,"6,650.00"
2020-09-23,2020092304006966,RLI,11,56,10,665.00,"6,650.00"
2020-09-23,2020092304006965,RLI,11,58,13,665.00,"8,645.00"
2020-09-23,2020092304006977,RLI,5,39,10,664.00,"6,640.00"
2020-09-23,2020092304006976,RLI,5,43,10,664.00,"6,640.00"
2020-09-23,2020092304006975,RLI,5,14,10,664.00,"6,640.00"
2020-09-23,2020092304006974,RLI,5,20,10,664.00,"6,640.00"
2020-09-23,2020092304006973,RLI,5,40,10,664.00,"6,640.00"
2020-09-23,2020092304006972,RLI,5,6,10,664.00,"6,640.00"
2020-09-23,2020092304006985,RLI,5,59,10,664.00,"6,640.00"
2020-09-23,2020092304006984,RLI,5,17,10,664.00,"6,640.00"
2020-09-23,2020092304006983,RLI,5,17,10,664.00,"6,640.00"
2020-09-23,2020092304006980,RLI,5,36,10,664.00,"6,640.00"
2020-09-23,2020092304006979,RLI,5,19,10,664.00,"6,640.00"
2020-09-23,2020092304006978,RLI,41,58,10,665.00,"6,650.00"
2020-09-23,2020092304006994,RLI,46,14,10,664.00,"6,640.00"
2020-09-23,2020092304006992,RLI,46,58,10,664.00,"6,640.00"
2020-09-23,2020092304006991,RLI,46,58,10,664.00,"6,640.00"
2020-09-23,2020092304006990,RLI,46,34,10,664.00,"6,640.00"
2020-09-23,2020092304006989,RLI,46,58,120,664.00,"79,680.00"
2020-09-23,2020092304006986,RLI,5,58,80,664.00,"53,120.00"
2020-09-23,2020092304007000,RLI,46,21,10,664.00,"6,640.00"
2020-09-23,2020092304006999,RLI,46,57,10,664.00,"6,640.00"
2020-09-23,2020092304006998,RLI,49,58,300,665.00,"199,500.00"
2020-09-23,2020092304006997,RLI,46,35,10,664.00,"6,640.00"
2020-09-23,2020092304006996,RLI,46,43,10,664.00,"6,640.00"
2020-09-23,2020092304006995,RLI,44,58,10,665.00,"6,650.00"
2020-09-23,2020092304007006,RLI,56,41,10,661.00,"6,610.00"
2020-09-23,2020092304007005,RLI,11,20,10,664.00,"6,640.00"
2020-09-23,2020092304007004,RLI,11,40,10,664.00,"6,640.00"
2020-09-23,2020092304007003,RLI,11,38,10,662.00,"6,620.00"
2020-09-23,2020092304007002,RLI,41,17,10,662.00,"6,620.00"
2020-09-23,2020092304007001,RLI,58,29,10,662.00,"6,620.00"
2020-09-23,2020092304006993,STC,34,5,10,"3,330.00","33,300.00"
2020-09-23,2020092304006238,CMF1,6,42,900,11.26,"10,134.00"
2020-09-23,2020092304006194,CMF1,6,42,100,11.26,"1,126.00"
2020-09-23,2020092304006327,GIMES1,29,42,220,9.20,"2,024.00"
2020-09-23,2020092304006155,LEMF,34,52,"1,500",8.64,"12,960.00"
2020-09-23,2020092304006497,LUK,47,21,500,9.00,"4,500.00"
2020-09-23,2020092304006400,NBF2,14,39,"1,000",8.85,"8,850.00"
2020-09-23,2020092304006384,NBF2,14,39,"1,000",8.85,"8,850.00"
2020-09-23,2020092304006353,NBF2,14,39,850,8.85,"7,522.50"
2020-09-23,2020092304006352,NBF2,14,58,150,8.80,"1,320.00"
2020-09-23,2020092304006308,NIBLPF,34,45,"1,500",8.70,"13,050.00"
2020-09-23,2020092304006109,NIBLPF,17,59,"1,525",8.66,"13,206.50"
2020-09-23,2020092304006068,NIBLPF,34,59,"1,000",8.70,"8,700.00"
2020-09-23,2020092304006229,NIBPO,34,7,"1,100",359.00,"394,900.00"
2020-09-23,2020092304006133,NIBPO,44,36,208,360.00,"74,880.00"
2020-09-23,2020092304006391,NICBF,54,58,100,8.84,884.00
2020-09-23,2020092304006281,NICBF,54,51,100,8.88,888.00
2020-09-23,2020092304006372,NMB50,17,42,100,9.34,934.00
2020-09-23,2020092304006510,NMBHF1,21,4,832,10.00,"8,320.00"
2020-09-23,2020092304006509,NMBHF1,21,28,832,9.97,"8,295.04"
2020-09-23,2020092304006491,NMBHF1,21,4,629,10.00,"6,290.00"
2020-09-23,2020092304006382,NMBHF1,21,51,"1,371",10.00,"13,710.00"
2020-09-23,2020092304006373,NMBHF1,21,51,"2,000",10.00,"20,000.00"
2020-09-23,2020092304006113,NMBHF1,21,51,"2,000",10.00,"20,000.00"
2020-09-23,2020092304006108,NMBHF1,21,51,"2,000",10.00,"20,000.00"
2020-09-23,2020092304006100,NMBHF1,21,51,"2,000",10.00,"20,000.00"
2020-09-23,2020092304006079,NMBHF1,21,51,"2,000",10.00,"20,000.00"
2020-09-23,2020092304006072,NMBHF1,21,51,"2,000",10.00,"20,000.00"
2020-09-23,2020092304006032,NMBHF1,21,51,"2,000",10.00,"20,000.00"
2020-09-23,2020092304006512,RLI,58,41,10,643.00,"6,430.00"
2020-09-23,2020092304006511,RLI,58,56,10,643.00,"6,430.00"
2020-09-23,2020092304006508,RLI,58,20,10,643.00,"6,430.00"
2020-09-23,2020092304006507,RLI,35,21,10,648.00,"6,480.00"
2020-09-23,2020092304006506,RLI,35,34,10,648.00,"6,480.00"
2020-09-23,2020092304006505,RLI,35,34,10,648.00,"6,480.00"
2020-09-23,2020092304006014,RLI,51,51,10,639.00,"6,390.00"
2020-09-23,2020092304006013,RLI,45,58,10,637.00,"6,370.00"
2020-09-23,2020092304006020,RLI,48,42,10,640.00,"6,400.00"
2020-09-23,2020092304006019,RLI,51,57,10,640.00,"6,400.00"
2020-09-23,2020092304006018,RLI,53,59,10,637.00,"6,370.00"
2020-09-23,2020092304006017,RLI,32,38,10,638.00,"6,380.00"
2020-09-23,2020092304006016,RLI,16,20,10,637.00,"6,370.00"
2020-09-23,2020092304006015,RLI,45,38,10,637.00,"6,370.00"
2020-09-23,2020092304006026,RLI,48,45,10,640.00,"6,400.00"
2020-09-23,2020092304006025,RLI,48,1,10,640.00,"6,400.00"
2020-09-23,2020092304006024,RLI,48,1,10,640.00,"6,400.00"
2020-09-23,2020092304006023,RLI,48,42,10,640.00,"6,400.00"
2020-09-23,2020092304006022,RLI,48,35,10,640.00,"6,400.00"
2020-09-23,2020092304006021,RLI,48,38,10,640.00,"6,400.00"
2020-09-23,2020092304006033,RLI,50,58,10,636.00,"6,360.00"
2020-09-23,2020092304006031,RLI,53,10,10,637.00,"6,370.00"
2020-09-23,2020092304006030,RLI,53,18,10,637.00,"6,370.00"
2020-09-23,2020092304006029,RLI,48,52,10,640.00,"6,400.00"
2020-09-23,2020092304006028,RLI,48,42,10,640.00,"6,400.00"
2020-09-23,2020092304006027,RLI,48,1,10,640.00,"6,400.00"
2020-09-23,2020092304006039,RLI,58,46,10,637.00,"6,370.00"
2020-09-23,2020092304006038,RLI,50,17,10,636.00,"6,360.00"
2020-09-23,2020092304006037,RLI,50,40,10,636.00,"6,360.00"
2020-09-23,2020092304006036,RLI,50,11,10,636.00,"6,360.00"
2020-09-23,2020092304006035,RLI,50,19,10,636.00,"6,360.00"
2020-09-23,2020092304006034,RLI,50,38,10,636.00,"6,360.00"
2020-09-23,2020092304006045,RLI,58,1,10,640.00,"6,400.00"
2020-09-23,2020092304006044,RLI,58,42,10,640.00,"6,400.00"
2020-09-23,2020092304006043,RLI,58,29,10,640.00,"6,400.00"
2020-09-23,2020092304006042,RLI,58,45,10,640.00,"6,400.00"
2020-09-23,2020092304006041,RLI,58,42,10,640.00,"6,400.00"
2020-09-23,2020092304006040,RLI,58,51,10,639.00,"6,390.00"
2020-09-23,2020092304006051,RLI,58,1,10,642.00,"6,420.00"
2020-09-23,2020092304006050,RLI,58,38,10,642.00,"6,420.00"
2020-09-23,2020092304006049,RLI,58,47,10,642.00,"6,420.00"
2020-09-23,2020092304006048,RLI,58,47,10,642.00,"6,420.00"
2020-09-23,2020092304006047,RLI,58,35,10,642.00,"6,420.00"
2020-09-23,2020092304006046,RLI,58,49,"1,396",642.00,"896,232.00"
2020-09-23,2020092304006057,RLI,58,52,10,642.00,"6,420.00"
2020-09-23,2020092304006056,RLI,58,17,10,642.00,"6,420.00"
2020-09-23,2020092304006055,RLI,58,52,10,642.00,"6,420.00"
2020-09-23,2020092304006054,RLI,58,38,10,642.00,"6,420.00"
2020-09-23,2020092304006053,RLI,58,35,10,642.00,"6,420.00"
2020-09-23,2020092304006052,RLI,58,41,10,642.00,"6,420.00"
2020-09-23,2020092304006063,RLI,58,47,10,642.00,"6,420.00"
2020-09-23,2020092304006062,RLI,58,14,10,642.00,"6,420.00"
2020-09-23,2020092304006061,RLI,58,57,10,642.00,"6,420.00"
2020-09-23,2020092304006060,RLI,58,52,10,642.00,"6,420.00"
2020-09-23,2020092304006059,RLI,58,22,10,642.00,"6,420.00"
2020-09-23,2020092304006058,RLI,58,52,10,642.00,"6,420.00"
2020-09-23,2020092304006070,RLI,58,49,10,642.00,"6,420.00"
2020-09-23,2020092304006069,RLI,58,47,10,642.00,"6,420.00"
2020-09-23,2020092304006067,RLI,58,49,10,642.00,"6,420.00"
2020-09-23,2020092304006066,RLI,58,28,10,642.00,"6,420.00"
2020-09-23,2020092304006065,RLI,58,47,10,642.00,"6,420.00"
2020-09-23,2020092304006064,RLI,58,35,10,642.00,"6,420.00"
2020-09-23,2020092304006077,RLI,58,51,10,642.00,"6,420.00"
2020-09-23,2020092304006076,RLI,58,11,10,642.00,"6,420.00"
2020-09-23,2020092304006075,RLI,58,38,10,642.00,"6,420.00"
2020-09-23,2020092304006074,RLI,58,44,10,642.00,"6,420.00"
2020-09-23,2020092304006073,RLI,58,57,10,642.00,"6,420.00"
2020-09-23,2020092304006071,RLI,58,58,10,642.00,"6,420.00"
2020-09-23,2020092304006084,RLI,58,10,10,642.00,"6,420.00"
2020-09-23,2020092304006083,RLI,58,58,10,642.00,"6,420.00"
2020-09-23,2020092304006082,RLI,58,6,10,642.00,"6,420.00"
2020-09-23,2020092304006081,RLI,58,58,10,642.00,"6,420.00"
2020-09-23,2020092304006080,RLI,58,26,10,642.00,"6,420.00"
2020-09-23,2020092304006078,RLI,58,20,10,642.00,"6,420.00"
2020-09-23,2020092304006090,RLI,58,29,10,642.00,"6,420.00"
2020-09-23,2020092304006089,RLI,19,42,10,643.00,"6,430.00"
2020-09-23,2020092304006088,RLI,19,37,10,643.00,"6,430.00"
2020-09-23,2020092304006087,RLI,19,51,10,643.00,"6,430.00"
2020-09-23,2020092304006086,RLI,19,16,10,643.00,"6,430.00"
2020-09-23,2020092304006085,RLI,19,42,10,643.00,"6,430.00"
2020-09-23,2020092304006096,RLI,58,58,10,642.00,"6,420.00"
2020-09-23,2020092304006095,RLI,58,17,10,642.00,"6,420.00"
2020-09-23,2020092304006094,RLI,58,47,10,642.00,"6,420.00"
2020-09-23,2020092304006093,RLI,58,59,10,642.00,"6,420.00"
2020-09-23,2020092304006092,RLI,58,1,10,642.00,"6,420.00"
2020-09-23,2020092304006091,RLI,58,42,10,642.00,"6,420.00"
2020-09-23,2020092304006103,RLI,58,59,10,642.00,"6,420.00"
2020-09-23,2020092304006102,RLI,58,6,10,642.00,"6,420.00"
2020-09-23,2020092304006101,RLI,58,10,10,642.00,"6,420.00"
2020-09-23,2020092304006099,RLI,58,47,10,642.00,"6,420.00"
2020-09-23,2020092304006098,RLI,58,20,10,642.00,"6,420.00"
2020-09-23,2020092304006097,RLI,58,10,10,642.00,"6,420.00"
2020-09-23,2020092304006111,RLI,5,17,10,637.00,"6,370.00"
2020-09-23,2020092304006110,RLI,58,22,10,642.00,"6,420.00"
2020-09-23,2020092304006107,RLI,58,20,10,642.00,"6,420.00"
2020-09-23,2020092304006106,RLI,58,17,10,642.00,"6,420.00"
2020-09-23,2020092304006105,RLI,58,57,10,642.00,"6,420.00"
2020-09-23,2020092304006104,RLI,58,45,10,642.00,"6,420.00"
2020-09-23,2020092304006118,RLI,54,59,10,638.00,"6,380.00"
2020-09-23,2020092304006117,RLI,51,49,10,640.00,"6,400.00"
2020-09-23,2020092304006116,RLI,54,10,10,638.00,"6,380.00"
2020-09-23,2020092304006115,RLI,5,20,10,637.00,"6,370.00"
2020-09-23,2020092304006114,RLI,5,4,10,637.00,"6,370.00"
2020-09-23,2020092304006112,RLI,5,38,10,637.00,"6,370.00"
2020-09-23,2020092304006124,RLI,51,37,10,640.00,"6,400.00"
2020-09-23,2020092304006123,RLI,51,38,10,640.00,"6,400.00"
2020-09-23,2020092304006122,RLI,51,6,10,640.00,"6,400.00"
2020-09-23,2020092304006121,RLI,54,20,10,638.00,"6,380.00"
2020-09-23,2020092304006120,RLI,54,36,10,638.00,"6,380.00"
2020-09-23,2020092304006119,RLI,54,38,10,638.00,"6,380.00"
2020-09-23,2020092304006130,RLI,54,10,10,638.00,"6,380.00"
2020-09-23,2020092304006129,RLI,51,46,10,642.00,"6,420.00"
2020-09-23,2020092304006128,RLI,51,37,10,642.00,"6,420.00"
2020-09-23,2020092304006127,RLI,51,47,10,642.00,"6,420.00"
2020-09-23,2020092304006126,RLI,51,38,10,640.00,"6,400.00"
2020-09-23,2020092304006125,RLI,54,25,10,638.00,"6,380.00"
2020-09-23,2020092304006137,RLI,22,36,10,640.00,"6,400.00"
2020-09-23,2020092304006136,RLI,22,49,10,640.00,"6,400.00"
2020-09-23,2020092304006135,RLI,22,37,10,640.00,"6,400.00"
2020-09-23,2020092304006134,RLI,22,1,10,640.00,"6,400.00"
2020-09-23,2020092304006132,RLI,54,25,10,638.00,"6,380.00"
2020-09-23,2020092304006131,RLI,54,20,10,638.00,"6,380.00"
2020-09-23,2020092304006143,RLI,5,38,10,637.00,"6,370.00"
2020-09-23,2020092304006142,RLI,51,38,10,640.00,"6,400.00"
2020-09-23,2020092304006141,RLI,51,1,10,640.00,"6,400.00"
2020-09-23,2020092304006140,RLI,51,10,10,640.00,"6,400.00"
2020-09-23,2020092304006139,RLI,5,25,10,637.00,"6,370.00"
2020-09-23,2020092304006138,RLI,54,41,10,638.00,"6,380.00"
2020-09-23,2020092304006149,RLI,51,41,10,638.00,"6,380.00"
2020-09-23,2020092304006148,RLI,26,47,10,637.00,"6,370.00"
2020-09-23,2020092304006147,RLI,5,57,10,637.00,"6,370.00"
2020-09-23,2020092304006146,RLI,5,47,10,637.00,"6,370.00"
2020-09-23,2020092304006145,RLI,5,25,10,637.00,"6,370.00"
2020-09-23,2020092304006144,RLI,5,20,10,637.00,"6,370.00"
2020-09-23,2020092304006156,RLI,19,10,10,638.00,"6,380.00"
2020-09-23,2020092304006154,RLI,51,19,10,643.00,"6,430.00"
2020-09-23,2020092304006153,RLI,51,38,10,643.00,"6,430.00"
2020-09-23,2020092304006152,RLI,51,26,10,642.00,"6,420.00"
2020-09-23,2020092304006151,RLI,51,48,10,642.00,"6,420.00"
2020-09-23,2020092304006150,RLI,51,56,10,641.00,"6,410.00"
2020-09-23,2020092304006162,RLI,3,10,10,638.00,"6,380.00"
2020-09-23,2020092304006161,RLI,35,56,10,640.00,"6,400.00"
2020-09-23,2020092304006160,RLI,19,41,10,638.00,"6,380.00"
2020-09-23,2020092304006159,RLI,19,17,10,638.00,"6,380.00"
2020-09-23,2020092304006158,RLI,19,47,10,638.00,"6,380.00"
2020-09-23,2020092304006157,RLI,19,20,10,638.00,"6,380.00"
2020-09-23,2020092304006168,RLI,58,45,10,643.00,"6,430.00"
2020-09-23,2020092304006167,RLI,58,1,10,643.00,"6,430.00"
2020-09-23,2020092304006166,RLI,58,38,10,641.00,"6,410.00"
2020-09-23,2020092304006165,RLI,58,41,10,641.00,"6,410.00"
2020-09-23,2020092304006164,RLI,58,45,10,640.00,"6,400.00"
2020-09-23,2020092304006163,RLI,3,20,10,638.00,"6,380.00"
2020-09-23,2020092304006174,RLI,58,53,10,644.00,"6,440.00"
2020-09-23,2020092304006173,RLI,58,52,10,644.00,"6,440.00"
2020-09-23,2020092304006172,RLI,58,21,10,644.00,"6,440.00"
2020-09-23,2020092304006171,RLI,58,19,10,644.00,"6,440.00"
2020-09-23,2020092304006170,RLI,58,41,10,644.00,"6,440.00"
2020-09-23,2020092304006169,RLI,58,59,10,644.00,"6,440.00"
2020-09-23,2020092304006180,RLI,58,35,10,645.00,"6,450.00"
2020-09-23,2020092304006179,RLI,58,35,10,645.00,"6,450.00"
2020-09-23,2020092304006178,RLI,58,47,10,645.00,"6,450.00"
2020-09-23,2020092304006177,RLI,58,47,10,645.00,"6,450.00"
2020-09-23,2020092304006176,RLI,58,58,10,644.00,"6,440.00"
2020-09-23,2020092304006175,RLI,58,53,10,644.00,"6,440.00"
2020-09-23,2020092304006186,RLI,51,43,10,643.00,"6,430.00"
2020-09-23,2020092304006185,RLI,51,36,10,640.00,"6,400.00"
2020-09-23,2020092304006184,RLI,51,53,10,640.00,"6,400.00"
2020-09-23,2020092304006183,RLI,58,56,10,645.00,"6,450.00"
2020-09-23,2020092304006182,RLI,58,36,10,645.00,"6,450.00"
2020-09-23,2020092304006181,RLI,58,34,10,645.00,"6,450.00"
2020-09-23,2020092304006192,RLI,51,40,10,645.00,"6,450.00"
2020-09-23,2020092304006191,RLI,51,52,10,645.00,"6,450.00"
2020-09-23,2020092304006190,RLI,51,32,10,645.00,"6,450.00"
2020-09-23,2020092304006189,RLI,51,34,10,645.00,"6,450.00"
2020-09-23,2020092304006188,RLI,51,16,10,645.00,"6,450.00"
2020-09-23,2020092304006187,RLI,51,26,10,645.00,"6,450.00"
2020-09-23,2020092304006199,RLI,29,10,10,645.00,"6,450.00"
2020-09-23,2020092304006198,RLI,29,45,10,645.00,"6,450.00"
2020-09-23,2020092304006197,RLI,29,35,10,645.00,"6,450.00"
2020-09-23,2020092304006196,RLI,29,32,10,645.00,"6,450.00"
2020-09-23,2020092304006195,RLI,3,36,10,638.00,"6,380.00"
2020-09-23,2020092304006193,RLI,51,10,10,645.00,"6,450.00"
2020-09-23,2020092304006205,RLI,29,11,10,645.00,"6,450.00"
2020-09-23,2020092304006204,RLI,29,45,10,645.00,"6,450.00"
2020-09-23,2020092304006203,RLI,29,45,10,645.00,"6,450.00"
2020-09-23,2020092304006202,RLI,29,41,10,645.00,"6,450.00"
2020-09-23,2020092304006201,RLI,29,19,10,645.00,"6,450.00"
2020-09-23,2020092304006200,RLI,29,45,10,645.00,"6,450.00"
2020-09-23,2020092304006211,RLI,29,52,10,645.00,"6,450.00"
2020-09-23,2020092304006210,RLI,29,11,10,645.00,"6,450.00"
2020-09-23,2020092304006209,RLI,29,34,10,645.00,"6,450.00"
2020-09-23,2020092304006208,RLI,29,29,10,645.00,"6,450.00"
2020-09-23,2020092304006207,RLI,29,32,10,645.00,"6,450.00"
2020-09-23,2020092304006206,RLI,29,11,10,645.00,"6,450.00"
2020-09-23,2020092304006217,RLI,29,34,10,645.00,"6,450.00"
2020-09-23,2020092304006216,RLI,29,11,10,645.00,"6,450.00"
2020-09-23,2020092304006215,RLI,29,54,10,645.00,"6,450.00"
2020-09-23,2020092304006214,RLI,29,11,10,645.00,"6,450.00"
2020-09-23,2020092304006213,RLI,29,28,10,645.00,"6,450.00"
2020-09-23,2020092304006212,RLI,29,11,10,645.00,"6,450.00"
2020-09-23,2020092304006223,RLI,14,20,10,640.00,"6,400.00"
2020-09-23,2020092304006222,RLI,14,42,10,640.00,"6,400.00"
2020-09-23,2020092304006221,RLI,3,10,10,638.00,"6,380.00"
2020-09-23,2020092304006220,RLI,3,20,10,638.00,"6,380.00"
2020-09-23,2020092304006219,RLI,29,13,10,645.00,"6,450.00"
2020-09-23,2020092304006218,RLI,29,35,10,645.00,"6,450.00"
2020-09-23,2020092304006230,RLI,45,59,10,639.00,"6,390.00"
2020-09-23,2020092304006228,RLI,35,10,10,640.00,"6,400.00"
2020-09-23,2020092304006227,RLI,45,44,10,639.00,"6,390.00"
2020-09-23,2020092304006226,RLI,14,35,10,645.00,"6,450.00"
2020-09-23,2020092304006225,RLI,14,58,10,644.00,"6,440.00"
2020-09-23,2020092304006224,RLI,14,38,10,644.00,"6,440.00"
2020-09-23,2020092304006236,RLI,26,38,10,640.00,"6,400.00"
2020-09-23,2020092304006235,RLI,26,19,10,640.00,"6,400.00"
2020-09-23,2020092304006234,RLI,26,20,10,640.00,"6,400.00"
2020-09-23,2020092304006233,RLI,26,20,10,640.00,"6,400.00"
2020-09-23,2020092304006232,RLI,26,57,10,640.00,"6,400.00"
2020-09-23,2020092304006231,RLI,45,17,10,639.00,"6,390.00"
2020-09-23,2020092304006243,RLI,6,37,10,641.00,"6,410.00"
2020-09-23,2020092304006242,RLI,6,45,10,641.00,"6,410.00"
2020-09-23,2020092304006241,RLI,26,42,10,640.00,"6,400.00"
2020-09-23,2020092304006240,RLI,26,10,10,640.00,"6,400.00"
2020-09-23,2020092304006239,RLI,26,58,10,640.00,"6,400.00"
2020-09-23,2020092304006237,RLI,26,20,10,640.00,"6,400.00"
2020-09-23,2020092304006249,RLI,49,34,10,642.00,"6,420.00"
2020-09-23,2020092304006248,RLI,6,21,10,641.00,"6,410.00"
2020-09-23,2020092304006247,RLI,35,56,10,642.00,"6,420.00"
2020-09-23,2020092304006246,RLI,6,17,10,641.00,"6,410.00"
2020-09-23,2020092304006245,RLI,6,37,10,641.00,"6,410.00"
2020-09-23,2020092304006244,RLI,6,20,10,641.00,"6,410.00"
2020-09-23,2020092304006255,RLI,58,28,10,640.00,"6,400.00"
2020-09-23,2020092304006254,RLI,6,37,10,641.00,"6,410.00"
2020-09-23,2020092304006253,RLI,49,14,10,643.00,"6,430.00"
2020-09-23,2020092304006252,RLI,49,34,10,642.00,"6,420.00"
2020-09-23,2020092304006251,RLI,49,34,10,642.00,"6,420.00"
2020-09-23,2020092304006250,RLI,49,48,10,642.00,"6,420.00"
2020-09-23,2020092304006261,RLI,18,17,10,640.00,"6,400.00"
2020-09-23,2020092304006260,RLI,37,37,10,640.00,"6,400.00"
2020-09-23,2020092304006259,RLI,37,8,10,640.00,"6,400.00"
2020-09-23,2020092304006258,RLI,37,26,10,640.00,"6,400.00"
2020-09-23,2020092304006257,RLI,37,10,10,640.00,"6,400.00"
2020-09-23,2020092304006256,RLI,58,37,10,640.00,"6,400.00"
2020-09-23,2020092304006267,RLI,57,32,10,640.00,"6,400.00"
2020-09-23,2020092304006266,RLI,57,44,10,640.00,"6,400.00"
2020-09-23,2020092304006265,RLI,57,56,10,640.00,"6,400.00"
2020-09-23,2020092304006264,RLI,57,47,10,640.00,"6,400.00"
2020-09-23,2020092304006263,RLI,25,37,10,640.00,"6,400.00"
2020-09-23,2020092304006262,RLI,18,56,10,640.00,"6,400.00"
2020-09-23,2020092304006273,RLI,57,56,10,640.00,"6,400.00"
2020-09-23,2020092304006272,RLI,57,10,10,640.00,"6,400.00"
2020-09-23,2020092304006271,RLI,57,37,10,640.00,"6,400.00"
2020-09-23,2020092304006270,RLI,57,37,10,640.00,"6,400.00"
2020-09-23,2020092304006269,RLI,57,56,10,640.00,"6,400.00"
2020-09-23,2020092304006268,RLI,57,20,10,640.00,"6,400.00"
2020-09-23,2020092304006279,RLI,57,17,10,640.00,"6,400.00"
2020-09-23,2020092304006278,RLI,57,34,10,640.00,"6,400.00"
2020-09-23,2020092304006277,RLI,57,56,10,640.00,"6,400.00"
2020-09-23,2020092304006276,RLI,57,49,10,640.00,"6,400.00"
2020-09-23,2020092304006275,RLI,57,41,10,640.00,"6,400.00"
2020-09-23,2020092304006274,RLI,57,47,10,640.00,"6,400.00"
2020-09-23,2020092304006288,RLI,3,39,10,640.00,"6,400.00"
2020-09-23,2020092304006287,RLI,3,1,10,640.00,"6,400.00"
2020-09-23,2020092304006286,RLI,57,34,10,640.00,"6,400.00"
2020-09-23,2020092304006285,RLI,57,17,10,640.00,"6,400.00"
2020-09-23,2020092304006284,RLI,57,22,10,640.00,"6,400.00"
2020-09-23,2020092304006283,RLI,57,39,10,640.00,"6,400.00"
2020-09-23,2020092304006294,RLI,49,17,10,640.00,"6,400.00"
2020-09-23,2020092304006293,RLI,49,6,10,640.00,"6,400.00"
2020-09-23,2020092304006292,RLI,49,36,10,640.00,"6,400.00"
2020-09-23,2020092304006291,RLI,3,56,10,640.00,"6,400.00"
2020-09-23,2020092304006290,RLI,3,20,10,640.00,"6,400.00"
2020-09-23,2020092304006289,RLI,3,49,10,640.00,"6,400.00"
2020-09-23,2020092304006300,RLI,25,8,10,641.00,"6,410.00"
2020-09-23,2020092304006299,RLI,25,21,10,641.00,"6,410.00"
2020-09-23,2020092304006298,RLI,25,21,10,641.00,"6,410.00"
2020-09-23,2020092304006297,RLI,25,45,10,641.00,"6,410.00"
2020-09-23,2020092304006296,RLI,25,21,10,641.00,"6,410.00"
2020-09-23,2020092304006295,RLI,25,25,10,641.00,"6,410.00"
2020-09-23,2020092304006306,RLI,25,49,10,641.00,"6,410.00"
2020-09-23,2020092304006305,RLI,25,44,10,641.00,"6,410.00"
2020-09-23,2020092304006304,RLI,25,36,10,641.00,"6,410.00"
2020-09-23,2020092304006303,RLI,25,8,10,641.00,"6,410.00"
2020-09-23,2020092304006302,RLI,25,21,10,641.00,"6,410.00"
2020-09-23,2020092304006301,RLI,25,38,10,641.00,"6,410.00"
2020-09-23,2020092304006313,RLI,25,10,10,641.00,"6,410.00"
2020-09-23,2020092304006312,RLI,25,17,10,641.00,"6,410.00"
2020-09-23,2020092304006311,RLI,25,21,10,641.00,"6,410.00"
2020-09-23,2020092304006310,RLI,25,45,10,641.00,"6,410.00"
2020-09-23,2020092304006309,RLI,25,39,10,641.00,"6,410.00"
2020-09-23,2020092304006307,RLI,25,59,10,641.00,"6,410.00"
2020-09-23,2020092304006319,RLI,25,59,10,641.00,"6,410.00"
2020-09-23,2020092304006318,RLI,25,20,10,641.00,"6,410.00"
2020-09-23,2020092304006317,RLI,25,49,10,642.00,"6,420.00"
2020-09-23,2020092304006316,RLI,25,34,10,642.00,"6,420.00"
2020-09-23,2020092304006315,RLI,25,10,10,642.00,"6,420.00"
2020-09-23,2020092304006314,RLI,25,36,10,641.00,"6,410.00"
2020-09-23,2020092304006325,RLI,25,42,10,641.00,"6,410.00"
2020-09-23,2020092304006324,RLI,25,39,10,641.00,"6,410.00"
2020-09-23,2020092304006323,RLI,25,10,10,641.00,"6,410.00"
2020-09-23,2020092304006322,RLI,25,59,10,641.00,"6,410.00"
2020-09-23,2020092304006321,RLI,25,34,10,641.00,"6,410.00"
2020-09-23,2020092304006320,RLI,25,44,10,641.00,"6,410.00"
2020-09-23,2020092304006332,RLI,25,59,10,641.00,"6,410.00"
2020-09-23,2020092304006331,RLI,25,17,10,641.00,"6,410.00"
2020-09-23,2020092304006330,RLI,25,39,10,641.00,"6,410.00"
2020-09-23,2020092304006329,RLI,25,17,10,641.00,"6,410.00"
2020-09-23,2020092304006328,RLI,25,56,10,641.00,"6,410.00"
2020-09-23,2020092304006326,RLI,25,17,10,641.00,"6,410.00"
2020-09-23,2020092304006338,RLI,58,38,10,643.00,"6,430.00"
2020-09-23,2020092304006337,RLI,58,42,10,643.00,"6,430.00"
2020-09-23,2020092304006336,RLI,58,38,10,643.00,"6,430.00"
2020-09-23,2020092304006335,RLI,58,34,10,643.00,"6,430.00"
2020-09-23,2020092304006334,RLI,58,42,10,643.00,"6,430.00"
2020-09-23,2020092304006333,RLI,58,14,10,643.00,"6,430.00"
2020-09-23,2020092304006344,RLI,45,29,10,643.00,"6,430.00"
2020-09-23,2020092304006343,RLI,45,20,10,643.00,"6,430.00"
2020-09-23,2020092304006342,RLI,45,11,10,643.00,"6,430.00"
2020-09-23,2020092304006341,RLI,45,36,10,643.00,"6,430.00"
2020-09-23,2020092304006340,RLI,58,42,10,643.00,"6,430.00"
2020-09-23,2020092304006339,RLI,58,42,10,643.00,"6,430.00"
2020-09-23,2020092304006350,RLI,45,14,10,643.00,"6,430.00"
2020-09-23,2020092304006349,RLI,45,36,10,643.00,"6,430.00"
2020-09-23,2020092304006348,RLI,45,59,10,643.00,"6,430.00"
2020-09-23,2020092304006347,RLI,34,29,10,644.00,"6,440.00"
2020-09-23,2020092304006346,RLI,45,45,10,643.00,"6,430.00"
2020-09-23,2020092304006345,RLI,45,10,10,643.00,"6,430.00"
2020-09-23,2020092304006358,RLI,25,1,10,644.00,"6,440.00"
2020-09-23,2020092304006357,RLI,25,1,10,644.00,"6,440.00"
2020-09-23,2020092304006356,RLI,25,1,10,644.00,"6,440.00"
2020-09-23,2020092304006355,RLI,25,1,10,644.00,"6,440.00"
2020-09-23,2020092304006354,RLI,25,1,10,644.00,"6,440.00"
2020-09-23,2020092304006351,RLI,45,56,10,643.00,"6,430.00"
2020-09-23,2020092304006364,RLI,25,17,10,641.00,"6,410.00"
2020-09-23,2020092304006363,RLI,25,34,10,641.00,"6,410.00"
2020-09-23,2020092304006362,RLI,25,20,10,641.00,"6,410.00"
2020-09-23,2020092304006361,RLI,49,11,10,642.00,"6,420.00"
2020-09-23,2020092304006360,RLI,49,59,10,642.00,"6,420.00"
2020-09-23,2020092304006359,RLI,25,1,10,644.00,"6,440.00"
2020-09-23,2020092304006370,RLI,25,56,10,641.00,"6,410.00"
2020-09-23,2020092304006369,RLI,25,10,10,641.00,"6,410.00"
2020-09-23,2020092304006368,RLI,25,38,10,643.00,"6,430.00"
2020-09-23,2020092304006367,RLI,25,41,10,643.00,"6,430.00"
2020-09-23,2020092304006366,RLI,25,36,10,641.00,"6,410.00"
2020-09-23,2020092304006365,RLI,25,59,10,641.00,"6,410.00"
2020-09-23,2020092304006378,RLI,6,45,10,642.00,"6,420.00"
2020-09-23,2020092304006377,RLI,6,11,10,642.00,"6,420.00"
2020-09-23,2020092304006376,RLI,6,59,10,642.00,"6,420.00"
2020-09-23,2020092304006375,RLI,6,10,10,642.00,"6,420.00"
2020-09-23,2020092304006374,RLI,25,17,10,641.00,"6,410.00"
2020-09-23,2020092304006371,RLI,25,59,10,641.00,"6,410.00"
2020-09-23,2020092304006386,RLI,6,20,10,642.00,"6,420.00"
2020-09-23,2020092304006385,RLI,6,39,10,642.00,"6,420.00"
2020-09-23,2020092304006383,RLI,6,56,10,642.00,"6,420.00"
2020-09-23,2020092304006381,RLI,6,1,10,642.00,"6,420.00"
2020-09-23,2020092304006380,RLI,6,54,10,642.00,"6,420.00"
2020-09-23,2020092304006379,RLI,6,20,10,642.00,"6,420.00"
2020-09-23,2020092304006393,RLI,48,10,10,642.00,"6,420.00"
2020-09-23,2020092304006392,RLI,48,10,10,642.00,"6,420.00"
2020-09-23,2020092304006390,RLI,48,11,10,642.00,"6,420.00"
2020-09-23,2020092304006389,RLI,48,20,10,642.00,"6,420.00"
2020-09-23,2020092304006388,RLI,48,42,10,642.00,"6,420.00"
2020-09-23,2020092304006387,RLI,48,10,10,642.00,"6,420.00"
2020-09-23,2020092304006399,RLI,48,10,10,642.00,"6,420.00"
2020-09-23,2020092304006398,RLI,48,20,10,642.00,"6,420.00"
2020-09-23,2020092304006397,RLI,48,53,10,642.00,"6,420.00"
2020-09-23,2020092304006396,RLI,48,26,10,642.00,"6,420.00"
2020-09-23,2020092304006395,RLI,48,42,10,642.00,"6,420.00"
2020-09-23,2020092304006394,RLI,48,20,10,642.00,"6,420.00"
2020-09-23,2020092304006406,RLI,25,1,10,644.00,"6,440.00"
2020-09-23,2020092304006405,RLI,25,38,10,644.00,"6,440.00"
2020-09-23,2020092304006404,RLI,45,20,10,643.00,"6,430.00"
2020-09-23,2020092304006403,RLI,45,41,10,643.00,"6,430.00"
2020-09-23,2020092304006402,RLI,45,48,10,643.00,"6,430.00"
2020-09-23,2020092304006401,RLI,48,46,10,642.00,"6,420.00"
2020-09-23,2020092304006412,RLI,51,41,10,644.00,"6,440.00"
2020-09-23,2020092304006411,RLI,45,21,10,643.00,"6,430.00"
2020-09-23,2020092304006410,RLI,25,38,10,644.00,"6,440.00"
2020-09-23,2020092304006409,RLI,25,44,10,644.00,"6,440.00"
2020-09-23,2020092304006408,RLI,25,1,10,644.00,"6,440.00"
2020-09-23,2020092304006407,RLI,25,1,10,644.00,"6,440.00"
2020-09-23,2020092304006418,RLI,51,11,10,645.00,"6,450.00"
2020-09-23,2020092304006417,RLI,51,11,10,645.00,"6,450.00"
2020-09-23,2020092304006416,RLI,51,38,10,645.00,"6,450.00"
2020-09-23,2020092304006415,RLI,51,45,10,645.00,"6,450.00"
2020-09-23,2020092304006414,RLI,51,11,10,645.00,"6,450.00"
2020-09-23,2020092304006413,RLI,51,38,10,644.00,"6,440.00"
2020-09-23,2020092304006424,RLI,51,11,10,645.00,"6,450.00"
2020-09-23,2020092304006423,RLI,51,7,10,645.00,"6,450.00"
2020-09-23,2020092304006422,RLI,51,36,10,645.00,"6,450.00"
2020-09-23,2020092304006421,RLI,51,11,10,645.00,"6,450.00"
2020-09-23,2020092304006420,RLI,51,11,10,645.00,"6,450.00"
2020-09-23,2020092304006419,RLI,51,11,10,645.00,"6,450.00"
2020-09-23,2020092304006430,RLI,51,7,10,645.00,"6,450.00"
2020-09-23,2020092304006429,RLI,51,11,10,645.00,"6,450.00"
2020-09-23,2020092304006428,RLI,51,38,10,645.00,"6,450.00"
2020-09-23,2020092304006427,RLI,51,36,10,645.00,"6,450.00"
2020-09-23,2020092304006426,RLI,51,11,10,645.00,"6,450.00"
2020-09-23,2020092304006425,RLI,51,11,10,645.00,"6,450.00"
2020-09-23,2020092304006436,RLI,51,51,10,645.00,"6,450.00"
2020-09-23,2020092304006435,RLI,51,11,10,645.00,"6,450.00"
2020-09-23,2020092304006434,RLI,51,11,10,645.00,"6,450.00"
2020-09-23,2020092304006433,RLI,51,1,10,645.00,"6,450.00"
2020-09-23,2020092304006432,RLI,51,7,10,645.00,"6,450.00"
2020-09-23,2020092304006431,RLI,51,28,10,645.00,"6,450.00"
2020-09-23,2020092304006442,RLI,51,17,10,645.00,"6,450.00"
2020-09-23,2020092304006441,RLI,51,46,10,645.00,"6,450.00"
2020-09-23,2020092304006440,RLI,51,54,10,645.00,"6,450.00"
2020-09-23,2020092304006439,RLI,51,22,10,645.00,"6,450.00"
2020-09-23,2020092304006438,RLI,51,11,10,645.00,"6,450.00"
2020-09-23,2020092304006437,RLI,51,11,10,645.00,"6,450.00"
2020-09-23,2020092304006448,RLI,51,49,10,646.00,"6,460.00"
2020-09-23,2020092304006447,RLI,51,42,10,646.00,"6,460.00"
2020-09-23,2020092304006446,RLI,51,59,10,646.00,"6,460.00"
2020-09-23,2020092304006445,RLI,51,41,10,646.00,"6,460.00"
2020-09-23,2020092304006444,RLI,51,58,10,646.00,"6,460.00"
2020-09-23,2020092304006443,RLI,51,45,10,645.00,"6,450.00"
2020-09-23,2020092304006454,RLI,51,44,10,646.00,"6,460.00"
2020-09-23,2020092304006453,RLI,51,44,10,646.00,"6,460.00"
2020-09-23,2020092304006452,RLI,51,48,10,646.00,"6,460.00"
2020-09-23,2020092304006451,RLI,51,42,10,646.00,"6,460.00"
2020-09-23,2020092304006450,RLI,51,22,10,646.00,"6,460.00"
2020-09-23,2020092304006449,RLI,51,58,10,646.00,"6,460.00"
2020-09-23,2020092304006460,RLI,51,8,10,647.00,"6,470.00"
2020-09-23,2020092304006459,RLI,51,36,10,647.00,"6,470.00"
2020-09-23,2020092304006458,RLI,51,52,10,647.00,"6,470.00"
2020-09-23,2020092304006457,RLI,51,25,10,647.00,"6,470.00"
2020-09-23,2020092304006456,RLI,51,32,10,647.00,"6,470.00"
2020-09-23,2020092304006455,RLI,51,58,10,647.00,"6,470.00"
2020-09-23,2020092304006466,RLI,51,58,10,647.00,"6,470.00"
2020-09-23,2020092304006465,RLI,51,35,10,647.00,"6,470.00"
2020-09-23,2020092304006464,RLI,51,42,10,647.00,"6,470.00"
2020-09-23,2020092304006463,RLI,51,16,10,647.00,"6,470.00"
2020-09-23,2020092304006462,RLI,51,52,10,647.00,"6,470.00"
2020-09-23,2020092304006461,RLI,51,35,10,647.00,"6,470.00"
2020-09-23,2020092304006472,RLI,25,16,10,644.00,"6,440.00"
2020-09-23,2020092304006471,RLI,51,38,10,647.00,"6,470.00"
2020-09-23,2020092304006470,RLI,51,38,10,647.00,"6,470.00"
2020-09-23,2020092304006469,RLI,51,44,10,647.00,"6,470.00"
2020-09-23,2020092304006468,RLI,51,38,10,647.00,"6,470.00"
2020-09-23,2020092304006467,RLI,51,58,10,647.00,"6,470.00"
2020-09-23,2020092304006478,RLI,48,10,10,642.00,"6,420.00"
2020-09-23,2020092304006477,RLI,48,17,10,642.00,"6,420.00"
2020-09-23,2020092304006476,RLI,48,34,10,642.00,"6,420.00"
2020-09-23,2020092304006475,RLI,25,59,10,644.00,"6,440.00"
2020-09-23,2020092304006474,RLI,25,20,10,644.00,"6,440.00"
2020-09-23,2020092304006473,RLI,25,58,10,644.00,"6,440.00"
2020-09-23,2020092304006484,RLI,42,42,10,644.00,"6,440.00"
2020-09-23,2020092304006483,RLI,48,20,10,642.00,"6,420.00"
2020-09-23,2020092304006482,RLI,48,34,10,642.00,"6,420.00"
2020-09-23,2020092304006481,RLI,48,56,10,642.00,"6,420.00"
2020-09-23,2020092304006480,RLI,48,47,10,642.00,"6,420.00"
2020-09-23,2020092304006479,RLI,48,38,10,642.00,"6,420.00"
2020-09-23,2020092304006490,RLI,41,42,10,645.00,"6,450.00"
2020-09-23,2020092304006489,RLI,41,22,10,645.00,"6,450.00"
2020-09-23,2020092304006488,RLI,42,59,10,644.00,"6,440.00"
2020-09-23,2020092304006487,RLI,42,42,10,644.00,"6,440.00"
2020-09-23,2020092304006486,RLI,42,58,10,644.00,"6,440.00"
2020-09-23,2020092304006485,RLI,42,56,10,644.00,"6,440.00"
2020-09-23,2020092304006498,RLI,58,47,10,643.00,"6,430.00"
2020-09-23,2020092304006496,RLI,58,56,10,643.00,"6,430.00"
2020-09-23,2020092304006495,RLI,35,47,10,644.00,"6,440.00"
2020-09-23,2020092304006494,RLI,48,21,10,642.00,"6,420.00"
2020-09-23,2020092304006493,RLI,48,10,10,642.00,"6,420.00"
2020-09-23,2020092304006492,RLI,48,16,10,642.00,"6,420.00"
2020-09-23,2020092304006504,RLI,35,58,10,648.00,"6,480.00"
2020-09-23,2020092304006503,RLI,35,11,10,648.00,"6,480.00"
2020-09-23,2020092304006502,RLI,35,58,10,648.00,"6,480.00"
2020-09-23,2020092304006501,RLI,35,26,10,648.00,"6,480.00"
2020-09-23,2020092304006500,RLI,35,58,10,648.00,"6,480.00"
2020-09-23,2020092304006499,RLI,58,22,10,643.00,"6,430.00"
2020-09-23,2020092304006280,SADBLP,42,45,"24,743",102.00,"2,523,790.00"
2020-09-23,2020092304006282,SAND2085,13,50,25,"1,010.00","25,250.00"
2020-09-23,2020092304005968,GIMES1,34,22,"2,949",9.25,"27,278.20"
2020-09-23,2020092304005628,NBF2,11,39,"10,000",8.75,"87,500.00"
2020-09-23,2020092304005627,NBF2,56,39,"2,170",8.75,"18,987.50"
2020-09-23,2020092304005626,NBF2,45,39,400,8.76,"3,504.00"
2020-09-23,2020092304005576,NBF2,45,39,"4,500",8.76,"39,420.00"
2020-09-23,2020092304005572,NBF2,45,39,100,8.76,876.00
2020-09-23,2020092304005571,NBF2,40,39,"2,900",8.77,"25,433.00"
2020-09-23,2020092304005564,NBF2,40,39,300,8.77,"2,631.00"
2020-09-23,2020092304005540,NBF2,40,39,"3,000",8.77,"26,310.00"
2020-09-23,2020092304005528,NBF2,40,39,"3,800",8.77,"33,326.00"
2020-09-23,2020092304005527,NBF2,52,39,"1,200",8.78,"10,536.00"
2020-09-23,2020092304005520,NBF2,52,39,"3,800",8.78,"33,364.00"
2020-09-23,2020092304005519,NBF2,45,39,"2,700",8.89,"24,003.00"
2020-09-23,2020092304005680,NEF,25,22,483,8.70,"4,202.10"
2020-09-23,2020092304005989,NICBF,28,21,100,8.83,883.00
2020-09-23,2020092304005987,NICBF,28,42,200,8.83,"1,766.00"
2020-09-23,2020092304006001,NMB50,16,21,100,9.32,932.00
2020-09-23,2020092304005999,NMBHF1,21,7,"1,000",9.99,"9,990.00"
2020-09-23,2020092304005995,NMBHF1,21,7,"2,000",9.99,"19,980.00"
2020-09-23,2020092304005992,NMBHF1,21,7,"2,000",9.99,"19,980.00"
2020-09-23,2020092304005847,NMBHF1,26,29,"3,554",9.95,"35,362.30"
2020-09-23,2020092304005846,NMBHF1,11,29,"5,000",9.95,"49,750.00"
2020-09-23,2020092304005845,NMBHF1,13,29,"4,446",9.96,"44,282.20"
2020-09-23,2020092304005844,NMBHF1,50,29,"5,000",9.97,"49,850.00"
2020-09-23,2020092304006012,RLI,45,45,10,637.00,"6,370.00"
2020-09-23,2020092304006011,RLI,51,56,10,639.00,"6,390.00"
2020-09-23,2020092304006010,RLI,45,47,10,637.00,"6,370.00"
2020-09-23,2020092304006009,RLI,45,10,10,637.00,"6,370.00"
2020-09-23,2020092304006008,RLI,45,17,10,637.00,"6,370.00"
2020-09-23,2020092304006007,RLI,51,51,10,638.00,"6,380.00"
2020-09-23,2020092304005518,RLI,1,4,10,634.00,"6,340.00"
2020-09-23,2020092304005517,RLI,1,47,10,634.00,"6,340.00"
2020-09-23,2020092304005516,RLI,1,43,10,634.00,"6,340.00"
2020-09-23,2020092304005515,RLI,1,17,10,634.00,"6,340.00"
2020-09-23,2020092304005514,RLI,1,42,10,634.00,"6,340.00"
2020-09-23,2020092304005513,RLI,1,42,10,634.00,"6,340.00"
2020-09-23,2020092304005526,RLI,1,4,10,634.00,"6,340.00"
2020-09-23,2020092304005525,RLI,1,28,10,634.00,"6,340.00"
2020-09-23,2020092304005524,RLI,1,17,10,634.00,"6,340.00"
2020-09-23,2020092304005523,RLI,1,28,10,634.00,"6,340.00"
2020-09-23,2020092304005522,RLI,1,17,10,634.00,"6,340.00"
2020-09-23,2020092304005521,RLI,1,28,10,634.00,"6,340.00"
2020-09-23,2020092304005534,RLI,1,10,10,634.00,"6,340.00"
2020-09-23,2020092304005533,RLI,1,42,10,634.00,"6,340.00"
2020-09-23,2020092304005532,RLI,1,47,10,634.00,"6,340.00"
2020-09-23,2020092304005531,RLI,1,14,10,634.00,"6,340.00"
2020-09-23,2020092304005530,RLI,1,44,10,634.00,"6,340.00"
2020-09-23,2020092304005529,RLI,1,13,10,634.00,"6,340.00"
2020-09-23,2020092304005541,RLI,58,4,10,634.00,"6,340.00"
2020-09-23,2020092304005539,RLI,45,28,10,634.00,"6,340.00"
2020-09-23,2020092304005538,RLI,45,13,10,634.00,"6,340.00"
2020-09-23,2020092304005537,RLI,45,14,10,634.00,"6,340.00"
2020-09-23,2020092304005536,RLI,45,28,10,634.00,"6,340.00"
2020-09-23,2020092304005535,RLI,1,40,10,634.00,"6,340.00"
2020-09-23,2020092304005547,RLI,58,38,10,635.00,"6,350.00"
2020-09-23,2020092304005546,RLI,58,38,10,635.00,"6,350.00"
2020-09-23,2020092304005545,RLI,58,38,10,635.00,"6,350.00"
2020-09-23,2020092304005544,RLI,58,38,10,635.00,"6,350.00"
2020-09-23,2020092304005543,RLI,58,6,10,635.00,"6,350.00"
2020-09-23,2020092304005542,RLI,58,38,10,635.00,"6,350.00"
2020-09-23,2020092304005553,RLI,58,38,10,635.00,"6,350.00"
2020-09-23,2020092304005552,RLI,58,38,10,635.00,"6,350.00"
2020-09-23,2020092304005551,RLI,58,40,10,635.00,"6,350.00"
2020-09-23,2020092304005550,RLI,58,22,10,635.00,"6,350.00"
2020-09-23,2020092304005549,RLI,58,38,10,635.00,"6,350.00"
2020-09-23,2020092304005548,RLI,58,3,10,635.00,"6,350.00"
2020-09-23,2020092304005559,RLI,58,38,10,635.00,"6,350.00"
2020-09-23,2020092304005558,RLI,58,40,10,635.00,"6,350.00"
2020-09-23,2020092304005557,RLI,58,3,10,635.00,"6,350.00"
2020-09-23,2020092304005556,RLI,58,38,10,635.00,"6,350.00"
2020-09-23,2020092304005555,RLI,58,40,10,635.00,"6,350.00"
2020-09-23,2020092304005554,RLI,58,3,10,635.00,"6,350.00"
2020-09-23,2020092304005566,RLI,21,58,10,633.00,"6,330.00"
2020-09-23,2020092304005565,RLI,21,28,10,633.00,"6,330.00"
2020-09-23,2020092304005563,RLI,53,28,10,633.00,"6,330.00"
2020-09-23,2020092304005562,RLI,44,14,10,633.00,"6,330.00"
2020-09-23,2020092304005561,RLI,44,17,10,633.00,"6,330.00"
2020-09-23,2020092304005560,RLI,58,11,10,635.00,"6,350.00"
2020-09-23,2020092304005574,RLI,21,49,10,633.00,"6,330.00"
2020-09-23,2020092304005573,RLI,21,17,10,633.00,"6,330.00"
2020-09-23,2020092304005570,RLI,21,17,10,633.00,"6,330.00"
2020-09-23,2020092304005569,RLI,21,38,10,633.00,"6,330.00"
2020-09-23,2020092304005568,RLI,21,49,10,633.00,"6,330.00"
2020-09-23,2020092304005567,RLI,21,44,10,633.00,"6,330.00"
2020-09-23,2020092304005581,RLI,45,4,10,634.00,"6,340.00"
2020-09-23,2020092304005580,RLI,45,13,10,634.00,"6,340.00"
2020-09-23,2020092304005579,RLI,45,4,10,634.00,"6,340.00"
2020-09-23,2020092304005578,RLI,47,47,10,633.00,"6,330.00"
2020-09-23,2020092304005577,RLI,21,17,10,633.00,"6,330.00"
2020-09-23,2020092304005575,RLI,21,47,10,633.00,"6,330.00"
2020-09-23,2020092304005587,RLI,8,38,10,635.00,"6,350.00"
2020-09-23,2020092304005586,RLI,45,35,10,634.00,"6,340.00"
2020-09-23,2020092304005585,RLI,45,4,10,634.00,"6,340.00"
2020-09-23,2020092304005584,RLI,45,56,10,634.00,"6,340.00"
2020-09-23,2020092304005583,RLI,45,49,10,634.00,"6,340.00"
2020-09-23,2020092304005582,RLI,45,38,10,634.00,"6,340.00"
2020-09-23,2020092304005593,RLI,8,38,10,635.00,"6,350.00"
2020-09-23,2020092304005592,RLI,8,36,10,635.00,"6,350.00"
2020-09-23,2020092304005591,RLI,8,45,10,635.00,"6,350.00"
2020-09-23,2020092304005590,RLI,8,46,10,635.00,"6,350.00"
2020-09-23,2020092304005589,RLI,8,58,10,635.00,"6,350.00"
2020-09-23,2020092304005588,RLI,8,3,10,635.00,"6,350.00"
2020-09-23,2020092304005599,RLI,45,44,10,634.00,"6,340.00"
2020-09-23,2020092304005598,RLI,8,39,10,635.00,"6,350.00"
2020-09-23,2020092304005597,RLI,8,38,10,635.00,"6,350.00"
2020-09-23,2020092304005596,RLI,8,44,10,635.00,"6,350.00"
2020-09-23,2020092304005595,RLI,8,38,10,635.00,"6,350.00"
2020-09-23,2020092304005594,RLI,8,3,10,635.00,"6,350.00"
2020-09-23,2020092304005605,RLI,45,58,10,634.00,"6,340.00"
2020-09-23,2020092304005604,RLI,45,13,10,634.00,"6,340.00"
2020-09-23,2020092304005603,RLI,45,43,10,634.00,"6,340.00"
2020-09-23,2020092304005602,RLI,45,44,10,634.00,"6,340.00"
2020-09-23,2020092304005601,RLI,45,50,10,634.00,"6,340.00"
2020-09-23,2020092304005600,RLI,45,47,10,634.00,"6,340.00"
2020-09-23,2020092304005611,RLI,17,3,10,635.00,"6,350.00"
2020-09-23,2020092304005610,RLI,17,38,10,635.00,"6,350.00"
2020-09-23,2020092304005609,RLI,17,38,10,635.00,"6,350.00"
2020-09-23,2020092304005608,RLI,17,58,10,635.00,"6,350.00"
2020-09-23,2020092304005607,RLI,17,38,10,635.00,"6,350.00"
2020-09-23,2020092304005606,RLI,17,3,10,635.00,"6,350.00"
2020-09-23,2020092304005617,RLI,17,43,10,635.00,"6,350.00"
2020-09-23,2020092304005616,RLI,17,38,10,635.00,"6,350.00"
2020-09-23,2020092304005615,RLI,17,44,10,635.00,"6,350.00"
2020-09-23,2020092304005614,RLI,17,38,10,635.00,"6,350.00"
2020-09-23,2020092304005613,RLI,17,46,10,635.00,"6,350.00"
2020-09-23,2020092304005612,RLI,17,38,10,635.00,"6,350.00"
2020-09-23,2020092304005623,RLI,17,44,10,635.00,"6,350.00"
2020-09-23,2020092304005622,RLI,17,38,10,635.00,"6,350.00"
2020-09-23,2020092304005621,RLI,17,16,10,635.00,"6,350.00"
2020-09-23,2020092304005620,RLI,17,40,10,635.00,"6,350.00"
2020-09-23,2020092304005619,RLI,17,47,10,635.00,"6,350.00"
2020-09-23,2020092304005618,RLI,17,42,10,635.00,"6,350.00"
2020-09-23,2020092304005632,RLI,39,40,10,636.00,"6,360.00"
2020-09-23,2020092304005631,RLI,17,28,10,635.00,"6,350.00"
2020-09-23,2020092304005630,RLI,17,44,10,635.00,"6,350.00"
2020-09-23,2020092304005629,RLI,17,38,10,635.00,"6,350.00"
2020-09-23,2020092304005625,RLI,17,57,10,635.00,"6,350.00"
2020-09-23,2020092304005624,RLI,17,45,10,635.00,"6,350.00"
2020-09-23,2020092304005638,RLI,17,38,10,635.00,"6,350.00"
2020-09-23,2020092304005637,RLI,17,4,10,635.00,"6,350.00"
2020-09-23,2020092304005636,RLI,17,8,10,635.00,"6,350.00"
2020-09-23,2020092304005635,RLI,39,44,10,636.00,"6,360.00"
2020-09-23,2020092304005634,RLI,39,42,10,636.00,"6,360.00"
2020-09-23,2020092304005633,RLI,39,36,10,636.00,"6,360.00"
2020-09-23,2020092304005644,RLI,17,8,10,635.00,"6,350.00"
2020-09-23,2020092304005643,RLI,17,49,10,635.00,"6,350.00"
2020-09-23,2020092304005642,RLI,17,44,10,635.00,"6,350.00"
2020-09-23,2020092304005641,RLI,17,10,10,635.00,"6,350.00"
2020-09-23,2020092304005640,RLI,17,47,10,635.00,"6,350.00"
2020-09-23,2020092304005639,RLI,17,46,10,635.00,"6,350.00"
2020-09-23,2020092304005650,RLI,49,38,10,637.00,"6,370.00"
2020-09-23,2020092304005649,RLI,49,51,10,637.00,"6,370.00"
2020-09-23,2020092304005648,RLI,49,44,10,636.00,"6,360.00"
2020-09-23,2020092304005647,RLI,17,8,10,635.00,"6,350.00"
2020-09-23,2020092304005646,RLI,17,44,10,635.00,"6,350.00"
2020-09-23,2020092304005645,RLI,17,38,10,635.00,"6,350.00"
2020-09-23,2020092304005656,RLI,49,21,10,637.00,"6,370.00"
2020-09-23,2020092304005655,RLI,49,21,10,637.00,"6,370.00"
2020-09-23,2020092304005654,RLI,49,21,10,637.00,"6,370.00"
2020-09-23,2020092304005653,RLI,49,13,10,637.00,"6,370.00"
2020-09-23,2020092304005652,RLI,49,51,10,637.00,"6,370.00"
2020-09-23,2020092304005651,RLI,49,13,10,637.00,"6,370.00"
2020-09-23,2020092304005662,RLI,49,21,10,637.00,"6,370.00"
2020-09-23,2020092304005661,RLI,49,21,10,637.00,"6,370.00"
2020-09-23,2020092304005660,RLI,49,21,10,637.00,"6,370.00"
2020-09-23,2020092304005659,RLI,49,21,10,637.00,"6,370.00"
2020-09-23,2020092304005658,RLI,49,21,10,637.00,"6,370.00"
2020-09-23,2020092304005657,RLI,49,21,10,637.00,"6,370.00"
2020-09-23,2020092304005668,RLI,49,59,10,638.00,"6,380.00"
2020-09-23,2020092304005667,RLI,49,52,10,637.00,"6,370.00"
2020-09-23,2020092304005666,RLI,49,22,10,637.00,"6,370.00"
2020-09-23,2020092304005665,RLI,49,29,10,637.00,"6,370.00"
2020-09-23,2020092304005664,RLI,49,42,10,637.00,"6,370.00"
2020-09-23,2020092304005663,RLI,49,21,10,637.00,"6,370.00"
2020-09-23,2020092304005674,RLI,49,45,10,638.00,"6,380.00"
2020-09-23,2020092304005673,RLI,49,41,10,638.00,"6,380.00"
2020-09-23,2020092304005672,RLI,49,41,10,638.00,"6,380.00"
2020-09-23,2020092304005671,RLI,49,41,10,638.00,"6,380.00"
2020-09-23,2020092304005670,RLI,49,57,10,638.00,"6,380.00"
2020-09-23,2020092304005669,RLI,49,44,10,638.00,"6,380.00"
2020-09-23,2020092304005681,RLI,17,13,10,635.00,"6,350.00"
2020-09-23,2020092304005679,RLI,17,38,10,635.00,"6,350.00"
2020-09-23,2020092304005678,RLI,17,10,10,635.00,"6,350.00"
2020-09-23,2020092304005677,RLI,49,42,10,638.00,"6,380.00"
2020-09-23,2020092304005676,RLI,49,37,10,638.00,"6,380.00"
2020-09-23,2020092304005675,RLI,49,21,10,638.00,"6,380.00"
2020-09-23,2020092304005687,RLI,17,10,10,635.00,"6,350.00"
2020-09-23,2020092304005686,RLI,17,4,10,635.00,"6,350.00"
2020-09-23,2020092304005685,RLI,17,44,10,635.00,"6,350.00"
2020-09-23,2020092304005684,RLI,17,38,10,635.00,"6,350.00"
2020-09-23,2020092304005683,RLI,17,47,10,635.00,"6,350.00"
2020-09-23,2020092304005682,RLI,17,38,10,635.00,"6,350.00"
2020-09-23,2020092304005693,RLI,17,53,10,635.00,"6,350.00"
2020-09-23,2020092304005692,RLI,17,26,10,635.00,"6,350.00"
2020-09-23,2020092304005691,RLI,17,58,10,635.00,"6,350.00"
2020-09-23,2020092304005690,RLI,17,38,10,635.00,"6,350.00"
2020-09-23,2020092304005689,RLI,17,8,10,635.00,"6,350.00"
2020-09-23,2020092304005688,RLI,17,44,10,635.00,"6,350.00"
2020-09-23,2020092304005699,RLI,19,44,10,635.00,"6,350.00"
2020-09-23,2020092304005698,RLI,50,56,10,635.00,"6,350.00"
2020-09-23,2020092304005697,RLI,50,39,10,635.00,"6,350.00"
2020-09-23,2020092304005696,RLI,50,28,10,635.00,"6,350.00"
2020-09-23,2020092304005695,RLI,50,38,10,635.00,"6,350.00"
2020-09-23,2020092304005694,RLI,50,8,10,635.00,"6,350.00"
2020-09-23,2020092304005705,RLI,19,38,10,635.00,"6,350.00"
2020-09-23,2020092304005704,RLI,19,38,10,635.00,"6,350.00"
2020-09-23,2020092304005703,RLI,19,42,10,635.00,"6,350.00"
2020-09-23,2020092304005702,RLI,19,10,10,635.00,"6,350.00"
2020-09-23,2020092304005701,RLI,19,44,10,635.00,"6,350.00"
2020-09-23,2020092304005700,RLI,19,38,10,635.00,"6,350.00"
2020-09-23,2020092304005711,RLI,45,44,10,634.00,"6,340.00"
2020-09-23,2020092304005710,RLI,45,44,10,634.00,"6,340.00"
2020-09-23,2020092304005709,RLI,45,47,10,634.00,"6,340.00"
2020-09-23,2020092304005708,RLI,19,14,10,635.00,"6,350.00"
2020-09-23,2020092304005707,RLI,19,19,10,635.00,"6,350.00"
2020-09-23,2020092304005706,RLI,19,44,10,635.00,"6,350.00"
2020-09-23,2020092304005717,RLI,45,16,10,634.00,"6,340.00"
2020-09-23,2020092304005716,RLI,45,38,10,634.00,"6,340.00"
2020-09-23,2020092304005715,RLI,45,10,10,634.00,"6,340.00"
2020-09-23,2020092304005714,RLI,45,48,10,634.00,"6,340.00"
2020-09-23,2020092304005713,RLI,45,38,10,634.00,"6,340.00"
2020-09-23,2020092304005712,RLI,45,1,10,634.00,"6,340.00"
2020-09-23,2020092304005724,RLI,45,38,10,634.00,"6,340.00"
2020-09-23,2020092304005723,RLI,47,44,10,635.00,"6,350.00"
2020-09-23,2020092304005721,RLI,47,38,10,635.00,"6,350.00"
2020-09-23,2020092304005720,RLI,47,4,10,635.00,"6,350.00"
2020-09-23,2020092304005719,RLI,47,47,10,635.00,"6,350.00"
2020-09-23,2020092304005718,RLI,47,7,10,635.00,"6,350.00"
2020-09-23,2020092304005730,RLI,46,38,10,634.00,"6,340.00"
2020-09-23,2020092304005729,RLI,45,4,10,634.00,"6,340.00"
2020-09-23,2020092304005728,RLI,45,42,10,634.00,"6,340.00"
2020-09-23,2020092304005727,RLI,45,26,10,634.00,"6,340.00"
2020-09-23,2020092304005726,RLI,45,18,10,634.00,"6,340.00"
2020-09-23,2020092304005725,RLI,45,39,10,634.00,"6,340.00"
2020-09-23,2020092304005736,RLI,8,4,10,638.00,"6,380.00"
2020-09-23,2020092304005735,RLI,8,43,10,637.00,"6,370.00"
2020-09-23,2020092304005734,RLI,8,6,10,636.00,"6,360.00"
2020-09-23,2020092304005733,RLI,8,17,10,636.00,"6,360.00"
2020-09-23,2020092304005732,RLI,8,10,10,635.00,"6,350.00"
2020-09-23,2020092304005731,RLI,8,7,10,635.00,"6,350.00"
2020-09-23,2020092304005742,RLI,58,36,10,639.00,"6,390.00"
2020-09-23,2020092304005741,RLI,42,39,10,634.00,"6,340.00"
2020-09-23,2020092304005740,RLI,42,44,10,634.00,"6,340.00"
2020-09-23,2020092304005739,RLI,42,38,10,634.00,"6,340.00"
2020-09-23,2020092304005738,RLI,42,42,10,634.00,"6,340.00"
2020-09-23,2020092304005737,RLI,8,46,10,638.00,"6,380.00"
2020-09-23,2020092304005748,RLI,58,6,10,639.00,"6,390.00"
2020-09-23,2020092304005747,RLI,58,48,10,639.00,"6,390.00"
2020-09-23,2020092304005746,RLI,58,59,10,639.00,"6,390.00"
2020-09-23,2020092304005745,RLI,58,4,10,639.00,"6,390.00"
2020-09-23,2020092304005744,RLI,58,8,10,639.00,"6,390.00"
2020-09-23,2020092304005743,RLI,58,38,10,639.00,"6,390.00"
2020-09-23,2020092304005754,RLI,58,33,10,639.00,"6,390.00"
2020-09-23,2020092304005753,RLI,58,33,10,639.00,"6,390.00"
2020-09-23,2020092304005752,RLI,58,21,10,639.00,"6,390.00"
2020-09-23,2020092304005751,RLI,58,33,10,639.00,"6,390.00"
2020-09-23,2020092304005750,RLI,58,37,10,639.00,"6,390.00"
2020-09-23,2020092304005749,RLI,58,33,10,639.00,"6,390.00"
2020-09-23,2020092304005760,RLI,58,33,10,639.00,"6,390.00"
2020-09-23,2020092304005759,RLI,58,33,10,639.00,"6,390.00"
2020-09-23,2020092304005758,RLI,58,33,10,639.00,"6,390.00"
2020-09-23,2020092304005757,RLI,58,33,10,639.00,"6,390.00"
2020-09-23,2020092304005756,RLI,58,33,10,639.00,"6,390.00"
2020-09-23,2020092304005755,RLI,58,33,10,639.00,"6,390.00"
2020-09-23,2020092304005766,RLI,58,58,10,640.00,"6,400.00"
2020-09-23,2020092304005765,RLI,58,42,10,640.00,"6,400.00"
2020-09-23,2020092304005764,RLI,58,19,10,640.00,"6,400.00"
2020-09-23,2020092304005763,RLI,58,34,10,640.00,"6,400.00"
2020-09-23,2020092304005762,RLI,58,54,10,639.00,"6,390.00"
2020-09-23,2020092304005761,RLI,58,33,10,639.00,"6,390.00"
2020-09-23,2020092304005772,RLI,58,50,10,640.00,"6,400.00"
2020-09-23,2020092304005771,RLI,58,59,10,640.00,"6,400.00"
2020-09-23,2020092304005770,RLI,58,22,10,640.00,"6,400.00"
2020-09-23,2020092304005769,RLI,58,41,10,640.00,"6,400.00"
2020-09-23,2020092304005768,RLI,58,4,10,640.00,"6,400.00"
2020-09-23,2020092304005767,RLI,58,6,10,640.00,"6,400.00"
2020-09-23,2020092304005778,RLI,58,52,10,640.00,"6,400.00"
2020-09-23,2020092304005777,RLI,58,59,10,640.00,"6,400.00"
2020-09-23,2020092304005776,RLI,58,50,10,640.00,"6,400.00"
2020-09-23,2020092304005775,RLI,58,38,10,640.00,"6,400.00"
2020-09-23,2020092304005774,RLI,58,56,10,640.00,"6,400.00"
2020-09-23,2020092304005773,RLI,58,56,10,640.00,"6,400.00"
2020-09-23,2020092304005784,RLI,58,28,10,640.00,"6,400.00"
2020-09-23,2020092304005783,RLI,58,42,10,640.00,"6,400.00"
2020-09-23,2020092304005782,RLI,58,48,10,640.00,"6,400.00"
2020-09-23,2020092304005781,RLI,58,52,10,640.00,"6,400.00"
2020-09-23,2020092304005780,RLI,58,32,10,640.00,"6,400.00"
2020-09-23,2020092304005779,RLI,58,34,10,640.00,"6,400.00"
2020-09-23,2020092304005790,RLI,58,4,10,640.00,"6,400.00"
2020-09-23,2020092304005789,RLI,58,52,10,640.00,"6,400.00"
2020-09-23,2020092304005788,RLI,58,56,10,640.00,"6,400.00"
2020-09-23,2020092304005787,RLI,58,45,10,640.00,"6,400.00"
2020-09-23,2020092304005786,RLI,58,34,10,640.00,"6,400.00"
2020-09-23,2020092304005785,RLI,58,45,10,640.00,"6,400.00"
2020-09-23,2020092304005796,RLI,58,21,10,640.00,"6,400.00"
2020-09-23,2020092304005795,RLI,58,50,10,640.00,"6,400.00"
2020-09-23,2020092304005794,RLI,58,42,10,640.00,"6,400.00"
2020-09-23,2020092304005793,RLI,58,42,10,640.00,"6,400.00"
2020-09-23,2020092304005792,RLI,58,46,10,640.00,"6,400.00"
2020-09-23,2020092304005791,RLI,58,34,10,640.00,"6,400.00"
2020-09-23,2020092304005802,RLI,58,40,10,640.00,"6,400.00"
2020-09-23,2020092304005801,RLI,58,58,10,640.00,"6,400.00"
2020-09-23,2020092304005800,RLI,58,58,10,640.00,"6,400.00"
2020-09-23,2020092304005799,RLI,58,55,10,640.00,"6,400.00"
2020-09-23,2020092304005798,RLI,58,57,10,640.00,"6,400.00"
2020-09-23,2020092304005797,RLI,58,42,10,640.00,"6,400.00"
2020-09-23,2020092304005808,RLI,58,13,10,640.00,"6,400.00"
2020-09-23,2020092304005807,RLI,58,17,10,640.00,"6,400.00"
2020-09-23,2020092304005806,RLI,58,58,10,640.00,"6,400.00"
2020-09-23,2020092304005805,RLI,58,17,10,640.00,"6,400.00"
2020-09-23,2020092304005804,RLI,58,45,10,640.00,"6,400.00"
2020-09-23,2020092304005803,RLI,58,57,10,640.00,"6,400.00"
2020-09-23,2020092304005814,RLI,58,36,10,640.00,"6,400.00"
2020-09-23,2020092304005813,RLI,58,59,10,640.00,"6,400.00"
2020-09-23,2020092304005812,RLI,58,36,10,640.00,"6,400.00"
2020-09-23,2020092304005811,RLI,58,57,10,640.00,"6,400.00"
2020-09-23,2020092304005810,RLI,58,47,10,640.00,"6,400.00"
2020-09-23,2020092304005809,RLI,58,47,10,640.00,"6,400.00"
2020-09-23,2020092304005820,RLI,58,33,10,640.00,"6,400.00"
2020-09-23,2020092304005819,RLI,58,58,10,640.00,"6,400.00"
2020-09-23,2020092304005818,RLI,58,59,10,640.00,"6,400.00"
2020-09-23,2020092304005817,RLI,58,18,10,640.00,"6,400.00"
2020-09-23,2020092304005816,RLI,58,34,10,640.00,"6,400.00"
2020-09-23,2020092304005815,RLI,58,14,10,640.00,"6,400.00"
2020-09-23,2020092304005826,RLI,58,38,10,640.00,"6,400.00"
2020-09-23,2020092304005825,RLI,58,52,10,640.00,"6,400.00"
2020-09-23,2020092304005824,RLI,58,25,10,640.00,"6,400.00"
2020-09-23,2020092304005823,RLI,58,59,10,640.00,"6,400.00"
2020-09-23,2020092304005822,RLI,58,52,10,640.00,"6,400.00"
2020-09-23,2020092304005821,RLI,58,52,10,640.00,"6,400.00"
2020-09-23,2020092304005832,RLI,58,41,10,640.00,"6,400.00"
2020-09-23,2020092304005831,RLI,58,52,10,640.00,"6,400.00"
2020-09-23,2020092304005830,RLI,58,13,10,640.00,"6,400.00"
2020-09-23,2020092304005829,RLI,58,38,10,640.00,"6,400.00"
2020-09-23,2020092304005828,RLI,58,58,10,640.00,"6,400.00"
2020-09-23,2020092304005827,RLI,58,44,10,640.00,"6,400.00"
2020-09-23,2020092304005838,RLI,58,7,10,640.00,"6,400.00"
2020-09-23,2020092304005837,RLI,58,56,10,640.00,"6,400.00"
2020-09-23,2020092304005836,RLI,58,14,10,640.00,"6,400.00"
2020-09-23,2020092304005835,RLI,58,45,10,640.00,"6,400.00"
2020-09-23,2020092304005834,RLI,58,34,10,640.00,"6,400.00"
2020-09-23,2020092304005833,RLI,58,13,10,640.00,"6,400.00"
2020-09-23,2020092304005848,RLI,42,47,10,634.00,"6,340.00"
2020-09-23,2020092304005843,RLI,42,42,10,634.00,"6,340.00"
2020-09-23,2020092304005842,RLI,42,10,10,634.00,"6,340.00"
2020-09-23,2020092304005841,RLI,58,41,10,640.00,"6,400.00"
2020-09-23,2020092304005840,RLI,58,44,10,640.00,"6,400.00"
2020-09-23,2020092304005839,RLI,58,6,10,640.00,"6,400.00"
2020-09-23,2020092304005854,RLI,34,10,10,635.00,"6,350.00"
2020-09-23,2020092304005853,RLI,34,44,10,634.00,"6,340.00"
2020-09-23,2020092304005852,RLI,42,10,10,634.00,"6,340.00"
2020-09-23,2020092304005851,RLI,42,42,10,634.00,"6,340.00"
2020-09-23,2020092304005850,RLI,35,47,10,635.00,"6,350.00"
2020-09-23,2020092304005849,RLI,42,42,10,634.00,"6,340.00"
2020-09-23,2020092304005860,RLI,34,38,10,640.00,"6,400.00"
2020-09-23,2020092304005859,RLI,34,8,10,640.00,"6,400.00"
2020-09-23,2020092304005858,RLI,34,25,10,640.00,"6,400.00"
2020-09-23,2020092304005857,RLI,34,48,10,640.00,"6,400.00"
2020-09-23,2020092304005856,RLI,34,56,10,640.00,"6,400.00"
2020-09-23,2020092304005855,RLI,34,8,10,639.00,"6,390.00"
2020-09-23,2020092304005866,RLI,34,49,76,641.00,"48,716.00"
2020-09-23,2020092304005865,RLI,34,45,10,641.00,"6,410.00"
2020-09-23,2020092304005864,RLI,34,43,10,640.00,"6,400.00"
2020-09-23,2020092304005863,RLI,34,8,10,640.00,"6,400.00"
2020-09-23,2020092304005862,RLI,34,34,10,640.00,"6,400.00"
2020-09-23,2020092304005861,RLI,34,48,10,640.00,"6,400.00"
2020-09-23,2020092304005872,RLI,34,42,10,641.00,"6,410.00"
2020-09-23,2020092304005871,RLI,34,42,10,641.00,"6,410.00"
2020-09-23,2020092304005870,RLI,34,22,10,641.00,"6,410.00"
2020-09-23,2020092304005869,RLI,34,7,10,641.00,"6,410.00"
2020-09-23,2020092304005868,RLI,34,33,10,641.00,"6,410.00"
2020-09-23,2020092304005867,RLI,34,35,10,641.00,"6,410.00"
2020-09-23,2020092304005878,RLI,19,45,10,635.00,"6,350.00"
2020-09-23,2020092304005877,RLI,19,42,10,635.00,"6,350.00"
2020-09-23,2020092304005876,RLI,19,56,10,635.00,"6,350.00"
2020-09-23,2020092304005875,RLI,34,49,224,642.00,"143,808.00"
2020-09-23,2020092304005874,RLI,34,41,10,642.00,"6,420.00"
2020-09-23,2020092304005873,RLI,34,26,10,641.00,"6,410.00"
2020-09-23,2020092304005884,RLI,19,40,10,635.00,"6,350.00"
2020-09-23,2020092304005883,RLI,34,49,480,642.00,"308,160.00"
2020-09-23,2020092304005882,RLI,34,35,10,640.00,"6,400.00"
2020-09-23,2020092304005881,RLI,34,59,10,640.00,"6,400.00"
2020-09-23,2020092304005880,RLI,19,42,10,635.00,"6,350.00"
2020-09-23,2020092304005879,RLI,19,17,10,635.00,"6,350.00"
2020-09-23,2020092304005890,RLI,38,42,10,635.00,"6,350.00"
2020-09-23,2020092304005889,RLI,38,38,10,635.00,"6,350.00"
2020-09-23,2020092304005888,RLI,19,56,10,635.00,"6,350.00"
2020-09-23,2020092304005887,RLI,19,42,10,635.00,"6,350.00"
2020-09-23,2020092304005886,RLI,19,10,10,635.00,"6,350.00"
2020-09-23,2020092304005885,RLI,19,38,10,635.00,"6,350.00"
2020-09-23,2020092304005896,RLI,38,10,10,635.00,"6,350.00"
2020-09-23,2020092304005895,RLI,38,59,10,635.00,"6,350.00"
2020-09-23,2020092304005894,RLI,38,38,10,635.00,"6,350.00"
2020-09-23,2020092304005893,RLI,38,44,10,635.00,"6,350.00"
2020-09-23,2020092304005892,RLI,38,38,10,635.00,"6,350.00"
2020-09-23,2020092304005891,RLI,38,22,10,635.00,"6,350.00"
2020-09-23,2020092304005902,RLI,38,47,10,635.00,"6,350.00"
2020-09-23,2020092304005901,RLI,38,21,10,635.00,"6,350.00"
2020-09-23,2020092304005900,RLI,38,45,10,635.00,"6,350.00"
2020-09-23,2020092304005899,RLI,38,20,10,635.00,"6,350.00"
2020-09-23,2020092304005898,RLI,38,40,10,635.00,"6,350.00"
2020-09-23,2020092304005897,RLI,38,42,10,635.00,"6,350.00"
2020-09-23,2020092304005908,RLI,38,20,10,635.00,"6,350.00"
2020-09-23,2020092304005907,RLI,38,42,10,635.00,"6,350.00"
2020-09-23,2020092304005906,RLI,38,38,10,635.00,"6,350.00"
2020-09-23,2020092304005905,RLI,38,40,10,635.00,"6,350.00"
2020-09-23,2020092304005904,RLI,38,38,10,635.00,"6,350.00"
2020-09-23,2020092304005903,RLI,38,44,10,635.00,"6,350.00"
2020-09-23,2020092304005914,RLI,38,42,10,635.00,"6,350.00"
2020-09-23,2020092304005913,RLI,38,40,10,635.00,"6,350.00"
2020-09-23,2020092304005912,RLI,38,10,10,635.00,"6,350.00"
2020-09-23,2020092304005911,RLI,38,38,10,635.00,"6,350.00"
2020-09-23,2020092304005910,RLI,38,44,10,635.00,"6,350.00"
2020-09-23,2020092304005909,RLI,38,39,10,635.00,"6,350.00"
2020-09-23,2020092304005921,RLI,50,40,10,636.00,"6,360.00"
2020-09-23,2020092304005920,RLI,50,44,10,636.00,"6,360.00"
2020-09-23,2020092304005919,RLI,50,26,10,636.00,"6,360.00"
2020-09-23,2020092304005918,RLI,50,42,10,636.00,"6,360.00"
2020-09-23,2020092304005917,RLI,50,38,10,636.00,"6,360.00"
2020-09-23,2020092304005915,RLI,50,44,10,636.00,"6,360.00"
2020-09-23,2020092304005927,RLI,50,42,10,636.00,"6,360.00"
2020-09-23,2020092304005926,RLI,50,57,10,636.00,"6,360.00"
2020-09-23,2020092304005925,RLI,50,38,10,636.00,"6,360.00"
2020-09-23,2020092304005924,RLI,50,42,10,636.00,"6,360.00"
2020-09-23,2020092304005923,RLI,50,36,10,636.00,"6,360.00"
2020-09-23,2020092304005922,RLI,50,44,10,636.00,"6,360.00"
2020-09-23,2020092304005933,RLI,50,40,10,636.00,"6,360.00"
2020-09-23,2020092304005932,RLI,50,38,10,636.00,"6,360.00"
2020-09-23,2020092304005931,RLI,50,26,10,636.00,"6,360.00"
2020-09-23,2020092304005930,RLI,50,44,10,636.00,"6,360.00"
2020-09-23,2020092304005929,RLI,50,44,10,636.00,"6,360.00"
2020-09-23,2020092304005928,RLI,50,20,10,636.00,"6,360.00"
2020-09-23,2020092304005939,RLI,50,57,10,636.00,"6,360.00"
2020-09-23,2020092304005938,RLI,50,10,10,636.00,"6,360.00"
2020-09-23,2020092304005937,RLI,50,44,10,636.00,"6,360.00"
2020-09-23,2020092304005936,RLI,16,25,10,638.00,"6,380.00"
2020-09-23,2020092304005935,RLI,50,39,10,636.00,"6,360.00"
2020-09-23,2020092304005934,RLI,50,42,10,636.00,"6,360.00"
2020-09-23,2020092304005945,RLI,45,10,10,637.00,"6,370.00"
2020-09-23,2020092304005944,RLI,50,42,10,636.00,"6,360.00"
2020-09-23,2020092304005943,RLI,50,38,10,636.00,"6,360.00"
2020-09-23,2020092304005942,RLI,50,26,10,636.00,"6,360.00"
2020-09-23,2020092304005941,RLI,50,42,10,636.00,"6,360.00"
2020-09-23,2020092304005940,RLI,50,1,10,636.00,"6,360.00"
2020-09-23,2020092304005951,RLI,45,57,10,637.00,"6,370.00"
2020-09-23,2020092304005950,RLI,45,42,10,637.00,"6,370.00"
2020-09-23,2020092304005949,RLI,45,6,10,637.00,"6,370.00"
2020-09-23,2020092304005948,RLI,45,49,10,637.00,"6,370.00"
2020-09-23,2020092304005947,RLI,45,42,10,637.00,"6,370.00"
2020-09-23,2020092304005946,RLI,45,39,10,637.00,"6,370.00"
2020-09-23,2020092304005957,RLI,45,44,10,637.00,"6,370.00"
2020-09-23,2020092304005956,RLI,45,42,10,637.00,"6,370.00"
2020-09-23,2020092304005955,RLI,45,51,10,637.00,"6,370.00"
2020-09-23,2020092304005954,RLI,51,34,10,638.00,"6,380.00"
2020-09-23,2020092304005953,RLI,45,20,10,637.00,"6,370.00"
2020-09-23,2020092304005952,RLI,45,42,10,637.00,"6,370.00"
2020-09-23,2020092304005963,RLI,47,57,10,638.00,"6,380.00"
2020-09-23,2020092304005962,RLI,47,22,10,638.00,"6,380.00"
2020-09-23,2020092304005961,RLI,47,38,10,638.00,"6,380.00"
2020-09-23,2020092304005960,RLI,47,56,10,638.00,"6,380.00"
2020-09-23,2020092304005959,RLI,45,49,10,637.00,"6,370.00"
2020-09-23,2020092304005958,RLI,45,20,10,637.00,"6,370.00"
2020-09-23,2020092304005970,RLI,45,10,10,637.00,"6,370.00"
2020-09-23,2020092304005969,RLI,16,20,10,638.00,"6,380.00"
2020-09-23,2020092304005967,RLI,45,26,10,637.00,"6,370.00"
2020-09-23,2020092304005966,RLI,45,45,10,637.00,"6,370.00"
2020-09-23,2020092304005965,RLI,45,44,10,637.00,"6,370.00"
2020-09-23,2020092304005964,RLI,47,35,10,638.00,"6,380.00"
2020-09-23,2020092304005976,RLI,45,45,10,637.00,"6,370.00"
2020-09-23,2020092304005975,RLI,45,13,10,637.00,"6,370.00"
2020-09-23,2020092304005974,RLI,45,38,10,637.00,"6,370.00"
2020-09-23,2020092304005973,RLI,45,57,10,637.00,"6,370.00"
2020-09-23,2020092304005972,RLI,45,44,10,637.00,"6,370.00"
2020-09-23,2020092304005971,RLI,45,20,10,637.00,"6,370.00"
2020-09-23,2020092304005982,RLI,16,51,10,638.00,"6,380.00"
2020-09-23,2020092304005981,RLI,16,49,10,638.00,"6,380.00"
2020-09-23,2020092304005980,RLI,45,42,10,637.00,"6,370.00"
2020-09-23,2020092304005979,RLI,45,20,10,637.00,"6,370.00"
2020-09-23,2020092304005978,RLI,45,10,10,637.00,"6,370.00"
2020-09-23,2020092304005977,RLI,45,28,10,637.00,"6,370.00"
2020-09-23,2020092304005990,RLI,45,17,10,637.00,"6,370.00"
2020-09-23,2020092304005988,RLI,45,56,10,637.00,"6,370.00"
2020-09-23,2020092304005986,RLI,45,45,10,637.00,"6,370.00"
2020-09-23,2020092304005985,RLI,45,44,10,637.00,"6,370.00"
2020-09-23,2020092304005984,RLI,45,10,10,637.00,"6,370.00"
2020-09-23,2020092304005983,RLI,45,44,10,637.00,"6,370.00"
2020-09-23,2020092304005998,RLI,59,58,10,638.00,"6,380.00"
2020-09-23,2020092304005997,RLI,45,57,10,637.00,"6,370.00"
2020-09-23,2020092304005996,RLI,45,46,10,637.00,"6,370.00"
2020-09-23,2020092304005994,RLI,45,47,10,637.00,"6,370.00"
2020-09-23,2020092304005993,RLI,45,10,10,637.00,"6,370.00"
2020-09-23,2020092304005991,RLI,45,49,10,637.00,"6,370.00"
2020-09-23,2020092304006006,RLI,51,46,10,638.00,"6,380.00"
2020-09-23,2020092304006005,RLI,45,20,10,637.00,"6,370.00"
2020-09-23,2020092304006004,RLI,45,20,10,637.00,"6,370.00"
2020-09-23,2020092304006003,RLI,45,10,10,637.00,"6,370.00"
2020-09-23,2020092304006002,RLI,45,57,10,637.00,"6,370.00"
2020-09-23,2020092304006000,RLI,45,26,10,637.00,"6,370.00"
2020-09-23,2020092304005916,SAEF,7,58,100,10.30,"1,030.00"
2020-09-23,2020092304005722,STC,34,22,20,"3,292.00","65,840.00"
2020-09-23,2020092304005478,CMF1,8,32,500,11.24,"5,620.00"
2020-09-23,2020092304005456,CMF1,16,11,"5,000",11.25,"56,250.00"
2020-09-23,2020092304005349,CMF1,16,13,900,11.25,"10,125.00"
2020-09-23,2020092304005311,CMF1,33,13,100,11.25,"1,125.00"
2020-09-23,2020092304005218,CMF1,16,43,"4,500",11.27,"50,715.00"
2020-09-23,2020092304005176,CMF1,52,34,"3,910",11.25,"43,987.50"
2020-09-23,2020092304005119,CMF1,16,17,100,11.25,"1,125.00"
2020-09-23,2020092304005037,CMF1,8,59,500,11.24,"5,620.00"
2020-09-23,2020092304005429,LUK,8,39,100,8.98,898.00
2020-09-23,2020092304005319,LUK,8,45,100,8.98,898.00
2020-09-23,2020092304005289,LUK,8,45,200,8.98,"1,796.00"
2020-09-23,2020092304005267,LUK,8,45,200,8.98,"1,796.00"
2020-09-23,2020092304005491,NBF2,45,39,"2,300",8.89,"20,447.00"
2020-09-23,2020092304005490,NBF2,45,39,"5,000",8.90,"44,500.00"
2020-09-23,2020092304005489,NBF2,45,39,"1,700",8.90,"15,130.00"
2020-09-23,2020092304005392,NBF2,45,41,"3,300",8.90,"29,370.00"
2020-09-23,2020092304005391,NBF2,45,41,"5,000",8.90,"44,500.00"
2020-09-23,2020092304005390,NBF2,45,41,"5,000",8.90,"44,500.00"
2020-09-23,2020092304005314,NBF2,45,49,"1,300",8.90,"11,570.00"
2020-09-23,2020092304005307,NBF2,45,28,"1,600",8.90,"14,240.00"
2020-09-23,2020092304005306,NBF2,45,28,"1,800",8.90,"16,020.00"
2020-09-23,2020092304005305,NBF2,45,28,100,8.90,890.00
2020-09-23,2020092304005304,NBF2,45,28,100,8.90,890.00
2020-09-23,2020092304005303,NBF2,45,49,100,8.90,890.00
2020-09-23,2020092304005389,NBF2,45,41,"2,900",8.90,"25,810.00"
2020-09-23,2020092304005330,NBF2,45,41,"2,100",8.90,"18,690.00"
2020-09-23,2020092304005329,NBF2,45,41,"5,000",8.90,"44,500.00"
2020-09-23,2020092304005328,NBF2,45,41,"1,300",8.90,"11,570.00"
2020-09-23,2020092304005316,NBF2,45,49,"3,700",8.90,"32,930.00"
2020-09-23,2020092304005315,NBF2,45,49,"5,000",8.90,"44,500.00"
2020-09-23,2020092304005401,NEF,38,38,789,8.84,"6,974.76"
2020-09-23,2020092304005164,NEF,38,35,"1,207",8.84,"10,669.90"
2020-09-23,2020092304005014,NEF,25,36,862,8.85,"7,628.70"
2020-09-23,2020092304005487,NIBPO,14,4,"1,000",360.00,"360,000.00"
2020-09-23,2020092304005308,NIBPO,42,45,115,358.00,"41,170.00"
2020-09-23,2020092304005273,NIBPO,49,45,200,359.00,"71,800.00"
2020-09-23,2020092304005266,NIBPO,42,45,"4,722",358.00,"1,690,480.00"
2020-09-23,2020092304005265,NIBPO,44,45,178,358.00,"63,724.00"
2020-09-23,2020092304005264,NIBPO,44,45,100,358.00,"35,800.00"
2020-09-23,2020092304005254,NIBPO,43,45,500,359.00,"179,500.00"
2020-09-23,2020092304005253,NIBPO,34,45,291,359.00,"104,469.00"
2020-09-23,2020092304005195,NIBPO,34,17,209,359.00,"75,031.00"
2020-09-23,2020092304005194,NIBPO,34,17,63,359.00,"22,617.00"
2020-09-23,2020092304005190,NIBPO,44,45,39,360.00,"14,040.00"
2020-09-23,2020092304005189,NIBPO,52,45,200,360.00,"72,000.00"
2020-09-23,2020092304005111,NICGF,17,59,400,9.31,"3,724.00"
2020-09-23,2020092304005043,NMB50,16,21,300,9.45,"2,835.00"
2020-09-23,2020092304005353,NMBHF1,13,4,"5,000",9.96,"49,800.00"
2020-09-23,2020092304005352,NMBHF1,16,4,"5,000",9.97,"49,850.00"
2020-09-23,2020092304005177,NMBHF1,13,7,554,9.96,"5,517.84"
2020-09-23,2020092304005153,NMBHF1,16,35,"1,000",9.96,"9,960.00"
2020-09-23,2020092304005477,RBCLPO,26,40,20,"10,080.00","201,600.00"
2020-09-23,2020092304005476,RBCLPO,32,40,30,"10,090.00","302,700.00"
2020-09-23,2020092304005202,RBCLPO,26,22,10,"10,200.00","102,000.00"
2020-09-23,2020092304005512,RLI,1,49,10,634.00,"6,340.00"
2020-09-23,2020092304005511,RLI,1,42,10,634.00,"6,340.00"
2020-09-23,2020092304005510,RLI,1,22,10,634.00,"6,340.00"
2020-09-23,2020092304005509,RLI,1,17,10,634.00,"6,340.00"
2020-09-23,2020092304005508,RLI,25,41,10,635.00,"6,350.00"
2020-09-23,2020092304005507,RLI,25,38,10,635.00,"6,350.00"
2020-09-23,2020092304005017,RLI,41,28,10,634.00,"6,340.00"
2020-09-23,2020092304005015,RLI,41,45,10,634.00,"6,340.00"
2020-09-23,2020092304005013,RLI,41,19,10,634.00,"6,340.00"
2020-09-23,2020092304005023,RLI,44,45,10,633.00,"6,330.00"
2020-09-23,2020092304005022,RLI,44,44,10,633.00,"6,330.00"
2020-09-23,2020092304005021,RLI,44,28,10,633.00,"6,330.00"
2020-09-23,2020092304005020,RLI,44,21,10,633.00,"6,330.00"
2020-09-23,2020092304005019,RLI,41,38,10,634.00,"6,340.00"
2020-09-23,2020092304005018,RLI,41,36,10,634.00,"6,340.00"
2020-09-23,2020092304005029,RLI,58,36,10,635.00,"6,350.00"
2020-09-23,2020092304005028,RLI,58,56,10,635.00,"6,350.00"
2020-09-23,2020092304005027,RLI,44,8,10,633.00,"6,330.00"
2020-09-23,2020092304005026,RLI,44,38,10,633.00,"6,330.00"
2020-09-23,2020092304005025,RLI,44,28,10,633.00,"6,330.00"
2020-09-23,2020092304005024,RLI,44,17,10,633.00,"6,330.00"
2020-09-23,2020092304005035,RLI,58,17,10,635.00,"6,350.00"
2020-09-23,2020092304005034,RLI,58,43,10,635.00,"6,350.00"
2020-09-23,2020092304005033,RLI,58,35,10,635.00,"6,350.00"
2020-09-23,2020092304005032,RLI,58,22,10,635.00,"6,350.00"
2020-09-23,2020092304005031,RLI,58,55,10,635.00,"6,350.00"
2020-09-23,2020092304005030,RLI,58,10,10,635.00,"6,350.00"
2020-09-23,2020092304005042,RLI,21,48,10,635.00,"6,350.00"
2020-09-23,2020092304005041,RLI,21,17,10,635.00,"6,350.00"
2020-09-23,2020092304005040,RLI,21,45,10,635.00,"6,350.00"
2020-09-23,2020092304005039,RLI,21,8,10,635.00,"6,350.00"
2020-09-23,2020092304005038,RLI,58,55,10,635.00,"6,350.00"
2020-09-23,2020092304005036,RLI,58,32,10,635.00,"6,350.00"
2020-09-23,2020092304005049,RLI,45,7,10,636.00,"6,360.00"
2020-09-23,2020092304005048,RLI,58,57,10,635.00,"6,350.00"
2020-09-23,2020092304005047,RLI,58,48,10,635.00,"6,350.00"
2020-09-23,2020092304005046,RLI,58,39,10,635.00,"6,350.00"
2020-09-23,2020092304005045,RLI,21,8,10,635.00,"6,350.00"
2020-09-23,2020092304005044,RLI,21,22,10,635.00,"6,350.00"
2020-09-23,2020092304005055,RLI,45,17,10,636.00,"6,360.00"
2020-09-23,2020092304005054,RLI,45,41,10,636.00,"6,360.00"
2020-09-23,2020092304005053,RLI,45,59,10,636.00,"6,360.00"
2020-09-23,2020092304005052,RLI,45,37,10,636.00,"6,360.00"
2020-09-23,2020092304005051,RLI,45,43,10,636.00,"6,360.00"
2020-09-23,2020092304005050,RLI,45,17,10,636.00,"6,360.00"
2020-09-23,2020092304005061,RLI,6,48,10,637.00,"6,370.00"
2020-09-23,2020092304005060,RLI,6,53,10,637.00,"6,370.00"
2020-09-23,2020092304005059,RLI,6,41,10,637.00,"6,370.00"
2020-09-23,2020092304005058,RLI,6,41,10,637.00,"6,370.00"
2020-09-23,2020092304005057,RLI,6,41,10,637.00,"6,370.00"
2020-09-23,2020092304005056,RLI,6,41,10,637.00,"6,370.00"
2020-09-23,2020092304005067,RLI,45,8,10,636.00,"6,360.00"
2020-09-23,2020092304005066,RLI,45,44,10,636.00,"6,360.00"
2020-09-23,2020092304005065,RLI,45,57,10,636.00,"6,360.00"
2020-09-23,2020092304005064,RLI,45,10,10,636.00,"6,360.00"
2020-09-23,2020092304005063,RLI,45,8,10,636.00,"6,360.00"
2020-09-23,2020092304005062,RLI,45,40,10,636.00,"6,360.00"
2020-09-23,2020092304005073,RLI,39,41,10,638.00,"6,380.00"
2020-09-23,2020092304005072,RLI,45,17,10,636.00,"6,360.00"
2020-09-23,2020092304005071,RLI,45,8,10,636.00,"6,360.00"
2020-09-23,2020092304005070,RLI,45,44,10,636.00,"6,360.00"
2020-09-23,2020092304005069,RLI,45,17,10,636.00,"6,360.00"
2020-09-23,2020092304005068,RLI,45,17,10,636.00,"6,360.00"
2020-09-23,2020092304005079,RLI,45,44,10,636.00,"6,360.00"
2020-09-23,2020092304005078,RLI,45,22,10,636.00,"6,360.00"
2020-09-23,2020092304005077,RLI,45,28,10,636.00,"6,360.00"
2020-09-23,2020092304005076,RLI,39,53,10,638.00,"6,380.00"
2020-09-23,2020092304005075,RLI,39,28,10,638.00,"6,380.00"
2020-09-23,2020092304005074,RLI,39,44,10,638.00,"6,380.00"
2020-09-23,2020092304005085,RLI,45,53,10,636.00,"6,360.00"
2020-09-23,2020092304005084,RLI,45,21,10,636.00,"6,360.00"
2020-09-23,2020092304005083,RLI,45,8,10,636.00,"6,360.00"
2020-09-23,2020092304005082,RLI,45,22,10,636.00,"6,360.00"
2020-09-23,2020092304005081,RLI,45,8,10,636.00,"6,360.00"
2020-09-23,2020092304005080,RLI,45,17,10,636.00,"6,360.00"
2020-09-23,2020092304005091,RLI,58,28,10,635.00,"6,350.00"
2020-09-23,2020092304005090,RLI,58,25,10,635.00,"6,350.00"
2020-09-23,2020092304005089,RLI,57,40,10,636.00,"6,360.00"
2020-09-23,2020092304005088,RLI,45,22,10,636.00,"6,360.00"
2020-09-23,2020092304005087,RLI,45,48,10,636.00,"6,360.00"
2020-09-23,2020092304005086,RLI,45,28,10,636.00,"6,360.00"
2020-09-23,2020092304005097,RLI,41,49,10,636.00,"6,360.00"
2020-09-23,2020092304005096,RLI,26,33,10,636.00,"6,360.00"
2020-09-23,2020092304005095,RLI,26,32,10,636.00,"6,360.00"
2020-09-23,2020092304005094,RLI,58,22,10,635.00,"6,350.00"
2020-09-23,2020092304005093,RLI,58,26,10,635.00,"6,350.00"
2020-09-23,2020092304005092,RLI,58,8,10,635.00,"6,350.00"
2020-09-23,2020092304005103,RLI,58,45,10,635.00,"6,350.00"
2020-09-23,2020092304005102,RLI,58,22,10,635.00,"6,350.00"
2020-09-23,2020092304005101,RLI,41,56,10,636.00,"6,360.00"
2020-09-23,2020092304005100,RLI,41,48,10,636.00,"6,360.00"
2020-09-23,2020092304005099,RLI,41,28,10,636.00,"6,360.00"
2020-09-23,2020092304005098,RLI,41,44,10,636.00,"6,360.00"
2020-09-23,2020092304005109,RLI,58,44,10,635.00,"6,350.00"
2020-09-23,2020092304005108,RLI,58,22,10,635.00,"6,350.00"
2020-09-23,2020092304005107,RLI,58,44,10,635.00,"6,350.00"
2020-09-23,2020092304005106,RLI,58,28,10,635.00,"6,350.00"
2020-09-23,2020092304005105,RLI,58,48,10,635.00,"6,350.00"
2020-09-23,2020092304005104,RLI,58,21,10,635.00,"6,350.00"
2020-09-23,2020092304005116,RLI,51,44,10,635.00,"6,350.00"
2020-09-23,2020092304005115,RLI,51,28,10,635.00,"6,350.00"
2020-09-23,2020092304005114,RLI,58,53,10,635.00,"6,350.00"
2020-09-23,2020092304005113,RLI,58,49,10,635.00,"6,350.00"
2020-09-23,2020092304005112,RLI,58,46,10,635.00,"6,350.00"
2020-09-23,2020092304005110,RLI,58,55,10,635.00,"6,350.00"
2020-09-23,2020092304005123,RLI,19,48,10,635.00,"6,350.00"
2020-09-23,2020092304005122,RLI,19,8,10,635.00,"6,350.00"
2020-09-23,2020092304005121,RLI,19,17,10,635.00,"6,350.00"
2020-09-23,2020092304005120,RLI,51,44,10,635.00,"6,350.00"
2020-09-23,2020092304005118,RLI,51,22,10,635.00,"6,350.00"
2020-09-23,2020092304005117,RLI,51,17,10,635.00,"6,350.00"
2020-09-23,2020092304005129,RLI,39,44,10,635.00,"6,350.00"
2020-09-23,2020092304005128,RLI,39,55,10,635.00,"6,350.00"
2020-09-23,2020092304005127,RLI,39,41,10,635.00,"6,350.00"
2020-09-23,2020092304005126,RLI,39,48,10,635.00,"6,350.00"
2020-09-23,2020092304005125,RLI,39,17,10,635.00,"6,350.00"
2020-09-23,2020092304005124,RLI,19,22,10,635.00,"6,350.00"
2020-09-23,2020092304005135,RLI,39,17,10,635.00,"6,350.00"
2020-09-23,2020092304005134,RLI,39,44,10,635.00,"6,350.00"
2020-09-23,2020092304005133,RLI,39,17,10,635.00,"6,350.00"
2020-09-23,2020092304005132,RLI,39,48,10,635.00,"6,350.00"
2020-09-23,2020092304005131,RLI,39,53,10,635.00,"6,350.00"
2020-09-23,2020092304005130,RLI,39,8,10,635.00,"6,350.00"
2020-09-23,2020092304005141,RLI,58,53,10,636.00,"6,360.00"
2020-09-23,2020092304005140,RLI,58,49,10,636.00,"6,360.00"
2020-09-23,2020092304005139,RLI,39,37,10,635.00,"6,350.00"
2020-09-23,2020092304005138,RLI,39,44,10,635.00,"6,350.00"
2020-09-23,2020092304005137,RLI,39,28,10,635.00,"6,350.00"
2020-09-23,2020092304005136,RLI,39,48,10,635.00,"6,350.00"
2020-09-23,2020092304005148,RLI,21,25,10,636.00,"6,360.00"
2020-09-23,2020092304005147,RLI,58,28,10,636.00,"6,360.00"
2020-09-23,2020092304005146,RLI,58,44,10,636.00,"6,360.00"
2020-09-23,2020092304005145,RLI,58,6,10,636.00,"6,360.00"
2020-09-23,2020092304005144,RLI,38,48,10,637.00,"6,370.00"
