Date,Transact. No.,Symbol,Buyer,Seller,Quantity,Rate,Amount
2020-10-28,2020102804008833,CMF1,45,1,"1,000",9.80,"9,800.00"
2020-10-28,2020102804008733,CMF1,28,1,900,9.78,"8,802.00"
2020-10-28,2020102804008732,CMF1,45,1,100,9.80,980.00
2020-10-28,2020102804008509,CMF1,45,58,"2,000",9.80,"19,600.00"
2020-10-28,2020102804008497,CMF1,45,58,900,9.80,"8,820.00"
2020-10-28,2020102804008438,CMF1,22,58,"1,100",9.81,"10,791.00"
2020-10-28,2020102804008433,CMF1,22,6,"1,000",9.81,"9,810.00"
2020-10-28,2020102804008920,GIC,57,50,10,578.00,"5,780.00"
2020-10-28,2020102804008919,GIC,50,6,10,577.00,"5,770.00"
2020-10-28,2020102804008918,GIC,50,45,10,577.00,"5,770.00"
2020-10-28,2020102804008917,GIC,50,34,10,577.00,"5,770.00"
2020-10-28,2020102804008916,GIC,6,19,10,578.00,"5,780.00"
2020-10-28,2020102804008915,GIC,6,34,10,578.00,"5,780.00"
2020-10-28,2020102804008423,GIC,11,42,10,574.00,"5,740.00"
2020-10-28,2020102804008422,GIC,11,32,10,574.00,"5,740.00"
2020-10-28,2020102804008421,GIC,6,39,10,574.00,"5,740.00"
2020-10-28,2020102804008429,GIC,5,34,10,573.00,"5,730.00"
2020-10-28,2020102804008428,GIC,46,49,10,574.00,"5,740.00"
2020-10-28,2020102804008427,GIC,11,36,10,575.00,"5,750.00"
2020-10-28,2020102804008426,GIC,11,40,10,575.00,"5,750.00"
2020-10-28,2020102804008425,GIC,11,6,10,575.00,"5,750.00"
2020-10-28,2020102804008424,GIC,46,34,10,574.00,"5,740.00"
2020-10-28,2020102804008436,GIC,5,34,10,573.00,"5,730.00"
2020-10-28,2020102804008435,GIC,40,21,10,574.00,"5,740.00"
2020-10-28,2020102804008434,GIC,5,34,10,573.00,"5,730.00"
2020-10-28,2020102804008432,GIC,5,34,10,573.00,"5,730.00"
2020-10-28,2020102804008431,GIC,5,13,10,573.00,"5,730.00"
2020-10-28,2020102804008430,GIC,5,48,10,573.00,"5,730.00"
2020-10-28,2020102804008443,GIC,6,1,10,574.00,"5,740.00"
2020-10-28,2020102804008442,GIC,6,28,10,574.00,"5,740.00"
2020-10-28,2020102804008441,GIC,6,29,10,574.00,"5,740.00"
2020-10-28,2020102804008440,GIC,49,49,10,574.00,"5,740.00"
2020-10-28,2020102804008439,GIC,49,17,10,574.00,"5,740.00"
2020-10-28,2020102804008437,GIC,49,6,10,574.00,"5,740.00"
2020-10-28,2020102804008454,GIC,5,1,10,573.00,"5,730.00"
2020-10-28,2020102804008452,GIC,5,41,10,573.00,"5,730.00"
2020-10-28,2020102804008451,GIC,5,6,10,573.00,"5,730.00"
2020-10-28,2020102804008446,GIC,49,42,10,574.00,"5,740.00"
2020-10-28,2020102804008445,GIC,5,10,10,573.00,"5,730.00"
2020-10-28,2020102804008444,GIC,6,49,10,574.00,"5,740.00"
2020-10-28,2020102804008460,GIC,5,47,10,573.00,"5,730.00"
2020-10-28,2020102804008459,GIC,5,17,10,573.00,"5,730.00"
2020-10-28,2020102804008458,GIC,5,1,10,573.00,"5,730.00"
2020-10-28,2020102804008457,GIC,5,17,10,573.00,"5,730.00"
2020-10-28,2020102804008456,GIC,5,41,10,573.00,"5,730.00"
2020-10-28,2020102804008455,GIC,5,21,10,573.00,"5,730.00"
2020-10-28,2020102804008468,GIC,13,52,10,574.00,"5,740.00"
2020-10-28,2020102804008467,GIC,5,42,10,573.00,"5,730.00"
2020-10-28,2020102804008465,GIC,5,17,10,573.00,"5,730.00"
2020-10-28,2020102804008463,GIC,5,48,10,573.00,"5,730.00"
2020-10-28,2020102804008462,GIC,5,34,10,573.00,"5,730.00"
2020-10-28,2020102804008461,GIC,5,17,10,573.00,"5,730.00"
2020-10-28,2020102804008474,GIC,51,49,10,574.00,"5,740.00"
2020-10-28,2020102804008473,GIC,1,49,10,574.00,"5,740.00"
2020-10-28,2020102804008472,GIC,1,58,10,575.00,"5,750.00"
2020-10-28,2020102804008471,GIC,1,59,10,575.00,"5,750.00"
2020-10-28,2020102804008470,GIC,17,25,5,575.00,"2,875.00"
2020-10-28,2020102804008469,GIC,5,17,10,573.00,"5,730.00"
2020-10-28,2020102804008480,GIC,5,45,10,575.00,"5,750.00"
2020-10-28,2020102804008479,GIC,5,57,10,575.00,"5,750.00"
2020-10-28,2020102804008478,GIC,51,17,10,574.00,"5,740.00"
2020-10-28,2020102804008477,GIC,51,41,10,574.00,"5,740.00"
2020-10-28,2020102804008476,GIC,51,43,10,574.00,"5,740.00"
2020-10-28,2020102804008475,GIC,51,1,10,574.00,"5,740.00"
2020-10-28,2020102804008486,GIC,5,17,10,575.00,"5,750.00"
2020-10-28,2020102804008485,GIC,5,51,10,575.00,"5,750.00"
2020-10-28,2020102804008484,GIC,5,29,10,575.00,"5,750.00"
2020-10-28,2020102804008483,GIC,5,56,10,575.00,"5,750.00"
2020-10-28,2020102804008482,GIC,5,21,10,575.00,"5,750.00"
2020-10-28,2020102804008481,GIC,5,29,10,575.00,"5,750.00"
2020-10-28,2020102804008492,GIC,51,56,10,574.00,"5,740.00"
2020-10-28,2020102804008491,GIC,51,56,10,574.00,"5,740.00"
2020-10-28,2020102804008490,GIC,51,17,10,574.00,"5,740.00"
2020-10-28,2020102804008489,GIC,51,56,10,574.00,"5,740.00"
2020-10-28,2020102804008488,GIC,5,7,10,575.00,"5,750.00"
2020-10-28,2020102804008487,GIC,5,7,10,575.00,"5,750.00"
2020-10-28,2020102804008499,GIC,51,10,10,574.00,"5,740.00"
2020-10-28,2020102804008498,GIC,51,48,10,574.00,"5,740.00"
2020-10-28,2020102804008496,GIC,51,10,10,574.00,"5,740.00"
2020-10-28,2020102804008495,GIC,51,54,10,574.00,"5,740.00"
2020-10-28,2020102804008494,GIC,51,10,10,574.00,"5,740.00"
2020-10-28,2020102804008493,GIC,51,42,10,574.00,"5,740.00"
2020-10-28,2020102804008505,GIC,51,36,10,574.00,"5,740.00"
2020-10-28,2020102804008504,GIC,51,39,10,574.00,"5,740.00"
2020-10-28,2020102804008503,GIC,51,10,10,574.00,"5,740.00"
2020-10-28,2020102804008502,GIC,51,52,10,574.00,"5,740.00"
2020-10-28,2020102804008501,GIC,51,56,10,574.00,"5,740.00"
2020-10-28,2020102804008500,GIC,51,11,10,574.00,"5,740.00"
2020-10-28,2020102804008513,GIC,51,38,10,574.00,"5,740.00"
2020-10-28,2020102804008512,GIC,51,10,10,574.00,"5,740.00"
2020-10-28,2020102804008511,GIC,51,21,10,574.00,"5,740.00"
2020-10-28,2020102804008510,GIC,51,49,10,574.00,"5,740.00"
2020-10-28,2020102804008508,GIC,51,54,10,574.00,"5,740.00"
2020-10-28,2020102804008506,GIC,51,17,10,574.00,"5,740.00"
2020-10-28,2020102804008520,GIC,48,38,10,575.00,"5,750.00"
2020-10-28,2020102804008519,GIC,48,29,10,575.00,"5,750.00"
2020-10-28,2020102804008518,GIC,14,38,10,574.00,"5,740.00"
2020-10-28,2020102804008517,GIC,5,10,10,574.00,"5,740.00"
2020-10-28,2020102804008515,GIC,5,53,10,574.00,"5,740.00"
2020-10-28,2020102804008514,GIC,46,25,5,578.00,"2,890.00"
2020-10-28,2020102804008526,GIC,48,58,10,575.00,"5,750.00"
2020-10-28,2020102804008525,GIC,48,38,10,575.00,"5,750.00"
2020-10-28,2020102804008524,GIC,48,11,10,575.00,"5,750.00"
2020-10-28,2020102804008523,GIC,48,26,10,575.00,"5,750.00"
2020-10-28,2020102804008522,GIC,48,58,10,575.00,"5,750.00"
2020-10-28,2020102804008521,GIC,48,32,10,575.00,"5,750.00"
2020-10-28,2020102804008532,GIC,48,58,10,575.00,"5,750.00"
2020-10-28,2020102804008531,GIC,48,51,10,575.00,"5,750.00"
2020-10-28,2020102804008530,GIC,48,19,10,575.00,"5,750.00"
2020-10-28,2020102804008529,GIC,48,21,10,575.00,"5,750.00"
2020-10-28,2020102804008528,GIC,48,3,10,575.00,"5,750.00"
2020-10-28,2020102804008527,GIC,48,58,10,575.00,"5,750.00"
2020-10-28,2020102804008538,GIC,48,49,10,575.00,"5,750.00"
2020-10-28,2020102804008537,GIC,48,42,10,575.00,"5,750.00"
2020-10-28,2020102804008536,GIC,48,59,10,575.00,"5,750.00"
2020-10-28,2020102804008535,GIC,48,28,10,575.00,"5,750.00"
2020-10-28,2020102804008534,GIC,48,11,10,575.00,"5,750.00"
2020-10-28,2020102804008533,GIC,48,41,10,575.00,"5,750.00"
2020-10-28,2020102804008544,GIC,48,29,10,575.00,"5,750.00"
2020-10-28,2020102804008543,GIC,48,58,10,575.00,"5,750.00"
2020-10-28,2020102804008542,GIC,48,8,10,575.00,"5,750.00"
2020-10-28,2020102804008541,GIC,48,22,10,575.00,"5,750.00"
2020-10-28,2020102804008540,GIC,48,19,10,575.00,"5,750.00"
2020-10-28,2020102804008539,GIC,48,28,10,575.00,"5,750.00"
2020-10-28,2020102804008550,GIC,48,28,10,575.00,"5,750.00"
2020-10-28,2020102804008549,GIC,48,21,10,575.00,"5,750.00"
2020-10-28,2020102804008548,GIC,48,28,10,575.00,"5,750.00"
2020-10-28,2020102804008547,GIC,48,28,10,575.00,"5,750.00"
2020-10-28,2020102804008546,GIC,48,34,10,575.00,"5,750.00"
2020-10-28,2020102804008545,GIC,48,49,10,575.00,"5,750.00"
2020-10-28,2020102804008556,GIC,48,42,10,575.00,"5,750.00"
2020-10-28,2020102804008555,GIC,48,51,10,575.00,"5,750.00"
2020-10-28,2020102804008554,GIC,48,22,10,575.00,"5,750.00"
2020-10-28,2020102804008553,GIC,48,54,10,575.00,"5,750.00"
2020-10-28,2020102804008552,GIC,48,47,10,575.00,"5,750.00"
2020-10-28,2020102804008551,GIC,48,53,10,575.00,"5,750.00"
2020-10-28,2020102804008562,GIC,48,58,10,575.00,"5,750.00"
2020-10-28,2020102804008561,GIC,48,29,10,575.00,"5,750.00"
2020-10-28,2020102804008560,GIC,48,51,10,575.00,"5,750.00"
2020-10-28,2020102804008559,GIC,48,52,10,575.00,"5,750.00"
2020-10-28,2020102804008558,GIC,48,55,10,575.00,"5,750.00"
2020-10-28,2020102804008557,GIC,48,55,10,575.00,"5,750.00"
2020-10-28,2020102804008569,GIC,48,38,10,575.00,"5,750.00"
2020-10-28,2020102804008567,GIC,48,40,10,575.00,"5,750.00"
2020-10-28,2020102804008566,GIC,48,51,10,575.00,"5,750.00"
2020-10-28,2020102804008565,GIC,48,58,10,575.00,"5,750.00"
2020-10-28,2020102804008564,GIC,48,13,10,575.00,"5,750.00"
2020-10-28,2020102804008563,GIC,48,51,10,575.00,"5,750.00"
2020-10-28,2020102804008577,GIC,14,46,10,576.00,"5,760.00"
2020-10-28,2020102804008576,GIC,14,34,10,576.00,"5,760.00"
2020-10-28,2020102804008575,GIC,14,43,10,576.00,"5,760.00"
2020-10-28,2020102804008574,GIC,14,58,10,576.00,"5,760.00"
2020-10-28,2020102804008573,GIC,14,8,10,576.00,"5,760.00"
2020-10-28,2020102804008572,GIC,14,6,10,576.00,"5,760.00"
2020-10-28,2020102804008583,GIC,48,38,10,575.00,"5,750.00"
2020-10-28,2020102804008582,GIC,48,38,10,575.00,"5,750.00"
2020-10-28,2020102804008581,GIC,14,38,10,576.00,"5,760.00"
2020-10-28,2020102804008580,GIC,14,44,10,576.00,"5,760.00"
2020-10-28,2020102804008579,GIC,14,38,10,576.00,"5,760.00"
2020-10-28,2020102804008578,GIC,14,17,10,576.00,"5,760.00"
2020-10-28,2020102804008590,GIC,48,10,10,575.00,"5,750.00"
2020-10-28,2020102804008589,GIC,48,34,10,575.00,"5,750.00"
2020-10-28,2020102804008587,GIC,48,38,10,575.00,"5,750.00"
2020-10-28,2020102804008586,GIC,48,45,10,575.00,"5,750.00"
2020-10-28,2020102804008585,GIC,48,10,10,575.00,"5,750.00"
2020-10-28,2020102804008584,GIC,48,32,10,575.00,"5,750.00"
2020-10-28,2020102804008597,GIC,59,38,10,575.00,"5,750.00"
2020-10-28,2020102804008596,GIC,59,45,10,575.00,"5,750.00"
2020-10-28,2020102804008595,GIC,59,10,10,575.00,"5,750.00"
2020-10-28,2020102804008593,GIC,59,38,10,575.00,"5,750.00"
2020-10-28,2020102804008592,GIC,48,45,10,575.00,"5,750.00"
2020-10-28,2020102804008591,GIC,48,6,10,575.00,"5,750.00"
2020-10-28,2020102804008603,GIC,59,58,10,575.00,"5,750.00"
2020-10-28,2020102804008602,GIC,59,49,10,575.00,"5,750.00"
2020-10-28,2020102804008601,GIC,59,38,10,575.00,"5,750.00"
2020-10-28,2020102804008600,GIC,59,45,10,575.00,"5,750.00"
2020-10-28,2020102804008599,GIC,59,56,10,575.00,"5,750.00"
2020-10-28,2020102804008598,GIC,59,29,10,575.00,"5,750.00"
2020-10-28,2020102804008609,GIC,1,38,10,576.00,"5,760.00"
2020-10-28,2020102804008608,GIC,1,36,10,576.00,"5,760.00"
2020-10-28,2020102804008607,GIC,1,38,10,576.00,"5,760.00"
2020-10-28,2020102804008606,GIC,59,45,10,575.00,"5,750.00"
2020-10-28,2020102804008605,GIC,59,45,10,575.00,"5,750.00"
2020-10-28,2020102804008604,GIC,59,38,10,575.00,"5,750.00"
2020-10-28,2020102804008615,GIC,1,38,10,576.00,"5,760.00"
2020-10-28,2020102804008614,GIC,1,38,10,576.00,"5,760.00"
2020-10-28,2020102804008613,GIC,1,42,10,576.00,"5,760.00"
2020-10-28,2020102804008612,GIC,1,51,10,576.00,"5,760.00"
2020-10-28,2020102804008611,GIC,1,38,10,576.00,"5,760.00"
2020-10-28,2020102804008610,GIC,1,38,10,576.00,"5,760.00"
2020-10-28,2020102804008621,GIC,1,37,10,576.00,"5,760.00"
2020-10-28,2020102804008620,GIC,1,34,10,576.00,"5,760.00"
2020-10-28,2020102804008619,GIC,1,20,10,576.00,"5,760.00"
2020-10-28,2020102804008618,GIC,1,50,10,576.00,"5,760.00"
2020-10-28,2020102804008617,GIC,1,32,10,576.00,"5,760.00"
2020-10-28,2020102804008616,GIC,1,58,10,576.00,"5,760.00"
2020-10-28,2020102804008627,GIC,59,39,10,575.00,"5,750.00"
2020-10-28,2020102804008626,GIC,1,44,10,576.00,"5,760.00"
2020-10-28,2020102804008625,GIC,1,52,10,576.00,"5,760.00"
2020-10-28,2020102804008624,GIC,1,22,10,576.00,"5,760.00"
2020-10-28,2020102804008623,GIC,1,6,10,576.00,"5,760.00"
2020-10-28,2020102804008622,GIC,1,33,10,576.00,"5,760.00"
2020-10-28,2020102804008633,GIC,59,38,10,575.00,"5,750.00"
2020-10-28,2020102804008632,GIC,59,49,10,575.00,"5,750.00"
2020-10-28,2020102804008631,GIC,59,55,10,575.00,"5,750.00"
2020-10-28,2020102804008630,GIC,59,45,10,575.00,"5,750.00"
2020-10-28,2020102804008629,GIC,59,34,10,575.00,"5,750.00"
2020-10-28,2020102804008628,GIC,59,42,10,575.00,"5,750.00"
2020-10-28,2020102804008642,GIC,59,38,10,575.00,"5,750.00"
2020-10-28,2020102804008641,GIC,59,40,10,575.00,"5,750.00"
2020-10-28,2020102804008640,GIC,59,58,10,575.00,"5,750.00"
2020-10-28,2020102804008636,GIC,59,39,10,575.00,"5,750.00"
2020-10-28,2020102804008635,GIC,59,42,10,575.00,"5,750.00"
2020-10-28,2020102804008634,GIC,59,38,10,575.00,"5,750.00"
2020-10-28,2020102804008648,GIC,59,38,10,575.00,"5,750.00"
2020-10-28,2020102804008647,GIC,59,34,10,575.00,"5,750.00"
2020-10-28,2020102804008646,GIC,59,58,10,575.00,"5,750.00"
2020-10-28,2020102804008645,GIC,59,48,10,575.00,"5,750.00"
2020-10-28,2020102804008644,GIC,59,42,10,575.00,"5,750.00"
2020-10-28,2020102804008643,GIC,59,58,10,575.00,"5,750.00"
2020-10-28,2020102804008659,GIC,59,34,10,575.00,"5,750.00"
2020-10-28,2020102804008658,GIC,59,38,10,575.00,"5,750.00"
2020-10-28,2020102804008657,GIC,59,42,10,575.00,"5,750.00"
2020-10-28,2020102804008656,GIC,59,45,10,575.00,"5,750.00"
2020-10-28,2020102804008655,GIC,59,56,10,575.00,"5,750.00"
2020-10-28,2020102804008654,GIC,59,11,10,575.00,"5,750.00"
2020-10-28,2020102804008673,GIC,59,58,10,575.00,"5,750.00"
2020-10-28,2020102804008672,GIC,59,38,10,575.00,"5,750.00"
2020-10-28,2020102804008671,GIC,59,45,10,575.00,"5,750.00"
2020-10-28,2020102804008670,GIC,59,42,10,575.00,"5,750.00"
2020-10-28,2020102804008667,GIC,59,38,10,575.00,"5,750.00"
2020-10-28,2020102804008660,GIC,59,45,10,575.00,"5,750.00"
2020-10-28,2020102804008679,GIC,14,49,10,576.00,"5,760.00"
2020-10-28,2020102804008678,GIC,14,38,10,576.00,"5,760.00"
2020-10-28,2020102804008677,GIC,14,36,10,576.00,"5,760.00"
2020-10-28,2020102804008676,GIC,14,21,10,576.00,"5,760.00"
2020-10-28,2020102804008675,GIC,59,38,10,575.00,"5,750.00"
2020-10-28,2020102804008674,GIC,59,48,10,575.00,"5,750.00"
2020-10-28,2020102804008685,GIC,59,38,10,575.00,"5,750.00"
2020-10-28,2020102804008684,GIC,59,32,10,575.00,"5,750.00"
2020-10-28,2020102804008683,GIC,14,55,10,576.00,"5,760.00"
2020-10-28,2020102804008682,GIC,14,58,10,576.00,"5,760.00"
2020-10-28,2020102804008681,GIC,14,53,10,576.00,"5,760.00"
2020-10-28,2020102804008680,GIC,14,50,10,576.00,"5,760.00"
2020-10-28,2020102804008691,GIC,48,42,10,575.00,"5,750.00"
2020-10-28,2020102804008690,GIC,48,1,10,575.00,"5,750.00"
2020-10-28,2020102804008689,GIC,48,38,10,575.00,"5,750.00"
2020-10-28,2020102804008688,GIC,48,45,10,575.00,"5,750.00"
2020-10-28,2020102804008687,GIC,59,21,10,575.00,"5,750.00"
2020-10-28,2020102804008686,GIC,59,44,10,575.00,"5,750.00"
2020-10-28,2020102804008697,GIC,48,32,10,575.00,"5,750.00"
2020-10-28,2020102804008696,GIC,48,38,10,575.00,"5,750.00"
2020-10-28,2020102804008695,GIC,48,49,10,575.00,"5,750.00"
2020-10-28,2020102804008694,GIC,48,38,10,575.00,"5,750.00"
2020-10-28,2020102804008693,GIC,48,38,10,575.00,"5,750.00"
2020-10-28,2020102804008692,GIC,48,21,10,575.00,"5,750.00"
2020-10-28,2020102804008703,GIC,48,58,10,575.00,"5,750.00"
2020-10-28,2020102804008702,GIC,48,58,10,575.00,"5,750.00"
2020-10-28,2020102804008701,GIC,48,45,10,575.00,"5,750.00"
2020-10-28,2020102804008700,GIC,48,34,10,575.00,"5,750.00"
2020-10-28,2020102804008699,GIC,48,42,10,575.00,"5,750.00"
2020-10-28,2020102804008698,GIC,48,45,10,575.00,"5,750.00"
2020-10-28,2020102804008709,GIC,48,42,10,575.00,"5,750.00"
2020-10-28,2020102804008708,GIC,48,33,10,575.00,"5,750.00"
2020-10-28,2020102804008707,GIC,48,43,10,575.00,"5,750.00"
2020-10-28,2020102804008706,GIC,48,38,10,575.00,"5,750.00"
2020-10-28,2020102804008705,GIC,48,48,10,575.00,"5,750.00"
2020-10-28,2020102804008704,GIC,48,45,10,575.00,"5,750.00"
2020-10-28,2020102804008715,GIC,6,42,10,577.00,"5,770.00"
2020-10-28,2020102804008714,GIC,6,17,10,577.00,"5,770.00"
2020-10-28,2020102804008713,GIC,6,21,10,576.00,"5,760.00"
2020-10-28,2020102804008712,GIC,6,28,10,576.00,"5,760.00"
2020-10-28,2020102804008711,GIC,48,45,10,575.00,"5,750.00"
2020-10-28,2020102804008710,GIC,48,38,10,575.00,"5,750.00"
2020-10-28,2020102804008721,GIC,6,17,10,577.00,"5,770.00"
2020-10-28,2020102804008720,GIC,6,6,10,577.00,"5,770.00"
2020-10-28,2020102804008719,GIC,6,51,10,577.00,"5,770.00"
2020-10-28,2020102804008718,GIC,6,26,10,577.00,"5,770.00"
2020-10-28,2020102804008717,GIC,6,19,10,577.00,"5,770.00"
2020-10-28,2020102804008716,GIC,6,41,10,577.00,"5,770.00"
2020-10-28,2020102804008727,GIC,49,34,10,576.00,"5,760.00"
2020-10-28,2020102804008726,GIC,49,25,10,576.00,"5,760.00"
2020-10-28,2020102804008725,GIC,48,38,10,575.00,"5,750.00"
2020-10-28,2020102804008724,GIC,6,58,10,576.00,"5,760.00"
2020-10-28,2020102804008723,GIC,6,14,10,576.00,"5,760.00"
2020-10-28,2020102804008722,GIC,48,38,10,575.00,"5,750.00"
2020-10-28,2020102804008736,GIC,49,42,10,576.00,"5,760.00"
2020-10-28,2020102804008734,GIC,49,14,10,576.00,"5,760.00"
2020-10-28,2020102804008731,GIC,49,45,10,576.00,"5,760.00"
2020-10-28,2020102804008730,GIC,49,42,10,576.00,"5,760.00"
2020-10-28,2020102804008729,GIC,49,58,10,576.00,"5,760.00"
2020-10-28,2020102804008728,GIC,49,38,10,576.00,"5,760.00"
2020-10-28,2020102804008756,GIC,28,52,10,577.00,"5,770.00"
2020-10-28,2020102804008755,GIC,28,34,10,577.00,"5,770.00"
2020-10-28,2020102804008754,GIC,28,17,10,577.00,"5,770.00"
2020-10-28,2020102804008753,GIC,28,26,10,577.00,"5,770.00"
2020-10-28,2020102804008752,GIC,49,38,10,576.00,"5,760.00"
2020-10-28,2020102804008737,GIC,49,52,10,576.00,"5,760.00"
2020-10-28,2020102804008762,GIC,28,45,10,577.00,"5,770.00"
2020-10-28,2020102804008761,GIC,28,56,10,577.00,"5,770.00"
2020-10-28,2020102804008760,GIC,28,14,10,577.00,"5,770.00"
2020-10-28,2020102804008759,GIC,28,49,10,577.00,"5,770.00"
2020-10-28,2020102804008758,GIC,28,16,10,577.00,"5,770.00"
2020-10-28,2020102804008757,GIC,28,57,10,577.00,"5,770.00"
2020-10-28,2020102804008768,GIC,49,38,10,576.00,"5,760.00"
2020-10-28,2020102804008767,GIC,49,16,10,576.00,"5,760.00"
2020-10-28,2020102804008766,GIC,49,58,10,576.00,"5,760.00"
2020-10-28,2020102804008765,GIC,28,21,10,577.00,"5,770.00"
2020-10-28,2020102804008764,GIC,28,35,10,577.00,"5,770.00"
2020-10-28,2020102804008763,GIC,28,42,10,577.00,"5,770.00"
2020-10-28,2020102804008774,GIC,49,38,10,576.00,"5,760.00"
2020-10-28,2020102804008773,GIC,49,36,10,576.00,"5,760.00"
2020-10-28,2020102804008772,GIC,49,58,10,576.00,"5,760.00"
2020-10-28,2020102804008771,GIC,49,58,10,576.00,"5,760.00"
2020-10-28,2020102804008770,GIC,49,42,10,576.00,"5,760.00"
2020-10-28,2020102804008769,GIC,49,42,10,576.00,"5,760.00"
2020-10-28,2020102804008785,GIC,48,14,10,575.00,"5,750.00"
2020-10-28,2020102804008784,GIC,48,34,10,575.00,"5,750.00"
2020-10-28,2020102804008783,GIC,48,29,10,575.00,"5,750.00"
2020-10-28,2020102804008782,GIC,48,16,10,575.00,"5,750.00"
2020-10-28,2020102804008781,GIC,48,38,10,575.00,"5,750.00"
2020-10-28,2020102804008775,GIC,49,16,10,576.00,"5,760.00"
2020-10-28,2020102804008792,GIC,48,38,10,575.00,"5,750.00"
2020-10-28,2020102804008791,GIC,48,39,10,575.00,"5,750.00"
2020-10-28,2020102804008790,GIC,48,34,10,575.00,"5,750.00"
2020-10-28,2020102804008788,GIC,48,38,10,575.00,"5,750.00"
2020-10-28,2020102804008787,GIC,48,43,10,575.00,"5,750.00"
2020-10-28,2020102804008786,GIC,48,16,10,575.00,"5,750.00"
2020-10-28,2020102804008799,GIC,1,38,10,575.00,"5,750.00"
2020-10-28,2020102804008798,GIC,1,38,10,575.00,"5,750.00"
2020-10-28,2020102804008797,GIC,1,29,10,575.00,"5,750.00"
2020-10-28,2020102804008796,GIC,48,42,10,575.00,"5,750.00"
2020-10-28,2020102804008795,GIC,48,16,10,575.00,"5,750.00"
2020-10-28,2020102804008793,GIC,48,16,10,575.00,"5,750.00"
2020-10-28,2020102804008805,GIC,1,39,10,575.00,"5,750.00"
2020-10-28,2020102804008804,GIC,1,42,10,575.00,"5,750.00"
2020-10-28,2020102804008803,GIC,1,35,10,575.00,"5,750.00"
2020-10-28,2020102804008802,GIC,1,38,10,575.00,"5,750.00"
2020-10-28,2020102804008801,GIC,1,16,10,575.00,"5,750.00"
2020-10-28,2020102804008800,GIC,1,58,10,575.00,"5,750.00"
2020-10-28,2020102804008812,GIC,42,38,10,576.00,"5,760.00"
2020-10-28,2020102804008811,GIC,42,42,10,576.00,"5,760.00"
2020-10-28,2020102804008810,GIC,42,14,10,576.00,"5,760.00"
2020-10-28,2020102804008808,GIC,1,38,10,575.00,"5,750.00"
2020-10-28,2020102804008807,GIC,1,58,10,575.00,"5,750.00"
2020-10-28,2020102804008806,GIC,1,38,10,575.00,"5,750.00"
2020-10-28,2020102804008821,GIC,1,20,10,575.00,"5,750.00"
2020-10-28,2020102804008817,GIC,1,34,10,575.00,"5,750.00"
2020-10-28,2020102804008816,GIC,1,39,10,575.00,"5,750.00"
2020-10-28,2020102804008815,GIC,1,38,10,575.00,"5,750.00"
2020-10-28,2020102804008814,GIC,42,55,10,576.00,"5,760.00"
2020-10-28,2020102804008813,GIC,42,16,10,576.00,"5,760.00"
2020-10-28,2020102804008828,GIC,53,36,10,575.00,"5,750.00"
2020-10-28,2020102804008827,GIC,53,55,10,575.00,"5,750.00"
2020-10-28,2020102804008826,GIC,1,38,10,575.00,"5,750.00"
2020-10-28,2020102804008824,GIC,1,38,10,575.00,"5,750.00"
2020-10-28,2020102804008823,GIC,1,16,10,575.00,"5,750.00"
2020-10-28,2020102804008822,GIC,1,16,10,575.00,"5,750.00"
2020-10-28,2020102804008835,GIC,49,39,10,576.00,"5,760.00"
2020-10-28,2020102804008834,GIC,49,32,10,576.00,"5,760.00"
2020-10-28,2020102804008832,GIC,49,38,10,576.00,"5,760.00"
2020-10-28,2020102804008831,GIC,49,42,10,576.00,"5,760.00"
2020-10-28,2020102804008830,GIC,49,48,10,576.00,"5,760.00"
2020-10-28,2020102804008829,GIC,53,38,10,575.00,"5,750.00"
2020-10-28,2020102804008841,GIC,49,57,10,576.00,"5,760.00"
2020-10-28,2020102804008840,GIC,49,34,10,576.00,"5,760.00"
2020-10-28,2020102804008839,GIC,49,38,10,576.00,"5,760.00"
2020-10-28,2020102804008838,GIC,49,38,10,576.00,"5,760.00"
2020-10-28,2020102804008837,GIC,49,20,10,576.00,"5,760.00"
2020-10-28,2020102804008836,GIC,49,16,10,576.00,"5,760.00"
2020-10-28,2020102804008848,GIC,49,42,10,576.00,"5,760.00"
2020-10-28,2020102804008847,GIC,49,29,10,576.00,"5,760.00"
2020-10-28,2020102804008845,GIC,49,49,10,576.00,"5,760.00"
2020-10-28,2020102804008844,GIC,49,22,10,576.00,"5,760.00"
2020-10-28,2020102804008843,GIC,49,32,10,576.00,"5,760.00"
2020-10-28,2020102804008842,GIC,49,38,10,576.00,"5,760.00"
2020-10-28,2020102804008854,GIC,49,7,10,576.00,"5,760.00"
2020-10-28,2020102804008853,GIC,49,29,10,576.00,"5,760.00"
2020-10-28,2020102804008852,GIC,49,32,10,576.00,"5,760.00"
2020-10-28,2020102804008851,GIC,49,38,10,576.00,"5,760.00"
2020-10-28,2020102804008850,GIC,49,16,10,576.00,"5,760.00"
2020-10-28,2020102804008849,GIC,49,58,10,576.00,"5,760.00"
2020-10-28,2020102804008860,GIC,49,43,10,576.00,"5,760.00"
2020-10-28,2020102804008859,GIC,48,51,10,577.00,"5,770.00"
2020-10-28,2020102804008858,GIC,48,52,10,577.00,"5,770.00"
2020-10-28,2020102804008857,GIC,48,55,10,577.00,"5,770.00"
2020-10-28,2020102804008856,GIC,49,39,10,576.00,"5,760.00"
2020-10-28,2020102804008855,GIC,49,55,10,576.00,"5,760.00"
2020-10-28,2020102804008866,GIC,6,38,10,576.00,"5,760.00"
2020-10-28,2020102804008865,GIC,49,16,10,576.00,"5,760.00"
2020-10-28,2020102804008864,GIC,49,38,10,576.00,"5,760.00"
2020-10-28,2020102804008863,GIC,49,16,10,576.00,"5,760.00"
2020-10-28,2020102804008862,GIC,42,53,10,577.00,"5,770.00"
2020-10-28,2020102804008861,GIC,49,38,10,576.00,"5,760.00"
2020-10-28,2020102804008872,GIC,6,38,10,576.00,"5,760.00"
2020-10-28,2020102804008871,GIC,6,56,10,576.00,"5,760.00"
2020-10-28,2020102804008870,GIC,6,32,10,576.00,"5,760.00"
2020-10-28,2020102804008869,GIC,6,39,10,576.00,"5,760.00"
2020-10-28,2020102804008868,GIC,6,55,10,576.00,"5,760.00"
2020-10-28,2020102804008867,GIC,6,43,10,576.00,"5,760.00"
2020-10-28,2020102804008878,GIC,6,58,10,576.00,"5,760.00"
2020-10-28,2020102804008877,GIC,6,32,10,576.00,"5,760.00"
2020-10-28,2020102804008876,GIC,6,38,10,576.00,"5,760.00"
2020-10-28,2020102804008875,GIC,6,58,10,576.00,"5,760.00"
2020-10-28,2020102804008874,GIC,6,43,10,576.00,"5,760.00"
2020-10-28,2020102804008873,GIC,6,16,10,576.00,"5,760.00"
2020-10-28,2020102804008884,GIC,58,21,10,577.00,"5,770.00"
2020-10-28,2020102804008883,GIC,58,58,10,577.00,"5,770.00"
2020-10-28,2020102804008882,GIC,6,34,10,576.00,"5,760.00"
2020-10-28,2020102804008881,GIC,6,1,10,576.00,"5,760.00"
2020-10-28,2020102804008880,GIC,6,38,10,576.00,"5,760.00"
2020-10-28,2020102804008879,GIC,6,34,10,576.00,"5,760.00"
2020-10-28,2020102804008890,GIC,6,55,10,576.00,"5,760.00"
2020-10-28,2020102804008889,GIC,6,41,10,576.00,"5,760.00"
2020-10-28,2020102804008888,GIC,6,38,10,576.00,"5,760.00"
2020-10-28,2020102804008887,GIC,6,35,10,576.00,"5,760.00"
2020-10-28,2020102804008886,GIC,6,38,10,576.00,"5,760.00"
2020-10-28,2020102804008885,GIC,6,42,10,576.00,"5,760.00"
2020-10-28,2020102804008896,GIC,50,21,10,577.00,"5,770.00"
2020-10-28,2020102804008895,GIC,50,17,10,577.00,"5,770.00"
2020-10-28,2020102804008894,GIC,50,52,10,577.00,"5,770.00"
2020-10-28,2020102804008893,GIC,6,57,10,576.00,"5,760.00"
2020-10-28,2020102804008892,GIC,6,45,10,576.00,"5,760.00"
2020-10-28,2020102804008891,GIC,6,34,10,576.00,"5,760.00"
2020-10-28,2020102804008902,GIC,50,38,10,577.00,"5,770.00"
2020-10-28,2020102804008901,GIC,50,51,10,577.00,"5,770.00"
2020-10-28,2020102804008900,GIC,50,21,10,577.00,"5,770.00"
2020-10-28,2020102804008899,GIC,50,6,10,577.00,"5,770.00"
2020-10-28,2020102804008898,GIC,50,58,10,577.00,"5,770.00"
2020-10-28,2020102804008897,GIC,50,3,10,577.00,"5,770.00"
2020-10-28,2020102804008908,GIC,50,17,10,577.00,"5,770.00"
2020-10-28,2020102804008907,GIC,50,56,10,577.00,"5,770.00"
2020-10-28,2020102804008906,GIC,50,38,10,577.00,"5,770.00"
2020-10-28,2020102804008905,GIC,50,29,10,577.00,"5,770.00"
2020-10-28,2020102804008904,GIC,50,57,10,577.00,"5,770.00"
2020-10-28,2020102804008903,GIC,50,21,10,577.00,"5,770.00"
2020-10-28,2020102804008914,GIC,6,1,10,578.00,"5,780.00"
2020-10-28,2020102804008913,GIC,6,58,10,578.00,"5,780.00"
2020-10-28,2020102804008912,GIC,6,41,10,578.00,"5,780.00"
2020-10-28,2020102804008911,GIC,33,58,10,578.00,"5,780.00"
2020-10-28,2020102804008910,GIC,50,57,10,577.00,"5,770.00"
2020-10-28,2020102804008909,GIC,50,21,10,577.00,"5,770.00"
2020-10-28,2020102804008571,GIMES1,57,32,100,9.84,984.00
2020-10-28,2020102804008776,LUK,22,41,100,9.15,915.00
2020-10-28,2020102804008516,LUK,22,46,200,9.15,"1,830.00"
2020-10-28,2020102804008588,NEF,16,13,"2,551",9.25,"23,596.75"
2020-10-28,2020102804008568,NEF,48,42,312,9.19,"2,867.28"
2020-10-28,2020102804008507,NEF,8,42,"1,619",9.19,"14,878.61"
2020-10-28,2020102804008453,NEF,59,13,"3,908",9.25,"36,149.00"
2020-10-28,2020102804008653,NIBLPF,25,46,"10,333",9.57,"98,886.81"
2020-10-28,2020102804008652,NIBLPF,25,49,"1,667",9.55,"15,919.85"
2020-10-28,2020102804008651,NIBLPF,25,22,"1,000",9.55,"9,550.00"
2020-10-28,2020102804008650,NIBLPF,25,22,"1,000",9.55,"9,550.00"
2020-10-28,2020102804008649,NIBLPF,25,22,"1,000",9.50,"9,500.00"
2020-10-28,2020102804008466,NIBLPF,8,34,700,9.43,"6,601.00"
2020-10-28,2020102804008751,NIBPO,42,21,253,403.00,"101,959.00"
2020-10-28,2020102804008750,NIBPO,42,21,250,403.00,"100,750.00"
2020-10-28,2020102804008749,NIBPO,42,14,100,403.00,"40,300.00"
2020-10-28,2020102804008748,NIBPO,42,48,100,403.00,"40,300.00"
2020-10-28,2020102804008747,NIBPO,42,37,650,403.00,"261,950.00"
2020-10-28,2020102804008746,NIBPO,42,39,867,402.00,"348,534.00"
2020-10-28,2020102804008662,NIBPO,42,16,"1,000",394.00,"394,000.00"
2020-10-28,2020102804008661,NIBPO,42,11,500,393.00,"196,500.00"
2020-10-28,2020102804008739,NIBPO,42,49,200,396.00,"79,200.00"
2020-10-28,2020102804008738,NIBPO,42,16,179,395.00,"70,705.00"
2020-10-28,2020102804008666,NIBPO,42,49,"1,800",396.00,"712,800.00"
2020-10-28,2020102804008665,NIBPO,42,49,700,396.00,"277,200.00"
2020-10-28,2020102804008664,NIBPO,42,16,"1,000",395.00,"395,000.00"
2020-10-28,2020102804008663,NIBPO,42,6,"1,000",395.00,"395,000.00"
2020-10-28,2020102804008745,NIBPO,42,39,500,402.00,"201,000.00"
2020-10-28,2020102804008744,NIBPO,42,54,200,397.00,"79,400.00"
2020-10-28,2020102804008743,NIBPO,42,53,"1,000",397.00,"397,000.00"
2020-10-28,2020102804008742,NIBPO,42,49,"1,200",397.00,"476,400.00"
2020-10-28,2020102804008741,NIBPO,42,17,"1,001",397.00,"397,397.00"
2020-10-28,2020102804008740,NIBPO,42,16,"1,000",396.00,"396,000.00"
2020-10-28,2020102804008594,NICD83/84,21,53,25,"1,050.00","26,250.00"
2020-10-28,2020102804008780,NICGF,16,44,"23,717",9.85,"233,612.45"
2020-10-28,2020102804008779,NICGF,16,1,510,9.85,"5,023.50"
2020-10-28,2020102804008778,NICGF,16,1,"2,000",9.84,"19,680.00"
2020-10-28,2020102804008777,NICGF,16,45,"5,000",9.84,"49,200.00"
2020-10-28,2020102804008450,NICGF,22,51,"2,500",9.83,"24,575.00"
2020-10-28,2020102804008449,NICGF,22,6,"2,000",9.82,"19,640.00"
2020-10-28,2020102804008448,NICGF,22,6,"2,000",9.82,"19,640.00"
2020-10-28,2020102804008447,NICGF,22,6,"1,000",9.82,"9,820.00"
2020-10-28,2020102804008669,NMBHF1,16,49,"2,084",9.50,"19,798.00"
2020-10-28,2020102804008668,NMBHF1,59,49,"4,226",9.50,"40,147.00"
2020-10-28,2020102804008846,SAEF,56,1,500,10.63,"5,315.00"
2020-10-28,2020102804008820,SAEF,56,21,"2,400",10.63,"25,512.00"
2020-10-28,2020102804008819,SAEF,51,21,"3,600",10.63,"38,268.00"
2020-10-28,2020102804008818,SAEF,56,21,"10,000",10.64,"106,400.00"
2020-10-28,2020102804008789,SAEF,51,1,500,10.63,"5,315.00"
2020-10-28,2020102804008464,SAEF,51,34,500,10.63,"5,315.00"
2020-10-28,2020102804008809,SAND2085,6,42,25,"1,047.00","26,175.00"
2020-10-28,2020102804008825,SEF,47,28,"1,000",9.60,"9,600.00"
2020-10-28,2020102804008794,SEF,47,4,"6,000",9.60,"57,600.00"
2020-10-28,2020102804008735,SEF,51,4,"4,000",9.62,"38,480.00"
2020-10-28,2020102804008639,SEF,51,29,"6,000",9.62,"57,720.00"
2020-10-28,2020102804008638,SEF,22,29,"8,000",9.63,"77,040.00"
2020-10-28,2020102804008637,SEF,1,29,"6,000",9.64,"57,840.00"
2020-10-28,2020102804008570,STC,57,41,10,"3,580.00","35,800.00"
2020-10-28,2020102804008184,BBC,41,7,10,"1,708.00","17,080.00"
2020-10-28,2020102804008183,BBC,41,58,10,"1,708.00","17,080.00"
2020-10-28,2020102804008182,BBC,41,55,10,"1,705.00","17,050.00"
2020-10-28,2020102804008181,BBC,41,42,30,"1,705.00","51,150.00"
2020-10-28,2020102804008180,BBC,41,57,28,"1,704.00","47,712.00"
2020-10-28,2020102804008372,CMF1,45,58,"1,000",9.82,"9,820.00"
2020-10-28,2020102804008368,CMF1,45,6,"2,000",9.82,"19,640.00"
2020-10-28,2020102804008218,CMF1,45,6,"1,000",9.80,"9,800.00"
2020-10-28,2020102804008113,CMF1,45,6,"2,000",9.80,"19,600.00"
2020-10-28,2020102804007927,CMF1,8,51,"6,000",9.80,"58,800.00"
2020-10-28,2020102804007926,CMF1,8,21,"1,420",9.79,"13,901.80"
2020-10-28,2020102804008420,GIC,6,7,10,574.00,"5,740.00"
2020-10-28,2020102804008419,GIC,6,41,10,574.00,"5,740.00"
2020-10-28,2020102804008418,GIC,6,54,10,574.00,"5,740.00"
2020-10-28,2020102804008414,GIC,28,57,10,575.00,"5,750.00"
2020-10-28,2020102804008413,GIC,28,6,10,575.00,"5,750.00"
2020-10-28,2020102804008412,GIC,28,40,10,575.00,"5,750.00"
2020-10-28,2020102804007928,GIC,45,57,10,574.00,"5,740.00"
2020-10-28,2020102804007925,GIC,45,43,10,574.00,"5,740.00"
2020-10-28,2020102804007924,GIC,45,52,10,574.00,"5,740.00"
2020-10-28,2020102804007923,GIC,45,16,10,574.00,"5,740.00"
2020-10-28,2020102804007922,GIC,45,13,10,574.00,"5,740.00"
2020-10-28,2020102804007921,GIC,45,58,10,574.00,"5,740.00"
2020-10-28,2020102804007934,GIC,45,52,10,574.00,"5,740.00"
2020-10-28,2020102804007933,GIC,45,58,10,574.00,"5,740.00"
2020-10-28,2020102804007932,GIC,45,43,10,574.00,"5,740.00"
2020-10-28,2020102804007931,GIC,45,28,10,574.00,"5,740.00"
2020-10-28,2020102804007930,GIC,45,21,10,574.00,"5,740.00"
2020-10-28,2020102804007929,GIC,45,32,10,574.00,"5,740.00"
2020-10-28,2020102804007942,GIC,44,46,10,574.00,"5,740.00"
2020-10-28,2020102804007941,GIC,44,51,10,574.00,"5,740.00"
2020-10-28,2020102804007940,GIC,44,45,10,574.00,"5,740.00"
2020-10-28,2020102804007939,GIC,44,43,10,574.00,"5,740.00"
2020-10-28,2020102804007938,GIC,45,51,10,574.00,"5,740.00"
2020-10-28,2020102804007935,GIC,45,46,10,574.00,"5,740.00"
2020-10-28,2020102804007948,GIC,39,58,10,574.00,"5,740.00"
2020-10-28,2020102804007947,GIC,39,51,10,574.00,"5,740.00"
2020-10-28,2020102804007946,GIC,56,58,10,574.00,"5,740.00"
2020-10-28,2020102804007945,GIC,56,46,10,574.00,"5,740.00"
2020-10-28,2020102804007944,GIC,56,52,10,574.00,"5,740.00"
2020-10-28,2020102804007943,GIC,44,58,10,574.00,"5,740.00"
2020-10-28,2020102804007954,GIC,13,1,10,574.00,"5,740.00"
2020-10-28,2020102804007953,GIC,13,38,10,574.00,"5,740.00"
2020-10-28,2020102804007952,GIC,39,21,10,574.00,"5,740.00"
2020-10-28,2020102804007951,GIC,39,40,10,574.00,"5,740.00"
2020-10-28,2020102804007950,GIC,39,51,10,574.00,"5,740.00"
2020-10-28,2020102804007949,GIC,39,46,10,574.00,"5,740.00"
2020-10-28,2020102804007966,GIC,45,51,10,574.00,"5,740.00"
2020-10-28,2020102804007965,GIC,45,49,10,574.00,"5,740.00"
2020-10-28,2020102804007964,GIC,5,20,10,573.00,"5,730.00"
2020-10-28,2020102804007962,GIC,5,46,10,573.00,"5,730.00"
2020-10-28,2020102804007961,GIC,5,59,10,573.00,"5,730.00"
2020-10-28,2020102804007955,GIC,38,46,10,573.00,"5,730.00"
2020-10-28,2020102804007972,GIC,17,52,10,575.00,"5,750.00"
2020-10-28,2020102804007971,GIC,17,6,10,575.00,"5,750.00"
2020-10-28,2020102804007970,GIC,17,21,10,575.00,"5,750.00"
2020-10-28,2020102804007969,GIC,17,41,10,575.00,"5,750.00"
2020-10-28,2020102804007968,GIC,17,58,10,575.00,"5,750.00"
2020-10-28,2020102804007967,GIC,44,11,10,574.00,"5,740.00"
2020-10-28,2020102804007978,GIC,17,52,10,575.00,"5,750.00"
2020-10-28,2020102804007977,GIC,17,53,10,575.00,"5,750.00"
2020-10-28,2020102804007976,GIC,17,58,10,575.00,"5,750.00"
2020-10-28,2020102804007975,GIC,17,52,10,575.00,"5,750.00"
2020-10-28,2020102804007974,GIC,17,11,10,575.00,"5,750.00"
2020-10-28,2020102804007973,GIC,17,52,10,575.00,"5,750.00"
2020-10-28,2020102804007984,GIC,17,34,10,575.00,"5,750.00"
2020-10-28,2020102804007983,GIC,17,53,10,575.00,"5,750.00"
2020-10-28,2020102804007982,GIC,17,52,10,575.00,"5,750.00"
2020-10-28,2020102804007981,GIC,17,34,10,575.00,"5,750.00"
2020-10-28,2020102804007980,GIC,17,52,10,575.00,"5,750.00"
2020-10-28,2020102804007979,GIC,17,11,10,575.00,"5,750.00"
2020-10-28,2020102804007990,GIC,44,43,10,574.00,"5,740.00"
2020-10-28,2020102804007989,GIC,44,20,10,574.00,"5,740.00"
2020-10-28,2020102804007988,GIC,44,58,10,574.00,"5,740.00"
2020-10-28,2020102804007987,GIC,17,21,10,575.00,"5,750.00"
2020-10-28,2020102804007986,GIC,17,42,10,575.00,"5,750.00"
2020-10-28,2020102804007985,GIC,17,29,10,575.00,"5,750.00"
2020-10-28,2020102804008000,GIC,44,32,10,574.00,"5,740.00"
2020-10-28,2020102804007995,GIC,44,8,10,574.00,"5,740.00"
2020-10-28,2020102804007994,GIC,44,54,10,574.00,"5,740.00"
2020-10-28,2020102804007993,GIC,44,58,10,574.00,"5,740.00"
2020-10-28,2020102804007992,GIC,44,43,10,574.00,"5,740.00"
2020-10-28,2020102804007991,GIC,44,59,10,574.00,"5,740.00"
2020-10-28,2020102804008010,GIC,44,21,10,574.00,"5,740.00"
2020-10-28,2020102804008008,GIC,44,14,10,574.00,"5,740.00"
2020-10-28,2020102804008007,GIC,44,45,10,574.00,"5,740.00"
2020-10-28,2020102804008006,GIC,44,14,10,574.00,"5,740.00"
2020-10-28,2020102804008002,GIC,44,17,10,574.00,"5,740.00"
2020-10-28,2020102804008001,GIC,44,17,10,574.00,"5,740.00"
2020-10-28,2020102804008016,GIC,49,32,10,574.00,"5,740.00"
2020-10-28,2020102804008015,GIC,49,29,10,574.00,"5,740.00"
2020-10-28,2020102804008014,GIC,44,3,10,574.00,"5,740.00"
2020-10-28,2020102804008013,GIC,44,29,10,574.00,"5,740.00"
2020-10-28,2020102804008012,GIC,44,3,10,574.00,"5,740.00"
2020-10-28,2020102804008011,GIC,44,44,10,574.00,"5,740.00"
2020-10-28,2020102804008025,GIC,49,58,10,574.00,"5,740.00"
2020-10-28,2020102804008024,GIC,49,32,10,574.00,"5,740.00"
2020-10-28,2020102804008020,GIC,49,59,10,574.00,"5,740.00"
2020-10-28,2020102804008019,GIC,49,7,10,574.00,"5,740.00"
2020-10-28,2020102804008018,GIC,49,20,10,574.00,"5,740.00"
2020-10-28,2020102804008017,GIC,49,29,10,574.00,"5,740.00"
2020-10-28,2020102804008031,GIC,49,11,10,574.00,"5,740.00"
2020-10-28,2020102804008030,GIC,49,59,10,574.00,"5,740.00"
2020-10-28,2020102804008029,GIC,49,32,10,574.00,"5,740.00"
2020-10-28,2020102804008028,GIC,49,59,10,574.00,"5,740.00"
2020-10-28,2020102804008027,GIC,49,1,10,574.00,"5,740.00"
2020-10-28,2020102804008026,GIC,49,11,10,574.00,"5,740.00"
2020-10-28,2020102804008037,GIC,49,59,10,574.00,"5,740.00"
2020-10-28,2020102804008036,GIC,49,11,10,574.00,"5,740.00"
2020-10-28,2020102804008035,GIC,49,21,10,574.00,"5,740.00"
2020-10-28,2020102804008034,GIC,49,58,10,574.00,"5,740.00"
2020-10-28,2020102804008033,GIC,49,48,10,574.00,"5,740.00"
2020-10-28,2020102804008032,GIC,49,59,10,574.00,"5,740.00"
2020-10-28,2020102804008043,GIC,49,11,10,574.00,"5,740.00"
2020-10-28,2020102804008042,GIC,49,32,10,574.00,"5,740.00"
2020-10-28,2020102804008041,GIC,49,22,10,574.00,"5,740.00"
2020-10-28,2020102804008040,GIC,49,40,10,574.00,"5,740.00"
2020-10-28,2020102804008039,GIC,49,48,10,574.00,"5,740.00"
2020-10-28,2020102804008038,GIC,49,53,10,574.00,"5,740.00"
2020-10-28,2020102804008049,GIC,49,45,10,574.00,"5,740.00"
2020-10-28,2020102804008048,GIC,49,1,10,574.00,"5,740.00"
2020-10-28,2020102804008047,GIC,49,48,10,574.00,"5,740.00"
2020-10-28,2020102804008046,GIC,49,41,10,574.00,"5,740.00"
2020-10-28,2020102804008045,GIC,49,53,10,574.00,"5,740.00"
2020-10-28,2020102804008044,GIC,49,48,10,574.00,"5,740.00"
2020-10-28,2020102804008055,GIC,49,52,10,574.00,"5,740.00"
2020-10-28,2020102804008054,GIC,49,43,10,574.00,"5,740.00"
2020-10-28,2020102804008053,GIC,49,53,10,574.00,"5,740.00"
2020-10-28,2020102804008052,GIC,49,58,10,574.00,"5,740.00"
2020-10-28,2020102804008051,GIC,35,6,10,575.00,"5,750.00"
2020-10-28,2020102804008050,GIC,49,11,10,574.00,"5,740.00"
2020-10-28,2020102804008062,GIC,49,43,10,574.00,"5,740.00"
2020-10-28,2020102804008061,GIC,49,32,10,574.00,"5,740.00"
2020-10-28,2020102804008060,GIC,49,32,10,574.00,"5,740.00"
2020-10-28,2020102804008059,GIC,49,38,10,574.00,"5,740.00"
2020-10-28,2020102804008058,GIC,49,11,10,574.00,"5,740.00"
2020-10-28,2020102804008057,GIC,49,17,10,574.00,"5,740.00"
2020-10-28,2020102804008068,GIC,49,34,10,574.00,"5,740.00"
2020-10-28,2020102804008067,GIC,49,43,10,574.00,"5,740.00"
2020-10-28,2020102804008066,GIC,49,32,10,574.00,"5,740.00"
2020-10-28,2020102804008065,GIC,49,32,10,574.00,"5,740.00"
2020-10-28,2020102804008064,GIC,49,58,10,574.00,"5,740.00"
2020-10-28,2020102804008063,GIC,49,11,10,574.00,"5,740.00"
2020-10-28,2020102804008074,GIC,49,11,10,574.00,"5,740.00"
2020-10-28,2020102804008073,GIC,49,44,10,574.00,"5,740.00"
2020-10-28,2020102804008072,GIC,49,22,10,574.00,"5,740.00"
2020-10-28,2020102804008071,GIC,49,32,10,574.00,"5,740.00"
2020-10-28,2020102804008070,GIC,49,11,10,574.00,"5,740.00"
2020-10-28,2020102804008069,GIC,49,13,10,574.00,"5,740.00"
2020-10-28,2020102804008080,GIC,49,34,10,574.00,"5,740.00"
2020-10-28,2020102804008079,GIC,49,32,10,574.00,"5,740.00"
2020-10-28,2020102804008078,GIC,49,59,10,574.00,"5,740.00"
2020-10-28,2020102804008077,GIC,49,34,10,574.00,"5,740.00"
2020-10-28,2020102804008076,GIC,49,43,10,574.00,"5,740.00"
2020-10-28,2020102804008075,GIC,49,32,10,574.00,"5,740.00"
2020-10-28,2020102804008086,GIC,22,13,10,575.00,"5,750.00"
2020-10-28,2020102804008085,GIC,22,6,10,575.00,"5,750.00"
2020-10-28,2020102804008084,GIC,22,6,10,575.00,"5,750.00"
2020-10-28,2020102804008083,GIC,22,6,10,575.00,"5,750.00"
2020-10-28,2020102804008082,GIC,49,58,10,574.00,"5,740.00"
2020-10-28,2020102804008081,GIC,49,34,10,574.00,"5,740.00"
2020-10-28,2020102804008092,GIC,49,33,10,574.00,"5,740.00"
2020-10-28,2020102804008091,GIC,22,11,10,575.00,"5,750.00"
2020-10-28,2020102804008090,GIC,22,41,10,575.00,"5,750.00"
2020-10-28,2020102804008089,GIC,22,13,10,575.00,"5,750.00"
2020-10-28,2020102804008088,GIC,22,6,10,575.00,"5,750.00"
2020-10-28,2020102804008087,GIC,22,6,10,575.00,"5,750.00"
2020-10-28,2020102804008098,GIC,49,20,10,574.00,"5,740.00"
2020-10-28,2020102804008097,GIC,49,28,10,574.00,"5,740.00"
2020-10-28,2020102804008096,GIC,49,58,10,574.00,"5,740.00"
2020-10-28,2020102804008095,GIC,49,45,10,574.00,"5,740.00"
2020-10-28,2020102804008094,GIC,49,57,10,574.00,"5,740.00"
2020-10-28,2020102804008093,GIC,49,49,10,574.00,"5,740.00"
2020-10-28,2020102804008104,GIC,49,13,10,574.00,"5,740.00"
2020-10-28,2020102804008103,GIC,49,54,10,574.00,"5,740.00"
2020-10-28,2020102804008102,GIC,49,20,10,574.00,"5,740.00"
2020-10-28,2020102804008101,GIC,49,32,10,574.00,"5,740.00"
2020-10-28,2020102804008100,GIC,49,35,10,574.00,"5,740.00"
2020-10-28,2020102804008099,GIC,49,58,10,574.00,"5,740.00"
2020-10-28,2020102804008110,GIC,49,45,10,574.00,"5,740.00"
2020-10-28,2020102804008109,GIC,49,45,10,574.00,"5,740.00"
2020-10-28,2020102804008108,GIC,49,35,10,574.00,"5,740.00"
2020-10-28,2020102804008107,GIC,49,32,10,574.00,"5,740.00"
2020-10-28,2020102804008106,GIC,49,35,10,574.00,"5,740.00"
2020-10-28,2020102804008105,GIC,49,29,10,574.00,"5,740.00"
2020-10-28,2020102804008117,GIC,49,43,10,574.00,"5,740.00"
2020-10-28,2020102804008116,GIC,49,35,10,574.00,"5,740.00"
2020-10-28,2020102804008115,GIC,49,35,10,574.00,"5,740.00"
2020-10-28,2020102804008114,GIC,49,33,10,574.00,"5,740.00"
2020-10-28,2020102804008112,GIC,49,35,10,574.00,"5,740.00"
2020-10-28,2020102804008111,GIC,49,20,10,574.00,"5,740.00"
2020-10-28,2020102804008123,GIC,19,20,10,574.00,"5,740.00"
2020-10-28,2020102804008122,GIC,19,35,10,574.00,"5,740.00"
2020-10-28,2020102804008121,GIC,19,40,10,574.00,"5,740.00"
2020-10-28,2020102804008120,GIC,19,44,10,574.00,"5,740.00"
2020-10-28,2020102804008119,GIC,49,20,10,574.00,"5,740.00"
2020-10-28,2020102804008118,GIC,49,35,10,574.00,"5,740.00"
2020-10-28,2020102804008129,GIC,46,35,10,575.00,"5,750.00"
2020-10-28,2020102804008128,GIC,46,35,10,575.00,"5,750.00"
2020-10-28,2020102804008127,GIC,46,13,10,575.00,"5,750.00"
2020-10-28,2020102804008126,GIC,45,58,10,574.00,"5,740.00"
2020-10-28,2020102804008125,GIC,16,35,10,574.00,"5,740.00"
2020-10-28,2020102804008124,GIC,19,41,10,574.00,"5,740.00"
2020-10-28,2020102804008135,GIC,46,11,10,575.00,"5,750.00"
2020-10-28,2020102804008134,GIC,46,25,10,575.00,"5,750.00"
2020-10-28,2020102804008133,GIC,46,44,10,575.00,"5,750.00"
2020-10-28,2020102804008132,GIC,46,53,10,575.00,"5,750.00"
2020-10-28,2020102804008131,GIC,46,34,10,575.00,"5,750.00"
2020-10-28,2020102804008130,GIC,46,35,10,575.00,"5,750.00"
2020-10-28,2020102804008141,GIC,46,41,10,575.00,"5,750.00"
2020-10-28,2020102804008140,GIC,46,26,10,575.00,"5,750.00"
2020-10-28,2020102804008139,GIC,46,45,10,575.00,"5,750.00"
2020-10-28,2020102804008138,GIC,46,58,10,575.00,"5,750.00"
2020-10-28,2020102804008137,GIC,46,11,10,575.00,"5,750.00"
2020-10-28,2020102804008136,GIC,46,32,10,575.00,"5,750.00"
2020-10-28,2020102804008147,GIC,46,45,10,575.00,"5,750.00"
2020-10-28,2020102804008146,GIC,46,11,10,575.00,"5,750.00"
2020-10-28,2020102804008145,GIC,46,45,10,575.00,"5,750.00"
2020-10-28,2020102804008144,GIC,46,42,10,575.00,"5,750.00"
2020-10-28,2020102804008143,GIC,46,10,10,575.00,"5,750.00"
2020-10-28,2020102804008142,GIC,46,29,10,575.00,"5,750.00"
2020-10-28,2020102804008153,GIC,46,26,10,575.00,"5,750.00"
2020-10-28,2020102804008152,GIC,46,26,10,575.00,"5,750.00"
2020-10-28,2020102804008151,GIC,46,58,10,575.00,"5,750.00"
2020-10-28,2020102804008150,GIC,46,6,10,575.00,"5,750.00"
2020-10-28,2020102804008149,GIC,46,45,10,575.00,"5,750.00"
2020-10-28,2020102804008148,GIC,46,45,10,575.00,"5,750.00"
2020-10-28,2020102804008159,GIC,46,17,10,575.00,"5,750.00"
2020-10-28,2020102804008158,GIC,46,57,10,575.00,"5,750.00"
2020-10-28,2020102804008157,GIC,46,59,10,575.00,"5,750.00"
2020-10-28,2020102804008156,GIC,46,21,10,575.00,"5,750.00"
2020-10-28,2020102804008155,GIC,46,5,10,575.00,"5,750.00"
2020-10-28,2020102804008154,GIC,46,6,10,575.00,"5,750.00"
2020-10-28,2020102804008165,GIC,46,34,10,575.00,"5,750.00"
2020-10-28,2020102804008164,GIC,46,21,10,575.00,"5,750.00"
2020-10-28,2020102804008163,GIC,46,6,10,575.00,"5,750.00"
2020-10-28,2020102804008162,GIC,46,21,10,575.00,"5,750.00"
2020-10-28,2020102804008161,GIC,46,6,10,575.00,"5,750.00"
2020-10-28,2020102804008160,GIC,46,19,10,575.00,"5,750.00"
2020-10-28,2020102804008171,GIC,46,34,10,575.00,"5,750.00"
2020-10-28,2020102804008170,GIC,46,42,10,575.00,"5,750.00"
2020-10-28,2020102804008169,GIC,46,45,10,575.00,"5,750.00"
2020-10-28,2020102804008168,GIC,46,40,10,575.00,"5,750.00"
2020-10-28,2020102804008167,GIC,46,58,10,575.00,"5,750.00"
2020-10-28,2020102804008166,GIC,46,6,10,575.00,"5,750.00"
2020-10-28,2020102804008177,GIC,45,35,10,574.00,"5,740.00"
2020-10-28,2020102804008176,GIC,46,21,10,575.00,"5,750.00"
2020-10-28,2020102804008175,GIC,46,21,10,575.00,"5,750.00"
2020-10-28,2020102804008174,GIC,46,45,10,575.00,"5,750.00"
2020-10-28,2020102804008173,GIC,46,29,10,575.00,"5,750.00"
2020-10-28,2020102804008172,GIC,46,58,10,575.00,"5,750.00"
2020-10-28,2020102804008188,GIC,45,35,10,574.00,"5,740.00"
2020-10-28,2020102804008187,GIC,45,32,10,574.00,"5,740.00"
2020-10-28,2020102804008186,GIC,45,35,10,574.00,"5,740.00"
2020-10-28,2020102804008185,GIC,45,20,10,574.00,"5,740.00"
2020-10-28,2020102804008179,GIC,45,17,10,574.00,"5,740.00"
2020-10-28,2020102804008178,GIC,45,54,10,574.00,"5,740.00"
2020-10-28,2020102804008194,GIC,45,32,10,574.00,"5,740.00"
2020-10-28,2020102804008193,GIC,45,45,10,574.00,"5,740.00"
2020-10-28,2020102804008192,GIC,45,35,10,574.00,"5,740.00"
2020-10-28,2020102804008191,GIC,45,58,10,574.00,"5,740.00"
2020-10-28,2020102804008190,GIC,45,35,10,574.00,"5,740.00"
2020-10-28,2020102804008189,GIC,45,20,10,574.00,"5,740.00"
2020-10-28,2020102804008200,GIC,45,54,10,574.00,"5,740.00"
2020-10-28,2020102804008199,GIC,45,45,10,574.00,"5,740.00"
2020-10-28,2020102804008198,GIC,45,51,10,574.00,"5,740.00"
2020-10-28,2020102804008197,GIC,45,42,10,574.00,"5,740.00"
2020-10-28,2020102804008196,GIC,45,35,10,574.00,"5,740.00"
2020-10-28,2020102804008195,GIC,45,57,10,574.00,"5,740.00"
2020-10-28,2020102804008206,GIC,45,49,10,574.00,"5,740.00"
2020-10-28,2020102804008205,GIC,45,40,10,574.00,"5,740.00"
2020-10-28,2020102804008204,GIC,45,51,10,574.00,"5,740.00"
2020-10-28,2020102804008203,GIC,45,43,10,574.00,"5,740.00"
2020-10-28,2020102804008202,GIC,45,16,10,574.00,"5,740.00"
2020-10-28,2020102804008201,GIC,45,34,10,574.00,"5,740.00"
2020-10-28,2020102804008212,GIC,45,16,10,574.00,"5,740.00"
2020-10-28,2020102804008211,GIC,45,51,10,574.00,"5,740.00"
2020-10-28,2020102804008210,GIC,45,40,10,574.00,"5,740.00"
2020-10-28,2020102804008209,GIC,45,32,10,574.00,"5,740.00"
2020-10-28,2020102804008208,GIC,45,34,10,574.00,"5,740.00"
2020-10-28,2020102804008207,GIC,45,13,10,574.00,"5,740.00"
2020-10-28,2020102804008219,GIC,45,59,10,574.00,"5,740.00"
2020-10-28,2020102804008217,GIC,45,28,10,574.00,"5,740.00"
2020-10-28,2020102804008216,GIC,45,35,10,574.00,"5,740.00"
2020-10-28,2020102804008215,GIC,45,16,10,574.00,"5,740.00"
2020-10-28,2020102804008214,GIC,45,42,10,574.00,"5,740.00"
2020-10-28,2020102804008213,GIC,45,22,10,574.00,"5,740.00"
2020-10-28,2020102804008226,GIC,45,54,10,574.00,"5,740.00"
2020-10-28,2020102804008225,GIC,45,35,10,574.00,"5,740.00"
2020-10-28,2020102804008223,GIC,45,35,10,574.00,"5,740.00"
2020-10-28,2020102804008222,GIC,45,14,10,574.00,"5,740.00"
2020-10-28,2020102804008221,GIC,45,57,10,574.00,"5,740.00"
2020-10-28,2020102804008220,GIC,45,16,10,574.00,"5,740.00"
2020-10-28,2020102804008234,GIC,46,57,10,574.00,"5,740.00"
2020-10-28,2020102804008231,GIC,45,45,10,574.00,"5,740.00"
2020-10-28,2020102804008230,GIC,45,28,10,574.00,"5,740.00"
2020-10-28,2020102804008229,GIC,45,22,10,574.00,"5,740.00"
2020-10-28,2020102804008228,GIC,45,39,10,574.00,"5,740.00"
2020-10-28,2020102804008227,GIC,45,32,10,574.00,"5,740.00"
2020-10-28,2020102804008242,GIC,46,58,10,574.00,"5,740.00"
2020-10-28,2020102804008239,GIC,46,39,10,574.00,"5,740.00"
2020-10-28,2020102804008238,GIC,46,14,10,574.00,"5,740.00"
2020-10-28,2020102804008237,GIC,46,4,10,574.00,"5,740.00"
2020-10-28,2020102804008236,GIC,46,8,10,574.00,"5,740.00"
2020-10-28,2020102804008235,GIC,46,34,10,574.00,"5,740.00"
2020-10-28,2020102804008248,GIC,46,42,10,574.00,"5,740.00"
2020-10-28,2020102804008247,GIC,46,39,10,574.00,"5,740.00"
2020-10-28,2020102804008246,GIC,46,39,10,574.00,"5,740.00"
2020-10-28,2020102804008245,GIC,46,45,10,574.00,"5,740.00"
2020-10-28,2020102804008244,GIC,46,22,10,574.00,"5,740.00"
2020-10-28,2020102804008243,GIC,46,39,10,574.00,"5,740.00"
2020-10-28,2020102804008259,GIC,57,17,10,574.00,"5,740.00"
2020-10-28,2020102804008258,GIC,14,58,10,574.00,"5,740.00"
2020-10-28,2020102804008257,GIC,14,43,10,574.00,"5,740.00"
2020-10-28,2020102804008256,GIC,14,22,10,574.00,"5,740.00"
2020-10-28,2020102804008255,GIC,46,45,10,574.00,"5,740.00"
2020-10-28,2020102804008254,GIC,46,42,10,574.00,"5,740.00"
2020-10-28,2020102804008269,GIC,5,38,10,573.00,"5,730.00"
2020-10-28,2020102804008267,GIC,52,22,10,574.00,"5,740.00"
2020-10-28,2020102804008266,GIC,52,29,10,574.00,"5,740.00"
2020-10-28,2020102804008265,GIC,52,46,10,574.00,"5,740.00"
2020-10-28,2020102804008264,GIC,52,38,10,574.00,"5,740.00"
2020-10-28,2020102804008263,GIC,57,32,10,574.00,"5,740.00"
2020-10-28,2020102804008275,GIC,36,33,10,574.00,"5,740.00"
2020-10-28,2020102804008274,GIC,36,7,10,574.00,"5,740.00"
2020-10-28,2020102804008273,GIC,36,32,10,574.00,"5,740.00"
2020-10-28,2020102804008272,GIC,36,45,10,574.00,"5,740.00"
2020-10-28,2020102804008271,GIC,36,32,10,574.00,"5,740.00"
2020-10-28,2020102804008270,GIC,5,38,10,573.00,"5,730.00"
2020-10-28,2020102804008281,GIC,36,22,10,574.00,"5,740.00"
2020-10-28,2020102804008280,GIC,36,57,10,574.00,"5,740.00"
2020-10-28,2020102804008279,GIC,36,57,10,574.00,"5,740.00"
2020-10-28,2020102804008278,GIC,36,58,10,574.00,"5,740.00"
2020-10-28,2020102804008277,GIC,36,14,10,574.00,"5,740.00"
2020-10-28,2020102804008276,GIC,36,58,10,574.00,"5,740.00"
2020-10-28,2020102804008287,GIC,36,57,10,574.00,"5,740.00"
2020-10-28,2020102804008286,GIC,36,42,10,574.00,"5,740.00"
2020-10-28,2020102804008285,GIC,36,58,10,574.00,"5,740.00"
2020-10-28,2020102804008284,GIC,36,7,10,574.00,"5,740.00"
2020-10-28,2020102804008283,GIC,36,48,10,574.00,"5,740.00"
2020-10-28,2020102804008282,GIC,36,38,10,574.00,"5,740.00"
2020-10-28,2020102804008293,GIC,36,35,10,574.00,"5,740.00"
2020-10-28,2020102804008292,GIC,36,6,10,574.00,"5,740.00"
2020-10-28,2020102804008291,GIC,36,48,10,574.00,"5,740.00"
2020-10-28,2020102804008290,GIC,36,35,10,574.00,"5,740.00"
2020-10-28,2020102804008289,GIC,36,38,10,574.00,"5,740.00"
2020-10-28,2020102804008288,GIC,36,45,10,574.00,"5,740.00"
2020-10-28,2020102804008299,GIC,36,16,10,574.00,"5,740.00"
2020-10-28,2020102804008298,GIC,36,35,10,574.00,"5,740.00"
2020-10-28,2020102804008297,GIC,36,38,10,574.00,"5,740.00"
2020-10-28,2020102804008296,GIC,36,35,10,574.00,"5,740.00"
2020-10-28,2020102804008295,GIC,36,38,10,574.00,"5,740.00"
2020-10-28,2020102804008294,GIC,36,42,10,574.00,"5,740.00"
2020-10-28,2020102804008305,GIC,40,21,10,575.00,"5,750.00"
2020-10-28,2020102804008304,GIC,40,13,10,575.00,"5,750.00"
2020-10-28,2020102804008303,GIC,40,6,10,575.00,"5,750.00"
2020-10-28,2020102804008302,GIC,40,6,10,575.00,"5,750.00"
2020-10-28,2020102804008301,GIC,40,57,10,575.00,"5,750.00"
2020-10-28,2020102804008300,GIC,40,17,10,575.00,"5,750.00"
2020-10-28,2020102804008311,GIC,36,38,10,574.00,"5,740.00"
2020-10-28,2020102804008310,GIC,36,38,10,574.00,"5,740.00"
2020-10-28,2020102804008309,GIC,36,35,10,574.00,"5,740.00"
2020-10-28,2020102804008308,GIC,36,46,10,574.00,"5,740.00"
2020-10-28,2020102804008307,GIC,36,38,10,574.00,"5,740.00"
2020-10-28,2020102804008306,GIC,22,50,10,575.00,"5,750.00"
2020-10-28,2020102804008317,GIC,36,42,10,574.00,"5,740.00"
2020-10-28,2020102804008316,GIC,36,54,10,574.00,"5,740.00"
2020-10-28,2020102804008315,GIC,36,38,10,574.00,"5,740.00"
2020-10-28,2020102804008314,GIC,36,35,10,574.00,"5,740.00"
2020-10-28,2020102804008313,GIC,36,38,10,574.00,"5,740.00"
2020-10-28,2020102804008312,GIC,36,35,10,574.00,"5,740.00"
2020-10-28,2020102804008323,GIC,57,42,10,575.00,"5,750.00"
2020-10-28,2020102804008322,GIC,57,58,10,575.00,"5,750.00"
2020-10-28,2020102804008321,GIC,57,46,10,575.00,"5,750.00"
2020-10-28,2020102804008320,GIC,57,58,10,575.00,"5,750.00"
2020-10-28,2020102804008319,GIC,36,35,10,574.00,"5,740.00"
2020-10-28,2020102804008318,GIC,36,38,10,574.00,"5,740.00"
2020-10-28,2020102804008329,GIC,57,58,10,575.00,"5,750.00"
2020-10-28,2020102804008328,GIC,57,40,10,575.00,"5,750.00"
2020-10-28,2020102804008327,GIC,57,21,10,575.00,"5,750.00"
2020-10-28,2020102804008326,GIC,57,29,10,575.00,"5,750.00"
2020-10-28,2020102804008325,GIC,57,38,10,575.00,"5,750.00"
2020-10-28,2020102804008324,GIC,57,49,10,575.00,"5,750.00"
2020-10-28,2020102804008335,GIC,36,21,10,574.00,"5,740.00"
2020-10-28,2020102804008334,GIC,57,16,10,575.00,"5,750.00"
2020-10-28,2020102804008333,GIC,57,29,10,575.00,"5,750.00"
2020-10-28,2020102804008332,GIC,57,46,10,575.00,"5,750.00"
2020-10-28,2020102804008331,GIC,57,32,10,575.00,"5,750.00"
2020-10-28,2020102804008330,GIC,57,55,10,575.00,"5,750.00"
2020-10-28,2020102804008341,GIC,50,28,10,575.00,"5,750.00"
2020-10-28,2020102804008340,GIC,50,28,10,575.00,"5,750.00"
2020-10-28,2020102804008339,GIC,50,38,10,575.00,"5,750.00"
2020-10-28,2020102804008338,GIC,50,46,10,575.00,"5,750.00"
2020-10-28,2020102804008337,GIC,50,58,10,575.00,"5,750.00"
2020-10-28,2020102804008336,GIC,36,35,10,574.00,"5,740.00"
2020-10-28,2020102804008347,GIC,36,38,10,574.00,"5,740.00"
2020-10-28,2020102804008346,GIC,50,46,10,575.00,"5,750.00"
2020-10-28,2020102804008345,GIC,50,49,10,575.00,"5,750.00"
2020-10-28,2020102804008344,GIC,50,46,10,575.00,"5,750.00"
2020-10-28,2020102804008343,GIC,50,21,10,575.00,"5,750.00"
2020-10-28,2020102804008342,GIC,50,58,10,575.00,"5,750.00"
2020-10-28,2020102804008353,GIC,16,29,10,575.00,"5,750.00"
2020-10-28,2020102804008352,GIC,16,47,10,575.00,"5,750.00"
2020-10-28,2020102804008351,GIC,16,26,10,575.00,"5,750.00"
2020-10-28,2020102804008350,GIC,36,35,10,574.00,"5,740.00"
2020-10-28,2020102804008349,GIC,36,48,10,574.00,"5,740.00"
2020-10-28,2020102804008348,GIC,36,6,10,574.00,"5,740.00"
2020-10-28,2020102804008359,GIC,16,57,10,575.00,"5,750.00"
2020-10-28,2020102804008358,GIC,16,45,10,575.00,"5,750.00"
2020-10-28,2020102804008357,GIC,16,38,10,575.00,"5,750.00"
2020-10-28,2020102804008356,GIC,16,29,10,575.00,"5,750.00"
2020-10-28,2020102804008355,GIC,16,47,10,575.00,"5,750.00"
2020-10-28,2020102804008354,GIC,16,58,10,575.00,"5,750.00"
2020-10-28,2020102804008365,GIC,17,32,10,574.00,"5,740.00"
2020-10-28,2020102804008364,GIC,17,35,10,574.00,"5,740.00"
2020-10-28,2020102804008363,GIC,17,52,10,574.00,"5,740.00"
2020-10-28,2020102804008362,GIC,36,45,10,574.00,"5,740.00"
2020-10-28,2020102804008361,GIC,36,6,10,574.00,"5,740.00"
2020-10-28,2020102804008360,GIC,16,45,10,575.00,"5,750.00"
2020-10-28,2020102804008374,GIC,32,51,10,575.00,"5,750.00"
2020-10-28,2020102804008373,GIC,5,17,10,573.00,"5,730.00"
2020-10-28,2020102804008370,GIC,58,42,10,574.00,"5,740.00"
2020-10-28,2020102804008369,GIC,58,57,10,574.00,"5,740.00"
2020-10-28,2020102804008367,GIC,17,35,10,574.00,"5,740.00"
2020-10-28,2020102804008366,GIC,17,38,10,574.00,"5,740.00"
2020-10-28,2020102804008380,GIC,32,7,10,575.00,"5,750.00"
2020-10-28,2020102804008379,GIC,32,35,10,575.00,"5,750.00"
2020-10-28,2020102804008378,GIC,32,32,10,575.00,"5,750.00"
2020-10-28,2020102804008377,GIC,32,59,10,575.00,"5,750.00"
2020-10-28,2020102804008376,GIC,32,49,10,575.00,"5,750.00"
2020-10-28,2020102804008375,GIC,32,29,10,575.00,"5,750.00"
2020-10-28,2020102804008386,GIC,32,17,10,575.00,"5,750.00"
2020-10-28,2020102804008385,GIC,32,58,10,575.00,"5,750.00"
2020-10-28,2020102804008384,GIC,32,58,10,575.00,"5,750.00"
2020-10-28,2020102804008383,GIC,32,58,10,575.00,"5,750.00"
2020-10-28,2020102804008382,GIC,32,51,10,575.00,"5,750.00"
2020-10-28,2020102804008381,GIC,32,55,10,575.00,"5,750.00"
2020-10-28,2020102804008392,GIC,32,4,10,575.00,"5,750.00"
2020-10-28,2020102804008391,GIC,32,57,10,575.00,"5,750.00"
2020-10-28,2020102804008390,GIC,32,3,10,575.00,"5,750.00"
2020-10-28,2020102804008389,GIC,32,47,10,575.00,"5,750.00"
2020-10-28,2020102804008388,GIC,32,36,10,575.00,"5,750.00"
2020-10-28,2020102804008387,GIC,32,36,10,575.00,"5,750.00"
2020-10-28,2020102804008398,GIC,6,16,10,574.00,"5,740.00"
2020-10-28,2020102804008397,GIC,5,40,10,573.00,"5,730.00"
2020-10-28,2020102804008396,GIC,5,58,10,573.00,"5,730.00"
2020-10-28,2020102804008395,GIC,16,49,10,575.00,"5,750.00"
2020-10-28,2020102804008394,GIC,16,5,10,575.00,"5,750.00"
2020-10-28,2020102804008393,GIC,32,58,10,575.00,"5,750.00"
2020-10-28,2020102804008405,GIC,28,56,10,575.00,"5,750.00"
2020-10-28,2020102804008404,GIC,6,14,10,574.00,"5,740.00"
2020-10-28,2020102804008403,GIC,6,34,10,574.00,"5,740.00"
2020-10-28,2020102804008402,GIC,6,58,10,574.00,"5,740.00"
2020-10-28,2020102804008401,GIC,6,32,10,574.00,"5,740.00"
2020-10-28,2020102804008399,GIC,6,6,10,574.00,"5,740.00"
2020-10-28,2020102804008411,GIC,28,50,10,575.00,"5,750.00"
2020-10-28,2020102804008410,GIC,28,57,10,575.00,"5,750.00"
2020-10-28,2020102804008409,GIC,28,21,10,575.00,"5,750.00"
2020-10-28,2020102804008408,GIC,28,40,10,575.00,"5,750.00"
2020-10-28,2020102804008407,GIC,28,45,10,575.00,"5,750.00"
2020-10-28,2020102804008406,GIC,28,40,10,575.00,"5,750.00"
2020-10-28,2020102804008224,LUK,28,28,200,9.10,"1,820.00"
2020-10-28,2020102804008400,NBF2,45,45,"4,100",9.35,"38,335.00"
2020-10-28,2020102804007936,NBF2,8,21,"6,000",9.36,"56,160.00"
2020-10-28,2020102804008371,NIBPO,42,49,300,396.00,"118,800.00"
2020-10-28,2020102804008262,NIBPO,42,49,500,396.00,"198,000.00"
2020-10-28,2020102804008261,NIBPO,42,55,500,395.00,"197,500.00"
2020-10-28,2020102804008260,NIBPO,42,52,200,395.00,"79,000.00"
2020-10-28,2020102804008253,NIBPO,42,49,"1,500",394.00,"591,000.00"
2020-10-28,2020102804008252,NIBPO,42,22,500,391.00,"195,500.00"
2020-10-28,2020102804008232,NIBPO,21,55,100,387.00,"38,700.00"
2020-10-28,2020102804008056,NIBPO,55,44,"1,000",390.00,"390,000.00"
2020-10-28,2020102804008251,NIBPO,42,56,50,391.00,"19,550.00"
2020-10-28,2020102804008250,NIBPO,42,49,"1,000",391.00,"391,000.00"
2020-10-28,2020102804008249,NIBPO,42,55,"1,109",387.00,"429,183.00"
2020-10-28,2020102804008241,NIBPO,47,55,150,387.00,"58,050.00"
2020-10-28,2020102804008240,NIBPO,47,55,80,387.00,"30,960.00"
2020-10-28,2020102804008233,NIBPO,47,55,200,387.00,"77,400.00"
2020-10-28,2020102804007999,NIBSF1,8,57,"4,000",10.01,"40,040.00"
2020-10-28,2020102804007998,NIBSF1,8,5,"5,000",10.01,"50,050.00"
2020-10-28,2020102804007997,NIBSF1,8,34,100,10.01,"1,001.00"
2020-10-28,2020102804007996,NIBSF1,8,7,"11,900",10.00,"119,000.00"
2020-10-28,2020102804007963,NIBSF1,59,7,100,10.00,"1,000.00"
2020-10-28,2020102804007937,NIBSF1,59,26,"5,000",10.00,"50,000.00"
2020-10-28,2020102804008417,NICBF,22,42,500,9.28,"4,640.00"
2020-10-28,2020102804008416,NICBF,22,49,500,9.22,"4,610.00"
2020-10-28,2020102804008415,NICBF,22,6,300,9.21,"2,763.00"
2020-10-28,2020102804007960,NICGF,8,52,"2,500",9.81,"24,525.00"
2020-10-28,2020102804007959,NICGF,8,42,"3,000",9.80,"29,400.00"
2020-10-28,2020102804007958,NICGF,8,45,500,9.80,"4,900.00"
2020-10-28,2020102804007957,NICGF,8,26,500,9.80,"4,900.00"
2020-10-28,2020102804007956,NICGF,8,49,"2,000",9.78,"19,560.00"
2020-10-28,2020102804008009,NMBHF1,8,14,"10,000",9.53,"95,300.00"
2020-10-28,2020102804008005,NMBHF1,8,42,"1,248",9.50,"11,856.00"
2020-10-28,2020102804008004,NMBHF1,8,19,832,9.50,"7,904.00"
2020-10-28,2020102804008003,NMBHF1,8,47,"7,731",9.50,"73,444.50"
2020-10-28,2020102804008268,SAEF,51,39,400,10.63,"4,252.00"
2020-10-28,2020102804008023,SEF,40,33,"8,000",9.70,"77,600.00"
2020-10-28,2020102804008022,SEF,40,29,"20,000",9.69,"193,800.00"
2020-10-28,2020102804008021,SEF,40,43,"2,000",9.68,"19,360.00"
2020-10-28,2020102804007920,GIC,45,58,10,574.00,"5,740.00"
2020-10-28,2020102804007919,GIC,45,36,10,574.00,"5,740.00"
2020-10-28,2020102804007918,GIC,45,1,10,574.00,"5,740.00"
2020-10-28,2020102804007917,GIC,45,58,10,574.00,"5,740.00"
2020-10-28,2020102804007916,GIC,45,58,10,574.00,"5,740.00"
2020-10-28,2020102804007915,GIC,45,1,10,574.00,"5,740.00"
2020-10-28,2020102804007427,GIC,35,38,10,575.00,"5,750.00"
2020-10-28,2020102804007426,GIC,35,34,10,575.00,"5,750.00"
2020-10-28,2020102804007425,GIC,35,58,10,575.00,"5,750.00"
2020-10-28,2020102804007424,GIC,35,42,10,575.00,"5,750.00"
2020-10-28,2020102804007422,GIC,35,47,10,575.00,"5,750.00"
2020-10-28,2020102804007421,GIC,35,34,10,575.00,"5,750.00"
2020-10-28,2020102804007434,GIC,35,47,10,575.00,"5,750.00"
2020-10-28,2020102804007433,GIC,35,42,10,575.00,"5,750.00"
2020-10-28,2020102804007432,GIC,35,14,10,575.00,"5,750.00"
2020-10-28,2020102804007431,GIC,35,32,10,575.00,"5,750.00"
2020-10-28,2020102804007429,GIC,35,56,10,575.00,"5,750.00"
2020-10-28,2020102804007428,GIC,35,16,10,575.00,"5,750.00"
2020-10-28,2020102804007440,GIC,29,29,10,575.00,"5,750.00"
2020-10-28,2020102804007439,GIC,29,34,10,575.00,"5,750.00"
2020-10-28,2020102804007438,GIC,29,52,10,575.00,"5,750.00"
2020-10-28,2020102804007437,GIC,29,56,10,575.00,"5,750.00"
2020-10-28,2020102804007436,GIC,47,55,10,575.00,"5,750.00"
2020-10-28,2020102804007435,GIC,47,32,10,575.00,"5,750.00"
2020-10-28,2020102804007446,GIC,29,39,10,575.00,"5,750.00"
2020-10-28,2020102804007445,GIC,29,56,10,575.00,"5,750.00"
2020-10-28,2020102804007444,GIC,29,28,10,575.00,"5,750.00"
2020-10-28,2020102804007443,GIC,29,47,10,575.00,"5,750.00"
2020-10-28,2020102804007442,GIC,52,48,10,576.00,"5,760.00"
2020-10-28,2020102804007441,GIC,52,53,10,576.00,"5,760.00"
2020-10-28,2020102804007452,GIC,29,34,10,575.00,"5,750.00"
2020-10-28,2020102804007451,GIC,29,10,10,575.00,"5,750.00"
2020-10-28,2020102804007450,GIC,29,56,10,575.00,"5,750.00"
2020-10-28,2020102804007449,GIC,22,47,10,576.00,"5,760.00"
2020-10-28,2020102804007448,GIC,22,58,10,576.00,"5,760.00"
2020-10-28,2020102804007447,GIC,29,41,10,575.00,"5,750.00"
2020-10-28,2020102804007459,GIC,29,3,10,575.00,"5,750.00"
2020-10-28,2020102804007457,GIC,29,58,10,575.00,"5,750.00"
2020-10-28,2020102804007456,GIC,29,5,10,575.00,"5,750.00"
2020-10-28,2020102804007455,GIC,29,38,10,575.00,"5,750.00"
2020-10-28,2020102804007454,GIC,29,29,10,575.00,"5,750.00"
2020-10-28,2020102804007453,GIC,29,34,10,575.00,"5,750.00"
2020-10-28,2020102804007465,GIC,20,34,10,577.00,"5,770.00"
2020-10-28,2020102804007464,GIC,20,32,10,577.00,"5,770.00"
2020-10-28,2020102804007463,GIC,20,4,10,577.00,"5,770.00"
2020-10-28,2020102804007462,GIC,20,45,10,577.00,"5,770.00"
2020-10-28,2020102804007461,GIC,20,41,10,577.00,"5,770.00"
2020-10-28,2020102804007460,GIC,20,56,10,576.00,"5,760.00"
2020-10-28,2020102804007471,GIC,29,34,10,575.00,"5,750.00"
2020-10-28,2020102804007470,GIC,29,56,10,575.00,"5,750.00"
2020-10-28,2020102804007469,GIC,20,41,10,577.00,"5,770.00"
2020-10-28,2020102804007468,GIC,20,10,10,577.00,"5,770.00"
2020-10-28,2020102804007467,GIC,20,45,10,577.00,"5,770.00"
2020-10-28,2020102804007466,GIC,20,45,10,577.00,"5,770.00"
2020-10-28,2020102804007478,GIC,41,29,10,575.00,"5,750.00"
2020-10-28,2020102804007477,GIC,41,55,10,575.00,"5,750.00"
2020-10-28,2020102804007476,GIC,41,36,10,575.00,"5,750.00"
2020-10-28,2020102804007475,GIC,41,56,10,575.00,"5,750.00"
2020-10-28,2020102804007474,GIC,41,29,10,575.00,"5,750.00"
2020-10-28,2020102804007472,GIC,57,3,10,574.00,"5,740.00"
2020-10-28,2020102804007484,GIC,6,29,10,575.00,"5,750.00"
2020-10-28,2020102804007483,GIC,6,34,10,575.00,"5,750.00"
2020-10-28,2020102804007482,GIC,6,39,10,575.00,"5,750.00"
2020-10-28,2020102804007481,GIC,35,36,10,575.00,"5,750.00"
2020-10-28,2020102804007480,GIC,35,58,10,575.00,"5,750.00"
2020-10-28,2020102804007479,GIC,57,3,10,574.00,"5,740.00"
2020-10-28,2020102804007490,GIC,6,19,10,575.00,"5,750.00"
2020-10-28,2020102804007489,GIC,6,36,10,575.00,"5,750.00"
2020-10-28,2020102804007488,GIC,6,29,10,575.00,"5,750.00"
2020-10-28,2020102804007487,GIC,6,57,10,575.00,"5,750.00"
2020-10-28,2020102804007486,GIC,6,21,10,575.00,"5,750.00"
2020-10-28,2020102804007485,GIC,6,42,10,575.00,"5,750.00"
2020-10-28,2020102804007496,GIC,26,58,10,575.00,"5,750.00"
2020-10-28,2020102804007495,GIC,45,58,10,574.00,"5,740.00"
2020-10-28,2020102804007494,GIC,45,29,10,574.00,"5,740.00"
2020-10-28,2020102804007493,GIC,57,59,10,574.00,"5,740.00"
2020-10-28,2020102804007492,GIC,57,57,10,574.00,"5,740.00"
2020-10-28,2020102804007491,GIC,6,20,10,575.00,"5,750.00"
2020-10-28,2020102804007502,GIC,5,32,10,574.00,"5,740.00"
2020-10-28,2020102804007501,GIC,45,1,10,574.00,"5,740.00"
2020-10-28,2020102804007500,GIC,45,33,10,574.00,"5,740.00"
2020-10-28,2020102804007499,GIC,45,57,10,574.00,"5,740.00"
2020-10-28,2020102804007498,GIC,26,29,10,575.00,"5,750.00"
2020-10-28,2020102804007497,GIC,26,42,10,575.00,"5,750.00"
2020-10-28,2020102804007509,GIC,41,52,10,574.00,"5,740.00"
2020-10-28,2020102804007508,GIC,41,32,10,574.00,"5,740.00"
2020-10-28,2020102804007507,GIC,41,1,10,574.00,"5,740.00"
2020-10-28,2020102804007506,GIC,41,56,10,574.00,"5,740.00"
2020-10-28,2020102804007505,GIC,41,57,10,574.00,"5,740.00"
2020-10-28,2020102804007504,GIC,5,58,10,574.00,"5,740.00"
2020-10-28,2020102804007516,GIC,41,58,10,574.00,"5,740.00"
2020-10-28,2020102804007515,GIC,41,1,10,574.00,"5,740.00"
2020-10-28,2020102804007514,GIC,41,59,10,574.00,"5,740.00"
2020-10-28,2020102804007513,GIC,45,49,10,575.00,"5,750.00"
2020-10-28,2020102804007512,GIC,41,55,10,574.00,"5,740.00"
2020-10-28,2020102804007510,GIC,41,57,10,574.00,"5,740.00"
2020-10-28,2020102804007522,GIC,41,59,10,574.00,"5,740.00"
2020-10-28,2020102804007521,GIC,41,57,10,574.00,"5,740.00"
2020-10-28,2020102804007520,GIC,41,48,10,574.00,"5,740.00"
2020-10-28,2020102804007519,GIC,41,1,10,574.00,"5,740.00"
2020-10-28,2020102804007518,GIC,41,49,10,574.00,"5,740.00"
2020-10-28,2020102804007517,GIC,41,57,10,574.00,"5,740.00"
2020-10-28,2020102804007528,GIC,41,42,10,574.00,"5,740.00"
2020-10-28,2020102804007527,GIC,52,55,10,575.00,"5,750.00"
2020-10-28,2020102804007526,GIC,52,19,10,575.00,"5,750.00"
2020-10-28,2020102804007525,GIC,52,29,10,575.00,"5,750.00"
2020-10-28,2020102804007524,GIC,41,1,10,574.00,"5,740.00"
2020-10-28,2020102804007523,GIC,41,19,10,574.00,"5,740.00"
2020-10-28,2020102804007536,GIC,25,53,10,574.00,"5,740.00"
2020-10-28,2020102804007535,GIC,25,57,10,574.00,"5,740.00"
2020-10-28,2020102804007534,GIC,25,34,10,574.00,"5,740.00"
2020-10-28,2020102804007533,GIC,56,42,10,575.00,"5,750.00"
2020-10-28,2020102804007532,GIC,25,58,10,574.00,"5,740.00"
2020-10-28,2020102804007529,GIC,41,57,10,574.00,"5,740.00"
2020-10-28,2020102804007542,GIC,33,49,10,574.00,"5,740.00"
2020-10-28,2020102804007541,GIC,33,19,10,574.00,"5,740.00"
2020-10-28,2020102804007540,GIC,33,58,10,574.00,"5,740.00"
2020-10-28,2020102804007539,GIC,33,56,10,574.00,"5,740.00"
2020-10-28,2020102804007538,GIC,33,13,10,574.00,"5,740.00"
2020-10-28,2020102804007537,GIC,33,58,10,574.00,"5,740.00"
2020-10-28,2020102804007549,GIC,5,19,10,574.00,"5,740.00"
2020-10-28,2020102804007547,GIC,5,29,10,574.00,"5,740.00"
2020-10-28,2020102804007546,GIC,33,35,10,574.00,"5,740.00"
2020-10-28,2020102804007545,GIC,33,41,10,574.00,"5,740.00"
2020-10-28,2020102804007544,GIC,33,58,10,574.00,"5,740.00"
2020-10-28,2020102804007543,GIC,33,34,10,574.00,"5,740.00"
2020-10-28,2020102804007555,GIC,38,42,10,575.00,"5,750.00"
2020-10-28,2020102804007554,GIC,5,3,10,574.00,"5,740.00"
2020-10-28,2020102804007553,GIC,5,19,10,574.00,"5,740.00"
2020-10-28,2020102804007552,GIC,5,32,10,574.00,"5,740.00"
2020-10-28,2020102804007551,GIC,5,3,10,574.00,"5,740.00"
2020-10-28,2020102804007550,GIC,5,19,10,574.00,"5,740.00"
2020-10-28,2020102804007561,GIC,34,48,10,575.00,"5,750.00"
2020-10-28,2020102804007560,GIC,34,29,10,575.00,"5,750.00"
2020-10-28,2020102804007559,GIC,38,34,10,575.00,"5,750.00"
2020-10-28,2020102804007558,GIC,38,36,10,575.00,"5,750.00"
2020-10-28,2020102804007557,GIC,38,29,10,575.00,"5,750.00"
2020-10-28,2020102804007556,GIC,38,36,10,575.00,"5,750.00"
2020-10-28,2020102804007567,GIC,34,29,10,575.00,"5,750.00"
2020-10-28,2020102804007566,GIC,34,36,10,575.00,"5,750.00"
2020-10-28,2020102804007565,GIC,34,17,10,575.00,"5,750.00"
2020-10-28,2020102804007564,GIC,34,45,10,575.00,"5,750.00"
2020-10-28,2020102804007563,GIC,34,37,10,575.00,"5,750.00"
2020-10-28,2020102804007562,GIC,34,29,10,575.00,"5,750.00"
2020-10-28,2020102804007573,GIC,49,14,10,575.00,"5,750.00"
2020-10-28,2020102804007572,GIC,49,34,10,575.00,"5,750.00"
2020-10-28,2020102804007571,GIC,49,29,10,575.00,"5,750.00"
2020-10-28,2020102804007570,GIC,49,36,10,575.00,"5,750.00"
2020-10-28,2020102804007569,GIC,49,29,10,575.00,"5,750.00"
2020-10-28,2020102804007568,GIC,34,29,10,575.00,"5,750.00"
2020-10-28,2020102804007579,GIC,5,32,10,574.00,"5,740.00"
2020-10-28,2020102804007578,GIC,49,34,10,575.00,"5,750.00"
2020-10-28,2020102804007577,GIC,49,52,10,575.00,"5,750.00"
2020-10-28,2020102804007576,GIC,49,57,10,575.00,"5,750.00"
2020-10-28,2020102804007575,GIC,49,17,10,575.00,"5,750.00"
2020-10-28,2020102804007574,GIC,49,42,10,575.00,"5,750.00"
2020-10-28,2020102804007585,GIC,57,49,10,575.00,"5,750.00"
2020-10-28,2020102804007584,GIC,57,8,10,575.00,"5,750.00"
2020-10-28,2020102804007583,GIC,57,1,10,575.00,"5,750.00"
2020-10-28,2020102804007582,GIC,57,56,10,575.00,"5,750.00"
2020-10-28,2020102804007581,GIC,5,42,10,574.00,"5,740.00"
2020-10-28,2020102804007580,GIC,5,3,10,574.00,"5,740.00"
2020-10-28,2020102804007591,GIC,57,42,10,575.00,"5,750.00"
2020-10-28,2020102804007590,GIC,57,13,10,575.00,"5,750.00"
2020-10-28,2020102804007589,GIC,5,59,10,574.00,"5,740.00"
2020-10-28,2020102804007588,GIC,5,3,10,574.00,"5,740.00"
2020-10-28,2020102804007587,GIC,5,47,10,574.00,"5,740.00"
2020-10-28,2020102804007586,GIC,57,21,10,575.00,"5,750.00"
2020-10-28,2020102804007597,GIC,52,54,10,575.00,"5,750.00"
2020-10-28,2020102804007596,GIC,52,52,10,575.00,"5,750.00"
2020-10-28,2020102804007595,GIC,52,49,10,575.00,"5,750.00"
2020-10-28,2020102804007594,GIC,57,51,10,575.00,"5,750.00"
2020-10-28,2020102804007593,GIC,57,45,10,575.00,"5,750.00"
2020-10-28,2020102804007592,GIC,57,42,10,575.00,"5,750.00"
2020-10-28,2020102804007604,GIC,52,45,10,575.00,"5,750.00"
2020-10-28,2020102804007602,GIC,52,58,10,575.00,"5,750.00"
2020-10-28,2020102804007601,GIC,52,21,10,575.00,"5,750.00"
2020-10-28,2020102804007600,GIC,52,17,10,575.00,"5,750.00"
2020-10-28,2020102804007599,GIC,52,58,10,575.00,"5,750.00"
2020-10-28,2020102804007598,GIC,52,36,10,575.00,"5,750.00"
2020-10-28,2020102804007610,GIC,52,21,10,575.00,"5,750.00"
2020-10-28,2020102804007609,GIC,52,42,10,575.00,"5,750.00"
2020-10-28,2020102804007608,GIC,52,58,10,575.00,"5,750.00"
2020-10-28,2020102804007607,GIC,52,34,10,575.00,"5,750.00"
2020-10-28,2020102804007606,GIC,52,21,10,575.00,"5,750.00"
2020-10-28,2020102804007605,GIC,52,53,10,575.00,"5,750.00"
2020-10-28,2020102804007618,GIC,52,43,10,575.00,"5,750.00"
2020-10-28,2020102804007617,GIC,52,45,10,575.00,"5,750.00"
2020-10-28,2020102804007616,GIC,52,49,10,575.00,"5,750.00"
2020-10-28,2020102804007615,GIC,52,35,10,575.00,"5,750.00"
2020-10-28,2020102804007614,GIC,52,43,10,575.00,"5,750.00"
2020-10-28,2020102804007612,GIC,52,44,10,575.00,"5,750.00"
2020-10-28,2020102804007625,GIC,52,51,10,575.00,"5,750.00"
2020-10-28,2020102804007623,GIC,42,49,10,576.00,"5,760.00"
2020-10-28,2020102804007622,GIC,42,1,10,576.00,"5,760.00"
2020-10-28,2020102804007621,GIC,42,38,10,576.00,"5,760.00"
2020-10-28,2020102804007620,GIC,52,37,10,575.00,"5,750.00"
2020-10-28,2020102804007619,GIC,52,51,10,575.00,"5,750.00"
2020-10-28,2020102804007631,GIC,38,3,10,575.00,"5,750.00"
2020-10-28,2020102804007630,GIC,38,54,10,575.00,"5,750.00"
2020-10-28,2020102804007629,GIC,38,5,10,575.00,"5,750.00"
2020-10-28,2020102804007628,GIC,38,18,10,575.00,"5,750.00"
2020-10-28,2020102804007627,GIC,38,37,10,575.00,"5,750.00"
2020-10-28,2020102804007626,GIC,52,53,10,575.00,"5,750.00"
2020-10-28,2020102804007638,GIC,41,42,10,575.00,"5,750.00"
2020-10-28,2020102804007637,GIC,41,42,10,575.00,"5,750.00"
2020-10-28,2020102804007636,GIC,41,56,10,575.00,"5,750.00"
2020-10-28,2020102804007634,GIC,41,43,10,575.00,"5,750.00"
2020-10-28,2020102804007633,GIC,41,35,10,575.00,"5,750.00"
2020-10-28,2020102804007632,GIC,49,16,10,575.00,"5,750.00"
2020-10-28,2020102804007644,GIC,5,25,10,574.00,"5,740.00"
2020-10-28,2020102804007643,GIC,5,20,10,574.00,"5,740.00"
2020-10-28,2020102804007642,GIC,5,50,10,574.00,"5,740.00"
2020-10-28,2020102804007641,GIC,5,21,10,574.00,"5,740.00"
2020-10-28,2020102804007640,GIC,5,21,10,574.00,"5,740.00"
2020-10-28,2020102804007639,GIC,41,51,10,575.00,"5,750.00"
2020-10-28,2020102804007650,GIC,16,18,10,575.00,"5,750.00"
2020-10-28,2020102804007649,GIC,16,21,10,575.00,"5,750.00"
2020-10-28,2020102804007648,GIC,16,56,10,575.00,"5,750.00"
2020-10-28,2020102804007647,GIC,5,18,10,574.00,"5,740.00"
2020-10-28,2020102804007646,GIC,17,42,10,575.00,"5,750.00"
2020-10-28,2020102804007645,GIC,17,56,10,575.00,"5,750.00"
2020-10-28,2020102804007656,GIC,16,51,10,575.00,"5,750.00"
2020-10-28,2020102804007655,GIC,16,53,10,575.00,"5,750.00"
2020-10-28,2020102804007654,GIC,16,18,10,575.00,"5,750.00"
2020-10-28,2020102804007653,GIC,16,51,10,575.00,"5,750.00"
2020-10-28,2020102804007652,GIC,16,35,10,575.00,"5,750.00"
2020-10-28,2020102804007651,GIC,16,51,10,575.00,"5,750.00"
2020-10-28,2020102804007663,GIC,41,51,10,575.00,"5,750.00"
2020-10-28,2020102804007662,GIC,41,8,10,575.00,"5,750.00"
2020-10-28,2020102804007661,GIC,41,51,10,575.00,"5,750.00"
2020-10-28,2020102804007659,GIC,57,51,10,574.00,"5,740.00"
2020-10-28,2020102804007658,GIC,5,38,10,574.00,"5,740.00"
2020-10-28,2020102804007657,GIC,16,41,10,575.00,"5,750.00"
2020-10-28,2020102804007669,GIC,41,35,10,575.00,"5,750.00"
2020-10-28,2020102804007668,GIC,41,51,10,575.00,"5,750.00"
2020-10-28,2020102804007667,GIC,41,35,10,575.00,"5,750.00"
2020-10-28,2020102804007666,GIC,41,42,10,575.00,"5,750.00"
2020-10-28,2020102804007665,GIC,41,51,10,575.00,"5,750.00"
2020-10-28,2020102804007664,GIC,41,35,10,575.00,"5,750.00"
2020-10-28,2020102804007675,GIC,41,42,10,575.00,"5,750.00"
2020-10-28,2020102804007674,GIC,41,48,10,575.00,"5,750.00"
2020-10-28,2020102804007673,GIC,41,34,10,575.00,"5,750.00"
2020-10-28,2020102804007672,GIC,41,51,10,575.00,"5,750.00"
2020-10-28,2020102804007671,GIC,41,54,10,575.00,"5,750.00"
2020-10-28,2020102804007670,GIC,41,18,10,575.00,"5,750.00"
2020-10-28,2020102804007681,GIC,57,3,10,574.00,"5,740.00"
2020-10-28,2020102804007680,GIC,41,42,10,575.00,"5,750.00"
2020-10-28,2020102804007679,GIC,41,3,10,575.00,"5,750.00"
2020-10-28,2020102804007678,GIC,41,34,10,575.00,"5,750.00"
2020-10-28,2020102804007677,GIC,41,6,10,575.00,"5,750.00"
2020-10-28,2020102804007676,GIC,41,34,10,575.00,"5,750.00"
2020-10-28,2020102804007690,GIC,16,51,10,574.00,"5,740.00"
2020-10-28,2020102804007689,GIC,16,18,10,574.00,"5,740.00"
2020-10-28,2020102804007688,GIC,16,21,10,574.00,"5,740.00"
2020-10-28,2020102804007685,GIC,21,18,10,574.00,"5,740.00"
2020-10-28,2020102804007684,GIC,21,51,10,574.00,"5,740.00"
2020-10-28,2020102804007682,GIC,21,51,10,574.00,"5,740.00"
2020-10-28,2020102804007696,GIC,16,18,10,574.00,"5,740.00"
2020-10-28,2020102804007695,GIC,16,51,10,574.00,"5,740.00"
2020-10-28,2020102804007694,GIC,16,21,10,574.00,"5,740.00"
2020-10-28,2020102804007693,GIC,16,51,10,574.00,"5,740.00"
2020-10-28,2020102804007692,GIC,16,21,10,574.00,"5,740.00"
2020-10-28,2020102804007691,GIC,16,38,10,574.00,"5,740.00"
2020-10-28,2020102804007702,GIC,48,38,10,574.00,"5,740.00"
2020-10-28,2020102804007701,GIC,48,21,10,574.00,"5,740.00"
2020-10-28,2020102804007700,GIC,48,51,10,574.00,"5,740.00"
2020-10-28,2020102804007699,GIC,22,54,10,574.00,"5,740.00"
2020-10-28,2020102804007698,GIC,22,38,10,574.00,"5,740.00"
2020-10-28,2020102804007697,GIC,16,21,10,574.00,"5,740.00"
2020-10-28,2020102804007708,GIC,19,3,10,574.00,"5,740.00"
2020-10-28,2020102804007707,GIC,19,51,10,574.00,"5,740.00"
2020-10-28,2020102804007706,GIC,19,36,10,574.00,"5,740.00"
2020-10-28,2020102804007705,GIC,19,51,10,574.00,"5,740.00"
2020-10-28,2020102804007704,GIC,19,21,10,574.00,"5,740.00"
2020-10-28,2020102804007703,GIC,19,18,10,574.00,"5,740.00"
2020-10-28,2020102804007717,GIC,19,51,10,574.00,"5,740.00"
2020-10-28,2020102804007716,GIC,19,49,10,574.00,"5,740.00"
2020-10-28,2020102804007713,GIC,19,51,10,574.00,"5,740.00"
2020-10-28,2020102804007711,GIC,19,18,10,574.00,"5,740.00"
2020-10-28,2020102804007710,GIC,19,18,10,574.00,"5,740.00"
2020-10-28,2020102804007709,GIC,19,44,10,574.00,"5,740.00"
2020-10-28,2020102804007723,GIC,19,54,10,574.00,"5,740.00"
2020-10-28,2020102804007722,GIC,19,38,10,574.00,"5,740.00"
2020-10-28,2020102804007721,GIC,19,18,10,574.00,"5,740.00"
2020-10-28,2020102804007720,GIC,19,51,10,574.00,"5,740.00"
2020-10-28,2020102804007719,GIC,19,44,10,574.00,"5,740.00"
2020-10-28,2020102804007718,GIC,19,18,10,574.00,"5,740.00"
2020-10-28,2020102804007739,GIC,19,38,10,574.00,"5,740.00"
2020-10-28,2020102804007738,GIC,19,58,10,574.00,"5,740.00"
2020-10-28,2020102804007730,GIC,19,51,10,574.00,"5,740.00"
2020-10-28,2020102804007729,GIC,19,18,10,574.00,"5,740.00"
2020-10-28,2020102804007728,GIC,19,38,10,574.00,"5,740.00"
2020-10-28,2020102804007727,GIC,19,51,10,574.00,"5,740.00"
2020-10-28,2020102804007748,GIC,35,38,10,574.00,"5,740.00"
2020-10-28,2020102804007745,GIC,19,18,10,574.00,"5,740.00"
2020-10-28,2020102804007743,GIC,19,51,10,574.00,"5,740.00"
2020-10-28,2020102804007742,GIC,19,49,10,574.00,"5,740.00"
2020-10-28,2020102804007741,GIC,19,11,10,574.00,"5,740.00"
2020-10-28,2020102804007740,GIC,19,44,10,574.00,"5,740.00"
2020-10-28,2020102804007758,GIC,35,18,10,574.00,"5,740.00"
2020-10-28,2020102804007756,GIC,35,51,10,574.00,"5,740.00"
2020-10-28,2020102804007753,GIC,35,16,10,574.00,"5,740.00"
2020-10-28,2020102804007752,GIC,35,18,10,574.00,"5,740.00"
2020-10-28,2020102804007750,GIC,35,38,10,574.00,"5,740.00"
2020-10-28,2020102804007749,GIC,35,51,10,574.00,"5,740.00"
2020-10-28,2020102804007764,GIC,35,51,10,574.00,"5,740.00"
2020-10-28,2020102804007763,GIC,35,58,10,574.00,"5,740.00"
2020-10-28,2020102804007762,GIC,35,18,10,574.00,"5,740.00"
2020-10-28,2020102804007761,GIC,35,34,10,574.00,"5,740.00"
2020-10-28,2020102804007760,GIC,35,51,10,574.00,"5,740.00"
2020-10-28,2020102804007759,GIC,35,32,10,574.00,"5,740.00"
2020-10-28,2020102804007772,GIC,35,18,10,574.00,"5,740.00"
2020-10-28,2020102804007771,GIC,35,51,10,574.00,"5,740.00"
2020-10-28,2020102804007770,GIC,35,42,10,574.00,"5,740.00"
2020-10-28,2020102804007769,GIC,35,18,10,574.00,"5,740.00"
2020-10-28,2020102804007768,GIC,35,51,10,574.00,"5,740.00"
2020-10-28,2020102804007767,GIC,35,48,10,574.00,"5,740.00"
2020-10-28,2020102804007779,GIC,35,51,10,574.00,"5,740.00"
2020-10-28,2020102804007777,GIC,35,17,10,574.00,"5,740.00"
2020-10-28,2020102804007776,GIC,35,58,10,574.00,"5,740.00"
2020-10-28,2020102804007775,GIC,35,17,10,574.00,"5,740.00"
2020-10-28,2020102804007774,GIC,35,59,10,574.00,"5,740.00"
2020-10-28,2020102804007773,GIC,35,17,10,574.00,"5,740.00"
2020-10-28,2020102804007785,GIC,49,58,10,574.00,"5,740.00"
2020-10-28,2020102804007784,GIC,35,42,10,574.00,"5,740.00"
2020-10-28,2020102804007783,GIC,35,51,10,574.00,"5,740.00"
2020-10-28,2020102804007782,GIC,35,51,10,574.00,"5,740.00"
2020-10-28,2020102804007781,GIC,35,32,10,574.00,"5,740.00"
2020-10-28,2020102804007780,GIC,35,42,10,574.00,"5,740.00"
2020-10-28,2020102804007791,GIC,33,6,10,575.00,"5,750.00"
2020-10-28,2020102804007790,GIC,33,7,10,575.00,"5,750.00"
2020-10-28,2020102804007789,GIC,49,51,10,574.00,"5,740.00"
2020-10-28,2020102804007788,GIC,49,45,10,574.00,"5,740.00"
2020-10-28,2020102804007787,GIC,49,42,10,574.00,"5,740.00"
2020-10-28,2020102804007786,GIC,49,39,10,574.00,"5,740.00"
2020-10-28,2020102804007797,GIC,49,45,10,574.00,"5,740.00"
2020-10-28,2020102804007796,GIC,49,58,10,574.00,"5,740.00"
2020-10-28,2020102804007795,GIC,49,4,10,574.00,"5,740.00"
2020-10-28,2020102804007794,GIC,33,34,10,575.00,"5,750.00"
2020-10-28,2020102804007793,GIC,33,53,10,575.00,"5,750.00"
2020-10-28,2020102804007792,GIC,33,51,10,575.00,"5,750.00"
2020-10-28,2020102804007803,GIC,46,38,10,574.00,"5,740.00"
2020-10-28,2020102804007802,GIC,46,39,10,574.00,"5,740.00"
2020-10-28,2020102804007801,GIC,46,14,10,574.00,"5,740.00"
2020-10-28,2020102804007800,GIC,35,50,10,574.00,"5,740.00"
2020-10-28,2020102804007799,GIC,49,42,10,574.00,"5,740.00"
2020-10-28,2020102804007798,GIC,49,51,10,574.00,"5,740.00"
2020-10-28,2020102804007810,GIC,1,42,10,574.00,"5,740.00"
2020-10-28,2020102804007809,GIC,46,51,10,574.00,"5,740.00"
2020-10-28,2020102804007808,GIC,46,58,10,574.00,"5,740.00"
2020-10-28,2020102804007807,GIC,46,43,10,574.00,"5,740.00"
2020-10-28,2020102804007805,GIC,46,42,10,574.00,"5,740.00"
2020-10-28,2020102804007804,GIC,46,51,10,574.00,"5,740.00"
2020-10-28,2020102804007816,GIC,58,11,10,575.00,"5,750.00"
2020-10-28,2020102804007815,GIC,50,45,10,574.00,"5,740.00"
2020-10-28,2020102804007814,GIC,1,51,10,574.00,"5,740.00"
2020-10-28,2020102804007813,GIC,1,58,10,574.00,"5,740.00"
2020-10-28,2020102804007812,GIC,1,58,10,574.00,"5,740.00"
2020-10-28,2020102804007811,GIC,1,38,10,574.00,"5,740.00"
2020-10-28,2020102804007822,GIC,53,51,10,574.00,"5,740.00"
2020-10-28,2020102804007821,GIC,53,45,10,574.00,"5,740.00"
2020-10-28,2020102804007820,GIC,53,42,10,574.00,"5,740.00"
2020-10-28,2020102804007819,GIC,50,58,10,574.00,"5,740.00"
2020-10-28,2020102804007818,GIC,58,34,10,575.00,"5,750.00"
2020-10-28,2020102804007817,GIC,58,50,10,575.00,"5,750.00"
2020-10-28,2020102804007828,GIC,51,40,10,573.00,"5,730.00"
2020-10-28,2020102804007827,GIC,25,51,10,574.00,"5,740.00"
2020-10-28,2020102804007826,GIC,25,51,10,574.00,"5,740.00"
2020-10-28,2020102804007825,GIC,25,42,10,574.00,"5,740.00"
2020-10-28,2020102804007824,GIC,53,51,10,574.00,"5,740.00"
2020-10-28,2020102804007823,GIC,53,42,10,574.00,"5,740.00"
2020-10-28,2020102804007837,GIC,40,40,10,573.00,"5,730.00"
2020-10-28,2020102804007836,GIC,40,42,10,573.00,"5,730.00"
2020-10-28,2020102804007835,GIC,40,51,10,573.00,"5,730.00"
2020-10-28,2020102804007834,GIC,40,10,10,573.00,"5,730.00"
2020-10-28,2020102804007833,GIC,59,14,10,574.00,"5,740.00"
2020-10-28,2020102804007829,GIC,51,51,10,573.00,"5,730.00"
2020-10-28,2020102804007844,GIC,40,42,10,573.00,"5,730.00"
2020-10-28,2020102804007843,GIC,40,40,10,573.00,"5,730.00"
2020-10-28,2020102804007842,GIC,40,39,10,573.00,"5,730.00"
2020-10-28,2020102804007841,GIC,40,42,10,573.00,"5,730.00"
2020-10-28,2020102804007839,GIC,40,51,10,573.00,"5,730.00"
2020-10-28,2020102804007838,GIC,40,45,10,573.00,"5,730.00"
2020-10-28,2020102804007854,GIC,40,4,10,573.00,"5,730.00"
2020-10-28,2020102804007853,GIC,40,40,10,573.00,"5,730.00"
2020-10-28,2020102804007852,GIC,40,39,10,573.00,"5,730.00"
2020-10-28,2020102804007847,GIC,40,39,10,573.00,"5,730.00"
2020-10-28,2020102804007846,GIC,40,39,10,573.00,"5,730.00"
2020-10-28,2020102804007845,GIC,40,57,10,573.00,"5,730.00"
2020-10-28,2020102804007860,GIC,40,40,10,573.00,"5,730.00"
2020-10-28,2020102804007859,GIC,40,36,10,573.00,"5,730.00"
2020-10-28,2020102804007858,GIC,40,21,10,573.00,"5,730.00"
2020-10-28,2020102804007857,GIC,40,39,10,573.00,"5,730.00"
2020-10-28,2020102804007856,GIC,40,38,10,573.00,"5,730.00"
2020-10-28,2020102804007855,GIC,40,45,10,573.00,"5,730.00"
2020-10-28,2020102804007867,GIC,34,58,10,574.00,"5,740.00"
2020-10-28,2020102804007866,GIC,34,45,10,574.00,"5,740.00"
2020-10-28,2020102804007865,GIC,40,40,10,573.00,"5,730.00"
2020-10-28,2020102804007864,GIC,40,33,10,573.00,"5,730.00"
2020-10-28,2020102804007863,GIC,40,34,10,573.00,"5,730.00"
2020-10-28,2020102804007862,GIC,40,21,10,573.00,"5,730.00"
2020-10-28,2020102804007875,GIC,40,40,10,573.00,"5,730.00"
2020-10-28,2020102804007874,GIC,40,8,10,573.00,"5,730.00"
2020-10-28,2020102804007872,GIC,40,40,10,573.00,"5,730.00"
2020-10-28,2020102804007870,GIC,40,35,10,573.00,"5,730.00"
2020-10-28,2020102804007869,GIC,34,39,10,574.00,"5,740.00"
2020-10-28,2020102804007868,GIC,34,58,10,574.00,"5,740.00"
2020-10-28,2020102804007881,GIC,43,41,10,573.00,"5,730.00"
2020-10-28,2020102804007880,GIC,43,35,10,573.00,"5,730.00"
2020-10-28,2020102804007879,GIC,58,56,10,574.00,"5,740.00"
2020-10-28,2020102804007878,GIC,58,58,10,574.00,"5,740.00"
2020-10-28,2020102804007877,GIC,58,40,10,574.00,"5,740.00"
2020-10-28,2020102804007876,GIC,43,40,10,573.00,"5,730.00"
2020-10-28,2020102804007887,GIC,38,38,10,573.00,"5,730.00"
2020-10-28,2020102804007886,GIC,38,40,10,573.00,"5,730.00"
2020-10-28,2020102804007885,GIC,38,42,10,573.00,"5,730.00"
2020-10-28,2020102804007884,GIC,39,28,10,574.00,"5,740.00"
2020-10-28,2020102804007883,GIC,43,42,10,573.00,"5,730.00"
2020-10-28,2020102804007882,GIC,43,40,10,573.00,"5,730.00"
2020-10-28,2020102804007901,GIC,38,57,10,573.00,"5,730.00"
2020-10-28,2020102804007900,GIC,38,41,10,573.00,"5,730.00"
2020-10-28,2020102804007899,GIC,25,58,10,574.00,"5,740.00"
2020-10-28,2020102804007893,GIC,38,36,10,573.00,"5,730.00"
2020-10-28,2020102804007889,GIC,38,40,10,573.00,"5,730.00"
2020-10-28,2020102804007888,GIC,38,57,10,573.00,"5,730.00"
2020-10-28,2020102804007907,GIC,38,28,10,573.00,"5,730.00"
2020-10-28,2020102804007906,GIC,38,46,10,573.00,"5,730.00"
2020-10-28,2020102804007905,GIC,38,50,10,573.00,"5,730.00"
2020-10-28,2020102804007904,GIC,38,58,10,573.00,"5,730.00"
2020-10-28,2020102804007903,GIC,38,42,10,573.00,"5,730.00"
2020-10-28,2020102804007902,GIC,58,45,10,574.00,"5,740.00"
2020-10-28,2020102804007913,GIC,38,42,10,573.00,"5,730.00"
2020-10-28,2020102804007912,GIC,38,57,10,573.00,"5,730.00"
2020-10-28,2020102804007911,GIC,38,59,10,573.00,"5,730.00"
2020-10-28,2020102804007910,GIC,38,42,10,573.00,"5,730.00"
2020-10-28,2020102804007909,GIC,38,57,10,573.00,"5,730.00"
2020-10-28,2020102804007908,GIC,38,46,10,573.00,"5,730.00"
2020-10-28,2020102804007766,GIMES1,57,4,900,9.84,"8,856.00"
2020-10-28,2020102804007765,GIMES1,57,51,"1,000",9.84,"9,840.00"
2020-10-28,2020102804007778,LUK,57,7,"3,000",9.22,"27,660.00"
2020-10-28,2020102804007746,LUK,57,58,"2,000",9.20,"18,400.00"
2020-10-28,2020102804007548,LUK,17,6,300,9.05,"2,715.00"
2020-10-28,2020102804007423,LUK,17,48,100,9.05,905.00
2020-10-28,2020102804007850,NBF2,45,52,"4,550",9.35,"42,542.50"
2020-10-28,2020102804007849,NBF2,45,7,500,9.35,"4,675.00"
2020-10-28,2020102804007848,NBF2,45,42,550,9.35,"5,142.50"
2020-10-28,2020102804007806,NBF2,28,49,500,9.30,"4,650.00"
2020-10-28,2020102804007744,NBF2,8,42,"1,950",9.35,"18,232.50"
2020-10-28,2020102804007726,NBF2,8,17,"5,050",9.34,"47,167.00"
2020-10-28,2020102804007725,NBF2,8,1,"2,000",9.34,"18,680.00"
2020-10-28,2020102804007715,NBF2,28,42,"1,000",9.30,"9,300.00"
2020-10-28,2020102804007714,NBF2,28,7,200,9.30,"1,860.00"
2020-10-28,2020102804007914,NEF,8,50,"6,493",9.20,"59,735.60"
2020-10-28,2020102804007861,NEF,8,50,"1,127",9.19,"10,357.13"
2020-10-28,2020102804007840,NEF,1,50,"3,500",9.20,"32,200.00"
2020-10-28,2020102804007832,NEF,45,13,"3,469",9.25,"32,088.25"
2020-10-28,2020102804007831,NEF,45,50,"1,127",9.20,"10,368.40"
2020-10-28,2020102804007830,NEF,45,50,"1,127",9.20,"10,368.40"
2020-10-28,2020102804007747,NEF,8,50,"1,127",9.19,"10,357.13"
2020-10-28,2020102804007458,NEF,8,50,"1,127",9.19,"10,357.13"
2020-10-28,2020102804007851,NIBLPF,28,50,"2,525",9.42,"23,785.50"
2020-10-28,2020102804007635,NIBLPF,8,6,500,9.45,"4,725.00"
2020-10-28,2020102804007613,NIBLPF,8,42,"1,000",9.40,"9,400.00"
2020-10-28,2020102804007531,NIBLPF,5,22,505,9.40,"4,747.00"
2020-10-28,2020102804007530,NIBLPF,5,22,900,9.40,"8,460.00"
2020-10-28,2020102804007430,NIBLPF,32,45,505,9.35,"4,721.75"
2020-10-28,2020102804007757,NIBPO,42,55,500,390.00,"195,000.00"
2020-10-28,2020102804007751,NIBPO,42,3,250,390.00,"97,500.00"
2020-10-28,2020102804007737,NIBPO,42,53,"1,000",390.00,"390,000.00"
2020-10-28,2020102804007736,NIBPO,42,14,44,390.00,"17,160.00"
2020-10-28,2020102804007735,NIBPO,42,49,"1,100",390.00,"429,000.00"
2020-10-28,2020102804007734,NIBPO,42,19,"2,000",390.00,"780,000.00"
2020-10-28,2020102804007733,NIBPO,42,49,"2,000",389.00,"778,000.00"
2020-10-28,2020102804007732,NIBPO,42,17,"1,000",387.00,"387,000.00"
2020-10-28,2020102804007731,NIBPO,42,34,106,384.00,"40,704.00"
2020-10-28,2020102804007712,NIBPO,8,35,360,383.00,"137,880.00"
2020-10-28,2020102804007660,NIBPO,47,35,40,383.00,"15,320.00"
2020-10-28,2020102804007511,NIBPO,32,51,"1,300",383.00,"497,900.00"
2020-10-28,2020102804007611,NMBHF1,8,19,"1,000",9.45,"9,450.00"
2020-10-28,2020102804007503,NMBHF1,8,47,"6,759",9.50,"64,210.50"
2020-10-28,2020102804007898,RBCLPO,42,41,20,"10,995.00","219,900.00"
2020-10-28,2020102804007897,RBCLPO,42,29,20,"10,994.00","219,880.00"
2020-10-28,2020102804007896,RBCLPO,42,14,20,"10,900.00","218,000.00"
2020-10-28,2020102804007895,RBCLPO,42,59,10,"10,899.00","108,990.00"
2020-10-28,2020102804007894,RBCLPO,42,6,10,"10,890.00","108,900.00"
2020-10-28,2020102804007755,SAEF,33,8,"15,000",10.72,"160,800.00"
2020-10-28,2020102804007754,SAEF,33,8,"1,000",10.70,"10,700.00"
2020-10-28,2020102804007724,SAEF,51,52,"5,000",10.63,"53,150.00"
2020-10-28,2020102804007683,SAEF,51,8,"9,000",10.70,"96,300.00"
2020-10-28,2020102804007892,SEF,8,29,"30,000",9.65,"289,500.00"
2020-10-28,2020102804007891,SEF,8,19,"1,000",9.65,"9,650.00"
2020-10-28,2020102804007890,SEF,8,19,"1,000",9.65,"9,650.00"
2020-10-28,2020102804007873,SEF,8,1,"2,000",9.64,"19,280.00"
2020-10-28,2020102804007871,SEF,8,50,"5,500",9.63,"52,965.00"
2020-10-28,2020102804007624,SEF,47,19,"1,000",9.60,"9,600.00"
2020-10-28,2020102804007473,SEF,8,58,"4,000",9.69,"38,760.00"
2020-10-28,2020102804007687,SFMF,28,45,250,9.38,"2,345.00"
2020-10-28,2020102804007686,SFMF,28,45,100,9.38,938.00
2020-10-28,2020102804007603,STC,41,6,10,"3,580.00","35,800.00"
2020-10-28,2020102804007157,BBC,53,8,10,"1,701.00","17,010.00"
2020-10-28,2020102804006977,BBC,35,52,20,"1,700.00","34,000.00"
2020-10-28,2020102804007319,CMF1,45,26,"2,330",9.82,"22,880.60"
2020-10-28,2020102804007318,CMF1,45,44,670,9.82,"6,579.40"
2020-10-28,2020102804007420,GIC,35,55,10,575.00,"5,750.00"
2020-10-28,2020102804007419,GIC,35,14,10,575.00,"5,750.00"
2020-10-28,2020102804007418,GIC,35,42,10,575.00,"5,750.00"
2020-10-28,2020102804007417,GIC,35,41,10,575.00,"5,750.00"
2020-10-28,2020102804007416,GIC,35,39,10,575.00,"5,750.00"
2020-10-28,2020102804007415,GIC,35,14,10,575.00,"5,750.00"
2020-10-28,2020102804006923,GIC,35,10,10,575.00,"5,750.00"
2020-10-28,2020102804006922,GIC,35,51,10,575.00,"5,750.00"
2020-10-28,2020102804006921,GIC,35,38,10,575.00,"5,750.00"
2020-10-28,2020102804006931,GIC,35,6,10,575.00,"5,750.00"
2020-10-28,2020102804006930,GIC,35,7,10,575.00,"5,750.00"
2020-10-28,2020102804006929,GIC,35,10,10,575.00,"5,750.00"
2020-10-28,2020102804006928,GIC,35,53,10,575.00,"5,750.00"
2020-10-28,2020102804006927,GIC,35,51,10,575.00,"5,750.00"
2020-10-28,2020102804006926,GIC,35,46,10,575.00,"5,750.00"
2020-10-28,2020102804006937,GIC,4,47,10,575.00,"5,750.00"
2020-10-28,2020102804006936,GIC,33,10,10,575.00,"5,750.00"
2020-10-28,2020102804006935,GIC,33,53,10,575.00,"5,750.00"
2020-10-28,2020102804006934,GIC,41,28,10,575.00,"5,750.00"
2020-10-28,2020102804006933,GIC,45,10,10,575.00,"5,750.00"
2020-10-28,2020102804006932,GIC,45,51,10,575.00,"5,750.00"
2020-10-28,2020102804006943,GIC,48,28,10,575.00,"5,750.00"
2020-10-28,2020102804006942,GIC,48,58,10,575.00,"5,750.00"
2020-10-28,2020102804006941,GIC,48,47,10,575.00,"5,750.00"
2020-10-28,2020102804006940,GIC,48,47,10,575.00,"5,750.00"
2020-10-28,2020102804006939,GIC,4,28,10,575.00,"5,750.00"
2020-10-28,2020102804006938,GIC,4,46,10,575.00,"5,750.00"
2020-10-28,2020102804006949,GIC,21,28,10,577.00,"5,770.00"
2020-10-28,2020102804006948,GIC,21,38,10,577.00,"5,770.00"
2020-10-28,2020102804006947,GIC,21,28,10,577.00,"5,770.00"
2020-10-28,2020102804006946,GIC,21,42,10,576.00,"5,760.00"
2020-10-28,2020102804006945,GIC,48,47,10,575.00,"5,750.00"
2020-10-28,2020102804006944,GIC,48,42,10,575.00,"5,750.00"
2020-10-28,2020102804006955,GIC,53,58,10,575.00,"5,750.00"
2020-10-28,2020102804006954,GIC,53,10,10,575.00,"5,750.00"
2020-10-28,2020102804006953,GIC,48,38,10,575.00,"5,750.00"
2020-10-28,2020102804006952,GIC,48,47,10,575.00,"5,750.00"
2020-10-28,2020102804006951,GIC,48,58,10,575.00,"5,750.00"
2020-10-28,2020102804006950,GIC,21,36,10,577.00,"5,770.00"
2020-10-28,2020102804006961,GIC,19,47,10,575.00,"5,750.00"
2020-10-28,2020102804006960,GIC,19,59,10,575.00,"5,750.00"
2020-10-28,2020102804006959,GIC,19,58,10,575.00,"5,750.00"
2020-10-28,2020102804006958,GIC,19,47,10,575.00,"5,750.00"
2020-10-28,2020102804006957,GIC,48,38,10,575.00,"5,750.00"
2020-10-28,2020102804006956,GIC,48,28,10,575.00,"5,750.00"
2020-10-28,2020102804006968,GIC,58,19,10,576.00,"5,760.00"
2020-10-28,2020102804006966,GIC,19,58,10,575.00,"5,750.00"
2020-10-28,2020102804006965,GIC,19,28,10,575.00,"5,750.00"
2020-10-28,2020102804006964,GIC,19,47,10,575.00,"5,750.00"
2020-10-28,2020102804006963,GIC,19,47,10,575.00,"5,750.00"
2020-10-28,2020102804006962,GIC,19,28,10,575.00,"5,750.00"
2020-10-28,2020102804006975,GIC,48,28,10,575.00,"5,750.00"
2020-10-28,2020102804006974,GIC,48,58,10,575.00,"5,750.00"
2020-10-28,2020102804006973,GIC,48,41,10,575.00,"5,750.00"
2020-10-28,2020102804006972,GIC,48,58,10,575.00,"5,750.00"
2020-10-28,2020102804006970,GIC,19,41,10,575.00,"5,750.00"
2020-10-28,2020102804006969,GIC,58,58,10,576.00,"5,760.00"
2020-10-28,2020102804006983,GIC,48,52,10,575.00,"5,750.00"
2020-10-28,2020102804006982,GIC,48,58,10,575.00,"5,750.00"
2020-10-28,2020102804006981,GIC,48,41,10,575.00,"5,750.00"
2020-10-28,2020102804006980,GIC,48,28,10,575.00,"5,750.00"
2020-10-28,2020102804006978,GIC,48,51,10,575.00,"5,750.00"
2020-10-28,2020102804006976,GIC,48,52,10,575.00,"5,750.00"
2020-10-28,2020102804006991,GIC,48,56,10,575.00,"5,750.00"
2020-10-28,2020102804006990,GIC,48,48,10,575.00,"5,750.00"
2020-10-28,2020102804006989,GIC,48,52,10,575.00,"5,750.00"
2020-10-28,2020102804006986,GIC,48,20,10,575.00,"5,750.00"
2020-10-28,2020102804006985,GIC,48,28,10,575.00,"5,750.00"
2020-10-28,2020102804006984,GIC,48,4,10,575.00,"5,750.00"
2020-10-28,2020102804006997,GIC,38,47,10,576.00,"5,760.00"
2020-10-28,2020102804006996,GIC,48,41,10,575.00,"5,750.00"
2020-10-28,2020102804006995,GIC,48,20,10,575.00,"5,750.00"
2020-10-28,2020102804006994,GIC,48,52,10,575.00,"5,750.00"
2020-10-28,2020102804006993,GIC,48,28,10,575.00,"5,750.00"
2020-10-28,2020102804006992,GIC,48,58,10,575.00,"5,750.00"
2020-10-28,2020102804007003,GIC,48,41,10,575.00,"5,750.00"
2020-10-28,2020102804007002,GIC,48,10,10,575.00,"5,750.00"
2020-10-28,2020102804007001,GIC,48,58,10,575.00,"5,750.00"
2020-10-28,2020102804007000,GIC,38,33,10,576.00,"5,760.00"
2020-10-28,2020102804006999,GIC,38,4,10,576.00,"5,760.00"
2020-10-28,2020102804006998,GIC,38,52,10,576.00,"5,760.00"
2020-10-28,2020102804007009,GIC,37,34,10,575.00,"5,750.00"
2020-10-28,2020102804007008,GIC,37,37,10,575.00,"5,750.00"
2020-10-28,2020102804007007,GIC,37,54,100,575.00,"57,500.00"
2020-10-28,2020102804007006,GIC,6,54,50,575.00,"28,750.00"
2020-10-28,2020102804007005,GIC,45,56,10,575.00,"5,750.00"
2020-10-28,2020102804007004,GIC,48,38,10,575.00,"5,750.00"
2020-10-28,2020102804007015,GIC,37,56,10,575.00,"5,750.00"
2020-10-28,2020102804007014,GIC,37,38,10,575.00,"5,750.00"
2020-10-28,2020102804007013,GIC,37,50,10,575.00,"5,750.00"
2020-10-28,2020102804007012,GIC,37,28,10,575.00,"5,750.00"
2020-10-28,2020102804007011,GIC,37,58,10,575.00,"5,750.00"
2020-10-28,2020102804007010,GIC,37,56,10,575.00,"5,750.00"
2020-10-28,2020102804007023,GIC,10,38,10,575.00,"5,750.00"
2020-10-28,2020102804007022,GIC,10,35,10,575.00,"5,750.00"
2020-10-28,2020102804007021,GIC,10,58,10,575.00,"5,750.00"
2020-10-28,2020102804007018,GIC,10,28,10,575.00,"5,750.00"
2020-10-28,2020102804007017,GIC,37,49,10,575.00,"5,750.00"
2020-10-28,2020102804007016,GIC,37,56,10,575.00,"5,750.00"
2020-10-28,2020102804007036,GIC,10,35,10,575.00,"5,750.00"
2020-10-28,2020102804007035,GIC,10,56,10,575.00,"5,750.00"
2020-10-28,2020102804007034,GIC,10,51,10,575.00,"5,750.00"
2020-10-28,2020102804007033,GIC,10,33,10,575.00,"5,750.00"
2020-10-28,2020102804007032,GIC,10,28,10,575.00,"5,750.00"
2020-10-28,2020102804007028,GIC,10,13,10,575.00,"5,750.00"
2020-10-28,2020102804007045,GIC,10,39,10,575.00,"5,750.00"
2020-10-28,2020102804007044,GIC,10,56,10,575.00,"5,750.00"
2020-10-28,2020102804007043,GIC,10,28,10,575.00,"5,750.00"
2020-10-28,2020102804007042,GIC,10,42,10,575.00,"5,750.00"
2020-10-28,2020102804007041,GIC,10,56,10,575.00,"5,750.00"
2020-10-28,2020102804007037,GIC,10,28,10,575.00,"5,750.00"
2020-10-28,2020102804007051,GIC,5,28,10,576.00,"5,760.00"
2020-10-28,2020102804007050,GIC,45,52,10,575.00,"5,750.00"
2020-10-28,2020102804007049,GIC,10,38,10,575.00,"5,750.00"
2020-10-28,2020102804007048,GIC,10,28,10,575.00,"5,750.00"
2020-10-28,2020102804007047,GIC,10,52,10,575.00,"5,750.00"
2020-10-28,2020102804007046,GIC,10,35,10,575.00,"5,750.00"
2020-10-28,2020102804007057,GIC,5,1,10,575.00,"5,750.00"
2020-10-28,2020102804007056,GIC,33,20,10,575.00,"5,750.00"
2020-10-28,2020102804007055,GIC,45,8,10,575.00,"5,750.00"
2020-10-28,2020102804007054,GIC,45,6,10,575.00,"5,750.00"
2020-10-28,2020102804007053,GIC,45,34,10,575.00,"5,750.00"
2020-10-28,2020102804007052,GIC,45,41,10,575.00,"5,750.00"
2020-10-28,2020102804007063,GIC,21,6,10,576.00,"5,760.00"
2020-10-28,2020102804007062,GIC,21,19,10,576.00,"5,760.00"
2020-10-28,2020102804007061,GIC,46,20,10,575.00,"5,750.00"
2020-10-28,2020102804007060,GIC,46,38,10,575.00,"5,750.00"
2020-10-28,2020102804007059,GIC,46,28,10,575.00,"5,750.00"
2020-10-28,2020102804007058,GIC,5,38,10,575.00,"5,750.00"
2020-10-28,2020102804007069,GIC,46,6,10,575.00,"5,750.00"
2020-10-28,2020102804007068,GIC,46,28,10,575.00,"5,750.00"
2020-10-28,2020102804007067,GIC,46,40,10,575.00,"5,750.00"
2020-10-28,2020102804007066,GIC,46,38,10,575.00,"5,750.00"
2020-10-28,2020102804007065,GIC,21,1,10,576.00,"5,760.00"
2020-10-28,2020102804007064,GIC,21,34,10,576.00,"5,760.00"
2020-10-28,2020102804007076,GIC,33,20,10,575.00,"5,750.00"
2020-10-28,2020102804007075,GIC,33,38,10,575.00,"5,750.00"
2020-10-28,2020102804007073,GIC,33,28,10,575.00,"5,750.00"
2020-10-28,2020102804007072,GIC,46,46,10,575.00,"5,750.00"
2020-10-28,2020102804007071,GIC,46,39,10,575.00,"5,750.00"
2020-10-28,2020102804007070,GIC,46,56,10,575.00,"5,750.00"
2020-10-28,2020102804007082,GIC,33,38,10,575.00,"5,750.00"
2020-10-28,2020102804007081,GIC,33,45,10,575.00,"5,750.00"
2020-10-28,2020102804007080,GIC,33,28,10,575.00,"5,750.00"
2020-10-28,2020102804007079,GIC,33,34,10,575.00,"5,750.00"
2020-10-28,2020102804007078,GIC,33,38,10,575.00,"5,750.00"
2020-10-28,2020102804007077,GIC,33,7,10,575.00,"5,750.00"
2020-10-28,2020102804007089,GIC,17,38,10,575.00,"5,750.00"
2020-10-28,2020102804007088,GIC,55,50,10,576.00,"5,760.00"
2020-10-28,2020102804007087,GIC,55,58,10,576.00,"5,760.00"
2020-10-28,2020102804007086,GIC,55,38,10,576.00,"5,760.00"
2020-10-28,2020102804007085,GIC,17,38,10,575.00,"5,750.00"
2020-10-28,2020102804007083,GIC,14,57,10,575.00,"5,750.00"
2020-10-28,2020102804007097,GIC,52,4,10,575.00,"5,750.00"
2020-10-28,2020102804007096,GIC,52,20,10,575.00,"5,750.00"
2020-10-28,2020102804007095,GIC,52,47,10,575.00,"5,750.00"
2020-10-28,2020102804007094,GIC,17,19,10,575.00,"5,750.00"
2020-10-28,2020102804007093,GIC,17,28,10,575.00,"5,750.00"
2020-10-28,2020102804007090,GIC,17,52,10,575.00,"5,750.00"
2020-10-28,2020102804007110,GIC,53,17,10,574.00,"5,740.00"
2020-10-28,2020102804007109,GIC,26,37,10,574.00,"5,740.00"
2020-10-28,2020102804007106,GIC,26,20,10,574.00,"5,740.00"
2020-10-28,2020102804007105,GIC,26,56,10,574.00,"5,740.00"
2020-10-28,2020102804007104,GIC,33,1,10,574.00,"5,740.00"
2020-10-28,2020102804007103,GIC,33,20,10,574.00,"5,740.00"
2020-10-28,2020102804007116,GIC,17,28,10,574.00,"5,740.00"
2020-10-28,2020102804007115,GIC,17,38,10,574.00,"5,740.00"
2020-10-28,2020102804007114,GIC,17,1,10,574.00,"5,740.00"
2020-10-28,2020102804007113,GIC,17,45,10,574.00,"5,740.00"
2020-10-28,2020102804007112,GIC,58,3,10,575.00,"5,750.00"
2020-10-28,2020102804007111,GIC,17,26,10,574.00,"5,740.00"
2020-10-28,2020102804007123,GIC,45,45,10,575.00,"5,750.00"
2020-10-28,2020102804007122,GIC,45,28,10,575.00,"5,750.00"
2020-10-28,2020102804007121,GIC,45,49,10,575.00,"5,750.00"
2020-10-28,2020102804007120,GIC,22,6,10,575.00,"5,750.00"
2020-10-28,2020102804007118,GIC,17,28,10,574.00,"5,740.00"
2020-10-28,2020102804007117,GIC,17,6,10,574.00,"5,740.00"
2020-10-28,2020102804007129,GIC,45,34,10,576.00,"5,760.00"
2020-10-28,2020102804007128,GIC,45,7,10,576.00,"5,760.00"
2020-10-28,2020102804007127,GIC,45,59,10,576.00,"5,760.00"
2020-10-28,2020102804007126,GIC,45,1,10,575.00,"5,750.00"
