Date,Transact. No.,Symbol,Buyer,Seller,Quantity,Rate,Amount
2019-03-31,2019033101005613,ADBL,56,14,464,295.00,"136,880.00"
2019-03-31,2019033101005612,ADBL,56,47,36,295.00,"10,620.00"
2019-03-31,2019033101005464,ADBL,29,19,210,294.00,"61,740.00"
2019-03-31,2019033101005383,ADBL,29,19,300,294.00,"88,200.00"
2019-03-31,2019033101005382,ADBL,22,19,285,294.00,"83,790.00"
2019-03-31,2019033101005282,ADBL,47,47,65,295.00,"19,175.00"
2019-03-31,2019033101005281,ADBL,47,59,335,295.00,"98,825.00"
2019-03-31,2019033101005588,AKJCL,46,17,10,80.00,800.00
2019-03-31,2019033101005409,AKJCL,46,39,10,80.00,800.00
2019-03-31,2019033101005309,AKJCL,46,39,10,80.00,800.00
2019-03-31,2019033101005308,AKJCL,39,39,10,80.00,800.00
2019-03-31,2019033101005452,AKPL,41,22,53,184.00,"9,752.00"
2019-03-31,2019033101005451,AKPL,41,8,"1,006",184.00,"185,104.00"
2019-03-31,2019033101005450,AKPL,41,58,130,183.00,"23,790.00"
2019-03-31,2019033101005445,AKPL,41,48,40,182.00,"7,280.00"
2019-03-31,2019033101005444,AKPL,41,49,13,179.00,"2,327.00"
2019-03-31,2019033101005443,AKPL,41,28,13,179.00,"2,327.00"
2019-03-31,2019033101005761,ALBSL,33,41,10,483.00,"4,830.00"
2019-03-31,2019033101005692,ALBSL,33,41,10,483.00,"4,830.00"
2019-03-31,2019033101005619,ALBSL,33,58,10,483.00,"4,830.00"
2019-03-31,2019033101005562,ALBSL,33,57,10,483.00,"4,830.00"
2019-03-31,2019033101005555,ALBSL,33,17,10,483.00,"4,830.00"
2019-03-31,2019033101005460,ALBSL,21,39,10,482.00,"4,820.00"
2019-03-31,2019033101005397,ALBSL,21,57,10,482.00,"4,820.00"
2019-03-31,2019033101005395,ALBSL,14,29,10,482.00,"4,820.00"
2019-03-31,2019033101005299,ALBSL,14,58,10,482.00,"4,820.00"
2019-03-31,2019033101005293,ALBSL,14,49,10,482.00,"4,820.00"
2019-03-31,2019033101005286,ALBSL,14,58,10,482.00,"4,820.00"
2019-03-31,2019033101005603,ALICL,57,22,16,390.00,"6,240.00"
2019-03-31,2019033101005602,ALICL,57,43,31,390.00,"12,090.00"
2019-03-31,2019033101005423,ALICL,42,43,50,390.00,"19,500.00"
2019-03-31,2019033101005662,AMFI,45,6,30,655.00,"19,650.00"
2019-03-31,2019033101005548,AMFI,45,50,10,656.00,"6,560.00"
2019-03-31,2019033101005427,AMFI,45,43,10,656.00,"6,560.00"
2019-03-31,2019033101005335,AMFI,45,57,10,656.00,"6,560.00"
2019-03-31,2019033101005599,API,25,6,14,136.00,"1,904.00"
2019-03-31,2019033101005598,API,25,40,29,136.00,"3,944.00"
2019-03-31,2019033101005597,API,25,54,11,136.00,"1,496.00"
2019-03-31,2019033101005596,API,25,44,46,136.00,"6,256.00"
2019-03-31,2019033101005580,API,6,43,"1,500",135.00,"202,500.00"
2019-03-31,2019033101005563,API,6,43,"1,700",135.00,"229,500.00"
2019-03-31,2019033101005369,BARUN,26,39,390,96.00,"37,440.00"
2019-03-31,2019033101005750,BHBL,59,28,231,150.00,"34,650.00"
2019-03-31,2019033101005749,BHBL,59,34,200,150.00,"30,000.00"
2019-03-31,2019033101005748,BHBL,59,59,300,149.00,"44,700.00"
2019-03-31,2019033101005747,BHBL,59,43,200,149.00,"29,800.00"
2019-03-31,2019033101005746,BHBL,59,1,519,149.00,"77,331.00"
2019-03-31,2019033101005745,BHBL,59,28,350,149.00,"52,150.00"
2019-03-31,2019033101005744,BHBL,59,25,200,148.00,"29,600.00"
2019-03-31,2019033101005566,BOKL,45,1,17,242.00,"4,114.00"
2019-03-31,2019033101005552,BOKL,45,44,123,242.00,"29,766.00"
2019-03-31,2019033101005551,BOKL,5,44,11,242.00,"2,662.00"
2019-03-31,2019033101005498,BOKL,5,26,50,242.00,"12,100.00"
2019-03-31,2019033101005396,BPCL,54,39,22,355.00,"7,810.00"
2019-03-31,2019033101005357,BPCL,25,58,"1,001",356.00,"356,356.00"
2019-03-31,2019033101005303,BPCL,38,58,500,356.00,"178,000.00"
2019-03-31,2019033101005284,BPCL,54,39,22,355.00,"7,810.00"
2019-03-31,2019033101005738,CBBL,57,34,85,885.00,"75,225.00"
2019-03-31,2019033101005737,CBBL,33,34,95,885.00,"84,075.00"
2019-03-31,2019033101005634,CBBL,44,35,100,889.00,"88,900.00"
2019-03-31,2019033101005516,CBBL,33,35,206,889.00,"183,134.00"
2019-03-31,2019033101005515,CBBL,33,34,100,889.00,"88,900.00"
2019-03-31,2019033101005514,CBBL,33,56,20,889.00,"17,780.00"
2019-03-31,2019033101005513,CBBL,33,21,74,888.00,"65,712.00"
2019-03-31,2019033101005470,CBBL,42,21,26,888.00,"23,088.00"
2019-03-31,2019033101005378,CBBL,42,29,19,888.00,"16,872.00"
2019-03-31,2019033101005315,CBBL,42,16,15,886.00,"13,290.00"
2019-03-31,2019033101005765,CBL,51,58,19,156.00,"2,964.00"
2019-03-31,2019033101005632,CBL,51,38,355,157.00,"55,735.00"
2019-03-31,2019033101005480,CBL,56,38,261,157.00,"40,977.00"
2019-03-31,2019033101005479,CBL,56,25,148,157.00,"23,236.00"
2019-03-31,2019033101005478,CBL,56,26,250,157.00,"39,250.00"
2019-03-31,2019033101005477,CBL,56,8,341,157.00,"53,537.00"
2019-03-31,2019033101005278,CBL,51,54,"1,107",156.00,"172,692.00"
2019-03-31,2019033101005766,CCBL,36,48,521,165.00,"85,965.00"
2019-03-31,2019033101005559,CCBL,36,26,122,165.00,"20,130.00"
2019-03-31,2019033101005558,CCBL,50,26,28,165.00,"4,620.00"
2019-03-31,2019033101005446,CCBL,50,32,200,165.00,"33,000.00"
2019-03-31,2019033101005661,CHCL,13,32,150,502.00,"75,300.00"
2019-03-31,2019033101005660,CHCL,50,32,73,502.00,"36,646.00"
2019-03-31,2019033101005659,CHCL,50,59,28,502.00,"14,056.00"
2019-03-31,2019033101005637,CHCL,50,33,99,502.00,"49,698.00"
2019-03-31,2019033101005411,CHCL,36,36,273,501.00,"136,773.00"
2019-03-31,2019033101005410,CHCL,48,36,110,502.00,"55,220.00"
2019-03-31,2019033101005407,CHCL,48,36,90,502.00,"45,180.00"
2019-03-31,2019033101005724,CHLBS,25,40,10,524.00,"5,240.00"
2019-03-31,2019033101005627,CIT,29,36,88,"2,612.00","229,856.00"
2019-03-31,2019033101005626,CIT,46,36,42,"2,612.00","109,704.00"
2019-03-31,2019033101005625,CIT,17,36,20,"2,613.00","52,260.00"
2019-03-31,2019033101005624,CIT,25,36,20,"2,615.00","52,300.00"
2019-03-31,2019033101005604,CIT,17,58,10,"2,619.00","26,190.00"
2019-03-31,2019033101005567,CIT,25,49,30,"2,615.00","78,450.00"
2019-03-31,2019033101005463,CIT,45,49,50,"2,615.00","130,750.00"
2019-03-31,2019033101005462,CIT,54,49,10,"2,615.00","26,150.00"
2019-03-31,2019033101005461,CIT,21,49,10,"2,616.00","26,160.00"
2019-03-31,2019033101005672,CORBL,34,39,60,98.00,"5,880.00"
2019-03-31,2019033101005373,CZBIL,59,19,200,209.00,"41,800.00"
2019-03-31,2019033101005372,CZBIL,34,19,200,209.00,"41,800.00"
2019-03-31,2019033101005371,CZBIL,16,19,"1,226",209.00,"256,234.00"
2019-03-31,2019033101005280,CZBIL,16,39,18,209.00,"3,762.00"
2019-03-31,2019033101005703,CZBIL,16,38,10,209.00,"2,090.00"
2019-03-31,2019033101005683,CZBIL,16,52,500,210.00,"105,000.00"
2019-03-31,2019033101005601,CZBIL,32,43,206,210.00,"43,260.00"
2019-03-31,2019033101005600,CZBIL,32,17,"4,630",210.00,"972,300.00"
2019-03-31,2019033101005467,CZBIL,16,19,"1,014",209.00,"211,926.00"
2019-03-31,2019033101005544,DBBL,49,37,100,126.00,"12,600.00"
2019-03-31,2019033101005731,DDBL,48,41,20,585.00,"11,700.00"
2019-03-31,2019033101005730,DDBL,49,41,100,586.00,"58,600.00"
2019-03-31,2019033101005729,DDBL,51,41,40,586.00,"23,440.00"
2019-03-31,2019033101005728,DDBL,52,41,40,587.00,"23,480.00"
2019-03-31,2019033101005727,DDBL,55,41,200,588.00,"117,600.00"
2019-03-31,2019033101005468,DDBL,52,34,10,587.00,"5,870.00"
2019-03-31,2019033101005706,EBL,1,19,100,561.00,"56,100.00"
2019-03-31,2019033101005623,EBL,14,19,50,561.00,"28,050.00"
2019-03-31,2019033101005622,EBL,49,19,50,561.00,"28,050.00"
2019-03-31,2019033101005579,EBL,49,26,50,561.00,"28,050.00"
2019-03-31,2019033101005340,EBL,35,52,44,561.00,"24,684.00"
2019-03-31,2019033101005339,EBL,35,34,50,561.00,"28,050.00"
2019-03-31,2019033101005316,EBL,21,34,50,561.00,"28,050.00"
2019-03-31,2019033101005469,EBL,26,26,50,561.00,"28,050.00"
2019-03-31,2019033101005368,EBL,36,35,44,561.00,"24,684.00"
2019-03-31,2019033101005343,EBL,35,35,56,561.00,"31,416.00"
2019-03-31,2019033101005342,EBL,35,16,250,561.00,"140,250.00"
2019-03-31,2019033101005341,EBL,35,29,100,561.00,"56,100.00"
2019-03-31,2019033101005616,EDBL,38,16,610,290.00,"176,900.00"
2019-03-31,2019033101005615,EDBL,42,16,30,290.00,"8,700.00"
2019-03-31,2019033101005614,EDBL,39,16,35,290.00,"10,150.00"
2019-03-31,2019033101005700,FOWAD,42,28,10,"1,540.00","15,400.00"
2019-03-31,2019033101005595,FOWAD,45,6,15,"1,525.00","22,875.00"
2019-03-31,2019033101005442,FOWAD,19,54,50,"1,510.00","75,500.00"
2019-03-31,2019033101005607,GBBL,10,38,180,188.00,"33,840.00"
2019-03-31,2019033101005307,GBIME,1,54,10,261.00,"2,610.00"
2019-03-31,2019033101005454,GBLBS,56,45,10,451.00,"4,510.00"
2019-03-31,2019033101005413,GBLBS,56,51,10,450.00,"4,500.00"
2019-03-31,2019033101005310,GBLBS,56,29,10,450.00,"4,500.00"
2019-03-31,2019033101005441,GDBL,10,32,"1,000",185.00,"185,000.00"
2019-03-31,2019033101005440,GDBL,26,32,32,185.00,"5,920.00"
2019-03-31,2019033101005457,GDBL,1,32,728,185.00,"134,680.00"
2019-03-31,2019033101005428,GLICL,42,5,50,504.00,"25,200.00"
2019-03-31,2019033101005399,GLICL,25,25,742,501.00,"371,742.00"
2019-03-31,2019033101005398,GLICL,58,25,30,502.00,"15,060.00"
2019-03-31,2019033101005698,GRDBL,43,48,100,107.00,"10,700.00"
2019-03-31,2019033101005681,GRDBL,43,38,60,106.00,"6,360.00"
2019-03-31,2019033101005680,GRDBL,43,32,50,106.00,"5,300.00"
2019-03-31,2019033101005285,HBL,21,3,50,458.00,"22,900.00"
2019-03-31,2019033101005497,HDL,56,32,10,"1,382.00","13,820.00"
2019-03-31,2019033101005488,HDL,56,14,20,"1,371.00","27,420.00"
2019-03-31,2019033101005487,HDL,56,17,50,"1,370.00","68,500.00"
2019-03-31,2019033101005486,HDL,56,17,50,"1,370.00","68,500.00"
2019-03-31,2019033101005485,HDL,56,5,110,"1,369.00","150,590.00"
2019-03-31,2019033101005674,HIDCL,37,17,154,134.00,"20,636.00"
2019-03-31,2019033101005527,HIDCL,37,22,96,134.00,"12,864.00"
2019-03-31,2019033101005526,HIDCL,56,22,150,134.00,"20,100.00"
2019-03-31,2019033101005525,HIDCL,25,22,54,134.00,"7,236.00"
2019-03-31,2019033101005387,HIDCL,25,42,30,135.00,"4,050.00"
2019-03-31,2019033101005386,HIDCL,25,51,146,135.00,"19,710.00"
2019-03-31,2019033101005385,HIDCL,25,14,56,135.00,"7,560.00"
2019-03-31,2019033101005302,HIDCL,33,51,10,135.00,"1,350.00"
2019-03-31,2019033101005764,ICFC,41,49,200,153.00,"30,600.00"
2019-03-31,2019033101005475,IGI,13,26,100,400.00,"40,000.00"
2019-03-31,2019033101005524,IGI,59,46,50,399.00,"19,950.00"
2019-03-31,2019033101005592,IGI,50,6,70,398.00,"27,860.00"
2019-03-31,2019033101005591,IGI,45,6,30,398.00,"11,940.00"
2019-03-31,2019033101005587,JBBL,51,34,17,135.00,"2,295.00"
2019-03-31,2019033101005321,JBBL,51,41,488,135.00,"65,880.00"
2019-03-31,2019033101005295,JBBL,51,40,45,135.00,"6,075.00"
2019-03-31,2019033101005348,JBNL,29,22,977,175.00,"170,975.00"
2019-03-31,2019033101005347,JBNL,29,51,300,175.00,"52,500.00"
2019-03-31,2019033101005346,JBNL,29,39,206,175.00,"36,050.00"
2019-03-31,2019033101005345,JBNL,29,41,500,175.00,"87,500.00"
2019-03-31,2019033101005344,JBNL,29,59,17,174.00,"2,958.00"
2019-03-31,2019033101005311,JBNL,47,59,80,174.00,"13,920.00"
2019-03-31,2019033101005304,JBNL,47,59,73,174.00,"12,702.00"
2019-03-31,2019033101005438,JSLBB,48,10,139,"2,075.00","288,425.00"
2019-03-31,2019033101005437,JSLBB,38,10,100,"2,075.00","207,500.00"
2019-03-31,2019033101005436,JSLBB,38,10,50,"2,080.00","104,000.00"
2019-03-31,2019033101005435,JSLBB,59,10,81,"2,080.00","168,480.00"
2019-03-31,2019033101005434,JSLBB,48,10,10,"2,082.00","20,820.00"
2019-03-31,2019033101005433,JSLBB,48,10,10,"2,082.00","20,820.00"
2019-03-31,2019033101005432,JSLBB,38,10,10,"2,085.00","20,850.00"
2019-03-31,2019033101005360,KBL,56,14,219,237.00,"51,903.00"
2019-03-31,2019033101005359,KBL,56,22,130,237.00,"30,810.00"
2019-03-31,2019033101005582,KPCL,1,17,10,93.00,930.00
2019-03-31,2019033101005493,LBBL,53,32,"1,000",170.00,"170,000.00"
2019-03-31,2019033101005492,LBBL,53,32,500,170.00,"85,000.00"
2019-03-31,2019033101005491,LBBL,37,32,"1,000",170.00,"170,000.00"
2019-03-31,2019033101005490,LBBL,58,32,"1,475",170.00,"250,750.00"
2019-03-31,2019033101005404,LBBL,42,46,50,171.00,"8,550.00"
2019-03-31,2019033101005576,LBL,38,40,200,192.00,"38,400.00"
2019-03-31,2019033101005575,LBL,43,40,"1,500",192.00,"288,000.00"
2019-03-31,2019033101005472,LBL,43,16,500,192.00,"96,000.00"
2019-03-31,2019033101005471,LBL,32,16,500,192.00,"96,000.00"
2019-03-31,2019033101005317,LBL,33,22,150,192.00,"28,800.00"
2019-03-31,2019033101005507,LGIL,28,34,14,501.00,"7,014.00"
2019-03-31,2019033101005506,LGIL,35,34,30,501.00,"15,030.00"
2019-03-31,2019033101005505,LGIL,42,34,100,501.00,"50,100.00"
2019-03-31,2019033101005504,LGIL,14,34,73,502.00,"36,646.00"
2019-03-31,2019033101005370,LGIL,14,29,17,502.00,"8,534.00"
2019-03-31,2019033101005297,LGIL,14,34,110,502.00,"55,220.00"
2019-03-31,2019033101005740,MBL,11,32,50,221.00,"11,050.00"
2019-03-31,2019033101005476,MBL,11,41,11,221.00,"2,431.00"
2019-03-31,2019033101005455,MBL,26,1,100,222.00,"22,200.00"
2019-03-31,2019033101005777,MEGA,1,43,487,159.00,"77,433.00"
2019-03-31,2019033101005776,MEGA,59,43,100,159.00,"15,900.00"
2019-03-31,2019033101005775,MEGA,48,43,383,159.00,"60,897.00"
2019-03-31,2019033101005774,MEGA,1,43,350,159.00,"55,650.00"
2019-03-31,2019033101005773,MEGA,43,43,250,159.00,"39,750.00"
2019-03-31,2019033101005772,MEGA,42,43,500,159.00,"79,500.00"
2019-03-31,2019033101005718,MEGA,42,47,50,160.00,"8,000.00"
2019-03-31,2019033101005717,MEGA,46,47,102,160.00,"16,320.00"
2019-03-31,2019033101005716,MEGA,59,47,100,161.00,"16,100.00"
2019-03-31,2019033101005715,MEGA,33,47,10,161.00,"1,610.00"
2019-03-31,2019033101005771,MEGA,49,43,230,159.00,"36,570.00"
2019-03-31,2019033101005770,MEGA,13,43,400,159.00,"63,600.00"
2019-03-31,2019033101005769,MEGA,26,43,200,159.00,"31,800.00"
2019-03-31,2019033101005768,MEGA,21,43,100,159.00,"15,900.00"
2019-03-31,2019033101005767,MEGA,13,43,"1,000",159.00,"159,000.00"
2019-03-31,2019033101005719,MEGA,13,47,236,160.00,"37,760.00"
2019-03-31,2019033101005636,MERO,41,3,16,563.00,"9,008.00"
2019-03-31,2019033101005630,MERO,33,38,18,557.00,"10,026.00"
2019-03-31,2019033101005629,MERO,53,38,16,558.00,"8,928.00"
2019-03-31,2019033101005546,MLBL,17,49,300,169.00,"50,700.00"
2019-03-31,2019033101005545,MLBL,17,39,54,169.00,"9,126.00"
2019-03-31,2019033101005334,MMFDB,25,58,249,902.00,"224,598.00"
2019-03-31,2019033101005333,MMFDB,50,58,180,912.00,"164,160.00"
2019-03-31,2019033101005332,MMFDB,22,58,20,912.00,"18,240.00"
2019-03-31,2019033101005682,NABIL,52,42,100,712.00,"71,200.00"
2019-03-31,2019033101005509,NABIL,42,3,150,713.00,"106,950.00"
2019-03-31,2019033101005508,NABIL,42,10,137,713.00,"97,681.00"
2019-03-31,2019033101005426,NABIL,38,40,20,711.00,"14,220.00"
2019-03-31,2019033101005406,NABIL,26,22,50,712.00,"35,600.00"
2019-03-31,2019033101005322,NABIL,21,22,50,712.00,"35,600.00"
2019-03-31,2019033101005517,NADEP,50,39,10,663.00,"6,630.00"
2019-03-31,2019033101005484,NADEP,26,39,20,664.00,"13,280.00"
2019-03-31,2019033101005483,NADEP,57,39,110,664.00,"73,040.00"
2019-03-31,2019033101005448,NADEP,57,43,10,664.00,"6,640.00"
2019-03-31,2019033101005572,NADEP,49,10,50,660.00,"33,000.00"
2019-03-31,2019033101005571,NADEP,42,10,100,660.00,"66,000.00"
2019-03-31,2019033101005570,NADEP,43,10,20,660.00,"13,200.00"
2019-03-31,2019033101005586,NBB,8,41,100,195.00,"19,500.00"
2019-03-31,2019033101005408,NBB,22,41,591,195.00,"115,245.00"
2019-03-31,2019033101005402,NBB,22,32,46,195.00,"8,970.00"
2019-03-31,2019033101005401,NBB,6,32,54,195.00,"10,530.00"
2019-03-31,2019033101005736,NBBL,28,47,200,605.00,"121,000.00"
2019-03-31,2019033101005751,NBL,33,14,50,290.00,"14,500.00"
2019-03-31,2019033101005453,NBL,19,53,200,289.00,"57,800.00"
2019-03-31,2019033101005447,NBL,19,40,30,289.00,"8,670.00"
2019-03-31,2019033101005699,NCCB,33,33,100,212.00,"21,200.00"
2019-03-31,2019033101005590,NCCB,33,33,421,211.00,"88,831.00"
2019-03-31,2019033101005589,NCCB,13,33,79,211.00,"16,669.00"
2019-03-31,2019033101005489,NCCB,52,6,121,212.00,"25,652.00"
2019-03-31,2019033101005331,NCCB,37,6,300,212.00,"63,600.00"
2019-03-31,2019033101005564,NHDL,39,26,200,129.00,"25,800.00"
2019-03-31,2019033101005763,NHPC,58,42,10,73.00,730.00
2019-03-31,2019033101005722,NHPC,56,42,200,73.00,"14,600.00"
2019-03-31,2019033101005375,NHPC,37,28,"1,630",72.00,"117,360.00"
2019-03-31,2019033101005705,NIB,19,53,70,528.00,"36,960.00"
2019-03-31,2019033101005656,NIB,19,49,30,528.00,"15,840.00"
2019-03-31,2019033101005647,NIB,19,17,50,528.00,"26,400.00"
2019-03-31,2019033101005528,NIB,39,35,30,528.00,"15,840.00"
2019-03-31,2019033101005512,NIB,38,35,100,528.00,"52,800.00"
2019-03-31,2019033101005417,NIB,26,35,50,528.00,"26,400.00"
2019-03-31,2019033101005381,NIB,26,35,32,528.00,"16,896.00"
2019-03-31,2019033101005380,NIB,33,35,200,528.00,"105,600.00"
2019-03-31,2019033101005379,NIB,20,35,124,528.00,"65,472.00"
2019-03-31,2019033101005314,NIB,17,53,54,529.00,"28,566.00"
2019-03-31,2019033101005301,NIB,17,25,37,529.00,"19,573.00"
2019-03-31,2019033101005305,NIBPO,53,17,138,492.00,"67,896.00"
2019-03-31,2019033101005668,NICA,29,49,26,400.00,"10,400.00"
2019-03-31,2019033101005667,NICA,42,49,34,401.00,"13,634.00"
2019-03-31,2019033101005655,NICA,45,52,381,402.00,"153,162.00"
2019-03-31,2019033101005654,NICA,45,4,500,402.00,"201,000.00"
2019-03-31,2019033101005653,NICA,45,29,110,402.00,"44,220.00"
2019-03-31,2019033101005652,NICA,45,19,196,402.00,"78,792.00"
2019-03-31,2019033101005499,NICA,49,52,150,401.00,"60,150.00"
2019-03-31,2019033101005482,NICA,29,36,50,400.00,"20,000.00"
2019-03-31,2019033101005481,NICA,45,36,150,400.00,"60,000.00"
2019-03-31,2019033101005439,NICA,26,52,50,401.00,"20,050.00"
2019-03-31,2019033101005403,NICA,45,47,650,400.00,"260,000.00"
2019-03-31,2019033101005394,NICA,38,10,125,401.00,"50,125.00"
2019-03-31,2019033101005532,NICA,45,25,100,401.00,"40,100.00"
2019-03-31,2019033101005531,NICA,45,49,20,401.00,"8,020.00"
2019-03-31,2019033101005530,NICA,45,4,500,401.00,"200,500.00"
2019-03-31,2019033101005529,NICA,45,6,50,401.00,"20,050.00"
2019-03-31,2019033101005501,NICA,49,6,150,401.00,"60,150.00"
2019-03-31,2019033101005500,NICA,49,50,200,401.00,"80,200.00"
2019-03-31,2019033101005651,NICA,45,43,248,402.00,"99,696.00"
2019-03-31,2019033101005650,NICA,45,50,500,402.00,"201,000.00"
2019-03-31,2019033101005649,NICA,45,34,65,402.00,"26,130.00"
2019-03-31,2019033101005633,NICA,42,6,30,401.00,"12,030.00"
2019-03-31,2019033101005569,NICA,42,53,36,401.00,"14,436.00"
2019-03-31,2019033101005533,NICA,45,53,30,401.00,"12,030.00"
2019-03-31,2019033101005664,NLG,21,18,50,794.00,"39,700.00"
2019-03-31,2019033101005554,NLG,59,44,12,793.00,"9,516.00"
2019-03-31,2019033101005459,NLG,52,44,100,793.00,"79,300.00"
2019-03-31,2019033101005400,NLG,33,44,68,793.00,"53,924.00"
2019-03-31,2019033101005725,NLIC,47,49,200,"1,093.00","218,600.00"
2019-03-31,2019033101005689,NLIC,57,38,100,"1,093.00","109,300.00"
2019-03-31,2019033101005688,NLIC,21,38,50,"1,093.00","54,650.00"
2019-03-31,2019033101005687,NLIC,49,38,14,"1,093.00","15,302.00"
2019-03-31,2019033101005686,NLIC,22,38,33,"1,094.00","36,102.00"
2019-03-31,2019033101005431,NLIC,25,54,52,"1,095.00","56,940.00"
2019-03-31,2019033101005405,NLIC,42,42,7,"1,096.00","7,672.00"
2019-03-31,2019033101005388,NLIC,42,54,43,"1,095.00","47,085.00"
2019-03-31,2019033101005377,NLIC,22,58,17,"1,094.00","18,598.00"
2019-03-31,2019033101005611,NMB,50,49,30,328.00,"9,840.00"
2019-03-31,2019033101005356,NMB,33,49,10,328.00,"3,280.00"
2019-03-31,2019033101005420,NNLB,13,40,400,430.00,"172,000.00"
2019-03-31,2019033101005419,NNLB,45,40,50,430.00,"21,500.00"
2019-03-31,2019033101005418,NNLB,32,40,50,432.00,"21,600.00"
2019-03-31,2019033101005678,NTC,13,49,10,687.00,"6,870.00"
2019-03-31,2019033101005673,NTC,33,49,10,687.00,"6,870.00"
2019-03-31,2019033101005606,NTC,56,39,10,679.00,"6,790.00"
2019-03-31,2019033101005466,NUBL,44,38,25,738.00,"18,450.00"
2019-03-31,2019033101005679,OHL,45,17,103,430.00,"44,290.00"
2019-03-31,2019033101005458,OHL,45,17,150,430.00,"64,500.00"
2019-03-31,2019033101005465,PCBL,37,41,11,318.00,"3,498.00"
2019-03-31,2019033101005425,PCBL,26,51,11,319.00,"3,509.00"
2019-03-31,2019033101005424,PCBL,26,35,89,319.00,"28,391.00"
2019-03-31,2019033101005422,PCBL,35,35,11,319.00,"3,509.00"
2019-03-31,2019033101005723,PIC,35,10,10,"1,020.00","10,200.00"
2019-03-31,2019033101005374,PIC,35,39,11,"1,016.00","11,176.00"
2019-03-31,2019033101005300,PIC,35,39,11,"1,016.00","11,176.00"
2019-03-31,2019033101005578,PICL,56,58,10,679.00,"6,790.00"
2019-03-31,2019033101005577,PICL,56,44,556,675.00,"375,300.00"
2019-03-31,2019033101005557,PICL,42,41,50,668.00,"33,400.00"
2019-03-31,2019033101005556,PICL,40,41,50,672.00,"33,600.00"
2019-03-31,2019033101005358,PLIC,42,37,40,450.00,"18,000.00"
2019-03-31,2019033101005352,PLIC,8,37,100,450.00,"45,000.00"
2019-03-31,2019033101005561,PMHPL,1,17,10,111.00,"1,110.00"
2019-03-31,2019033101005550,PMHPL,1,39,10,111.00,"1,110.00"
2019-03-31,2019033101005712,PRIN,41,48,104,405.00,"42,120.00"
2019-03-31,2019033101005711,PRIN,38,48,200,405.00,"81,000.00"
2019-03-31,2019033101005710,PRIN,51,48,46,405.00,"18,630.00"
2019-03-31,2019033101005709,PRIN,22,48,200,406.00,"81,200.00"
2019-03-31,2019033101005708,PRIN,22,48,50,406.00,"20,300.00"
2019-03-31,2019033101005707,PRIN,22,48,50,407.00,"20,350.00"
2019-03-31,2019033101005762,PRVU,25,46,"1,000",239.00,"239,000.00"
2019-03-31,2019033101005735,PRVU,25,8,500,239.00,"119,500.00"
2019-03-31,2019033101005734,PRVU,25,39,750,239.00,"179,250.00"
2019-03-31,2019033101005733,PRVU,25,35,"1,000",239.00,"239,000.00"
2019-03-31,2019033101005732,PRVU,25,35,122,239.00,"29,158.00"
2019-03-31,2019033101005290,PRVU,22,32,557,239.00,"133,123.00"
2019-03-31,2019033101005289,PRVU,25,32,243,239.00,"58,077.00"
2019-03-31,2019033101005415,PRVU,28,13,273,239.00,"65,247.00"
2019-03-31,2019033101005414,PRVU,6,13,227,239.00,"54,253.00"
2019-03-31,2019033101005351,PRVU,6,44,57,239.00,"13,623.00"
2019-03-31,2019033101005350,PRVU,22,44,443,239.00,"105,877.00"
2019-03-31,2019033101005608,PRVU,39,13,275,239.00,"65,725.00"
2019-03-31,2019033101005584,PRVU,39,36,100,239.00,"23,900.00"
2019-03-31,2019033101005503,PRVU,39,8,473,239.00,"113,047.00"
2019-03-31,2019033101005502,PRVU,28,8,27,239.00,"6,453.00"
2019-03-31,2019033101005669,PRVU,41,35,52,239.00,"12,428.00"
2019-03-31,2019033101005666,PRVU,41,42,248,239.00,"59,272.00"
2019-03-31,2019033101005665,PRVU,39,42,752,239.00,"179,728.00"
2019-03-31,2019033101005642,PRVU,39,46,248,239.00,"59,272.00"
2019-03-31,2019033101005641,PRVU,39,46,"1,000",239.00,"239,000.00"
2019-03-31,2019033101005640,PRVU,39,46,152,239.00,"36,328.00"
2019-03-31,2019033101005520,RBCL,58,58,26,"9,020.00","234,520.00"
2019-03-31,2019033101005519,RBCL,41,58,20,"9,050.00","181,000.00"
2019-03-31,2019033101005355,RLFL,40,49,25,115.00,"2,875.00"
2019-03-31,2019033101005354,RLFL,40,49,106,115.00,"12,190.00"
2019-03-31,2019033101005283,RLFL,40,40,180,115.00,"20,700.00"
2019-03-31,2019033101005677,RMDC,11,22,78,530.00,"41,340.00"
2019-03-31,2019033101005549,RMDC,11,26,30,530.00,"15,900.00"
2019-03-31,2019033101005547,RMDC,11,42,50,530.00,"26,500.00"
2019-03-31,2019033101005496,RMDC,11,34,62,530.00,"32,860.00"
2019-03-31,2019033101005495,RMDC,13,34,20,530.00,"10,600.00"
2019-03-31,2019033101005494,RMDC,33,34,18,530.00,"9,540.00"
2019-03-31,2019033101005473,RMDC,33,34,10,530.00,"5,300.00"
2019-03-31,2019033101005628,RSDC,5,49,30,361.00,"10,830.00"
2019-03-31,2019033101005583,RSDC,42,6,50,362.00,"18,100.00"
2019-03-31,2019033101005456,RSDC,32,22,36,362.00,"13,032.00"
2019-03-31,2019033101005367,RSDC,59,22,50,363.00,"18,150.00"
2019-03-31,2019033101005421,SADBL,50,59,764,143.00,"109,252.00"
2019-03-31,2019033101005366,SANIMA,28,34,88,302.00,"26,576.00"
2019-03-31,2019033101005365,SANIMA,28,28,82,302.00,"24,764.00"
2019-03-31,2019033101005364,SANIMA,28,1,500,302.00,"151,000.00"
2019-03-31,2019033101005363,SANIMA,28,53,280,302.00,"84,560.00"
2019-03-31,2019033101005362,SANIMA,28,26,50,301.00,"15,050.00"
2019-03-31,2019033101005361,SANIMA,28,55,500,301.00,"150,500.00"
2019-03-31,2019033101005585,SBI,22,21,590,387.00,"228,330.00"
2019-03-31,2019033101005353,SBI,41,21,10,387.00,"3,870.00"
2019-03-31,2019033101005704,SBL,50,45,20,289.00,"5,780.00"
2019-03-31,2019033101005449,SBL,39,26,50,289.00,"14,450.00"
2019-03-31,2019033101005384,SBL,28,57,79,288.00,"22,752.00"
2019-03-31,2019033101005759,SCB,21,55,40,565.00,"22,600.00"
2019-03-31,2019033101005758,SCB,52,55,100,565.00,"56,500.00"
2019-03-31,2019033101005757,SCB,38,55,200,565.00,"113,000.00"
2019-03-31,2019033101005756,SCB,52,55,200,566.00,"113,200.00"
2019-03-31,2019033101005755,SCB,1,55,20,566.00,"11,320.00"
2019-03-31,2019033101005754,SCB,1,55,150,567.00,"85,050.00"
2019-03-31,2019033101005522,SCB,38,57,100,567.00,"56,700.00"
2019-03-31,2019033101005521,SCB,34,57,30,567.00,"17,010.00"
2019-03-31,2019033101005753,SCB,41,55,50,567.00,"28,350.00"
2019-03-31,2019033101005752,SCB,28,55,106,567.00,"60,102.00"
2019-03-31,2019033101005523,SCB,28,57,394,567.00,"223,398.00"
2019-03-31,2019033101005313,SDESI,57,14,1,531.00,531.00
2019-03-31,2019033101005306,SDESI,57,14,1,531.00,531.00
2019-03-31,2019033101005294,SDESI,57,14,1,531.00,531.00
2019-03-31,2019033101005279,SDESI,57,14,1,531.00,531.00
2019-03-31,2019033101005430,SHINE,38,29,50,232.00,"11,600.00"
2019-03-31,2019033101005743,SHIVM,39,33,50,325.00,"16,250.00"
2019-03-31,2019033101005739,SHIVM,39,16,60,325.00,"19,500.00"
2019-03-31,2019033101005714,SHIVM,39,16,26,325.00,"8,450.00"
2019-03-31,2019033101005713,SHIVM,32,16,34,325.00,"11,050.00"
2019-03-31,2019033101005697,SHIVM,32,36,466,325.00,"151,450.00"
2019-03-31,2019033101005696,SHIVM,16,36,200,325.00,"65,000.00"
2019-03-31,2019033101005392,SHIVM,49,16,60,329.00,"19,740.00"
2019-03-31,2019033101005391,SHIVM,49,16,60,329.00,"19,740.00"
2019-03-31,2019033101005390,SHIVM,49,16,60,329.00,"19,740.00"
2019-03-31,2019033101005389,SHIVM,49,16,60,329.00,"19,740.00"
2019-03-31,2019033101005312,SHIVM,28,16,60,328.00,"19,680.00"
2019-03-31,2019033101005631,SHIVM,28,16,40,328.00,"13,120.00"
2019-03-31,2019033101005621,SHIVM,28,16,60,328.00,"19,680.00"
2019-03-31,2019033101005609,SHIVM,28,16,60,328.00,"19,680.00"
2019-03-31,2019033101005605,SHIVM,28,34,100,328.00,"32,800.00"
2019-03-31,2019033101005568,SHIVM,28,42,50,328.00,"16,400.00"
2019-03-31,2019033101005393,SHIVM,49,16,20,329.00,"6,580.00"
2019-03-31,2019033101005671,SHIVM,58,37,500,327.00,"163,500.00"
2019-03-31,2019033101005670,SHIVM,58,16,60,327.00,"19,620.00"
2019-03-31,2019033101005663,SHIVM,58,14,50,327.00,"16,350.00"
2019-03-31,2019033101005658,SHIVM,58,36,50,327.00,"16,350.00"
2019-03-31,2019033101005648,SHIVM,58,16,60,327.00,"19,620.00"
2019-03-31,2019033101005635,SHIVM,28,58,130,328.00,"42,640.00"
2019-03-31,2019033101005695,SHIVM,35,36,94,325.00,"30,550.00"
2019-03-31,2019033101005694,SHIVM,58,36,"2,000",326.00,"652,000.00"
2019-03-31,2019033101005693,SHIVM,40,36,440,326.00,"143,440.00"
2019-03-31,2019033101005690,SHIVM,40,16,60,326.00,"19,560.00"
2019-03-31,2019033101005676,SHIVM,41,58,20,327.00,"6,540.00"
2019-03-31,2019033101005675,SHIVM,58,58,860,327.00,"281,220.00"
2019-03-31,2019033101005292,SHPC,35,35,10,225.00,"2,250.00"
2019-03-31,2019033101005291,SHPC,35,39,360,225.00,"81,000.00"
2019-03-31,2019033101005288,SHPC,16,29,50,224.00,"11,200.00"
2019-03-31,2019033101005574,SIC,34,41,90,"1,270.00","114,300.00"
2019-03-31,2019033101005573,SIC,50,41,10,"1,275.00","12,750.00"
2019-03-31,2019033101005536,SICL,29,6,42,897.00,"37,674.00"
2019-03-31,2019033101005318,SICL,6,25,60,880.00,"52,800.00"
2019-03-31,2019033101005535,SICL,29,13,20,890.00,"17,800.00"
2019-03-31,2019033101005534,SICL,29,19,10,884.00,"8,840.00"
2019-03-31,2019033101005511,SICL,29,34,80,880.00,"70,400.00"
2019-03-31,2019033101005510,SICL,29,10,155,880.00,"136,400.00"
2019-03-31,2019033101005320,SICL,42,10,20,880.00,"17,600.00"
2019-03-31,2019033101005319,SICL,6,10,25,880.00,"22,000.00"
2019-03-31,2019033101005742,SKBBL,14,6,10,863.00,"8,630.00"
2019-03-31,2019033101005741,SKBBL,14,56,65,862.00,"56,030.00"
2019-03-31,2019033101005646,SKBBL,56,21,50,860.00,"43,000.00"
2019-03-31,2019033101005645,SKBBL,56,53,50,859.00,"42,950.00"
2019-03-31,2019033101005644,SKBBL,56,49,100,857.00,"85,700.00"
2019-03-31,2019033101005643,SKBBL,56,34,37,855.00,"31,635.00"
2019-03-31,2019033101005617,SKBBL,56,58,968,854.00,"826,672.00"
2019-03-31,2019033101005412,SKBBL,56,57,31,853.00,"26,443.00"
2019-03-31,2019033101005376,SKBBL,56,55,131,853.00,"111,743.00"
2019-03-31,2019033101005338,SLBSL,51,39,10,682.00,"6,820.00"
2019-03-31,2019033101005702,SLICL,29,34,70,518.00,"36,260.00"
2019-03-31,2019033101005701,SLICL,42,34,84,518.00,"43,512.00"
2019-03-31,2019033101005691,SLICL,25,19,200,519.00,"103,800.00"
2019-03-31,2019033101005416,SLICL,42,45,46,518.00,"23,828.00"
2019-03-31,2019033101005330,SLICL,42,17,70,518.00,"36,260.00"
2019-03-31,2019033101005329,SLICL,48,17,50,518.00,"25,900.00"
2019-03-31,2019033101005328,SLICL,6,17,100,519.00,"51,900.00"
2019-03-31,2019033101005327,SLICL,34,17,100,519.00,"51,900.00"
2019-03-31,2019033101005326,SLICL,34,17,100,519.00,"51,900.00"
2019-03-31,2019033101005325,SLICL,39,17,10,519.00,"5,190.00"
2019-03-31,2019033101005324,SLICL,45,17,50,520.00,"26,000.00"
2019-03-31,2019033101005323,SLICL,57,17,20,520.00,"10,400.00"
2019-03-31,2019033101005349,SMATA,42,20,18,"1,240.00","22,320.00"
2019-03-31,2019033101005560,SMB,42,51,10,604.00,"6,040.00"
2019-03-31,2019033101005474,SMB,51,14,10,605.00,"6,050.00"
2019-03-31,2019033101005296,SRBL,28,54,15,217.00,"3,255.00"
2019-03-31,2019033101005721,TRH,29,58,500,238.00,"119,000.00"
2019-03-31,2019033101005720,TRH,28,58,500,238.00,"119,000.00"
2019-03-31,2019033101005620,TRH,37,58,270,240.00,"64,800.00"
2019-03-31,2019033101005337,UFL,5,19,12,200.00,"2,400.00"
2019-03-31,2019033101005336,UFL,5,19,100,200.00,"20,000.00"
2019-03-31,2019033101005618,UNL,3,16,10,"19,700.00","197,000.00"
2019-03-31,2019033101005760,UPPER,25,34,50,239.00,"11,950.00"
2019-03-31,2019033101005726,UPPER,25,34,50,239.00,"11,950.00"
2019-03-31,2019033101005685,UPPER,59,44,40,238.00,"9,520.00"
2019-03-31,2019033101005684,UPPER,59,17,40,238.00,"9,520.00"
2019-03-31,2019033101005657,UPPER,50,38,40,237.00,"9,480.00"
2019-03-31,2019033101005639,UPPER,50,49,17,237.00,"4,029.00"
2019-03-31,2019033101005518,UPPER,50,26,40,237.00,"9,480.00"
2019-03-31,2019033101005429,UPPER,17,38,50,238.00,"11,900.00"
2019-03-31,2019033101005298,UPPER,50,11,10,237.00,"2,370.00"
2019-03-31,2019033101005287,UPPER,50,26,25,237.00,"5,925.00"
2019-03-31,2019033101005541,UPPER,8,38,50,238.00,"11,900.00"
2019-03-31,2019033101005540,UPPER,8,38,50,238.00,"11,900.00"
2019-03-31,2019033101005539,UPPER,8,39,40,238.00,"9,520.00"
2019-03-31,2019033101005538,UPPER,8,39,40,238.00,"9,520.00"
2019-03-31,2019033101005537,UPPER,8,41,43,238.00,"10,234.00"
2019-03-31,2019033101005581,UPPER,59,44,50,238.00,"11,900.00"
2019-03-31,2019033101005565,UPPER,59,44,40,238.00,"9,520.00"
2019-03-31,2019033101005553,UPPER,59,44,50,238.00,"11,900.00"
2019-03-31,2019033101005543,UPPER,8,39,40,238.00,"9,520.00"
2019-03-31,2019033101005542,UPPER,8,38,40,238.00,"9,520.00"
2019-03-31,2019033101005638,UPPER,59,49,23,238.00,"5,474.00"
2019-03-31,2019033101005610,UPPER,59,44,50,238.00,"11,900.00"
2019-03-31,2019033101005594,UPPER,59,44,50,238.00,"11,900.00"
2019-03-31,2019033101005593,UPPER,59,5,40,238.00,"9,520.00"
2019-03-31,2019033101005242,ADBL,22,29,85,294.00,"24,990.00"
2019-03-31,2019033101005222,ADBL,22,32,130,294.00,"38,220.00"
2019-03-31,2019033101005217,ADBL,51,32,100,294.00,"29,400.00"
2019-03-31,2019033101005216,ADBL,28,32,200,294.00,"58,800.00"
2019-03-31,2019033101005215,ADBL,33,32,270,294.00,"79,380.00"
2019-03-31,2019033101005141,ADBL,33,42,100,294.00,"29,400.00"
2019-03-31,2019033101005015,ADBL,33,34,130,294.00,"38,220.00"
2019-03-31,2019033101005014,ADBL,58,34,30,294.00,"8,820.00"
2019-03-31,2019033101005013,ADBL,46,34,140,294.00,"41,160.00"
2019-03-31,2019033101005012,ADBL,47,34,100,294.00,"29,400.00"
2019-03-31,2019033101005174,AKJCL,39,26,20,80.00,"1,600.00"
2019-03-31,2019033101005159,AKJCL,39,26,20,80.00,"1,600.00"
2019-03-31,2019033101005074,AKJCL,39,29,20,80.00,"1,600.00"
2019-03-31,2019033101005220,AKPL,25,57,10,179.00,"1,790.00"
2019-03-31,2019033101005252,ALBSL,14,58,10,482.00,"4,820.00"
2019-03-31,2019033101005249,ALBSL,51,57,10,482.00,"4,820.00"
2019-03-31,2019033101005139,ALBSL,49,1,10,485.00,"4,850.00"
2019-03-31,2019033101005138,ALBSL,49,1,10,485.00,"4,850.00"
2019-03-31,2019033101005137,ALBSL,49,1,10,485.00,"4,850.00"
2019-03-31,2019033101004901,ALBSL,14,22,10,481.00,"4,810.00"
2019-03-31,2019033101004827,ALBSL,29,40,10,480.00,"4,800.00"
2019-03-31,2019033101004819,ALBSL,29,40,10,480.00,"4,800.00"
2019-03-31,2019033101004802,ALBSL,29,40,10,480.00,"4,800.00"
2019-03-31,2019033101004794,ALBSL,29,40,10,480.00,"4,800.00"
2019-03-31,2019033101005007,ALBSL,57,14,10,483.00,"4,830.00"
2019-03-31,2019033101005006,ALBSL,57,14,10,483.00,"4,830.00"
2019-03-31,2019033101005005,ALBSL,57,59,10,482.00,"4,820.00"
2019-03-31,2019033101004961,ALBSL,58,16,20,481.00,"9,620.00"
2019-03-31,2019033101004960,ALBSL,14,16,180,481.00,"86,580.00"
2019-03-31,2019033101004950,ALBSL,14,44,10,481.00,"4,810.00"
2019-03-31,2019033101005118,ALBSL,49,51,10,484.00,"4,840.00"
2019-03-31,2019033101005117,ALBSL,49,51,10,484.00,"4,840.00"
2019-03-31,2019033101005116,ALBSL,49,51,10,484.00,"4,840.00"
2019-03-31,2019033101005115,ALBSL,49,51,10,484.00,"4,840.00"
2019-03-31,2019033101005114,ALBSL,49,51,10,484.00,"4,840.00"
2019-03-31,2019033101005113,ALBSL,49,37,10,484.00,"4,840.00"
2019-03-31,2019033101005124,ALBSL,49,39,10,485.00,"4,850.00"
2019-03-31,2019033101005123,ALBSL,49,51,10,484.00,"4,840.00"
2019-03-31,2019033101005122,ALBSL,49,29,10,484.00,"4,840.00"
2019-03-31,2019033101005121,ALBSL,49,51,10,484.00,"4,840.00"
2019-03-31,2019033101005120,ALBSL,49,51,10,484.00,"4,840.00"
2019-03-31,2019033101005119,ALBSL,49,51,10,484.00,"4,840.00"
2019-03-31,2019033101005130,ALBSL,49,10,10,485.00,"4,850.00"
2019-03-31,2019033101005129,ALBSL,49,10,10,485.00,"4,850.00"
2019-03-31,2019033101005128,ALBSL,49,46,10,485.00,"4,850.00"
2019-03-31,2019033101005127,ALBSL,49,42,10,485.00,"4,850.00"
2019-03-31,2019033101005126,ALBSL,49,39,10,485.00,"4,850.00"
2019-03-31,2019033101005125,ALBSL,49,39,10,485.00,"4,850.00"
2019-03-31,2019033101005136,ALBSL,49,1,10,485.00,"4,850.00"
2019-03-31,2019033101005135,ALBSL,49,1,10,485.00,"4,850.00"
2019-03-31,2019033101005134,ALBSL,49,1,10,485.00,"4,850.00"
2019-03-31,2019033101005133,ALBSL,49,1,10,485.00,"4,850.00"
2019-03-31,2019033101005132,ALBSL,49,1,10,485.00,"4,850.00"
2019-03-31,2019033101005131,ALBSL,49,1,10,485.00,"4,850.00"
2019-03-31,2019033101005241,ALICL,57,36,252,383.00,"96,516.00"
2019-03-31,2019033101005240,ALICL,45,36,100,383.00,"38,300.00"
2019-03-31,2019033101005239,ALICL,45,36,145,383.00,"55,535.00"
2019-03-31,2019033101005238,ALICL,28,36,750,383.00,"287,250.00"
2019-03-31,2019033101005237,ALICL,29,36,100,384.00,"38,400.00"
2019-03-31,2019033101005236,ALICL,25,36,500,384.00,"192,000.00"
2019-03-31,2019033101005235,ALICL,57,36,500,385.00,"192,500.00"
2019-03-31,2019033101005234,ALICL,28,36,283,386.00,"109,238.00"
2019-03-31,2019033101005233,ALICL,38,36,300,386.00,"115,800.00"
2019-03-31,2019033101005232,ALICL,48,36,20,387.00,"7,740.00"
2019-03-31,2019033101005231,ALICL,52,36,50,387.00,"19,350.00"
2019-03-31,2019033101004917,ALICL,16,16,2,383.00,766.00
2019-03-31,2019033101005019,AMFI,45,35,10,655.00,"6,550.00"
2019-03-31,2019033101005260,API,25,44,200,136.00,"27,200.00"
2019-03-31,2019033101005184,API,29,44,200,136.00,"27,200.00"
2019-03-31,2019033101004914,API,25,44,88,136.00,"11,968.00"
2019-03-31,2019033101004810,BARUN,26,32,110,96.00,"10,560.00"
2019-03-31,2019033101004809,BARUN,26,32,70,96.00,"6,720.00"
2019-03-31,2019033101005273,BHBL,59,43,600,148.00,"88,800.00"
2019-03-31,2019033101005272,BHBL,59,32,180,148.00,"26,640.00"
2019-03-31,2019033101005271,BHBL,59,1,213,148.00,"31,524.00"
2019-03-31,2019033101005270,BHBL,59,1,200,148.00,"29,600.00"
2019-03-31,2019033101005269,BHBL,59,59,100,148.00,"14,800.00"
2019-03-31,2019033101005256,BHBL,59,4,10,146.00,"1,460.00"
2019-03-31,2019033101005255,BHBL,59,35,100,145.00,"14,500.00"
2019-03-31,2019033101005182,BOKL,5,49,168,242.00,"40,656.00"
2019-03-31,2019033101005155,BOKL,5,1,201,242.00,"48,642.00"
2019-03-31,2019033101005154,BOKL,28,1,"1,887",242.00,"456,654.00"
2019-03-31,2019033101005100,BOKL,28,49,113,242.00,"27,346.00"
2019-03-31,2019033101004962,BOKL,25,49,500,242.00,"121,000.00"
2019-03-31,2019033101004940,BOKL,25,49,300,242.00,"72,600.00"
2019-03-31,2019033101004889,BOKL,42,49,87,242.00,"21,054.00"
2019-03-31,2019033101005219,BPCL,33,58,10,356.00,"3,560.00"
2019-03-31,2019033101005092,BPCL,43,58,30,356.00,"10,680.00"
2019-03-31,2019033101005043,BPCL,54,37,50,355.00,"17,750.00"
2019-03-31,2019033101004822,BPCL,51,44,10,355.00,"3,550.00"
2019-03-31,2019033101005173,CBBL,6,16,20,886.00,"17,720.00"
2019-03-31,2019033101005172,CBBL,21,16,50,886.00,"44,300.00"
2019-03-31,2019033101005171,CBBL,21,16,15,886.00,"13,290.00"
2019-03-31,2019033101005099,CBBL,54,56,202,888.00,"179,376.00"
2019-03-31,2019033101004900,CBBL,45,1,200,888.00,"177,600.00"
2019-03-31,2019033101005277,CBL,51,54,286,156.00,"44,616.00"
2019-03-31,2019033101005152,CCBL,50,42,100,165.00,"16,500.00"
2019-03-31,2019033101005028,CCBL,50,40,224,165.00,"36,960.00"
2019-03-31,2019033101004894,CCBL,50,57,200,165.00,"33,000.00"
2019-03-31,2019033101004893,CCBL,50,53,76,165.00,"12,540.00"
2019-03-31,2019033101004892,CCBL,50,51,119,165.00,"19,635.00"
2019-03-31,2019033101004891,CCBL,50,51,10,165.00,"1,650.00"
2019-03-31,2019033101004890,CCBL,50,57,12,165.00,"1,980.00"
2019-03-31,2019033101005181,CFCL,26,58,15,105.00,"1,575.00"
2019-03-31,2019033101005071,CHCL,26,50,10,502.00,"5,020.00"
2019-03-31,2019033101005070,CHCL,26,49,216,502.00,"108,432.00"
2019-03-31,2019033101004944,CHCL,36,57,56,501.00,"28,056.00"
2019-03-31,2019033101004943,CHCL,39,57,30,501.00,"15,030.00"
2019-03-31,2019033101005227,CHLBS,7,34,10,518.00,"5,180.00"
2019-03-31,2019033101004868,CHLBS,25,38,10,523.00,"5,230.00"
2019-03-31,2019033101004904,CIT,19,44,75,"2,617.00","196,275.00"
2019-03-31,2019033101004830,CORBL,52,25,500,97.00,"48,500.00"
2019-03-31,2019033101004807,CZBIL,45,55,75,209.00,"15,675.00"
2019-03-31,2019033101004806,CZBIL,16,55,240,209.00,"50,160.00"
2019-03-31,2019033101005157,CZBIL,16,55,621,209.00,"129,789.00"
2019-03-31,2019033101005072,CZBIL,5,17,500,210.00,"105,000.00"
2019-03-31,2019033101004959,CZBIL,38,17,50,210.00,"10,500.00"
2019-03-31,2019033101004823,CZBIL,17,22,213,210.00,"44,730.00"
2019-03-31,2019033101004808,CZBIL,16,55,135,209.00,"28,215.00"
2019-03-31,2019033101005191,DBBL,56,58,14,125.00,"1,750.00"
2019-03-31,2019033101005084,DDBL,34,1,"1,000",591.00,"591,000.00"
2019-03-31,2019033101005083,DDBL,34,42,100,590.00,"59,000.00"
2019-03-31,2019033101005082,DDBL,34,59,300,590.00,"177,000.00"
2019-03-31,2019033101005081,DDBL,34,53,20,589.00,"11,780.00"
2019-03-31,2019033101005179,EBL,57,42,20,560.00,"11,200.00"
2019-03-31,2019033101005018,EBL,57,55,96,560.00,"53,760.00"
2019-03-31,2019033101005017,EBL,46,55,214,560.00,"119,840.00"
2019-03-31,2019033101004888,EBL,38,34,50,561.00,"28,050.00"
2019-03-31,2019033101004857,EBL,36,34,50,561.00,"28,050.00"
2019-03-31,2019033101004856,EBL,36,39,450,561.00,"252,450.00"
2019-03-31,2019033101004831,EBL,41,39,20,561.00,"11,220.00"
2019-03-31,2019033101004818,EBL,42,39,10,561.00,"5,610.00"
2019-03-31,2019033101005246,EIC,17,51,200,854.00,"170,800.00"
2019-03-31,2019033101005245,EIC,17,57,154,854.00,"131,516.00"
2019-03-31,2019033101004884,EIC,49,28,10,850.00,"8,500.00"
2019-03-31,2019033101004949,FMDBL,1,29,135,370.00,"49,950.00"
2019-03-31,2019033101004948,FMDBL,1,39,15,370.00,"5,550.00"
2019-03-31,2019033101004947,FMDBL,1,36,50,370.00,"18,500.00"
2019-03-31,2019033101004938,FMDBL,1,56,90,370.00,"33,300.00"
2019-03-31,2019033101004929,FMDBL,1,53,105,369.00,"38,745.00"
2019-03-31,2019033101005093,FOWAD,19,55,14,"1,510.00","21,140.00"
2019-03-31,2019033101005067,FOWAD,19,55,42,"1,510.00","63,420.00"
2019-03-31,2019033101005066,FOWAD,29,55,10,"1,510.00","15,100.00"
2019-03-31,2019033101005065,FOWAD,50,55,50,"1,511.00","75,550.00"
2019-03-31,2019033101005064,FOWAD,28,55,35,"1,511.00","52,885.00"
2019-03-31,2019033101005063,FOWAD,56,55,13,"1,512.00","19,656.00"
2019-03-31,2019033101005069,GBBL,37,40,240,188.00,"45,120.00"
2019-03-31,2019033101005068,GBBL,43,40,10,188.00,"1,880.00"
2019-03-31,2019033101005027,GBBL,37,6,55,189.00,"10,395.00"
2019-03-31,2019033101005010,GBIME,1,28,50,261.00,"13,050.00"
2019-03-31,2019033101005009,GBIME,36,28,17,261.00,"4,437.00"
2019-03-31,2019033101004842,GBIME,36,55,700,261.00,"182,700.00"
2019-03-31,2019033101004783,GBIME,36,6,200,261.00,"52,200.00"
2019-03-31,2019033101005261,GBLBS,56,58,10,450.00,"4,500.00"
2019-03-31,2019033101004785,GBLBS,56,25,10,450.00,"4,500.00"
2019-03-31,2019033101005022,GLICL,58,46,30,502.00,"15,060.00"
2019-03-31,2019033101005021,GLICL,45,46,30,502.00,"15,060.00"
2019-03-31,2019033101004837,GUFL,51,1,301,112.00,"33,712.00"
2019-03-31,2019033101005153,HBL,45,3,50,457.00,"22,850.00"
2019-03-31,2019033101005076,HDL,45,5,50,"1,351.00","67,550.00"
2019-03-31,2019033101005077,HGI,45,17,50,378.00,"18,900.00"
2019-03-31,2019033101004825,HIDCL,25,25,56,134.00,"7,504.00"
2019-03-31,2019033101004824,HIDCL,25,54,"1,890",134.00,"253,260.00"
2019-03-31,2019033101005264,ICFC,41,49,48,153.00,"7,344.00"
2019-03-31,2019033101005055,ICFC,41,25,123,154.00,"18,942.00"
2019-03-31,2019033101004941,ICFC,49,25,"1,200",153.00,"183,600.00"
2019-03-31,2019033101005275,IGI,57,48,100,400.00,"40,000.00"
2019-03-31,2019033101005061,JBBL,29,53,100,136.00,"13,600.00"
2019-03-31,2019033101005274,JBNL,47,59,100,174.00,"17,400.00"
2019-03-31,2019033101005247,JBNL,47,59,100,174.00,"17,400.00"
2019-03-31,2019033101005004,JBNL,26,59,100,174.00,"17,400.00"
2019-03-31,2019033101005001,JBNL,38,59,30,174.00,"5,220.00"
2019-03-31,2019033101005000,JBNL,38,46,20,174.00,"3,480.00"
2019-03-31,2019033101005150,KPCL,1,26,10,93.00,930.00
2019-03-31,2019033101005146,LBBL,47,50,"1,000",171.00,"171,000.00"
2019-03-31,2019033101004867,LBBL,53,50,"1,000",171.00,"171,000.00"
2019-03-31,2019033101005248,LGIL,14,38,300,502.00,"150,600.00"
2019-03-31,2019033101004887,LICN,59,58,162,"1,480.00","239,760.00"
2019-03-31,2019033101004886,LICN,28,58,50,"1,482.00","74,100.00"
2019-03-31,2019033101004885,LICN,35,58,30,"1,486.00","44,580.00"
2019-03-31,2019033101005223,MBL,38,1,100,222.00,"22,200.00"
2019-03-31,2019033101005088,MEGA,46,43,398,160.00,"63,680.00"
2019-03-31,2019033101005087,MEGA,48,43,"1,000",160.00,"160,000.00"
2019-03-31,2019033101005086,MEGA,58,43,102,160.00,"16,320.00"
2019-03-31,2019033101005105,MERO,57,54,100,558.00,"55,800.00"
2019-03-31,2019033101005204,MNBBL,47,58,67,344.00,"23,048.00"
2019-03-31,2019033101005190,MNBBL,47,58,35,344.00,"12,040.00"
2019-03-31,2019033101005180,MNBBL,47,58,60,344.00,"20,640.00"
2019-03-31,2019033101005167,MNBBL,47,58,45,344.00,"15,480.00"
2019-03-31,2019033101005160,MNBBL,47,58,38,344.00,"13,072.00"
2019-03-31,2019033101005026,MNBBL,49,33,73,345.00,"25,185.00"
2019-03-31,2019033101005025,MNBBL,49,45,27,344.00,"9,288.00"
2019-03-31,2019033101004832,MNBBL,41,51,320,343.00,"109,760.00"
2019-03-31,2019033101005052,MPFL,54,32,80,145.00,"11,600.00"
2019-03-31,2019033101005051,MPFL,16,32,90,145.00,"13,050.00"
2019-03-31,2019033101005039,MPFL,6,32,30,145.00,"4,350.00"
2019-03-31,2019033101005170,MSLB,50,33,15,"1,252.00","18,780.00"
2019-03-31,2019033101005169,MSLB,45,33,10,"1,252.00","12,520.00"
2019-03-31,2019033101005166,NABIL,22,3,30,713.00,"21,390.00"
2019-03-31,2019033101005103,NABIL,42,3,20,713.00,"14,260.00"
2019-03-31,2019033101005045,NABILP,19,7,500,695.00,"347,500.00"
2019-03-31,2019033101005042,NABILP,35,41,200,698.00,"139,600.00"
2019-03-31,2019033101005041,NABILP,35,17,500,697.00,"348,500.00"
2019-03-31,2019033101005040,NABILP,35,7,300,697.00,"209,100.00"
2019-03-31,2019033101005158,NADEP,49,28,20,668.00,"13,360.00"
2019-03-31,2019033101005149,NBB,6,38,546,195.00,"106,470.00"
2019-03-31,2019033101005148,NBB,6,29,300,195.00,"58,500.00"
2019-03-31,2019033101005147,NBB,6,32,100,195.00,"19,500.00"
2019-03-31,2019033101005186,NBL,19,38,100,289.00,"28,900.00"
2019-03-31,2019033101005185,NBL,56,38,900,289.00,"260,100.00"
2019-03-31,2019033101004804,NBL,56,57,100,289.00,"28,900.00"
2019-03-31,2019033101005036,NCCB,45,6,200,212.00,"42,400.00"
2019-03-31,2019033101005050,NCDB,49,1,500,122.00,"61,000.00"
2019-03-31,2019033101005049,NCDB,49,4,500,121.00,"60,500.00"
2019-03-31,2019033101005112,NHPC,41,28,"2,000",72.00,"144,000.00"
2019-03-31,2019033101005203,NIB,17,58,37,529.00,"19,573.00"
2019-03-31,2019033101005201,NIB,17,57,14,529.00,"7,406.00"
2019-03-31,2019033101005200,NIB,17,55,14,529.00,"7,406.00"
2019-03-31,2019033101005199,NIB,17,55,14,529.00,"7,406.00"
2019-03-31,2019033101005198,NIB,17,39,30,529.00,"15,870.00"
2019-03-31,2019033101005165,NIB,20,42,14,528.00,"7,392.00"
2019-03-31,2019033101005162,NIB,20,47,35,528.00,"18,480.00"
2019-03-31,2019033101005143,NIB,20,26,200,528.00,"105,600.00"
2019-03-31,2019033101004828,NIB,42,39,15,529.00,"7,935.00"
2019-03-31,2019033101005251,NIBLPF,32,29,404,7.00,"2,828.00"
2019-03-31,2019033101005225,NICA,47,10,33,401.00,"13,233.00"
2019-03-31,2019033101005218,NICA,45,32,50,400.00,"20,000.00"
2019-03-31,2019033101005079,NICA,45,49,150,400.00,"60,000.00"
2019-03-31,2019033101005078,NICA,49,49,50,400.00,"20,000.00"
2019-03-31,2019033101004937,NICA,38,47,50,400.00,"20,000.00"
2019-03-31,2019033101004935,NICA,42,10,50,401.00,"20,050.00"
2019-03-31,2019033101004800,NICA,45,35,25,400.00,"10,000.00"
2019-03-31,2019033101004799,NICA,45,45,51,400.00,"20,400.00"
2019-03-31,2019033101004836,NICGF,55,47,"10,000",9.00,"90,000.00"
2019-03-31,2019033101005196,NICL,25,13,200,372.00,"74,400.00"
2019-03-31,2019033101005164,NLG,38,44,20,793.00,"15,860.00"
2019-03-31,2019033101004964,NLG,22,44,179,792.00,"141,768.00"
2019-03-31,2019033101004963,NLG,1,44,21,792.00,"16,632.00"
2019-03-31,2019033101004784,NLG,41,18,50,794.00,"39,700.00"
2019-03-31,2019033101005244,NLIC,49,33,36,"1,093.00","39,348.00"
2019-03-31,2019033101005243,NLIC,28,33,99,"1,093.00","108,207.00"
2019-03-31,2019033101005035,NLIC,28,28,17,"1,093.00","18,581.00"
2019-03-31,2019033101005213,NLICL,35,54,300,570.00,"171,000.00"
2019-03-31,2019033101005212,NLICL,58,54,100,571.00,"57,100.00"
2019-03-31,2019033101005211,NLICL,21,54,272,571.00,"155,312.00"
2019-03-31,2019033101005210,NLICL,35,54,490,572.00,"280,280.00"
2019-03-31,2019033101005209,NMB,11,42,27,327.00,"8,829.00"
2019-03-31,2019033101005208,NMB,11,42,10,327.00,"3,270.00"
2019-03-31,2019033101005096,NMB,57,49,438,328.00,"143,664.00"
2019-03-31,2019033101005062,NMB,57,14,7,328.00,"2,296.00"
2019-03-31,2019033101004945,NMB,57,14,62,328.00,"20,336.00"
2019-03-31,2019033101004860,NMB,11,48,100,327.00,"32,700.00"
2019-03-31,2019033101004843,NMB,28,57,772,328.00,"253,216.00"
2019-03-31,2019033101004849,NMB,28,21,50,328.00,"16,400.00"
2019-03-31,2019033101004848,NMB,28,16,28,328.00,"9,184.00"
2019-03-31,2019033101004847,NMB,28,21,200,328.00,"65,600.00"
2019-03-31,2019033101004846,NMB,28,50,20,328.00,"6,560.00"
2019-03-31,2019033101004845,NMB,28,44,65,328.00,"21,320.00"
2019-03-31,2019033101004844,NMB,28,11,500,328.00,"164,000.00"
2019-03-31,2019033101004855,NMB,28,14,55,328.00,"18,040.00"
2019-03-31,2019033101004854,NMB,28,14,62,328.00,"20,336.00"
2019-03-31,2019033101004853,NMB,28,14,62,328.00,"20,336.00"
2019-03-31,2019033101004852,NMB,28,14,62,328.00,"20,336.00"
2019-03-31,2019033101004851,NMB,28,14,62,328.00,"20,336.00"
2019-03-31,2019033101004850,NMB,28,14,62,328.00,"20,336.00"
2019-03-31,2019033101004910,NNLB,32,16,300,431.00,"129,300.00"
2019-03-31,2019033101004909,NNLB,16,16,200,432.00,"86,400.00"
2019-03-31,2019033101004908,NNLB,18,16,50,432.00,"21,600.00"
2019-03-31,2019033101004907,NNLB,48,16,25,433.00,"10,825.00"
2019-03-31,2019033101004906,NNLB,42,16,50,435.00,"21,750.00"
2019-03-31,2019033101004905,NNLB,34,16,50,436.00,"21,800.00"
2019-03-31,2019033101005230,NSEWA,11,39,10,506.00,"5,060.00"
2019-03-31,2019033101005109,NTC,33,49,10,687.00,"6,870.00"
2019-03-31,2019033101005090,NTC,56,47,125,679.00,"84,875.00"
2019-03-31,2019033101004817,NTC,56,46,10,688.00,"6,880.00"
2019-03-31,2019033101004816,NTC,56,41,10,686.00,"6,860.00"
2019-03-31,2019033101004815,NTC,56,21,100,685.00,"68,500.00"
2019-03-31,2019033101004814,NTC,56,25,200,682.00,"136,400.00"
2019-03-31,2019033101004813,NTC,56,21,10,680.00,"6,800.00"
2019-03-31,2019033101004812,NTC,56,21,10,680.00,"6,800.00"
2019-03-31,2019033101004811,NTC,56,58,190,680.00,"129,200.00"
2019-03-31,2019033101005229,OHL,45,21,67,430.00,"28,810.00"
2019-03-31,2019033101004955,PCBL,54,34,49,318.00,"15,582.00"
2019-03-31,2019033101004954,PCBL,54,16,990,318.00,"314,820.00"
2019-03-31,2019033101004953,PCBL,54,46,87,318.00,"27,666.00"
2019-03-31,2019033101004952,PCBL,54,6,127,318.00,"40,386.00"
2019-03-31,2019033101004951,PCBL,54,1,61,318.00,"19,398.00"
2019-03-31,2019033101004835,PCBL,37,10,149,317.00,"47,233.00"
2019-03-31,2019033101004795,PCBL,38,1,100,318.00,"31,800.00"
2019-03-31,2019033101005054,PIC,6,43,200,"1,020.00","204,000.00"
2019-03-31,2019033101005053,PIC,6,19,30,"1,020.00","30,600.00"
2019-03-31,2019033101004872,PIC,35,22,547,"1,016.00","555,752.00"
2019-03-31,2019033101004871,PIC,57,22,17,"1,016.00","17,272.00"
2019-03-31,2019033101005259,PLIC,19,34,192,451.00,"86,592.00"
2019-03-31,2019033101005258,PLIC,20,34,340,451.00,"153,340.00"
2019-03-31,2019033101005257,PLIC,6,34,215,452.00,"97,180.00"
2019-03-31,2019033101005032,PLIC,6,51,500,456.00,"228,000.00"
2019-03-31,2019033101005031,PLIC,6,19,100,455.00,"45,500.00"
2019-03-31,2019033101005104,PMHPL,1,29,10,111.00,"1,110.00"
2019-03-31,2019033101004915,PMHPL,32,44,10,110.00,"1,100.00"
2019-03-31,2019033101004841,PMHPL,32,44,10,110.00,"1,100.00"
2019-03-31,2019033101005268,PRVU,25,36,207,239.00,"49,473.00"
2019-03-31,2019033101005267,PRVU,43,36,50,239.00,"11,950.00"
2019-03-31,2019033101005266,PRVU,48,36,100,239.00,"23,900.00"
2019-03-31,2019033101005265,PRVU,39,36,143,239.00,"34,177.00"
2019-03-31,2019033101004805,PRVU,39,49,207,239.00,"49,473.00"
2019-03-31,2019033101004786,PRVU,39,51,74,239.00,"17,686.00"
2019-03-31,2019033101005202,PRVU,58,8,42,240.00,"10,080.00"
2019-03-31,2019033101005194,PRVU,39,1,200,240.00,"48,000.00"
2019-03-31,2019033101005193,PRVU,39,17,300,240.00,"72,000.00"
2019-03-31,2019033101005108,PRVU,39,45,250,239.00,"59,750.00"
2019-03-31,2019033101004927,PRVU,39,26,100,239.00,"23,900.00"
2019-03-31,2019033101004829,PRVU,39,53,300,239.00,"71,700.00"
2019-03-31,2019033101005073,RLFL,40,28,582,115.00,"66,930.00"
2019-03-31,2019033101005140,RRHP,22,29,10,96.00,960.00
2019-03-31,2019033101004903,RRHP,34,46,20,97.00,"1,940.00"
2019-03-31,2019033101004902,RRHP,34,34,10,97.00,970.00
2019-03-31,2019033101005168,RSDC,32,34,64,362.00,"23,168.00"
2019-03-31,2019033101005034,RSDC,32,54,100,362.00,"36,200.00"
2019-03-31,2019033101005003,SAEF,43,39,500,9.10,"4,550.00"
2019-03-31,2019033101004939,SAEF,25,29,500,9.00,"4,500.00"
2019-03-31,2019033101005226,SANIMA,19,55,353,301.00,"106,253.00"
2019-03-31,2019033101005195,SANIMA,19,19,16,301.00,"4,816.00"
2019-03-31,2019033101005163,SANIMA,19,51,100,301.00,"30,100.00"
2019-03-31,2019033101005024,SANIMA,19,1,131,301.00,"39,431.00"
2019-03-31,2019033101005016,SANIMA,19,1,400,301.00,"120,400.00"
2019-03-31,2019033101005262,SBI,21,21,50,387.00,"19,350.00"
2019-03-31,2019033101004782,SBI,34,55,430,385.00,"165,550.00"
2019-03-31,2019033101004781,SBI,45,55,500,385.00,"192,500.00"
2019-03-31,2019033101004780,SBI,25,55,175,385.00,"67,375.00"
2019-03-31,2019033101004779,SBI,54,55,100,386.00,"38,600.00"
2019-03-31,2019033101004778,SBI,1,55,200,386.00,"77,200.00"
2019-03-31,2019033101005207,SBL,28,34,22,288.00,"6,336.00"
2019-03-31,2019033101004913,SBL,28,28,500,290.00,"145,000.00"
2019-03-31,2019033101004876,SBL,28,29,200,290.00,"58,000.00"
2019-03-31,2019033101004875,SBL,28,48,"1,932",290.00,"560,280.00"
2019-03-31,2019033101004874,SBL,28,42,300,290.00,"87,000.00"
2019-03-31,2019033101004873,SBL,28,37,135,290.00,"39,150.00"
2019-03-31,2019033101005089,SCB,34,28,20,567.00,"11,340.00"
2019-03-31,2019033101004866,SCB,45,55,91,567.00,"51,597.00"
2019-03-31,2019033101004865,SCB,13,55,530,567.00,"300,510.00"
2019-03-31,2019033101004864,SCB,20,55,235,568.00,"133,480.00"
2019-03-31,2019033101004863,SCB,45,55,55,569.00,"31,295.00"
2019-03-31,2019033101004862,SCB,43,34,20,570.00,"11,400.00"
2019-03-31,2019033101005263,SDESI,57,14,1,531.00,531.00
2019-03-31,2019033101005250,SDESI,57,14,1,531.00,531.00
2019-03-31,2019033101005228,SDESI,57,14,1,531.00,531.00
2019-03-31,2019033101005221,SDESI,57,14,1,531.00,531.00
2019-03-31,2019033101005197,SDESI,57,14,1,531.00,531.00
2019-03-31,2019033101005097,SDESI,41,28,13,540.00,"7,020.00"
2019-03-31,2019033101005253,SHIVM,58,16,60,327.00,"19,620.00"
2019-03-31,2019033101005214,SHIVM,58,34,50,327.00,"16,350.00"
2019-03-31,2019033101005192,SHIVM,58,34,50,327.00,"16,350.00"
2019-03-31,2019033101005183,SHIVM,58,16,60,327.00,"19,620.00"
2019-03-31,2019033101005175,SHIVM,58,34,50,327.00,"16,350.00"
2019-03-31,2019033101005151,SHIVM,58,34,50,327.00,"16,350.00"
2019-03-31,2019033101004821,SHIVM,46,20,50,326.00,"16,300.00"
2019-03-31,2019033101004803,SHIVM,46,20,60,326.00,"19,560.00"
2019-03-31,2019033101004801,SHIVM,46,25,50,326.00,"16,300.00"
2019-03-31,2019033101004797,SHIVM,52,29,20,327.00,"6,540.00"
2019-03-31,2019033101004796,SHIVM,52,50,30,327.00,"9,810.00"
2019-03-31,2019033101004787,SHIVM,46,25,50,326.00,"16,300.00"
2019-03-31,2019033101004921,SHIVM,19,36,50,327.00,"16,350.00"
2019-03-31,2019033101004920,SHIVM,19,29,50,327.00,"16,350.00"
2019-03-31,2019033101004919,SHIVM,19,29,20,327.00,"6,540.00"
2019-03-31,2019033101004918,SHIVM,19,22,50,327.00,"16,350.00"
2019-03-31,2019033101004898,SHIVM,21,29,10,327.00,"3,270.00"
2019-03-31,2019033101004839,SHIVM,46,43,500,326.00,"163,000.00"
2019-03-31,2019033101004931,SHIVM,46,29,50,326.00,"16,300.00"
2019-03-31,2019033101004926,SHIVM,19,21,50,327.00,"16,350.00"
2019-03-31,2019033101004925,SHIVM,19,49,50,327.00,"16,350.00"
2019-03-31,2019033101004924,SHIVM,19,36,50,327.00,"16,350.00"
2019-03-31,2019033101004923,SHIVM,19,36,50,327.00,"16,350.00"
2019-03-31,2019033101004922,SHIVM,19,36,50,327.00,"16,350.00"
2019-03-31,2019033101004969,SHIVM,36,41,50,328.00,"16,400.00"
2019-03-31,2019033101004968,SHIVM,36,41,50,328.00,"16,400.00"
2019-03-31,2019033101004967,SHIVM,36,41,50,328.00,"16,400.00"
2019-03-31,2019033101004966,SHIVM,36,41,50,328.00,"16,400.00"
2019-03-31,2019033101004965,SHIVM,36,41,50,328.00,"16,400.00"
2019-03-31,2019033101004956,SHIVM,46,29,50,326.00,"16,300.00"
2019-03-31,2019033101004975,SHIVM,36,29,50,328.00,"16,400.00"
2019-03-31,2019033101004974,SHIVM,36,29,50,328.00,"16,400.00"
2019-03-31,2019033101004973,SHIVM,36,53,40,328.00,"13,120.00"
2019-03-31,2019033101004972,SHIVM,36,41,50,328.00,"16,400.00"
2019-03-31,2019033101004971,SHIVM,36,41,50,328.00,"16,400.00"
2019-03-31,2019033101004970,SHIVM,36,41,50,328.00,"16,400.00"
2019-03-31,2019033101004981,SHIVM,36,39,50,328.00,"16,400.00"
2019-03-31,2019033101004980,SHIVM,36,39,50,328.00,"16,400.00"
2019-03-31,2019033101004979,SHIVM,36,39,50,328.00,"16,400.00"
2019-03-31,2019033101004978,SHIVM,36,39,50,328.00,"16,400.00"
2019-03-31,2019033101004977,SHIVM,36,39,50,328.00,"16,400.00"
2019-03-31,2019033101004976,SHIVM,36,51,500,328.00,"164,000.00"
2019-03-31,2019033101004987,SHIVM,36,29,50,330.00,"16,500.00"
2019-03-31,2019033101004986,SHIVM,36,42,50,330.00,"16,500.00"
2019-03-31,2019033101004985,SHIVM,36,56,50,330.00,"16,500.00"
2019-03-31,2019033101004984,SHIVM,36,42,500,330.00,"165,000.00"
2019-03-31,2019033101004983,SHIVM,36,45,450,329.00,"148,050.00"
2019-03-31,2019033101004982,SHIVM,36,42,50,329.00,"16,450.00"
2019-03-31,2019033101004993,SHIVM,36,22,70,330.00,"23,100.00"
2019-03-31,2019033101004992,SHIVM,36,38,50,330.00,"16,500.00"
2019-03-31,2019033101004991,SHIVM,36,57,50,330.00,"16,500.00"
2019-03-31,2019033101004990,SHIVM,36,57,50,330.00,"16,500.00"
2019-03-31,2019033101004989,SHIVM,36,57,50,330.00,"16,500.00"
2019-03-31,2019033101004988,SHIVM,36,57,50,330.00,"16,500.00"
2019-03-31,2019033101005142,SHIVM,58,34,50,327.00,"16,350.00"
2019-03-31,2019033101005080,SHIVM,58,33,50,327.00,"16,350.00"
2019-03-31,2019033101004997,SHIVM,36,57,110,330.00,"36,300.00"
2019-03-31,2019033101004996,SHIVM,36,57,50,330.00,"16,500.00"
2019-03-31,2019033101004995,SHIVM,36,25,50,330.00,"16,500.00"
2019-03-31,2019033101004994,SHIVM,36,45,30,330.00,"9,900.00"
2019-03-31,2019033101005095,SHPC,16,58,110,224.00,"24,640.00"
2019-03-31,2019033101004859,SHPC,41,39,90,225.00,"20,250.00"
2019-03-31,2019033101004858,SHPC,41,41,110,225.00,"24,750.00"
2019-03-31,2019033101005161,SICL,34,34,128,880.00,"112,640.00"
2019-03-31,2019033101005101,SICL,29,28,113,877.00,"99,101.00"
2019-03-31,2019033101005044,SIFC,17,35,100,134.00,"13,400.00"
2019-03-31,2019033101005059,SIL,41,10,300,592.00,"177,600.00"
2019-03-31,2019033101005058,SIL,29,10,100,595.00,"59,500.00"
2019-03-31,2019033101005057,SIL,58,10,100,595.00,"59,500.00"
2019-03-31,2019033101005094,SLBBL,19,54,48,491.00,"23,568.00"
2019-03-31,2019033101005224,SLICL,58,29,38,520.00,"19,760.00"
2019-03-31,2019033101005011,SLICL,16,16,1,511.00,511.00
2019-03-31,2019033101004870,SLICL,6,29,50,521.00,"26,050.00"
2019-03-31,2019033101004869,SLICL,57,29,50,521.00,"26,050.00"
2019-03-31,2019033101004883,SPDL,45,17,15,104.00,"1,560.00"
2019-03-31,2019033101004882,SPDL,45,17,15,104.00,"1,560.00"
2019-03-31,2019033101004881,SPDL,45,45,15,104.00,"1,560.00"
2019-03-31,2019033101004880,SPDL,45,58,15,104.00,"1,560.00"
2019-03-31,2019033101004879,SPDL,45,58,15,104.00,"1,560.00"
2019-03-31,2019033101004878,SPDL,45,58,15,104.00,"1,560.00"
2019-03-31,2019033101004877,SPDL,45,58,15,104.00,"1,560.00"
2019-03-31,2019033101005206,SRBL,28,55,424,217.00,"92,008.00"
2019-03-31,2019033101005205,SRBL,28,55,144,217.00,"31,248.00"
2019-03-31,2019033101005178,SRBL,28,55,856,217.00,"185,752.00"
2019-03-31,2019033101005177,SRBL,28,55,573,217.00,"124,341.00"
2019-03-31,2019033101005176,SRBL,45,55,"1,210",218.00,"263,780.00"
2019-03-31,2019033101004793,SRBL,28,51,"1,285",219.00,"281,415.00"
2019-03-31,2019033101004792,SRBL,28,51,200,219.00,"43,800.00"
2019-03-31,2019033101004791,SRBL,28,56,123,219.00,"26,937.00"
2019-03-31,2019033101004790,SRBL,28,43,300,219.00,"65,700.00"
2019-03-31,2019033101004789,SRBL,28,43,227,219.00,"49,713.00"
2019-03-31,2019033101004788,SRBL,28,32,65,218.00,"14,170.00"
2019-03-31,2019033101005144,TRH,37,28,10,238.00,"2,380.00"
2019-03-31,2019033101004933,TRH,1,58,105,240.00,"25,200.00"
2019-03-31,2019033101005276,UPPER,50,11,17,237.00,"4,029.00"
2019-03-31,2019033101005254,UPPER,50,34,50,237.00,"11,850.00"
2019-03-31,2019033101005189,UPPER,25,41,120,238.00,"28,560.00"
2019-03-31,2019033101005188,UPPER,39,41,810,238.00,"192,780.00"
2019-03-31,2019033101005187,UPPER,38,41,77,238.00,"18,326.00"
2019-03-31,2019033101004834,UPPER,49,38,50,238.00,"11,900.00"
2019-03-31,2019033101004833,UPPER,49,44,50,238.00,"11,900.00"
2019-03-31,2019033101004826,UPPER,49,11,40,238.00,"9,520.00"
2019-03-31,2019033101004820,UPPER,49,44,40,238.00,"9,520.00"
2019-03-31,2019033101004798,UPPER,49,44,40,238.00,"9,520.00"
2019-03-31,2019033101004897,UPPER,38,44,2,238.00,476.00
2019-03-31,2019033101004896,UPPER,38,11,18,238.00,"4,284.00"
2019-03-31,2019033101004895,UPPER,49,11,22,238.00,"5,236.00"
2019-03-31,2019033101004861,UPPER,49,11,50,238.00,"11,900.00"
2019-03-31,2019033101004840,UPPER,49,44,50,238.00,"11,900.00"
2019-03-31,2019033101004838,UPPER,49,11,293,238.00,"69,734.00"
2019-03-31,2019033101004930,UPPER,26,11,40,238.00,"9,520.00"
2019-03-31,2019033101004928,UPPER,26,39,50,238.00,"11,900.00"
2019-03-31,2019033101004916,UPPER,26,39,50,238.00,"11,900.00"
2019-03-31,2019033101004912,UPPER,26,11,40,238.00,"9,520.00"
2019-03-31,2019033101004911,UPPER,11,11,10,238.00,"2,380.00"
2019-03-31,2019033101004899,UPPER,11,39,40,238.00,"9,520.00"
2019-03-31,2019033101004957,UPPER,26,42,50,238.00,"11,900.00"
2019-03-31,2019033101004946,UPPER,26,35,61,238.00,"14,518.00"
2019-03-31,2019033101004942,UPPER,26,39,50,238.00,"11,900.00"
2019-03-31,2019033101004936,UPPER,26,39,40,238.00,"9,520.00"
2019-03-31,2019033101004934,UPPER,26,11,40,238.00,"9,520.00"
2019-03-31,2019033101004932,UPPER,26,39,40,238.00,"9,520.00"
2019-03-31,2019033101005020,UPPER,1,11,50,238.00,"11,900.00"
2019-03-31,2019033101005008,UPPER,1,39,40,238.00,"9,520.00"
2019-03-31,2019033101005002,UPPER,1,42,40,238.00,"9,520.00"
2019-03-31,2019033101004999,UPPER,1,11,40,238.00,"9,520.00"
2019-03-31,2019033101004998,UPPER,1,39,40,238.00,"9,520.00"
2019-03-31,2019033101004958,UPPER,26,39,39,238.00,"9,282.00"
2019-03-31,2019033101005038,UPPER,1,11,50,238.00,"11,900.00"
2019-03-31,2019033101005037,UPPER,1,39,40,238.00,"9,520.00"
2019-03-31,2019033101005033,UPPER,1,34,40,238.00,"9,520.00"
2019-03-31,2019033101005030,UPPER,1,39,50,238.00,"11,900.00"
2019-03-31,2019033101005029,UPPER,1,11,50,238.00,"11,900.00"
2019-03-31,2019033101005023,UPPER,1,39,40,238.00,"9,520.00"
2019-03-31,2019033101005075,UPPER,22,39,50,238.00,"11,900.00"
2019-03-31,2019033101005060,UPPER,22,34,40,238.00,"9,520.00"
2019-03-31,2019033101005056,UPPER,22,39,40,238.00,"9,520.00"
2019-03-31,2019033101005048,UPPER,22,34,20,238.00,"4,760.00"
2019-03-31,2019033101005047,UPPER,1,34,30,238.00,"7,140.00"
2019-03-31,2019033101005046,UPPER,1,39,40,238.00,"9,520.00"
2019-03-31,2019033101005106,UPPER,22,28,280,238.00,"66,640.00"
2019-03-31,2019033101005102,UPPER,22,34,50,238.00,"11,900.00"
2019-03-31,2019033101005098,UPPER,22,39,40,238.00,"9,520.00"
2019-03-31,2019033101005091,UPPER,22,39,40,238.00,"9,520.00"
2019-03-31,2019033101005085,UPPER,22,34,40,238.00,"9,520.00"
2019-03-31,2019033101005156,UPPER,39,39,1,238.00,238.00
2019-03-31,2019033101005145,UPPER,38,21,50,238.00,"11,900.00"
2019-03-31,2019033101005111,UPPER,38,34,40,238.00,"9,520.00"
2019-03-31,2019033101005110,UPPER,38,28,50,238.00,"11,900.00"
2019-03-31,2019033101005107,UPPER,38,28,13,238.00,"3,094.00"
2019-03-31,2019033101004743,ADBL,29,59,15,295.00,"4,425.00"
2019-03-31,2019033101004722,ADBL,41,59,100,295.00,"29,500.00"
2019-03-31,2019033101004312,ADBL,45,45,200,294.00,"58,800.00"
2019-03-31,2019033101004612,AKJCL,39,29,10,80.00,800.00
2019-03-31,2019033101004503,AKJCL,39,17,10,80.00,800.00
2019-03-31,2019033101004476,AKJCL,39,29,10,80.00,800.00
2019-03-31,2019033101004424,AKJCL,39,17,10,80.00,800.00
2019-03-31,2019033101004768,ALBSL,29,40,10,480.00,"4,800.00"
2019-03-31,2019033101004756,ALBSL,29,44,10,480.00,"4,800.00"
2019-03-31,2019033101004751,ALBSL,29,40,10,480.00,"4,800.00"
2019-03-31,2019033101004745,ALBSL,29,40,10,480.00,"4,800.00"
2019-03-31,2019033101004737,ALBSL,29,44,10,480.00,"4,800.00"
2019-03-31,2019033101004708,ALBSL,29,40,10,480.00,"4,800.00"
2019-03-31,2019033101004394,ALBSL,48,51,10,482.00,"4,820.00"
2019-03-31,2019033101004388,ALBSL,48,1,10,482.00,"4,820.00"
2019-03-31,2019033101004384,ALBSL,48,51,10,482.00,"4,820.00"
2019-03-31,2019033101004372,ALBSL,48,1,10,482.00,"4,820.00"
2019-03-31,2019033101004368,ALBSL,48,51,10,482.00,"4,820.00"
2019-03-31,2019033101004334,ALBSL,48,1,10,482.00,"4,820.00"
2019-03-31,2019033101004441,ALBSL,48,17,10,482.00,"4,820.00"
2019-03-31,2019033101004440,ALBSL,48,51,10,482.00,"4,820.00"
2019-03-31,2019033101004431,ALBSL,48,51,10,482.00,"4,820.00"
2019-03-31,2019033101004421,ALBSL,48,51,10,482.00,"4,820.00"
2019-03-31,2019033101004406,ALBSL,48,51,10,482.00,"4,820.00"
2019-03-31,2019033101004402,ALBSL,48,51,10,482.00,"4,820.00"
2019-03-31,2019033101004478,ALBSL,48,21,10,482.00,"4,820.00"
2019-03-31,2019033101004477,ALBSL,48,51,10,482.00,"4,820.00"
2019-03-31,2019033101004469,ALBSL,48,51,10,482.00,"4,820.00"
2019-03-31,2019033101004463,ALBSL,48,1,10,482.00,"4,820.00"
2019-03-31,2019033101004458,ALBSL,25,51,10,483.00,"4,830.00"
2019-03-31,2019033101004446,ALBSL,48,51,10,482.00,"4,820.00"
2019-03-31,2019033101004525,ALBSL,19,39,10,481.00,"4,810.00"
2019-03-31,2019033101004522,ALBSL,19,40,10,481.00,"4,810.00"
2019-03-31,2019033101004514,ALBSL,19,39,10,481.00,"4,810.00"
2019-03-31,2019033101004507,ALBSL,19,39,10,481.00,"4,810.00"
2019-03-31,2019033101004492,ALBSL,19,51,10,481.00,"4,810.00"
2019-03-31,2019033101004482,ALBSL,48,51,10,482.00,"4,820.00"
2019-03-31,2019033101004567,ALBSL,19,39,10,481.00,"4,810.00"
2019-03-31,2019033101004549,ALBSL,19,40,10,481.00,"4,810.00"
2019-03-31,2019033101004544,ALBSL,19,39,10,481.00,"4,810.00"
2019-03-31,2019033101004542,ALBSL,19,51,10,481.00,"4,810.00"
2019-03-31,2019033101004540,ALBSL,19,40,10,481.00,"4,810.00"
2019-03-31,2019033101004528,ALBSL,19,40,10,481.00,"4,810.00"
2019-03-31,2019033101004588,ALBSL,19,40,10,481.00,"4,810.00"
2019-03-31,2019033101004585,ALBSL,19,39,10,481.00,"4,810.00"
2019-03-31,2019033101004577,ALBSL,19,40,10,481.00,"4,810.00"
2019-03-31,2019033101004575,ALBSL,19,39,10,481.00,"4,810.00"
2019-03-31,2019033101004571,ALBSL,19,40,10,481.00,"4,810.00"
2019-03-31,2019033101004569,ALBSL,19,40,10,481.00,"4,810.00"
2019-03-31,2019033101004617,ALBSL,57,39,10,481.00,"4,810.00"
2019-03-31,2019033101004614,ALBSL,57,40,10,481.00,"4,810.00"
2019-03-31,2019033101004606,ALBSL,57,40,10,481.00,"4,810.00"
2019-03-31,2019033101004602,ALBSL,57,40,10,481.00,"4,810.00"
2019-03-31,2019033101004601,ALBSL,32,39,10,481.00,"4,810.00"
2019-03-31,2019033101004591,ALBSL,32,40,10,481.00,"4,810.00"
2019-03-31,2019033101004659,ALBSL,42,39,10,481.00,"4,810.00"
2019-03-31,2019033101004655,ALBSL,42,40,10,481.00,"4,810.00"
2019-03-31,2019033101004646,ALBSL,42,40,10,481.00,"4,810.00"
2019-03-31,2019033101004629,ALBSL,42,39,10,481.00,"4,810.00"
2019-03-31,2019033101004623,ALBSL,43,40,10,481.00,"4,810.00"
2019-03-31,2019033101004622,ALBSL,57,17,10,481.00,"4,810.00"
2019-03-31,2019033101004697,ALBSL,42,40,10,481.00,"4,810.00"
2019-03-31,2019033101004696,ALBSL,42,39,10,481.00,"4,810.00"
2019-03-31,2019033101004679,ALBSL,42,40,10,481.00,"4,810.00"
2019-03-31,2019033101004677,ALBSL,42,46,10,481.00,"4,810.00"
2019-03-31,2019033101004670,ALBSL,42,40,10,481.00,"4,810.00"
2019-03-31,2019033101004662,ALBSL,42,53,10,481.00,"4,810.00"
2019-03-31,2019033101004687,ALICL,19,43,12,390.00,"4,680.00"
2019-03-31,2019033101004630,AMFI,45,29,10,655.00,"6,550.00"
2019-03-31,2019033101004371,AMFI,45,28,90,655.00,"58,950.00"
2019-03-31,2019033101004370,AMFI,17,28,10,656.00,"6,560.00"
2019-03-31,2019033101004291,AMFI,29,50,10,658.00,"6,580.00"
2019-03-31,2019033101004702,API,6,26,18,135.00,"2,430.00"
2019-03-31,2019033101004660,API,6,57,11,135.00,"1,485.00"
2019-03-31,2019033101004432,API,6,43,450,135.00,"60,750.00"
2019-03-31,2019033101004678,BARUN,26,57,10,96.00,960.00
2019-03-31,2019033101004365,BARUN,42,32,20,97.00,"1,940.00"
2019-03-31,2019033101004364,BARUN,42,34,80,97.00,"7,760.00"
2019-03-31,2019033101004747,BOKL,42,44,63,242.00,"15,246.00"
2019-03-31,2019033101004654,BOKL,25,44,100,242.00,"24,200.00"
2019-03-31,2019033101004597,BOKL,25,50,706,242.00,"170,852.00"
2019-03-31,2019033101004596,BOKL,25,44,276,242.00,"66,792.00"
2019-03-31,2019033101004527,BOKL,45,44,146,242.00,"35,332.00"
2019-03-31,2019033101004526,BOKL,55,44,300,242.00,"72,600.00"
2019-03-31,2019033101004703,BPCL,51,25,20,355.00,"7,100.00"
2019-03-31,2019033101004653,BPCL,25,29,33,354.00,"11,682.00"
2019-03-31,2019033101004551,BPCL,25,51,11,354.00,"3,894.00"
2019-03-31,2019033101004493,BPCL,25,29,33,354.00,"11,682.00"
2019-03-31,2019033101004472,BPCL,25,1,11,354.00,"3,894.00"
2019-03-31,2019033101004433,BPCL,25,1,11,354.00,"3,894.00"
2019-03-31,2019033101004396,BPCL,25,1,11,354.00,"3,894.00"
2019-03-31,2019033101004309,BPCL,25,1,11,354.00,"3,894.00"
2019-03-31,2019033101004474,CBBL,21,26,85,886.00,"75,310.00"
2019-03-31,2019033101004631,CBL,51,44,222,156.00,"34,632.00"
2019-03-31,2019033101004404,CBL,51,53,13,156.00,"2,028.00"
2019-03-31,2019033101004304,CBL,51,53,"1,979",156.00,"308,724.00"
2019-03-31,2019033101004303,CBL,45,53,21,156.00,"3,276.00"
2019-03-31,2019033101004694,CCBL,14,57,81,165.00,"13,365.00"
2019-03-31,2019033101004693,CCBL,14,51,19,165.00,"3,135.00"
2019-03-31,2019033101004517,CCBL,14,46,116,165.00,"19,140.00"
2019-03-31,2019033101004386,CCBL,50,6,31,164.00,"5,084.00"
2019-03-31,2019033101004322,CCBL,36,42,207,165.00,"34,155.00"
2019-03-31,2019033101004392,CEFL,28,26,200,99.00,"19,800.00"
2019-03-31,2019033101004692,CHCL,32,49,34,502.00,"17,068.00"
2019-03-31,2019033101004691,CHCL,32,38,66,502.00,"33,132.00"
2019-03-31,2019033101004342,CHCL,39,26,20,501.00,"10,020.00"
2019-03-31,2019033101004341,CHCL,19,26,21,501.00,"10,521.00"
2019-03-31,2019033101004462,CHL,43,59,10,102.00,"1,020.00"
2019-03-31,2019033101004447,CHL,43,59,10,102.00,"1,020.00"
2019-03-31,2019033101004755,CHLBS,7,14,10,518.00,"5,180.00"
2019-03-31,2019033101004732,CHLBS,14,16,10,519.00,"5,190.00"
2019-03-31,2019033101004731,CHLBS,49,16,50,519.00,"25,950.00"
2019-03-31,2019033101004730,CHLBS,29,16,70,519.00,"36,330.00"
2019-03-31,2019033101004721,CHLBS,14,22,10,520.00,"5,200.00"
2019-03-31,2019033101004647,CHLBS,29,32,10,519.00,"5,190.00"
2019-03-31,2019033101004383,CHLBS,22,44,10,520.00,"5,200.00"
2019-03-31,2019033101004356,CHLBS,22,59,10,520.00,"5,200.00"
2019-03-31,2019033101004315,CHLBS,29,59,10,519.00,"5,190.00"
2019-03-31,2019033101004641,CHLBS,43,16,100,520.00,"52,000.00"
2019-03-31,2019033101004640,CHLBS,14,16,20,520.00,"10,400.00"
2019-03-31,2019033101004639,CHLBS,22,16,60,520.00,"31,200.00"
2019-03-31,2019033101004605,CHLBS,25,44,10,521.00,"5,210.00"
2019-03-31,2019033101004582,CHLBS,22,39,10,520.00,"5,200.00"
2019-03-31,2019033101004563,CHLBS,22,39,10,520.00,"5,200.00"
2019-03-31,2019033101004682,CIT,46,44,25,"2,617.00","65,425.00"
2019-03-31,2019033101004301,CIT,21,6,10,"2,615.00","26,150.00"
2019-03-31,2019033101004308,CLBSL,28,28,10,576.00,"5,760.00"
2019-03-31,2019033101004562,CZBIL,35,45,328,211.00,"69,208.00"
2019-03-31,2019033101004561,CZBIL,35,39,100,211.00,"21,100.00"
2019-03-31,2019033101004560,CZBIL,35,39,500,210.00,"105,000.00"
2019-03-31,2019033101004559,CZBIL,35,1,253,210.00,"53,130.00"
2019-03-31,2019033101004558,CZBIL,35,11,358,210.00,"75,180.00"
2019-03-31,2019033101004557,CZBIL,35,33,110,210.00,"23,100.00"
2019-03-31,2019033101004556,CZBIL,35,37,528,210.00,"110,880.00"
2019-03-31,2019033101004555,CZBIL,35,13,40,210.00,"8,400.00"
2019-03-31,2019033101004554,CZBIL,35,14,283,210.00,"59,430.00"
2019-03-31,2019033101004590,DBBL,36,37,28,126.00,"3,528.00"
2019-03-31,2019033101004331,DBBL,36,29,"1,000",126.00,"126,000.00"
2019-03-31,2019033101004330,DBBL,36,37,472,126.00,"59,472.00"
2019-03-31,2019033101004600,DDBL,57,6,200,586.00,"117,200.00"
2019-03-31,2019033101004599,DDBL,21,6,50,586.00,"29,300.00"
2019-03-31,2019033101004598,DDBL,28,6,49,587.00,"28,763.00"
2019-03-31,2019033101004565,DDBL,28,11,39,587.00,"22,893.00"
2019-03-31,2019033101004548,EBL,14,41,10,560.00,"5,600.00"
2019-03-31,2019033101004566,EIC,49,40,14,850.00,"11,900.00"
2019-03-31,2019033101004627,FOWAD,42,28,15,"1,520.00","22,800.00"
2019-03-31,2019033101004626,FOWAD,42,17,15,"1,519.00","22,785.00"
2019-03-31,2019033101004625,FOWAD,42,17,15,"1,519.00","22,785.00"
2019-03-31,2019033101004624,FOWAD,42,32,25,"1,518.00","37,950.00"
2019-03-31,2019033101004369,GBBL,25,35,100,190.00,"19,000.00"
2019-03-31,2019033101004642,GBIME,36,44,68,261.00,"17,748.00"
2019-03-31,2019033101004502,GBLBS,38,29,10,448.00,"4,480.00"
2019-03-31,2019033101004419,GBLBS,38,10,10,448.00,"4,480.00"
2019-03-31,2019033101004366,GBLBS,34,10,50,449.00,"22,450.00"
2019-03-31,2019033101004352,GBLBS,34,26,10,449.00,"4,490.00"
2019-03-31,2019033101004466,HGI,58,26,50,377.00,"18,850.00"
2019-03-31,2019033101004704,HIDCL,25,57,28,133.00,"3,724.00"
2019-03-31,2019033101004541,HIDCL,22,54,50,134.00,"6,700.00"
2019-03-31,2019033101004496,HIDCL,25,34,60,133.00,"7,980.00"
2019-03-31,2019033101004471,HIDCL,25,49,788,134.00,"105,592.00"
2019-03-31,2019033101004470,HIDCL,25,26,145,134.00,"19,430.00"
2019-03-31,2019033101004393,HIDCL,25,53,29,133.00,"3,857.00"
2019-03-31,2019033101004305,HIDCL,37,14,56,134.00,"7,504.00"
2019-03-31,2019033101004712,HPPL,13,57,20,183.00,"3,660.00"
2019-03-31,2019033101004546,HPPL,1,25,10,184.00,"1,840.00"
2019-03-31,2019033101004545,HPPL,1,51,10,184.00,"1,840.00"
2019-03-31,2019033101004495,HPPL,13,17,20,183.00,"3,660.00"
2019-03-31,2019033101004389,HPPL,45,17,10,182.00,"1,820.00"
2019-03-31,2019033101004375,HPPL,45,53,10,182.00,"1,820.00"
2019-03-31,2019033101004374,HPPL,1,53,10,183.00,"1,830.00"
2019-03-31,2019033101004547,ICFC,41,35,100,151.00,"15,100.00"
2019-03-31,2019033101004719,JBNL,58,57,32,173.00,"5,536.00"
2019-03-31,2019033101004523,JBNL,58,58,60,173.00,"10,380.00"
2019-03-31,2019033101004491,JBNL,47,59,78,174.00,"13,572.00"
2019-03-31,2019033101004490,JBNL,47,50,11,174.00,"1,914.00"
2019-03-31,2019033101004481,JBNL,47,50,60,174.00,"10,440.00"
2019-03-31,2019033101004461,JBNL,47,50,55,174.00,"9,570.00"
2019-03-31,2019033101004321,JBNL,58,38,"1,176",173.00,"203,448.00"
2019-03-31,2019033101004445,JBNL,47,50,100,174.00,"17,400.00"
2019-03-31,2019033101004435,JBNL,47,50,100,174.00,"17,400.00"
2019-03-31,2019033101004405,JBNL,47,50,75,174.00,"13,050.00"
2019-03-31,2019033101004400,JBNL,47,50,90,174.00,"15,660.00"
2019-03-31,2019033101004395,JBNL,47,50,85,174.00,"14,790.00"
2019-03-31,2019033101004378,JBNL,47,50,85,174.00,"14,790.00"
2019-03-31,2019033101004695,JSLBB,58,58,10,"2,100.00","21,000.00"
2019-03-31,2019033101004468,JSLBB,54,58,10,"2,101.00","21,010.00"
2019-03-31,2019033101004467,JSLBB,48,58,20,"2,101.00","42,020.00"
2019-03-31,2019033101004311,KBL,4,38,629,236.00,"148,444.00"
2019-03-31,2019033101004343,KPCL,25,1,11,92.00,"1,012.00"
2019-03-31,2019033101004313,KPCL,25,1,10,92.00,920.00
2019-03-31,2019033101004412,KPCL,25,1,10,92.00,920.00
2019-03-31,2019033101004390,KPCL,25,29,10,92.00,920.00
2019-03-31,2019033101004376,KPCL,25,1,10,92.00,920.00
2019-03-31,2019033101004475,KPCL,25,1,10,92.00,920.00
2019-03-31,2019033101004443,KPCL,25,1,10,92.00,920.00
2019-03-31,2019033101004420,KPCL,25,17,10,92.00,920.00
2019-03-31,2019033101004512,KPCL,25,29,10,92.00,920.00
2019-03-31,2019033101004499,KPCL,25,17,10,92.00,920.00
2019-03-31,2019033101004479,KPCL,25,1,10,92.00,920.00
2019-03-31,2019033101004671,KPCL,1,29,10,93.00,930.00
2019-03-31,2019033101004537,KSBBL,5,58,100,139.00,"13,900.00"
2019-03-31,2019033101004753,LBBL,58,50,725,170.00,"123,250.00"
2019-03-31,2019033101004739,LBBL,53,32,"1,000",171.00,"171,000.00"
2019-03-31,2019033101004603,LBBL,6,57,746,171.00,"127,566.00"
2019-03-31,2019033101004580,LBBL,58,58,"3,952",170.00,"671,840.00"
2019-03-31,2019033101004579,LBBL,25,58,200,170.00,"34,000.00"
2019-03-31,2019033101004578,LBBL,53,58,"2,000",170.00,"340,000.00"
2019-03-31,2019033101004550,LBBL,48,32,300,171.00,"51,300.00"
2019-03-31,2019033101004656,LBL,51,40,50,193.00,"9,650.00"
2019-03-31,2019033101004609,LBL,33,55,850,192.00,"163,200.00"
2019-03-31,2019033101004608,LBL,22,55,150,192.00,"28,800.00"
2019-03-31,2019033101004452,LBL,33,16,200,192.00,"38,400.00"
2019-03-31,2019033101004451,LBL,33,16,985,192.00,"189,120.00"
2019-03-31,2019033101004353,LBL,33,53,15,192.00,"2,880.00"
2019-03-31,2019033101004436,LGIL,40,19,120,500.00,"60,000.00"
2019-03-31,2019033101004430,LGIL,40,14,200,500.00,"100,000.00"
2019-03-31,2019033101004429,LGIL,44,14,100,500.00,"50,000.00"
2019-03-31,2019033101004428,LGIL,7,14,50,500.00,"25,000.00"
2019-03-31,2019033101004427,LGIL,48,14,200,500.00,"100,000.00"
2019-03-31,2019033101004426,LGIL,22,14,50,501.00,"25,050.00"
2019-03-31,2019033101004425,LGIL,43,14,200,501.00,"100,200.00"
2019-03-31,2019033101004411,LGIL,22,10,100,502.00,"50,200.00"
2019-03-31,2019033101004410,LGIL,22,10,75,502.00,"37,650.00"
2019-03-31,2019033101004409,LGIL,45,10,100,503.00,"50,300.00"
2019-03-31,2019033101004408,LGIL,29,10,50,503.00,"25,150.00"
2019-03-31,2019033101004407,LGIL,51,10,77,503.00,"38,731.00"
2019-03-31,2019033101004620,LICN,57,58,50,"1,490.00","74,500.00"
2019-03-31,2019033101004619,LICN,28,58,188,"1,491.00","280,308.00"
2019-03-31,2019033101004616,MBL,14,55,"1,000",222.00,"222,000.00"
2019-03-31,2019033101004381,MBL,11,8,223,221.00,"49,283.00"
2019-03-31,2019033101004380,MBL,14,8,500,221.00,"110,500.00"
2019-03-31,2019033101004379,MBL,51,8,309,221.00,"68,289.00"
2019-03-31,2019033101004729,MEGA,58,57,33,160.00,"5,280.00"
2019-03-31,2019033101004645,MEGA,36,55,19,161.00,"3,059.00"
2019-03-31,2019033101004644,MEGA,36,55,19,161.00,"3,059.00"
2019-03-31,2019033101004643,MEGA,36,44,"1,367",161.00,"220,087.00"
2019-03-31,2019033101004637,MEGA,58,43,365,160.00,"58,400.00"
2019-03-31,2019033101004636,MEGA,50,43,"1,000",160.00,"160,000.00"
2019-03-31,2019033101004635,MEGA,33,43,835,160.00,"133,600.00"
2019-03-31,2019033101004363,MEGA,33,26,165,160.00,"26,400.00"
2019-03-31,2019033101004362,MEGA,11,26,162,160.00,"25,920.00"
2019-03-31,2019033101004314,MEGA,11,28,10,160.00,"1,600.00"
2019-03-31,2019033101004293,MEGA,11,14,28,160.00,"4,480.00"
2019-03-31,2019033101004553,MFIL,28,1,50,112.00,"5,600.00"
2019-03-31,2019033101004489,MFIL,51,25,704,110.00,"77,440.00"
2019-03-31,2019033101004488,MFIL,34,25,500,110.00,"55,000.00"
2019-03-31,2019033101004487,MFIL,59,25,300,110.00,"33,000.00"
2019-03-31,2019033101004486,MFIL,1,25,100,111.00,"11,100.00"
2019-03-31,2019033101004762,MMFDB,50,21,20,916.00,"18,320.00"
2019-03-31,2019033101004652,MNBBL,6,45,12,344.00,"4,128.00"
2019-03-31,2019033101004651,MNBBL,14,45,59,344.00,"20,296.00"
2019-03-31,2019033101004506,MNBBL,47,33,10,345.00,"3,450.00"
2019-03-31,2019033101004628,MPFL,16,42,10,143.00,"1,430.00"
2019-03-31,2019033101004699,MSLB,21,22,15,"1,253.00","18,795.00"
2019-03-31,2019033101004589,MSLB,45,32,10,"1,255.00","12,550.00"
2019-03-31,2019033101004688,NADEP,49,29,10,664.00,"6,640.00"
2019-03-31,2019033101004318,NADEP,49,51,10,665.00,"6,650.00"
2019-03-31,2019033101004727,NBBL,56,52,29,609.00,"17,661.00"
2019-03-31,2019033101004734,NBL,58,25,150,289.00,"43,350.00"
2019-03-31,2019033101004733,NBL,58,13,"1,100",289.00,"317,900.00"
2019-03-31,2019033101004329,NBL,11,49,500,289.00,"144,500.00"
2019-03-31,2019033101004328,NBL,57,49,50,289.00,"14,450.00"
2019-03-31,2019033101004327,NBL,38,49,"2,000",289.00,"578,000.00"
2019-03-31,2019033101004326,NBL,52,49,"1,000",289.00,"289,000.00"
2019-03-31,2019033101004325,NBL,17,49,86,289.00,"24,854.00"
2019-03-31,2019033101004700,NCCB,28,58,225,212.00,"47,700.00"
2019-03-31,2019033101004564,NCCB,33,44,100,213.00,"21,300.00"
2019-03-31,2019033101004532,NCCB,28,50,450,212.00,"95,400.00"
2019-03-31,2019033101004531,NCCB,28,57,336,212.00,"71,232.00"
2019-03-31,2019033101004530,NCCB,28,4,500,212.00,"106,000.00"
2019-03-31,2019033101004457,NCCB,36,4,500,212.00,"106,000.00"
2019-03-31,2019033101004456,NCCB,36,25,500,212.00,"106,000.00"
2019-03-31,2019033101004416,NCCB,13,53,13,211.00,"2,743.00"
2019-03-31,2019033101004480,NEF,1,41,400,8.03,"3,212.00"
2019-03-31,2019033101004398,NHDL,49,17,10,127.00,"1,270.00"
2019-03-31,2019033101004450,NHPC,19,28,"1,000",72.00,"72,000.00"
2019-03-31,2019033101004449,NHPC,6,28,850,72.00,"61,200.00"
2019-03-31,2019033101004749,NIB,38,39,50,529.00,"26,450.00"
2019-03-31,2019033101004709,NIB,20,26,32,528.00,"16,896.00"
2019-03-31,2019033101004615,NIB,45,53,12,529.00,"6,348.00"
2019-03-31,2019033101004333,NIB,14,53,20,529.00,"10,580.00"
2019-03-31,2019033101004464,NIBLPF,32,51,291,7.14,"2,077.74"
2019-03-31,2019033101004513,NIBLPF,32,41,450,7.14,"3,213.00"
2019-03-31,2019033101004465,NIBLPF,32,51,214,7.00,"1,498.00"
2019-03-31,2019033101004680,NIBPO,53,21,20,492.00,"9,840.00"
2019-03-31,2019033101004698,NICA,35,45,92,400.00,"36,800.00"
2019-03-31,2019033101004594,NICA,35,14,500,400.00,"200,000.00"
2019-03-31,2019033101004576,NICA,35,25,100,400.00,"40,000.00"
2019-03-31,2019033101004536,NICA,35,48,100,400.00,"40,000.00"
2019-03-31,2019033101004535,NICA,35,29,100,400.00,"40,000.00"
2019-03-31,2019033101004534,NICA,35,11,108,400.00,"43,200.00"
2019-03-31,2019033101004377,NICA,45,11,500,400.00,"200,000.00"
2019-03-31,2019033101004320,NICA,16,11,107,400.00,"42,800.00"
2019-03-31,2019033101004319,NICA,41,11,209,400.00,"83,600.00"
2019-03-31,2019033101004310,NICA,50,10,25,401.00,"10,025.00"
2019-03-31,2019033101004748,NICL,58,58,920,368.00,"338,560.00"
2019-03-31,2019033101004529,NLG,49,58,360,794.00,"285,840.00"
2019-03-31,2019033101004741,NLIC,28,44,134,"1,093.00","146,462.00"
2019-03-31,2019033101004681,NLIC,13,45,38,"1,092.00","41,496.00"
2019-03-31,2019033101004676,NLIC,57,44,50,"1,093.00","54,650.00"
2019-03-31,2019033101004675,NLIC,14,44,83,"1,093.00","90,719.00"
2019-03-31,2019033101004674,NLIC,35,44,33,"1,093.00","36,069.00"
2019-03-31,2019033101004611,NLIC,50,54,105,"1,095.00","114,975.00"
2019-03-31,2019033101004610,NLIC,50,21,51,"1,095.00","55,845.00"
2019-03-31,2019033101004583,NLIC,48,21,10,"1,095.00","10,950.00"
2019-03-31,2019033101004552,NLIC,48,19,17,"1,095.00","18,615.00"
2019-03-31,2019033101004519,NLIC,6,19,40,"1,094.00","43,760.00"
2019-03-31,2019033101004332,NLIC,29,19,17,"1,094.00","18,598.00"
2019-03-31,2019033101004701,NLICL,35,33,10,573.00,"5,730.00"
2019-03-31,2019033101004295,NLICL,48,58,20,572.00,"11,440.00"
2019-03-31,2019033101004736,NMB,11,57,390,327.00,"127,530.00"
2019-03-31,2019033101004735,NMB,16,57,110,327.00,"35,970.00"
2019-03-31,2019033101004728,NMB,16,45,25,327.00,"8,175.00"
2019-03-31,2019033101004638,NMB,16,45,12,327.00,"3,924.00"
2019-03-31,2019033101004437,NMB,16,53,12,327.00,"3,924.00"
2019-03-31,2019033101004415,NMB,42,57,200,328.00,"65,600.00"
2019-03-31,2019033101004339,NMB,38,57,28,328.00,"9,184.00"
2019-03-31,2019033101004338,NMB,38,56,12,328.00,"3,936.00"
2019-03-31,2019033101004306,NMB,16,59,37,327.00,"12,099.00"
2019-03-31,2019033101004497,NMBHF1,34,41,800,9.03,"7,224.00"
2019-03-31,2019033101004323,NMBMF,7,28,35,990.00,"34,650.00"
2019-03-31,2019033101004505,NNLB,56,54,50,439.00,"21,950.00"
2019-03-31,2019033101004413,NSEWA,33,17,10,505.00,"5,050.00"
2019-03-31,2019033101004738,NTC,56,58,10,680.00,"6,800.00"
2019-03-31,2019033101004516,NTC,33,25,10,680.00,"6,800.00"
2019-03-31,2019033101004485,NTC,56,43,30,678.00,"20,340.00"
2019-03-31,2019033101004595,PCBL,37,55,150,317.00,"47,550.00"
2019-03-31,2019033101004423,PCBL,37,53,11,317.00,"3,487.00"
2019-03-31,2019033101004387,PCBL,37,1,45,317.00,"14,265.00"
2019-03-31,2019033101004742,PFL,1,57,19,131.00,"2,489.00"
2019-03-31,2019033101004300,PFL,1,59,13,131.00,"1,703.00"
2019-03-31,2019033101004294,PFL,1,59,13,131.00,"1,703.00"
2019-03-31,2019033101004725,PIC,6,57,11,"1,019.00","11,209.00"
2019-03-31,2019033101004661,PIC,57,45,11,"1,016.00","11,176.00"
2019-03-31,2019033101004422,PIC,57,33,11,"1,016.00","11,176.00"
2019-03-31,2019033101004351,PIC,57,29,11,"1,016.00","11,176.00"
2019-03-31,2019033101004307,PIC,57,17,11,"1,016.00","11,176.00"
2019-03-31,2019033101004587,PICL,6,6,260,667.00,"173,420.00"
2019-03-31,2019033101004586,PICL,57,6,100,667.00,"66,700.00"
2019-03-31,2019033101004460,PICL,57,17,50,667.00,"33,350.00"
2019-03-31,2019033101004686,PLIC,20,16,248,454.00,"112,592.00"
2019-03-31,2019033101004685,PLIC,20,56,50,454.00,"22,700.00"
2019-03-31,2019033101004667,PLIC,20,48,100,452.00,"45,200.00"
2019-03-31,2019033101004666,PLIC,20,55,180,452.00,"81,360.00"
2019-03-31,2019033101004665,PLIC,20,8,42,452.00,"18,984.00"
2019-03-31,2019033101004664,PLIC,20,7,40,451.00,"18,040.00"
2019-03-31,2019033101004754,PMHPL,28,25,10,111.00,"1,110.00"
2019-03-31,2019033101004705,PMHPL,28,29,10,111.00,"1,110.00"
2019-03-31,2019033101004690,PMHPL,28,46,10,111.00,"1,110.00"
2019-03-31,2019033101004508,PMHPL,28,44,10,111.00,"1,110.00"
2019-03-31,2019033101004483,PMHPL,28,1,10,111.00,"1,110.00"
2019-03-31,2019033101004414,PMHPL,28,29,10,111.00,"1,110.00"
2019-03-31,2019033101004357,PMHPL,36,1,10,112.00,"1,120.00"
2019-03-31,2019033101004355,PMHPL,28,1,10,111.00,"1,110.00"
2019-03-31,2019033101004344,PMHPL,28,44,10,111.00,"1,110.00"
2019-03-31,2019033101004391,PMHPL,28,44,10,111.00,"1,110.00"
2019-03-31,2019033101004385,PMHPL,28,1,10,111.00,"1,110.00"
2019-03-31,2019033101004361,PMHPL,36,1,10,112.00,"1,120.00"
2019-03-31,2019033101004360,PMHPL,36,1,10,112.00,"1,120.00"
2019-03-31,2019033101004359,PMHPL,36,1,10,112.00,"1,120.00"
2019-03-31,2019033101004358,PMHPL,36,1,10,112.00,"1,120.00"
2019-03-31,2019033101004767,PRVU,45,51,126,239.00,"30,114.00"
2019-03-31,2019033101004766,PRVU,45,49,"1,874",239.00,"447,886.00"
2019-03-31,2019033101004669,PRVU,36,49,"1,000",239.00,"239,000.00"
2019-03-31,2019033101004668,PRVU,17,49,24,239.00,"5,736.00"
2019-03-31,2019033101004573,PRVU,34,41,200,239.00,"47,800.00"
2019-03-31,2019033101004572,PRVU,58,41,710,239.00,"169,690.00"
2019-03-31,2019033101004347,PRVU,45,25,950,239.00,"227,050.00"
2019-03-31,2019033101004346,PRVU,45,42,181,239.00,"43,259.00"
2019-03-31,2019033101004455,PRVU,36,16,"2,500",239.00,"597,500.00"
2019-03-31,2019033101004454,PRVU,36,51,981,239.00,"234,459.00"
2019-03-31,2019033101004439,PRVU,48,51,19,239.00,"4,541.00"
2019-03-31,2019033101004438,PRVU,48,14,131,239.00,"31,309.00"
2019-03-31,2019033101004348,PRVU,45,14,"1,869",239.00,"446,691.00"
2019-03-31,2019033101004568,PRVU,58,25,50,239.00,"11,950.00"
2019-03-31,2019033101004543,PRVU,58,58,40,239.00,"9,560.00"
2019-03-31,2019033101004539,PRVU,10,17,200,240.00,"48,000.00"
2019-03-31,2019033101004518,PRVU,58,38,200,239.00,"47,800.00"
2019-03-31,2019033101004434,RADHI,50,29,11,168.00,"1,848.00"
2019-03-31,2019033101004584,RBCL,58,17,46,"9,040.00","415,840.00"
2019-03-31,2019033101004750,RHPC,54,57,12,93.00,"1,116.00"
2019-03-31,2019033101004299,RHPC,54,50,269,93.00,"25,017.00"
2019-03-31,2019033101004717,RRHP,22,29,10,96.00,960.00
2019-03-31,2019033101004498,RRHP,22,44,10,96.00,960.00
2019-03-31,2019033101004453,RRHP,22,29,10,96.00,960.00
2019-03-31,2019033101004399,RRHP,22,44,10,96.00,960.00
2019-03-31,2019033101004324,RRHP,22,44,10,96.00,960.00
2019-03-31,2019033101004621,RSDC,55,6,50,364.00,"18,200.00"
2019-03-31,2019033101004298,RSDC,16,16,1,354.00,354.00
2019-03-31,2019033101004521,SANIMA,28,36,"1,000",301.00,"301,000.00"
2019-03-31,2019033101004520,SANIMA,28,36,365,301.00,"109,865.00"
2019-03-31,2019033101004777,SBI,52,55,200,386.00,"77,200.00"
2019-03-31,2019033101004776,SBI,7,55,150,386.00,"57,900.00"
2019-03-31,2019033101004775,SBI,8,55,500,386.00,"193,000.00"
2019-03-31,2019033101004774,SBI,40,55,400,386.00,"154,400.00"
2019-03-31,2019033101004773,SBI,33,55,500,387.00,"193,500.00"
2019-03-31,2019033101004772,SBI,39,55,30,387.00,"11,610.00"
2019-03-31,2019033101004771,SBI,33,55,85,387.00,"32,895.00"
2019-03-31,2019033101004720,SBI,19,41,40,388.00,"15,520.00"
2019-03-31,2019033101004673,SBI,33,22,15,387.00,"5,805.00"
2019-03-31,2019033101004672,SBI,45,22,50,387.00,"19,350.00"
2019-03-31,2019033101004510,SBL,58,37,100,290.00,"29,000.00"
2019-03-31,2019033101004473,SBL,28,43,80,288.00,"23,040.00"
2019-03-31,2019033101004765,SCB,32,34,10,570.00,"5,700.00"
2019-03-31,2019033101004764,SCB,32,58,20,570.00,"11,400.00"
2019-03-31,2019033101004763,SCB,32,58,10,570.00,"5,700.00"
2019-03-31,2019033101004718,SCB,56,58,10,570.00,"5,700.00"
2019-03-31,2019033101004292,SCB,52,6,10,570.00,"5,700.00"
2019-03-31,2019033101004459,SCB,45,17,20,569.00,"11,380.00"
2019-03-31,2019033101004316,SCB,14,58,20,570.00,"11,400.00"
2019-03-31,2019033101004302,SCB,52,58,10,570.00,"5,700.00"
2019-03-31,2019033101004297,SCB,52,17,20,570.00,"11,400.00"
2019-03-31,2019033101004278,SDESI,41,28,23,540.00,"12,420.00"
2019-03-31,2019033101004592,SEF,53,29,500,9.10,"4,550.00"
2019-03-31,2019033101004613,SFFIL,1,17,100,220.00,"22,000.00"
2019-03-31,2019033101004757,SHIVM,46,20,60,326.00,"19,560.00"
2019-03-31,2019033101004746,SHIVM,46,25,50,326.00,"16,300.00"
2019-03-31,2019033101004744,SHIVM,46,25,50,326.00,"16,300.00"
2019-03-31,2019033101004740,SHIVM,35,20,90,325.00,"29,250.00"
2019-03-31,2019033101004726,SHIVM,40,50,10,327.00,"3,270.00"
2019-03-31,2019033101004724,SHIVM,35,20,16,325.00,"5,200.00"
2019-03-31,2019033101004511,SHIVM,28,39,25,325.00,"8,125.00"
2019-03-31,2019033101004444,SHIVM,52,4,50,326.00,"16,300.00"
2019-03-31,2019033101004296,SHIVM,28,38,41,325.00,"13,325.00"
2019-03-31,2019033101004634,SHIVM,42,17,26,325.00,"8,450.00"
2019-03-31,2019033101004633,SHIVM,28,17,24,325.00,"7,800.00"
2019-03-31,2019033101004632,SHIVM,28,32,50,325.00,"16,250.00"
2019-03-31,2019033101004604,SHIVM,28,38,50,325.00,"16,250.00"
2019-03-31,2019033101004593,SHIVM,28,57,100,325.00,"32,500.00"
2019-03-31,2019033101004723,SHIVM,42,20,74,325.00,"24,050.00"
2019-03-31,2019033101004716,SHIVM,42,45,50,325.00,"16,250.00"
2019-03-31,2019033101004715,SHIVM,42,25,50,325.00,"16,250.00"
2019-03-31,2019033101004714,SHIVM,58,17,50,326.00,"16,300.00"
2019-03-31,2019033101004658,SHIVM,42,17,50,325.00,"16,250.00"
2019-03-31,2019033101004650,SHIVM,42,17,50,325.00,"16,250.00"
2019-03-31,2019033101004713,SIC,6,6,300,"1,270.00","381,000.00"
2019-03-31,2019033101004403,SICL,29,49,59,877.00,"51,743.00"
2019-03-31,2019033101004417,SIL,56,43,81,590.00,"47,790.00"
2019-03-31,2019033101004500,SKBBL,39,58,20,855.00,"17,100.00"
2019-03-31,2019033101004337,SKBBL,58,28,10,855.00,"8,550.00"
2019-03-31,2019033101004336,SKBBL,57,28,10,855.00,"8,550.00"
2019-03-31,2019033101004335,SKBBL,16,28,45,855.00,"38,475.00"
2019-03-31,2019033101004515,SLBBL,19,42,100,491.00,"49,100.00"
2019-03-31,2019033101004401,SLBS,58,28,18,905.00,"16,290.00"
2019-03-31,2019033101004350,SLBS,16,16,1,889.00,889.00
2019-03-31,2019033101004657,SLBSL,39,32,10,682.00,"6,820.00"
2019-03-31,2019033101004504,SLBSL,47,14,10,681.00,"6,810.00"
2019-03-31,2019033101004501,SMB,41,51,10,609.00,"6,090.00"
2019-03-31,2019033101004689,SMFDB,45,25,30,610.00,"18,300.00"
2019-03-31,2019033101004581,SMFDB,58,6,23,607.00,"13,961.00"
2019-03-31,2019033101004373,SRBL,49,51,53,218.00,"11,554.00"
2019-03-31,2019033101004340,TRH,37,33,10,238.00,"2,380.00"
2019-03-31,2019033101004770,UPPER,49,44,50,238.00,"11,900.00"
2019-03-31,2019033101004769,UPPER,49,57,50,238.00,"11,900.00"
2019-03-31,2019033101004761,UPPER,49,34,65,238.00,"15,470.00"
2019-03-31,2019033101004760,UPPER,17,34,50,238.00,"11,900.00"
2019-03-31,2019033101004759,UPPER,48,34,"1,000",238.00,"238,000.00"
2019-03-31,2019033101004758,UPPER,10,34,"1,000",238.00,"238,000.00"
2019-03-31,2019033101004284,UPPER,1,44,50,239.00,"11,950.00"
2019-03-31,2019033101004283,UPPER,1,6,40,239.00,"9,560.00"
2019-03-31,2019033101004282,UPPER,1,22,10,239.00,"2,390.00"
2019-03-31,2019033101004281,UPPER,1,44,50,239.00,"11,950.00"
2019-03-31,2019033101004280,UPPER,1,6,50,239.00,"11,950.00"
2019-03-31,2019033101004279,UPPER,1,6,30,239.00,"7,170.00"
2019-03-31,2019033101004290,UPPER,1,6,50,239.00,"11,950.00"
2019-03-31,2019033101004289,UPPER,1,6,40,239.00,"9,560.00"
2019-03-31,2019033101004288,UPPER,1,54,40,239.00,"9,560.00"
2019-03-31,2019033101004287,UPPER,1,54,40,239.00,"9,560.00"
2019-03-31,2019033101004286,UPPER,1,37,50,239.00,"11,950.00"
2019-03-31,2019033101004285,UPPER,1,37,50,239.00,"11,950.00"
2019-03-31,2019033101004354,UPPER,41,56,50,238.00,"11,900.00"
2019-03-31,2019033101004349,UPPER,41,17,50,238.00,"11,900.00"
2019-03-31,2019033101004345,UPPER,41,28,50,238.00,"11,900.00"
2019-03-31,2019033101004317,UPPER,41,1,50,238.00,"11,900.00"
2019-03-31,2019033101004397,UPPER,41,1,50,238.00,"11,900.00"
2019-03-31,2019033101004382,UPPER,41,14,40,238.00,"9,520.00"
2019-03-31,2019033101004367,UPPER,41,1,50,238.00,"11,900.00"
2019-03-31,2019033101004448,UPPER,41,1,50,238.00,"11,900.00"
2019-03-31,2019033101004442,UPPER,41,17,50,238.00,"11,900.00"
2019-03-31,2019033101004418,UPPER,41,1,40,238.00,"9,520.00"
2019-03-31,2019033101004509,UPPER,41,17,50,238.00,"11,900.00"
2019-03-31,2019033101004494,UPPER,41,1,40,238.00,"9,520.00"
2019-03-31,2019033101004484,UPPER,41,1,40,238.00,"9,520.00"
2019-03-31,2019033101004607,UPPER,41,14,40,238.00,"9,520.00"
2019-03-31,2019033101004574,UPPER,41,14,50,238.00,"11,900.00"
2019-03-31,2019033101004538,UPPER,41,14,50,238.00,"11,900.00"
2019-03-31,2019033101004533,UPPER,41,11,40,238.00,"9,520.00"
2019-03-31,2019033101004524,UPPER,41,53,50,238.00,"11,900.00"
2019-03-31,2019033101004683,UPPER,11,44,28,238.00,"6,664.00"
2019-03-31,2019033101004663,UPPER,11,44,50,238.00,"11,900.00"
2019-03-31,2019033101004649,UPPER,11,44,22,238.00,"5,236.00"
2019-03-31,2019033101004648,UPPER,41,44,18,238.00,"4,284.00"
2019-03-31,2019033101004618,UPPER,41,44,40,238.00,"9,520.00"
2019-03-31,2019033101004752,UPPER,19,44,38,238.00,"9,044.00"
2019-03-31,2019033101004711,UPPER,47,44,10,239.00,"2,390.00"
2019-03-31,2019033101004710,UPPER,47,6,40,239.00,"9,560.00"
2019-03-31,2019033101004707,UPPER,19,46,12,238.00,"2,856.00"
2019-03-31,2019033101004706,UPPER,58,46,28,238.00,"6,664.00"
2019-03-31,2019033101004684,UPPER,58,44,22,238.00,"5,236.00"
2019-03-31,2019033101004570,VLBS,22,41,10,645.00,"6,450.00"
2019-03-31,2019033101004271,ADBL,45,58,30,294.00,"8,820.00"
2019-03-31,2019033101004134,ADBL,36,59,50,295.00,"14,750.00"
2019-03-31,2019033101003918,ADBL,14,59,300,295.00,"88,500.00"
2019-03-31,2019033101003816,ADBL,43,28,200,296.00,"59,200.00"
2019-03-31,2019033101004273,AKJCL,39,17,10,80.00,800.00
2019-03-31,2019033101004202,AKJCL,39,17,20,80.00,"1,600.00"
2019-03-31,2019033101004066,AKJCL,39,45,10,80.00,800.00
2019-03-31,2019033101004031,AKJCL,39,51,20,80.00,"1,600.00"
2019-03-31,2019033101004016,AKJCL,39,29,10,80.00,800.00
2019-03-31,2019033101003931,AKJCL,39,45,10,80.00,800.00
2019-03-31,2019033101003870,AKJCL,39,45,20,80.00,"1,600.00"
2019-03-31,2019033101003847,AKJCL,39,29,20,80.00,"1,600.00"
2019-03-31,2019033101004208,AKPL,5,41,13,182.00,"2,366.00"
2019-03-31,2019033101003911,AKPL,5,34,10,179.00,"1,790.00"
2019-03-31,2019033101003902,AKPL,5,49,13,176.00,"2,288.00"
2019-03-31,2019033101003901,AKPL,5,49,13,175.00,"2,275.00"
2019-03-31,2019033101003872,AKPL,5,32,83,174.00,"14,442.00"
2019-03-31,2019033101004233,ALBSL,19,48,10,481.00,"4,810.00"
2019-03-31,2019033101004170,ALBSL,11,51,10,483.00,"4,830.00"
2019-03-31,2019033101004166,ALBSL,11,51,10,483.00,"4,830.00"
2019-03-31,2019033101004162,ALBSL,11,51,10,483.00,"4,830.00"
2019-03-31,2019033101004157,ALBSL,11,51,10,483.00,"4,830.00"
2019-03-31,2019033101003786,ALBSL,19,45,10,481.00,"4,810.00"
2019-03-31,2019033101003782,ALBSL,19,1,10,481.00,"4,810.00"
2019-03-31,2019033101003827,ALBSL,19,47,10,481.00,"4,810.00"
2019-03-31,2019033101003817,ALBSL,19,1,10,481.00,"4,810.00"
2019-03-31,2019033101003815,ALBSL,19,47,10,481.00,"4,810.00"
2019-03-31,2019033101003803,ALBSL,19,1,10,481.00,"4,810.00"
2019-03-31,2019033101003800,ALBSL,19,47,10,481.00,"4,810.00"
2019-03-31,2019033101003788,ALBSL,19,47,10,481.00,"4,810.00"
2019-03-31,2019033101003863,ALBSL,11,56,10,483.00,"4,830.00"
2019-03-31,2019033101003862,ALBSL,11,46,10,483.00,"4,830.00"
2019-03-31,2019033101003861,ALBSL,11,38,10,482.00,"4,820.00"
2019-03-31,2019033101003846,ALBSL,19,47,10,481.00,"4,810.00"
2019-03-31,2019033101003838,ALBSL,19,47,10,481.00,"4,810.00"
2019-03-31,2019033101003830,ALBSL,19,39,10,481.00,"4,810.00"
2019-03-31,2019033101003865,ALBSL,11,17,10,483.00,"4,830.00"
2019-03-31,2019033101003864,ALBSL,11,17,10,483.00,"4,830.00"
2019-03-31,2019033101004154,ALBSL,11,51,10,483.00,"4,830.00"
2019-03-31,2019033101004147,ALBSL,11,51,10,483.00,"4,830.00"
2019-03-31,2019033101004144,ALBSL,11,51,10,483.00,"4,830.00"
2019-03-31,2019033101003981,ALBSL,11,37,10,483.00,"4,830.00"
2019-03-31,2019033101003950,ALBSL,11,37,10,483.00,"4,830.00"
2019-03-31,2019033101003946,ALBSL,11,49,10,483.00,"4,830.00"
2019-03-31,2019033101003842,ALICL,44,39,100,387.00,"38,700.00"
2019-03-31,2019033101004248,AMFI,17,28,10,656.00,"6,560.00"
2019-03-31,2019033101004250,API,41,49,18,134.00,"2,412.00"
2019-03-31,2019033101004039,API,45,43,50,135.00,"6,750.00"
2019-03-31,2019033101004018,API,45,56,150,135.00,"20,250.00"
2019-03-31,2019033101004150,BARUN,56,34,10,97.00,970.00
2019-03-31,2019033101003937,BARUN,45,34,10,97.00,970.00
2019-03-31,2019033101003936,BARUN,45,56,90,97.00,"8,730.00"
2019-03-31,2019033101004240,BOKL,25,44,200,242.00,"48,400.00"
2019-03-31,2019033101004230,BOKL,28,44,10,241.00,"2,410.00"
2019-03-31,2019033101004221,BOKL,25,44,300,242.00,"72,600.00"
2019-03-31,2019033101004116,BOKL,37,44,500,242.00,"121,000.00"
2019-03-31,2019033101004115,BOKL,26,44,271,242.00,"65,582.00"
2019-03-31,2019033101004114,BOKL,38,44,71,242.00,"17,182.00"
2019-03-31,2019033101003976,BOKL,25,44,200,242.00,"48,400.00"
2019-03-31,2019033101003866,BOKL,52,44,151,242.00,"36,542.00"
2019-03-31,2019033101003814,BOKL,52,21,242,242.00,"58,564.00"
2019-03-31,2019033101003794,BOKL,25,6,128,242.00,"30,976.00"
2019-03-31,2019033101003793,BOKL,25,49,"1,220",242.00,"295,240.00"
2019-03-31,2019033101004111,BOKL,38,1,29,242.00,"7,018.00"
2019-03-31,2019033101004110,BOKL,25,1,171,242.00,"41,382.00"
2019-03-31,2019033101004109,BOKL,13,1,300,242.00,"72,600.00"
2019-03-31,2019033101004002,BOKL,25,44,329,242.00,"79,618.00"
2019-03-31,2019033101003998,BOKL,25,44,300,242.00,"72,600.00"
2019-03-31,2019033101003977,BOKL,1,44,20,242.00,"4,840.00"
2019-03-31,2019033101004112,BPCL,25,57,22,354.00,"7,788.00"
2019-03-31,2019033101004096,BPCL,25,57,22,354.00,"7,788.00"
2019-03-31,2019033101004069,BPCL,25,45,33,354.00,"11,682.00"
2019-03-31,2019033101004041,BPCL,25,51,110,354.00,"38,940.00"
2019-03-31,2019033101004033,BPCL,25,29,19,354.00,"6,726.00"
2019-03-31,2019033101004032,BPCL,5,29,14,354.00,"4,956.00"
2019-03-31,2019033101003957,BPCL,6,58,200,355.00,"71,000.00"
2019-03-31,2019033101003956,BPCL,19,58,258,355.00,"91,590.00"
2019-03-31,2019033101003934,BPCL,19,45,33,355.00,"11,715.00"
2019-03-31,2019033101003892,BPCL,19,45,33,355.00,"11,715.00"
2019-03-31,2019033101003857,BPCL,19,29,33,355.00,"11,715.00"
2019-03-31,2019033101003778,BPCL,19,51,110,355.00,"39,050.00"
2019-03-31,2019033101004161,CBL,45,45,79,156.00,"12,324.00"
2019-03-31,2019033101004010,CBL,56,48,27,155.00,"4,185.00"
2019-03-31,2019033101004009,CBL,47,48,98,155.00,"15,190.00"
2019-03-31,2019033101003939,CBL,1,6,200,156.00,"31,200.00"
2019-03-31,2019033101003938,CBL,1,45,34,156.00,"5,304.00"
2019-03-31,2019033101003822,CBL,28,45,200,156.00,"31,200.00"
2019-03-31,2019033101004256,CCBL,37,42,164,165.00,"27,060.00"
2019-03-31,2019033101004245,CCBL,49,42,229,165.00,"37,785.00"
2019-03-31,2019033101004244,CCBL,49,14,108,165.00,"17,820.00"
2019-03-31,2019033101004243,CCBL,49,43,663,165.00,"109,395.00"
2019-03-31,2019033101004145,CCBL,37,43,337,165.00,"55,605.00"
2019-03-31,2019033101004138,CCBL,37,34,10,165.00,"1,650.00"
2019-03-31,2019033101004127,CCBL,37,14,108,165.00,"17,820.00"
2019-03-31,2019033101004126,CCBL,37,36,545,165.00,"89,925.00"
2019-03-31,2019033101004106,CCBL,34,36,955,165.00,"157,575.00"
2019-03-31,2019033101004055,CCBL,34,34,45,165.00,"7,425.00"
2019-03-31,2019033101004000,CCBL,51,35,"1,500",165.00,"247,500.00"
2019-03-31,2019033101003999,CCBL,51,43,"1,000",165.00,"165,000.00"
2019-03-31,2019033101003836,CEFL,5,58,10,100.00,"1,000.00"
2019-03-31,2019033101004197,CHCL,19,34,120,501.00,"60,120.00"
2019-03-31,2019033101004167,CHCL,19,45,89,501.00,"44,589.00"
2019-03-31,2019033101004143,CHCL,19,32,240,501.00,"120,240.00"
2019-03-31,2019033101004272,CHLBS,29,51,10,519.00,"5,190.00"
2019-03-31,2019033101004211,CHLBS,47,17,10,519.00,"5,190.00"
2019-03-31,2019033101004183,CHLBS,56,16,100,520.00,"52,000.00"
2019-03-31,2019033101004182,CHLBS,29,16,20,520.00,"10,400.00"
2019-03-31,2019033101004181,CHLBS,13,16,20,520.00,"10,400.00"
2019-03-31,2019033101004180,CHLBS,5,16,20,520.00,"10,400.00"
2019-03-31,2019033101004179,CHLBS,33,16,20,521.00,"10,420.00"
2019-03-31,2019033101004178,CHLBS,39,16,10,522.00,"5,220.00"
2019-03-31,2019033101004169,CHLBS,39,57,10,522.00,"5,220.00"
2019-03-31,2019033101004070,CHLBS,39,45,10,522.00,"5,220.00"
2019-03-31,2019033101003844,CHLBS,25,10,10,523.00,"5,230.00"
2019-03-31,2019033101004105,CIT,42,58,50,"2,619.00","130,950.00"
2019-03-31,2019033101004040,CIT,11,42,20,"2,618.00","52,360.00"
2019-03-31,2019033101003972,CIT,57,44,17,"2,619.00","44,523.00"
2019-03-31,2019033101004035,CMF1,28,56,200,9.00,"1,800.00"
2019-03-31,2019033101004263,CZBIL,43,14,10,210.00,"2,100.00"
2019-03-31,2019033101004087,CZBIL,16,45,10,209.00,"2,090.00"
2019-03-31,2019033101003986,CZBIL,46,14,207,210.00,"43,470.00"
2019-03-31,2019033101003985,CZBIL,46,1,200,210.00,"42,000.00"
2019-03-31,2019033101003984,CZBIL,46,42,93,210.00,"19,530.00"
2019-03-31,2019033101003942,CZBIL,16,45,10,209.00,"2,090.00"
2019-03-31,2019033101003896,CZBIL,16,45,10,209.00,"2,090.00"
2019-03-31,2019033101003886,CZBIL,16,45,100,209.00,"20,900.00"
2019-03-31,2019033101003797,CZBIL,16,51,10,209.00,"2,090.00"
