Date,Transact. No.,Symbol,Buyer,Seller,Quantity,Rate,Amount
2019-07-01,2019070101005895,ADBL,56,35,90,405.00,"36,450.00"
2019-07-01,2019070101005759,ADBL,49,41,500,406.00,"203,000.00"
2019-07-01,2019070101005663,ADBL,56,5,50,405.00,"20,250.00"
2019-07-01,2019070101005612,ALBSL,5,22,10,389.00,"3,890.00"
2019-07-01,2019070101005611,ALBSL,5,41,10,389.00,"3,890.00"
2019-07-01,2019070101005689,ALICL,46,45,17,391.00,"6,647.00"
2019-07-01,2019070101005675,ALICL,37,37,8,390.00,"3,120.00"
2019-07-01,2019070101005577,ALICL,46,32,50,391.00,"19,550.00"
2019-07-01,2019070101005911,API,25,53,11,144.00,"1,584.00"
2019-07-01,2019070101005910,API,25,57,29,143.00,"4,147.00"
2019-07-01,2019070101005732,API,25,54,10,144.00,"1,440.00"
2019-07-01,2019070101005714,API,25,22,100,143.00,"14,300.00"
2019-07-01,2019070101005956,BOKL,33,13,10,259.00,"2,590.00"
2019-07-01,2019070101005846,BOKL,34,50,636,257.00,"163,452.00"
2019-07-01,2019070101005651,BOKL,20,50,500,258.00,"129,000.00"
2019-07-01,2019070101005650,BOKL,59,50,336,258.00,"86,688.00"
2019-07-01,2019070101005916,BPCL,45,51,100,397.00,"39,700.00"
2019-07-01,2019070101005763,BPCL,45,51,100,397.00,"39,700.00"
2019-07-01,2019070101005560,BPCL,5,33,100,396.00,"39,600.00"
2019-07-01,2019070101005729,CBBL,40,4,110,932.00,"102,520.00"
2019-07-01,2019070101005728,CBBL,45,4,50,933.00,"46,650.00"
2019-07-01,2019070101005727,CBBL,28,4,40,935.00,"37,400.00"
2019-07-01,2019070101005737,CBL,48,47,50,145.00,"7,250.00"
2019-07-01,2019070101005654,CBL,51,11,"1,000",144.00,"144,000.00"
2019-07-01,2019070101005619,CBL,26,25,200,144.00,"28,800.00"
2019-07-01,2019070101005545,CBL,22,7,"2,372",143.00,"339,196.00"
2019-07-01,2019070101005544,CBL,34,7,"1,000",143.00,"143,000.00"
2019-07-01,2019070101005543,CBL,49,7,"1,000",143.00,"143,000.00"
2019-07-01,2019070101005542,CBL,44,7,50,143.00,"7,150.00"
2019-07-01,2019070101005541,CBL,26,7,500,143.00,"71,500.00"
2019-07-01,2019070101005540,CBL,28,7,"2,000",143.00,"286,000.00"
2019-07-01,2019070101005539,CBL,22,7,200,143.00,"28,600.00"
2019-07-01,2019070101005538,CBL,42,7,666,143.00,"95,238.00"
2019-07-01,2019070101005961,CCBL,34,35,200,166.00,"33,200.00"
2019-07-01,2019070101005960,CCBL,34,37,890,166.00,"147,740.00"
2019-07-01,2019070101005848,CCBL,59,37,100,166.00,"16,600.00"
2019-07-01,2019070101005802,CCBL,59,19,401,166.00,"66,566.00"
2019-07-01,2019070101005801,CCBL,11,19,100,166.00,"16,600.00"
2019-07-01,2019070101005644,CCBL,48,6,100,167.00,"16,700.00"
2019-07-01,2019070101005638,CCBL,41,6,96,167.00,"16,032.00"
2019-07-01,2019070101005637,CCBL,41,19,200,167.00,"33,400.00"
2019-07-01,2019070101005636,CCBL,41,34,704,167.00,"117,568.00"
2019-07-01,2019070101005731,CFCL,28,22,417,118.00,"49,206.00"
2019-07-01,2019070101005819,CHCL,20,37,53,503.00,"26,659.00"
2019-07-01,2019070101005818,CHCL,43,37,228,503.00,"114,684.00"
2019-07-01,2019070101005613,CHCL,10,7,148,504.00,"74,592.00"
2019-07-01,2019070101005530,CHCL,22,7,12,504.00,"6,048.00"
2019-07-01,2019070101005785,CIT,45,45,10,"2,431.00","24,310.00"
2019-07-01,2019070101005723,CIT,19,45,133,"2,430.00","323,190.00"
2019-07-01,2019070101005722,CIT,42,45,100,"2,430.00","243,000.00"
2019-07-01,2019070101005721,CIT,22,45,10,"2,431.00","24,310.00"
2019-07-01,2019070101005720,CIT,33,45,100,"2,431.00","243,100.00"
2019-07-01,2019070101005719,CIT,7,45,17,"2,431.00","41,327.00"
2019-07-01,2019070101005718,CIT,17,45,20,"2,435.00","48,700.00"
2019-07-01,2019070101005717,CIT,22,45,10,"2,435.00","24,350.00"
2019-07-01,2019070101005716,CIT,34,45,10,"2,440.00","24,400.00"
2019-07-01,2019070101005886,CLBSL,54,17,10,538.00,"5,380.00"
2019-07-01,2019070101005885,CLBSL,54,41,12,530.00,"6,360.00"
2019-07-01,2019070101005884,CLBSL,54,57,11,498.00,"5,478.00"
2019-07-01,2019070101005883,CLBSL,54,34,17,498.00,"8,466.00"
2019-07-01,2019070101005882,CLBSL,54,41,28,497.00,"13,916.00"
2019-07-01,2019070101005839,CZBIL,14,14,4,220.00,880.00
2019-07-01,2019070101005712,CZBIL,17,26,596,220.00,"131,120.00"
2019-07-01,2019070101005711,CZBIL,56,26,304,220.00,"66,880.00"
2019-07-01,2019070101005529,DBBL,35,42,258,136.00,"35,088.00"
2019-07-01,2019070101005930,DDBL,49,50,"1,100",710.00,"781,000.00"
2019-07-01,2019070101005929,DDBL,49,48,100,710.00,"71,000.00"
2019-07-01,2019070101005928,DDBL,49,42,100,710.00,"71,000.00"
2019-07-01,2019070101005927,DDBL,49,50,100,708.00,"70,800.00"
2019-07-01,2019070101005926,DDBL,49,41,50,705.00,"35,250.00"
2019-07-01,2019070101005906,EBL,34,16,100,655.00,"65,500.00"
2019-07-01,2019070101005905,EBL,1,16,100,655.00,"65,500.00"
2019-07-01,2019070101005904,EBL,43,16,80,656.00,"52,480.00"
2019-07-01,2019070101005765,EDBL,45,17,125,285.00,"35,625.00"
2019-07-01,2019070101005653,FMDBL,17,56,100,373.00,"37,300.00"
2019-07-01,2019070101005580,FMDBL,19,33,200,374.00,"74,800.00"
2019-07-01,2019070101005517,FOWAD,45,42,28,"1,310.00","36,680.00"
2019-07-01,2019070101005516,FOWAD,51,42,10,"1,312.00","13,120.00"
2019-07-01,2019070101005774,GBBL,17,7,64,220.00,"14,080.00"
2019-07-01,2019070101005519,GBBL,17,47,36,220.00,"7,920.00"
2019-07-01,2019070101005518,GBBL,42,47,64,220.00,"14,080.00"
2019-07-01,2019070101005778,GBIME,34,45,100,297.00,"29,700.00"
2019-07-01,2019070101005772,GBIME,16,52,333,296.00,"98,568.00"
2019-07-01,2019070101005593,GBIME,11,45,35,297.00,"10,395.00"
2019-07-01,2019070101005522,GBIME,16,41,98,296.00,"29,008.00"
2019-07-01,2019070101005525,GBLBS,51,13,200,340.00,"68,000.00"
2019-07-01,2019070101005524,GBLBS,35,13,100,341.00,"34,100.00"
2019-07-01,2019070101005523,GBLBS,42,13,220,341.00,"75,020.00"
2019-07-01,2019070101005507,GHL,36,22,10,80.00,800.00
2019-07-01,2019070101005894,GLBSL,5,34,10,393.00,"3,930.00"
2019-07-01,2019070101005858,GLBSL,29,46,10,395.00,"3,950.00"
2019-07-01,2019070101005594,GLBSL,33,39,10,386.00,"3,860.00"
2019-07-01,2019070101005584,GLBSL,39,28,10,390.00,"3,900.00"
2019-07-01,2019070101005504,GLICL,20,50,91,461.00,"41,951.00"
2019-07-01,2019070101005503,GLICL,21,50,100,462.00,"46,200.00"
2019-07-01,2019070101005502,GLICL,35,50,50,462.00,"23,100.00"
2019-07-01,2019070101005501,GLICL,45,50,100,463.00,"46,300.00"
2019-07-01,2019070101005500,GLICL,25,50,20,464.00,"9,280.00"
2019-07-01,2019070101005499,GLICL,57,50,50,464.00,"23,200.00"
2019-07-01,2019070101005578,GMFBS,36,20,10,426.00,"4,260.00"
2019-07-01,2019070101005805,GRDBL,57,49,200,112.00,"22,400.00"
2019-07-01,2019070101005804,GRDBL,26,49,100,113.00,"11,300.00"
2019-07-01,2019070101005601,GRDBL,26,34,100,113.00,"11,300.00"
2019-07-01,2019070101005868,GUFL,53,26,57,116.00,"6,612.00"
2019-07-01,2019070101005789,GUFL,53,26,205,116.00,"23,780.00"
2019-07-01,2019070101005788,GUFL,5,26,795,116.00,"92,220.00"
2019-07-01,2019070101005761,GUFL,53,26,41,117.00,"4,797.00"
2019-07-01,2019070101005655,HBL,22,45,325,550.00,"178,750.00"
2019-07-01,2019070101005921,HDL,41,21,90,"1,680.00","151,200.00"
2019-07-01,2019070101005881,HDL,58,21,10,"1,680.00","16,800.00"
2019-07-01,2019070101005880,HDL,58,45,10,"1,680.00","16,800.00"
2019-07-01,2019070101005837,HDL,32,33,500,"1,677.00","838,500.00"
2019-07-01,2019070101005809,HDL,58,33,410,"1,675.00","686,750.00"
2019-07-01,2019070101005808,HDL,37,33,200,"1,677.00","335,400.00"
2019-07-01,2019070101005807,HDL,7,33,280,"1,677.00","469,560.00"
2019-07-01,2019070101005704,HDL,7,11,20,"1,677.00","33,540.00"
2019-07-01,2019070101005703,HDL,45,11,10,"1,677.00","16,770.00"
2019-07-01,2019070101005533,HDL,32,45,500,"1,680.00","840,000.00"
2019-07-01,2019070101005532,HDL,21,45,100,"1,680.00","168,000.00"
2019-07-01,2019070101005531,HDL,58,45,140,"1,680.00","235,200.00"
2019-07-01,2019070101005595,HIDCL,45,1,35,157.00,"5,495.00"
2019-07-01,2019070101005583,HIDCL,36,45,61,158.00,"9,638.00"
2019-07-01,2019070101005582,HIDCL,36,34,"1,096",158.00,"173,168.00"
2019-07-01,2019070101005566,HIDCL,36,48,31,157.00,"4,867.00"
2019-07-01,2019070101005565,HIDCL,36,55,540,157.00,"84,780.00"
2019-07-01,2019070101005940,HPPL,22,47,10,176.00,"1,760.00"
2019-07-01,2019070101005817,HURJA,22,41,20,141.00,"2,820.00"
2019-07-01,2019070101005816,HURJA,22,41,20,141.00,"2,820.00"
2019-07-01,2019070101005750,HURJA,45,57,20,140.00,"2,800.00"
2019-07-01,2019070101005702,HURJA,45,57,20,140.00,"2,800.00"
2019-07-01,2019070101005648,HURJA,45,57,20,140.00,"2,800.00"
2019-07-01,2019070101005931,ICFC,10,42,387,160.00,"61,920.00"
2019-07-01,2019070101005799,JBBL,58,39,20,155.00,"3,100.00"
2019-07-01,2019070101005786,JBBL,49,49,600,154.00,"92,400.00"
2019-07-01,2019070101005749,JBBL,17,4,450,153.00,"68,850.00"
2019-07-01,2019070101005748,JBBL,46,4,300,153.00,"45,900.00"
2019-07-01,2019070101005747,JBBL,28,4,500,153.00,"76,500.00"
2019-07-01,2019070101005746,JBBL,57,4,100,153.00,"15,300.00"
2019-07-01,2019070101005745,JBBL,28,4,150,153.00,"22,950.00"
2019-07-01,2019070101005575,JBBL,28,42,50,153.00,"7,650.00"
2019-07-01,2019070101005574,JBBL,58,42,29,153.00,"4,437.00"
2019-07-01,2019070101005573,JBBL,17,42,395,154.00,"60,830.00"
2019-07-01,2019070101005487,JBBL,17,47,105,154.00,"16,170.00"
2019-07-01,2019070101005486,JBBL,13,47,18,154.00,"2,772.00"
2019-07-01,2019070101005795,JBNL,33,10,341,208.00,"70,928.00"
2019-07-01,2019070101005794,JBNL,33,57,159,208.00,"33,072.00"
2019-07-01,2019070101005627,JBNL,29,17,250,207.00,"51,750.00"
2019-07-01,2019070101005607,JBNL,29,39,300,207.00,"62,100.00"
2019-07-01,2019070101005592,JBNL,59,6,500,207.00,"103,500.00"
2019-07-01,2019070101005591,JBNL,34,6,200,207.00,"41,400.00"
2019-07-01,2019070101005590,JBNL,56,6,339,207.00,"70,173.00"
2019-07-01,2019070101005957,JOSHI,38,56,20,80.00,"1,600.00"
2019-07-01,2019070101005890,JOSHI,38,56,20,80.00,"1,600.00"
2019-07-01,2019070101005860,JOSHI,38,56,20,80.00,"1,600.00"
2019-07-01,2019070101005850,JOSHI,38,56,20,80.00,"1,600.00"
2019-07-01,2019070101005842,JOSHI,38,56,20,80.00,"1,600.00"
2019-07-01,2019070101005834,JOSHI,38,56,20,80.00,"1,600.00"
2019-07-01,2019070101005757,JOSHI,38,56,20,80.00,"1,600.00"
2019-07-01,2019070101005741,JOSHI,38,56,10,80.00,800.00
2019-07-01,2019070101005730,JOSHI,38,56,20,80.00,"1,600.00"
2019-07-01,2019070101005710,JOSHI,38,57,20,80.00,"1,600.00"
2019-07-01,2019070101005687,JOSHI,38,56,20,80.00,"1,600.00"
2019-07-01,2019070101005657,JOSHI,38,57,20,80.00,"1,600.00"
2019-07-01,2019070101005812,JOSHI,38,56,20,80.00,"1,600.00"
2019-07-01,2019070101005800,JOSHI,38,56,20,80.00,"1,600.00"
2019-07-01,2019070101005779,JOSHI,38,56,20,80.00,"1,600.00"
2019-07-01,2019070101005766,JOSHI,38,56,20,80.00,"1,600.00"
2019-07-01,2019070101005760,JOSHI,38,57,20,80.00,"1,600.00"
2019-07-01,2019070101005768,JSLBB,8,19,14,"1,096.00","15,344.00"
2019-07-01,2019070101005856,KBL,46,50,100,210.00,"21,000.00"
2019-07-01,2019070101005515,KBL,58,7,188,208.00,"39,104.00"
2019-07-01,2019070101005514,KBL,52,7,200,208.00,"41,600.00"
2019-07-01,2019070101005513,KBL,40,7,500,208.00,"104,000.00"
2019-07-01,2019070101005512,KBL,57,7,200,208.00,"41,600.00"
2019-07-01,2019070101005511,KBL,35,7,"2,000",208.00,"416,000.00"
2019-07-01,2019070101005510,KBL,56,7,200,208.00,"41,600.00"
2019-07-01,2019070101005509,KBL,36,7,681,208.00,"141,648.00"
2019-07-01,2019070101005506,KPCL,36,48,10,91.00,910.00
2019-07-01,2019070101005968,KSBBL,48,34,10,154.00,"1,540.00"
2019-07-01,2019070101005959,KSBBL,58,34,11,154.00,"1,694.00"
2019-07-01,2019070101005697,KSBBL,34,46,622,153.00,"95,166.00"
2019-07-01,2019070101005551,KSBBL,34,42,252,153.00,"38,556.00"
2019-07-01,2019070101005907,LBBL,59,56,10,194.00,"1,940.00"
2019-07-01,2019070101005811,LBL,26,34,274,220.00,"60,280.00"
2019-07-01,2019070101005669,LBL,52,34,100,220.00,"22,000.00"
2019-07-01,2019070101005932,LGIL,22,54,11,426.00,"4,686.00"
2019-07-01,2019070101005915,LGIL,57,22,186,425.00,"79,050.00"
2019-07-01,2019070101005847,LGIL,55,54,100,426.00,"42,600.00"
2019-07-01,2019070101005810,LGIL,22,54,21,426.00,"8,946.00"
2019-07-01,2019070101005777,LICN,28,8,100,"1,600.00","160,000.00"
2019-07-01,2019070101005579,LICN,14,8,100,"1,600.00","160,000.00"
2019-07-01,2019070101005481,LICN,28,46,100,"1,600.00","160,000.00"
2019-07-01,2019070101005480,LICN,28,38,100,"1,600.00","160,000.00"
2019-07-01,2019070101005479,LICN,28,50,50,"1,600.00","80,000.00"
2019-07-01,2019070101005478,LICN,28,28,100,"1,599.00","159,900.00"
2019-07-01,2019070101005477,LICN,28,51,15,"1,599.00","23,985.00"
2019-07-01,2019070101005476,LICN,28,53,12,"1,598.00","19,176.00"
2019-07-01,2019070101005475,LICN,28,7,40,"1,598.00","63,920.00"
2019-07-01,2019070101005474,LICN,28,8,100,"1,595.00","159,500.00"
2019-07-01,2019070101005877,LLBS,38,58,20,660.00,"13,200.00"
2019-07-01,2019070101005670,MBL,18,6,"1,254",262.00,"328,548.00"
2019-07-01,2019070101005603,MBL,38,6,446,262.00,"116,852.00"
2019-07-01,2019070101005909,MEGA,43,54,10,198.00,"1,980.00"
2019-07-01,2019070101005758,MEGA,58,40,858,197.00,"169,026.00"
2019-07-01,2019070101005744,MEGA,39,40,100,197.00,"19,700.00"
2019-07-01,2019070101005708,MEGA,58,38,409,197.00,"80,573.00"
2019-07-01,2019070101005684,MEGA,38,38,"1,000",197.00,"197,000.00"
2019-07-01,2019070101005683,MEGA,52,38,100,197.00,"19,700.00"
2019-07-01,2019070101005682,MEGA,22,38,100,197.00,"19,700.00"
2019-07-01,2019070101005681,MEGA,45,38,100,197.00,"19,700.00"
2019-07-01,2019070101005680,MEGA,21,38,500,197.00,"98,500.00"
2019-07-01,2019070101005679,MEGA,7,38,91,197.00,"17,927.00"
2019-07-01,2019070101005552,MEGA,28,40,200,198.00,"39,600.00"
2019-07-01,2019070101005674,MHNL,6,5,40,104.00,"4,160.00"
2019-07-01,2019070101005867,MLBL,59,28,10,194.00,"1,940.00"
2019-07-01,2019070101005855,MLBL,59,34,216,193.00,"41,688.00"
2019-07-01,2019070101005767,MLBL,17,22,50,190.00,"9,500.00"
2019-07-01,2019070101005902,NABIL,5,53,56,785.00,"43,960.00"
2019-07-01,2019070101005623,NABILP,16,11,129,773.00,"99,717.00"
2019-07-01,2019070101005622,NABILP,16,25,123,773.00,"95,079.00"
2019-07-01,2019070101005527,NADEP,48,42,20,410.00,"8,200.00"
2019-07-01,2019070101005526,NADEP,58,42,20,410.00,"8,200.00"
2019-07-01,2019070101005581,NADEP,48,41,20,410.00,"8,200.00"
2019-07-01,2019070101005564,NADEP,48,37,10,410.00,"4,100.00"
2019-07-01,2019070101005803,NAGRO,16,41,10,476.00,"4,760.00"
2019-07-01,2019070101005735,NAGRO,1,57,10,474.00,"4,740.00"
2019-07-01,2019070101005706,NAGRO,21,59,50,475.00,"23,750.00"
2019-07-01,2019070101005666,NAGRO,21,57,10,475.00,"4,750.00"
2019-07-01,2019070101005621,NAGRO,21,59,30,476.00,"14,280.00"
2019-07-01,2019070101005620,NAGRO,21,17,10,475.00,"4,750.00"
2019-07-01,2019070101005559,NAGRO,50,20,10,473.00,"4,730.00"
2019-07-01,2019070101005520,NAGRO,1,20,10,474.00,"4,740.00"
2019-07-01,2019070101005472,NAGRO,50,20,10,473.00,"4,730.00"
2019-07-01,2019070101005899,NBB,56,34,694,218.00,"151,292.00"
2019-07-01,2019070101005898,NBB,1,34,200,218.00,"43,600.00"
2019-07-01,2019070101005897,NBB,51,34,500,218.00,"109,000.00"
2019-07-01,2019070101005896,NBB,56,34,135,218.00,"29,430.00"
2019-07-01,2019070101005771,NBB,56,53,165,218.00,"35,970.00"
2019-07-01,2019070101005770,NBB,26,53,628,218.00,"136,904.00"
2019-07-01,2019070101005769,NBB,43,53,207,218.00,"45,126.00"
2019-07-01,2019070101005705,NBB,38,34,200,219.00,"43,800.00"
2019-07-01,2019070101005965,NBL,33,45,20,333.00,"6,660.00"
2019-07-01,2019070101005938,NBL,56,45,942,333.00,"313,686.00"
2019-07-01,2019070101005937,NBL,56,21,"1,000",333.00,"333,000.00"
2019-07-01,2019070101005936,NBL,56,8,"2,000",333.00,"666,000.00"
2019-07-01,2019070101005935,NBL,56,34,300,333.00,"99,900.00"
2019-07-01,2019070101005934,NBL,56,57,408,333.00,"135,864.00"
2019-07-01,2019070101005813,NBL,56,32,150,332.00,"49,800.00"
2019-07-01,2019070101005762,NBL,29,42,300,333.00,"99,900.00"
2019-07-01,2019070101005701,NBL,56,4,200,332.00,"66,400.00"
2019-07-01,2019070101005700,NBL,59,4,300,332.00,"99,600.00"
2019-07-01,2019070101005699,NBL,17,4,500,332.00,"166,000.00"
2019-07-01,2019070101005528,NBL,42,42,100,333.00,"33,300.00"
2019-07-01,2019070101005920,NBL,13,57,300,333.00,"99,900.00"
2019-07-01,2019070101005865,NBL,56,57,292,333.00,"97,236.00"
2019-07-01,2019070101005864,NBL,56,45,500,333.00,"166,500.00"
2019-07-01,2019070101005863,NBL,56,33,"1,000",333.00,"333,000.00"
2019-07-01,2019070101005862,NBL,56,42,600,333.00,"199,800.00"
2019-07-01,2019070101005861,NBL,56,29,608,333.00,"202,464.00"
2019-07-01,2019070101005925,NCCB,34,7,"2,000",244.00,"488,000.00"
2019-07-01,2019070101005924,NCCB,34,1,100,244.00,"24,400.00"
2019-07-01,2019070101005923,NCCB,34,48,100,244.00,"24,400.00"
2019-07-01,2019070101005922,NCCB,34,7,307,244.00,"74,908.00"
2019-07-01,2019070101005857,NCCB,45,7,50,244.00,"12,200.00"
2019-07-01,2019070101005790,NCCB,32,7,150,244.00,"36,600.00"
2019-07-01,2019070101005599,NCCB,22,8,369,243.00,"89,667.00"
2019-07-01,2019070101005783,NCCB,1,46,53,243.00,"12,879.00"
2019-07-01,2019070101005782,NCCB,59,46,447,243.00,"108,621.00"
2019-07-01,2019070101005688,NCCB,37,37,1,244.00,244.00
2019-07-01,2019070101005660,NCCB,59,25,22,243.00,"5,346.00"
2019-07-01,2019070101005602,NCCB,37,37,1,244.00,244.00
2019-07-01,2019070101005600,NCCB,59,8,31,243.00,"7,533.00"
2019-07-01,2019070101005889,NGPL,17,29,13,116.00,"1,508.00"
2019-07-01,2019070101005814,NHDL,39,44,10,120.00,"1,200.00"
2019-07-01,2019070101005908,NHPC,52,56,10,65.00,650.00
2019-07-01,2019070101005665,NHPC,37,56,750,64.00,"48,000.00"
2019-07-01,2019070101005664,NHPC,35,56,"1,600",64.00,"102,400.00"
2019-07-01,2019070101005643,NHPC,35,56,400,64.00,"25,600.00"
2019-07-01,2019070101005642,NHPC,43,56,100,64.00,"6,400.00"
2019-07-01,2019070101005641,NHPC,52,56,"1,500",64.00,"96,000.00"
2019-07-01,2019070101005640,NHPC,56,56,"2,000",64.00,"128,000.00"
2019-07-01,2019070101005639,NHPC,56,56,"2,000",64.00,"128,000.00"
2019-07-01,2019070101005939,NIB,59,46,80,519.00,"41,520.00"
2019-07-01,2019070101005876,NIB,32,46,11,519.00,"5,709.00"
2019-07-01,2019070101005875,NIB,32,8,83,519.00,"43,077.00"
2019-07-01,2019070101005873,NIB,53,40,11,518.00,"5,698.00"
2019-07-01,2019070101005854,NIB,43,8,155,519.00,"80,445.00"
2019-07-01,2019070101005676,NIB,38,8,100,519.00,"51,900.00"
2019-07-01,2019070101005668,NIB,21,25,44,518.00,"22,792.00"
2019-07-01,2019070101005656,NIB,40,25,44,518.00,"22,792.00"
2019-07-01,2019070101005869,NIBPO,44,4,50,479.00,"23,950.00"
2019-07-01,2019070101005815,NIBPO,42,4,"2,000",480.00,"960,000.00"
2019-07-01,2019070101005878,NICA,14,14,2,450.00,900.00
2019-07-01,2019070101005690,NICA,40,40,200,456.00,"91,200.00"
2019-07-01,2019070101005892,NICL,25,58,10,346.00,"3,460.00"
2019-07-01,2019070101005859,NICL,13,34,79,344.00,"27,176.00"
2019-07-01,2019070101005754,NICL,6,34,200,344.00,"68,800.00"
2019-07-01,2019070101005753,NICL,25,34,200,344.00,"68,800.00"
2019-07-01,2019070101005752,NICL,36,34,300,344.00,"103,200.00"
2019-07-01,2019070101005751,NICL,17,34,37,344.00,"12,728.00"
2019-07-01,2019070101005618,NICL,17,34,63,344.00,"21,672.00"
2019-07-01,2019070101005617,NICL,22,34,157,344.00,"54,008.00"
2019-07-01,2019070101005485,NIL,38,6,80,462.00,"36,960.00"
2019-07-01,2019070101005484,NIL,38,34,90,462.00,"41,580.00"
2019-07-01,2019070101005508,NLBBL,28,34,366,474.00,"173,484.00"
2019-07-01,2019070101005835,NLIC,16,25,17,876.00,"14,892.00"
2019-07-01,2019070101005630,NLIC,46,58,119,880.00,"104,720.00"
2019-07-01,2019070101005629,NLIC,46,56,33,878.00,"28,974.00"
2019-07-01,2019070101005628,NLIC,46,33,58,878.00,"50,924.00"
2019-07-01,2019070101005967,NLICL,33,40,10,594.00,"5,940.00"
2019-07-01,2019070101005793,NLICL,35,36,110,588.00,"64,680.00"
2019-07-01,2019070101005792,NLICL,35,36,80,588.00,"47,040.00"
2019-07-01,2019070101005791,NLICL,39,36,50,589.00,"29,450.00"
2019-07-01,2019070101005610,NMBHF1,21,4,"1,077",9.20,"9,908.40"
2019-07-01,2019070101005609,NMBHF1,21,4,500,9.22,"4,610.00"
2019-07-01,2019070101005647,NSEWA,5,8,10,395.00,"3,950.00"
2019-07-01,2019070101005646,NSEWA,5,48,10,394.00,"3,940.00"
2019-07-01,2019070101005933,NTC,50,37,100,698.00,"69,800.00"
2019-07-01,2019070101005874,NTC,13,37,100,696.00,"69,600.00"
2019-07-01,2019070101005482,NTC,6,28,"1,904",697.00,"1,327,088.00"
2019-07-01,2019070101005616,NTC,50,28,500,699.00,"349,500.00"
2019-07-01,2019070101005498,NTC,13,58,50,696.00,"34,800.00"
2019-07-01,2019070101005626,NUBL,53,8,30,835.00,"25,050.00"
2019-07-01,2019070101005625,NUBL,53,22,24,835.00,"20,040.00"
2019-07-01,2019070101005624,NUBL,53,4,390,834.00,"325,260.00"
2019-07-01,2019070101005836,OHL,34,58,19,620.00,"11,780.00"
2019-07-01,2019070101005951,PCBL,29,58,370,273.00,"101,010.00"
2019-07-01,2019070101005950,PCBL,42,58,20,273.00,"5,460.00"
2019-07-01,2019070101005949,PCBL,55,58,"1,000",273.00,"273,000.00"
2019-07-01,2019070101005948,PCBL,50,58,500,273.00,"136,500.00"
2019-07-01,2019070101005947,PCBL,7,58,150,273.00,"40,950.00"
2019-07-01,2019070101005946,PCBL,6,58,200,274.00,"54,800.00"
2019-07-01,2019070101005826,PCBL,57,58,250,275.00,"68,750.00"
2019-07-01,2019070101005825,PCBL,47,58,100,276.00,"27,600.00"
2019-07-01,2019070101005824,PCBL,51,58,200,276.00,"55,200.00"
2019-07-01,2019070101005823,PCBL,22,58,500,276.00,"138,000.00"
2019-07-01,2019070101005822,PCBL,59,58,200,276.00,"55,200.00"
2019-07-01,2019070101005821,PCBL,20,58,550,276.00,"151,800.00"
2019-07-01,2019070101005832,PCBL,44,58,100,275.00,"27,500.00"
2019-07-01,2019070101005831,PCBL,35,58,10,275.00,"2,750.00"
2019-07-01,2019070101005830,PCBL,55,58,"1,000",275.00,"275,000.00"
2019-07-01,2019070101005829,PCBL,45,58,20,275.00,"5,500.00"
2019-07-01,2019070101005828,PCBL,57,58,100,275.00,"27,500.00"
2019-07-01,2019070101005827,PCBL,51,58,100,275.00,"27,500.00"
2019-07-01,2019070101005945,PCBL,55,58,"1,000",274.00,"274,000.00"
2019-07-01,2019070101005944,PCBL,36,58,10,274.00,"2,740.00"
2019-07-01,2019070101005943,PCBL,38,58,"1,000",274.00,"274,000.00"
2019-07-01,2019070101005942,PCBL,33,58,500,274.00,"137,000.00"
2019-07-01,2019070101005941,PCBL,33,58,249,274.00,"68,226.00"
2019-07-01,2019070101005833,PCBL,25,58,500,275.00,"137,500.00"
2019-07-01,2019070101005955,PIC,8,46,10,950.00,"9,500.00"
2019-07-01,2019070101005764,PIC,46,22,10,945.00,"9,450.00"
2019-07-01,2019070101005696,PIC,33,33,26,941.00,"24,466.00"
2019-07-01,2019070101005695,PIC,33,47,194,940.00,"182,360.00"
2019-07-01,2019070101005635,PIC,52,58,15,940.00,"14,100.00"
2019-07-01,2019070101005631,PIC,21,32,30,938.00,"28,140.00"
2019-07-01,2019070101005576,PIC,21,37,11,938.00,"10,318.00"
2019-07-01,2019070101005917,PICL,56,58,45,533.00,"23,985.00"
2019-07-01,2019070101005962,PPCL,56,14,30,137.00,"4,110.00"
2019-07-01,2019070101005919,PPCL,56,14,15,137.00,"2,055.00"
2019-07-01,2019070101005918,PPCL,37,14,15,137.00,"2,055.00"
2019-07-01,2019070101005740,PPCL,57,20,10,138.00,"1,380.00"
2019-07-01,2019070101005733,PPCL,57,20,10,138.00,"1,380.00"
2019-07-01,2019070101005726,PPCL,57,20,10,138.00,"1,380.00"
2019-07-01,2019070101005596,PPCL,37,41,10,137.00,"1,370.00"
2019-07-01,2019070101005707,PPCL,57,20,10,138.00,"1,380.00"
2019-07-01,2019070101005694,PPCL,57,20,10,138.00,"1,380.00"
2019-07-01,2019070101005671,PPCL,57,20,10,138.00,"1,380.00"
2019-07-01,2019070101005645,PPCL,57,20,10,138.00,"1,380.00"
2019-07-01,2019070101005608,PPCL,57,57,30,138.00,"4,140.00"
2019-07-01,2019070101005853,PROFL,44,45,500,110.00,"55,000.00"
2019-07-01,2019070101005852,PROFL,44,6,381,110.00,"41,910.00"
2019-07-01,2019070101005851,PROFL,44,32,500,110.00,"55,000.00"
2019-07-01,2019070101005958,PRVU,43,37,88,265.00,"23,320.00"
2019-07-01,2019070101005903,PRVU,17,34,100,265.00,"26,500.00"
2019-07-01,2019070101005798,PRVU,35,34,500,265.00,"132,500.00"
2019-07-01,2019070101005797,PRVU,26,34,150,265.00,"39,750.00"
2019-07-01,2019070101005796,PRVU,56,34,250,265.00,"66,250.00"
2019-07-01,2019070101005493,PRVU,38,39,600,264.00,"158,400.00"
2019-07-01,2019070101005492,PRVU,47,39,"2,000",264.00,"528,000.00"
2019-07-01,2019070101005491,PRVU,47,39,450,264.00,"118,800.00"
2019-07-01,2019070101005490,PRVU,47,39,300,264.00,"79,200.00"
2019-07-01,2019070101005489,PRVU,47,39,350,264.00,"92,400.00"
2019-07-01,2019070101005488,PRVU,47,39,"1,100",264.00,"290,400.00"
2019-07-01,2019070101005725,PRVU,56,41,300,265.00,"79,500.00"
2019-07-01,2019070101005724,PRVU,56,26,250,265.00,"66,250.00"
2019-07-01,2019070101005713,PRVU,56,26,50,265.00,"13,250.00"
2019-07-01,2019070101005686,PRVU,52,26,100,265.00,"26,500.00"
2019-07-01,2019070101005614,PRVU,37,37,1,265.00,265.00
2019-07-01,2019070101005521,PRVU,38,17,"1,000",264.00,"264,000.00"
2019-07-01,2019070101005784,RBCL,13,38,15,"9,200.00","138,000.00"
2019-07-01,2019070101005667,RBCLPO,25,18,15,"8,400.00","126,000.00"
2019-07-01,2019070101005755,RMDC,41,16,300,656.00,"196,800.00"
2019-07-01,2019070101005709,RMDC,39,22,127,651.00,"82,677.00"
2019-07-01,2019070101005606,RMDC,39,33,40,651.00,"26,040.00"
2019-07-01,2019070101005605,RMDC,42,33,10,651.00,"6,510.00"
2019-07-01,2019070101005698,RSDC,42,34,30,342.00,"10,260.00"
2019-07-01,2019070101005963,SADBL,57,49,400,150.00,"60,000.00"
2019-07-01,2019070101005634,SADBL,26,49,100,150.00,"15,000.00"
2019-07-01,2019070101005633,SADBL,26,39,100,150.00,"15,000.00"
2019-07-01,2019070101005649,SANIMA,10,40,410,346.00,"141,860.00"
2019-07-01,2019070101005536,SANIMA,38,33,52,345.00,"17,940.00"
2019-07-01,2019070101005535,SANIMA,45,33,35,345.00,"12,075.00"
2019-07-01,2019070101005534,SANIMA,14,33,13,345.00,"4,485.00"
2019-07-01,2019070101005495,SANIMA,46,40,100,346.00,"34,600.00"
2019-07-01,2019070101005658,SBI,10,17,733,464.00,"340,112.00"
2019-07-01,2019070101005652,SBI,41,17,267,464.00,"123,888.00"
2019-07-01,2019070101005615,SBI,41,41,33,464.00,"15,312.00"
2019-07-01,2019070101005971,SBL,28,16,195,316.00,"61,620.00"
2019-07-01,2019070101005970,SBL,47,16,500,316.00,"158,000.00"
2019-07-01,2019070101005969,SBL,14,16,55,316.00,"17,380.00"
2019-07-01,2019070101005849,SBL,25,16,100,317.00,"31,700.00"
2019-07-01,2019070101005845,SBL,14,16,308,316.00,"97,328.00"
2019-07-01,2019070101005844,SBL,49,16,"1,000",316.00,"316,000.00"
2019-07-01,2019070101005843,SBL,54,16,112,316.00,"35,392.00"
2019-07-01,2019070101005672,SBL,10,39,737,317.00,"233,629.00"
2019-07-01,2019070101005662,SBL,45,39,100,317.00,"31,700.00"
2019-07-01,2019070101005659,SBL,49,39,400,317.00,"126,800.00"
2019-07-01,2019070101005893,SCB,56,7,25,654.00,"16,350.00"
2019-07-01,2019070101005838,SCB,43,52,16,653.00,"10,448.00"
2019-07-01,2019070101005820,SCB,43,1,20,654.00,"13,080.00"
2019-07-01,2019070101005734,SCB,57,1,180,654.00,"117,720.00"
2019-07-01,2019070101005685,SCB,57,25,20,654.00,"13,080.00"
2019-07-01,2019070101005632,SCB,22,33,128,655.00,"83,840.00"
2019-07-01,2019070101005964,SHIVM,34,38,20,619.00,"12,380.00"
2019-07-01,2019070101005953,SHIVM,48,38,10,619.00,"6,190.00"
2019-07-01,2019070101005901,SHIVM,22,4,100,616.00,"61,600.00"
2019-07-01,2019070101005900,SHIVM,57,4,200,616.00,"123,200.00"
2019-07-01,2019070101005879,SHIVM,34,38,20,619.00,"12,380.00"
2019-07-01,2019070101005756,SHIVM,41,34,400,616.00,"246,400.00"
2019-07-01,2019070101005736,SHIVM,34,57,100,616.00,"61,600.00"
2019-07-01,2019070101005715,SHIVM,41,57,100,616.00,"61,600.00"
2019-07-01,2019070101005691,SHIVM,26,38,30,619.00,"18,570.00"
2019-07-01,2019070101005483,SHIVM,22,59,350,616.00,"215,600.00"
2019-07-01,2019070101005537,SHL,43,14,100,232.00,"23,200.00"
2019-07-01,2019070101005505,SHL,57,43,200,231.00,"46,200.00"
2019-07-01,2019070101005914,SHPC,10,43,300,245.00,"73,500.00"
2019-07-01,2019070101005913,SHPC,25,43,200,245.00,"49,000.00"
2019-07-01,2019070101005912,SHPC,25,43,500,245.00,"122,500.00"
2019-07-01,2019070101005781,SHPC,6,47,48,246.00,"11,808.00"
2019-07-01,2019070101005742,SIC,25,6,10,599.00,"5,990.00"
2019-07-01,2019070101005589,SIC,51,25,20,590.00,"11,800.00"
2019-07-01,2019070101005588,SIC,42,25,100,590.00,"59,000.00"
2019-07-01,2019070101005587,SIC,4,25,50,590.00,"29,500.00"
2019-07-01,2019070101005586,SIC,41,25,30,591.00,"17,730.00"
2019-07-01,2019070101005585,SIC,11,25,50,591.00,"29,550.00"
2019-07-01,2019070101005496,SIC,6,21,60,591.00,"35,460.00"
2019-07-01,2019070101005952,SICL,6,4,150,735.00,"110,250.00"
2019-07-01,2019070101005497,SIFC,29,33,500,153.00,"76,500.00"
2019-07-01,2019070101005891,SIL,22,35,10,435.00,"4,350.00"
2019-07-01,2019070101005866,SIL,38,40,40,429.00,"17,160.00"
2019-07-01,2019070101005841,SIL,38,17,55,429.00,"23,595.00"
2019-07-01,2019070101005840,SIL,56,17,80,429.00,"34,320.00"
2019-07-01,2019070101005776,SIL,22,40,10,437.00,"4,370.00"
2019-07-01,2019070101005775,SIL,25,40,10,437.00,"4,370.00"
2019-07-01,2019070101005743,SIL,25,40,11,434.00,"4,774.00"
2019-07-01,2019070101005872,SINDU,52,29,119,133.00,"15,827.00"
2019-07-01,2019070101005871,SINDU,34,29,500,133.00,"66,500.00"
2019-07-01,2019070101005870,SINDU,42,29,22,134.00,"2,948.00"
2019-07-01,2019070101005598,SKBBL,53,4,296,938.00,"277,648.00"
2019-07-01,2019070101005597,SKBBL,53,50,300,935.00,"280,500.00"
2019-07-01,2019070101005739,SLBBL,42,51,100,430.00,"43,000.00"
2019-07-01,2019070101005738,SLBBL,42,57,20,430.00,"8,600.00"
2019-07-01,2019070101005673,SLBS,51,50,18,679.00,"12,222.00"
2019-07-01,2019070101005693,SLBSL,42,14,10,510.00,"5,100.00"
2019-07-01,2019070101005888,SLICL,55,52,236,442.00,"104,312.00"
2019-07-01,2019070101005887,SLICL,53,52,64,443.00,"28,352.00"
2019-07-01,2019070101005692,SMATA,42,42,1,"1,118.00","1,118.00"
2019-07-01,2019070101005773,SMFDB,26,49,61,480.00,"29,280.00"
2019-07-01,2019070101005563,SMFDB,26,42,39,480.00,"18,720.00"
2019-07-01,2019070101005562,SMFDB,58,42,10,481.00,"4,810.00"
2019-07-01,2019070101005561,SMFDB,45,42,15,482.00,"7,230.00"
2019-07-01,2019070101005806,SPARS,22,51,10,430.00,"4,300.00"
2019-07-01,2019070101005494,SWBBL,45,13,100,876.00,"87,600.00"
2019-07-01,2019070101005966,TRH,46,45,30,308.00,"9,240.00"
2019-07-01,2019070101005954,TRH,32,45,20,308.00,"6,160.00"
2019-07-01,2019070101005572,UIC,21,50,50,858.00,"42,900.00"
2019-07-01,2019070101005571,UIC,21,50,100,858.00,"85,800.00"
2019-07-01,2019070101005570,UIC,34,50,100,858.00,"85,800.00"
2019-07-01,2019070101005569,UIC,58,50,200,859.00,"171,800.00"
2019-07-01,2019070101005568,UIC,26,50,30,860.00,"25,800.00"
2019-07-01,2019070101005567,UIC,41,50,20,860.00,"17,200.00"
2019-07-01,2019070101005558,UIC,35,46,46,861.00,"39,606.00"
2019-07-01,2019070101005557,UIC,6,46,50,862.00,"43,100.00"
2019-07-01,2019070101005556,UIC,17,46,50,865.00,"43,250.00"
2019-07-01,2019070101005555,UIC,57,46,20,865.00,"17,300.00"
2019-07-01,2019070101005554,UIC,59,46,40,866.00,"34,640.00"
2019-07-01,2019070101005553,UIC,39,46,10,866.00,"8,660.00"
2019-07-01,2019070101005780,UPCL,21,41,130,90.00,"11,700.00"
2019-07-01,2019070101005678,UPCL,49,41,20,90.00,"1,800.00"
2019-07-01,2019070101005677,UPCL,3,41,850,90.00,"76,500.00"
2019-07-01,2019070101005787,UPPER,55,37,787,265.00,"208,555.00"
2019-07-01,2019070101005661,UPPER,59,57,100,266.00,"26,600.00"
2019-07-01,2019070101005604,UPPER,55,38,50,265.00,"13,250.00"
2019-07-01,2019070101005550,UPPER,29,34,493,266.00,"131,138.00"
2019-07-01,2019070101005549,UPPER,29,58,500,266.00,"133,000.00"
2019-07-01,2019070101005548,UPPER,29,19,500,266.00,"133,000.00"
2019-07-01,2019070101005547,UPPER,29,38,40,266.00,"10,640.00"
2019-07-01,2019070101005546,UPPER,29,36,340,266.00,"90,440.00"
2019-07-01,2019070101005473,UPPER,55,39,146,265.00,"38,690.00"
2019-07-01,2019070101005125,ADBL,22,58,677,406.00,"274,862.00"
2019-07-01,2019070101005045,ADBL,21,58,25,406.00,"10,150.00"
2019-07-01,2019070101005301,ALBSL,41,41,10,386.00,"3,860.00"
2019-07-01,2019070101005150,ALBSL,41,58,10,386.00,"3,860.00"
2019-07-01,2019070101005407,ALICL,37,37,1,387.00,387.00
2019-07-01,2019070101005339,ALICL,46,37,15,387.00,"5,805.00"
2019-07-01,2019070101005275,ALICL,5,33,200,380.00,"76,000.00"
2019-07-01,2019070101005151,ALICL,38,52,25,377.00,"9,425.00"
2019-07-01,2019070101005130,ALICL,14,52,75,380.00,"28,500.00"
2019-07-01,2019070101005076,ALICL,46,35,68,387.00,"26,316.00"
2019-07-01,2019070101004999,ALICL,46,51,150,385.00,"57,750.00"
2019-07-01,2019070101005049,API,47,17,18,141.00,"2,538.00"
2019-07-01,2019070101005454,BOKL,59,22,164,258.00,"42,312.00"
2019-07-01,2019070101005453,BOKL,6,22,16,258.00,"4,128.00"
2019-07-01,2019070101005163,BOKL,21,22,20,259.00,"5,180.00"
2019-07-01,2019070101005061,BOKL,6,50,84,258.00,"21,672.00"
2019-07-01,2019070101005060,BOKL,50,50,200,258.00,"51,600.00"
2019-07-01,2019070101005053,BOKL,14,50,200,258.00,"51,600.00"
2019-07-01,2019070101005052,BOKL,26,50,316,258.00,"81,528.00"
2019-07-01,2019070101005059,BOKL,21,50,200,258.00,"51,600.00"
2019-07-01,2019070101005058,BOKL,42,50,200,258.00,"51,600.00"
2019-07-01,2019070101005057,BOKL,39,50,"1,000",258.00,"258,000.00"
2019-07-01,2019070101005056,BOKL,45,50,200,258.00,"51,600.00"
2019-07-01,2019070101005055,BOKL,14,50,200,258.00,"51,600.00"
2019-07-01,2019070101005054,BOKL,26,50,200,258.00,"51,600.00"
2019-07-01,2019070101005338,CBBL,54,38,"1,150",939.00,"1,079,850.00"
2019-07-01,2019070101005337,CBBL,54,32,50,939.00,"46,950.00"
2019-07-01,2019070101005336,CBBL,54,8,200,938.00,"187,600.00"
2019-07-01,2019070101005115,CBBL,6,21,100,933.00,"93,300.00"
2019-07-01,2019070101005471,CBL,42,41,109,143.00,"15,587.00"
2019-07-01,2019070101005321,CBL,48,1,100,144.00,"14,400.00"
2019-07-01,2019070101005283,CBL,38,38,"1,000",144.00,"144,000.00"
2019-07-01,2019070101005236,CBL,20,1,561,144.00,"80,784.00"
2019-07-01,2019070101005203,CBL,20,57,295,144.00,"42,480.00"
2019-07-01,2019070101004985,CBL,20,41,144,144.00,"20,736.00"
2019-07-01,2019070101004984,CBL,57,41,24,144.00,"3,456.00"
2019-07-01,2019070101005455,CCBL,34,36,311,166.00,"51,626.00"
2019-07-01,2019070101005404,CCBL,39,36,489,166.00,"81,174.00"
2019-07-01,2019070101005381,CCBL,39,10,11,166.00,"1,826.00"
2019-07-01,2019070101005086,CCBL,54,41,120,166.00,"19,920.00"
2019-07-01,2019070101005051,CCBL,36,59,50,165.00,"8,250.00"
2019-07-01,2019070101005208,CFCL,28,1,100,118.00,"11,800.00"
2019-07-01,2019070101005383,CHCL,20,33,652,505.00,"329,260.00"
2019-07-01,2019070101005382,CHCL,34,33,10,506.00,"5,060.00"
2019-07-01,2019070101005007,CLBSL,47,8,13,490.00,"6,370.00"
2019-07-01,2019070101004993,CLBSL,54,8,12,491.00,"5,892.00"
2019-07-01,2019070101005156,CMF1,34,48,"1,000",9.53,"9,530.00"
2019-07-01,2019070101005366,CORBL,44,28,100,119.00,"11,900.00"
2019-07-01,2019070101005155,CZBIL,56,34,10,220.00,"2,200.00"
2019-07-01,2019070101005149,CZBIL,56,34,10,220.00,"2,200.00"
2019-07-01,2019070101005135,CZBIL,56,34,10,220.00,"2,200.00"
2019-07-01,2019070101005095,CZBIL,56,11,435,221.00,"96,135.00"
2019-07-01,2019070101005211,DBBL,35,45,917,136.00,"124,712.00"
2019-07-01,2019070101005031,DBBL,35,45,20,136.00,"2,720.00"
2019-07-01,2019070101005030,DBBL,51,45,980,136.00,"133,280.00"
2019-07-01,2019070101005239,DDBL,49,44,339,702.00,"237,978.00"
2019-07-01,2019070101005238,DDBL,35,44,50,702.00,"35,100.00"
2019-07-01,2019070101005237,DDBL,54,44,31,702.00,"21,762.00"
2019-07-01,2019070101005431,EBL,1,33,100,655.00,"65,500.00"
2019-07-01,2019070101005205,EBL,28,39,97,656.00,"63,632.00"
2019-07-01,2019070101005360,EIC,57,51,100,359.00,"35,900.00"
2019-07-01,2019070101005356,EIC,41,51,40,359.00,"14,360.00"
2019-07-01,2019070101005229,EIC,13,51,40,359.00,"14,360.00"
2019-07-01,2019070101005228,EIC,13,51,50,359.00,"17,950.00"
2019-07-01,2019070101005144,EIC,41,29,10,360.00,"3,600.00"
2019-07-01,2019070101005352,FMDBL,35,33,100,374.00,"37,400.00"
2019-07-01,2019070101005129,GBIME,21,45,20,297.00,"5,940.00"
2019-07-01,2019070101005113,GBIME,49,45,100,297.00,"29,700.00"
2019-07-01,2019070101005079,GBIME,34,34,"3,126",296.00,"925,296.00"
2019-07-01,2019070101005043,GBIME,16,34,448,296.00,"132,608.00"
2019-07-01,2019070101005042,GBIME,45,34,200,296.00,"59,200.00"
2019-07-01,2019070101005041,GBIME,49,34,100,296.00,"29,600.00"
2019-07-01,2019070101005034,GBIME,53,34,463,296.00,"137,048.00"
2019-07-01,2019070101005040,GBIME,42,34,100,296.00,"29,600.00"
2019-07-01,2019070101005039,GBIME,26,34,300,296.00,"88,800.00"
2019-07-01,2019070101005038,GBIME,26,34,200,296.00,"59,200.00"
2019-07-01,2019070101005037,GBIME,11,34,100,296.00,"29,600.00"
2019-07-01,2019070101005036,GBIME,39,34,500,296.00,"148,000.00"
2019-07-01,2019070101005035,GBIME,25,34,420,296.00,"124,320.00"
2019-07-01,2019070101005443,GILB,21,21,1,"1,190.00","1,190.00"
2019-07-01,2019070101005363,GLBSL,39,26,10,390.00,"3,900.00"
2019-07-01,2019070101005289,GLBSL,39,29,10,390.00,"3,900.00"
2019-07-01,2019070101005288,GLBSL,39,29,10,390.00,"3,900.00"
2019-07-01,2019070101005287,GLBSL,39,29,10,390.00,"3,900.00"
2019-07-01,2019070101005286,GLBSL,39,26,10,390.00,"3,900.00"
2019-07-01,2019070101005285,GLBSL,39,45,10,390.00,"3,900.00"
2019-07-01,2019070101005284,GLBSL,39,46,10,390.00,"3,900.00"
2019-07-01,2019070101005270,GLBSL,39,37,10,389.00,"3,890.00"
2019-07-01,2019070101005218,GLBSL,33,17,10,382.00,"3,820.00"
2019-07-01,2019070101004982,GLBSL,19,58,10,389.00,"3,890.00"
2019-07-01,2019070101005395,GLICL,11,50,50,465.00,"23,250.00"
2019-07-01,2019070101005197,GLICL,35,50,20,465.00,"9,300.00"
2019-07-01,2019070101005109,GLICL,43,50,100,465.00,"46,500.00"
2019-07-01,2019070101005108,GLICL,25,50,10,465.00,"4,650.00"
2019-07-01,2019070101005394,GMFBS,26,26,10,432.00,"4,320.00"
2019-07-01,2019070101005393,GMFBS,26,26,10,432.00,"4,320.00"
2019-07-01,2019070101005392,GMFBS,26,45,10,432.00,"4,320.00"
2019-07-01,2019070101005391,GMFBS,26,21,100,432.00,"43,200.00"
2019-07-01,2019070101005390,GMFBS,26,45,10,432.00,"4,320.00"
2019-07-01,2019070101005389,GMFBS,26,42,10,432.00,"4,320.00"
2019-07-01,2019070101005166,GMFBS,39,7,10,430.00,"4,300.00"
2019-07-01,2019070101005165,GMFBS,39,7,10,430.00,"4,300.00"
2019-07-01,2019070101005164,GMFBS,39,37,10,430.00,"4,300.00"
2019-07-01,2019070101005262,GMFBS,36,20,10,426.00,"4,260.00"
2019-07-01,2019070101005201,GMFBS,39,32,10,431.00,"4,310.00"
2019-07-01,2019070101005195,GMFBS,39,39,10,430.00,"4,300.00"
2019-07-01,2019070101005169,GMFBS,39,42,10,430.00,"4,300.00"
2019-07-01,2019070101005168,GMFBS,39,40,10,430.00,"4,300.00"
2019-07-01,2019070101005167,GMFBS,39,37,10,430.00,"4,300.00"
2019-07-01,2019070101005340,GMFBS,36,20,10,426.00,"4,260.00"
2019-07-01,2019070101005332,GMFBS,36,26,10,426.00,"4,260.00"
2019-07-01,2019070101005320,GMFBS,36,26,10,426.00,"4,260.00"
2019-07-01,2019070101005319,GMFBS,36,20,10,426.00,"4,260.00"
2019-07-01,2019070101005279,GMFBS,36,20,10,426.00,"4,260.00"
2019-07-01,2019070101005271,GMFBS,36,20,10,426.00,"4,260.00"
2019-07-01,2019070101005388,GMFBS,26,44,10,432.00,"4,320.00"
2019-07-01,2019070101005387,GMFBS,26,44,10,432.00,"4,320.00"
2019-07-01,2019070101005386,GMFBS,26,44,10,432.00,"4,320.00"
2019-07-01,2019070101005385,GMFBS,26,44,10,432.00,"4,320.00"
2019-07-01,2019070101005384,GMFBS,26,17,10,430.00,"4,300.00"
2019-07-01,2019070101005351,GMFBS,36,26,10,426.00,"4,260.00"
2019-07-01,2019070101005420,GRDBL,22,34,400,113.00,"45,200.00"
2019-07-01,2019070101005230,GRDBL,22,58,100,113.00,"11,300.00"
2019-07-01,2019070101005276,HDL,21,58,10,"1,687.00","16,870.00"
2019-07-01,2019070101005173,HGI,55,28,196,348.00,"68,208.00"
2019-07-01,2019070101005067,HGI,55,5,104,348.00,"36,192.00"
2019-07-01,2019070101005066,HGI,20,5,104,349.00,"36,296.00"
2019-07-01,2019070101005065,HGI,55,5,50,350.00,"17,500.00"
2019-07-01,2019070101005064,HGI,41,5,22,350.00,"7,700.00"
2019-07-01,2019070101005063,HGI,45,5,20,351.00,"7,020.00"
2019-07-01,2019070101004981,HIDCL,1,39,116,156.00,"18,096.00"
2019-07-01,2019070101004980,HIDCL,14,39,360,156.00,"56,160.00"
2019-07-01,2019070101004979,HIDCL,20,39,100,157.00,"15,700.00"
2019-07-01,2019070101005094,HURJA,29,52,920,139.00,"127,880.00"
2019-07-01,2019070101005093,HURJA,29,52,500,139.00,"69,500.00"
2019-07-01,2019070101005092,HURJA,48,52,500,139.00,"69,500.00"
2019-07-01,2019070101005091,HURJA,58,52,180,140.00,"25,200.00"
2019-07-01,2019070101005090,HURJA,45,52,200,140.00,"28,000.00"
2019-07-01,2019070101005089,HURJA,42,52,100,140.00,"14,000.00"
2019-07-01,2019070101005088,HURJA,22,52,50,140.00,"7,000.00"
2019-07-01,2019070101005087,HURJA,28,52,370,141.00,"52,170.00"
2019-07-01,2019070101005425,IGI,37,35,21,355.00,"7,455.00"
2019-07-01,2019070101005424,IGI,43,35,29,355.00,"10,295.00"
2019-07-01,2019070101005402,IGI,42,35,50,357.00,"17,850.00"
2019-07-01,2019070101005182,IGI,54,56,10,359.00,"3,590.00"
2019-07-01,2019070101005185,IGI,55,56,90,358.00,"32,220.00"
2019-07-01,2019070101005184,IGI,43,56,100,358.00,"35,800.00"
2019-07-01,2019070101005183,IGI,39,56,42,359.00,"15,078.00"
2019-07-01,2019070101005234,IGI,55,8,10,358.00,"3,580.00"
2019-07-01,2019070101005359,JBBL,13,41,32,154.00,"4,928.00"
2019-07-01,2019070101005358,JBBL,13,41,50,154.00,"7,700.00"
2019-07-01,2019070101005357,JBBL,49,41,31,154.00,"4,774.00"
2019-07-01,2019070101005158,JBNL,56,58,661,207.00,"136,827.00"
2019-07-01,2019070101005098,JBNL,35,58,"2,000",207.00,"414,000.00"
2019-07-01,2019070101005097,JBNL,58,58,23,207.00,"4,761.00"
2019-07-01,2019070101005050,JBNL,58,42,27,207.00,"5,589.00"
2019-07-01,2019070101005032,JBNL,56,57,101,208.00,"21,008.00"
2019-07-01,2019070101004983,JBNL,17,57,240,208.00,"49,920.00"
2019-07-01,2019070101005403,JSLBB,58,58,2,"1,095.00","2,190.00"
2019-07-01,2019070101005178,JSLBB,8,34,90,"1,096.00","98,640.00"
2019-07-01,2019070101005177,JSLBB,42,34,10,"1,097.00","10,970.00"
2019-07-01,2019070101005408,KADBL,59,51,500,191.00,"95,500.00"
2019-07-01,2019070101005397,KADBL,34,51,457,192.00,"87,744.00"
2019-07-01,2019070101005430,KBL,17,7,"2,000",209.00,"418,000.00"
2019-07-01,2019070101005429,KBL,32,7,100,209.00,"20,900.00"
2019-07-01,2019070101005428,KBL,5,7,50,209.00,"10,450.00"
2019-07-01,2019070101005427,KBL,1,7,781,209.00,"163,229.00"
2019-07-01,2019070101005379,KBL,34,50,100,210.00,"21,000.00"
2019-07-01,2019070101005187,KBL,54,50,160,210.00,"33,600.00"
2019-07-01,2019070101005186,KBL,54,58,20,210.00,"4,200.00"
2019-07-01,2019070101004977,KBL,17,50,10,210.00,"2,100.00"
2019-07-01,2019070101005469,KKHC,42,48,10,70.00,700.00
2019-07-01,2019070101005153,KPCL,36,8,10,91.00,910.00
2019-07-01,2019070101005458,KSBBL,34,52,200,153.00,"30,600.00"
2019-07-01,2019070101005274,LBBL,38,51,700,193.00,"135,100.00"
2019-07-01,2019070101005273,LBBL,57,51,50,193.00,"9,650.00"
2019-07-01,2019070101005272,LBBL,59,51,725,193.00,"139,925.00"
2019-07-01,2019070101005189,LBL,34,59,100,219.00,"21,900.00"
2019-07-01,2019070101005117,LBL,34,22,50,219.00,"10,950.00"
2019-07-01,2019070101005116,LBL,34,38,283,219.00,"61,977.00"
2019-07-01,2019070101005327,LICN,28,22,80,"1,581.00","126,480.00"
2019-07-01,2019070101005227,LICN,28,45,12,"1,581.00","18,972.00"
2019-07-01,2019070101005193,MBL,38,38,554,262.00,"145,148.00"
2019-07-01,2019070101005192,MBL,19,38,50,262.00,"13,100.00"
2019-07-01,2019070101005191,MBL,19,38,50,262.00,"13,100.00"
2019-07-01,2019070101005190,MBL,38,38,346,262.00,"90,652.00"
2019-07-01,2019070101005107,MBL,38,34,54,262.00,"14,148.00"
2019-07-01,2019070101005100,MBL,39,29,11,263.00,"2,893.00"
2019-07-01,2019070101005442,MEGA,45,40,50,198.00,"9,900.00"
2019-07-01,2019070101005412,MEGA,7,38,804,197.00,"158,388.00"
2019-07-01,2019070101005411,MEGA,55,38,50,197.00,"9,850.00"
2019-07-01,2019070101005410,MEGA,55,38,50,197.00,"9,850.00"
2019-07-01,2019070101005409,MEGA,49,38,96,197.00,"18,912.00"
2019-07-01,2019070101005406,MEGA,7,41,105,197.00,"20,685.00"
2019-07-01,2019070101005103,MEGA,5,48,500,197.00,"98,500.00"
2019-07-01,2019070101005102,MEGA,26,48,200,197.00,"39,400.00"
2019-07-01,2019070101005101,MEGA,50,48,264,197.00,"52,008.00"
2019-07-01,2019070101005024,MEGA,50,22,200,197.00,"39,400.00"
2019-07-01,2019070101004989,MEGA,50,17,36,197.00,"7,092.00"
2019-07-01,2019070101004988,MEGA,34,48,95,197.00,"18,715.00"
2019-07-01,2019070101005343,MEGA,49,34,573,197.00,"112,881.00"
2019-07-01,2019070101005278,MEGA,49,20,757,197.00,"149,129.00"
2019-07-01,2019070101005194,MEGA,49,39,638,197.00,"125,686.00"
2019-07-01,2019070101005172,MEGA,17,40,55,198.00,"10,890.00"
2019-07-01,2019070101005105,MEGA,49,48,936,197.00,"184,392.00"
2019-07-01,2019070101005104,MEGA,41,48,100,197.00,"19,700.00"
2019-07-01,2019070101005470,MERO,38,57,19,511.00,"9,709.00"
2019-07-01,2019070101005467,MERO,38,3,50,511.00,"25,550.00"
2019-07-01,2019070101005378,MERO,38,4,17,511.00,"8,687.00"
2019-07-01,2019070101005280,MERO,43,43,100,511.00,"51,100.00"
2019-07-01,2019070101005459,MHNL,6,48,30,104.00,"3,120.00"
2019-07-01,2019070101005242,MLBBL,48,39,10,400.00,"4,000.00"
2019-07-01,2019070101005235,MLBBL,26,39,40,408.00,"16,320.00"
2019-07-01,2019070101005148,MLBL,59,42,324,191.00,"61,884.00"
2019-07-01,2019070101005147,MLBL,59,45,130,191.00,"24,830.00"
2019-07-01,2019070101005146,MNBBL,6,50,209,364.00,"76,076.00"
2019-07-01,2019070101005145,MNBBL,6,50,500,364.00,"182,000.00"
2019-07-01,2019070101005380,MNBBLP,58,49,"30,000",190.00,"5,700,000.00"
2019-07-01,2019070101005398,MPFL,59,58,50,124.00,"6,200.00"
2019-07-01,2019070101005468,MSLB,39,39,9,885.00,"7,965.00"
2019-07-01,2019070101005345,MSMBS,56,10,11,413.00,"4,543.00"
2019-07-01,2019070101005452,NABIL,5,10,100,785.00,"78,500.00"
2019-07-01,2019070101005451,NABIL,5,42,112,785.00,"87,920.00"
2019-07-01,2019070101005450,NABIL,5,48,20,785.00,"15,700.00"
2019-07-01,2019070101005449,NABIL,5,42,185,785.00,"145,225.00"
2019-07-01,2019070101005317,NABIL,42,42,100,785.00,"78,500.00"
2019-07-01,2019070101005085,NABIL,49,42,50,785.00,"39,250.00"
2019-07-01,2019070101005461,NABILP,11,25,77,773.00,"59,521.00"
2019-07-01,2019070101005460,NABILP,11,46,123,773.00,"95,079.00"
2019-07-01,2019070101005112,NABILP,5,46,22,773.00,"17,006.00"
2019-07-01,2019070101005330,NADEP,58,37,10,410.00,"4,100.00"
2019-07-01,2019070101005294,NADEP,58,8,30,410.00,"12,300.00"
2019-07-01,2019070101005160,NADEP,58,38,20,410.00,"8,200.00"
2019-07-01,2019070101005445,NAGRO,50,20,10,473.00,"4,730.00"
2019-07-01,2019070101005342,NAGRO,50,57,10,474.00,"4,740.00"
2019-07-01,2019070101005341,NAGRO,50,16,10,474.00,"4,740.00"
2019-07-01,2019070101005306,NAGRO,5,21,10,472.00,"4,720.00"
2019-07-01,2019070101005300,NAGRO,5,26,10,472.00,"4,720.00"
2019-07-01,2019070101005269,NAGRO,5,26,10,472.00,"4,720.00"
2019-07-01,2019070101005243,NAGRO,21,17,10,472.00,"4,720.00"
2019-07-01,2019070101005159,NAGRO,21,37,10,472.00,"4,720.00"
2019-07-01,2019070101004996,NAGRO,21,56,10,472.00,"4,720.00"
2019-07-01,2019070101005405,NBB,43,34,500,218.00,"109,000.00"
2019-07-01,2019070101005170,NBB,43,48,50,218.00,"10,900.00"
2019-07-01,2019070101005136,NBB,43,37,56,218.00,"12,208.00"
2019-07-01,2019070101004995,NBB,57,34,300,219.00,"65,700.00"
2019-07-01,2019070101004994,NBB,35,34,"1,302",219.00,"285,138.00"
2019-07-01,2019070101005439,NBL,22,5,"1,000",332.00,"332,000.00"
2019-07-01,2019070101005399,NBL,22,43,400,332.00,"132,800.00"
2019-07-01,2019070101005375,NBL,22,14,10,332.00,"3,320.00"
2019-07-01,2019070101005374,NBL,22,33,155,332.00,"51,460.00"
2019-07-01,2019070101005368,NBL,59,33,500,332.00,"166,000.00"
2019-07-01,2019070101005305,NBL,54,33,"1,345",332.00,"446,540.00"
2019-07-01,2019070101005047,NBL,43,14,500,332.00,"166,000.00"
2019-07-01,2019070101005046,NBL,17,14,165,332.00,"54,780.00"
2019-07-01,2019070101005020,NBL,17,59,200,332.00,"66,400.00"
2019-07-01,2019070101005019,NBL,17,48,135,332.00,"44,820.00"
2019-07-01,2019070101004987,NBL,21,48,300,332.00,"99,600.00"
2019-07-01,2019070101005292,NBL,54,58,300,332.00,"99,600.00"
2019-07-01,2019070101005291,NBL,54,21,855,332.00,"283,860.00"
2019-07-01,2019070101005265,NBL,38,21,145,332.00,"48,140.00"
2019-07-01,2019070101005264,NBL,38,5,620,332.00,"205,840.00"
2019-07-01,2019070101005263,NBL,38,14,235,332.00,"78,020.00"
2019-07-01,2019070101005068,NBL,49,14,100,332.00,"33,200.00"
2019-07-01,2019070101005444,NCCB,37,37,1,244.00,244.00
2019-07-01,2019070101005362,NCCB,1,7,428,244.00,"104,432.00"
2019-07-01,2019070101005361,NCCB,1,57,72,244.00,"17,568.00"
2019-07-01,2019070101005261,NCCB,59,57,128,244.00,"31,232.00"
2019-07-01,2019070101005260,NCCB,59,7,372,244.00,"90,768.00"
2019-07-01,2019070101005202,NCCB,54,7,100,244.00,"24,400.00"
2019-07-01,2019070101005078,NCCB,22,22,101,243.00,"24,543.00"
2019-07-01,2019070101005044,NCCB,22,48,200,243.00,"48,600.00"
2019-07-01,2019070101005000,NCCB,22,48,54,243.00,"13,122.00"
2019-07-01,2019070101005456,NIB,43,40,100,519.00,"51,900.00"
2019-07-01,2019070101005446,NIB,43,40,200,519.00,"103,800.00"
2019-07-01,2019070101005418,NIB,40,25,44,518.00,"22,792.00"
2019-07-01,2019070101005367,NIB,53,25,44,518.00,"22,792.00"
2019-07-01,2019070101005349,NIB,53,25,44,518.00,"22,792.00"
2019-07-01,2019070101005282,NIB,53,25,44,518.00,"22,792.00"
2019-07-01,2019070101005179,NIB,21,10,20,519.00,"10,380.00"
2019-07-01,2019070101005171,NIB,53,38,14,518.00,"7,252.00"
2019-07-01,2019070101005096,NIB,39,10,23,519.00,"11,937.00"
2019-07-01,2019070101005259,NIB,8,40,154,519.00,"79,926.00"
2019-07-01,2019070101005258,NIB,8,10,23,519.00,"11,937.00"
2019-07-01,2019070101005257,NIB,8,10,23,519.00,"11,937.00"
2019-07-01,2019070101005226,NIB,53,25,775,518.00,"401,450.00"
2019-07-01,2019070101005225,NIB,53,25,44,518.00,"22,792.00"
2019-07-01,2019070101005180,NIB,39,10,3,519.00,"1,557.00"
2019-07-01,2019070101005335,NIBPO,14,39,150,480.00,"72,000.00"
2019-07-01,2019070101005334,NIBPO,14,39,100,480.00,"48,000.00"
2019-07-01,2019070101005188,NIBPO,49,49,986,478.00,"471,308.00"
2019-07-01,2019070101005401,NICA,59,47,10,458.00,"4,580.00"
2019-07-01,2019070101005326,NICA,54,28,279,457.00,"127,503.00"
2019-07-01,2019070101005313,NICA,54,1,150,457.00,"68,550.00"
2019-07-01,2019070101005312,NICA,54,34,310,457.00,"141,670.00"
2019-07-01,2019070101005311,NICA,54,52,500,457.00,"228,500.00"
2019-07-01,2019070101005310,NICA,54,7,100,457.00,"45,700.00"
2019-07-01,2019070101005309,NICA,54,45,60,457.00,"27,420.00"
2019-07-01,2019070101005308,NICA,54,32,101,456.00,"46,056.00"
2019-07-01,2019070101005298,NICA,5,33,30,455.00,"13,650.00"
2019-07-01,2019070101005248,NICA,5,45,100,455.00,"45,500.00"
2019-07-01,2019070101005157,NICA,5,58,22,455.00,"10,010.00"
2019-07-01,2019070101005441,NICL,45,34,184,345.00,"63,480.00"
2019-07-01,2019070101005206,NICL,38,34,400,346.00,"138,400.00"
2019-07-01,2019070101005154,NICL,45,20,16,345.00,"5,520.00"
2019-07-01,2019070101005324,NIL,43,34,120,459.00,"55,080.00"
2019-07-01,2019070101005323,NIL,35,34,100,460.00,"46,000.00"
2019-07-01,2019070101005322,NIL,26,34,80,460.00,"36,800.00"
2019-07-01,2019070101005246,NIL,5,57,60,460.00,"27,600.00"
2019-07-01,2019070101005466,NLIC,42,7,185,876.00,"162,060.00"
2019-07-01,2019070101005465,NLIC,36,7,10,876.00,"8,760.00"
2019-07-01,2019070101005464,NLIC,29,7,100,876.00,"87,600.00"
2019-07-01,2019070101005463,NLIC,28,7,55,876.00,"48,180.00"
2019-07-01,2019070101005462,NLIC,40,7,500,877.00,"438,500.00"
2019-07-01,2019070101005440,NLIC,28,25,17,876.00,"14,892.00"
2019-07-01,2019070101005247,NLIC,28,25,17,876.00,"14,892.00"
2019-07-01,2019070101005224,NLIC,34,57,50,877.00,"43,850.00"
2019-07-01,2019070101005256,NLICL,35,19,170,588.00,"99,960.00"
2019-07-01,2019070101005255,NLICL,38,19,20,588.00,"11,760.00"
2019-07-01,2019070101005254,NLICL,34,19,50,589.00,"29,450.00"
2019-07-01,2019070101005253,NLICL,26,19,100,589.00,"58,900.00"
2019-07-01,2019070101005252,NLICL,58,19,20,589.00,"11,780.00"
2019-07-01,2019070101005251,NLICL,34,19,100,589.00,"58,900.00"
2019-07-01,2019070101005250,NLICL,58,19,40,590.00,"23,600.00"
2019-07-01,2019070101004976,NLICL,19,40,20,590.00,"11,800.00"
2019-07-01,2019070101004975,NLICL,41,40,200,590.00,"118,000.00"
2019-07-01,2019070101004974,NLICL,42,40,30,590.00,"17,700.00"
2019-07-01,2019070101004973,NLICL,54,40,30,590.00,"17,700.00"
2019-07-01,2019070101004972,NLICL,28,40,31,590.00,"18,290.00"
2019-07-01,2019070101005175,NSEWA,11,37,10,388.00,"3,880.00"
2019-07-01,2019070101005438,NTC,59,10,10,700.00,"7,000.00"
2019-07-01,2019070101005416,NTC,6,43,150,697.00,"104,550.00"
2019-07-01,2019070101005415,NTC,50,43,200,697.00,"139,400.00"
2019-07-01,2019070101005414,NTC,46,43,50,698.00,"34,900.00"
2019-07-01,2019070101005232,NUBL,6,4,970,832.00,"807,040.00"
2019-07-01,2019070101005231,NUBL,40,4,30,833.00,"24,990.00"
2019-07-01,2019070101005114,NUBL,18,22,35,835.00,"29,225.00"
2019-07-01,2019070101005426,OHL,44,33,500,611.00,"305,500.00"
2019-07-01,2019070101005331,PCBL,20,48,114,276.00,"31,464.00"
2019-07-01,2019070101005268,PCBL,11,17,100,277.00,"27,700.00"
2019-07-01,2019070101005423,PIC,11,32,11,936.00,"10,296.00"
2019-07-01,2019070101005329,PIC,29,33,24,941.00,"22,584.00"
2019-07-01,2019070101005328,PIC,29,4,476,940.00,"447,440.00"
2019-07-01,2019070101005134,PIC,58,34,93,934.00,"86,862.00"
2019-07-01,2019070101005133,PIC,35,34,120,935.00,"112,200.00"
2019-07-01,2019070101005132,PIC,21,34,100,935.00,"93,500.00"
2019-07-01,2019070101005071,PIC,33,52,118,936.00,"110,448.00"
2019-07-01,2019070101005017,PIC,32,34,100,939.00,"93,900.00"
2019-07-01,2019070101005131,PIC,13,34,87,935.00,"81,345.00"
2019-07-01,2019070101005077,PIC,38,4,50,940.00,"47,000.00"
2019-07-01,2019070101005075,PIC,13,52,113,935.00,"105,655.00"
2019-07-01,2019070101005074,PIC,45,52,20,935.00,"18,700.00"
2019-07-01,2019070101005073,PIC,25,52,20,935.00,"18,700.00"
2019-07-01,2019070101005072,PIC,35,52,30,935.00,"28,050.00"
2019-07-01,2019070101005299,PICL,56,1,125,533.00,"66,625.00"
2019-07-01,2019070101005199,PICL,56,22,80,533.00,"42,640.00"
2019-07-01,2019070101005081,PICL,38,4,50,535.00,"26,750.00"
2019-07-01,2019070101005377,PLIC,59,34,494,428.00,"211,432.00"
2019-07-01,2019070101005376,PLIC,49,34,100,428.00,"42,800.00"
2019-07-01,2019070101005210,PLIC,49,22,100,428.00,"42,800.00"
2019-07-01,2019070101005209,PLIC,45,22,10,428.00,"4,280.00"
2019-07-01,2019070101005111,PMHPL,21,40,15,107.00,"1,605.00"
2019-07-01,2019070101005110,PMHPL,21,34,10,107.00,"1,070.00"
2019-07-01,2019070101005348,PPCL,37,43,25,137.00,"3,425.00"
2019-07-01,2019070101005347,PPCL,38,43,60,137.00,"8,220.00"
2019-07-01,2019070101005346,PPCL,21,43,25,138.00,"3,450.00"
2019-07-01,2019070101005143,PPCL,38,58,30,137.00,"4,110.00"
2019-07-01,2019070101005204,PRIN,5,57,68,365.00,"24,820.00"
2019-07-01,2019070101005028,PRIN,5,5,119,365.00,"43,435.00"
2019-07-01,2019070101005027,PRIN,42,5,161,366.00,"58,926.00"
2019-07-01,2019070101005026,PRIN,45,5,10,367.00,"3,670.00"
2019-07-01,2019070101005025,PRIN,36,5,10,367.00,"3,670.00"
2019-07-01,2019070101005200,PROFL,44,25,500,109.00,"54,500.00"
2019-07-01,2019070101005245,PRVU,47,58,100,264.00,"26,400.00"
2019-07-01,2019070101005241,PRVU,28,45,200,265.00,"53,000.00"
2019-07-01,2019070101005233,PRVU,58,45,191,265.00,"50,615.00"
2019-07-01,2019070101005207,PRVU,58,14,159,265.00,"42,135.00"
2019-07-01,2019070101005181,PRVU,57,14,500,265.00,"132,500.00"
2019-07-01,2019070101005176,PRVU,17,14,841,265.00,"222,865.00"
2019-07-01,2019070101005070,PRVU,17,58,50,265.00,"13,250.00"
2019-07-01,2019070101005048,PRVU,17,45,"1,109",265.00,"293,885.00"
2019-07-01,2019070101005018,PRVU,47,48,75,264.00,"19,800.00"
2019-07-01,2019070101004992,PRVU,33,45,500,265.00,"132,500.00"
2019-07-01,2019070101004978,PRVU,19,45,"1,000",265.00,"265,000.00"
2019-07-01,2019070101005307,RBCLPO,3,18,10,"8,362.00","83,620.00"
2019-07-01,2019070101005293,RMDC,39,22,186,655.00,"121,830.00"
2019-07-01,2019070101005217,RMDC,39,55,500,655.00,"327,500.00"
2019-07-01,2019070101005216,RMDC,39,45,27,655.00,"17,685.00"
2019-07-01,2019070101005215,RMDC,39,4,300,655.00,"196,500.00"
2019-07-01,2019070101005214,RMDC,39,19,40,654.00,"26,160.00"
2019-07-01,2019070101005213,RMDC,39,13,88,654.00,"57,552.00"
2019-07-01,2019070101005212,RMDC,39,44,70,652.00,"45,640.00"
2019-07-01,2019070101005281,SADBL,57,58,"1,413",149.00,"210,537.00"
2019-07-01,2019070101005240,SANIMA,14,49,200,345.00,"69,000.00"
2019-07-01,2019070101005162,SANIMA,14,55,87,345.00,"30,015.00"
2019-07-01,2019070101005161,SANIMA,53,55,413,345.00,"142,485.00"
2019-07-01,2019070101005152,SANIMA,19,49,"1,000",346.00,"346,000.00"
2019-07-01,2019070101005396,SBI,46,49,100,465.00,"46,500.00"
2019-07-01,2019070101005422,SBL,54,50,888,316.00,"280,608.00"
2019-07-01,2019070101005421,SBL,1,50,162,316.00,"51,192.00"
2019-07-01,2019070101005128,SBL,56,39,763,317.00,"241,871.00"
2019-07-01,2019070101005127,SBL,56,39,133,317.00,"42,161.00"
2019-07-01,2019070101005126,SBL,56,39,104,317.00,"32,968.00"
2019-07-01,2019070101005082,SBL,51,39,100,317.00,"31,700.00"
2019-07-01,2019070101005069,SBL,16,39,50,317.00,"15,850.00"
2019-07-01,2019070101005333,SCB,46,33,100,655.00,"65,500.00"
2019-07-01,2019070101005318,SCB,46,25,20,654.00,"13,080.00"
2019-07-01,2019070101005106,SDESI,33,57,13,576.00,"7,488.00"
2019-07-01,2019070101005006,SDESI,33,34,27,565.00,"15,255.00"
2019-07-01,2019070101005005,SDESI,33,34,27,565.00,"15,255.00"
2019-07-01,2019070101005004,SDESI,33,34,27,565.00,"15,255.00"
2019-07-01,2019070101005003,SDESI,33,34,27,560.00,"15,120.00"
2019-07-01,2019070101005448,SEF,17,32,"2,000",9.65,"19,300.00"
2019-07-01,2019070101005249,SHIVM,32,45,100,615.00,"61,500.00"
2019-07-01,2019070101005118,SHIVM,22,49,30,616.00,"18,480.00"
2019-07-01,2019070101005029,SHIVM,22,11,100,614.00,"61,400.00"
2019-07-01,2019070101005016,SHIVM,48,39,50,615.00,"30,750.00"
2019-07-01,2019070101005015,SHIVM,35,39,10,615.00,"6,150.00"
2019-07-01,2019070101005008,SHIVM,41,49,20,616.00,"12,320.00"
2019-07-01,2019070101004991,SHIVM,41,49,30,616.00,"18,480.00"
2019-07-01,2019070101004990,SHIVM,22,49,20,616.00,"12,320.00"
2019-07-01,2019070101005014,SHIVM,45,39,"1,000",615.00,"615,000.00"
2019-07-01,2019070101005013,SHIVM,7,39,100,615.00,"61,500.00"
2019-07-01,2019070101005012,SHIVM,13,39,50,615.00,"30,750.00"
2019-07-01,2019070101005011,SHIVM,3,39,50,615.00,"30,750.00"
2019-07-01,2019070101005010,SHIVM,26,39,50,615.00,"30,750.00"
2019-07-01,2019070101005009,SHIVM,36,39,50,615.00,"30,750.00"
2019-07-01,2019070101005325,SHL,57,17,400,232.00,"92,800.00"
2019-07-01,2019070101005244,SHL,46,49,173,232.00,"40,136.00"
2019-07-01,2019070101005124,SHL,13,17,500,230.00,"115,000.00"
2019-07-01,2019070101005123,SHL,43,17,100,230.00,"23,000.00"
2019-07-01,2019070101005122,SHL,26,17,100,230.00,"23,000.00"
2019-07-01,2019070101005121,SHL,44,17,200,230.00,"46,000.00"
2019-07-01,2019070101005120,SHL,41,17,100,231.00,"23,100.00"
2019-07-01,2019070101005119,SHL,45,17,600,231.00,"138,600.00"
2019-07-01,2019070101005304,SIC,6,46,40,591.00,"23,640.00"
2019-07-01,2019070101005303,SIC,25,46,20,591.00,"11,820.00"
2019-07-01,2019070101005302,SIC,51,46,30,592.00,"17,760.00"
2019-07-01,2019070101004998,SICL,29,33,409,730.00,"298,570.00"
2019-07-01,2019070101004997,SICL,56,33,91,730.00,"66,430.00"
2019-07-01,2019070101005084,SIFC,29,11,71,153.00,"10,863.00"
2019-07-01,2019070101005083,SIFC,57,11,150,153.00,"22,950.00"
2019-07-01,2019070101005295,SIL,44,22,178,429.00,"76,362.00"
2019-07-01,2019070101005002,SIL,44,5,200,429.00,"85,800.00"
2019-07-01,2019070101005001,SIL,20,5,100,430.00,"43,000.00"
2019-07-01,2019070101005373,SINDU,42,29,"1,978",134.00,"265,052.00"
2019-07-01,2019070101005372,SINDU,34,29,559,134.00,"74,906.00"
2019-07-01,2019070101005371,SINDU,22,29,50,135.00,"6,750.00"
2019-07-01,2019070101005370,SINDU,1,29,983,135.00,"132,705.00"
2019-07-01,2019070101005369,SINDU,57,29,30,136.00,"4,080.00"
2019-07-01,2019070101005099,SKBBL,46,59,22,933.00,"20,526.00"
2019-07-01,2019070101005316,SLBBL,41,57,40,430.00,"17,200.00"
2019-07-01,2019070101005221,SLBBL,48,57,50,430.00,"21,500.00"
2019-07-01,2019070101005220,SLBBL,32,57,100,431.00,"43,100.00"
2019-07-01,2019070101005219,SLBBL,51,57,30,431.00,"12,930.00"
2019-07-01,2019070101005223,SLBBL,58,57,200,430.00,"86,000.00"
2019-07-01,2019070101005222,SLBBL,40,57,20,430.00,"8,600.00"
2019-07-01,2019070101005080,SLBS,56,48,10,687.00,"6,870.00"
2019-07-01,2019070101005062,SLBS,56,56,1,674.00,674.00
2019-07-01,2019070101005023,SLBSL,45,48,10,512.00,"5,120.00"
2019-07-01,2019070101005447,SMATA,56,32,16,"1,118.00","17,888.00"
2019-07-01,2019070101005417,SPARS,22,49,50,430.00,"21,500.00"
2019-07-01,2019070101005290,SPARS,22,41,10,430.00,"4,300.00"
2019-07-01,2019070101005174,SPARS,47,34,10,430.00,"4,300.00"
2019-07-01,2019070101005457,SRBL,21,21,1,246.00,246.00
2019-07-01,2019070101005419,SRBL,58,58,1,245.00,245.00
2019-07-01,2019070101005400,SRBL,17,50,652,246.00,"160,392.00"
2019-07-01,2019070101005355,SRBL,17,22,451,246.00,"110,946.00"
2019-07-01,2019070101005354,SRBL,45,22,100,246.00,"24,600.00"
2019-07-01,2019070101005353,SRBL,32,22,949,246.00,"233,454.00"
2019-07-01,2019070101004986,SRBL,32,4,100,246.00,"24,600.00"
2019-07-01,2019070101005142,SWBBL,45,11,236,876.00,"206,736.00"
2019-07-01,2019070101005141,SWBBL,45,11,20,876.00,"17,520.00"
2019-07-01,2019070101005140,SWBBL,4,11,50,876.00,"43,800.00"
2019-07-01,2019070101005139,SWBBL,52,11,54,876.00,"47,304.00"
2019-07-01,2019070101005138,SWBBL,45,11,20,877.00,"17,540.00"
2019-07-01,2019070101005137,SWBBL,19,11,200,880.00,"176,000.00"
2019-07-01,2019070101005365,TRH,7,43,100,304.00,"30,400.00"
2019-07-01,2019070101005364,TRH,44,43,300,305.00,"91,500.00"
2019-07-01,2019070101005350,TRH,44,57,690,305.00,"210,450.00"
2019-07-01,2019070101005344,TRH,56,57,300,305.00,"91,500.00"
2019-07-01,2019070101005297,TRH,44,57,"1,000",305.00,"305,000.00"
2019-07-01,2019070101005296,TRH,51,57,10,307.00,"3,070.00"
2019-07-01,2019070101005437,UPCL,29,41,"1,000",90.00,"90,000.00"
2019-07-01,2019070101005436,UPCL,42,41,500,90.00,"45,000.00"
2019-07-01,2019070101005435,UPCL,57,41,50,90.00,"4,500.00"
2019-07-01,2019070101005434,UPCL,53,41,100,90.00,"9,000.00"
2019-07-01,2019070101005433,UPCL,38,41,850,90.00,"76,500.00"
2019-07-01,2019070101005432,UPCL,34,41,500,90.00,"45,000.00"
2019-07-01,2019070101005315,UPPER,8,36,110,266.00,"29,260.00"
2019-07-01,2019070101005314,UPPER,8,34,90,266.00,"23,940.00"
2019-07-01,2019070101005033,UPPER,22,57,50,265.00,"13,250.00"
2019-07-01,2019070101005022,UPPER,22,57,13,265.00,"3,445.00"
2019-07-01,2019070101005021,UPPER,55,57,37,265.00,"9,805.00"
2019-07-01,2019070101005277,UPPER,48,34,10,266.00,"2,660.00"
2019-07-01,2019070101005267,UPPER,55,41,13,265.00,"3,445.00"
2019-07-01,2019070101005266,UPPER,22,41,37,265.00,"9,805.00"
2019-07-01,2019070101005413,VLBS,42,57,13,462.00,"6,006.00"
2019-07-01,2019070101004929,ADBL,56,44,90,405.00,"36,450.00"
2019-07-01,2019070101004928,ADBL,40,44,200,405.00,"81,000.00"
2019-07-01,2019070101004927,ADBL,42,44,10,405.00,"4,050.00"
2019-07-01,2019070101004858,ADBL,21,48,25,405.00,"10,125.00"
2019-07-01,2019070101004772,ADBL,50,39,500,406.00,"203,000.00"
2019-07-01,2019070101004771,ADBL,44,39,120,406.00,"48,720.00"
2019-07-01,2019070101004687,ADBL,25,47,51,407.00,"20,757.00"
2019-07-01,2019070101004686,ADBL,25,34,149,407.00,"60,643.00"
2019-07-01,2019070101004657,ADBL,44,16,80,406.00,"32,480.00"
2019-07-01,2019070101004656,ADBL,53,16,80,406.00,"32,480.00"
2019-07-01,2019070101004509,ADBL,18,34,100,407.00,"40,700.00"
2019-07-01,2019070101004474,ADBL,53,54,20,406.00,"8,120.00"
2019-07-01,2019070101004512,AKJCL,32,38,20,72.00,"1,440.00"
2019-07-01,2019070101004948,AKPL,41,34,196,189.00,"37,044.00"
2019-07-01,2019070101004947,AKPL,41,34,196,189.00,"37,044.00"
2019-07-01,2019070101004946,AKPL,41,59,40,188.00,"7,520.00"
2019-07-01,2019070101004868,ALBSL,37,25,40,390.00,"15,600.00"
2019-07-01,2019070101004737,ALBSL,41,7,10,386.00,"3,860.00"
2019-07-01,2019070101004704,ALBSL,41,7,10,386.00,"3,860.00"
2019-07-01,2019070101004689,ALBSL,25,7,10,386.00,"3,860.00"
2019-07-01,2019070101004630,ALBSL,14,25,40,390.00,"15,600.00"
2019-07-01,2019070101004628,ALBSL,25,7,10,386.00,"3,860.00"
2019-07-01,2019070101004624,ALBSL,25,7,10,386.00,"3,860.00"
2019-07-01,2019070101004612,ALBSL,25,7,10,386.00,"3,860.00"
2019-07-01,2019070101004504,ALBSL,25,45,10,386.00,"3,860.00"
2019-07-01,2019070101004618,ALICL,55,22,60,387.00,"23,220.00"
2019-07-01,2019070101004568,ALICL,51,17,312,385.00,"120,120.00"
2019-07-01,2019070101004879,API,47,44,29,141.00,"4,089.00"
2019-07-01,2019070101004695,API,25,22,20,143.00,"2,860.00"
2019-07-01,2019070101004593,API,44,44,1,140.00,140.00
2019-07-01,2019070101004480,BARUN,21,34,10,92.00,920.00
2019-07-01,2019070101004709,BFC,47,48,300,101.00,"30,300.00"
2019-07-01,2019070101004708,BFC,14,48,300,101.00,"30,300.00"
2019-07-01,2019070101004707,BFC,6,48,70,101.00,"7,070.00"
2019-07-01,2019070101004678,BFC,57,48,"1,000",102.00,"102,000.00"
2019-07-01,2019070101004899,BOKL,26,4,21,258.00,"5,418.00"
2019-07-01,2019070101004898,BOKL,32,4,179,258.00,"46,182.00"
2019-07-01,2019070101004654,BOKL,22,6,30,260.00,"7,800.00"
2019-07-01,2019070101004554,BOKL,13,48,300,259.00,"77,700.00"
2019-07-01,2019070101004530,BOKL,13,48,200,259.00,"51,800.00"
2019-07-01,2019070101004955,BPCL,5,48,11,396.00,"4,356.00"
2019-07-01,2019070101004752,CBBL,6,34,10,935.00,"9,350.00"
2019-07-01,2019070101004751,CBBL,6,50,"1,486",935.00,"1,389,410.00"
2019-07-01,2019070101004750,CBBL,6,58,19,935.00,"17,765.00"
2019-07-01,2019070101004597,CBBL,40,39,30,931.00,"27,930.00"
2019-07-01,2019070101004491,CBBL,39,58,10,935.00,"9,350.00"
2019-07-01,2019070101004918,CBL,57,1,26,144.00,"3,744.00"
2019-07-01,2019070101004917,CBL,57,1,52,144.00,"7,488.00"
2019-07-01,2019070101004916,CBL,57,48,26,144.00,"3,744.00"
2019-07-01,2019070101004870,CBL,57,48,22,144.00,"3,168.00"
2019-07-01,2019070101004785,CBL,32,49,100,144.00,"14,400.00"
2019-07-01,2019070101004784,CBL,42,42,3,144.00,432.00
2019-07-01,2019070101004496,CBL,34,11,"1,000",144.00,"144,000.00"
2019-07-01,2019070101004671,CBL,32,22,100,144.00,"14,400.00"
2019-07-01,2019070101004670,CBL,46,22,100,144.00,"14,400.00"
2019-07-01,2019070101004669,CBL,42,22,500,144.00,"72,000.00"
2019-07-01,2019070101004668,CBL,6,22,100,144.00,"14,400.00"
2019-07-01,2019070101004508,CBL,34,11,"1,000",144.00,"144,000.00"
2019-07-01,2019070101004503,CBL,34,11,"1,000",144.00,"144,000.00"
2019-07-01,2019070101004871,CCBL,45,59,31,166.00,"5,146.00"
2019-07-01,2019070101004842,CCBL,45,55,40,166.00,"6,640.00"
2019-07-01,2019070101004793,CCBL,45,49,129,166.00,"21,414.00"
2019-07-01,2019070101004792,CCBL,34,49,71,166.00,"11,786.00"
2019-07-01,2019070101004788,CCBL,34,48,29,166.00,"4,814.00"
2019-07-01,2019070101004565,CCBL,34,42,50,166.00,"8,300.00"
2019-07-01,2019070101004564,CCBL,34,22,50,166.00,"8,300.00"
2019-07-01,2019070101004845,CFCL,28,17,"1,500",118.00,"177,000.00"
2019-07-01,2019070101004551,CFCL,44,28,300,119.00,"35,700.00"
2019-07-01,2019070101004550,CFCL,44,28,"2,000",119.00,"238,000.00"
2019-07-01,2019070101004549,CFCL,44,56,67,119.00,"7,973.00"
2019-07-01,2019070101004541,CFCL,28,44,10,118.00,"1,180.00"
2019-07-01,2019070101004735,CHCL,20,46,99,505.00,"49,995.00"
2019-07-01,2019070101004734,CHCL,20,28,249,505.00,"125,745.00"
2019-07-01,2019070101004733,CHCL,29,28,100,505.00,"50,500.00"
2019-07-01,2019070101004732,CHCL,45,28,20,505.00,"10,100.00"
2019-07-01,2019070101004731,CHCL,45,28,71,505.00,"35,855.00"
2019-07-01,2019070101004728,CIT,7,45,31,"2,431.00","75,361.00"
2019-07-01,2019070101004727,CIT,19,45,30,"2,431.00","72,930.00"
2019-07-01,2019070101004726,CIT,56,45,50,"2,431.00","121,550.00"
2019-07-01,2019070101004725,CIT,22,45,100,"2,432.00","243,200.00"
2019-07-01,2019070101004724,CIT,19,45,20,"2,432.00","48,640.00"
2019-07-01,2019070101004723,CIT,43,45,30,"2,433.00","72,990.00"
2019-07-01,2019070101004722,CIT,57,45,100,"2,440.00","244,000.00"
2019-07-01,2019070101004721,CIT,13,45,20,"2,440.00","48,800.00"
2019-07-01,2019070101004720,CIT,48,45,50,"2,440.00","122,000.00"
2019-07-01,2019070101004719,CIT,57,45,20,"2,440.00","48,800.00"
2019-07-01,2019070101004718,CIT,45,45,15,"2,450.00","36,750.00"
2019-07-01,2019070101004717,CIT,46,45,34,"2,450.00","83,300.00"
2019-07-01,2019070101004758,CORBL,44,48,100,117.00,"11,700.00"
2019-07-01,2019070101004907,CZBIL,56,11,783,221.00,"173,043.00"
2019-07-01,2019070101004906,CZBIL,56,56,72,221.00,"15,912.00"
2019-07-01,2019070101004905,CZBIL,56,4,100,221.00,"22,100.00"
2019-07-01,2019070101004904,CZBIL,56,26,25,221.00,"5,525.00"
2019-07-01,2019070101004903,CZBIL,56,58,20,221.00,"4,420.00"
2019-07-01,2019070101004817,DBBL,51,44,49,136.00,"6,664.00"
2019-07-01,2019070101004690,DBBL,51,55,110,136.00,"14,960.00"
2019-07-01,2019070101004834,DDBL,54,45,49,702.00,"34,398.00"
2019-07-01,2019070101004833,DDBL,44,45,170,703.00,"119,510.00"
2019-07-01,2019070101004832,DDBL,43,45,100,704.00,"70,400.00"
2019-07-01,2019070101004941,DHPL,25,42,11,67.00,737.00
2019-07-01,2019070101004493,DHPL,25,34,11,67.00,737.00
2019-07-01,2019070101004825,EIC,16,29,903,360.00,"325,080.00"
2019-07-01,2019070101004589,EIC,16,11,45,359.00,"16,155.00"
2019-07-01,2019070101004619,FOWAD,38,17,36,"1,314.00","47,304.00"
2019-07-01,2019070101004610,FOWAD,38,34,48,"1,309.00","62,832.00"
2019-07-01,2019070101004609,FOWAD,17,34,50,"1,310.00","65,500.00"
2019-07-01,2019070101004608,FOWAD,35,34,27,"1,310.00","35,370.00"
2019-07-01,2019070101004529,FOWAD,35,17,164,"1,314.00","215,496.00"
2019-07-01,2019070101004528,FOWAD,35,42,37,"1,314.00","48,618.00"
2019-07-01,2019070101004527,FOWAD,35,34,49,"1,313.00","64,337.00"
2019-07-01,2019070101004934,GBBL,42,16,36,220.00,"7,920.00"
2019-07-01,2019070101004933,GBBL,48,16,964,220.00,"212,080.00"
2019-07-01,2019070101004615,GBBL,48,40,36,220.00,"7,920.00"
2019-07-01,2019070101004614,GBBL,14,40,74,220.00,"16,280.00"
2019-07-01,2019070101004796,GBIME,53,58,300,296.00,"88,800.00"
2019-07-01,2019070101004780,GBIME,53,56,348,296.00,"103,008.00"
2019-07-01,2019070101004767,GBIME,45,45,50,297.00,"14,850.00"
2019-07-01,2019070101004700,GBIME,58,45,50,297.00,"14,850.00"
2019-07-01,2019070101004685,GBIME,42,45,100,297.00,"29,700.00"
2019-07-01,2019070101004684,GBIME,53,4,51,296.00,"15,096.00"
2019-07-01,2019070101004641,GBIME,35,45,15,297.00,"4,455.00"
2019-07-01,2019070101004627,GDBL,36,38,274,207.00,"56,718.00"
2019-07-01,2019070101004841,GDBL,55,39,124,206.00,"25,544.00"
2019-07-01,2019070101004840,GDBL,34,39,500,206.00,"103,000.00"
2019-07-01,2019070101004839,GDBL,50,39,200,206.00,"41,200.00"
2019-07-01,2019070101004897,GHL,36,56,30,80.00,"2,400.00"
2019-07-01,2019070101004857,GHL,36,56,30,80.00,"2,400.00"
2019-07-01,2019070101004826,GHL,36,56,30,80.00,"2,400.00"
2019-07-01,2019070101004810,GHL,36,56,30,80.00,"2,400.00"
2019-07-01,2019070101004774,GHL,36,56,20,80.00,"1,600.00"
2019-07-01,2019070101004773,GHL,14,56,10,80.00,800.00
2019-07-01,2019070101004925,GILB,38,38,21,"1,205.00","25,305.00"
2019-07-01,2019070101004706,GIMES1,48,56,271,7.70,"2,086.70"
2019-07-01,2019070101004705,GIMES1,42,56,"1,329",7.70,"10,233.30"
2019-07-01,2019070101004937,GLBSL,33,38,10,388.00,"3,880.00"
2019-07-01,2019070101004675,GLBSL,33,41,70,390.00,"27,300.00"
2019-07-01,2019070101004674,GLBSL,33,34,100,388.00,"38,800.00"
2019-07-01,2019070101004673,GLBSL,33,39,10,388.00,"3,880.00"
2019-07-01,2019070101004672,GLBSL,33,48,20,387.00,"7,740.00"
2019-07-01,2019070101004579,GLBSL,48,7,10,383.00,"3,830.00"
2019-07-01,2019070101004561,GLBSL,39,39,10,382.00,"3,820.00"
2019-07-01,2019070101004511,GLBSL,25,22,10,380.00,"3,800.00"
2019-07-01,2019070101004592,GLBSL,48,58,10,386.00,"3,860.00"
2019-07-01,2019070101004591,GLBSL,48,51,10,386.00,"3,860.00"
2019-07-01,2019070101004583,GLBSL,48,16,10,385.00,"3,850.00"
2019-07-01,2019070101004582,GLBSL,48,26,10,385.00,"3,850.00"
2019-07-01,2019070101004581,GLBSL,48,26,10,385.00,"3,850.00"
2019-07-01,2019070101004580,GLBSL,48,7,10,383.00,"3,830.00"
2019-07-01,2019070101004756,GLICL,43,50,150,466.00,"69,900.00"
2019-07-01,2019070101004755,GLICL,53,50,100,466.00,"46,600.00"
2019-07-01,2019070101004754,GLICL,43,50,100,467.00,"46,700.00"
2019-07-01,2019070101004952,GMFBS,7,21,10,430.00,"4,300.00"
2019-07-01,2019070101004943,GMFBS,34,8,10,428.00,"4,280.00"
2019-07-01,2019070101004940,GMFBS,34,39,10,428.00,"4,280.00"
2019-07-01,2019070101004930,GMFBS,34,39,10,428.00,"4,280.00"
2019-07-01,2019070101004923,GMFBS,34,39,10,428.00,"4,280.00"
2019-07-01,2019070101004915,GMFBS,34,39,10,428.00,"4,280.00"
2019-07-01,2019070101004647,GMFBS,26,38,10,429.00,"4,290.00"
2019-07-01,2019070101004643,GMFBS,26,58,10,429.00,"4,290.00"
2019-07-01,2019070101004633,GMFBS,26,38,10,429.00,"4,290.00"
2019-07-01,2019070101004513,GMFBS,26,22,10,429.00,"4,290.00"
2019-07-01,2019070101004831,GMFBS,34,21,10,428.00,"4,280.00"
2019-07-01,2019070101004823,GMFBS,34,39,220,428.00,"94,160.00"
2019-07-01,2019070101004822,GMFBS,26,39,200,429.00,"85,800.00"
2019-07-01,2019070101004821,GMFBS,26,39,90,429.00,"38,610.00"
2019-07-01,2019070101004814,GMFBS,26,21,10,429.00,"4,290.00"
2019-07-01,2019070101004801,GMFBS,26,21,10,429.00,"4,290.00"
2019-07-01,2019070101004847,HBL,25,45,200,550.00,"110,000.00"
2019-07-01,2019070101004534,HGI,41,49,78,350.00,"27,300.00"
2019-07-01,2019070101004533,HGI,54,49,50,350.00,"17,500.00"
2019-07-01,2019070101004532,HGI,43,49,50,350.00,"17,500.00"
2019-07-01,2019070101004531,HGI,38,49,22,355.00,"7,810.00"
2019-07-01,2019070101004944,HIDCL,20,29,200,157.00,"31,400.00"
2019-07-01,2019070101004914,HIDCL,20,4,200,157.00,"31,400.00"
2019-07-01,2019070101004638,HIDCL,16,58,100,157.00,"15,700.00"
2019-07-01,2019070101004637,HIDCL,5,58,400,157.00,"62,800.00"
2019-07-01,2019070101004636,HIDCL,5,58,500,157.00,"78,500.00"
2019-07-01,2019070101004635,HIDCL,42,58,214,157.00,"33,598.00"
2019-07-01,2019070101004572,HIDCL,52,34,50,158.00,"7,900.00"
2019-07-01,2019070101004969,HPPL,22,48,10,176.00,"1,760.00"
2019-07-01,2019070101004797,HPPL,22,48,10,176.00,"1,760.00"
2019-07-01,2019070101004526,HPPL,22,57,10,176.00,"1,760.00"
2019-07-01,2019070101004866,HURJA,28,21,10,141.00,"1,410.00"
2019-07-01,2019070101004865,HURJA,45,21,10,142.00,"1,420.00"
2019-07-01,2019070101004769,HURJA,45,38,430,142.00,"61,060.00"
2019-07-01,2019070101004652,HURJA,45,29,20,142.00,"2,840.00"
2019-07-01,2019070101004651,HURJA,45,48,20,142.00,"2,840.00"
2019-07-01,2019070101004650,HURJA,45,44,20,142.00,"2,840.00"
2019-07-01,2019070101004507,HURJA,28,45,10,141.00,"1,410.00"
2019-07-01,2019070101004632,IGI,54,11,38,359.00,"13,642.00"
2019-07-01,2019070101004631,IGI,28,11,42,359.00,"15,078.00"
2019-07-01,2019070101004924,JBBL,49,48,30,154.00,"4,620.00"
2019-07-01,2019070101004710,JBBL,49,41,180,154.00,"27,720.00"
2019-07-01,2019070101004696,JBBL,44,44,2,151.00,302.00
2019-07-01,2019070101004655,JBBL,49,41,115,154.00,"17,710.00"
2019-07-01,2019070101004649,JBBL,34,39,50,155.00,"7,750.00"
2019-07-01,2019070101004476,JBNL,45,58,95,206.00,"19,570.00"
2019-07-01,2019070101004505,KBBL,38,57,100,239.00,"23,900.00"
2019-07-01,2019070101004502,KBBL,38,59,300,235.00,"70,500.00"
2019-07-01,2019070101004501,KBBL,38,4,500,233.00,"116,500.00"
2019-07-01,2019070101004499,KBBL,38,58,200,232.00,"46,400.00"
2019-07-01,2019070101004498,KBBL,38,39,50,231.00,"11,550.00"
2019-07-01,2019070101004926,KBL,1,4,61,209.00,"12,749.00"
2019-07-01,2019070101004835,KBL,1,58,"1,040",209.00,"217,360.00"
2019-07-01,2019070101004563,KPCL,36,34,10,91.00,910.00
2019-07-01,2019070101004913,KSBBL,34,57,90,153.00,"13,770.00"
2019-07-01,2019070101004886,LBBL,59,59,775,193.00,"149,575.00"
2019-07-01,2019070101004885,LBBL,56,59,100,193.00,"19,300.00"
2019-07-01,2019070101004884,LBBL,8,59,500,193.00,"96,500.00"
2019-07-01,2019070101004883,LBBL,33,59,625,193.00,"120,625.00"
2019-07-01,2019070101004620,LBBL,48,56,287,194.00,"55,678.00"
2019-07-01,2019070101004603,LBBL,48,38,213,194.00,"41,322.00"
2019-07-01,2019070101004602,LBBL,33,38,55,194.00,"10,670.00"
2019-07-01,2019070101004525,LBBL,33,38,250,194.00,"48,500.00"
2019-07-01,2019070101004804,LBL,46,38,41,219.00,"8,979.00"
2019-07-01,2019070101004660,LBL,46,39,119,219.00,"26,061.00"
2019-07-01,2019070101004659,LBL,57,39,25,219.00,"5,475.00"
2019-07-01,2019070101004658,LBL,21,39,16,219.00,"3,504.00"
2019-07-01,2019070101004539,LGIL,51,49,136,426.00,"57,936.00"
2019-07-01,2019070101004538,LGIL,5,49,64,430.00,"27,520.00"
2019-07-01,2019070101004844,LICN,28,58,142,"1,590.00","225,780.00"
2019-07-01,2019070101004843,LICN,28,25,10,"1,589.00","15,890.00"
2019-07-01,2019070101004938,MBL,38,4,100,262.00,"26,200.00"
2019-07-01,2019070101004536,MBL,32,19,100,261.00,"26,100.00"
2019-07-01,2019070101004535,MBL,51,19,100,262.00,"26,200.00"
2019-07-01,2019070101004495,MBL,57,29,20,263.00,"5,260.00"
2019-07-01,2019070101004961,MEGA,34,17,21,197.00,"4,137.00"
2019-07-01,2019070101004945,MEGA,34,59,50,197.00,"9,850.00"
2019-07-01,2019070101004912,MEGA,34,17,30,197.00,"5,910.00"
2019-07-01,2019070101004911,MEGA,26,17,500,197.00,"98,500.00"
2019-07-01,2019070101004910,MEGA,34,17,970,197.00,"191,090.00"
2019-07-01,2019070101004779,MEGA,34,40,30,197.00,"5,910.00"
2019-07-01,2019070101004778,MEGA,25,40,170,197.00,"33,490.00"
2019-07-01,2019070101004576,MEGA,55,40,"1,000",198.00,"198,000.00"
2019-07-01,2019070101004575,MEGA,6,40,100,198.00,"19,800.00"
2019-07-01,2019070101004574,MEGA,47,40,100,198.00,"19,800.00"
2019-07-01,2019070101004573,MEGA,48,40,267,198.00,"52,866.00"
2019-07-01,2019070101004497,MEGA,48,58,166,198.00,"32,868.00"
2019-07-01,2019070101004803,MFIL,52,42,80,125.00,"10,000.00"
2019-07-01,2019070101004492,MFIL,52,54,198,125.00,"24,750.00"
2019-07-01,2019070101004936,MLBL,17,48,32,190.00,"6,080.00"
2019-07-01,2019070101004882,MLBL,17,48,32,190.00,"6,080.00"
2019-07-01,2019070101004699,MNBBL,16,4,77,363.00,"27,951.00"
2019-07-01,2019070101004489,MNBBL,8,42,645,364.00,"234,780.00"
2019-07-01,2019070101004921,MSMBS,46,34,22,413.00,"9,086.00"
2019-07-01,2019070101004481,NABIL,21,54,20,783.00,"15,660.00"
2019-07-01,2019070101004958,NABILP,16,46,50,773.00,"38,650.00"
2019-07-01,2019070101004953,NABILP,55,46,76,773.00,"58,748.00"
2019-07-01,2019070101004949,NABILP,16,46,50,773.00,"38,650.00"
2019-07-01,2019070101004828,NABILP,32,46,10,773.00,"7,730.00"
2019-07-01,2019070101004789,NABILP,32,46,69,773.00,"53,337.00"
2019-07-01,2019070101004760,NADEP,58,58,20,410.00,"8,200.00"
2019-07-01,2019070101004617,NADEP,34,38,165,411.00,"67,815.00"
2019-07-01,2019070101004616,NADEP,13,38,20,412.00,"8,240.00"
2019-07-01,2019070101004939,NAGRO,21,56,10,472.00,"4,720.00"
2019-07-01,2019070101004919,NAGRO,7,7,10,474.00,"4,740.00"
2019-07-01,2019070101004896,NAGRO,21,21,10,472.00,"4,720.00"
2019-07-01,2019070101004781,NAGRO,21,38,10,472.00,"4,720.00"
2019-07-01,2019070101004664,NAGRO,21,58,10,472.00,"4,720.00"
2019-07-01,2019070101004596,NAGRO,21,7,10,472.00,"4,720.00"
2019-07-01,2019070101004590,NAGRO,21,7,10,472.00,"4,720.00"
2019-07-01,2019070101004562,NAGRO,21,7,10,472.00,"4,720.00"
2019-07-01,2019070101004951,NBB,35,58,20,219.00,"4,380.00"
2019-07-01,2019070101004950,NBB,35,39,"1,678",219.00,"367,482.00"
2019-07-01,2019070101004819,NBL,41,48,15,332.00,"4,980.00"
2019-07-01,2019070101004818,NBL,17,48,50,332.00,"16,600.00"
2019-07-01,2019070101004816,NBL,17,25,150,332.00,"49,800.00"
2019-07-01,2019070101004815,NBL,36,25,450,332.00,"149,400.00"
2019-07-01,2019070101004765,NBL,36,4,50,332.00,"16,600.00"
2019-07-01,2019070101004681,NBL,56,34,"4,000",332.00,"1,328,000.00"
2019-07-01,2019070101004552,NBL,56,11,590,332.00,"195,880.00"
2019-07-01,2019070101004569,NBL,55,49,590,332.00,"195,880.00"
2019-07-01,2019070101004560,NBL,55,49,200,332.00,"66,400.00"
2019-07-01,2019070101004559,NBL,55,5,210,332.00,"69,720.00"
2019-07-01,2019070101004558,NBL,50,5,200,332.00,"66,400.00"
2019-07-01,2019070101004557,NBL,7,5,590,332.00,"195,880.00"
2019-07-01,2019070101004553,NBL,7,11,"1,410",332.00,"468,120.00"
2019-07-01,2019070101004895,NCCB,22,46,"1,000",243.00,"243,000.00"
2019-07-01,2019070101004878,NCCB,22,58,276,243.00,"67,068.00"
2019-07-01,2019070101004877,NCCB,45,58,224,243.00,"54,432.00"
2019-07-01,2019070101004876,NCCB,42,7,100,244.00,"24,400.00"
2019-07-01,2019070101004850,NCCB,45,38,276,243.00,"67,068.00"
2019-07-01,2019070101004849,NCCB,53,38,50,243.00,"12,150.00"
2019-07-01,2019070101004661,NCCB,11,38,41,244.00,"10,004.00"
2019-07-01,2019070101004567,NCCB,43,7,65,244.00,"15,860.00"
2019-07-01,2019070101004524,NCCB,43,34,135,244.00,"32,940.00"
2019-07-01,2019070101004523,NCCB,52,34,50,244.00,"12,200.00"
2019-07-01,2019070101004522,NCCB,52,34,108,244.00,"26,352.00"
2019-07-01,2019070101004521,NCCB,26,34,57,244.00,"13,908.00"
2019-07-01,2019070101004848,NCCB,13,38,174,243.00,"42,282.00"
2019-07-01,2019070101004777,NCCB,13,44,26,243.00,"6,318.00"
2019-07-01,2019070101004776,NCCB,36,44,874,243.00,"212,382.00"
2019-07-01,2019070101004762,NCCB,42,7,10,244.00,"2,440.00"
2019-07-01,2019070101004663,NCCB,11,7,418,244.00,"101,992.00"
2019-07-01,2019070101004662,NCCB,11,38,41,244.00,"10,004.00"
2019-07-01,2019070101004753,NEF,25,4,"2,000",8.05,"16,100.00"
2019-07-01,2019070101004786,NGPL,8,39,15,114.00,"1,710.00"
2019-07-01,2019070101004782,NGPL,8,4,11,114.00,"1,254.00"
2019-07-01,2019070101004775,NGPL,8,39,15,114.00,"1,710.00"
2019-07-01,2019070101004768,NGPL,53,39,15,115.00,"1,725.00"
2019-07-01,2019070101004537,NHDL,39,34,10,120.00,"1,200.00"
2019-07-01,2019070101004766,NHPC,21,56,86,65.00,"5,590.00"
2019-07-01,2019070101004479,NHPC,5,56,"1,644",65.00,"106,860.00"
2019-07-01,2019070101004478,NHPC,5,42,356,65.00,"23,140.00"
2019-07-01,2019070101004962,NIB,6,6,221,519.00,"114,699.00"
2019-07-01,2019070101004954,NIB,22,4,100,519.00,"51,900.00"
2019-07-01,2019070101004922,NIB,6,6,221,519.00,"114,699.00"
2019-07-01,2019070101004873,NIB,6,6,221,519.00,"114,699.00"
2019-07-01,2019070101004830,NIB,6,6,221,519.00,"114,699.00"
2019-07-01,2019070101004795,NIB,16,48,500,519.00,"259,500.00"
2019-07-01,2019070101004715,NIB,22,40,60,519.00,"31,140.00"
2019-07-01,2019070101004639,NIB,34,40,27,519.00,"14,013.00"
2019-07-01,2019070101004588,NIB,8,40,300,519.00,"155,700.00"
2019-07-01,2019070101004520,NIB,25,40,15,519.00,"7,785.00"
2019-07-01,2019070101004477,NIB,53,40,123,518.00,"63,714.00"
2019-07-01,2019070101004742,NIB,41,40,50,518.00,"25,900.00"
2019-07-01,2019070101004741,NIB,51,40,200,518.00,"103,600.00"
2019-07-01,2019070101004740,NIB,1,40,200,518.00,"103,600.00"
2019-07-01,2019070101004739,NIB,14,40,150,518.00,"77,700.00"
2019-07-01,2019070101004738,NIB,53,40,707,518.00,"366,226.00"
2019-07-01,2019070101004716,NIB,22,6,40,519.00,"20,760.00"
2019-07-01,2019070101004794,NIB,16,6,181,519.00,"93,939.00"
2019-07-01,2019070101004747,NIB,29,40,"1,000",518.00,"518,000.00"
2019-07-01,2019070101004746,NIB,51,40,100,518.00,"51,800.00"
2019-07-01,2019070101004745,NIB,37,40,100,518.00,"51,800.00"
2019-07-01,2019070101004744,NIB,22,40,21,518.00,"10,878.00"
2019-07-01,2019070101004743,NIB,57,40,200,518.00,"103,600.00"
2019-07-01,2019070101004703,NIBPO,32,4,"1,200",478.00,"573,600.00"
2019-07-01,2019070101004932,NICA,59,45,20,457.00,"9,140.00"
2019-07-01,2019070101004800,NICA,29,26,"2,850",456.00,"1,299,600.00"
2019-07-01,2019070101004799,NICA,29,48,"2,000",455.00,"910,000.00"
2019-07-01,2019070101004798,NICA,29,49,12,455.00,"5,460.00"
2019-07-01,2019070101004540,NICA,40,49,25,455.00,"11,375.00"
2019-07-01,2019070101004648,NICL,35,34,100,346.00,"34,600.00"
2019-07-01,2019070101004595,NICL,29,42,"1,669",346.00,"577,474.00"
2019-07-01,2019070101004486,NICL,25,42,100,345.00,"34,500.00"
2019-07-01,2019070101004485,NICL,58,42,10,345.00,"3,450.00"
2019-07-01,2019070101004484,NICL,6,42,"1,000",345.00,"345,000.00"
2019-07-01,2019070101004483,NICL,14,42,200,345.00,"69,000.00"
2019-07-01,2019070101004482,NICL,6,42,21,345.00,"7,245.00"
2019-07-01,2019070101004594,NICL,29,38,70,346.00,"24,220.00"
2019-07-01,2019070101004556,NICL,22,38,43,344.00,"14,792.00"
2019-07-01,2019070101004555,NICL,14,38,50,344.00,"17,200.00"
2019-07-01,2019070101004519,NICL,56,25,2,344.00,688.00
2019-07-01,2019070101004518,NICL,56,16,98,344.00,"33,712.00"
2019-07-01,2019070101004598,NIL,45,34,10,462.00,"4,620.00"
2019-07-01,2019070101004881,NLBBL,25,34,215,478.00,"102,770.00"
2019-07-01,2019070101004838,NLBBL,25,25,200,477.00,"95,400.00"
2019-07-01,2019070101004645,NLG,35,4,10,740.00,"7,400.00"
2019-07-01,2019070101004634,NLG,35,25,15,739.00,"11,085.00"
2019-07-01,2019070101004629,NLG,35,48,25,728.00,"18,200.00"
2019-07-01,2019070101004517,NLG,35,48,100,728.00,"72,800.00"
2019-07-01,2019070101004494,NLG,35,45,83,726.00,"60,258.00"
2019-07-01,2019070101004787,NLIC,53,33,25,878.00,"21,950.00"
2019-07-01,2019070101004748,NLIC,47,39,50,877.00,"43,850.00"
2019-07-01,2019070101004500,NLIC,55,56,100,877.00,"87,700.00"
2019-07-01,2019070101004473,NLIC,25,56,500,878.00,"439,000.00"
2019-07-01,2019070101004472,NLIC,45,56,200,878.00,"175,600.00"
2019-07-01,2019070101004971,NLICL,45,40,50,591.00,"29,550.00"
2019-07-01,2019070101004970,NLICL,41,40,20,591.00,"11,820.00"
2019-07-01,2019070101004802,NMBHF1,21,4,"1,500",9.22,"13,830.00"
2019-07-01,2019070101004759,NMBMF,14,14,4,950.00,"3,800.00"
2019-07-01,2019070101004626,NMBMF,7,44,15,954.00,"14,310.00"
2019-07-01,2019070101004623,NMBMF,1,44,20,956.00,"19,120.00"
2019-07-01,2019070101004584,NMBMF,14,14,4,950.00,"3,800.00"
2019-07-01,2019070101004475,NMBMF,14,14,4,950.00,"3,800.00"
2019-07-01,2019070101004693,OHL,44,5,185,611.00,"113,035.00"
2019-07-01,2019070101004692,OHL,37,5,15,611.00,"9,165.00"
2019-07-01,2019070101004960,PCBL,41,4,50,277.00,"13,850.00"
2019-07-01,2019070101004697,PCBL,42,45,100,277.00,"27,700.00"
2019-07-01,2019070101004578,PCBL,25,45,46,277.00,"12,742.00"
2019-07-01,2019070101004577,PCBL,52,45,50,277.00,"13,850.00"
2019-07-01,2019070101004942,PIC,8,33,350,941.00,"329,350.00"
2019-07-01,2019070101004920,PIC,35,44,11,940.00,"10,340.00"
2019-07-01,2019070101004880,PIC,54,6,63,940.00,"59,220.00"
2019-07-01,2019070101004872,PIC,54,44,11,940.00,"10,340.00"
2019-07-01,2019070101004856,PIC,54,44,11,940.00,"10,340.00"
2019-07-01,2019070101004827,PIC,54,44,11,940.00,"10,340.00"
2019-07-01,2019070101004968,PICL,56,4,100,535.00,"53,500.00"
2019-07-01,2019070101004967,PICL,43,4,25,535.00,"13,375.00"
2019-07-01,2019070101004966,PICL,35,4,160,536.00,"85,760.00"
2019-07-01,2019070101004965,PICL,45,4,35,537.00,"18,795.00"
2019-07-01,2019070101004964,PICL,45,4,20,538.00,"10,760.00"
2019-07-01,2019070101004601,PICL,35,40,40,536.00,"21,440.00"
2019-07-01,2019070101004600,PICL,5,40,60,536.00,"32,160.00"
2019-07-01,2019070101004571,PLIC,29,57,89,427.00,"38,003.00"
2019-07-01,2019070101004570,PLIC,38,57,81,428.00,"34,668.00"
2019-07-01,2019070101004548,PMHPL,47,39,10,105.00,"1,050.00"
2019-07-01,2019070101004824,PPCL,38,4,10,137.00,"1,370.00"
2019-07-01,2019070101004514,PPCL,38,45,30,137.00,"4,110.00"
2019-07-01,2019070101004611,PROFL,59,21,20,107.00,"2,140.00"
2019-07-01,2019070101004490,PROFL,58,25,50,109.00,"5,450.00"
2019-07-01,2019070101004935,PRVU,29,45,391,265.00,"103,615.00"
2019-07-01,2019070101004892,PRVU,29,45,"1,989",265.00,"527,085.00"
2019-07-01,2019070101004891,PRVU,42,45,100,265.00,"26,500.00"
2019-07-01,2019070101004890,PRVU,16,45,50,265.00,"13,250.00"
2019-07-01,2019070101004889,PRVU,16,45,50,265.00,"13,250.00"
2019-07-01,2019070101004888,PRVU,10,45,191,265.00,"50,615.00"
2019-07-01,2019070101004677,PRVU,16,58,100,265.00,"26,500.00"
2019-07-01,2019070101004604,PRVU,47,57,370,264.00,"97,680.00"
2019-07-01,2019070101004487,PRVU,10,58,91,265.00,"24,115.00"
2019-07-01,2019070101004698,PRVU,10,58,809,265.00,"214,385.00"
2019-07-01,2019070101004805,RHPC,52,59,74,90.00,"6,660.00"
2019-07-01,2019070101004653,RMDC,43,19,50,654.00,"32,700.00"
2019-07-01,2019070101004956,RRHP,48,34,10,110.00,"1,100.00"
2019-07-01,2019070101004894,SADBL,22,48,84,148.00,"12,432.00"
2019-07-01,2019070101004875,SADBL,1,58,240,149.00,"35,760.00"
2019-07-01,2019070101004860,SADBL,1,4,260,149.00,"38,740.00"
2019-07-01,2019070101004859,SADBL,37,4,40,149.00,"5,960.00"
2019-07-01,2019070101004808,SADBL,37,4,"1,460",149.00,"217,540.00"
2019-07-01,2019070101004761,SADBL,45,4,40,150.00,"6,000.00"
2019-07-01,2019070101004864,SANIMA,53,38,"1,424",345.00,"491,280.00"
2019-07-01,2019070101004807,SANIMA,39,38,30,347.00,"10,410.00"
2019-07-01,2019070101004806,SANIMA,39,25,170,347.00,"58,990.00"
2019-07-01,2019070101004791,SANIMA,32,38,76,346.00,"26,296.00"
2019-07-01,2019070101004790,SANIMA,42,38,100,346.00,"34,600.00"
2019-07-01,2019070101004585,SANIMA,46,25,30,347.00,"10,410.00"
2019-07-01,2019070101004547,SANIMA,53,49,163,345.00,"56,235.00"
2019-07-01,2019070101004546,SANIMA,35,49,100,345.00,"34,500.00"
2019-07-01,2019070101004545,SANIMA,35,49,100,345.00,"34,500.00"
2019-07-01,2019070101004544,SANIMA,35,49,100,345.00,"34,500.00"
2019-07-01,2019070101004543,SANIMA,35,49,37,345.00,"12,765.00"
2019-07-01,2019070101004963,SBI,42,49,10,465.00,"4,650.00"
2019-07-01,2019070101004736,SBI,32,17,380,465.00,"176,700.00"
2019-07-01,2019070101004809,SBL,1,42,28,316.00,"8,848.00"
2019-07-01,2019070101004730,SBL,32,8,500,317.00,"158,500.00"
2019-07-01,2019070101004729,SBL,32,28,670,317.00,"212,390.00"
2019-07-01,2019070101004900,SCB,52,22,40,654.00,"26,160.00"
2019-07-01,2019070101004874,SDESI,37,51,23,560.00,"12,880.00"
2019-07-01,2019070101004893,SHIVM,22,41,50,616.00,"30,800.00"
2019-07-01,2019070101004887,SHIVM,22,46,30,616.00,"18,480.00"
2019-07-01,2019070101004869,SHIVM,32,46,70,616.00,"43,120.00"
2019-07-01,2019070101004855,SHIVM,32,8,130,616.00,"80,080.00"
2019-07-01,2019070101004854,SHIVM,6,8,200,616.00,"123,200.00"
2019-07-01,2019070101004853,SHIVM,34,8,50,616.00,"30,800.00"
2019-07-01,2019070101004680,SHIVM,37,58,30,616.00,"18,480.00"
2019-07-01,2019070101004679,SHIVM,38,58,20,616.00,"12,320.00"
2019-07-01,2019070101004625,SHIVM,38,52,80,616.00,"49,280.00"
2019-07-01,2019070101004613,SHIVM,5,52,100,617.00,"61,700.00"
2019-07-01,2019070101004852,SHIVM,50,8,100,616.00,"61,600.00"
2019-07-01,2019070101004851,SHIVM,22,8,420,616.00,"258,720.00"
2019-07-01,2019070101004829,SHIVM,22,17,50,616.00,"30,800.00"
2019-07-01,2019070101004702,SHIVM,22,41,30,616.00,"18,480.00"
2019-07-01,2019070101004701,SHIVM,37,41,20,616.00,"12,320.00"
2019-07-01,2019070101004488,SHL,45,17,400,231.00,"92,400.00"
2019-07-01,2019070101004837,SHPC,6,4,52,244.00,"12,688.00"
2019-07-01,2019070101004836,SHPC,41,4,15,244.00,"3,660.00"
2019-07-01,2019070101004863,SICL,42,4,37,733.00,"27,121.00"
2019-07-01,2019070101004862,SICL,14,4,350,735.00,"257,250.00"
2019-07-01,2019070101004861,SICL,34,4,100,736.00,"73,600.00"
2019-07-01,2019070101004749,SICL,21,16,20,740.00,"14,800.00"
2019-07-01,2019070101004607,SICL,55,41,12,733.00,"8,796.00"
2019-07-01,2019070101004606,SICL,55,19,38,733.00,"27,854.00"
2019-07-01,2019070101004714,SICL,14,16,40,740.00,"29,600.00"
2019-07-01,2019070101004694,SICL,14,41,100,745.00,"74,500.00"
2019-07-01,2019070101004683,SICL,29,29,200,740.00,"148,000.00"
2019-07-01,2019070101004682,SICL,29,17,50,740.00,"37,000.00"
2019-07-01,2019070101004622,SICL,29,50,"1,032",739.00,"762,648.00"
2019-07-01,2019070101004621,SICL,29,22,29,738.00,"21,402.00"
2019-07-01,2019070101004909,SIL,44,16,122,429.00,"52,338.00"
2019-07-01,2019070101004908,SIL,45,16,40,430.00,"17,200.00"
2019-07-01,2019070101004846,SLBSL,45,21,10,512.00,"5,120.00"
2019-07-01,2019070101004959,SLICL,53,39,66,443.00,"29,238.00"
2019-07-01,2019070101004587,SLICL,52,42,10,445.00,"4,450.00"
2019-07-01,2019070101004586,SLICL,6,42,23,445.00,"10,235.00"
2019-07-01,2019070101004813,SMATA,6,17,12,"1,118.00","13,416.00"
2019-07-01,2019070101004812,SMATA,6,17,12,"1,118.00","13,416.00"
2019-07-01,2019070101004811,SMATA,6,17,12,"1,118.00","13,416.00"
2019-07-01,2019070101004713,SMB,1,13,10,404.00,"4,040.00"
2019-07-01,2019070101004712,SMB,1,39,10,404.00,"4,040.00"
2019-07-01,2019070101004711,SMB,1,13,10,403.00,"4,030.00"
2019-07-01,2019070101004867,SRBL,32,50,479,246.00,"117,834.00"
2019-07-01,2019070101004783,SRBL,32,10,172,246.00,"42,312.00"
2019-07-01,2019070101004763,SRBL,11,58,300,247.00,"74,100.00"
2019-07-01,2019070101004605,SRBL,26,58,137,247.00,"33,839.00"
2019-07-01,2019070101004542,SRBL,32,28,300,246.00,"73,800.00"
2019-07-01,2019070101004676,SWBBL,52,55,46,876.00,"40,296.00"
2019-07-01,2019070101004667,SWBBL,38,11,200,877.00,"175,400.00"
2019-07-01,2019070101004666,SWBBL,36,11,10,877.00,"8,770.00"
2019-07-01,2019070101004665,SWBBL,25,11,110,878.00,"96,580.00"
2019-07-01,2019070101004510,TRH,39,49,100,308.00,"30,800.00"
2019-07-01,2019070101004516,UIC,57,49,30,865.00,"25,950.00"
2019-07-01,2019070101004515,UIC,55,49,10,866.00,"8,660.00"
2019-07-01,2019070101004599,UMHL,42,50,414,110.00,"45,540.00"
2019-07-01,2019070101004820,UPCL,38,34,50,90.00,"4,500.00"
2019-07-01,2019070101004957,UPPER,55,21,40,265.00,"10,600.00"
2019-07-01,2019070101004931,UPPER,55,57,50,265.00,"13,250.00"
2019-07-01,2019070101004902,UPPER,55,59,40,265.00,"10,600.00"
2019-07-01,2019070101004770,UPPER,55,29,193,265.00,"51,145.00"
2019-07-01,2019070101004757,UPPER,55,41,40,265.00,"10,600.00"
2019-07-01,2019070101004691,UPPER,55,39,50,265.00,"13,250.00"
2019-07-01,2019070101004566,UPPER,41,41,26,265.00,"6,890.00"
2019-07-01,2019070101004506,UPPER,41,42,50,265.00,"13,250.00"
2019-07-01,2019070101004688,UPPER,55,39,50,265.00,"13,250.00"
2019-07-01,2019070101004646,UPPER,41,40,80,265.00,"21,200.00"
2019-07-01,2019070101004642,UPPER,41,55,50,265.00,"13,250.00"
2019-07-01,2019070101004640,UPPER,41,41,40,265.00,"10,600.00"
2019-07-01,2019070101004764,VLBS,48,44,13,461.00,"5,993.00"
2019-07-01,2019070101004292,ADBL,50,50,"1,272",407.00,"517,704.00"
2019-07-01,2019070101004176,ADBL,22,49,27,406.00,"10,962.00"
2019-07-01,2019070101004175,ADBL,22,49,58,406.00,"23,548.00"
2019-07-01,2019070101004369,AKPL,41,25,500,188.00,"94,000.00"
2019-07-01,2019070101004368,AKPL,41,58,59,188.00,"11,092.00"
2019-07-01,2019070101004435,ALBSL,53,1,10,386.00,"3,860.00"
2019-07-01,2019070101004423,ALBSL,53,1,10,386.00,"3,860.00"
2019-07-01,2019070101004340,ALBSL,53,57,10,386.00,"3,860.00"
2019-07-01,2019070101004333,ALBSL,53,32,10,386.00,"3,860.00"
2019-07-01,2019070101004327,ALBSL,53,57,10,386.00,"3,860.00"
2019-07-01,2019070101004284,ALBSL,34,21,10,387.00,"3,870.00"
2019-07-01,2019070101004379,ALICL,14,45,10,380.00,"3,800.00"
2019-07-01,2019070101004116,ALICL,14,50,50,380.00,"19,000.00"
2019-07-01,2019070101004436,API,44,44,1,140.00,140.00
2019-07-01,2019070101004429,API,1,1,2,139.00,278.00
2019-07-01,2019070101004412,API,1,1,2,139.00,278.00
2019-07-01,2019070101004287,API,47,44,17,141.00,"2,397.00"
2019-07-01,2019070101004258,API,1,1,2,141.00,282.00
2019-07-01,2019070101004189,API,1,1,2,141.00,282.00
2019-07-01,2019070101004134,API,1,1,2,141.00,282.00
2019-07-01,2019070101004126,API,44,44,1,141.00,141.00
2019-07-01,2019070101004085,API,44,44,1,141.00,141.00
2019-07-01,2019070101004339,BOKL,28,6,10,260.00,"2,600.00"
2019-07-01,2019070101004157,BOKL,32,16,21,258.00,"5,418.00"
2019-07-01,2019070101004156,BOKL,35,16,979,258.00,"252,582.00"
2019-07-01,2019070101004132,BOKL,35,58,21,258.00,"5,418.00"
2019-07-01,2019070101004131,BOKL,18,58,500,258.00,"129,000.00"
2019-07-01,2019070101004130,BOKL,45,58,100,258.00,"25,800.00"
2019-07-01,2019070101004100,BOKL,45,58,20,259.00,"5,180.00"
2019-07-01,2019070101004129,BOKL,14,58,446,258.00,"115,068.00"
2019-07-01,2019070101004123,BOKL,17,13,498,259.00,"128,982.00"
2019-07-01,2019070101004122,BOKL,26,13,240,259.00,"62,160.00"
2019-07-01,2019070101004121,BOKL,49,13,100,259.00,"25,900.00"
2019-07-01,2019070101004120,BOKL,25,13,100,259.00,"25,900.00"
2019-07-01,2019070101004119,BOKL,45,13,62,259.00,"16,058.00"
2019-07-01,2019070101004366,BPCL,52,51,66,397.00,"26,202.00"
2019-07-01,2019070101004248,BPCL,40,51,10,397.00,"3,970.00"
2019-07-01,2019070101004390,CBBL,40,34,15,931.00,"13,965.00"
2019-07-01,2019070101004389,CBBL,36,34,10,932.00,"9,320.00"
2019-07-01,2019070101004461,CBL,34,1,"1,000",144.00,"144,000.00"
2019-07-01,2019070101004387,CBL,57,47,25,145.00,"3,625.00"
2019-07-01,2019070101004190,CBL,34,1,"1,000",144.00,"144,000.00"
2019-07-01,2019070101004004,CBL,34,56,"1,303",144.00,"187,632.00"
2019-07-01,2019070101003980,CBL,34,56,"1,000",144.00,"144,000.00"
2019-07-01,2019070101003979,CBL,56,56,115,144.00,"16,560.00"
2019-07-01,2019070101003978,CBL,41,56,100,144.00,"14,400.00"
2019-07-01,2019070101003977,CBL,48,56,125,144.00,"18,000.00"
2019-07-01,2019070101003976,CBL,59,56,"1,000",144.00,"144,000.00"
2019-07-01,2019070101003975,CBL,43,56,357,144.00,"51,408.00"
2019-07-01,2019070101004367,CCBL,36,43,66,165.00,"10,890.00"
2019-07-01,2019070101004183,CCBL,34,34,100,166.00,"16,600.00"
2019-07-01,2019070101004162,CCBL,59,34,226,167.00,"37,742.00"
2019-07-01,2019070101004032,CCBL,59,34,10,167.00,"1,670.00"
2019-07-01,2019070101004313,CIT,46,49,16,"2,450.00","39,200.00"
2019-07-01,2019070101004312,CIT,16,49,16,"2,460.00","39,360.00"
2019-07-01,2019070101004238,CZBIL,56,34,100,220.00,"22,000.00"
2019-07-01,2019070101004154,CZBIL,56,58,16,220.00,"3,520.00"
2019-07-01,2019070101004467,DBBL,51,49,861,136.00,"117,096.00"
2019-07-01,2019070101004466,DBBL,53,49,100,137.00,"13,700.00"
2019-07-01,2019070101004465,DBBL,56,49,120,137.00,"16,440.00"
2019-07-01,2019070101004464,DBBL,40,49,200,137.00,"27,400.00"
2019-07-01,2019070101004463,DBBL,57,49,50,137.00,"6,850.00"
2019-07-01,2019070101004462,DBBL,36,49,169,137.00,"23,153.00"
2019-07-01,2019070101004299,DDBL,44,11,30,703.00,"21,090.00"
2019-07-01,2019070101004298,DDBL,50,11,70,703.00,"49,210.00"
2019-07-01,2019070101004010,DDBL,49,45,"2,000",708.00,"1,416,000.00"
2019-07-01,2019070101004009,DDBL,49,44,500,705.00,"352,500.00"
2019-07-01,2019070101004008,DDBL,49,58,20,705.00,"14,100.00"
2019-07-01,2019070101004184,DHPL,25,17,11,67.00,737.00
2019-07-01,2019070101004161,DHPL,20,17,11,67.00,737.00
2019-07-01,2019070101003973,DHPL,20,29,11,67.00,737.00
2019-07-01,2019070101004269,EBL,45,11,20,657.00,"13,140.00"
2019-07-01,2019070101004182,EBL,22,39,20,658.00,"13,160.00"
2019-07-01,2019070101004145,EBL,22,39,61,658.00,"40,138.00"
2019-07-01,2019070101004144,EBL,22,13,39,658.00,"25,662.00"
2019-07-01,2019070101004037,EBL,36,39,24,658.00,"15,792.00"
2019-07-01,2019070101003997,EBL,36,39,50,658.00,"32,900.00"
2019-07-01,2019070101003996,EBL,36,29,66,657.00,"43,362.00"
2019-07-01,2019070101003995,EBL,36,39,18,657.00,"11,826.00"
2019-07-01,2019070101003994,EBL,36,21,500,655.00,"327,500.00"
2019-07-01,2019070101003993,EBL,36,37,142,655.00,"93,010.00"
2019-07-01,2019070101003992,EBL,36,26,200,655.00,"131,000.00"
2019-07-01,2019070101004363,EIC,36,22,10,360.00,"3,600.00"
2019-07-01,2019070101004270,FMDBL,46,48,100,376.00,"37,600.00"
2019-07-01,2019070101004444,FOWAD,35,57,23,"1,310.00","30,130.00"
2019-07-01,2019070101004356,FOWAD,35,25,50,"1,310.00","65,500.00"
2019-07-01,2019070101004005,FOWAD,37,42,12,"1,314.00","15,768.00"
2019-07-01,2019070101004322,GBBL,39,1,963,221.00,"212,823.00"
2019-07-01,2019070101004321,GBBL,39,33,667,221.00,"147,407.00"
2019-07-01,2019070101004320,GBBL,39,42,266,221.00,"58,786.00"
2019-07-01,2019070101004434,GBIME,19,45,300,297.00,"89,100.00"
2019-07-01,2019070101004280,GBIME,53,4,10,296.00,"2,960.00"
2019-07-01,2019070101004263,GBIME,50,37,194,297.00,"57,618.00"
2019-07-01,2019070101004262,GBIME,50,4,"1,846",297.00,"548,262.00"
2019-07-01,2019070101004200,GBIME,53,58,328,296.00,"97,088.00"
2019-07-01,2019070101004199,GBIME,36,58,172,296.00,"50,912.00"
2019-07-01,2019070101004159,GBIME,36,11,828,296.00,"245,088.00"
2019-07-01,2019070101004158,GBIME,51,11,172,296.00,"50,912.00"
2019-07-01,2019070101004063,GBIME,32,4,126,297.00,"37,422.00"
2019-07-01,2019070101004034,GBIME,52,59,100,297.00,"29,700.00"
2019-07-01,2019070101004080,GBLBS,42,17,10,341.00,"3,410.00"
2019-07-01,2019070101003974,GBLBS,42,17,10,341.00,"3,410.00"
2019-07-01,2019070101004033,GILB,46,39,10,"1,205.00","12,050.00"
2019-07-01,2019070101004468,GLBSL,39,37,10,376.00,"3,760.00"
2019-07-01,2019070101004425,GLBSL,52,37,10,378.00,"3,780.00"
2019-07-01,2019070101004419,GLBSL,42,57,10,380.00,"3,800.00"
2019-07-01,2019070101004416,GLBSL,42,37,10,380.00,"3,800.00"
2019-07-01,2019070101004413,GLBSL,42,57,10,380.00,"3,800.00"
2019-07-01,2019070101004409,GLBSL,42,37,10,380.00,"3,800.00"
2019-07-01,2019070101004023,GLBSL,36,29,10,380.00,"3,800.00"
2019-07-01,2019070101004014,GLBSL,36,29,10,380.00,"3,800.00"
2019-07-01,2019070101004013,GLBSL,36,29,10,380.00,"3,800.00"
2019-07-01,2019070101003985,GLBSL,36,29,10,380.00,"3,800.00"
2019-07-01,2019070101004178,GLBSL,22,37,10,381.00,"3,810.00"
2019-07-01,2019070101004056,GLBSL,52,29,10,380.00,"3,800.00"
2019-07-01,2019070101004048,GLBSL,36,29,10,380.00,"3,800.00"
2019-07-01,2019070101004039,GLBSL,36,29,10,380.00,"3,800.00"
2019-07-01,2019070101004035,GLBSL,36,29,10,380.00,"3,800.00"
2019-07-01,2019070101004029,GLBSL,36,29,10,380.00,"3,800.00"
2019-07-01,2019070101004394,GLBSL,42,37,10,380.00,"3,800.00"
2019-07-01,2019070101004337,GLBSL,42,29,10,380.00,"3,800.00"
2019-07-01,2019070101004329,GLBSL,42,26,10,380.00,"3,800.00"
2019-07-01,2019070101004251,GLBSL,42,37,10,380.00,"3,800.00"
2019-07-01,2019070101004219,GLBSL,42,37,10,380.00,"3,800.00"
2019-07-01,2019070101004205,GLBSL,42,37,10,380.00,"3,800.00"
2019-07-01,2019070101004410,GMFBS,34,21,160,430.00,"68,800.00"
2019-07-01,2019070101004408,GMFBS,34,37,10,430.00,"4,300.00"
2019-07-01,2019070101004388,GMFBS,34,37,10,430.00,"4,300.00"
2019-07-01,2019070101004386,GMFBS,34,37,10,430.00,"4,300.00"
