Date,Transact. No.,Symbol,Buyer,Seller,Quantity,Rate,Amount
2019-11-25,2019112501005157,ADBL,14,17,54,409.00,"22,086.00"
2019-11-25,2019112501005156,ADBL,42,17,46,409.00,"18,814.00"
2019-11-25,2019112501004952,ADBL,42,22,204,409.00,"83,436.00"
2019-11-25,2019112501004951,ADBL,52,22,16,410.00,"6,560.00"
2019-11-25,2019112501004950,ADBL,57,22,50,412.00,"20,600.00"
2019-11-25,2019112501004823,AKBSL,43,50,10,424.00,"4,240.00"
2019-11-25,2019112501004685,AKBSL,43,38,10,421.00,"4,210.00"
2019-11-25,2019112501004668,AKBSL,21,38,10,422.00,"4,220.00"
2019-11-25,2019112501005050,AKJCL,22,38,20,56.00,"1,120.00"
2019-11-25,2019112501004798,AKJCL,22,38,20,56.00,"1,120.00"
2019-11-25,2019112501004739,AKJCL,13,38,10,55.00,550.00
2019-11-25,2019112501004675,AKJCL,13,38,20,55.00,"1,100.00"
2019-11-25,2019112501005052,AKPL,53,25,10,113.00,"1,130.00"
2019-11-25,2019112501004927,AKPL,39,25,10,111.00,"1,110.00"
2019-11-25,2019112501004686,AKPL,1,38,13,110.00,"1,430.00"
2019-11-25,2019112501005123,ALBSL,33,17,80,386.00,"30,880.00"
2019-11-25,2019112501005122,ALBSL,55,17,50,386.00,"19,300.00"
2019-11-25,2019112501005121,ALBSL,58,17,130,391.00,"50,830.00"
2019-11-25,2019112501005060,ALBSL,58,38,10,391.00,"3,910.00"
2019-11-25,2019112501004921,ALBSL,16,17,50,398.00,"19,900.00"
2019-11-25,2019112501004744,ALBSL,58,38,10,391.00,"3,910.00"
2019-11-25,2019112501004692,ALBSL,58,38,10,391.00,"3,910.00"
2019-11-25,2019112501004769,API,25,6,50,103.00,"5,150.00"
2019-11-25,2019112501004753,API,42,6,70,103.00,"7,210.00"
2019-11-25,2019112501004855,BPCL,16,22,53,345.00,"18,285.00"
2019-11-25,2019112501005093,CBBL,45,7,20,973.00,"19,460.00"
2019-11-25,2019112501004910,CBBL,34,45,50,976.00,"48,800.00"
2019-11-25,2019112501004702,CBBL,43,45,14,976.00,"13,664.00"
2019-11-25,2019112501004850,CCBL,22,33,30,159.00,"4,770.00"
2019-11-25,2019112501004849,CCBL,25,33,200,159.00,"31,800.00"
2019-11-25,2019112501004848,CCBL,34,33,50,159.00,"7,950.00"
2019-11-25,2019112501004847,CCBL,17,33,120,159.00,"19,080.00"
2019-11-25,2019112501005098,CHCL,36,52,79,352.00,"27,808.00"
2019-11-25,2019112501005097,CHCL,6,52,21,352.00,"7,392.00"
2019-11-25,2019112501005072,CHCL,6,16,200,352.00,"70,400.00"
2019-11-25,2019112501004830,CHCL,6,38,200,352.00,"70,400.00"
2019-11-25,2019112501005066,CIT,54,13,100,"1,701.00","170,100.00"
2019-11-25,2019112501005065,CIT,41,13,30,"1,702.00","51,060.00"
2019-11-25,2019112501005064,CIT,50,13,30,"1,702.00","51,060.00"
2019-11-25,2019112501005063,CIT,34,13,10,"1,703.00","17,030.00"
2019-11-25,2019112501005062,CIT,34,13,10,"1,704.00","17,040.00"
2019-11-25,2019112501005061,CIT,29,13,20,"1,705.00","34,100.00"
2019-11-25,2019112501004672,CIT,58,6,50,"1,705.00","85,250.00"
2019-11-25,2019112501004671,CIT,55,6,10,"1,705.00","17,050.00"
2019-11-25,2019112501004932,CZBIL,59,39,259,182.00,"47,138.00"
2019-11-25,2019112501004785,CZBIL,59,25,170,182.00,"30,940.00"
2019-11-25,2019112501004784,CZBIL,45,25,20,182.00,"3,640.00"
2019-11-25,2019112501004783,CZBIL,37,25,110,182.00,"20,020.00"
2019-11-25,2019112501005084,DBBL,14,17,80,122.00,"9,760.00"
2019-11-25,2019112501004938,DBBL,25,22,218,121.00,"26,378.00"
2019-11-25,2019112501004937,DBBL,41,22,"1,000",121.00,"121,000.00"
2019-11-25,2019112501004936,DBBL,22,22,432,121.00,"52,272.00"
2019-11-25,2019112501004845,EBL,44,37,"1,000",538.00,"538,000.00"
2019-11-25,2019112501004736,EBL,48,37,500,536.00,"268,000.00"
2019-11-25,2019112501004900,EIC,17,38,110,212.00,"23,320.00"
2019-11-25,2019112501004899,EIC,17,6,90,211.00,"18,990.00"
2019-11-25,2019112501004748,FMDBL,25,57,50,301.00,"15,050.00"
2019-11-25,2019112501004791,GBBL,46,17,56,222.00,"12,432.00"
2019-11-25,2019112501004757,GBBL,35,17,188,222.00,"41,736.00"
2019-11-25,2019112501004756,GBBL,35,39,100,222.00,"22,200.00"
2019-11-25,2019112501004755,GBBL,35,39,12,222.00,"2,664.00"
2019-11-25,2019112501005140,GBLBS,25,28,10,295.00,"2,950.00"
2019-11-25,2019112501005104,GBLBS,8,50,100,291.00,"29,100.00"
2019-11-25,2019112501005076,GBLBS,25,22,300,292.00,"87,600.00"
2019-11-25,2019112501005075,GBLBS,20,22,10,292.00,"2,920.00"
2019-11-25,2019112501004834,GBLBS,20,38,15,292.00,"4,380.00"
2019-11-25,2019112501004698,GBLBS,42,28,70,295.00,"20,650.00"
2019-11-25,2019112501005165,GGBSL,37,3,10,640.00,"6,400.00"
2019-11-25,2019112501005136,GGBSL,58,10,10,630.00,"6,300.00"
2019-11-25,2019112501005019,GGBSL,52,3,10,640.00,"6,400.00"
2019-11-25,2019112501004991,GGBSL,58,10,10,630.00,"6,300.00"
2019-11-25,2019112501004970,GGBSL,49,28,50,634.00,"31,700.00"
2019-11-25,2019112501004969,GGBSL,33,28,20,637.00,"12,740.00"
2019-11-25,2019112501004731,GGBSL,35,35,10,638.00,"6,380.00"
2019-11-25,2019112501004941,GILB,7,46,10,723.00,"7,230.00"
2019-11-25,2019112501004728,GLICL,50,50,395,346.00,"136,670.00"
2019-11-25,2019112501004804,GMFBS,56,6,20,490.00,"9,800.00"
2019-11-25,2019112501004771,GMFBS,10,6,10,490.00,"4,900.00"
2019-11-25,2019112501004674,GMFBS,56,6,20,490.00,"9,800.00"
2019-11-25,2019112501005125,HDL,58,53,170,"1,740.00","295,800.00"
2019-11-25,2019112501005069,HDL,45,53,50,"1,750.00","87,500.00"
2019-11-25,2019112501004961,HDL,52,53,120,"1,750.00","210,000.00"
2019-11-25,2019112501004960,HDL,52,7,100,"1,750.00","175,000.00"
2019-11-25,2019112501004959,HDL,52,35,50,"1,749.00","87,450.00"
2019-11-25,2019112501004958,HDL,52,35,80,"1,749.00","139,920.00"
2019-11-25,2019112501004814,HDL,49,35,20,"1,749.00","34,980.00"
2019-11-25,2019112501004789,HGI,50,52,140,237.00,"33,180.00"
2019-11-25,2019112501004764,HIDCL,14,29,200,131.00,"26,200.00"
2019-11-25,2019112501004906,IGI,49,29,380,278.00,"105,640.00"
2019-11-25,2019112501005085,ILBS,58,17,185,460.00,"85,100.00"
2019-11-25,2019112501005080,ILBS,58,38,10,460.00,"4,600.00"
2019-11-25,2019112501005078,ILBS,57,17,50,463.00,"23,150.00"
2019-11-25,2019112501005077,ILBS,32,17,160,465.00,"74,400.00"
2019-11-25,2019112501004926,ILBS,39,43,50,471.00,"23,550.00"
2019-11-25,2019112501004760,ILBS,32,38,10,465.00,"4,650.00"
2019-11-25,2019112501004687,ILBS,19,38,10,466.00,"4,660.00"
2019-11-25,2019112501005053,JBBL,17,13,37,158.00,"5,846.00"
2019-11-25,2019112501004887,JBBL,17,39,13,157.00,"2,041.00"
2019-11-25,2019112501004802,JBBL,17,17,80,157.00,"12,560.00"
2019-11-25,2019112501004704,JFL,32,6,10,192.00,"1,920.00"
2019-11-25,2019112501004852,JSLBB,37,38,10,"1,133.00","11,330.00"
2019-11-25,2019112501005138,KBL,25,11,25,180.00,"4,500.00"
2019-11-25,2019112501004891,KBL,58,1,106,178.00,"18,868.00"
2019-11-25,2019112501004890,KBL,33,1,184,178.00,"32,752.00"
2019-11-25,2019112501004750,KBL,33,6,76,178.00,"13,528.00"
2019-11-25,2019112501005144,KPCL,22,59,180,81.00,"14,580.00"
2019-11-25,2019112501005143,KPCL,39,59,150,81.00,"12,150.00"
2019-11-25,2019112501005142,KPCL,56,59,10,83.00,830.00
2019-11-25,2019112501004934,KPCL,56,59,10,82.00,820.00
2019-11-25,2019112501004933,KPCL,56,4,10,82.00,820.00
2019-11-25,2019112501004918,KPCL,22,38,10,81.00,810.00
2019-11-25,2019112501004781,LBL,32,17,80,216.00,"17,280.00"
2019-11-25,2019112501004780,LBL,32,52,501,216.00,"108,216.00"
2019-11-25,2019112501004851,LICN,25,59,10,915.00,"9,150.00"
2019-11-25,2019112501004812,LICN,6,34,12,905.00,"10,860.00"
2019-11-25,2019112501005139,MBL,14,35,500,215.00,"107,500.00"
2019-11-25,2019112501005094,MBL,14,6,378,215.00,"81,270.00"
2019-11-25,2019112501004943,MBL,14,6,500,216.00,"108,000.00"
2019-11-25,2019112501005038,MEGA,43,51,10,181.00,"1,810.00"
2019-11-25,2019112501005015,MEGA,32,8,363,180.00,"65,340.00"
2019-11-25,2019112501005014,MEGA,28,8,637,180.00,"114,660.00"
2019-11-25,2019112501004880,MEGA,49,8,200,180.00,"36,000.00"
2019-11-25,2019112501004879,MEGA,32,8,466,180.00,"83,880.00"
2019-11-25,2019112501004878,MEGA,33,8,100,180.00,"18,000.00"
2019-11-25,2019112501004877,MEGA,58,8,79,180.00,"14,220.00"
2019-11-25,2019112501004858,MEGA,58,38,65,180.00,"11,700.00"
2019-11-25,2019112501004883,MEGA,28,8,363,180.00,"65,340.00"
2019-11-25,2019112501004882,MEGA,21,8,336,180.00,"60,480.00"
2019-11-25,2019112501004881,MEGA,38,8,100,180.00,"18,000.00"
2019-11-25,2019112501005134,MLBL,34,17,34,170.00,"5,780.00"
2019-11-25,2019112501005133,MLBL,32,17,66,170.00,"11,220.00"
2019-11-25,2019112501004821,MLBL,32,34,434,170.00,"73,780.00"
2019-11-25,2019112501004820,MLBL,57,34,530,170.00,"90,100.00"
2019-11-25,2019112501004819,MLBL,34,34,200,170.00,"34,000.00"
2019-11-25,2019112501004818,MLBL,47,34,200,170.00,"34,000.00"
2019-11-25,2019112501004817,MLBL,37,34,500,170.00,"85,000.00"
2019-11-25,2019112501004816,MLBL,43,34,100,171.00,"17,100.00"
2019-11-25,2019112501004815,MLBL,36,34,36,171.00,"6,156.00"
2019-11-25,2019112501004957,MNBBL,39,17,500,309.00,"154,500.00"
2019-11-25,2019112501004846,MNBBL,39,17,500,309.00,"154,500.00"
2019-11-25,2019112501004801,MNBBL,36,14,250,310.00,"77,500.00"
2019-11-25,2019112501004710,MNBBL,51,17,100,312.00,"31,200.00"
2019-11-25,2019112501005154,NABIL,56,8,30,727.00,"21,810.00"
2019-11-25,2019112501005129,NABIL,22,8,30,728.00,"21,840.00"
2019-11-25,2019112501005128,NABIL,44,8,25,728.00,"18,200.00"
2019-11-25,2019112501005127,NABIL,22,8,50,728.00,"36,400.00"
2019-11-25,2019112501005126,NABIL,49,8,50,728.00,"36,400.00"
2019-11-25,2019112501005009,NABIL,16,8,50,730.00,"36,500.00"
2019-11-25,2019112501004714,NABIL,52,16,30,732.00,"21,960.00"
2019-11-25,2019112501005001,NABIL,56,8,200,730.00,"146,000.00"
2019-11-25,2019112501004949,NABIL,45,41,50,729.00,"36,450.00"
2019-11-25,2019112501004948,NABIL,14,41,10,729.00,"7,290.00"
2019-11-25,2019112501004896,NABIL,25,8,100,730.00,"73,000.00"
2019-11-25,2019112501004766,NABIL,22,8,100,730.00,"73,000.00"
2019-11-25,2019112501004765,NABIL,1,8,170,730.00,"124,100.00"
2019-11-25,2019112501004905,NBB,1,22,420,198.00,"83,160.00"
2019-11-25,2019112501004895,NBB,46,22,200,199.00,"39,800.00"
2019-11-25,2019112501004894,NBB,55,22,300,199.00,"59,700.00"
2019-11-25,2019112501004733,NBB,14,14,50,200.00,"10,000.00"
2019-11-25,2019112501005102,NBL,38,17,500,316.00,"158,000.00"
2019-11-25,2019112501005101,NBL,39,17,300,316.00,"94,800.00"
2019-11-25,2019112501005100,NBL,10,17,122,316.00,"38,552.00"
2019-11-25,2019112501005059,NBL,10,34,200,317.00,"63,400.00"
2019-11-25,2019112501005058,NBL,10,17,"1,500",317.00,"475,500.00"
2019-11-25,2019112501005057,NBL,10,17,100,317.00,"31,700.00"
2019-11-25,2019112501004761,NBL,7,42,128,316.00,"40,448.00"
2019-11-25,2019112501004788,NBL,10,17,"1,500",316.00,"474,000.00"
2019-11-25,2019112501004777,NBL,10,17,378,316.00,"119,448.00"
2019-11-25,2019112501004776,NBL,36,17,"1,000",316.00,"316,000.00"
2019-11-25,2019112501004775,NBL,43,17,122,316.00,"38,552.00"
2019-11-25,2019112501004774,NBL,43,17,878,316.00,"277,448.00"
2019-11-25,2019112501004773,NBL,7,17,622,316.00,"196,552.00"
2019-11-25,2019112501005011,NBL,43,17,200,317.00,"63,400.00"
2019-11-25,2019112501004810,NBL,43,17,"1,200",317.00,"380,400.00"
2019-11-25,2019112501004803,NBL,43,42,300,317.00,"95,100.00"
2019-11-25,2019112501004799,NBL,10,17,"1,500",316.00,"474,000.00"
2019-11-25,2019112501004795,NBL,43,17,"1,500",317.00,"475,500.00"
2019-11-25,2019112501004794,NBL,10,17,"1,500",316.00,"474,000.00"
2019-11-25,2019112501005083,NCCB,58,49,10,199.00,"1,990.00"
2019-11-25,2019112501004988,NCCB,38,39,25,198.00,"4,950.00"
2019-11-25,2019112501004752,NCCB,32,40,566,198.00,"112,068.00"
2019-11-25,2019112501004707,NCCB,36,38,28,197.00,"5,516.00"
2019-11-25,2019112501005141,NGPL,53,17,289,108.00,"31,212.00"
2019-11-25,2019112501004947,NGPL,53,25,200,108.00,"21,600.00"
2019-11-25,2019112501004670,NIB,46,26,24,418.00,"10,032.00"
2019-11-25,2019112501005082,NICA,39,33,250,405.00,"101,250.00"
2019-11-25,2019112501005044,NICA,39,33,200,405.00,"81,000.00"
2019-11-25,2019112501005043,NICA,50,33,"1,000",405.00,"405,000.00"
2019-11-25,2019112501005042,NICA,45,33,"1,000",406.00,"406,000.00"
2019-11-25,2019112501005041,NICA,6,33,30,406.00,"12,180.00"
2019-11-25,2019112501005040,NICA,45,33,300,406.00,"121,800.00"
2019-11-25,2019112501005039,NICA,45,33,799,406.00,"324,394.00"
2019-11-25,2019112501004989,NICA,45,34,100,406.00,"40,600.00"
2019-11-25,2019112501004825,NICA,45,38,101,406.00,"41,006.00"
2019-11-25,2019112501005099,NLG,25,43,15,496.00,"7,440.00"
2019-11-25,2019112501005073,NLG,25,43,395,487.00,"192,365.00"
2019-11-25,2019112501005055,NLG,33,43,200,487.00,"97,400.00"
2019-11-25,2019112501005054,NLG,16,43,405,487.00,"197,235.00"
2019-11-25,2019112501005033,NLG,16,43,595,487.00,"289,765.00"
2019-11-25,2019112501005032,NLG,26,43,200,488.00,"97,600.00"
2019-11-25,2019112501004824,NLG,10,39,50,490.00,"24,500.00"
2019-11-25,2019112501004813,NLG,34,39,100,490.00,"49,000.00"
2019-11-25,2019112501004763,NLG,51,39,40,490.00,"19,600.00"
2019-11-25,2019112501005031,NLG,13,43,100,489.00,"48,900.00"
2019-11-25,2019112501005030,NLG,13,43,30,490.00,"14,700.00"
2019-11-25,2019112501004931,NLG,5,43,75,493.00,"36,975.00"
2019-11-25,2019112501004908,NLG,13,39,590,490.00,"289,100.00"
2019-11-25,2019112501004898,NLG,14,39,30,490.00,"14,700.00"
2019-11-25,2019112501004857,NLG,58,39,100,490.00,"49,000.00"
2019-11-25,2019112501004732,NLIC,20,13,200,787.00,"157,400.00"
2019-11-25,2019112501005018,NLICL,43,14,10,418.00,"4,180.00"
2019-11-25,2019112501004930,NLICL,16,33,907,413.00,"374,591.00"
2019-11-25,2019112501004929,NLICL,35,33,18,413.00,"7,434.00"
2019-11-25,2019112501004928,NLICL,38,33,75,415.00,"31,125.00"
2019-11-25,2019112501005107,NMB,6,11,30,379.00,"11,370.00"
2019-11-25,2019112501005106,NMB,21,11,300,379.00,"113,700.00"
2019-11-25,2019112501005105,NMB,59,11,500,379.00,"189,500.00"
2019-11-25,2019112501005087,NMB,54,44,267,380.00,"101,460.00"
2019-11-25,2019112501005086,NMB,54,39,233,380.00,"88,540.00"
2019-11-25,2019112501005068,NMB,25,39,52,380.00,"19,760.00"
2019-11-25,2019112501004796,NMB,44,58,35,381.00,"13,335.00"
2019-11-25,2019112501004762,NMB,44,16,200,381.00,"76,200.00"
2019-11-25,2019112501004730,NMB,44,29,"1,000",381.00,"381,000.00"
2019-11-25,2019112501004679,NMB,44,16,"1,000",381.00,"381,000.00"
2019-11-25,2019112501004678,NMB,44,39,765,381.00,"291,465.00"
2019-11-25,2019112501004995,NMB,58,36,15,380.00,"5,700.00"
2019-11-25,2019112501004986,NMB,58,11,"1,000",380.00,"380,000.00"
2019-11-25,2019112501004983,NMB,58,47,85,380.00,"32,300.00"
2019-11-25,2019112501004982,NMB,58,47,215,380.00,"81,700.00"
2019-11-25,2019112501004903,NMB,58,48,12,380.00,"4,560.00"
2019-11-25,2019112501004797,NMB,4,58,142,381.00,"54,102.00"
2019-11-25,2019112501005067,NMB,17,39,715,380.00,"271,700.00"
2019-11-25,2019112501005035,NMB,17,11,285,380.00,"108,300.00"
2019-11-25,2019112501005034,NMB,59,11,715,380.00,"271,700.00"
2019-11-25,2019112501004998,NMB,59,36,85,380.00,"32,300.00"
2019-11-25,2019112501004997,NMB,51,36,400,380.00,"152,000.00"
2019-11-25,2019112501004996,NMB,36,36,500,380.00,"190,000.00"
2019-11-25,2019112501005103,NMFBS,33,32,24,"1,780.00","42,720.00"
2019-11-25,2019112501005092,NMFBS,10,4,19,"1,755.00","33,345.00"
2019-11-25,2019112501005029,NMFBS,1,32,26,"1,760.00","45,760.00"
2019-11-25,2019112501005017,NMFBS,1,4,15,"1,760.00","26,400.00"
2019-11-25,2019112501004999,NMFBS,1,4,29,"1,760.00","51,040.00"
2019-11-25,2019112501004942,NMFBS,1,4,15,"1,760.00","26,400.00"
2019-11-25,2019112501004922,NMFBS,1,4,15,"1,760.00","26,400.00"
2019-11-25,2019112501005002,NTC,59,19,10,628.00,"6,280.00"
2019-11-25,2019112501004968,NTC,43,25,435,619.00,"269,265.00"
2019-11-25,2019112501004901,NTC,28,14,10,629.00,"6,290.00"
2019-11-25,2019112501004854,NTC,59,14,100,620.00,"62,000.00"
2019-11-25,2019112501004853,NTC,22,14,200,621.00,"124,200.00"
2019-11-25,2019112501005008,NUBL,48,39,40,875.00,"35,000.00"
2019-11-25,2019112501005007,NUBL,38,39,20,876.00,"17,520.00"
2019-11-25,2019112501005006,NUBL,16,39,20,876.00,"17,520.00"
2019-11-25,2019112501005120,PCBL,38,43,82,271.00,"22,222.00"
2019-11-25,2019112501005119,PCBL,34,43,200,271.00,"54,200.00"
2019-11-25,2019112501005118,PCBL,56,43,100,271.00,"27,100.00"
2019-11-25,2019112501005117,PCBL,43,43,"1,000",271.00,"271,000.00"
2019-11-25,2019112501005116,PCBL,25,43,100,271.00,"27,100.00"
2019-11-25,2019112501005115,PCBL,25,43,200,271.00,"54,200.00"
2019-11-25,2019112501004680,PCBL,43,8,104,272.00,"28,288.00"
2019-11-25,2019112501005081,PCBL,49,55,50,273.00,"13,650.00"
2019-11-25,2019112501004923,PCBL,38,43,47,272.00,"12,784.00"
2019-11-25,2019112501004876,PCBL,43,43,450,272.00,"122,400.00"
2019-11-25,2019112501004793,PCBL,43,17,50,272.00,"13,600.00"
2019-11-25,2019112501004754,PCBL,45,59,300,272.00,"81,600.00"
2019-11-25,2019112501004725,PCBL,45,34,200,272.00,"54,400.00"
2019-11-25,2019112501005114,PCBL,45,43,50,271.00,"13,550.00"
2019-11-25,2019112501005113,PCBL,51,43,50,271.00,"13,550.00"
2019-11-25,2019112501005112,PCBL,29,43,600,271.00,"162,600.00"
2019-11-25,2019112501005111,PCBL,42,43,200,271.00,"54,200.00"
2019-11-25,2019112501005110,PCBL,16,43,88,271.00,"23,848.00"
2019-11-25,2019112501005109,PCBL,38,43,100,272.00,"27,200.00"
2019-11-25,2019112501005079,PIC,8,56,70,342.00,"23,940.00"
2019-11-25,2019112501004994,PIC,8,56,100,342.00,"34,200.00"
2019-11-25,2019112501004917,PIC,8,56,100,342.00,"34,200.00"
2019-11-25,2019112501004893,PIC,8,20,100,342.00,"34,200.00"
2019-11-25,2019112501004690,PIC,18,38,11,343.00,"3,773.00"
2019-11-25,2019112501004897,PICL,3,38,10,367.00,"3,670.00"
2019-11-25,2019112501004925,PLIC,57,43,300,303.00,"90,900.00"
2019-11-25,2019112501004904,PLIC,7,43,31,304.00,"9,424.00"
2019-11-25,2019112501004873,PLIC,16,35,25,302.00,"7,550.00"
2019-11-25,2019112501004786,PLIC,21,43,50,304.00,"15,200.00"
2019-11-25,2019112501004667,PLIC,53,53,487,301.00,"146,587.00"
2019-11-25,2019112501004666,PLIC,35,53,50,301.00,"15,050.00"
2019-11-25,2019112501005089,PMHPL,42,38,10,77.00,770.00
2019-11-25,2019112501005012,PMHPL,58,38,10,77.00,770.00
2019-11-25,2019112501005000,PMHPL,58,38,10,77.00,770.00
2019-11-25,2019112501004954,PMHPL,58,38,10,77.00,770.00
2019-11-25,2019112501004953,PMHPL,58,38,10,77.00,770.00
2019-11-25,2019112501004907,PMHPL,58,38,10,77.00,770.00
2019-11-25,2019112501005091,PPCL,36,35,10,102.00,"1,020.00"
2019-11-25,2019112501005090,PPCL,36,51,10,102.00,"1,020.00"
2019-11-25,2019112501004872,PRIN,45,45,500,300.00,"150,000.00"
2019-11-25,2019112501004871,PRIN,50,45,400,300.00,"120,000.00"
2019-11-25,2019112501004870,PRIN,49,45,"2,000",300.00,"600,000.00"
2019-11-25,2019112501004869,PRIN,57,45,50,300.00,"15,000.00"
2019-11-25,2019112501004868,PRIN,25,45,50,301.00,"15,050.00"
2019-11-25,2019112501004867,PRIN,35,45,500,301.00,"150,500.00"
2019-11-25,2019112501004866,PRIN,14,45,100,302.00,"30,200.00"
2019-11-25,2019112501004865,PRIN,22,45,200,302.00,"60,400.00"
2019-11-25,2019112501005149,PRVU,43,43,20,222.00,"4,440.00"
2019-11-25,2019112501005148,PRVU,34,43,500,222.00,"111,000.00"
2019-11-25,2019112501005147,PRVU,38,43,500,222.00,"111,000.00"
2019-11-25,2019112501005146,PRVU,59,43,200,222.00,"44,400.00"
2019-11-25,2019112501005145,PRVU,59,43,360,222.00,"79,920.00"
2019-11-25,2019112501005088,PRVU,28,43,15,224.00,"3,360.00"
2019-11-25,2019112501004716,PRVU,35,45,300,223.00,"66,900.00"
2019-11-25,2019112501004701,PRVU,38,17,290,224.00,"64,960.00"
2019-11-25,2019112501004806,PRVU,44,14,50,225.00,"11,250.00"
2019-11-25,2019112501004782,PRVU,43,17,100,224.00,"22,400.00"
2019-11-25,2019112501004720,PRVU,25,45,390,223.00,"86,970.00"
2019-11-25,2019112501004719,PRVU,54,45,10,223.00,"2,230.00"
2019-11-25,2019112501004718,PRVU,45,45,300,223.00,"66,900.00"
2019-11-25,2019112501004717,PRVU,38,45,500,223.00,"111,500.00"
2019-11-25,2019112501004840,PRVU,36,43,500,222.00,"111,000.00"
2019-11-25,2019112501004839,PRVU,25,43,100,222.00,"22,200.00"
2019-11-25,2019112501004838,PRVU,22,43,250,222.00,"55,500.00"
2019-11-25,2019112501004837,PRVU,22,43,100,222.00,"22,200.00"
2019-11-25,2019112501004836,PRVU,22,43,72,222.00,"15,984.00"
2019-11-25,2019112501004827,PRVU,25,43,410,223.00,"91,430.00"
2019-11-25,2019112501005045,PRVU,59,17,40,222.00,"8,880.00"
2019-11-25,2019112501004875,PRVU,28,14,15,225.00,"3,375.00"
2019-11-25,2019112501004844,PRVU,57,43,100,222.00,"22,200.00"
2019-11-25,2019112501004843,PRVU,25,43,50,222.00,"11,100.00"
2019-11-25,2019112501004842,PRVU,25,43,"1,000",222.00,"222,000.00"
2019-11-25,2019112501004841,PRVU,46,43,500,222.00,"111,000.00"
2019-11-25,2019112501005153,RBCL,19,28,10,"7,900.00","79,000.00"
2019-11-25,2019112501005152,RBCL,19,28,10,"7,900.00","79,000.00"
2019-11-25,2019112501005137,RBCL,17,28,10,"7,901.00","79,010.00"
2019-11-25,2019112501005037,RBCL,11,28,10,"7,999.00","79,990.00"
2019-11-25,2019112501004681,RBCL,48,28,10,"8,010.00","80,100.00"
2019-11-25,2019112501004800,RBCLPO,33,18,10,"7,100.00","71,000.00"
2019-11-25,2019112501005049,RHPC,19,48,"2,000",69.00,"138,000.00"
2019-11-25,2019112501005048,RHPC,58,48,50,69.00,"3,450.00"
2019-11-25,2019112501005047,RHPC,17,48,500,69.00,"34,500.00"
2019-11-25,2019112501005046,RHPC,32,48,"1,915",69.00,"132,135.00"
2019-11-25,2019112501004914,RHPC,57,48,"1,000",70.00,"70,000.00"
2019-11-25,2019112501004913,RHPC,57,48,"2,000",70.00,"140,000.00"
2019-11-25,2019112501004912,RHPC,55,48,200,70.00,"14,000.00"
2019-11-25,2019112501004911,RHPC,6,48,50,70.00,"3,500.00"
2019-11-25,2019112501004709,RHPC,21,59,15,70.00,"1,050.00"
2019-11-25,2019112501004700,RHPC,22,48,"1,000",71.00,"71,000.00"
2019-11-25,2019112501004699,RHPC,42,48,200,71.00,"14,200.00"
2019-11-25,2019112501005096,RHPL,57,38,40,163.00,"6,520.00"
2019-11-25,2019112501005070,RHPL,57,38,40,163.00,"6,520.00"
2019-11-25,2019112501005016,RHPL,57,38,40,163.00,"6,520.00"
2019-11-25,2019112501004993,RHPL,57,38,40,163.00,"6,520.00"
2019-11-25,2019112501004963,RHPL,57,38,40,163.00,"6,520.00"
2019-11-25,2019112501004962,RHPL,57,38,40,163.00,"6,520.00"
2019-11-25,2019112501004677,RHPL,14,47,40,163.00,"6,520.00"
2019-11-25,2019112501004669,RHPL,14,47,40,163.00,"6,520.00"
2019-11-25,2019112501004727,RHPL,40,38,40,162.00,"6,480.00"
2019-11-25,2019112501004715,RHPL,40,38,40,162.00,"6,480.00"
2019-11-25,2019112501004706,RHPL,40,47,10,162.00,"1,620.00"
2019-11-25,2019112501004705,RHPL,14,47,30,163.00,"4,890.00"
2019-11-25,2019112501004695,RHPL,14,38,50,163.00,"8,150.00"
2019-11-25,2019112501004693,RHPL,14,47,40,163.00,"6,520.00"
2019-11-25,2019112501004787,RHPL,40,47,40,162.00,"6,480.00"
2019-11-25,2019112501004770,RHPL,40,47,50,162.00,"8,100.00"
2019-11-25,2019112501004768,RHPL,40,38,40,162.00,"6,480.00"
2019-11-25,2019112501004749,RHPL,40,38,40,162.00,"6,480.00"
2019-11-25,2019112501004741,RHPL,40,47,40,162.00,"6,480.00"
2019-11-25,2019112501004729,RHPL,40,47,40,162.00,"6,480.00"
2019-11-25,2019112501004916,RHPL,57,38,40,163.00,"6,520.00"
2019-11-25,2019112501004915,RHPL,57,38,40,163.00,"6,520.00"
2019-11-25,2019112501004864,RHPL,57,47,40,163.00,"6,520.00"
2019-11-25,2019112501004829,RHPL,57,47,50,163.00,"8,150.00"
2019-11-25,2019112501004822,RHPL,40,47,20,162.00,"3,240.00"
2019-11-25,2019112501004811,RHPL,40,38,40,162.00,"6,480.00"
2019-11-25,2019112501004859,RLFL,44,46,500,107.00,"53,500.00"
2019-11-25,2019112501004909,RRHP,6,38,10,98.00,980.00
2019-11-25,2019112501004945,RSDC,37,16,100,278.00,"27,800.00"
2019-11-25,2019112501004944,RSDC,37,41,130,278.00,"36,140.00"
2019-11-25,2019112501004985,SABSL,7,38,10,466.00,"4,660.00"
2019-11-25,2019112501004902,SABSL,7,38,10,466.00,"4,660.00"
2019-11-25,2019112501004724,SABSL,7,38,10,466.00,"4,660.00"
2019-11-25,2019112501005013,SANIMA,53,7,50,303.00,"15,150.00"
2019-11-25,2019112501004708,SANIMA,43,6,768,303.00,"232,704.00"
2019-11-25,2019112501004691,SAPDBL,56,58,10,120.00,"1,200.00"
2019-11-25,2019112501005023,SBI,56,22,135,374.00,"50,490.00"
2019-11-25,2019112501005022,SBI,20,22,45,375.00,"16,875.00"
2019-11-25,2019112501005021,SBI,36,22,10,377.00,"3,770.00"
2019-11-25,2019112501005020,SBI,57,22,50,378.00,"18,900.00"
2019-11-25,2019112501005135,SBL,34,17,50,280.00,"14,000.00"
2019-11-25,2019112501005130,SBL,45,1,100,277.00,"27,700.00"
2019-11-25,2019112501005071,SBL,45,18,83,277.00,"22,991.00"
2019-11-25,2019112501005056,SBL,18,18,10,278.00,"2,780.00"
2019-11-25,2019112501005010,SBL,45,18,53,277.00,"14,681.00"
2019-11-25,2019112501005004,SBL,45,18,46,277.00,"12,742.00"
2019-11-25,2019112501005003,SBL,43,18,130,277.00,"36,010.00"
2019-11-25,2019112501004987,SBL,43,22,470,277.00,"130,190.00"
2019-11-25,2019112501004740,SBL,43,43,400,277.00,"110,800.00"
2019-11-25,2019112501004735,SBL,59,43,500,277.00,"138,500.00"
2019-11-25,2019112501004734,SBL,28,43,100,277.00,"27,700.00"
2019-11-25,2019112501004688,SBL,36,18,26,280.00,"7,280.00"
2019-11-25,2019112501004924,SCB,34,32,328,525.00,"172,200.00"
2019-11-25,2019112501004860,SCB,32,32,40,525.00,"21,000.00"
2019-11-25,2019112501004835,SCB,22,32,200,525.00,"105,000.00"
2019-11-25,2019112501004809,SCB,32,32,20,526.00,"10,520.00"
2019-11-25,2019112501004808,SCB,38,41,200,527.00,"105,400.00"
2019-11-25,2019112501004807,SCB,38,43,200,527.00,"105,400.00"
2019-11-25,2019112501004792,SFFIL,42,58,20,170.00,"3,400.00"
2019-11-25,2019112501005164,SHIVM,21,25,40,400.00,"16,000.00"
2019-11-25,2019112501005163,SHIVM,51,25,50,400.00,"20,000.00"
2019-11-25,2019112501005162,SHIVM,5,25,20,400.00,"8,000.00"
2019-11-25,2019112501005161,SHIVM,26,25,20,400.00,"8,000.00"
2019-11-25,2019112501005160,SHIVM,58,25,20,401.00,"8,020.00"
2019-11-25,2019112501005159,SHIVM,50,25,50,401.00,"20,050.00"
2019-11-25,2019112501004743,SHIVM,58,39,60,403.00,"24,180.00"
2019-11-25,2019112501004694,SHIVM,57,39,50,403.00,"20,150.00"
2019-11-25,2019112501005158,SHIVM,5,25,20,401.00,"8,020.00"
2019-11-25,2019112501004980,SHIVM,45,26,110,403.00,"44,330.00"
2019-11-25,2019112501004979,SHIVM,45,39,90,403.00,"36,270.00"
2019-11-25,2019112501004972,SHIVM,34,28,100,401.00,"40,100.00"
2019-11-25,2019112501004971,SHIVM,58,28,50,401.00,"20,050.00"
2019-11-25,2019112501004889,SHIVM,38,39,100,403.00,"40,300.00"
2019-11-25,2019112501004956,SHL,34,29,100,209.00,"20,900.00"
2019-11-25,2019112501004863,SHL,26,38,485,208.00,"100,880.00"
2019-11-25,2019112501004862,SHL,28,38,200,208.00,"41,600.00"
2019-11-25,2019112501004861,SHL,51,38,115,208.00,"23,920.00"
2019-11-25,2019112501005027,SIC,40,40,125,432.00,"54,000.00"
2019-11-25,2019112501005026,SIC,37,40,100,432.00,"43,200.00"
2019-11-25,2019112501005025,SIC,45,40,500,433.00,"216,500.00"
2019-11-25,2019112501005024,SIC,47,40,30,435.00,"13,050.00"
2019-11-25,2019112501004833,SIC,47,13,20,435.00,"8,700.00"
2019-11-25,2019112501005131,SIL,6,59,584,364.00,"212,576.00"
2019-11-25,2019112501005108,SJCL,36,38,20,153.00,"3,060.00"
2019-11-25,2019112501005095,SJCL,36,38,20,153.00,"3,060.00"
2019-11-25,2019112501005028,SJCL,57,38,10,154.00,"1,540.00"
2019-11-25,2019112501004713,SJCL,44,47,20,153.00,"3,060.00"
2019-11-25,2019112501004689,SJCL,44,47,20,153.00,"3,060.00"
2019-11-25,2019112501004682,SJCL,44,47,20,153.00,"3,060.00"
2019-11-25,2019112501004831,SJCL,26,47,20,153.00,"3,060.00"
2019-11-25,2019112501004805,SJCL,26,47,20,153.00,"3,060.00"
2019-11-25,2019112501004790,SJCL,11,47,20,153.00,"3,060.00"
2019-11-25,2019112501004767,SJCL,11,47,20,153.00,"3,060.00"
2019-11-25,2019112501004745,SJCL,11,47,10,153.00,"1,530.00"
2019-11-25,2019112501004726,SJCL,44,47,20,153.00,"3,060.00"
2019-11-25,2019112501004856,SJCL,26,47,20,153.00,"3,060.00"
2019-11-25,2019112501004964,SJCL,26,47,20,154.00,"3,080.00"
2019-11-25,2019112501004939,SJCL,36,38,20,153.00,"3,060.00"
2019-11-25,2019112501004935,SJCL,26,38,20,153.00,"3,060.00"
2019-11-25,2019112501004975,SJCL,57,38,20,154.00,"3,080.00"
2019-11-25,2019112501004974,SJCL,57,38,20,154.00,"3,080.00"
2019-11-25,2019112501004973,SJCL,57,38,20,154.00,"3,080.00"
2019-11-25,2019112501004967,SJCL,26,38,10,154.00,"1,540.00"
2019-11-25,2019112501004966,SJCL,26,38,10,154.00,"1,540.00"
2019-11-25,2019112501004965,SJCL,26,38,10,154.00,"1,540.00"
2019-11-25,2019112501004992,SJCL,57,38,20,154.00,"3,080.00"
2019-11-25,2019112501004990,SJCL,57,38,20,154.00,"3,080.00"
2019-11-25,2019112501004981,SJCL,57,38,20,154.00,"3,080.00"
2019-11-25,2019112501004978,SJCL,57,38,20,154.00,"3,080.00"
2019-11-25,2019112501004977,SJCL,57,38,20,154.00,"3,080.00"
2019-11-25,2019112501004976,SJCL,57,38,10,154.00,"1,540.00"
2019-11-25,2019112501004683,SLBBL,34,57,300,620.00,"186,000.00"
2019-11-25,2019112501004673,SLBBL,34,33,50,620.00,"31,000.00"
2019-11-25,2019112501004742,SLBBL,34,22,89,620.00,"55,180.00"
2019-11-25,2019112501004721,SLBBL,34,7,200,620.00,"124,000.00"
2019-11-25,2019112501004703,SLBBL,34,7,161,620.00,"99,820.00"
2019-11-25,2019112501004684,SLBBL,34,48,100,620.00,"62,000.00"
2019-11-25,2019112501004759,SLBBL,10,58,150,622.00,"93,300.00"
2019-11-25,2019112501004758,SLBBL,10,22,101,620.00,"62,620.00"
2019-11-25,2019112501005036,SLICL,57,25,42,245.00,"10,290.00"
2019-11-25,2019112501004892,SLICL,29,25,400,245.00,"98,000.00"
2019-11-25,2019112501004738,SLICL,4,25,20,245.00,"4,900.00"
2019-11-25,2019112501004737,SLICL,29,39,50,242.00,"12,100.00"
2019-11-25,2019112501004712,SLICL,29,39,115,242.00,"27,830.00"
2019-11-25,2019112501004711,SLICL,36,39,200,242.00,"48,400.00"
2019-11-25,2019112501004697,SLICL,17,39,50,243.00,"12,150.00"
2019-11-25,2019112501004696,SLICL,6,39,35,243.00,"8,505.00"
2019-11-25,2019112501004984,SMFBS,34,38,10,800.00,"8,000.00"
2019-11-25,2019112501004888,SMFBS,34,38,10,790.00,"7,900.00"
2019-11-25,2019112501005051,SMFDB,58,58,40,504.00,"20,160.00"
2019-11-25,2019112501005132,SPARS,34,38,10,508.00,"5,080.00"
2019-11-25,2019112501004723,SPARS,34,38,10,508.00,"5,080.00"
2019-11-25,2019112501004676,SPDL,42,56,440,83.00,"36,520.00"
2019-11-25,2019112501004826,SRBL,32,32,156,209.00,"32,604.00"
2019-11-25,2019112501005150,STC,19,42,10,"1,349.00","13,490.00"
2019-11-25,2019112501005124,STC,40,59,30,"1,327.00","39,810.00"
2019-11-25,2019112501004946,STC,47,22,50,"1,345.00","67,250.00"
2019-11-25,2019112501004940,STC,19,59,10,"1,327.00","13,270.00"
2019-11-25,2019112501004832,STC,54,54,500,"1,301.00","650,500.00"
2019-11-25,2019112501004920,TRH,57,13,410,265.00,"108,650.00"
2019-11-25,2019112501004919,TRH,44,13,40,266.00,"10,640.00"
2019-11-25,2019112501004874,UIC,14,22,64,229.00,"14,656.00"
2019-11-25,2019112501004751,UIC,51,22,20,229.00,"4,580.00"
2019-11-25,2019112501005155,UMHL,46,36,519,100.00,"51,900.00"
2019-11-25,2019112501005074,UMHL,46,36,519,99.00,"51,381.00"
2019-11-25,2019112501005151,UPCL,49,40,200,73.00,"14,600.00"
2019-11-25,2019112501005005,UPPER,41,22,970,226.00,"219,220.00"
2019-11-25,2019112501004955,UPPER,25,22,11,226.00,"2,486.00"
2019-11-25,2019112501004746,UPPER,41,16,501,227.00,"113,727.00"
2019-11-25,2019112501004722,UPPER,25,22,20,228.00,"4,560.00"
2019-11-25,2019112501004779,UPPER,42,38,33,224.00,"7,392.00"
2019-11-25,2019112501004778,UPPER,39,38,17,224.00,"3,808.00"
2019-11-25,2019112501004772,UPPER,52,22,500,225.00,"112,500.00"
2019-11-25,2019112501004747,UPPER,41,22,499,227.00,"113,273.00"
2019-11-25,2019112501004886,UPPER,6,38,18,224.00,"4,032.00"
2019-11-25,2019112501004885,UPPER,42,38,32,224.00,"7,168.00"
2019-11-25,2019112501004828,UPPER,42,38,50,224.00,"11,200.00"
2019-11-25,2019112501004884,VLBS,42,22,100,580.00,"58,000.00"
2019-11-25,2019112501004396,ADBL,16,21,200,412.00,"82,400.00"
2019-11-25,2019112501004395,ADBL,16,17,17,412.00,"7,004.00"
2019-11-25,2019112501004336,ADBL,52,14,68,410.00,"27,880.00"
2019-11-25,2019112501004335,ADBL,52,51,53,409.00,"21,677.00"
2019-11-25,2019112501004334,ADBL,52,51,63,409.00,"25,767.00"
2019-11-25,2019112501004258,ADBL,52,51,427,409.00,"174,643.00"
2019-11-25,2019112501004257,ADBL,52,38,73,408.00,"29,784.00"
2019-11-25,2019112501004572,AKBSL,43,38,10,421.00,"4,210.00"
2019-11-25,2019112501004259,AKBSL,58,38,10,420.00,"4,200.00"
2019-11-25,2019112501004247,AKBSL,58,38,10,420.00,"4,200.00"
2019-11-25,2019112501004548,AKJCL,13,38,20,55.00,"1,100.00"
2019-11-25,2019112501004523,AKJCL,13,38,20,55.00,"1,100.00"
2019-11-25,2019112501004520,AKJCL,13,38,10,55.00,550.00
2019-11-25,2019112501004512,AKJCL,49,38,10,56.00,560.00
2019-11-25,2019112501004422,AKJCL,49,38,20,56.00,"1,120.00"
2019-11-25,2019112501004328,AKJCL,43,38,10,56.00,560.00
2019-11-25,2019112501004492,ALBSL,19,38,10,392.00,"3,920.00"
2019-11-25,2019112501004278,ALBSL,19,17,10,392.00,"3,920.00"
2019-11-25,2019112501004195,ALBSL,58,38,10,391.00,"3,910.00"
2019-11-25,2019112501004637,ALICL,25,6,250,313.00,"78,250.00"
2019-11-25,2019112501004549,ALICL,50,57,300,313.00,"93,900.00"
2019-11-25,2019112501004202,API,25,6,20,103.00,"2,060.00"
2019-11-25,2019112501004186,API,55,25,"1,000",101.00,"101,000.00"
2019-11-25,2019112501004425,BOKL,18,21,15,215.00,"3,225.00"
2019-11-25,2019112501004239,BOKL,36,52,100,218.00,"21,800.00"
2019-11-25,2019112501004429,BPCL,16,45,11,345.00,"3,795.00"
2019-11-25,2019112501004287,BPCL,16,17,103,345.00,"35,535.00"
2019-11-25,2019112501004374,CBBL,58,45,29,976.00,"28,304.00"
2019-11-25,2019112501004368,CBBL,58,57,231,975.00,"225,225.00"
2019-11-25,2019112501004600,CBL,14,45,100,136.00,"13,600.00"
2019-11-25,2019112501004531,CBL,55,45,100,136.00,"13,600.00"
2019-11-25,2019112501004513,CCBL,14,51,250,160.00,"40,000.00"
2019-11-25,2019112501004409,CCBL,45,51,124,160.00,"19,840.00"
2019-11-25,2019112501004408,CCBL,45,34,300,160.00,"48,000.00"
2019-11-25,2019112501004407,CCBL,45,56,81,160.00,"12,960.00"
2019-11-25,2019112501004381,CCBL,16,56,19,160.00,"3,040.00"
2019-11-25,2019112501004380,CCBL,16,41,281,160.00,"44,960.00"
2019-11-25,2019112501004365,CCBL,49,41,20,160.00,"3,200.00"
2019-11-25,2019112501004241,CCBL,17,46,200,159.00,"31,800.00"
2019-11-25,2019112501004599,CHCL,7,52,10,355.00,"3,550.00"
2019-11-25,2019112501004507,CHCL,6,17,300,352.00,"105,600.00"
2019-11-25,2019112501004506,CHCL,6,50,70,352.00,"24,640.00"
2019-11-25,2019112501004232,CHCL,6,49,150,351.00,"52,650.00"
2019-11-25,2019112501004193,CZBIL,29,29,4,182.00,728.00
2019-11-25,2019112501004383,DBBL,1,22,90,122.00,"10,980.00"
2019-11-25,2019112501004382,DBBL,1,57,160,122.00,"19,520.00"
2019-11-25,2019112501004279,DBBL,45,57,990,122.00,"120,780.00"
2019-11-25,2019112501004450,DDBL,58,4,500,721.00,"360,500.00"
2019-11-25,2019112501004227,DDBL,53,4,500,717.00,"358,500.00"
2019-11-25,2019112501004218,DDBL,43,4,500,718.00,"359,000.00"
2019-11-25,2019112501004593,EBL,44,37,306,535.00,"163,710.00"
2019-11-25,2019112501004592,EBL,8,37,200,535.00,"107,000.00"
2019-11-25,2019112501004591,EBL,35,37,50,536.00,"26,800.00"
2019-11-25,2019112501004263,EBL,33,49,45,537.00,"24,165.00"
2019-11-25,2019112501004235,EBL,44,37,200,536.00,"107,200.00"
2019-11-25,2019112501004587,FMDBL,25,57,100,301.00,"30,100.00"
2019-11-25,2019112501004504,FOWAD,33,52,50,"1,310.00","65,500.00"
2019-11-25,2019112501004495,FOWAD,52,17,82,"1,312.00","107,584.00"
2019-11-25,2019112501004250,FOWAD,52,1,62,"1,309.00","81,158.00"
2019-11-25,2019112501004249,FOWAD,50,1,60,"1,309.00","78,540.00"
2019-11-25,2019112501004602,GBBL,45,39,158,222.00,"35,076.00"
2019-11-25,2019112501004601,GBBL,45,39,42,222.00,"9,324.00"
2019-11-25,2019112501004325,GBBL,25,39,58,222.00,"12,876.00"
2019-11-25,2019112501004324,GBBL,25,39,50,222.00,"11,100.00"
2019-11-25,2019112501004323,GBBL,25,39,220,222.00,"48,840.00"
2019-11-25,2019112501004322,GBBL,25,39,570,222.00,"126,540.00"
2019-11-25,2019112501004309,GBBL,25,39,500,222.00,"111,000.00"
2019-11-25,2019112501004308,GBBL,25,39,100,222.00,"22,200.00"
2019-11-25,2019112501004307,GBBL,25,39,200,222.00,"44,400.00"
2019-11-25,2019112501004306,GBBL,25,39,220,222.00,"48,840.00"
2019-11-25,2019112501004305,GBBL,25,51,246,222.00,"54,612.00"
2019-11-25,2019112501004304,GBBL,25,14,136,222.00,"30,192.00"
2019-11-25,2019112501004315,GBBL,25,39,100,222.00,"22,200.00"
2019-11-25,2019112501004314,GBBL,25,39,220,222.00,"48,840.00"
2019-11-25,2019112501004313,GBBL,25,39,250,222.00,"55,500.00"
2019-11-25,2019112501004312,GBBL,25,39,100,222.00,"22,200.00"
2019-11-25,2019112501004311,GBBL,25,39,200,222.00,"44,400.00"
2019-11-25,2019112501004310,GBBL,25,39,150,222.00,"33,300.00"
2019-11-25,2019112501004321,GBBL,25,39,100,222.00,"22,200.00"
2019-11-25,2019112501004320,GBBL,25,39,120,222.00,"26,640.00"
2019-11-25,2019112501004319,GBBL,25,39,120,222.00,"26,640.00"
2019-11-25,2019112501004318,GBBL,25,39,120,222.00,"26,640.00"
2019-11-25,2019112501004317,GBBL,25,39,100,222.00,"22,200.00"
2019-11-25,2019112501004316,GBBL,25,39,120,222.00,"26,640.00"
2019-11-25,2019112501004510,GBLBS,42,25,500,293.00,"146,500.00"
2019-11-25,2019112501004509,GBLBS,42,59,15,293.00,"4,395.00"
2019-11-25,2019112501004490,GBLBS,20,21,103,292.00,"30,076.00"
2019-11-25,2019112501004489,GBLBS,48,21,25,292.00,"7,300.00"
2019-11-25,2019112501004286,GBLBS,58,45,165,290.00,"47,850.00"
2019-11-25,2019112501004272,GBLBS,25,45,85,290.00,"24,650.00"
2019-11-25,2019112501004449,GFCL,59,16,34,126.00,"4,284.00"
2019-11-25,2019112501004448,GFCL,47,16,100,127.00,"12,700.00"
2019-11-25,2019112501004447,GFCL,56,16,300,127.00,"38,100.00"
2019-11-25,2019112501004653,GGBSL,37,28,90,636.00,"57,240.00"
2019-11-25,2019112501004624,GGBSL,35,35,10,637.00,"6,370.00"
2019-11-25,2019112501004488,GGBSL,37,45,10,640.00,"6,400.00"
2019-11-25,2019112501004203,GGBSL,34,28,30,650.00,"19,500.00"
2019-11-25,2019112501004569,GLBSL,43,38,10,376.00,"3,760.00"
2019-11-25,2019112501004342,GLBSL,52,38,10,374.00,"3,740.00"
2019-11-25,2019112501004565,GMFBS,56,45,20,499.00,"9,980.00"
2019-11-25,2019112501004500,HDL,33,48,50,"1,740.00","87,000.00"
2019-11-25,2019112501004499,HDL,51,48,30,"1,742.00","52,260.00"
2019-11-25,2019112501004493,HDL,51,49,20,"1,742.00","34,840.00"
2019-11-25,2019112501004280,HDL,36,53,100,"1,750.00","175,000.00"
2019-11-25,2019112501004254,HDL,33,53,60,"1,750.00","105,000.00"
2019-11-25,2019112501004628,HIDCL,14,29,800,131.00,"104,800.00"
2019-11-25,2019112501004555,HIDCL,42,29,100,131.00,"13,100.00"
2019-11-25,2019112501004539,HIDCL,55,29,100,131.00,"13,100.00"
2019-11-25,2019112501004393,HIDCL,14,29,"1,000",131.00,"131,000.00"
2019-11-25,2019112501004487,HPPL,44,38,10,133.00,"1,330.00"
2019-11-25,2019112501004516,IGI,49,40,135,278.00,"37,530.00"
2019-11-25,2019112501004557,ILBS,19,38,10,466.00,"4,660.00"
2019-11-25,2019112501004358,ILBS,32,38,10,465.00,"4,650.00"
2019-11-25,2019112501004354,ILBS,55,57,100,468.00,"46,800.00"
2019-11-25,2019112501004353,ILBS,55,44,10,468.00,"4,680.00"
2019-11-25,2019112501004277,ILBS,32,41,10,465.00,"4,650.00"
2019-11-25,2019112501004536,JFL,21,39,178,190.00,"33,820.00"
2019-11-25,2019112501004535,JFL,21,58,275,190.00,"52,250.00"
2019-11-25,2019112501004389,KBL,33,28,240,178.00,"42,720.00"
2019-11-25,2019112501004655,KPCL,22,38,10,81.00,810.00
2019-11-25,2019112501004635,KPCL,22,56,10,81.00,810.00
2019-11-25,2019112501004191,KPCL,51,17,10,81.00,810.00
2019-11-25,2019112501004240,KPCL,19,38,10,80.00,800.00
2019-11-25,2019112501004206,KPCL,51,38,10,81.00,810.00
2019-11-25,2019112501004460,KPCL,19,38,10,80.00,800.00
2019-11-25,2019112501004608,KPCL,19,38,10,80.00,800.00
2019-11-25,2019112501004611,KSBBL,41,46,13,133.00,"1,729.00"
2019-11-25,2019112501004610,KSBBL,36,46,100,133.00,"13,300.00"
2019-11-25,2019112501004609,KSBBL,43,46,187,133.00,"24,871.00"
2019-11-25,2019112501004210,LBBL,45,34,200,169.00,"33,800.00"
2019-11-25,2019112501004209,LBL,32,1,210,215.00,"45,150.00"
2019-11-25,2019112501004636,LICN,25,59,10,915.00,"9,150.00"
2019-11-25,2019112501004617,LICN,45,45,5,900.00,"4,500.00"
2019-11-25,2019112501004533,LICN,25,20,10,915.00,"9,150.00"
2019-11-25,2019112501004532,LICN,25,34,10,910.00,"9,100.00"
2019-11-25,2019112501004446,LICN,40,14,115,909.00,"104,535.00"
2019-11-25,2019112501004405,LICN,39,14,100,909.00,"90,900.00"
2019-11-25,2019112501004350,LICN,49,59,17,905.00,"15,385.00"
2019-11-25,2019112501004207,LICN,35,50,100,900.00,"90,000.00"
2019-11-25,2019112501004212,LLBS,40,14,40,680.00,"27,200.00"
2019-11-25,2019112501004478,MBL,19,28,500,219.00,"109,500.00"
2019-11-25,2019112501004361,MBL,58,46,225,218.00,"49,050.00"
2019-11-25,2019112501004360,MBL,58,58,200,218.00,"43,600.00"
2019-11-25,2019112501004276,MBL,49,39,218,217.00,"47,306.00"
2019-11-25,2019112501004248,MBL,50,49,150,216.00,"32,400.00"
2019-11-25,2019112501004228,MDB,17,39,553,239.00,"132,167.00"
2019-11-25,2019112501004544,MEGA,19,8,500,181.00,"90,500.00"
2019-11-25,2019112501004421,MERO,52,17,100,412.00,"41,200.00"
2019-11-25,2019112501004413,MERO,52,17,100,412.00,"41,200.00"
2019-11-25,2019112501004564,MFIL,38,52,180,125.00,"22,500.00"
2019-11-25,2019112501004643,NABIL,1,6,330,730.00,"240,900.00"
2019-11-25,2019112501004642,NABIL,57,6,20,730.00,"14,600.00"
2019-11-25,2019112501004641,NABIL,1,6,50,730.00,"36,500.00"
2019-11-25,2019112501004640,NABIL,57,6,100,731.00,"73,100.00"
2019-11-25,2019112501004390,NABIL,50,8,50,731.00,"36,550.00"
2019-11-25,2019112501004359,NABIL,40,8,50,731.00,"36,550.00"
2019-11-25,2019112501004297,NABIL,40,8,50,731.00,"36,550.00"
2019-11-25,2019112501004281,NABIL,14,8,100,731.00,"73,100.00"
2019-11-25,2019112501004222,NABIL,1,6,450,730.00,"328,500.00"
2019-11-25,2019112501004221,NABIL,11,6,50,730.00,"36,500.00"
2019-11-25,2019112501004184,NABIL,59,8,50,731.00,"36,550.00"
2019-11-25,2019112501004397,NBB,7,14,10,200.00,"2,000.00"
2019-11-25,2019112501004340,NBB,25,14,200,200.00,"40,000.00"
2019-11-25,2019112501004194,NBB,56,14,200,200.00,"40,000.00"
2019-11-25,2019112501004626,NBL,45,17,"1,000",317.00,"317,000.00"
2019-11-25,2019112501004616,NBL,10,17,"1,500",317.00,"475,500.00"
2019-11-25,2019112501004595,NBL,10,17,"1,500",317.00,"475,500.00"
2019-11-25,2019112501004594,NBL,10,17,500,317.00,"158,500.00"
2019-11-25,2019112501004573,NBL,44,17,"1,000",317.00,"317,000.00"
2019-11-25,2019112501004563,NBL,10,43,"1,000",317.00,"317,000.00"
2019-11-25,2019112501004464,NBL,22,51,200,317.00,"63,400.00"
2019-11-25,2019112501004303,NBL,10,44,"1,773",316.00,"560,268.00"
2019-11-25,2019112501004302,NBL,10,28,250,316.00,"79,000.00"
2019-11-25,2019112501004300,NBL,55,28,50,316.00,"15,800.00"
2019-11-25,2019112501004242,NBL,48,38,300,316.00,"94,800.00"
2019-11-25,2019112501004527,NBL,10,4,"2,382",317.00,"755,094.00"
2019-11-25,2019112501004519,NBL,7,37,250,316.00,"79,000.00"
2019-11-25,2019112501004497,NBL,10,17,500,316.00,"158,000.00"
2019-11-25,2019112501004486,NBL,46,17,"1,000",316.00,"316,000.00"
2019-11-25,2019112501004481,NBL,37,58,55,316.00,"17,380.00"
2019-11-25,2019112501004469,NBL,51,58,20,316.00,"6,320.00"
2019-11-25,2019112501004664,NCCB,54,40,200,198.00,"39,600.00"
2019-11-25,2019112501004663,NCCB,36,1,15,197.00,"2,955.00"
2019-11-25,2019112501004662,NCCB,51,1,300,197.00,"59,100.00"
2019-11-25,2019112501004661,NCCB,3,1,185,197.00,"36,445.00"
2019-11-25,2019112501004612,NCCB,3,57,15,197.00,"2,955.00"
2019-11-25,2019112501004556,NCCB,49,40,40,198.00,"7,920.00"
2019-11-25,2019112501004265,NCCB,8,49,10,199.00,"1,990.00"
2019-11-25,2019112501004200,NCCB,13,34,157,199.00,"31,243.00"
2019-11-25,2019112501004199,NCCB,13,58,20,199.00,"3,980.00"
2019-11-25,2019112501004198,NCCB,13,38,10,199.00,"1,990.00"
2019-11-25,2019112501004197,NCCB,13,43,480,199.00,"95,520.00"
2019-11-25,2019112501004442,NGPL,53,14,"1,000",108.00,"108,000.00"
2019-11-25,2019112501004622,NIB,45,21,12,415.00,"4,980.00"
2019-11-25,2019112501004474,NIB,45,11,17,415.00,"7,055.00"
2019-11-25,2019112501004473,NIB,45,11,20,415.00,"8,300.00"
2019-11-25,2019112501004472,NIB,45,11,500,415.00,"207,500.00"
2019-11-25,2019112501004471,NIB,45,11,213,415.00,"88,395.00"
2019-11-25,2019112501004470,NIB,42,11,250,416.00,"104,000.00"
2019-11-25,2019112501004176,NIB,36,26,25,418.00,"10,450.00"
2019-11-25,2019112501004168,NIB,45,58,287,415.00,"119,105.00"
2019-11-25,2019112501004167,NIB,16,58,13,415.00,"5,395.00"
2019-11-25,2019112501004166,NIB,26,58,200,416.00,"83,200.00"
2019-11-25,2019112501004545,NICA,28,29,10,408.00,"4,080.00"
2019-11-25,2019112501004346,NICA,40,52,50,405.00,"20,250.00"
2019-11-25,2019112501004345,NICA,40,52,100,405.00,"40,500.00"
2019-11-25,2019112501004344,NICA,40,32,500,405.00,"202,500.00"
2019-11-25,2019112501004343,NICA,40,58,100,405.00,"40,500.00"
2019-11-25,2019112501004331,NICA,40,45,12,404.00,"4,848.00"
2019-11-25,2019112501004330,NICA,40,38,667,404.00,"269,468.00"
2019-11-25,2019112501004290,NICA,50,45,43,404.00,"17,372.00"
2019-11-25,2019112501004268,NICA,50,49,132,404.00,"53,328.00"
2019-11-25,2019112501004267,NICA,36,49,18,404.00,"7,272.00"
2019-11-25,2019112501004174,NICGF,50,22,500,8.46,"4,230.00"
2019-11-25,2019112501004618,NICL,25,4,50,245.00,"12,250.00"
2019-11-25,2019112501004423,NICL,40,49,150,244.00,"36,600.00"
2019-11-25,2019112501004625,NIL,57,57,22,375.00,"8,250.00"
2019-11-25,2019112501004466,NIL,57,46,10,375.00,"3,750.00"
2019-11-25,2019112501004480,NLG,7,39,10,490.00,"4,900.00"
2019-11-25,2019112501004463,NLG,25,39,10,490.00,"4,900.00"
2019-11-25,2019112501004633,NLIC,56,25,15,786.00,"11,790.00"
2019-11-25,2019112501004522,NLIC,56,35,23,786.00,"18,078.00"
2019-11-25,2019112501004521,NLIC,33,35,25,786.00,"19,650.00"
2019-11-25,2019112501004458,NLIC,56,17,63,787.00,"49,581.00"
2019-11-25,2019112501004234,NLIC,33,49,75,786.00,"58,950.00"
2019-11-25,2019112501004220,NLIC,39,46,100,787.00,"78,700.00"
2019-11-25,2019112501004651,NLICL,38,19,25,415.00,"10,375.00"
2019-11-25,2019112501004607,NLICL,25,56,10,419.00,"4,190.00"
2019-11-25,2019112501004518,NMB,44,39,500,381.00,"190,500.00"
2019-11-25,2019112501004517,NMB,44,14,100,381.00,"38,100.00"
2019-11-25,2019112501004511,NMB,58,57,300,380.00,"114,000.00"
2019-11-25,2019112501004428,NMB,58,29,200,380.00,"76,000.00"
2019-11-25,2019112501004427,NMB,58,53,142,380.00,"53,960.00"
2019-11-25,2019112501004424,NMB,46,53,500,380.00,"190,000.00"
2019-11-25,2019112501004215,NMB,29,52,69,379.00,"26,151.00"
2019-11-25,2019112501004175,NMB,55,39,100,380.00,"38,000.00"
2019-11-25,2019112501004377,NMB,43,39,436,380.00,"165,680.00"
2019-11-25,2019112501004376,NMB,43,1,506,380.00,"192,280.00"
2019-11-25,2019112501004333,NMB,19,39,40,380.00,"15,200.00"
2019-11-25,2019112501004289,NMB,58,49,131,379.00,"49,649.00"
2019-11-25,2019112501004288,NMB,50,49,19,379.00,"7,201.00"
2019-11-25,2019112501004216,NMB,50,52,31,379.00,"11,749.00"
2019-11-25,2019112501004401,NMB,52,53,358,380.00,"136,040.00"
2019-11-25,2019112501004400,NMB,52,25,142,380.00,"53,960.00"
2019-11-25,2019112501004388,NMB,33,25,78,380.00,"29,640.00"
2019-11-25,2019112501004387,NMB,33,22,22,380.00,"8,360.00"
2019-11-25,2019112501004379,NMB,51,22,20,380.00,"7,600.00"
2019-11-25,2019112501004378,NMB,43,22,58,380.00,"22,040.00"
2019-11-25,2019112501004385,NMFBS,10,19,55,"1,783.00","98,065.00"
2019-11-25,2019112501004384,NMFBS,10,11,50,"1,781.00","89,050.00"
2019-11-25,2019112501004357,NMFBS,33,19,15,"1,769.00","26,535.00"
2019-11-25,2019112501004356,NMFBS,33,32,50,"1,768.00","88,400.00"
2019-11-25,2019112501004225,NMFBS,10,56,30,"1,760.00","52,800.00"
2019-11-25,2019112501004224,NMFBS,10,32,50,"1,759.00","87,950.00"
2019-11-25,2019112501004223,NMFBS,10,14,28,"1,758.00","49,224.00"
2019-11-25,2019112501004575,NTC,28,38,10,630.00,"6,300.00"
2019-11-25,2019112501004574,NTC,28,35,40,624.00,"24,960.00"
2019-11-25,2019112501004412,NUBL,42,47,118,871.00,"102,778.00"
2019-11-25,2019112501004411,NUBL,49,47,10,873.00,"8,730.00"
2019-11-25,2019112501004404,NUBL,57,47,453,876.00,"396,828.00"
2019-11-25,2019112501004403,NUBL,43,47,500,877.00,"438,500.00"
2019-11-25,2019112501004402,NUBL,7,47,30,878.00,"26,340.00"
2019-11-25,2019112501004430,OHL,5,44,400,405.00,"162,000.00"
2019-11-25,2019112501004391,OHL,55,44,100,405.00,"40,500.00"
2019-11-25,2019112501004632,PCBL,37,8,96,272.00,"26,112.00"
2019-11-25,2019112501004631,PCBL,37,57,104,272.00,"28,288.00"
2019-11-25,2019112501004505,PCBL,43,44,"1,000",272.00,"272,000.00"
2019-11-25,2019112501004348,PCBL,42,55,20,273.00,"5,460.00"
2019-11-25,2019112501004369,PFL,45,47,100,135.00,"13,500.00"
2019-11-25,2019112501004665,PLIC,25,53,75,302.00,"22,650.00"
2019-11-25,2019112501004621,PLIC,59,53,50,304.00,"15,200.00"
2019-11-25,2019112501004620,PLIC,42,53,60,304.00,"18,240.00"
2019-11-25,2019112501004585,PMHPL,58,38,10,77.00,770.00
2019-11-25,2019112501004576,PMHPL,58,38,10,77.00,770.00
2019-11-25,2019112501004567,PMHPL,58,38,10,77.00,770.00
2019-11-25,2019112501004496,PMHPL,54,38,10,76.00,760.00
2019-11-25,2019112501004441,PMHPL,54,38,10,76.00,760.00
2019-11-25,2019112501004367,PMHPL,54,38,10,76.00,760.00
2019-11-25,2019112501004178,PMHPL,32,38,10,76.00,760.00
2019-11-25,2019112501004337,PMHPL,54,38,10,76.00,760.00
2019-11-25,2019112501004299,PMHPL,54,38,10,76.00,760.00
2019-11-25,2019112501004266,PMHPL,54,38,10,76.00,760.00
2019-11-25,2019112501004252,PMHPL,32,38,10,76.00,760.00
2019-11-25,2019112501004238,PMHPL,32,38,10,76.00,760.00
2019-11-25,2019112501004211,PMHPL,32,38,10,76.00,760.00
2019-11-25,2019112501004577,PPCL,36,59,10,102.00,"1,020.00"
2019-11-25,2019112501004534,PRIN,16,35,100,302.00,"30,200.00"
2019-11-25,2019112501004462,PRIN,38,45,300,303.00,"90,900.00"
2019-11-25,2019112501004627,PRVU,11,17,700,224.00,"156,800.00"
2019-11-25,2019112501004514,PRVU,28,17,10,224.00,"2,240.00"
2019-11-25,2019112501004372,PRVU,33,28,250,223.00,"55,750.00"
2019-11-25,2019112501004370,PRVU,44,28,50,223.00,"11,150.00"
2019-11-25,2019112501004229,PRVU,44,28,300,223.00,"66,900.00"
2019-11-25,2019112501004646,RBCL,59,28,20,"8,000.00","160,000.00"
2019-11-25,2019112501004508,RBCL,25,28,20,"7,999.00","159,980.00"
2019-11-25,2019112501004182,RHPC,22,48,"1,000",71.00,"71,000.00"
2019-11-25,2019112501004181,RHPC,21,22,19,70.00,"1,330.00"
2019-11-25,2019112501004645,RHPL,57,38,40,163.00,"6,520.00"
2019-11-25,2019112501004644,RHPL,57,47,50,163.00,"8,150.00"
2019-11-25,2019112501004634,RHPL,57,47,40,163.00,"6,520.00"
2019-11-25,2019112501004630,RHPL,37,38,40,163.00,"6,520.00"
2019-11-25,2019112501004619,RHPL,37,47,40,163.00,"6,520.00"
2019-11-25,2019112501004603,RHPL,37,38,50,163.00,"8,150.00"
2019-11-25,2019112501004188,RHPL,25,22,30,163.00,"4,890.00"
2019-11-25,2019112501004180,RHPL,25,38,40,163.00,"6,520.00"
2019-11-25,2019112501004171,RHPL,25,38,40,163.00,"6,520.00"
2019-11-25,2019112501004233,RHPL,28,38,50,162.00,"8,100.00"
2019-11-25,2019112501004230,RHPL,28,38,40,162.00,"6,480.00"
2019-11-25,2019112501004205,RHPL,28,47,30,162.00,"4,860.00"
2019-11-25,2019112501004204,RHPL,51,47,10,163.00,"1,630.00"
2019-11-25,2019112501004190,RHPL,51,47,10,163.00,"1,630.00"
2019-11-25,2019112501004189,RHPL,25,47,10,163.00,"1,630.00"
2019-11-25,2019112501004371,RHPL,28,38,40,162.00,"6,480.00"
2019-11-25,2019112501004338,RHPL,28,38,50,162.00,"8,100.00"
2019-11-25,2019112501004326,RHPL,28,38,40,162.00,"6,480.00"
2019-11-25,2019112501004301,RHPL,28,38,40,162.00,"6,480.00"
2019-11-25,2019112501004275,RHPL,28,38,40,162.00,"6,480.00"
2019-11-25,2019112501004256,RHPL,28,38,40,162.00,"6,480.00"
2019-11-25,2019112501004418,RHPL,37,38,40,163.00,"6,520.00"
2019-11-25,2019112501004417,RHPL,37,17,30,163.00,"4,890.00"
2019-11-25,2019112501004416,RHPL,37,34,40,163.00,"6,520.00"
2019-11-25,2019112501004415,RHPL,40,38,10,162.00,"1,620.00"
2019-11-25,2019112501004414,RHPL,28,38,30,162.00,"4,860.00"
2019-11-25,2019112501004394,RHPL,28,47,10,162.00,"1,620.00"
2019-11-25,2019112501004494,RHPL,37,47,50,163.00,"8,150.00"
2019-11-25,2019112501004475,RHPL,37,47,40,163.00,"6,520.00"
2019-11-25,2019112501004468,RHPL,37,47,40,163.00,"6,520.00"
2019-11-25,2019112501004459,RHPL,37,38,40,163.00,"6,520.00"
2019-11-25,2019112501004451,RHPL,37,38,40,163.00,"6,520.00"
2019-11-25,2019112501004419,RHPL,37,34,40,163.00,"6,520.00"
2019-11-25,2019112501004550,RHPL,37,47,40,163.00,"6,520.00"
2019-11-25,2019112501004547,RHPL,37,47,50,163.00,"8,150.00"
2019-11-25,2019112501004537,RHPL,37,47,40,163.00,"6,520.00"
2019-11-25,2019112501004530,RHPL,37,38,40,163.00,"6,520.00"
2019-11-25,2019112501004515,RHPL,37,38,40,163.00,"6,520.00"
2019-11-25,2019112501004501,RHPL,37,38,40,163.00,"6,520.00"
2019-11-25,2019112501004588,RHPL,37,38,40,163.00,"6,520.00"
2019-11-25,2019112501004584,RHPL,37,38,40,163.00,"6,520.00"
2019-11-25,2019112501004570,RHPL,37,47,40,163.00,"6,520.00"
2019-11-25,2019112501004566,RHPL,37,47,50,163.00,"8,150.00"
2019-11-25,2019112501004562,RHPL,37,38,50,163.00,"8,150.00"
2019-11-25,2019112501004561,RHPL,37,38,40,163.00,"6,520.00"
2019-11-25,2019112501004226,RRHP,6,38,10,98.00,980.00
2019-11-25,2019112501004201,RRHP,6,22,10,98.00,980.00
2019-11-25,2019112501004623,RSDC,42,41,30,278.00,"8,340.00"
2019-11-25,2019112501004613,RSDC,13,17,30,277.00,"8,310.00"
2019-11-25,2019112501004525,RSDC,47,17,34,277.00,"9,418.00"
2019-11-25,2019112501004524,RSDC,47,28,16,277.00,"4,432.00"
2019-11-25,2019112501004606,SABSL,7,38,10,466.00,"4,660.00"
2019-11-25,2019112501004552,SABSL,7,32,90,468.00,"42,120.00"
2019-11-25,2019112501004551,SABSL,7,38,10,465.00,"4,650.00"
2019-11-25,2019112501004282,SABSL,44,38,10,463.00,"4,630.00"
2019-11-25,2019112501004262,SABSL,44,38,10,463.00,"4,630.00"
2019-11-25,2019112501004173,SABSL,44,38,10,463.00,"4,630.00"
2019-11-25,2019112501004172,SABSL,44,46,10,463.00,"4,630.00"
2019-11-25,2019112501004461,SAEF,43,42,"30,000",8.35,"250,500.00"
2019-11-25,2019112501004452,SAEF,43,42,"20,000",8.35,"167,000.00"
2019-11-25,2019112501004214,SAEF,8,22,500,8.35,"4,175.00"
2019-11-25,2019112501004398,SBI,20,47,100,379.00,"37,900.00"
2019-11-25,2019112501004261,SBI,56,13,601,378.00,"227,178.00"
2019-11-25,2019112501004260,SBI,56,29,95,378.00,"35,910.00"
2019-11-25,2019112501004251,SBI,56,47,199,377.00,"75,023.00"
2019-11-25,2019112501004245,SBI,56,47,601,377.00,"226,577.00"
2019-11-25,2019112501004362,SBL,43,43,"1,000",277.00,"277,000.00"
2019-11-25,2019112501004352,SBL,34,18,14,280.00,"3,920.00"
2019-11-25,2019112501004351,SBL,34,45,36,280.00,"10,080.00"
2019-11-25,2019112501004283,SBL,43,43,"1,000",277.00,"277,000.00"
2019-11-25,2019112501004659,SCB,49,32,200,525.00,"105,000.00"
2019-11-25,2019112501004658,SCB,19,32,100,525.00,"52,500.00"
2019-11-25,2019112501004657,SCB,1,32,50,525.00,"26,250.00"
2019-11-25,2019112501004656,SCB,42,32,25,525.00,"13,125.00"
2019-11-25,2019112501004477,SCB,35,51,150,526.00,"78,900.00"
2019-11-25,2019112501004231,SEF,3,22,750,8.71,"6,532.50"
2019-11-25,2019112501004426,SHIVM,38,26,190,401.00,"76,190.00"
2019-11-25,2019112501004553,SHL,44,38,100,209.00,"20,900.00"
2019-11-25,2019112501004420,SHL,13,38,200,209.00,"41,800.00"
2019-11-25,2019112501004445,SHPC,3,47,58,176.00,"10,208.00"
2019-11-25,2019112501004444,SHPC,48,47,300,176.00,"52,800.00"
2019-11-25,2019112501004443,SHPC,11,47,200,176.00,"35,200.00"
2019-11-25,2019112501004440,SHPC,16,47,"2,000",178.00,"356,000.00"
2019-11-25,2019112501004439,SHPC,16,47,181,179.00,"32,399.00"
2019-11-25,2019112501004598,SICL,17,43,59,735.00,"43,365.00"
2019-11-25,2019112501004386,SICL,17,17,29,735.00,"21,315.00"
2019-11-25,2019112501004373,SIL,25,38,14,368.00,"5,152.00"
2019-11-25,2019112501004347,SIL,6,10,131,363.00,"47,553.00"
2019-11-25,2019112501004660,SJCL,44,47,20,153.00,"3,060.00"
2019-11-25,2019112501004647,SJCL,44,47,20,153.00,"3,060.00"
2019-11-25,2019112501004629,SJCL,44,47,20,153.00,"3,060.00"
2019-11-25,2019112501004614,SJCL,32,38,20,154.00,"3,080.00"
2019-11-25,2019112501004597,SJCL,32,38,20,154.00,"3,080.00"
2019-11-25,2019112501004586,SJCL,32,38,20,154.00,"3,080.00"
2019-11-25,2019112501004169,SJCL,32,26,10,154.00,"1,540.00"
2019-11-25,2019112501004219,SJCL,59,38,10,154.00,"1,540.00"
2019-11-25,2019112501004217,SJCL,59,47,20,154.00,"3,080.00"
2019-11-25,2019112501004187,SJCL,32,47,20,154.00,"3,080.00"
2019-11-25,2019112501004183,SJCL,32,38,20,154.00,"3,080.00"
2019-11-25,2019112501004177,SJCL,32,38,20,154.00,"3,080.00"
2019-11-25,2019112501004170,SJCL,32,47,20,154.00,"3,080.00"
2019-11-25,2019112501004285,SJCL,40,35,100,155.00,"15,500.00"
2019-11-25,2019112501004284,SJCL,4,38,20,154.00,"3,080.00"
2019-11-25,2019112501004269,SJCL,4,38,20,154.00,"3,080.00"
2019-11-25,2019112501004244,SJCL,4,22,10,154.00,"1,540.00"
2019-11-25,2019112501004243,SJCL,59,22,10,154.00,"1,540.00"
2019-11-25,2019112501004237,SJCL,59,38,20,154.00,"3,080.00"
2019-11-25,2019112501004364,SJCL,4,17,20,154.00,"3,080.00"
2019-11-25,2019112501004355,SJCL,4,38,10,154.00,"1,540.00"
2019-11-25,2019112501004341,SJCL,4,38,20,154.00,"3,080.00"
2019-11-25,2019112501004329,SJCL,4,38,20,154.00,"3,080.00"
2019-11-25,2019112501004327,SJCL,4,34,10,154.00,"1,540.00"
2019-11-25,2019112501004298,SJCL,4,38,20,154.00,"3,080.00"
2019-11-25,2019112501004453,SJCL,25,38,20,154.00,"3,080.00"
2019-11-25,2019112501004410,SJCL,25,38,20,154.00,"3,080.00"
2019-11-25,2019112501004399,SJCL,25,47,10,154.00,"1,540.00"
2019-11-25,2019112501004392,SJCL,4,47,10,154.00,"1,540.00"
2019-11-25,2019112501004375,SJCL,4,38,20,154.00,"3,080.00"
2019-11-25,2019112501004366,SJCL,4,34,20,154.00,"3,080.00"
2019-11-25,2019112501004498,SJCL,32,47,10,154.00,"1,540.00"
2019-11-25,2019112501004491,SJCL,32,47,20,154.00,"3,080.00"
2019-11-25,2019112501004479,SJCL,32,47,20,154.00,"3,080.00"
2019-11-25,2019112501004476,SJCL,32,35,340,155.00,"52,700.00"
2019-11-25,2019112501004467,SJCL,32,38,20,154.00,"3,080.00"
2019-11-25,2019112501004465,SJCL,44,47,20,153.00,"3,060.00"
2019-11-25,2019112501004541,SJCL,32,47,20,154.00,"3,080.00"
2019-11-25,2019112501004540,SJCL,32,38,20,154.00,"3,080.00"
2019-11-25,2019112501004538,SJCL,32,38,20,154.00,"3,080.00"
2019-11-25,2019112501004526,SJCL,32,14,10,154.00,"1,540.00"
2019-11-25,2019112501004502,SJCL,32,38,10,154.00,"1,540.00"
2019-11-25,2019112501004571,SJCL,32,47,10,154.00,"1,540.00"
2019-11-25,2019112501004568,SJCL,32,38,10,154.00,"1,540.00"
2019-11-25,2019112501004560,SJCL,32,47,20,154.00,"3,080.00"
2019-11-25,2019112501004558,SJCL,32,38,20,154.00,"3,080.00"
2019-11-25,2019112501004554,SJCL,32,47,20,154.00,"3,080.00"
2019-11-25,2019112501004546,SJCL,32,47,10,154.00,"1,540.00"
2019-11-25,2019112501004604,SKBBL,44,46,20,914.00,"18,280.00"
2019-11-25,2019112501004654,SLBBL,17,48,50,618.00,"30,900.00"
2019-11-25,2019112501004650,SLBBL,17,16,23,618.00,"14,214.00"
2019-11-25,2019112501004649,SLBBL,22,16,52,618.00,"32,136.00"
2019-11-25,2019112501004648,SLBBL,34,16,25,618.00,"15,450.00"
2019-11-25,2019112501004236,SLBBL,10,7,150,620.00,"93,000.00"
2019-11-25,2019112501004264,SLBBL,22,7,350,623.00,"218,050.00"
2019-11-25,2019112501004255,SLBBL,22,37,200,622.00,"124,400.00"
2019-11-25,2019112501004596,SLBBL,34,47,100,618.00,"61,800.00"
2019-11-25,2019112501004559,SLBBL,10,33,50,620.00,"31,000.00"
2019-11-25,2019112501004590,SLBSL,38,25,10,692.00,"6,920.00"
2019-11-25,2019112501004529,SLBSL,38,38,10,692.00,"6,920.00"
2019-11-25,2019112501004528,SLBSL,38,44,10,692.00,"6,920.00"
2019-11-25,2019112501004296,SLBSL,56,38,10,690.00,"6,900.00"
2019-11-25,2019112501004295,SLBSL,56,38,10,690.00,"6,900.00"
2019-11-25,2019112501004294,SLBSL,56,38,10,690.00,"6,900.00"
2019-11-25,2019112501004293,SLBSL,56,38,10,690.00,"6,900.00"
2019-11-25,2019112501004292,SLBSL,56,38,10,690.00,"6,900.00"
2019-11-25,2019112501004291,SLBSL,56,38,10,690.00,"6,900.00"
2019-11-25,2019112501004652,SLICL,42,25,30,245.00,"7,350.00"
2019-11-25,2019112501004583,SLICL,54,25,40,245.00,"9,800.00"
2019-11-25,2019112501004582,SLICL,45,25,30,245.00,"7,350.00"
2019-11-25,2019112501004581,SLICL,19,25,30,245.00,"7,350.00"
2019-11-25,2019112501004580,SLICL,35,25,20,245.00,"4,900.00"
2019-11-25,2019112501004579,SLICL,34,25,21,245.00,"5,145.00"
2019-11-25,2019112501004578,SLICL,29,25,47,245.00,"11,515.00"
2019-11-25,2019112501004638,SMATA,5,6,79,500.00,"39,500.00"
2019-11-25,2019112501004437,SMFBS,34,38,10,777.00,"7,770.00"
2019-11-25,2019112501004213,SMFBS,57,38,10,775.00,"7,750.00"
2019-11-25,2019112501004589,SPARS,34,38,10,508.00,"5,080.00"
2019-11-25,2019112501004543,SPARS,34,38,10,508.00,"5,080.00"
2019-11-25,2019112501004192,SPARS,39,38,10,507.00,"5,070.00"
2019-11-25,2019112501004179,SPARS,39,38,10,507.00,"5,070.00"
2019-11-25,2019112501004436,SPDL,42,22,15,83.00,"1,245.00"
2019-11-25,2019112501004435,SPDL,42,59,29,83.00,"2,407.00"
2019-11-25,2019112501004434,SPDL,42,36,15,83.00,"1,245.00"
2019-11-25,2019112501004433,SPDL,42,4,15,83.00,"1,245.00"
2019-11-25,2019112501004432,SPDL,42,51,15,83.00,"1,245.00"
2019-11-25,2019112501004431,SPDL,42,6,10,83.00,830.00
2019-11-25,2019112501004274,SRBL,22,43,273,209.00,"57,057.00"
2019-11-25,2019112501004639,TRH,57,21,20,265.00,"5,300.00"
2019-11-25,2019112501004253,UMHL,54,22,14,98.00,"1,372.00"
2019-11-25,2019112501004485,UNHPL,14,16,50,53.00,"2,650.00"
2019-11-25,2019112501004484,UNHPL,14,4,50,53.00,"2,650.00"
2019-11-25,2019112501004483,UNHPL,14,48,200,53.00,"10,600.00"
2019-11-25,2019112501004482,UNHPL,14,4,50,53.00,"2,650.00"
2019-11-25,2019112501004185,UPPER,56,38,50,225.00,"11,250.00"
2019-11-25,2019112501004246,UPPER,56,38,50,225.00,"11,250.00"
2019-11-25,2019112501004208,UPPER,56,38,50,225.00,"11,250.00"
2019-11-25,2019112501004196,UPPER,56,38,50,225.00,"11,250.00"
2019-11-25,2019112501004332,UPPER,39,38,50,224.00,"11,200.00"
2019-11-25,2019112501004273,UPPER,39,38,50,224.00,"11,200.00"
2019-11-25,2019112501004271,UPPER,25,22,13,228.00,"2,964.00"
2019-11-25,2019112501004270,UPPER,25,50,200,226.00,"45,200.00"
2019-11-25,2019112501004454,UPPER,25,49,90,226.00,"20,340.00"
2019-11-25,2019112501004438,UPPER,25,49,50,226.00,"11,300.00"
2019-11-25,2019112501004406,UPPER,39,38,50,224.00,"11,200.00"
2019-11-25,2019112501004363,UPPER,39,21,15,224.00,"3,360.00"
2019-11-25,2019112501004349,UPPER,39,38,50,224.00,"11,200.00"
2019-11-25,2019112501004339,UPPER,46,49,10,226.00,"2,260.00"
2019-11-25,2019112501004503,UPPER,13,38,50,225.00,"11,250.00"
2019-11-25,2019112501004457,UPPER,39,38,30,224.00,"6,720.00"
2019-11-25,2019112501004456,UPPER,25,38,10,226.00,"2,260.00"
2019-11-25,2019112501004455,UPPER,25,22,20,228.00,"4,560.00"
2019-11-25,2019112501004615,UPPER,13,38,50,225.00,"11,250.00"
2019-11-25,2019112501004605,UPPER,13,38,50,225.00,"11,250.00"
2019-11-25,2019112501004542,UPPER,13,38,50,225.00,"11,250.00"
2019-11-25,2019112501003994,ADBL,35,39,100,408.00,"40,800.00"
2019-11-25,2019112501003741,ADBL,22,17,56,407.00,"22,792.00"
2019-11-25,2019112501003727,ADBL,35,17,20,407.00,"8,140.00"
2019-11-25,2019112501004038,AKBSL,58,44,10,420.00,"4,200.00"
2019-11-25,2019112501003902,AKBSL,58,40,10,420.00,"4,200.00"
2019-11-25,2019112501003853,AKBSL,58,38,10,420.00,"4,200.00"
2019-11-25,2019112501003762,AKBSL,58,58,10,420.00,"4,200.00"
2019-11-25,2019112501003754,AKBSL,58,40,10,420.00,"4,200.00"
2019-11-25,2019112501004161,AKJCL,43,38,20,56.00,"1,120.00"
2019-11-25,2019112501004005,AKJCL,43,38,10,56.00,560.00
2019-11-25,2019112501003992,AKJCL,43,38,20,56.00,"1,120.00"
2019-11-25,2019112501003920,AKJCL,43,38,20,56.00,"1,120.00"
2019-11-25,2019112501003846,AKJCL,42,17,20,57.00,"1,140.00"
2019-11-25,2019112501003809,AKJCL,43,38,20,56.00,"1,120.00"
2019-11-25,2019112501003782,AKJCL,43,38,10,56.00,560.00
2019-11-25,2019112501004054,AKPL,45,22,13,109.00,"1,417.00"
2019-11-25,2019112501004148,ALBSL,58,37,10,391.00,"3,910.00"
2019-11-25,2019112501004147,ALBSL,58,59,10,391.00,"3,910.00"
2019-11-25,2019112501004146,ALBSL,58,39,10,390.00,"3,900.00"
2019-11-25,2019112501004062,ALBSL,33,22,10,386.00,"3,860.00"
2019-11-25,2019112501004040,ALBSL,46,38,10,385.00,"3,850.00"
2019-11-25,2019112501004003,ALBSL,40,38,10,386.00,"3,860.00"
2019-11-25,2019112501003877,ALBSL,46,38,10,385.00,"3,850.00"
2019-11-25,2019112501003705,ALBSL,46,38,10,385.00,"3,850.00"
2019-11-25,2019112501004070,API,32,22,18,101.00,"1,818.00"
2019-11-25,2019112501003775,API,32,40,18,101.00,"1,818.00"
2019-11-25,2019112501003774,API,38,40,200,101.00,"20,200.00"
2019-11-25,2019112501003773,API,38,40,500,101.00,"50,500.00"
2019-11-25,2019112501003772,API,53,40,"1,500",101.00,"151,500.00"
2019-11-25,2019112501003771,API,42,40,50,102.00,"5,100.00"
2019-11-25,2019112501004128,BARUN,49,22,10,91.00,910.00
2019-11-25,2019112501004127,BARUN,49,4,10,91.00,910.00
2019-11-25,2019112501004101,BOKL,49,34,200,215.00,"43,000.00"
2019-11-25,2019112501004089,BOKL,13,34,38,215.00,"8,170.00"
2019-11-25,2019112501004088,BOKL,13,52,480,215.00,"103,200.00"
2019-11-25,2019112501004048,BPCL,16,39,33,345.00,"11,385.00"
2019-11-25,2019112501004095,CBBL,43,35,80,972.00,"77,760.00"
2019-11-25,2019112501004094,CBBL,45,35,20,972.00,"19,440.00"
2019-11-25,2019112501004134,CBL,48,42,"1,200",135.00,"162,000.00"
2019-11-25,2019112501004117,CBL,49,42,300,135.00,"40,500.00"
2019-11-25,2019112501003882,CBL,33,35,"1,432",135.00,"193,320.00"
2019-11-25,2019112501003858,CBL,33,35,79,135.00,"10,665.00"
2019-11-25,2019112501003737,CBL,44,57,816,135.00,"110,160.00"
2019-11-25,2019112501003736,CBL,44,50,382,135.00,"51,570.00"
2019-11-25,2019112501003832,CBLPO,33,35,467,100.00,"46,700.00"
2019-11-25,2019112501003807,CBLPO,33,35,"8,416",100.00,"841,600.00"
2019-11-25,2019112501003924,CCBL,38,38,2,155.00,310.00
2019-11-25,2019112501003781,CCBL,8,40,136,158.00,"21,488.00"
2019-11-25,2019112501003757,CCBL,38,38,1,156.00,156.00
2019-11-25,2019112501003694,CCBL,35,8,10,159.00,"1,590.00"
2019-11-25,2019112501004096,CHCL,6,49,59,351.00,"20,709.00"
2019-11-25,2019112501004057,CIT,45,34,30,"1,705.00","51,150.00"
2019-11-25,2019112501003780,CIT,45,34,20,"1,705.00","34,100.00"
2019-11-25,2019112501003740,CIT,33,17,154,"1,700.00","261,800.00"
2019-11-25,2019112501003739,CIT,16,17,46,"1,700.00","78,200.00"
2019-11-25,2019112501004091,CLBSL,38,22,10,440.00,"4,400.00"
2019-11-25,2019112501004090,CLBSL,7,22,12,441.00,"5,292.00"
2019-11-25,2019112501003847,CLBSL,7,17,11,441.00,"4,851.00"
2019-11-25,2019112501004115,CMF1,43,22,500,8.68,"4,340.00"
2019-11-25,2019112501003927,CZBIL,17,39,10,181.00,"1,810.00"
2019-11-25,2019112501003835,CZBIL,35,35,20,184.00,"3,680.00"
2019-11-25,2019112501003672,CZBIL,6,45,10,183.00,"1,830.00"
2019-11-25,2019112501003671,CZBIL,6,45,70,183.00,"12,810.00"
2019-11-25,2019112501004007,DDBL,49,4,500,719.00,"359,500.00"
2019-11-25,2019112501003884,DDBL,49,4,426,718.00,"305,868.00"
2019-11-25,2019112501003883,DDBL,49,4,25,718.00,"17,950.00"
2019-11-25,2019112501003763,DDBL,43,4,49,718.00,"35,182.00"
2019-11-25,2019112501004098,DHPL,22,22,11,49.00,539.00
2019-11-25,2019112501004086,EBL,40,17,100,537.00,"53,700.00"
2019-11-25,2019112501003723,EBL,39,22,723,536.00,"387,528.00"
2019-11-25,2019112501003722,EBL,39,44,30,536.00,"16,080.00"
2019-11-25,2019112501003714,EBL,39,13,422,535.00,"225,770.00"
2019-11-25,2019112501003666,EBL,44,47,532,535.00,"284,620.00"
2019-11-25,2019112501003814,EDBL,52,44,327,273.00,"89,271.00"
2019-11-25,2019112501003761,EDBL,52,44,100,273.00,"27,300.00"
2019-11-25,2019112501003738,EDBL,52,44,500,273.00,"136,500.00"
2019-11-25,2019112501003670,EDBL,52,44,500,273.00,"136,500.00"
2019-11-25,2019112501004107,EIC,42,7,75,210.00,"15,750.00"
2019-11-25,2019112501003732,EIC,14,7,40,210.00,"8,400.00"
2019-11-25,2019112501003985,FOWAD,45,1,10,"1,309.00","13,090.00"
2019-11-25,2019112501004150,GBBL,38,21,200,220.00,"44,000.00"
2019-11-25,2019112501004149,GBBL,49,21,300,221.00,"66,300.00"
2019-11-25,2019112501003932,GBBL,53,14,100,222.00,"22,200.00"
2019-11-25,2019112501003848,GBBL,34,16,920,221.00,"203,320.00"
2019-11-25,2019112501003799,GBLBS,25,40,15,290.00,"4,350.00"
2019-11-25,2019112501003699,GBLBS,18,50,120,290.00,"34,800.00"
2019-11-25,2019112501003683,GBLBS,8,38,15,289.00,"4,335.00"
2019-11-25,2019112501004123,GGBSL,34,39,10,650.00,"6,500.00"
2019-11-25,2019112501004083,GGBSL,34,3,10,647.00,"6,470.00"
2019-11-25,2019112501004072,GGBSL,33,8,10,645.00,"6,450.00"
2019-11-25,2019112501004046,GGBSL,37,51,30,640.00,"19,200.00"
2019-11-25,2019112501004045,GGBSL,37,38,10,640.00,"6,400.00"
2019-11-25,2019112501004044,GGBSL,37,17,20,639.00,"12,780.00"
2019-11-25,2019112501003841,GGBSL,49,21,10,634.00,"6,340.00"
2019-11-25,2019112501003818,GGBSL,49,21,10,634.00,"6,340.00"
2019-11-25,2019112501003986,GGBSL,29,13,10,635.00,"6,350.00"
2019-11-25,2019112501003942,GGBSL,49,39,10,634.00,"6,340.00"
2019-11-25,2019112501003903,GGBSL,49,21,10,634.00,"6,340.00"
2019-11-25,2019112501003852,GGBSL,49,21,10,634.00,"6,340.00"
2019-11-25,2019112501003842,GGBSL,49,21,10,634.00,"6,340.00"
2019-11-25,2019112501004043,GGBSL,37,34,30,639.00,"19,170.00"
2019-11-25,2019112501004042,GGBSL,37,47,10,635.00,"6,350.00"
2019-11-25,2019112501003990,GGBSL,29,43,10,635.00,"6,350.00"
2019-11-25,2019112501003989,GGBSL,29,43,10,635.00,"6,350.00"
2019-11-25,2019112501003988,GGBSL,29,25,10,635.00,"6,350.00"
2019-11-25,2019112501003987,GGBSL,29,36,10,635.00,"6,350.00"
2019-11-25,2019112501003925,GLBSL,52,38,10,374.00,"3,740.00"
2019-11-25,2019112501003812,GLBSL,52,38,10,374.00,"3,740.00"
2019-11-25,2019112501003793,GLBSL,52,38,10,374.00,"3,740.00"
2019-11-25,2019112501003801,GMFBS,56,40,10,490.00,"4,900.00"
2019-11-25,2019112501003688,GMFBS,56,48,50,499.00,"24,950.00"
2019-11-25,2019112501003687,GMFBS,56,50,63,498.00,"31,374.00"
2019-11-25,2019112501003686,GMFBS,56,16,240,498.00,"119,520.00"
2019-11-25,2019112501003685,GMFBS,56,32,100,498.00,"49,800.00"
2019-11-25,2019112501003684,GMFBS,56,21,10,497.00,"4,970.00"
2019-11-25,2019112501004017,GMFIL,45,52,62,114.00,"7,068.00"
2019-11-25,2019112501003889,GRDBL,21,52,65,100.00,"6,500.00"
2019-11-25,2019112501003888,GRDBL,1,52,375,100.00,"37,500.00"
2019-11-25,2019112501003895,HDL,33,21,100,"1,750.00","175,000.00"
2019-11-25,2019112501003878,HDL,33,47,30,"1,745.00","52,350.00"
2019-11-25,2019112501003859,HDL,33,32,10,"1,738.00","17,380.00"
2019-11-25,2019112501003800,HDL,26,11,70,"1,735.00","121,450.00"
2019-11-25,2019112501004130,HIDCL,14,22,61,130.00,"7,930.00"
2019-11-25,2019112501004144,HPPL,44,22,10,133.00,"1,330.00"
2019-11-25,2019112501003690,HPPL,44,38,20,133.00,"2,660.00"
2019-11-25,2019112501004155,ILBS,32,22,10,465.00,"4,650.00"
2019-11-25,2019112501004097,ILBS,57,38,10,463.00,"4,630.00"
2019-11-25,2019112501003929,ILBS,57,38,10,463.00,"4,630.00"
2019-11-25,2019112501003742,JFL,32,17,128,189.00,"24,192.00"
2019-11-25,2019112501003725,JFL,45,17,30,189.00,"5,670.00"
2019-11-25,2019112501003709,JFL,58,58,190,190.00,"36,100.00"
2019-11-25,2019112501003954,KBL,22,1,700,179.00,"125,300.00"
2019-11-25,2019112501004061,KKHC,41,21,16,52.00,832.00
2019-11-25,2019112501004050,KKHC,41,21,16,52.00,832.00
2019-11-25,2019112501004100,KPCL,19,38,10,80.00,800.00
2019-11-25,2019112501003856,KPCL,19,38,10,80.00,800.00
2019-11-25,2019112501004121,KSBBL,43,49,13,133.00,"1,729.00"
2019-11-25,2019112501003976,KSBBL,21,56,75,134.00,"10,050.00"
2019-11-25,2019112501004143,LBBL,16,56,272,166.00,"45,152.00"
2019-11-25,2019112501004142,LBBL,57,56,300,166.00,"49,800.00"
2019-11-25,2019112501004141,LBBL,8,56,"1,000",166.00,"166,000.00"
2019-11-25,2019112501004140,LBBL,1,56,500,166.00,"83,000.00"
2019-11-25,2019112501004139,LBBL,56,56,50,166.00,"8,300.00"
2019-11-25,2019112501004138,LBBL,1,56,50,167.00,"8,350.00"
2019-11-25,2019112501004137,LBBL,14,56,300,167.00,"50,100.00"
2019-11-25,2019112501004136,LBBL,8,56,12,167.00,"2,004.00"
2019-11-25,2019112501004135,LBBL,48,56,366,168.00,"61,488.00"
2019-11-25,2019112501004092,LBBL,48,38,134,168.00,"22,512.00"
2019-11-25,2019112501003797,LBL,36,1,40,215.00,"8,600.00"
2019-11-25,2019112501003759,LBL,36,34,460,215.00,"98,900.00"
2019-11-25,2019112501003758,LBL,53,34,40,215.00,"8,600.00"
2019-11-25,2019112501003713,LBL,53,54,10,215.00,"2,150.00"
2019-11-25,2019112501003769,LGIL,49,29,285,307.00,"87,495.00"
2019-11-25,2019112501004051,LLBS,18,14,10,680.00,"6,800.00"
2019-11-25,2019112501004080,MBL,49,46,"1,000",217.00,"217,000.00"
2019-11-25,2019112501004079,MBL,49,25,100,217.00,"21,700.00"
2019-11-25,2019112501004078,MBL,49,45,28,217.00,"6,076.00"
2019-11-25,2019112501003975,MBL,50,51,500,216.00,"108,000.00"
2019-11-25,2019112501003974,MBL,50,47,300,216.00,"64,800.00"
2019-11-25,2019112501003973,MBL,50,34,70,216.00,"15,120.00"
2019-11-25,2019112501003972,MBL,50,38,"1,000",216.00,"216,000.00"
2019-11-25,2019112501003760,MEGA,32,50,"1,534",181.00,"277,654.00"
2019-11-25,2019112501003952,MEGA,58,40,56,180.00,"10,080.00"
2019-11-25,2019112501004059,MEGA,32,8,500,181.00,"90,500.00"
2019-11-25,2019112501003796,MERO,14,17,30,410.00,"12,300.00"
2019-11-25,2019112501003795,MERO,14,51,23,410.00,"9,430.00"
2019-11-25,2019112501003794,MERO,14,29,33,410.00,"13,530.00"
2019-11-25,2019112501003693,MLBL,56,21,100,172.00,"17,200.00"
2019-11-25,2019112501003692,MLBL,47,21,50,172.00,"8,600.00"
2019-11-25,2019112501004109,NABIL,4,8,200,731.00,"146,200.00"
2019-11-25,2019112501004029,NABIL,4,8,200,731.00,"146,200.00"
2019-11-25,2019112501003912,NABIL,11,6,450,730.00,"328,500.00"
2019-11-25,2019112501003911,NABIL,48,6,50,730.00,"36,500.00"
2019-11-25,2019112501003806,NADEP,53,38,10,381.00,"3,810.00"
2019-11-25,2019112501003805,NADEP,1,38,10,382.00,"3,820.00"
2019-11-25,2019112501003682,NADEP,1,19,10,385.00,"3,850.00"
2019-11-25,2019112501004041,NBB,45,14,30,200.00,"6,000.00"
2019-11-25,2019112501003978,NBB,32,14,77,199.00,"15,323.00"
2019-11-25,2019112501003977,NBB,36,14,423,199.00,"84,177.00"
2019-11-25,2019112501004068,NBL,10,17,"1,500",316.00,"474,000.00"
2019-11-25,2019112501004067,NBL,10,17,"1,500",316.00,"474,000.00"
2019-11-25,2019112501004066,NBL,10,52,"2,785",316.00,"880,060.00"
2019-11-25,2019112501003983,NBL,44,17,"1,250",315.00,"393,750.00"
2019-11-25,2019112501003982,NBL,11,17,50,315.00,"15,750.00"
2019-11-25,2019112501003981,NBL,34,17,200,315.00,"63,000.00"
2019-11-25,2019112501003679,NBL,10,17,"1,500",316.00,"474,000.00"
2019-11-25,2019112501003678,NBL,10,17,"1,500",316.00,"474,000.00"
2019-11-25,2019112501003677,NBL,10,44,500,316.00,"158,000.00"
2019-11-25,2019112501003676,NBL,10,16,"1,000",316.00,"316,000.00"
2019-11-25,2019112501003675,NBL,10,38,100,316.00,"31,600.00"
2019-11-25,2019112501003674,NBL,10,19,600,316.00,"189,600.00"
2019-11-25,2019112501003914,NBL,10,52,215,316.00,"67,940.00"
2019-11-25,2019112501003913,NBL,10,52,785,316.00,"248,060.00"
2019-11-25,2019112501003791,NBL,21,52,15,316.00,"4,740.00"
2019-11-25,2019112501003783,NBL,41,52,200,316.00,"63,200.00"
2019-11-25,2019112501003768,NBL,34,52,300,315.00,"94,500.00"
2019-11-25,2019112501003680,NBL,10,25,50,316.00,"15,800.00"
2019-11-25,2019112501004104,NCCB,49,22,44,198.00,"8,712.00"
2019-11-25,2019112501004103,NCCB,49,50,277,198.00,"54,846.00"
2019-11-25,2019112501004102,NCCB,16,50,40,198.00,"7,920.00"
2019-11-25,2019112501003916,NCCB,16,50,160,198.00,"31,680.00"
2019-11-25,2019112501003776,NCCB,19,50,100,198.00,"19,800.00"
2019-11-25,2019112501004163,NGPL,53,22,11,108.00,"1,188.00"
2019-11-25,2019112501004118,NGPL,45,17,321,109.00,"34,989.00"
2019-11-25,2019112501004022,NGPL,45,17,10,109.00,"1,090.00"
2019-11-25,2019112501003720,NGPL,53,57,500,108.00,"54,000.00"
2019-11-25,2019112501004120,NIB,36,26,23,418.00,"9,614.00"
2019-11-25,2019112501003689,NIB,35,16,20,417.00,"8,340.00"
2019-11-25,2019112501003681,NIBPO,36,22,80,386.00,"30,880.00"
2019-11-25,2019112501003756,NIBSF1,21,51,"2,313",8.39,"19,406.07"
2019-11-25,2019112501003708,NICA,14,28,480,403.00,"193,440.00"
2019-11-25,2019112501003707,NICA,35,28,20,403.00,"8,060.00"
2019-11-25,2019112501004124,NICL,10,4,400,245.00,"98,000.00"
2019-11-25,2019112501003937,NICL,37,34,100,246.00,"24,600.00"
2019-11-25,2019112501003936,NICL,37,22,300,245.00,"73,500.00"
2019-11-25,2019112501003935,NICL,37,37,100,245.00,"24,500.00"
2019-11-25,2019112501003923,NIL,45,46,190,376.00,"71,440.00"
2019-11-25,2019112501004119,NLBBL,37,21,282,500.00,"141,000.00"
2019-11-25,2019112501004025,NLBBL,37,6,18,497.00,"8,946.00"
2019-11-25,2019112501004087,NLG,13,50,100,489.00,"48,900.00"
2019-11-25,2019112501003808,NLG,38,39,151,490.00,"73,990.00"
2019-11-25,2019112501004009,NLIC,55,16,50,788.00,"39,400.00"
2019-11-25,2019112501003969,NLIC,6,40,22,785.00,"17,270.00"
2019-11-25,2019112501003906,NLIC,6,39,22,785.00,"17,270.00"
2019-11-25,2019112501003731,NLIC,6,48,86,785.00,"67,510.00"
2019-11-25,2019112501003730,NLIC,6,41,22,785.00,"17,270.00"
2019-11-25,2019112501003729,NLIC,6,41,22,785.00,"17,270.00"
2019-11-25,2019112501003728,NLIC,6,8,70,784.00,"54,880.00"
2019-11-25,2019112501003726,NLIC,38,8,30,784.00,"23,520.00"
2019-11-25,2019112501004159,NMB,55,39,50,380.00,"19,000.00"
2019-11-25,2019112501004112,NMB,29,33,10,379.00,"3,790.00"
2019-11-25,2019112501004036,NMB,44,39,200,380.00,"76,000.00"
2019-11-25,2019112501004028,NMB,33,39,294,380.00,"111,720.00"
2019-11-25,2019112501004027,NMB,33,1,506,380.00,"192,280.00"
2019-11-25,2019112501003921,NMB,29,22,33,379.00,"12,507.00"
2019-11-25,2019112501003669,NMB,29,42,88,379.00,"33,352.00"
2019-11-25,2019112501003668,NMB,45,42,175,379.00,"66,325.00"
2019-11-25,2019112501003667,NMB,25,42,50,379.00,"18,950.00"
2019-11-25,2019112501003860,NMB,22,39,68,380.00,"25,840.00"
2019-11-25,2019112501003779,NMB,59,39,77,380.00,"29,260.00"
2019-11-25,2019112501003778,NMB,59,45,400,380.00,"152,000.00"
2019-11-25,2019112501003777,NMB,59,19,523,380.00,"198,740.00"
2019-11-25,2019112501003743,NMB,34,19,30,380.00,"11,400.00"
2019-11-25,2019112501003734,NMB,35,19,20,380.00,"7,600.00"
2019-11-25,2019112501003704,NMBMF,6,39,50,490.00,"24,500.00"
2019-11-25,2019112501003703,NMBMF,6,57,50,489.00,"24,450.00"
2019-11-25,2019112501003701,NMFBS,10,14,22,"1,758.00","38,676.00"
2019-11-25,2019112501003857,NNLB,58,17,42,456.00,"19,152.00"
2019-11-25,2019112501003997,NTC,8,35,10,624.00,"6,240.00"
2019-11-25,2019112501003955,NTC,51,19,50,620.00,"31,000.00"
2019-11-25,2019112501004008,NUBL,44,47,"1,000",877.00,"877,000.00"
2019-11-25,2019112501003790,NUBL,57,47,47,876.00,"41,172.00"
2019-11-25,2019112501003789,NUBL,16,47,200,877.00,"175,400.00"
2019-11-25,2019112501003788,NUBL,34,47,100,877.00,"87,700.00"
2019-11-25,2019112501003787,NUBL,4,47,50,877.00,"43,850.00"
2019-11-25,2019112501003786,NUBL,29,47,50,880.00,"44,000.00"
2019-11-25,2019112501003785,NUBL,35,47,40,883.00,"35,320.00"
2019-11-25,2019112501003784,NUBL,58,47,150,884.00,"132,600.00"
2019-11-25,2019112501004105,PCBL,45,54,50,272.00,"13,600.00"
2019-11-25,2019112501003803,PCBL,10,50,100,272.00,"27,200.00"
2019-11-25,2019112501003802,PCBL,10,57,715,272.00,"194,480.00"
2019-11-25,2019112501004018,PFL,1,40,13,133.00,"1,729.00"
2019-11-25,2019112501004053,PIC,22,38,11,341.00,"3,751.00"
2019-11-25,2019112501004004,PIC,22,40,11,341.00,"3,751.00"
2019-11-25,2019112501003970,PIC,22,38,11,341.00,"3,751.00"
2019-11-25,2019112501003744,PIC,14,6,100,346.00,"34,600.00"
2019-11-25,2019112501004132,PMHPL,32,38,10,76.00,760.00
2019-11-25,2019112501004108,PMHPL,54,38,10,76.00,760.00
2019-11-25,2019112501004099,PMHPL,54,38,10,76.00,760.00
2019-11-25,2019112501004056,PMHPL,54,38,10,76.00,760.00
2019-11-25,2019112501003957,PMHPL,54,38,10,76.00,760.00
2019-11-25,2019112501003956,PMHPL,54,38,10,76.00,760.00
2019-11-25,2019112501003928,PMHPL,54,38,10,76.00,760.00
2019-11-25,2019112501003908,PMHPL,54,38,10,77.00,770.00
2019-11-25,2019112501003890,PMHPL,54,38,10,77.00,770.00
2019-11-25,2019112501003844,PMHPL,54,38,10,77.00,770.00
2019-11-25,2019112501003691,PMHPL,54,38,10,78.00,780.00
2019-11-25,2019112501004026,PRIN,49,44,765,300.00,"229,500.00"
2019-11-25,2019112501004035,PRVU,46,28,395,223.00,"88,085.00"
2019-11-25,2019112501004034,PRVU,46,38,400,223.00,"89,200.00"
2019-11-25,2019112501004033,PRVU,46,26,205,223.00,"45,715.00"
2019-11-25,2019112501003887,PRVU,32,26,165,223.00,"36,795.00"
2019-11-25,2019112501003886,PRVU,32,40,200,223.00,"44,600.00"
2019-11-25,2019112501003885,PRVU,32,47,135,223.00,"30,105.00"
2019-11-25,2019112501003826,PRVU,22,50,178,222.00,"39,516.00"
2019-11-25,2019112501003825,PRVU,25,50,100,222.00,"22,200.00"
2019-11-25,2019112501003824,PRVU,28,50,200,222.00,"44,400.00"
2019-11-25,2019112501003823,PRVU,45,50,100,222.00,"22,200.00"
2019-11-25,2019112501003822,PRVU,16,50,26,222.00,"5,772.00"
2019-11-25,2019112501003879,RBCL,18,16,40,"8,000.00","320,000.00"
2019-11-25,2019112501003831,RBCL,25,28,20,"7,999.00","159,980.00"
2019-11-25,2019112501003810,RBCL,49,34,10,"7,870.00","78,700.00"
2019-11-25,2019112501003798,RBCL,49,34,10,"7,870.00","78,700.00"
2019-11-25,2019112501003767,RBCL,6,34,10,"7,870.00","78,700.00"
2019-11-25,2019112501003766,RBCL,11,34,10,"7,875.00","78,750.00"
2019-11-25,2019112501003944,RHPC,21,42,16,70.00,"1,120.00"
2019-11-25,2019112501004165,RHPL,25,47,40,163.00,"6,520.00"
2019-11-25,2019112501004164,RHPL,25,26,10,163.00,"1,630.00"
2019-11-25,2019112501004157,RHPL,25,47,40,163.00,"6,520.00"
2019-11-25,2019112501004156,RHPL,25,38,40,163.00,"6,520.00"
2019-11-25,2019112501004151,RHPL,25,38,50,163.00,"8,150.00"
2019-11-25,2019112501004133,RHPL,25,47,40,163.00,"6,520.00"
2019-11-25,2019112501003695,RHPL,58,38,50,163.00,"8,150.00"
2019-11-25,2019112501003839,RHPL,58,38,50,163.00,"8,150.00"
2019-11-25,2019112501003821,RHPL,58,47,40,163.00,"6,520.00"
2019-11-25,2019112501003816,RHPL,58,38,40,163.00,"6,520.00"
2019-11-25,2019112501003811,RHPL,58,38,50,163.00,"8,150.00"
2019-11-25,2019112501003804,RHPL,58,47,40,163.00,"6,520.00"
2019-11-25,2019112501003710,RHPL,58,38,40,163.00,"6,520.00"
2019-11-25,2019112501003896,RHPL,58,38,40,163.00,"6,520.00"
2019-11-25,2019112501003875,RHPL,58,17,30,163.00,"4,890.00"
2019-11-25,2019112501003861,RHPL,58,38,40,163.00,"6,520.00"
2019-11-25,2019112501003855,RHPL,58,50,40,163.00,"6,520.00"
2019-11-25,2019112501003845,RHPL,58,47,40,163.00,"6,520.00"
2019-11-25,2019112501003843,RHPL,58,38,40,163.00,"6,520.00"
2019-11-25,2019112501003939,RHPL,42,48,20,163.00,"3,260.00"
2019-11-25,2019112501003938,RHPL,58,48,70,163.00,"11,410.00"
2019-11-25,2019112501003931,RHPL,58,38,40,163.00,"6,520.00"
2019-11-25,2019112501003930,RHPL,58,38,40,163.00,"6,520.00"
2019-11-25,2019112501003909,RHPL,58,40,40,163.00,"6,520.00"
2019-11-25,2019112501003905,RHPL,58,38,40,163.00,"6,520.00"
2019-11-25,2019112501003971,RHPL,33,47,50,162.00,"8,100.00"
2019-11-25,2019112501003968,RHPL,33,38,10,162.00,"1,620.00"
2019-11-25,2019112501003967,RHPL,34,38,30,162.00,"4,860.00"
2019-11-25,2019112501003953,RHPL,34,38,40,162.00,"6,480.00"
2019-11-25,2019112501003948,RHPL,34,47,40,162.00,"6,480.00"
2019-11-25,2019112501003946,RHPL,34,47,40,162.00,"6,480.00"
2019-11-25,2019112501004002,RHPL,29,48,10,163.00,"1,630.00"
2019-11-25,2019112501003999,RHPL,46,47,20,162.00,"3,240.00"
2019-11-25,2019112501003998,RHPL,33,47,30,162.00,"4,860.00"
2019-11-25,2019112501003996,RHPL,33,38,40,162.00,"6,480.00"
2019-11-25,2019112501003995,RHPL,33,17,30,162.00,"4,860.00"
2019-11-25,2019112501003979,RHPL,33,47,40,162.00,"6,480.00"
2019-11-25,2019112501004039,RHPL,46,47,50,162.00,"8,100.00"
2019-11-25,2019112501004021,RHPL,46,47,40,162.00,"6,480.00"
2019-11-25,2019112501004020,RHPL,46,40,10,162.00,"1,620.00"
2019-11-25,2019112501004019,RHPL,46,38,40,162.00,"6,480.00"
2019-11-25,2019112501004014,RHPL,46,38,40,162.00,"6,480.00"
2019-11-25,2019112501004013,RHPL,29,29,30,163.00,"4,890.00"
2019-11-25,2019112501004073,RHPL,28,47,40,162.00,"6,480.00"
2019-11-25,2019112501004071,RHPL,28,17,30,162.00,"4,860.00"
2019-11-25,2019112501004065,RHPL,28,47,20,162.00,"3,240.00"
2019-11-25,2019112501004064,RHPL,46,47,20,162.00,"3,240.00"
2019-11-25,2019112501004063,RHPL,46,38,40,162.00,"6,480.00"
2019-11-25,2019112501004049,RHPL,46,47,40,162.00,"6,480.00"
2019-11-25,2019112501004129,RHPL,25,38,40,163.00,"6,520.00"
2019-11-25,2019112501004125,RHPL,25,47,40,163.00,"6,520.00"
2019-11-25,2019112501004114,RHPL,25,38,40,163.00,"6,520.00"
2019-11-25,2019112501004106,RHPL,25,38,40,163.00,"6,520.00"
2019-11-25,2019112501004082,RHPL,59,39,990,164.00,"162,360.00"
2019-11-25,2019112501004081,RHPL,59,29,10,163.00,"1,630.00"
2019-11-25,2019112501003881,RMDC,10,17,50,575.00,"28,750.00"
2019-11-25,2019112501003753,RMDC,29,47,170,574.00,"97,580.00"
2019-11-25,2019112501003752,RMDC,6,47,100,575.00,"57,500.00"
2019-11-25,2019112501003751,RMDC,57,47,300,575.00,"172,500.00"
2019-11-25,2019112501003750,RMDC,55,47,100,576.00,"57,600.00"
2019-11-25,2019112501003749,RMDC,1,47,100,576.00,"57,600.00"
2019-11-25,2019112501003716,RMDC,53,47,80,581.00,"46,480.00"
2019-11-25,2019112501003711,RMDC,53,17,50,581.00,"29,050.00"
2019-11-25,2019112501003748,RMDC,37,47,483,577.00,"278,691.00"
2019-11-25,2019112501003747,RMDC,33,47,"1,000",580.00,"580,000.00"
2019-11-25,2019112501003746,RMDC,11,47,38,580.00,"22,040.00"
2019-11-25,2019112501003745,RMDC,53,47,122,581.00,"70,882.00"
2019-11-25,2019112501003733,RMDC,53,47,80,581.00,"46,480.00"
2019-11-25,2019112501003724,RMDC,53,47,68,581.00,"39,508.00"
2019-11-25,2019112501003874,RRHP,6,38,10,98.00,980.00
2019-11-25,2019112501004031,RSDC,52,40,37,275.00,"10,175.00"
2019-11-25,2019112501004030,RSDC,44,40,26,275.00,"7,150.00"
2019-11-25,2019112501003893,RSDC,44,17,20,275.00,"5,500.00"
2019-11-25,2019112501004153,SABSL,44,38,10,463.00,"4,630.00"
2019-11-25,2019112501003907,SABSL,44,17,10,463.00,"4,630.00"
2019-11-25,2019112501003697,SABSL,44,38,10,463.00,"4,630.00"
2019-11-25,2019112501003919,SANIMA,25,25,100,302.00,"30,200.00"
2019-11-25,2019112501003918,SANIMA,25,38,240,302.00,"72,480.00"
2019-11-25,2019112501003910,SANIMA,1,38,400,302.00,"120,800.00"
2019-11-25,2019112501003834,SANIMA,59,38,360,302.00,"108,720.00"
2019-11-25,2019112501003833,SANIMA,59,37,140,302.00,"42,280.00"
2019-11-25,2019112501003717,SANIMA,35,37,20,302.00,"6,040.00"
2019-11-25,2019112501003917,SAPDBL,44,17,123,118.00,"14,514.00"
2019-11-25,2019112501003721,SAPDBL,44,17,123,118.00,"14,514.00"
2019-11-25,2019112501003871,SBI,8,8,500,372.00,"186,000.00"
2019-11-25,2019112501003870,SBI,8,8,250,374.00,"93,500.00"
2019-11-25,2019112501003869,SBI,5,8,200,374.00,"74,800.00"
2019-11-25,2019112501003868,SBI,32,8,46,375.00,"17,250.00"
2019-11-25,2019112501003867,SBI,42,8,100,375.00,"37,500.00"
2019-11-25,2019112501003866,SBI,45,8,20,375.00,"7,500.00"
2019-11-25,2019112501003865,SBI,3,8,50,375.00,"18,750.00"
2019-11-25,2019112501003864,SBI,45,8,30,375.00,"11,250.00"
2019-11-25,2019112501003863,SBI,28,8,50,375.00,"18,750.00"
2019-11-25,2019112501003719,SBI,47,13,100,376.00,"37,600.00"
2019-11-25,2019112501003718,SBI,22,13,200,376.00,"75,200.00"
2019-11-25,2019112501003698,SBI,28,13,100,377.00,"37,700.00"
2019-11-25,2019112501004047,SCB,28,40,20,524.00,"10,480.00"
2019-11-25,2019112501004037,SCB,40,45,100,526.00,"52,600.00"
2019-11-25,2019112501003934,SCB,11,32,410,525.00,"215,250.00"
2019-11-25,2019112501003901,SCB,11,50,90,525.00,"47,250.00"
2019-11-25,2019112501003900,SCB,17,50,200,525.00,"105,000.00"
2019-11-25,2019112501003899,SCB,22,50,100,525.00,"52,500.00"
2019-11-25,2019112501003898,SCB,35,50,10,525.00,"5,250.00"
2019-11-25,2019112501003840,SCB,45,47,70,526.00,"36,820.00"
2019-11-25,2019112501004162,SHIVM,36,26,300,401.00,"120,300.00"
2019-11-25,2019112501003891,SHIVM,19,4,500,400.00,"200,000.00"
2019-11-25,2019112501003706,SHIVM,39,28,180,399.00,"71,820.00"
2019-11-25,2019112501003837,SHL,57,48,250,209.00,"52,250.00"
2019-11-25,2019112501004158,SHPC,56,6,200,181.00,"36,200.00"
2019-11-25,2019112501003951,SHPC,16,34,19,179.00,"3,401.00"
2019-11-25,2019112501003673,SHPC,41,28,100,177.00,"17,700.00"
2019-11-25,2019112501003764,SICL,47,17,40,732.00,"29,280.00"
2019-11-25,2019112501004160,SJCL,32,38,20,154.00,"3,080.00"
2019-11-25,2019112501004154,SJCL,32,47,20,154.00,"3,080.00"
2019-11-25,2019112501004152,SJCL,32,38,20,154.00,"3,080.00"
2019-11-25,2019112501004145,SJCL,32,47,20,154.00,"3,080.00"
2019-11-25,2019112501004126,SJCL,32,38,10,154.00,"1,540.00"
2019-11-25,2019112501004116,SJCL,32,38,20,154.00,"3,080.00"
2019-11-25,2019112501003770,SJCL,44,17,20,153.00,"3,060.00"
2019-11-25,2019112501003712,SJCL,44,38,20,153.00,"3,060.00"
2019-11-25,2019112501003702,SJCL,44,47,20,153.00,"3,060.00"
2019-11-25,2019112501003700,SJCL,44,38,20,153.00,"3,060.00"
2019-11-25,2019112501003849,SJCL,55,37,10,154.00,"1,540.00"
2019-11-25,2019112501003838,SJCL,44,47,20,153.00,"3,060.00"
2019-11-25,2019112501003836,SJCL,44,38,20,153.00,"3,060.00"
2019-11-25,2019112501003820,SJCL,44,38,20,153.00,"3,060.00"
2019-11-25,2019112501003817,SJCL,44,47,20,153.00,"3,060.00"
2019-11-25,2019112501003813,SJCL,44,38,20,153.00,"3,060.00"
2019-11-25,2019112501003904,SJCL,44,38,20,153.00,"3,060.00"
2019-11-25,2019112501003897,SJCL,44,38,20,153.00,"3,060.00"
2019-11-25,2019112501003876,SJCL,44,38,20,153.00,"3,060.00"
2019-11-25,2019112501003854,SJCL,44,38,20,153.00,"3,060.00"
2019-11-25,2019112501003851,SJCL,55,37,20,154.00,"3,080.00"
2019-11-25,2019112501003850,SJCL,55,37,20,154.00,"3,080.00"
2019-11-25,2019112501003949,SJCL,32,47,20,154.00,"3,080.00"
2019-11-25,2019112501003943,SJCL,32,47,20,154.00,"3,080.00"
2019-11-25,2019112501003941,SJCL,32,38,20,154.00,"3,080.00"
2019-11-25,2019112501003933,SJCL,32,38,20,154.00,"3,080.00"
2019-11-25,2019112501003922,SJCL,32,17,20,154.00,"3,080.00"
2019-11-25,2019112501003915,SJCL,32,40,20,154.00,"3,080.00"
2019-11-25,2019112501003993,SJCL,32,47,20,154.00,"3,080.00"
2019-11-25,2019112501003984,SJCL,32,47,20,154.00,"3,080.00"
2019-11-25,2019112501003980,SJCL,32,38,20,154.00,"3,080.00"
2019-11-25,2019112501003966,SJCL,32,47,20,154.00,"3,080.00"
2019-11-25,2019112501003950,SJCL,32,38,20,154.00,"3,080.00"
2019-11-25,2019112501004012,SJCL,4,21,130,155.00,"20,150.00"
2019-11-25,2019112501004011,SJCL,4,41,20,155.00,"3,100.00"
2019-11-25,2019112501004010,SJCL,4,55,20,155.00,"3,100.00"
2019-11-25,2019112501004006,SJCL,32,38,20,154.00,"3,080.00"
2019-11-25,2019112501004001,SJCL,32,38,20,154.00,"3,080.00"
2019-11-25,2019112501004000,SJCL,32,17,20,154.00,"3,080.00"
2019-11-25,2019112501004058,SJCL,4,47,20,155.00,"3,100.00"
2019-11-25,2019112501004055,SJCL,4,40,10,155.00,"1,550.00"
2019-11-25,2019112501004052,SJCL,4,47,20,155.00,"3,100.00"
2019-11-25,2019112501004032,SJCL,4,47,20,155.00,"3,100.00"
2019-11-25,2019112501004024,SJCL,4,38,20,155.00,"3,100.00"
2019-11-25,2019112501004023,SJCL,4,47,20,155.00,"3,100.00"
2019-11-25,2019112501004113,SJCL,32,38,20,154.00,"3,080.00"
2019-11-25,2019112501004077,SJCL,4,35,60,155.00,"9,300.00"
2019-11-25,2019112501004075,SJCL,4,47,20,155.00,"3,100.00"
2019-11-25,2019112501004069,SJCL,4,38,20,155.00,"3,100.00"
2019-11-25,2019112501004060,SJCL,4,17,20,155.00,"3,100.00"
2019-11-25,2019112501004111,SLBBL,34,54,464,620.00,"287,680.00"
2019-11-25,2019112501004110,SLBBL,20,54,186,620.00,"115,320.00"
2019-11-25,2019112501004093,SLBBL,36,58,50,624.00,"31,200.00"
2019-11-25,2019112501004085,SLBBL,17,49,60,621.00,"37,260.00"
2019-11-25,2019112501003872,SLBBL,34,52,25,619.00,"15,475.00"
2019-11-25,2019112501003873,SLBBL,34,45,50,619.00,"30,950.00"
2019-11-25,2019112501004084,SLBBL,17,16,100,621.00,"62,100.00"
2019-11-25,2019112501004016,SLBBL,20,58,464,620.00,"287,680.00"
2019-11-25,2019112501004015,SLBBL,20,58,350,619.00,"216,650.00"
2019-11-25,2019112501003926,SLBSL,55,55,80,682.00,"54,560.00"
2019-11-25,2019112501003894,SLBSL,19,45,30,688.00,"20,640.00"
2019-11-25,2019112501003815,SMFBS,57,38,10,775.00,"7,750.00"
2019-11-25,2019112501004074,SPARS,38,38,10,506.00,"5,060.00"
2019-11-25,2019112501003945,SPARS,38,38,10,506.00,"5,060.00"
2019-11-25,2019112501003765,SRBL,34,43,100,209.00,"20,900.00"
2019-11-25,2019112501003715,STC,40,22,30,"1,323.00","39,690.00"
2019-11-25,2019112501003696,STC,44,22,20,"1,323.00","26,460.00"
2019-11-25,2019112501004131,UIC,51,32,100,225.00,"22,500.00"
2019-11-25,2019112501004122,UPPER,39,38,50,224.00,"11,200.00"
2019-11-25,2019112501003827,UPPER,39,38,40,223.00,"8,920.00"
2019-11-25,2019112501003819,UPPER,22,38,10,224.00,"2,240.00"
2019-11-25,2019112501003792,UPPER,22,38,50,223.00,"11,150.00"
2019-11-25,2019112501003755,UPPER,37,38,40,222.00,"8,880.00"
2019-11-25,2019112501003735,UPPER,34,38,10,223.00,"2,230.00"
2019-11-25,2019112501003862,UPPER,39,38,50,224.00,"11,200.00"
2019-11-25,2019112501003830,UPPER,39,7,50,224.00,"11,200.00"
2019-11-25,2019112501003829,UPPER,39,7,223,224.00,"49,952.00"
2019-11-25,2019112501003828,UPPER,39,41,25,224.00,"5,600.00"
2019-11-25,2019112501003958,UPPER,22,59,491,225.00,"110,475.00"
2019-11-25,2019112501003947,UPPER,39,38,50,224.00,"11,200.00"
2019-11-25,2019112501003940,UPPER,39,38,50,224.00,"11,200.00"
2019-11-25,2019112501003892,UPPER,39,38,50,224.00,"11,200.00"
2019-11-25,2019112501003880,UPPER,39,38,50,224.00,"11,200.00"
2019-11-25,2019112501003964,UPPER,22,39,70,226.00,"15,820.00"
2019-11-25,2019112501003963,UPPER,22,25,52,226.00,"11,752.00"
2019-11-25,2019112501003962,UPPER,22,57,40,226.00,"9,040.00"
2019-11-25,2019112501003961,UPPER,22,7,50,225.00,"11,250.00"
2019-11-25,2019112501003960,UPPER,22,45,50,225.00,"11,250.00"
2019-11-25,2019112501003959,UPPER,22,45,50,225.00,"11,250.00"
2019-11-25,2019112501004076,UPPER,39,40,50,224.00,"11,200.00"
2019-11-25,2019112501003991,UPPER,39,38,50,224.00,"11,200.00"
2019-11-25,2019112501003965,UPPER,22,22,"1,137",226.00,"256,962.00"
2019-11-25,2019112501003417,ADBL,25,28,56,405.00,"22,680.00"
2019-11-25,2019112501003379,ADBL,25,48,42,405.00,"17,010.00"
2019-11-25,2019112501003569,AHPC,28,4,10,95.00,950.00
2019-11-25,2019112501003618,AKBSL,58,45,10,420.00,"4,200.00"
2019-11-25,2019112501003606,AKBSL,43,37,10,421.00,"4,210.00"
2019-11-25,2019112501003580,AKBSL,58,8,10,420.00,"4,200.00"
2019-11-25,2019112501003579,AKBSL,58,8,10,420.00,"4,200.00"
2019-11-25,2019112501003578,AKBSL,58,52,50,420.00,"21,000.00"
2019-11-25,2019112501003577,AKBSL,34,40,10,417.00,"4,170.00"
2019-11-25,2019112501003186,AKBSL,43,39,10,416.00,"4,160.00"
2019-11-25,2019112501003179,AKBSL,43,39,10,416.00,"4,160.00"
2019-11-25,2019112501003570,AKBSL,34,45,10,417.00,"4,170.00"
2019-11-25,2019112501003537,AKBSL,34,59,10,417.00,"4,170.00"
2019-11-25,2019112501003536,AKBSL,43,59,10,417.00,"4,170.00"
2019-11-25,2019112501003364,AKBSL,43,53,10,417.00,"4,170.00"
2019-11-25,2019112501003232,AKBSL,58,38,10,416.00,"4,160.00"
2019-11-25,2019112501003206,AKBSL,43,38,10,416.00,"4,160.00"
2019-11-25,2019112501003523,AKJCL,43,38,10,56.00,560.00
2019-11-25,2019112501003259,AKJCL,43,6,20,56.00,"1,120.00"
2019-11-25,2019112501003201,AKJCL,43,6,20,56.00,"1,120.00"
2019-11-25,2019112501003235,ALBSL,58,38,10,384.00,"3,840.00"
2019-11-25,2019112501003642,API,46,17,544,102.00,"55,488.00"
2019-11-25,2019112501003609,API,54,17,100,102.00,"10,200.00"
2019-11-25,2019112501003480,API,22,17,200,102.00,"20,400.00"
2019-11-25,2019112501003553,BFC,8,59,100,87.00,"8,700.00"
2019-11-25,2019112501003552,BFC,35,59,200,87.00,"17,400.00"
2019-11-25,2019112501003665,BOKL,35,52,20,215.00,"4,300.00"
2019-11-25,2019112501003659,BOKL,37,36,100,214.00,"21,400.00"
2019-11-25,2019112501003658,BOKL,37,14,"1,163",214.00,"248,882.00"
2019-11-25,2019112501003657,BOKL,37,59,20,214.00,"4,280.00"
2019-11-25,2019112501003656,BOKL,37,40,300,214.00,"64,200.00"
2019-11-25,2019112501003441,BOKL,44,50,250,213.00,"53,250.00"
2019-11-25,2019112501003223,BOKL,18,18,700,213.00,"149,100.00"
2019-11-25,2019112501003221,BOKL,18,18,"1,150",213.00,"244,950.00"
2019-11-25,2019112501003197,BOKL,44,16,"1,200",213.00,"255,600.00"
2019-11-25,2019112501003196,BOKL,44,49,258,213.00,"54,954.00"
2019-11-25,2019112501003195,BOKL,44,26,88,213.00,"18,744.00"
2019-11-25,2019112501003616,BPCL,57,49,12,342.00,"4,104.00"
2019-11-25,2019112501003615,BPCL,7,49,38,342.00,"12,996.00"
2019-11-25,2019112501003295,BPCL,7,51,11,342.00,"3,762.00"
2019-11-25,2019112501003265,BPCL,7,6,11,342.00,"3,762.00"
2019-11-25,2019112501003210,BPCL,7,6,11,342.00,"3,762.00"
2019-11-25,2019112501003632,CBBL,58,35,40,971.00,"38,840.00"
2019-11-25,2019112501003341,CBBL,58,17,128,971.00,"124,288.00"
2019-11-25,2019112501003340,CBBL,36,17,100,972.00,"97,200.00"
2019-11-25,2019112501003300,CBBL,58,44,100,973.00,"97,300.00"
2019-11-25,2019112501003299,CBBL,58,35,100,972.00,"97,200.00"
2019-11-25,2019112501003630,CBL,53,50,250,135.00,"33,750.00"
2019-11-25,2019112501003629,CBL,53,37,251,135.00,"33,885.00"
2019-11-25,2019112501003628,CBL,53,36,"1,499",135.00,"202,365.00"
2019-11-25,2019112501003367,CBL,1,36,400,135.00,"54,000.00"
2019-11-25,2019112501003263,CBL,32,36,"2,000",135.00,"270,000.00"
2019-11-25,2019112501003538,CHCL,28,50,170,352.00,"59,840.00"
2019-11-25,2019112501003449,CHCL,28,39,30,352.00,"10,560.00"
2019-11-25,2019112501003662,CIT,45,43,10,"1,701.00","17,010.00"
2019-11-25,2019112501003661,CIT,37,43,10,"1,701.00","17,010.00"
2019-11-25,2019112501003571,CLBSL,7,17,11,441.00,"4,851.00"
2019-11-25,2019112501003664,CZBIL,6,49,210,182.00,"38,220.00"
2019-11-25,2019112501003663,CZBIL,6,1,941,181.00,"170,321.00"
2019-11-25,2019112501003654,CZBIL,8,1,59,181.00,"10,679.00"
2019-11-25,2019112501003653,CZBIL,8,44,241,181.00,"43,621.00"
2019-11-25,2019112501003643,CZBIL,25,44,"1,000",181.00,"181,000.00"
2019-11-25,2019112501003611,CZBIL,53,44,50,181.00,"9,050.00"
2019-11-25,2019112501003230,CZBIL,51,52,99,180.00,"17,820.00"
2019-11-25,2019112501003219,CZBIL,51,6,10,180.00,"1,800.00"
2019-11-25,2019112501003573,CZBIL,55,44,500,181.00,"90,500.00"
2019-11-25,2019112501003456,CZBIL,57,29,192,180.00,"34,560.00"
2019-11-25,2019112501003455,CZBIL,59,29,89,180.00,"16,020.00"
2019-11-25,2019112501003391,CZBIL,8,44,200,181.00,"36,200.00"
2019-11-25,2019112501003279,CZBIL,59,52,10,180.00,"1,800.00"
2019-11-25,2019112501003231,CZBIL,59,52,401,180.00,"72,180.00"
2019-11-25,2019112501003415,DBBL,22,35,68,121.00,"8,228.00"
2019-11-25,2019112501003362,DHPL,25,57,50,49.00,"2,450.00"
2019-11-25,2019112501003361,DHPL,22,57,42,49.00,"2,058.00"
2019-11-25,2019112501003627,EBL,47,47,50,535.00,"26,750.00"
2019-11-25,2019112501003612,EBL,4,47,18,535.00,"9,630.00"
2019-11-25,2019112501003598,EBL,4,50,12,534.00,"6,408.00"
2019-11-25,2019112501003582,EBL,35,50,20,534.00,"10,680.00"
2019-11-25,2019112501003581,EBL,39,50,500,534.00,"267,000.00"
2019-11-25,2019112501003551,EBL,7,44,10,536.00,"5,360.00"
2019-11-25,2019112501003502,EBL,14,59,480,534.00,"256,320.00"
2019-11-25,2019112501003469,EBL,45,59,20,534.00,"10,680.00"
2019-11-25,2019112501003453,EBL,28,44,150,536.00,"80,400.00"
2019-11-25,2019112501003264,EBL,19,8,50,534.00,"26,700.00"
2019-11-25,2019112501003200,EBL,42,29,95,533.00,"50,635.00"
2019-11-25,2019112501003626,EDBL,52,44,100,273.00,"27,300.00"
2019-11-25,2019112501003174,EDBL,39,43,598,271.00,"162,058.00"
2019-11-25,2019112501003173,EDBL,44,43,440,272.00,"119,680.00"
2019-11-25,2019112501003534,FMDBL,53,49,114,301.00,"34,314.00"
2019-11-25,2019112501003533,FMDBL,53,22,140,301.00,"42,140.00"
2019-11-25,2019112501003532,FMDBL,53,16,100,301.00,"30,100.00"
2019-11-25,2019112501003531,FMDBL,53,8,40,300.00,"12,000.00"
2019-11-25,2019112501003530,FMDBL,53,53,199,300.00,"59,700.00"
2019-11-25,2019112501003481,FMDBL,51,53,100,300.00,"30,000.00"
2019-11-25,2019112501003567,FOWAD,53,16,19,"1,305.00","24,795.00"
2019-11-25,2019112501003566,FOWAD,53,34,49,"1,304.00","63,896.00"
2019-11-25,2019112501003457,GBBL,42,14,30,222.00,"6,660.00"
2019-11-25,2019112501003416,GBBL,14,14,50,222.00,"11,100.00"
2019-11-25,2019112501003413,GBBL,34,39,80,221.00,"17,680.00"
2019-11-25,2019112501003412,GBBL,47,39,500,221.00,"110,500.00"
2019-11-25,2019112501003411,GBBL,57,39,420,221.00,"92,820.00"
2019-11-25,2019112501003291,GBBL,57,49,30,221.00,"6,630.00"
2019-11-25,2019112501003290,GBBL,36,49,70,221.00,"15,470.00"
2019-11-25,2019112501003459,GBLBS,8,51,45,289.00,"13,005.00"
2019-11-25,2019112501003450,GBLBS,8,51,15,289.00,"4,335.00"
2019-11-25,2019112501003268,GBLBS,8,6,15,289.00,"4,335.00"
2019-11-25,2019112501003228,GBLBS,40,6,15,289.00,"4,335.00"
2019-11-25,2019112501003638,GGBSL,52,49,10,634.00,"6,340.00"
2019-11-25,2019112501003622,GGBSL,52,56,100,631.00,"63,100.00"
2019-11-25,2019112501003621,GGBSL,52,47,10,631.00,"6,310.00"
2019-11-25,2019112501003548,GGBSL,48,6,10,630.00,"6,300.00"
2019-11-25,2019112501003547,GGBSL,48,42,10,630.00,"6,300.00"
2019-11-25,2019112501003546,GGBSL,48,21,10,630.00,"6,300.00"
2019-11-25,2019112501003528,GGBSL,48,6,10,630.00,"6,300.00"
2019-11-25,2019112501003527,GGBSL,48,37,10,630.00,"6,300.00"
2019-11-25,2019112501003526,GGBSL,48,41,10,629.00,"6,290.00"
2019-11-25,2019112501003421,GLICL,52,8,200,352.00,"70,400.00"
2019-11-25,2019112501003396,GLICL,41,38,"1,379",348.00,"479,892.00"
2019-11-25,2019112501003446,GMFBS,7,16,60,490.00,"29,400.00"
2019-11-25,2019112501003424,GMFBS,7,32,100,490.00,"49,000.00"
2019-11-25,2019112501003414,GMFBS,7,38,10,484.00,"4,840.00"
2019-11-25,2019112501003326,GRDBL,1,41,100,100.00,"10,000.00"
2019-11-25,2019112501003631,GUFL,3,56,400,106.00,"42,400.00"
2019-11-25,2019112501003388,HBL,4,48,61,469.00,"28,609.00"
2019-11-25,2019112501003387,HBL,32,48,50,470.00,"23,500.00"
2019-11-25,2019112501003386,HBL,45,48,20,470.00,"9,400.00"
2019-11-25,2019112501003352,HGI,26,1,20,236.00,"4,720.00"
2019-11-25,2019112501003351,HGI,19,1,15,236.00,"3,540.00"
2019-11-25,2019112501003350,HGI,42,1,15,236.00,"3,540.00"
2019-11-25,2019112501003332,HIDCL,14,38,"1,500",131.00,"196,500.00"
2019-11-25,2019112501003257,HIDCL,14,38,438,130.00,"56,940.00"
2019-11-25,2019112501003178,HIDCL,33,38,50,130.00,"6,500.00"
2019-11-25,2019112501003395,HURJA,22,57,90,99.00,"8,910.00"
2019-11-25,2019112501003394,HURJA,11,57,100,99.00,"9,900.00"
2019-11-25,2019112501003393,HURJA,11,57,20,99.00,"1,980.00"
2019-11-25,2019112501003335,HURJA,43,32,100,100.00,"10,000.00"
