Date,Transact. No.,Symbol,Buyer,Seller,Quantity,Rate,Amount
2019-08-19,2019081901009225,ADBL,48,6,79,431.00,"34,049.00"
2019-08-19,2019081901009224,ADBL,48,49,21,431.00,"9,051.00"
2019-08-19,2019081901009140,ADBL,29,58,465,430.00,"199,950.00"
2019-08-19,2019081901008943,ADBL,40,58,500,430.00,"215,000.00"
2019-08-19,2019081901008902,ADBL,45,39,100,429.00,"42,900.00"
2019-08-19,2019081901009192,AHPC,58,6,130,102.00,"13,260.00"
2019-08-19,2019081901009191,AHPC,39,6,500,102.00,"51,000.00"
2019-08-19,2019081901009026,ALBSL,25,16,10,476.00,"4,760.00"
2019-08-19,2019081901009025,ALBSL,25,4,10,474.00,"4,740.00"
2019-08-19,2019081901009024,ALBSL,25,38,10,471.00,"4,710.00"
2019-08-19,2019081901009110,API,25,53,10,131.00,"1,310.00"
2019-08-19,2019081901009097,API,52,25,71,129.00,"9,159.00"
2019-08-19,2019081901009034,API,52,29,29,129.00,"3,741.00"
2019-08-19,2019081901008948,API,26,53,90,131.00,"11,790.00"
2019-08-19,2019081901008947,API,26,45,100,131.00,"13,100.00"
2019-08-19,2019081901008946,API,26,53,10,131.00,"1,310.00"
2019-08-19,2019081901008932,API,26,16,156,130.00,"20,280.00"
2019-08-19,2019081901008929,API,52,25,100,129.00,"12,900.00"
2019-08-19,2019081901008963,BARUN,40,29,10,88.00,880.00
2019-08-19,2019081901009212,BOKL,49,5,10,260.00,"2,600.00"
2019-08-19,2019081901008924,BOKL,52,37,150,259.00,"38,850.00"
2019-08-19,2019081901008923,BOKL,49,59,100,259.00,"25,900.00"
2019-08-19,2019081901009305,BPCL,33,50,10,396.00,"3,960.00"
2019-08-19,2019081901009256,BPCL,49,44,10,397.00,"3,970.00"
2019-08-19,2019081901009187,BPCL,58,49,33,392.00,"12,936.00"
2019-08-19,2019081901008991,BPCL,58,29,11,392.00,"4,312.00"
2019-08-19,2019081901009233,CBL,43,33,110,149.00,"16,390.00"
2019-08-19,2019081901009232,CBL,33,33,100,149.00,"14,900.00"
2019-08-19,2019081901009231,CBL,33,57,100,148.00,"14,800.00"
2019-08-19,2019081901009041,CBL,58,34,325,148.00,"48,100.00"
2019-08-19,2019081901009040,CBL,58,57,100,148.00,"14,800.00"
2019-08-19,2019081901009039,CBL,58,21,100,148.00,"14,800.00"
2019-08-19,2019081901008940,CBL,58,22,500,148.00,"74,000.00"
2019-08-19,2019081901009038,CBL,58,48,13,148.00,"1,924.00"
2019-08-19,2019081901009037,CBL,58,22,"3,882",148.00,"574,536.00"
2019-08-19,2019081901008995,CBL,38,38,84,147.00,"12,348.00"
2019-08-19,2019081901008994,CBL,57,38,300,147.00,"44,100.00"
2019-08-19,2019081901008993,CBL,21,38,336,147.00,"49,392.00"
2019-08-19,2019081901008959,CBL,1,22,200,148.00,"29,600.00"
2019-08-19,2019081901009186,CCBL,45,40,20,161.00,"3,220.00"
2019-08-19,2019081901009176,CCBL,52,50,100,160.00,"16,000.00"
2019-08-19,2019081901009175,CCBL,52,48,100,160.00,"16,000.00"
2019-08-19,2019081901009174,CCBL,52,8,500,160.00,"80,000.00"
2019-08-19,2019081901009173,CCBL,52,48,"1,000",160.00,"160,000.00"
2019-08-19,2019081901009172,CCBL,52,56,50,160.00,"8,000.00"
2019-08-19,2019081901008853,CCBL,45,42,119,159.00,"18,921.00"
2019-08-19,2019081901009171,CCBL,52,55,180,160.00,"28,800.00"
2019-08-19,2019081901009165,CCBL,5,55,200,160.00,"32,000.00"
2019-08-19,2019081901009088,CCBL,17,46,265,159.00,"42,135.00"
2019-08-19,2019081901009087,CCBL,32,46,50,159.00,"7,950.00"
2019-08-19,2019081901009086,CCBL,6,46,55,159.00,"8,745.00"
2019-08-19,2019081901009085,CCBL,45,46,183,159.00,"29,097.00"
2019-08-19,2019081901008986,CFCL,59,4,"1,000",114.00,"114,000.00"
2019-08-19,2019081901008985,CFCL,1,4,"1,000",114.00,"114,000.00"
2019-08-19,2019081901008984,CFCL,34,4,200,114.00,"22,800.00"
2019-08-19,2019081901008983,CFCL,25,4,190,114.00,"21,660.00"
2019-08-19,2019081901008982,CFCL,34,4,500,115.00,"57,500.00"
2019-08-19,2019081901008981,CFCL,21,4,100,115.00,"11,500.00"
2019-08-19,2019081901008980,CFCL,52,4,500,115.00,"57,500.00"
2019-08-19,2019081901008979,CFCL,37,4,210,116.00,"24,360.00"
2019-08-19,2019081901009220,CHCL,17,47,200,449.00,"89,800.00"
2019-08-19,2019081901009219,CHCL,7,47,100,449.00,"44,900.00"
2019-08-19,2019081901009218,CHCL,56,47,66,449.00,"29,634.00"
2019-08-19,2019081901009152,CHCL,14,41,50,450.00,"22,500.00"
2019-08-19,2019081901008814,CHCL,40,41,100,450.00,"45,000.00"
2019-08-19,2019081901008813,CHCL,40,10,140,450.00,"63,000.00"
2019-08-19,2019081901009094,CIT,28,39,51,"2,362.00","120,462.00"
2019-08-19,2019081901009093,CIT,53,39,50,"2,364.00","118,200.00"
2019-08-19,2019081901009092,CIT,22,39,10,"2,368.00","23,680.00"
2019-08-19,2019081901009091,CIT,53,39,300,"2,370.00","711,000.00"
2019-08-19,2019081901009161,CMF1,43,47,"10,000",9.84,"98,400.00"
2019-08-19,2019081901009160,CMF1,34,47,"8,900",9.85,"87,665.00"
2019-08-19,2019081901008879,CZBIL,34,45,270,218.00,"58,860.00"
2019-08-19,2019081901008865,CZBIL,25,38,100,217.00,"21,700.00"
2019-08-19,2019081901009262,DBBL,36,22,"1,000",138.00,"138,000.00"
2019-08-19,2019081901009261,DBBL,36,17,100,138.00,"13,800.00"
2019-08-19,2019081901009260,DBBL,36,1,300,138.00,"41,400.00"
2019-08-19,2019081901009259,DBBL,36,1,457,138.00,"63,066.00"
2019-08-19,2019081901009244,DDBL,28,14,50,756.00,"37,800.00"
2019-08-19,2019081901009203,DDBL,28,28,150,756.00,"113,400.00"
2019-08-19,2019081901009202,DDBL,11,28,50,757.00,"37,850.00"
2019-08-19,2019081901009069,EBL,55,44,11,651.00,"7,161.00"
2019-08-19,2019081901009012,EBL,55,48,14,650.00,"9,100.00"
2019-08-19,2019081901009011,EBL,55,39,15,650.00,"9,750.00"
2019-08-19,2019081901009063,GBLBS,38,10,65,366.00,"23,790.00"
2019-08-19,2019081901008918,GBLBS,54,10,90,366.00,"32,940.00"
2019-08-19,2019081901008910,GDBL,51,36,500,207.00,"103,500.00"
2019-08-19,2019081901008909,GDBL,32,36,100,207.00,"20,700.00"
2019-08-19,2019081901008908,GDBL,40,36,800,207.00,"165,600.00"
2019-08-19,2019081901008907,GDBL,53,36,"1,500",207.00,"310,500.00"
2019-08-19,2019081901008836,GHL,44,47,30,82.00,"2,460.00"
2019-08-19,2019081901008826,GHL,44,47,30,82.00,"2,460.00"
2019-08-19,2019081901008807,GHL,44,47,20,82.00,"1,640.00"
2019-08-19,2019081901009154,GILB,43,44,82,793.00,"65,026.00"
2019-08-19,2019081901009151,GILB,43,38,300,794.00,"238,200.00"
2019-08-19,2019081901009150,GILB,43,50,18,794.00,"14,292.00"
2019-08-19,2019081901009135,GILB,43,16,18,793.00,"14,274.00"
2019-08-19,2019081901009114,GILB,43,16,100,793.00,"79,300.00"
2019-08-19,2019081901009113,GILB,43,52,19,793.00,"15,067.00"
2019-08-19,2019081901009112,GILB,43,49,100,792.00,"79,200.00"
2019-08-19,2019081901009109,GILB,57,49,100,792.00,"79,200.00"
2019-08-19,2019081901009247,GLBSL,39,14,80,521.00,"41,680.00"
2019-08-19,2019081901009246,GLBSL,39,6,10,521.00,"5,210.00"
2019-08-19,2019081901009245,GLBSL,39,46,10,520.00,"5,200.00"
2019-08-19,2019081901009000,GLBSL,39,11,10,520.00,"5,200.00"
2019-08-19,2019081901009292,GMFBS,39,59,10,581.00,"5,810.00"
2019-08-19,2019081901009291,GMFBS,39,38,10,574.00,"5,740.00"
2019-08-19,2019081901008954,GMFBS,39,38,130,572.00,"74,360.00"
2019-08-19,2019081901009210,HBL,13,1,185,549.00,"101,565.00"
2019-08-19,2019081901009103,HBL,45,1,100,549.00,"54,900.00"
2019-08-19,2019081901009102,HBL,36,1,50,549.00,"27,450.00"
2019-08-19,2019081901009213,HIDCL,29,4,10,150.00,"1,500.00"
2019-08-19,2019081901009211,HIDCL,34,4,10,150.00,"1,500.00"
2019-08-19,2019081901009053,HIDCL,59,29,61,148.00,"9,028.00"
2019-08-19,2019081901008894,HIDCL,34,4,10,150.00,"1,500.00"
2019-08-19,2019081901008893,HIDCL,34,25,15,149.00,"2,235.00"
2019-08-19,2019081901009253,HPPL,32,22,10,162.00,"1,620.00"
2019-08-19,2019081901009221,HPPL,32,32,10,159.00,"1,590.00"
2019-08-19,2019081901009199,HPPL,45,47,270,156.00,"42,120.00"
2019-08-19,2019081901009198,HPPL,32,47,10,162.00,"1,620.00"
2019-08-19,2019081901009163,HPPL,32,32,10,159.00,"1,590.00"
2019-08-19,2019081901009077,HPPL,45,29,10,156.00,"1,560.00"
2019-08-19,2019081901008811,HURJA,57,5,20,128.00,"2,560.00"
2019-08-19,2019081901008930,ILBS,57,42,10,474.00,"4,740.00"
2019-08-19,2019081901008867,ILBS,57,38,150,474.00,"71,100.00"
2019-08-19,2019081901009044,JBBL,32,14,100,158.00,"15,800.00"
2019-08-19,2019081901008898,KBL,40,8,212,205.00,"43,460.00"
2019-08-19,2019081901008897,KBL,40,13,263,205.00,"53,915.00"
2019-08-19,2019081901008888,KBL,52,13,100,205.00,"20,500.00"
2019-08-19,2019081901009105,KSBBL,34,4,20,151.00,"3,020.00"
2019-08-19,2019081901009080,KSBBL,34,34,10,149.00,"1,490.00"
2019-08-19,2019081901008966,KSBBL,22,48,198,147.00,"29,106.00"
2019-08-19,2019081901008965,KSBBL,22,48,297,148.00,"43,956.00"
2019-08-19,2019081901009223,LBBL,33,13,10,180.00,"1,800.00"
2019-08-19,2019081901009214,LBBL,45,13,50,180.00,"9,000.00"
2019-08-19,2019081901008957,LBL,14,37,100,216.00,"21,600.00"
2019-08-19,2019081901008956,LBL,38,37,100,216.00,"21,600.00"
2019-08-19,2019081901009043,LICN,14,13,50,"1,120.00","56,000.00"
2019-08-19,2019081901008860,LICN,34,13,50,"1,120.00","56,000.00"
2019-08-19,2019081901008832,LICN,34,58,25,"1,119.00","27,975.00"
2019-08-19,2019081901009255,MBL,34,28,10,257.00,"2,570.00"
2019-08-19,2019081901009082,MBL,49,58,942,256.00,"241,152.00"
2019-08-19,2019081901009010,MBL,49,22,50,255.00,"12,750.00"
2019-08-19,2019081901009009,MBL,22,22,50,255.00,"12,750.00"
2019-08-19,2019081901009229,MDB,28,45,30,238.00,"7,140.00"
2019-08-19,2019081901009228,MDB,28,57,10,238.00,"2,380.00"
2019-08-19,2019081901009227,MDB,28,40,100,238.00,"23,800.00"
2019-08-19,2019081901009123,MDB,56,56,192,237.00,"45,504.00"
2019-08-19,2019081901009306,MEGA,33,43,482,202.00,"97,364.00"
2019-08-19,2019081901009016,MEGA,32,42,"1,000",202.00,"202,000.00"
2019-08-19,2019081901009124,MEGA,32,38,216,202.00,"43,632.00"
2019-08-19,2019081901009168,MEGA,40,43,18,202.00,"3,636.00"
2019-08-19,2019081901009126,MEGA,40,38,982,202.00,"198,364.00"
2019-08-19,2019081901009125,MEGA,32,38,100,202.00,"20,200.00"
2019-08-19,2019081901009206,MERO,41,40,50,535.00,"26,750.00"
2019-08-19,2019081901008939,MHNL,47,38,40,99.00,"3,960.00"
2019-08-19,2019081901009298,MLBL,45,59,100,211.00,"21,100.00"
2019-08-19,2019081901009248,MLBL,33,59,10,211.00,"2,110.00"
2019-08-19,2019081901009051,MLBL,14,25,"1,500",210.00,"315,000.00"
2019-08-19,2019081901008884,MLBL,14,38,24,210.00,"5,040.00"
2019-08-19,2019081901008883,MLBL,37,38,300,210.00,"63,000.00"
2019-08-19,2019081901009149,MNBBL,56,51,100,329.00,"32,900.00"
2019-08-19,2019081901009096,MSLB,17,6,28,960.00,"26,880.00"
2019-08-19,2019081901008977,MSMBS,39,17,10,522.00,"5,220.00"
2019-08-19,2019081901009179,NABIL,57,17,100,778.00,"77,800.00"
2019-08-19,2019081901009129,NABIL,33,17,20,778.00,"15,560.00"
2019-08-19,2019081901009128,NABIL,33,42,80,777.00,"62,160.00"
2019-08-19,2019081901009072,NABIL,28,22,120,776.00,"93,120.00"
2019-08-19,2019081901008921,NABIL,45,42,30,777.00,"23,310.00"
2019-08-19,2019081901009181,NAGRO,34,10,10,800.00,"8,000.00"
2019-08-19,2019081901009156,NAGRO,34,52,10,799.00,"7,990.00"
2019-08-19,2019081901009061,NAGRO,57,47,10,798.00,"7,980.00"
2019-08-19,2019081901009048,NAGRO,57,42,10,795.00,"7,950.00"
2019-08-19,2019081901009047,NAGRO,34,41,80,781.00,"62,480.00"
2019-08-19,2019081901009046,NAGRO,34,41,100,785.00,"78,500.00"
2019-08-19,2019081901009031,NAGRO,57,54,10,790.00,"7,900.00"
2019-08-19,2019081901009030,NAGRO,57,54,10,790.00,"7,900.00"
2019-08-19,2019081901009036,NBB,56,44,50,218.00,"10,900.00"
2019-08-19,2019081901009035,NBB,56,51,450,218.00,"98,100.00"
2019-08-19,2019081901008895,NBB,51,51,50,218.00,"10,900.00"
2019-08-19,2019081901009300,NBL,33,57,20,326.00,"6,520.00"
2019-08-19,2019081901009249,NBL,34,57,100,326.00,"32,600.00"
2019-08-19,2019081901009217,NBL,33,57,500,326.00,"163,000.00"
2019-08-19,2019081901009116,NBL,29,57,500,326.00,"163,000.00"
2019-08-19,2019081901008961,NBL,6,57,500,326.00,"163,000.00"
2019-08-19,2019081901008878,NBL,10,57,75,326.00,"24,450.00"
2019-08-19,2019081901008871,NBL,49,57,"1,780",326.00,"580,280.00"
2019-08-19,2019081901008869,NBL,49,17,200,326.00,"65,200.00"
2019-08-19,2019081901008837,NBL,10,13,400,327.00,"130,800.00"
2019-08-19,2019081901008877,NBL,32,57,500,326.00,"163,000.00"
2019-08-19,2019081901008876,NBL,49,57,200,326.00,"65,200.00"
2019-08-19,2019081901008875,NBL,10,57,100,326.00,"32,600.00"
2019-08-19,2019081901008874,NBL,32,57,200,326.00,"65,200.00"
2019-08-19,2019081901008873,NBL,42,57,300,326.00,"97,800.00"
2019-08-19,2019081901008872,NBL,1,57,100,326.00,"32,600.00"
2019-08-19,2019081901009170,NCCB,56,1,250,205.00,"51,250.00"
2019-08-19,2019081901009169,NCCB,53,1,50,205.00,"10,250.00"
2019-08-19,2019081901008997,NCCB,56,38,100,205.00,"20,500.00"
2019-08-19,2019081901008850,NCCB,45,38,100,205.00,"20,500.00"
2019-08-19,2019081901008849,NCCB,45,38,100,205.00,"20,500.00"
2019-08-19,2019081901009081,NGPL,16,40,574,114.00,"65,436.00"
2019-08-19,2019081901008835,NGPL,16,5,77,114.00,"8,778.00"
2019-08-19,2019081901009302,NIB,25,48,50,480.00,"24,000.00"
2019-08-19,2019081901009301,NIB,25,39,47,480.00,"22,560.00"
2019-08-19,2019081901009146,NIB,33,39,13,480.00,"6,240.00"
2019-08-19,2019081901009145,NIB,33,46,87,480.00,"41,760.00"
2019-08-19,2019081901009117,NIB,52,46,50,480.00,"24,000.00"
2019-08-19,2019081901008971,NIB,34,46,10,480.00,"4,800.00"
2019-08-19,2019081901008868,NIB,25,17,54,478.00,"25,812.00"
2019-08-19,2019081901008858,NIB,26,17,150,478.00,"71,700.00"
2019-08-19,2019081901008838,NIB,17,17,100,478.00,"47,800.00"
2019-08-19,2019081901008830,NIB,56,17,100,478.00,"47,800.00"
2019-08-19,2019081901008926,NIBSF1,22,22,"7,434",9.45,"70,251.30"
2019-08-19,2019081901008925,NIBSF1,22,32,"1,900",9.34,"17,746.00"
2019-08-19,2019081901009304,NICA,37,4,30,460.00,"13,800.00"
2019-08-19,2019081901009297,NICA,46,4,30,461.00,"13,830.00"
2019-08-19,2019081901009296,NICA,37,4,50,460.00,"23,000.00"
2019-08-19,2019081901009208,NICA,45,55,500,461.00,"230,500.00"
2019-08-19,2019081901009139,NICA,46,45,17,464.00,"7,888.00"
2019-08-19,2019081901009122,NICA,18,4,50,461.00,"23,050.00"
2019-08-19,2019081901008892,NICA,26,4,100,462.00,"46,200.00"
2019-08-19,2019081901008889,NICA,51,4,40,462.00,"18,480.00"
2019-08-19,2019081901008834,NICA,46,52,11,462.00,"5,082.00"
2019-08-19,2019081901008833,NICA,46,47,39,462.00,"18,018.00"
2019-08-19,2019081901008996,NICA,40,49,200,463.00,"92,600.00"
2019-08-19,2019081901008992,NICA,18,49,40,463.00,"18,520.00"
2019-08-19,2019081901008970,NICA,16,40,100,462.00,"46,200.00"
2019-08-19,2019081901008927,NICA,36,49,30,463.00,"13,890.00"
2019-08-19,2019081901008912,NICA,18,59,100,462.00,"46,200.00"
2019-08-19,2019081901008911,NICA,18,4,60,462.00,"27,720.00"
2019-08-19,2019081901009100,NICA,37,4,100,460.00,"46,000.00"
2019-08-19,2019081901009074,NICA,25,4,200,461.00,"92,200.00"
2019-08-19,2019081901009057,NICA,16,44,100,463.00,"46,300.00"
2019-08-19,2019081901009056,NICA,16,51,100,463.00,"46,300.00"
2019-08-19,2019081901009055,NICA,16,25,500,463.00,"231,500.00"
2019-08-19,2019081901009054,NICA,16,49,36,463.00,"16,668.00"
2019-08-19,2019081901009180,NICL,6,42,20,309.00,"6,180.00"
2019-08-19,2019081901009166,NICL,43,42,10,309.00,"3,090.00"
2019-08-19,2019081901008829,NICL,6,54,500,303.00,"151,500.00"
2019-08-19,2019081901009243,NIL,14,6,100,452.00,"45,200.00"
2019-08-19,2019081901009242,NIL,47,6,12,452.00,"5,424.00"
2019-08-19,2019081901009241,NIL,46,6,25,452.00,"11,300.00"
2019-08-19,2019081901009240,NIL,35,6,10,452.00,"4,520.00"
2019-08-19,2019081901009239,NIL,17,6,410,453.00,"185,730.00"
2019-08-19,2019081901009238,NIL,46,6,200,454.00,"90,800.00"
2019-08-19,2019081901009237,NIL,52,6,50,455.00,"22,750.00"
2019-08-19,2019081901009236,NIL,14,6,50,455.00,"22,750.00"
2019-08-19,2019081901009235,NIL,35,6,10,456.00,"4,560.00"
2019-08-19,2019081901009193,NIL,28,50,20,458.00,"9,160.00"
2019-08-19,2019081901009007,NIL,48,58,300,459.00,"137,700.00"
2019-08-19,2019081901009144,NLBBL,25,43,100,560.00,"56,000.00"
2019-08-19,2019081901009143,NLBBL,53,59,50,559.00,"27,950.00"
2019-08-19,2019081901009098,NLBBL,33,43,50,560.00,"28,000.00"
2019-08-19,2019081901009015,NLBBL,38,53,185,561.00,"103,785.00"
2019-08-19,2019081901009294,NLG,58,40,60,685.00,"41,100.00"
2019-08-19,2019081901009293,NLG,58,40,15,685.00,"10,275.00"
2019-08-19,2019081901009022,NLG,48,38,7,675.00,"4,725.00"
2019-08-19,2019081901009021,NLG,47,38,25,675.00,"16,875.00"
2019-08-19,2019081901008958,NLIC,13,44,136,869.00,"118,184.00"
2019-08-19,2019081901009134,NLICL,34,56,10,571.00,"5,710.00"
2019-08-19,2019081901009119,NLICL,34,59,50,562.00,"28,100.00"
2019-08-19,2019081901009118,NLICL,34,17,20,560.00,"11,200.00"
2019-08-19,2019081901009076,NLICL,14,57,81,553.00,"44,793.00"
2019-08-19,2019081901009089,NMFBS,48,41,15,"1,477.00","22,155.00"
2019-08-19,2019081901009254,NNLB,6,48,10,462.00,"4,620.00"
2019-08-19,2019081901009188,NNLB,6,6,30,457.00,"13,710.00"
2019-08-19,2019081901009252,NTC,34,43,640,670.00,"428,800.00"
2019-08-19,2019081901009099,NUBL,41,17,25,879.00,"21,975.00"
2019-08-19,2019081901009182,PCBL,29,51,500,278.00,"139,000.00"
2019-08-19,2019081901009059,PCBL,53,41,100,277.00,"27,700.00"
2019-08-19,2019081901009027,PCBL,53,3,148,277.00,"40,996.00"
2019-08-19,2019081901009200,PIC,39,52,93,460.00,"42,780.00"
2019-08-19,2019081901009075,PICL,36,11,15,480.00,"7,200.00"
2019-08-19,2019081901009303,PLIC,48,34,10,410.00,"4,100.00"
2019-08-19,2019081901009158,PLIC,49,34,10,410.00,"4,100.00"
2019-08-19,2019081901008822,PLIC,41,10,10,405.00,"4,050.00"
2019-08-19,2019081901008821,PLIC,21,10,20,405.00,"8,100.00"
2019-08-19,2019081901008820,PLIC,36,10,100,405.00,"40,500.00"
2019-08-19,2019081901008819,PLIC,22,10,100,405.00,"40,500.00"
2019-08-19,2019081901009251,PMHPL,58,13,10,100.00,"1,000.00"
2019-08-19,2019081901009159,PMHPL,58,38,10,100.00,"1,000.00"
2019-08-19,2019081901009108,PMHPL,58,29,10,100.00,"1,000.00"
2019-08-19,2019081901008847,PMHPL,58,38,10,100.00,"1,000.00"
2019-08-19,2019081901009290,PRIN,36,44,159,347.00,"55,173.00"
2019-08-19,2019081901009289,PRIN,46,44,200,347.00,"69,400.00"
2019-08-19,2019081901009288,PRIN,14,44,200,348.00,"69,600.00"
2019-08-19,2019081901009287,PRIN,45,44,15,348.00,"5,220.00"
2019-08-19,2019081901009286,PRIN,49,44,100,348.00,"34,800.00"
2019-08-19,2019081901009285,PRIN,51,44,174,348.00,"60,552.00"
2019-08-19,2019081901009155,PRVU,29,10,500,271.00,"135,500.00"
2019-08-19,2019081901009131,PRVU,32,10,100,271.00,"27,100.00"
2019-08-19,2019081901009001,PRVU,51,8,400,270.00,"108,000.00"
2019-08-19,2019081901008915,PRVU,7,8,500,270.00,"135,000.00"
2019-08-19,2019081901008960,RBCL,14,48,15,"9,172.00","137,580.00"
2019-08-19,2019081901008885,RBCL,43,26,10,"9,180.00","91,800.00"
2019-08-19,2019081901009167,RBCLPO,33,59,22,"8,405.00","184,910.00"
2019-08-19,2019081901009127,RHPC,57,29,14,87.00,"1,218.00"
2019-08-19,2019081901009283,RHPL,36,39,32,206.00,"6,592.00"
2019-08-19,2019081901009282,RHPL,36,39,40,206.00,"8,240.00"
2019-08-19,2019081901009281,RHPL,36,39,40,206.00,"8,240.00"
2019-08-19,2019081901009280,RHPL,36,39,40,206.00,"8,240.00"
2019-08-19,2019081901009279,RHPL,36,29,40,206.00,"8,240.00"
2019-08-19,2019081901009278,RHPL,36,46,30,206.00,"6,180.00"
2019-08-19,2019081901008828,RHPL,34,26,40,204.00,"8,160.00"
2019-08-19,2019081901008825,RHPL,34,41,30,204.00,"6,120.00"
2019-08-19,2019081901008854,RHPL,7,18,30,205.00,"6,150.00"
2019-08-19,2019081901008852,RHPL,7,38,30,205.00,"6,150.00"
2019-08-19,2019081901008848,RHPL,7,44,10,205.00,"2,050.00"
2019-08-19,2019081901008843,RHPL,7,29,30,205.00,"6,150.00"
2019-08-19,2019081901008842,RHPL,7,29,30,205.00,"6,150.00"
2019-08-19,2019081901008841,RHPL,7,29,30,205.00,"6,150.00"
2019-08-19,2019081901008880,RHPL,29,18,30,205.00,"6,150.00"
2019-08-19,2019081901008870,RHPL,7,29,30,205.00,"6,150.00"
2019-08-19,2019081901008861,RHPL,7,34,200,205.00,"41,000.00"
2019-08-19,2019081901008857,RHPL,7,42,20,205.00,"4,100.00"
2019-08-19,2019081901008856,RHPL,7,44,40,205.00,"8,200.00"
2019-08-19,2019081901008855,RHPL,7,16,50,205.00,"10,250.00"
2019-08-19,2019081901008920,RHPL,14,44,10,205.00,"2,050.00"
2019-08-19,2019081901008917,RHPL,14,44,20,205.00,"4,100.00"
2019-08-19,2019081901008916,RHPL,29,44,20,205.00,"4,100.00"
2019-08-19,2019081901008904,RHPL,29,18,10,205.00,"2,050.00"
2019-08-19,2019081901008903,RHPL,29,18,20,205.00,"4,100.00"
2019-08-19,2019081901008886,RHPL,29,44,10,205.00,"2,050.00"
2019-08-19,2019081901008952,RHPL,14,44,40,205.00,"8,200.00"
2019-08-19,2019081901008950,RHPL,14,13,40,205.00,"8,200.00"
2019-08-19,2019081901008945,RHPL,14,18,30,205.00,"6,150.00"
2019-08-19,2019081901008944,RHPL,14,42,50,205.00,"10,250.00"
2019-08-19,2019081901008942,RHPL,14,29,40,205.00,"8,200.00"
2019-08-19,2019081901008938,RHPL,14,42,40,205.00,"8,200.00"
2019-08-19,2019081901008976,RHPL,14,18,30,205.00,"6,150.00"
2019-08-19,2019081901008972,RHPL,14,42,40,205.00,"8,200.00"
2019-08-19,2019081901008969,RHPL,14,38,40,205.00,"8,200.00"
2019-08-19,2019081901008967,RHPL,14,42,40,205.00,"8,200.00"
2019-08-19,2019081901008962,RHPL,14,42,40,205.00,"8,200.00"
2019-08-19,2019081901008953,RHPL,14,42,40,205.00,"8,200.00"
2019-08-19,2019081901009058,RHPL,14,18,30,205.00,"6,150.00"
2019-08-19,2019081901009052,RHPL,14,41,40,205.00,"8,200.00"
2019-08-19,2019081901009032,RHPL,14,44,40,205.00,"8,200.00"
2019-08-19,2019081901009013,RHPL,14,19,30,205.00,"6,150.00"
2019-08-19,2019081901009003,RHPL,14,19,30,205.00,"6,150.00"
2019-08-19,2019081901008988,RHPL,14,42,40,205.00,"8,200.00"
2019-08-19,2019081901009137,RHPL,14,18,30,205.00,"6,150.00"
2019-08-19,2019081901009120,RHPL,14,43,40,205.00,"8,200.00"
2019-08-19,2019081901009115,RHPL,14,39,40,205.00,"8,200.00"
2019-08-19,2019081901009106,RHPL,14,38,40,205.00,"8,200.00"
2019-08-19,2019081901009095,RHPL,14,36,10,205.00,"2,050.00"
2019-08-19,2019081901009090,RHPL,14,18,30,205.00,"6,150.00"
2019-08-19,2019081901009265,RHPL,36,44,40,206.00,"8,240.00"
2019-08-19,2019081901009264,RHPL,36,26,10,206.00,"2,060.00"
2019-08-19,2019081901009263,RHPL,36,44,638,206.00,"131,428.00"
2019-08-19,2019081901009230,RHPL,34,44,10,206.00,"2,060.00"
2019-08-19,2019081901009205,RHPL,14,18,30,205.00,"6,150.00"
2019-08-19,2019081901009183,RHPL,14,38,30,205.00,"6,150.00"
2019-08-19,2019081901009271,RHPL,36,20,50,206.00,"10,300.00"
2019-08-19,2019081901009270,RHPL,36,58,20,206.00,"4,120.00"
2019-08-19,2019081901009269,RHPL,36,59,20,206.00,"4,120.00"
2019-08-19,2019081901009268,RHPL,36,59,20,206.00,"4,120.00"
2019-08-19,2019081901009267,RHPL,36,59,30,206.00,"6,180.00"
2019-08-19,2019081901009266,RHPL,36,59,30,206.00,"6,180.00"
2019-08-19,2019081901009277,RHPL,36,56,50,206.00,"10,300.00"
2019-08-19,2019081901009276,RHPL,36,56,40,206.00,"8,240.00"
2019-08-19,2019081901009275,RHPL,36,39,30,206.00,"6,180.00"
2019-08-19,2019081901009274,RHPL,36,39,30,206.00,"6,180.00"
2019-08-19,2019081901009273,RHPL,36,39,30,206.00,"6,180.00"
2019-08-19,2019081901009272,RHPL,36,39,40,206.00,"8,240.00"
2019-08-19,2019081901009189,RMDC,47,34,10,658.00,"6,580.00"
2019-08-19,2019081901009207,RRHP,47,4,"2,250",102.00,"229,500.00"
2019-08-19,2019081901009130,RRHP,47,4,490,102.00,"49,980.00"
2019-08-19,2019081901009008,RRHP,47,45,10,102.00,"1,020.00"
2019-08-19,2019081901008951,RRHP,47,4,60,103.00,"6,180.00"
2019-08-19,2019081901008816,RRHP,47,4,300,104.00,"31,200.00"
2019-08-19,2019081901008815,RRHP,47,4,60,104.00,"6,240.00"
2019-08-19,2019081901008818,RRHP,47,4,440,103.00,"45,320.00"
2019-08-19,2019081901008817,RRHP,37,4,"1,000",104.00,"104,000.00"
2019-08-19,2019081901009190,SAEF,57,57,200,9.72,"1,944.00"
2019-08-19,2019081901009226,SANIMA,36,36,50,350.00,"17,500.00"
2019-08-19,2019081901009148,SANIMA,46,26,100,351.00,"35,100.00"
2019-08-19,2019081901009060,SBI,17,1,200,446.00,"89,200.00"
2019-08-19,2019081901009042,SBI,29,13,48,447.00,"21,456.00"
2019-08-19,2019081901008824,SBI,17,49,50,446.00,"22,300.00"
2019-08-19,2019081901009071,SBL,56,25,277,319.00,"88,363.00"
2019-08-19,2019081901009014,SBL,56,22,223,319.00,"71,137.00"
2019-08-19,2019081901008941,SBL,34,18,10,320.00,"3,200.00"
2019-08-19,2019081901008851,SBL,45,17,21,317.00,"6,657.00"
2019-08-19,2019081901008823,SBL,45,42,31,317.00,"9,827.00"
2019-08-19,2019081901009020,SCB,51,1,75,642.00,"48,150.00"
2019-08-19,2019081901009019,SCB,51,1,15,642.00,"9,630.00"
2019-08-19,2019081901009018,SCB,14,1,100,643.00,"64,300.00"
2019-08-19,2019081901009017,SCB,21,1,10,643.00,"6,430.00"
2019-08-19,2019081901009111,SHINE,8,21,"1,450",252.00,"365,400.00"
2019-08-19,2019081901009084,SHIVM,1,11,50,588.00,"29,400.00"
2019-08-19,2019081901009083,SHIVM,1,45,450,588.00,"264,600.00"
2019-08-19,2019081901009073,SHL,20,43,350,230.00,"80,500.00"
2019-08-19,2019081901009049,SHL,41,43,150,230.00,"34,500.00"
2019-08-19,2019081901009029,SHL,41,43,100,230.00,"23,000.00"
2019-08-19,2019081901009028,SHL,17,43,200,230.00,"46,000.00"
2019-08-19,2019081901009258,SHPC,34,56,371,231.00,"85,701.00"
2019-08-19,2019081901009257,SHPC,34,43,529,230.00,"121,670.00"
2019-08-19,2019081901009066,SHPC,47,43,500,229.00,"114,500.00"
2019-08-19,2019081901009065,SHPC,40,43,500,229.00,"114,500.00"
2019-08-19,2019081901009064,SHPC,45,43,"2,000",229.00,"458,000.00"
2019-08-19,2019081901008919,SHPC,45,43,471,230.00,"108,330.00"
2019-08-19,2019081901008901,SHPC,45,43,29,230.00,"6,670.00"
2019-08-19,2019081901008900,SHPC,42,43,10,230.00,"2,300.00"
2019-08-19,2019081901008899,SHPC,40,43,161,230.00,"37,030.00"
2019-08-19,2019081901009215,SICL,5,16,10,775.00,"7,750.00"
2019-08-19,2019081901009002,SIL,25,45,10,433.00,"4,330.00"
2019-08-19,2019081901009299,SJCL,44,52,10,222.00,"2,220.00"
2019-08-19,2019081901009284,SJCL,33,48,20,220.00,"4,400.00"
2019-08-19,2019081901009234,SJCL,33,48,20,220.00,"4,400.00"
2019-08-19,2019081901009216,SJCL,33,18,20,220.00,"4,400.00"
2019-08-19,2019081901009204,SJCL,48,29,10,219.00,"2,190.00"
2019-08-19,2019081901008812,SJCL,49,44,20,219.00,"4,380.00"
2019-08-19,2019081901008810,SJCL,49,39,20,219.00,"4,380.00"
2019-08-19,2019081901008808,SJCL,49,29,10,219.00,"2,190.00"
2019-08-19,2019081901008863,SJCL,48,44,10,219.00,"2,190.00"
2019-08-19,2019081901008862,SJCL,48,44,20,219.00,"4,380.00"
2019-08-19,2019081901008859,SJCL,48,18,10,219.00,"2,190.00"
2019-08-19,2019081901008840,SJCL,48,26,10,219.00,"2,190.00"
2019-08-19,2019081901008831,SJCL,48,41,20,219.00,"4,380.00"
2019-08-19,2019081901008827,SJCL,48,16,20,219.00,"4,380.00"
2019-08-19,2019081901008933,SJCL,48,44,10,219.00,"2,190.00"
2019-08-19,2019081901008928,SJCL,48,44,20,219.00,"4,380.00"
2019-08-19,2019081901008922,SJCL,48,18,20,219.00,"4,380.00"
2019-08-19,2019081901008896,SJCL,48,44,10,219.00,"2,190.00"
2019-08-19,2019081901008891,SJCL,48,18,20,219.00,"4,380.00"
2019-08-19,2019081901008866,SJCL,48,16,20,219.00,"4,380.00"
2019-08-19,2019081901008974,SJCL,52,55,20,220.00,"4,400.00"
2019-08-19,2019081901008973,SJCL,48,42,20,219.00,"4,380.00"
2019-08-19,2019081901008968,SJCL,48,42,20,219.00,"4,380.00"
2019-08-19,2019081901008964,SJCL,48,44,20,219.00,"4,380.00"
2019-08-19,2019081901008955,SJCL,48,18,20,219.00,"4,380.00"
2019-08-19,2019081901008949,SJCL,48,42,20,219.00,"4,380.00"
2019-08-19,2019081901009023,SJCL,52,42,10,220.00,"2,200.00"
2019-08-19,2019081901008999,SJCL,52,45,20,220.00,"4,400.00"
2019-08-19,2019081901008987,SJCL,52,18,20,220.00,"4,400.00"
2019-08-19,2019081901008978,SJCL,52,38,20,220.00,"4,400.00"
2019-08-19,2019081901008975,SJCL,52,48,10,220.00,"2,200.00"
2019-08-19,2019081901009121,SJCL,52,38,20,220.00,"4,400.00"
2019-08-19,2019081901009107,SJCL,52,18,20,220.00,"4,400.00"
2019-08-19,2019081901009101,SJCL,32,42,120,221.00,"26,520.00"
2019-08-19,2019081901009070,SJCL,52,18,20,220.00,"4,400.00"
2019-08-19,2019081901009050,SJCL,52,44,20,220.00,"4,400.00"
2019-08-19,2019081901009157,SJCL,8,39,20,220.00,"4,400.00"
2019-08-19,2019081901009153,SJCL,8,18,20,220.00,"4,400.00"
2019-08-19,2019081901009136,SJCL,52,41,20,220.00,"4,400.00"
2019-08-19,2019081901009178,SLBSL,52,11,200,694.00,"138,800.00"
2019-08-19,2019081901009177,SLBSL,52,45,100,693.00,"69,300.00"
2019-08-19,2019081901008839,SLBSL,52,45,100,693.00,"69,300.00"
2019-08-19,2019081901009164,SLICL,57,11,17,302.00,"5,134.00"
2019-08-19,2019081901009142,SLICL,14,51,132,298.00,"39,336.00"
2019-08-19,2019081901009068,SLICL,52,34,15,298.00,"4,470.00"
2019-08-19,2019081901009067,SLICL,38,34,135,298.00,"40,230.00"
2019-08-19,2019081901009045,SLICL,45,34,50,299.00,"14,950.00"
2019-08-19,2019081901008990,SLICL,38,51,165,298.00,"49,170.00"
2019-08-19,2019081901008989,SLICL,29,51,15,298.00,"4,470.00"
2019-08-19,2019081901008906,SLICL,29,42,85,298.00,"25,330.00"
2019-08-19,2019081901008905,SLICL,11,42,50,298.00,"14,900.00"
2019-08-19,2019081901009079,SMATA,54,28,94,"1,288.00","121,072.00"
2019-08-19,2019081901009078,SMATA,42,28,31,"1,290.00","39,990.00"
2019-08-19,2019081901009222,SMB,34,45,10,494.00,"4,940.00"
2019-08-19,2019081901009133,SMB,34,45,10,485.00,"4,850.00"
2019-08-19,2019081901008931,SMB,34,45,10,476.00,"4,760.00"
2019-08-19,2019081901009250,SMFBS,34,26,10,834.00,"8,340.00"
2019-08-19,2019081901009104,SMFBS,26,36,10,825.00,"8,250.00"
2019-08-19,2019081901009062,SMFDB,49,37,10,550.00,"5,500.00"
2019-08-19,2019081901008864,SPARS,38,38,10,618.00,"6,180.00"
2019-08-19,2019081901009141,SPDL,45,29,15,84.00,"1,260.00"
2019-08-19,2019081901008913,SPDL,8,11,50,85.00,"4,250.00"
2019-08-19,2019081901009138,SRBL,13,56,50,237.00,"11,850.00"
2019-08-19,2019081901009006,SRBL,42,43,22,234.00,"5,148.00"
2019-08-19,2019081901009005,SRBL,22,43,500,234.00,"117,000.00"
2019-08-19,2019081901009004,SRBL,29,43,28,235.00,"6,580.00"
2019-08-19,2019081901008809,SWBBL,34,21,161,919.00,"147,959.00"
2019-08-19,2019081901008914,TRH,34,34,10,309.00,"3,090.00"
2019-08-19,2019081901008890,TRH,4,56,40,305.00,"12,200.00"
2019-08-19,2019081901008882,TRH,25,57,200,306.00,"61,200.00"
2019-08-19,2019081901008881,TRH,5,57,300,306.00,"91,800.00"
2019-08-19,2019081901009209,UFL,25,17,100,177.00,"17,700.00"
2019-08-19,2019081901008937,UIC,1,40,208,304.00,"63,232.00"
2019-08-19,2019081901008936,UIC,47,40,100,304.00,"30,400.00"
2019-08-19,2019081901008935,UIC,13,40,200,305.00,"61,000.00"
2019-08-19,2019081901008934,UIC,5,40,54,305.00,"16,470.00"
2019-08-19,2019081901009162,UMHL,42,29,10,106.00,"1,060.00"
2019-08-19,2019081901009295,UPPER,47,57,40,258.00,"10,320.00"
2019-08-19,2019081901009201,UPPER,47,38,40,258.00,"10,320.00"
2019-08-19,2019081901009197,UPPER,47,45,20,258.00,"5,160.00"
2019-08-19,2019081901009196,UPPER,8,45,100,258.00,"25,800.00"
2019-08-19,2019081901009195,UPPER,47,45,200,258.00,"51,600.00"
2019-08-19,2019081901009194,UPPER,14,45,180,258.00,"46,440.00"
2019-08-19,2019081901008887,UPPER,37,38,40,258.00,"10,320.00"
2019-08-19,2019081901008846,UPPER,37,3,30,258.00,"7,740.00"
2019-08-19,2019081901008845,UPPER,45,3,10,258.00,"2,580.00"
2019-08-19,2019081901008844,UPPER,46,3,10,258.00,"2,580.00"
2019-08-19,2019081901009185,UPPER,14,29,20,258.00,"5,160.00"
2019-08-19,2019081901009184,UPPER,37,29,30,258.00,"7,740.00"
2019-08-19,2019081901009147,UPPER,44,44,25,259.00,"6,475.00"
2019-08-19,2019081901009132,UPPER,37,38,50,258.00,"12,900.00"
2019-08-19,2019081901009033,UPPER,40,44,100,259.00,"25,900.00"
2019-08-19,2019081901008998,UPPER,37,38,50,258.00,"12,900.00"
2019-08-19,2019081901008796,ADBL,34,58,10,430.00,"4,300.00"
2019-08-19,2019081901008641,ADBL,45,14,35,429.00,"15,015.00"
2019-08-19,2019081901008590,ADBL,6,58,25,430.00,"10,750.00"
2019-08-19,2019081901008543,ADBL,45,38,100,429.00,"42,900.00"
2019-08-19,2019081901008457,ADBL,45,58,"1,750",429.00,"750,750.00"
2019-08-19,2019081901008456,ADBL,6,58,"1,500",429.00,"643,500.00"
2019-08-19,2019081901008455,ADBL,43,58,500,429.00,"214,500.00"
2019-08-19,2019081901008454,ADBL,44,58,500,429.00,"214,500.00"
2019-08-19,2019081901008453,ADBL,36,58,500,429.00,"214,500.00"
2019-08-19,2019081901008452,ADBL,41,58,150,429.00,"64,350.00"
2019-08-19,2019081901008451,ADBL,36,58,100,429.00,"42,900.00"
2019-08-19,2019081901008764,ALBSL,26,47,10,467.00,"4,670.00"
2019-08-19,2019081901008707,ALICL,58,51,20,349.00,"6,980.00"
2019-08-19,2019081901008584,ALICL,42,51,30,345.00,"10,350.00"
2019-08-19,2019081901008583,ALICL,57,51,452,345.00,"155,940.00"
2019-08-19,2019081901008579,API,34,29,18,128.00,"2,304.00"
2019-08-19,2019081901008782,BARUN,40,56,10,88.00,880.00
2019-08-19,2019081901008762,BARUN,40,29,10,87.00,870.00
2019-08-19,2019081901008669,BPCL,58,29,11,392.00,"4,312.00"
2019-08-19,2019081901008652,BPCL,58,14,22,392.00,"8,624.00"
2019-08-19,2019081901008371,BPCL,8,8,22,393.00,"8,646.00"
2019-08-19,2019081901008332,BPCL,33,44,389,397.00,"154,433.00"
2019-08-19,2019081901008331,BPCL,33,57,11,397.00,"4,367.00"
2019-08-19,2019081901008330,BPCL,33,3,100,396.00,"39,600.00"
2019-08-19,2019081901008602,CBBL,26,6,10,993.00,"9,930.00"
2019-08-19,2019081901008601,CBBL,26,50,100,992.00,"99,200.00"
2019-08-19,2019081901008447,CBBL,34,6,90,993.00,"89,370.00"
2019-08-19,2019081901008740,CBL,21,42,164,147.00,"24,108.00"
2019-08-19,2019081901008739,CBL,17,42,89,147.00,"13,083.00"
2019-08-19,2019081901008673,CBL,17,6,509,147.00,"74,823.00"
2019-08-19,2019081901008619,CBL,17,38,300,147.00,"44,100.00"
2019-08-19,2019081901008415,CBL,34,22,10,148.00,"1,480.00"
2019-08-19,2019081901008802,CHCL,21,10,100,450.00,"45,000.00"
2019-08-19,2019081901008471,CHCL,40,34,100,450.00,"45,000.00"
2019-08-19,2019081901008470,CHCL,40,55,234,450.00,"105,300.00"
2019-08-19,2019081901008404,CHCL,33,55,100,450.00,"45,000.00"
2019-08-19,2019081901008390,CZBIL,17,37,280,218.00,"61,040.00"
2019-08-19,2019081901008488,DBBL,19,1,43,138.00,"5,934.00"
2019-08-19,2019081901008771,FMDBL,19,59,150,396.00,"59,400.00"
2019-08-19,2019081901008770,FMDBL,14,59,50,397.00,"19,850.00"
2019-08-19,2019081901008671,FMDBL,19,59,200,396.00,"79,200.00"
2019-08-19,2019081901008670,FMDBL,44,59,50,397.00,"19,850.00"
2019-08-19,2019081901008484,FMDBL,44,7,40,397.00,"15,880.00"
2019-08-19,2019081901008631,GBBL,26,42,151,215.00,"32,465.00"
2019-08-19,2019081901008677,GBLBS,54,42,10,366.00,"3,660.00"
2019-08-19,2019081901008492,GBLBS,54,37,40,366.00,"14,640.00"
2019-08-19,2019081901008751,GDBL,38,6,116,208.00,"24,128.00"
2019-08-19,2019081901008480,GDBL,38,58,184,208.00,"38,272.00"
2019-08-19,2019081901008479,GDBL,44,58,100,208.00,"20,800.00"
2019-08-19,2019081901008437,GDBL,49,49,"3,216",208.00,"668,928.00"
2019-08-19,2019081901008380,GFCL,28,44,500,141.00,"70,500.00"
2019-08-19,2019081901008379,GFCL,28,20,300,141.00,"42,300.00"
2019-08-19,2019081901008378,GFCL,28,20,200,141.00,"28,200.00"
2019-08-19,2019081901008377,GFCL,28,44,100,140.00,"14,000.00"
2019-08-19,2019081901008376,GFCL,28,25,23,140.00,"3,220.00"
2019-08-19,2019081901008806,GHL,28,47,10,82.00,820.00
2019-08-19,2019081901008788,GHL,28,47,30,82.00,"2,460.00"
2019-08-19,2019081901008425,GILB,6,34,100,790.00,"79,000.00"
2019-08-19,2019081901008773,GLBSL,17,41,10,510.00,"5,100.00"
2019-08-19,2019081901008427,GLICL,55,39,100,456.00,"45,600.00"
2019-08-19,2019081901008426,GLICL,38,39,182,456.00,"82,992.00"
2019-08-19,2019081901008688,GMFBS,26,46,10,570.00,"5,700.00"
2019-08-19,2019081901008607,GMFBS,26,54,10,567.00,"5,670.00"
2019-08-19,2019081901008595,GMFBS,26,40,20,567.00,"11,340.00"
2019-08-19,2019081901008510,GMFIL,14,26,53,116.00,"6,148.00"
2019-08-19,2019081901008509,GMFIL,50,26,"1,000",116.00,"116,000.00"
2019-08-19,2019081901008508,GMFIL,47,26,100,117.00,"11,700.00"
2019-08-19,2019081901008507,GMFIL,49,26,300,117.00,"35,100.00"
2019-08-19,2019081901008506,GMFIL,17,26,500,117.00,"58,500.00"
2019-08-19,2019081901008505,GMFIL,1,26,57,117.00,"6,669.00"
2019-08-19,2019081901008504,GMFIL,17,26,500,118.00,"59,000.00"
2019-08-19,2019081901008503,GMFIL,56,26,20,118.00,"2,360.00"
2019-08-19,2019081901008435,GRDBL,51,45,50,106.00,"5,300.00"
2019-08-19,2019081901008727,HBL,58,18,20,553.00,"11,060.00"
2019-08-19,2019081901008609,HGI,45,58,30,328.00,"9,840.00"
2019-08-19,2019081901008774,HIDCL,34,13,55,149.00,"8,195.00"
2019-08-19,2019081901008699,HIDCL,59,6,54,148.00,"7,992.00"
2019-08-19,2019081901008698,HIDCL,51,6,22,148.00,"3,256.00"
2019-08-19,2019081901008687,HIDCL,51,29,61,148.00,"9,028.00"
2019-08-19,2019081901008649,HIDCL,53,6,500,149.00,"74,500.00"
2019-08-19,2019081901008597,HIDCL,51,45,17,148.00,"2,516.00"
2019-08-19,2019081901008596,HIDCL,40,45,44,148.00,"6,512.00"
2019-08-19,2019081901008693,HPPL,45,29,10,156.00,"1,560.00"
2019-08-19,2019081901008678,HPPL,45,14,10,156.00,"1,560.00"
2019-08-19,2019081901008805,ILBS,57,26,10,474.00,"4,740.00"
2019-08-19,2019081901008779,ILBS,57,47,10,474.00,"4,740.00"
2019-08-19,2019081901008738,ILBS,57,51,10,474.00,"4,740.00"
2019-08-19,2019081901008733,ILBS,57,41,10,474.00,"4,740.00"
2019-08-19,2019081901008695,ILBS,38,51,10,475.00,"4,750.00"
2019-08-19,2019081901008632,ILBS,38,51,10,475.00,"4,750.00"
2019-08-19,2019081901008400,ILBS,38,17,10,478.00,"4,780.00"
2019-08-19,2019081901008394,ILBS,57,16,10,474.00,"4,740.00"
2019-08-19,2019081901008383,ILBS,38,4,10,478.00,"4,780.00"
2019-08-19,2019081901008363,ILBS,38,26,100,475.00,"47,500.00"
2019-08-19,2019081901008613,ILBS,38,4,10,475.00,"4,750.00"
2019-08-19,2019081901008611,ILBS,38,41,10,475.00,"4,750.00"
2019-08-19,2019081901008577,ILBS,38,44,10,475.00,"4,750.00"
2019-08-19,2019081901008575,ILBS,39,54,10,475.00,"4,750.00"
2019-08-19,2019081901008468,ILBS,39,21,10,475.00,"4,750.00"
2019-08-19,2019081901008401,ILBS,38,56,10,479.00,"4,790.00"
2019-08-19,2019081901008760,JBBL,32,57,200,158.00,"31,600.00"
2019-08-19,2019081901008697,JBBL,32,42,187,158.00,"29,546.00"
2019-08-19,2019081901008696,JBBL,10,42,12,158.00,"1,896.00"
2019-08-19,2019081901008701,JFL,56,6,88,190.00,"16,720.00"
2019-08-19,2019081901008768,KBL,8,50,11,205.00,"2,255.00"
2019-08-19,2019081901008767,KBL,8,49,493,205.00,"101,065.00"
2019-08-19,2019081901008737,KBL,58,49,20,205.00,"4,100.00"
2019-08-19,2019081901008467,KBL,18,49,64,205.00,"13,120.00"
2019-08-19,2019081901008466,KBL,5,49,16,205.00,"3,280.00"
2019-08-19,2019081901008465,KBL,22,49,"1,000",205.00,"205,000.00"
2019-08-19,2019081901008464,KBL,53,49,250,205.00,"51,250.00"
2019-08-19,2019081901008463,KBL,33,49,"1,750",205.00,"358,750.00"
2019-08-19,2019081901008709,KPCL,42,29,10,86.00,860.00
2019-08-19,2019081901008721,LBBL,4,29,18,178.00,"3,204.00"
2019-08-19,2019081901008676,LBBL,45,13,800,179.00,"143,200.00"
2019-08-19,2019081901008675,LBBL,48,13,100,180.00,"18,000.00"
2019-08-19,2019081901008674,LBBL,33,13,200,180.00,"36,000.00"
2019-08-19,2019081901008793,LGIL,49,8,10,407.00,"4,070.00"
2019-08-19,2019081901008629,LGIL,51,14,100,401.00,"40,100.00"
2019-08-19,2019081901008628,LGIL,49,14,200,401.00,"80,200.00"
2019-08-19,2019081901008627,LGIL,44,14,50,402.00,"20,100.00"
2019-08-19,2019081901008626,LGIL,20,14,50,402.00,"20,100.00"
2019-08-19,2019081901008726,LICN,53,58,50,"1,120.00","56,000.00"
2019-08-19,2019081901008532,MBL,14,58,200,256.00,"51,200.00"
2019-08-19,2019081901008500,MBL,14,28,"1,000",256.00,"256,000.00"
2019-08-19,2019081901008409,MBL,17,59,200,256.00,"51,200.00"
2019-08-19,2019081901008408,MBL,14,59,931,256.00,"238,336.00"
2019-08-19,2019081901008396,MBL,14,39,40,256.00,"10,240.00"
2019-08-19,2019081901008391,MBL,25,58,100,257.00,"25,700.00"
2019-08-19,2019081901008571,MEGA,34,57,500,202.00,"101,000.00"
2019-08-19,2019081901008570,MEGA,14,57,100,202.00,"20,200.00"
2019-08-19,2019081901008569,MEGA,38,57,341,202.00,"68,882.00"
2019-08-19,2019081901008574,MEGA,32,57,184,202.00,"37,168.00"
2019-08-19,2019081901008573,MEGA,53,57,250,202.00,"50,500.00"
2019-08-19,2019081901008572,MEGA,54,57,125,202.00,"25,250.00"
2019-08-19,2019081901008724,MEGA,32,29,100,202.00,"20,200.00"
2019-08-19,2019081901008765,MFIL,17,47,10,129.00,"1,290.00"
2019-08-19,2019081901008513,MFIL,25,59,20,128.00,"2,560.00"
2019-08-19,2019081901008337,MHNL,47,42,10,99.00,990.00
2019-08-19,2019081901008313,MHNL,47,41,30,99.00,"2,970.00"
2019-08-19,2019081901008702,MLBL,49,59,30,211.00,"6,330.00"
2019-08-19,2019081901008620,MLBL,37,13,484,210.00,"101,640.00"
2019-08-19,2019081901008494,MLBL,37,45,16,210.00,"3,360.00"
2019-08-19,2019081901008493,MLBL,37,45,200,210.00,"42,000.00"
2019-08-19,2019081901008566,MNBBL,41,51,287,329.00,"94,423.00"
2019-08-19,2019081901008565,MNBBL,41,34,263,329.00,"86,527.00"
2019-08-19,2019081901008564,MNBBL,41,20,50,328.00,"16,400.00"
2019-08-19,2019081901008557,MNBBL,52,20,50,328.00,"16,400.00"
2019-08-19,2019081901008412,MNBBL,52,28,50,328.00,"16,400.00"
2019-08-19,2019081901008411,MNBBL,53,28,150,328.00,"49,200.00"
2019-08-19,2019081901008410,MNBBL,41,28,100,328.00,"32,800.00"
2019-08-19,2019081901008639,MSMBS,40,25,11,512.00,"5,632.00"
2019-08-19,2019081901008638,MSMBS,40,50,100,512.00,"51,200.00"
2019-08-19,2019081901008637,MSMBS,40,41,10,512.00,"5,120.00"
2019-08-19,2019081901008621,MSMBS,40,41,20,511.00,"10,220.00"
2019-08-19,2019081901008622,NABIL,43,17,270,777.00,"209,790.00"
2019-08-19,2019081901008518,NABIL,43,42,50,777.00,"38,850.00"
2019-08-19,2019081901008517,NABIL,53,42,100,778.00,"77,800.00"
2019-08-19,2019081901008485,NABIL,53,36,100,778.00,"77,800.00"
2019-08-19,2019081901008482,NABIL,53,10,100,778.00,"77,800.00"
2019-08-19,2019081901008481,NABIL,53,41,100,778.00,"77,800.00"
2019-08-19,2019081901008316,NABIL,33,41,50,778.00,"38,900.00"
2019-08-19,2019081901008630,NAGRO,34,25,10,785.00,"7,850.00"
2019-08-19,2019081901008342,NAGRO,55,4,10,777.00,"7,770.00"
2019-08-19,2019081901008722,NBB,41,34,26,217.00,"5,642.00"
2019-08-19,2019081901008705,NBB,38,56,141,216.00,"30,456.00"
2019-08-19,2019081901008704,NBB,51,56,"1,000",216.00,"216,000.00"
2019-08-19,2019081901008703,NBB,38,56,700,216.00,"151,200.00"
2019-08-19,2019081901008414,NBB,38,8,300,216.00,"64,800.00"
2019-08-19,2019081901008361,NBB,18,34,30,217.00,"6,510.00"
2019-08-19,2019081901008795,NBL,36,58,14,328.00,"4,592.00"
2019-08-19,2019081901008752,NBL,10,42,100,327.00,"32,700.00"
2019-08-19,2019081901008640,NBL,21,22,"1,039",327.00,"339,753.00"
2019-08-19,2019081901008460,NBL,43,22,100,327.00,"32,700.00"
2019-08-19,2019081901008434,NBL,21,22,300,327.00,"98,100.00"
2019-08-19,2019081901008433,NBL,45,22,100,327.00,"32,700.00"
2019-08-19,2019081901008432,NBL,33,22,500,327.00,"163,500.00"
2019-08-19,2019081901008431,NBL,21,22,150,327.00,"49,050.00"
2019-08-19,2019081901008430,NBL,35,22,211,327.00,"68,997.00"
2019-08-19,2019081901008320,NBL,26,58,40,328.00,"13,120.00"
2019-08-19,2019081901008754,NGPL,16,58,11,114.00,"1,254.00"
2019-08-19,2019081901008618,NGPL,48,40,100,114.00,"11,400.00"
2019-08-19,2019081901008755,NHPC,16,33,500,61.00,"30,500.00"
2019-08-19,2019081901008329,NHPC,47,40,430,60.00,"25,800.00"
2019-08-19,2019081901008712,NIB,13,17,25,478.00,"11,950.00"
2019-08-19,2019081901008542,NIB,52,25,427,478.00,"204,106.00"
2019-08-19,2019081901008541,NIB,52,42,500,478.00,"239,000.00"
2019-08-19,2019081901008540,NIB,52,41,148,478.00,"70,744.00"
2019-08-19,2019081901008534,NIB,48,54,30,477.00,"14,310.00"
2019-08-19,2019081901008472,NIB,1,16,44,476.00,"20,944.00"
2019-08-19,2019081901008448,NIB,1,16,44,476.00,"20,944.00"
2019-08-19,2019081901008420,NIB,52,14,61,477.00,"29,097.00"
2019-08-19,2019081901008419,NIB,52,42,300,477.00,"143,100.00"
2019-08-19,2019081901008418,NIB,52,45,200,477.00,"95,400.00"
2019-08-19,2019081901008417,NIB,52,1,269,477.00,"128,313.00"
2019-08-19,2019081901008406,NIBPO,32,35,150,434.00,"65,100.00"
2019-08-19,2019081901008556,NIBPO,32,6,150,433.00,"64,950.00"
2019-08-19,2019081901008555,NIBPO,43,6,500,433.00,"216,500.00"
2019-08-19,2019081901008554,NIBPO,17,6,20,433.00,"8,660.00"
2019-08-19,2019081901008441,NIBPO,45,28,30,435.00,"13,050.00"
2019-08-19,2019081901008407,NIBPO,45,35,15,434.00,"6,510.00"
2019-08-19,2019081901008761,NICA,36,47,11,462.00,"5,082.00"
2019-08-19,2019081901008544,NICA,37,3,150,460.00,"69,000.00"
2019-08-19,2019081901008459,NICA,37,4,17,460.00,"7,820.00"
2019-08-19,2019081901008445,NICA,53,47,450,462.00,"207,900.00"
2019-08-19,2019081901008444,NICA,53,57,50,462.00,"23,100.00"
2019-08-19,2019081901008422,NICA,37,28,155,460.00,"71,300.00"
2019-08-19,2019081901008421,NICA,45,28,345,460.00,"158,700.00"
2019-08-19,2019081901008403,NICA,22,56,100,461.00,"46,100.00"
2019-08-19,2019081901008372,NICA,32,44,500,461.00,"230,500.00"
2019-08-19,2019081901008561,NICL,13,54,250,303.00,"75,750.00"
2019-08-19,2019081901008549,NICL,39,54,150,304.00,"45,600.00"
2019-08-19,2019081901008548,NICL,49,54,100,304.00,"30,400.00"
2019-08-19,2019081901008715,NIL,58,58,20,459.00,"9,180.00"
2019-08-19,2019081901008358,NIL,17,56,90,453.00,"40,770.00"
2019-08-19,2019081901008357,NIL,45,56,10,453.00,"4,530.00"
2019-08-19,2019081901008598,NLBBL,41,32,50,561.00,"28,050.00"
2019-08-19,2019081901008353,NLBBL,33,10,520,560.00,"291,200.00"
2019-08-19,2019081901008783,NLIC,8,44,176,869.00,"152,944.00"
2019-08-19,2019081901008759,NLIC,8,14,17,868.00,"14,756.00"
2019-08-19,2019081901008651,NLIC,8,54,10,868.00,"8,680.00"
2019-08-19,2019081901008562,NLIC,50,44,10,869.00,"8,690.00"
2019-08-19,2019081901008547,NLIC,8,54,10,868.00,"8,680.00"
2019-08-19,2019081901008397,NLIC,26,4,10,867.00,"8,670.00"
2019-08-19,2019081901008327,NLIC,19,44,58,869.00,"50,402.00"
2019-08-19,2019081901008325,NLIC,45,44,10,869.00,"8,690.00"
2019-08-19,2019081901008399,NMBHF1,4,26,"1,000",9.80,"9,800.00"
2019-08-19,2019081901008714,NTC,45,58,20,671.00,"13,420.00"
2019-08-19,2019081901008606,NTC,34,43,140,670.00,"93,800.00"
2019-08-19,2019081901008563,NTC,59,43,10,670.00,"6,700.00"
2019-08-19,2019081901008545,NTC,22,43,60,669.00,"40,140.00"
2019-08-19,2019081901008785,PCBL,17,51,50,278.00,"13,900.00"
2019-08-19,2019081901008747,PCBL,58,51,20,278.00,"5,560.00"
2019-08-19,2019081901008711,PMHPL,58,14,10,100.00,"1,000.00"
2019-08-19,2019081901008605,PMHPL,42,47,10,100.00,"1,000.00"
2019-08-19,2019081901008486,PPCL,43,29,10,115.00,"1,150.00"
2019-08-19,2019081901008438,PPCL,43,29,30,115.00,"3,450.00"
2019-08-19,2019081901008328,PPCL,43,29,20,115.00,"2,300.00"
2019-08-19,2019081901008559,PRVU,14,45,54,269.00,"14,526.00"
2019-08-19,2019081901008499,PRVU,6,8,100,270.00,"27,000.00"
2019-08-19,2019081901008443,PRVU,32,10,100,271.00,"27,100.00"
2019-08-19,2019081901008387,PRVU,50,8,100,269.00,"26,900.00"
2019-08-19,2019081901008386,PRVU,14,8,300,269.00,"80,700.00"
2019-08-19,2019081901008385,PRVU,56,8,100,269.00,"26,900.00"
2019-08-19,2019081901008745,RHPC,57,29,14,87.00,"1,218.00"
2019-08-19,2019081901008792,RHPL,34,44,40,204.00,"8,160.00"
2019-08-19,2019081901008789,RHPL,34,18,30,204.00,"6,120.00"
2019-08-19,2019081901008787,RHPL,34,3,40,204.00,"8,160.00"
2019-08-19,2019081901008786,RHPL,34,39,30,204.00,"6,120.00"
2019-08-19,2019081901008781,RHPL,34,41,30,204.00,"6,120.00"
2019-08-19,2019081901008778,RHPL,34,42,50,204.00,"10,200.00"
2019-08-19,2019081901008311,RHPL,34,4,40,205.00,"8,200.00"
2019-08-19,2019081901008310,RHPL,34,29,30,205.00,"6,150.00"
2019-08-19,2019081901008335,RHPL,34,29,30,205.00,"6,150.00"
2019-08-19,2019081901008324,RHPL,34,4,40,205.00,"8,200.00"
2019-08-19,2019081901008318,RHPL,34,29,30,205.00,"6,150.00"
2019-08-19,2019081901008317,RHPL,34,47,10,205.00,"2,050.00"
2019-08-19,2019081901008315,RHPL,34,11,40,205.00,"8,200.00"
2019-08-19,2019081901008312,RHPL,34,39,40,205.00,"8,200.00"
2019-08-19,2019081901008356,RHPL,34,39,40,205.00,"8,200.00"
2019-08-19,2019081901008354,RHPL,34,29,40,205.00,"8,200.00"
2019-08-19,2019081901008352,RHPL,34,48,30,205.00,"6,150.00"
2019-08-19,2019081901008343,RHPL,34,29,30,205.00,"6,150.00"
2019-08-19,2019081901008339,RHPL,34,8,30,205.00,"6,150.00"
2019-08-19,2019081901008336,RHPL,34,41,40,205.00,"8,200.00"
2019-08-19,2019081901008384,RHPL,34,39,40,205.00,"8,200.00"
2019-08-19,2019081901008382,RHPL,36,44,12,206.00,"2,472.00"
2019-08-19,2019081901008381,RHPL,34,29,30,205.00,"6,150.00"
2019-08-19,2019081901008370,RHPL,34,29,30,205.00,"6,150.00"
2019-08-19,2019081901008362,RHPL,34,29,30,205.00,"6,150.00"
2019-08-19,2019081901008359,RHPL,34,47,10,205.00,"2,050.00"
2019-08-19,2019081901008416,RHPL,34,4,40,205.00,"8,200.00"
2019-08-19,2019081901008413,RHPL,34,29,30,205.00,"6,150.00"
2019-08-19,2019081901008405,RHPL,34,39,40,205.00,"8,200.00"
2019-08-19,2019081901008398,RHPL,34,29,30,205.00,"6,150.00"
2019-08-19,2019081901008395,RHPL,34,4,40,205.00,"8,200.00"
2019-08-19,2019081901008389,RHPL,34,29,30,205.00,"6,150.00"
2019-08-19,2019081901008461,RHPL,8,41,30,205.00,"6,150.00"
2019-08-19,2019081901008450,RHPL,8,29,30,205.00,"6,150.00"
2019-08-19,2019081901008442,RHPL,34,29,30,205.00,"6,150.00"
2019-08-19,2019081901008436,RHPL,34,29,30,205.00,"6,150.00"
2019-08-19,2019081901008429,RHPL,34,29,30,205.00,"6,150.00"
2019-08-19,2019081901008423,RHPL,34,45,"1,000",205.00,"205,000.00"
2019-08-19,2019081901008501,RHPL,21,14,20,205.00,"4,100.00"
2019-08-19,2019081901008497,RHPL,21,29,30,205.00,"6,150.00"
2019-08-19,2019081901008496,RHPL,21,29,30,205.00,"6,150.00"
2019-08-19,2019081901008495,RHPL,21,29,30,205.00,"6,150.00"
2019-08-19,2019081901008491,RHPL,34,39,40,204.00,"8,160.00"
2019-08-19,2019081901008487,RHPL,34,58,40,204.00,"8,160.00"
2019-08-19,2019081901008553,RHPL,21,29,30,205.00,"6,150.00"
2019-08-19,2019081901008546,RHPL,21,6,200,205.00,"41,000.00"
2019-08-19,2019081901008539,RHPL,21,29,30,205.00,"6,150.00"
2019-08-19,2019081901008514,RHPL,21,29,30,205.00,"6,150.00"
2019-08-19,2019081901008511,RHPL,21,39,40,205.00,"8,200.00"
2019-08-19,2019081901008502,RHPL,21,29,40,205.00,"8,200.00"
2019-08-19,2019081901008586,RHPL,34,41,30,204.00,"6,120.00"
2019-08-19,2019081901008582,RHPL,34,47,10,204.00,"2,040.00"
2019-08-19,2019081901008581,RHPL,34,21,40,204.00,"8,160.00"
2019-08-19,2019081901008580,RHPL,34,37,40,204.00,"8,160.00"
2019-08-19,2019081901008567,RHPL,21,39,20,205.00,"4,100.00"
2019-08-19,2019081901008560,RHPL,21,39,40,205.00,"8,200.00"
2019-08-19,2019081901008614,RHPL,32,29,30,205.00,"6,150.00"
2019-08-19,2019081901008608,RHPL,34,37,40,204.00,"8,160.00"
2019-08-19,2019081901008593,RHPL,34,4,30,204.00,"6,120.00"
2019-08-19,2019081901008592,RHPL,41,4,10,205.00,"2,050.00"
2019-08-19,2019081901008588,RHPL,41,29,30,205.00,"6,150.00"
2019-08-19,2019081901008587,RHPL,41,39,20,205.00,"4,100.00"
2019-08-19,2019081901008643,RHPL,14,42,40,205.00,"8,200.00"
2019-08-19,2019081901008642,RHPL,14,29,30,205.00,"6,150.00"
2019-08-19,2019081901008636,RHPL,34,4,40,204.00,"8,160.00"
2019-08-19,2019081901008635,RHPL,34,37,40,204.00,"8,160.00"
2019-08-19,2019081901008625,RHPL,34,18,30,204.00,"6,120.00"
2019-08-19,2019081901008623,RHPL,34,21,40,204.00,"8,160.00"
2019-08-19,2019081901008692,RHPL,34,17,40,204.00,"8,160.00"
2019-08-19,2019081901008689,RHPL,32,18,30,205.00,"6,150.00"
2019-08-19,2019081901008685,RHPL,32,29,30,205.00,"6,150.00"
2019-08-19,2019081901008679,RHPL,34,37,40,204.00,"8,160.00"
2019-08-19,2019081901008672,RHPL,34,21,40,204.00,"8,160.00"
2019-08-19,2019081901008646,RHPL,14,29,30,205.00,"6,150.00"
2019-08-19,2019081901008736,RHPL,32,29,30,205.00,"6,150.00"
2019-08-19,2019081901008734,RHPL,34,37,40,204.00,"8,160.00"
2019-08-19,2019081901008725,RHPL,34,18,30,204.00,"6,120.00"
2019-08-19,2019081901008717,RHPL,34,14,40,204.00,"8,160.00"
2019-08-19,2019081901008713,RHPL,34,17,40,204.00,"8,160.00"
2019-08-19,2019081901008694,RHPL,34,37,40,204.00,"8,160.00"
2019-08-19,2019081901008777,RHPL,34,55,20,204.00,"4,080.00"
2019-08-19,2019081901008766,RHPL,34,37,40,204.00,"8,160.00"
2019-08-19,2019081901008758,RHPL,34,18,30,204.00,"6,120.00"
2019-08-19,2019081901008749,RHPL,34,55,20,204.00,"4,080.00"
2019-08-19,2019081901008744,RHPL,34,41,30,204.00,"6,120.00"
2019-08-19,2019081901008742,RHPL,34,16,10,204.00,"2,040.00"
2019-08-19,2019081901008756,RRHP,47,29,10,104.00,"1,040.00"
2019-08-19,2019081901008617,RRHP,47,44,10,104.00,"1,040.00"
2019-08-19,2019081901008589,RRHP,47,44,10,104.00,"1,040.00"
2019-08-19,2019081901008784,RSDC,17,6,10,358.00,"3,580.00"
2019-08-19,2019081901008648,SANIMA,36,26,239,352.00,"84,128.00"
2019-08-19,2019081901008538,SBL,45,45,106,317.00,"33,602.00"
2019-08-19,2019081901008537,SBL,29,45,110,317.00,"34,870.00"
2019-08-19,2019081901008309,SBL,29,22,40,317.00,"12,680.00"
2019-08-19,2019081901008308,SBL,13,22,185,317.00,"58,645.00"
2019-08-19,2019081901008307,SBL,33,22,307,317.00,"97,319.00"
2019-08-19,2019081901008682,SCB,51,54,20,642.00,"12,840.00"
2019-08-19,2019081901008612,SCB,51,41,25,642.00,"16,050.00"
2019-08-19,2019081901008558,SCB,51,54,20,642.00,"12,840.00"
2019-08-19,2019081901008797,SHIVM,32,45,50,588.00,"29,400.00"
2019-08-19,2019081901008319,SHIVM,28,41,50,586.00,"29,300.00"
2019-08-19,2019081901008801,SHL,49,57,"16,219",232.00,"3,762,808.00"
2019-08-19,2019081901008800,SHL,49,11,419,232.00,"97,208.00"
2019-08-19,2019081901008799,SHL,49,43,500,231.00,"115,500.00"
2019-08-19,2019081901008775,SHL,13,43,100,230.00,"23,000.00"
2019-08-19,2019081901008686,SHL,56,43,500,229.00,"114,500.00"
2019-08-19,2019081901008478,SHL,7,43,300,229.00,"68,700.00"
2019-08-19,2019081901008360,SHL,40,57,300,230.00,"69,000.00"
2019-08-19,2019081901008477,SHL,10,43,"1,000",229.00,"229,000.00"
2019-08-19,2019081901008476,SHL,56,43,100,229.00,"22,900.00"
2019-08-19,2019081901008475,SHL,10,43,100,229.00,"22,900.00"
2019-08-19,2019081901008474,SHL,50,43,100,229.00,"22,900.00"
2019-08-19,2019081901008473,SHL,6,43,"1,000",229.00,"229,000.00"
2019-08-19,2019081901008368,SHL,18,43,500,229.00,"114,500.00"
2019-08-19,2019081901008794,SHPC,45,56,11,231.00,"2,541.00"
2019-08-19,2019081901008763,SHPC,45,29,39,231.00,"9,009.00"
2019-08-19,2019081901008364,SHPC,40,29,39,230.00,"8,970.00"
2019-08-19,2019081901008552,SIC,10,43,110,579.00,"63,690.00"
2019-08-19,2019081901008551,SIC,4,43,170,580.00,"98,600.00"
2019-08-19,2019081901008550,SIC,11,43,20,580.00,"11,600.00"
2019-08-19,2019081901008746,SICL,21,16,10,775.00,"7,750.00"
2019-08-19,2019081901008576,SINDU,36,42,10,132.00,"1,320.00"
2019-08-19,2019081901008804,SJCL,49,3,20,219.00,"4,380.00"
2019-08-19,2019081901008803,SJCL,49,18,20,219.00,"4,380.00"
2019-08-19,2019081901008798,SJCL,49,43,20,219.00,"4,380.00"
2019-08-19,2019081901008791,SJCL,49,42,20,219.00,"4,380.00"
2019-08-19,2019081901008790,SJCL,49,41,20,219.00,"4,380.00"
2019-08-19,2019081901008776,SJCL,49,37,20,219.00,"4,380.00"
2019-08-19,2019081901008326,SJCL,52,47,10,219.00,"2,190.00"
2019-08-19,2019081901008323,SJCL,52,11,20,219.00,"4,380.00"
2019-08-19,2019081901008321,SJCL,52,39,20,219.00,"4,380.00"
2019-08-19,2019081901008314,SJCL,52,4,20,219.00,"4,380.00"
2019-08-19,2019081901008367,SJCL,52,47,10,219.00,"2,190.00"
2019-08-19,2019081901008366,SJCL,52,48,20,219.00,"4,380.00"
2019-08-19,2019081901008365,SJCL,52,39,20,219.00,"4,380.00"
2019-08-19,2019081901008341,SJCL,52,41,20,219.00,"4,380.00"
2019-08-19,2019081901008334,SJCL,52,4,20,219.00,"4,380.00"
2019-08-19,2019081901008333,SJCL,52,8,20,219.00,"4,380.00"
2019-08-19,2019081901008458,SJCL,35,29,20,219.00,"4,380.00"
2019-08-19,2019081901008428,SJCL,35,39,20,219.00,"4,380.00"
2019-08-19,2019081901008424,SJCL,35,4,20,219.00,"4,380.00"
2019-08-19,2019081901008402,SJCL,35,4,10,219.00,"2,190.00"
2019-08-19,2019081901008393,SJCL,52,39,20,219.00,"4,380.00"
2019-08-19,2019081901008374,SJCL,52,29,20,219.00,"4,380.00"
2019-08-19,2019081901008519,SJCL,48,16,20,220.00,"4,400.00"
2019-08-19,2019081901008516,SJCL,35,39,20,219.00,"4,380.00"
2019-08-19,2019081901008515,SJCL,35,29,20,219.00,"4,380.00"
2019-08-19,2019081901008512,SJCL,35,58,20,219.00,"4,380.00"
2019-08-19,2019081901008483,SJCL,35,34,20,219.00,"4,380.00"
2019-08-19,2019081901008469,SJCL,35,41,20,219.00,"4,380.00"
2019-08-19,2019081901008525,SJCL,48,3,10,220.00,"2,200.00"
2019-08-19,2019081901008524,SJCL,48,16,20,220.00,"4,400.00"
2019-08-19,2019081901008523,SJCL,48,16,20,220.00,"4,400.00"
2019-08-19,2019081901008522,SJCL,48,16,20,220.00,"4,400.00"
2019-08-19,2019081901008521,SJCL,48,16,20,220.00,"4,400.00"
2019-08-19,2019081901008520,SJCL,48,16,20,220.00,"4,400.00"
2019-08-19,2019081901008531,SJCL,48,39,20,220.00,"4,400.00"
2019-08-19,2019081901008530,SJCL,48,39,20,220.00,"4,400.00"
2019-08-19,2019081901008529,SJCL,48,39,20,220.00,"4,400.00"
2019-08-19,2019081901008528,SJCL,48,39,20,220.00,"4,400.00"
2019-08-19,2019081901008527,SJCL,48,46,20,220.00,"4,400.00"
2019-08-19,2019081901008526,SJCL,48,3,20,220.00,"4,400.00"
2019-08-19,2019081901008536,SJCL,48,39,20,220.00,"4,400.00"
2019-08-19,2019081901008535,SJCL,48,39,20,220.00,"4,400.00"
2019-08-19,2019081901008533,SJCL,48,14,20,220.00,"4,400.00"
2019-08-19,2019081901008591,SJCL,48,21,20,220.00,"4,400.00"
2019-08-19,2019081901008585,SJCL,48,39,20,220.00,"4,400.00"
2019-08-19,2019081901008578,SJCL,48,39,20,220.00,"4,400.00"
2019-08-19,2019081901008616,SJCL,48,37,20,220.00,"4,400.00"
2019-08-19,2019081901008615,SJCL,48,17,20,220.00,"4,400.00"
2019-08-19,2019081901008604,SJCL,48,4,20,220.00,"4,400.00"
2019-08-19,2019081901008600,SJCL,48,41,20,220.00,"4,400.00"
2019-08-19,2019081901008599,SJCL,48,17,20,220.00,"4,400.00"
2019-08-19,2019081901008594,SJCL,48,37,20,220.00,"4,400.00"
2019-08-19,2019081901008654,SJCL,7,17,20,220.00,"4,400.00"
2019-08-19,2019081901008653,SJCL,7,17,20,220.00,"4,400.00"
2019-08-19,2019081901008650,SJCL,32,4,20,219.00,"4,380.00"
2019-08-19,2019081901008647,SJCL,35,37,20,219.00,"4,380.00"
2019-08-19,2019081901008634,SJCL,35,21,10,219.00,"2,190.00"
2019-08-19,2019081901008633,SJCL,48,21,10,220.00,"2,200.00"
2019-08-19,2019081901008660,SJCL,7,59,20,221.00,"4,420.00"
2019-08-19,2019081901008659,SJCL,7,59,20,221.00,"4,420.00"
2019-08-19,2019081901008658,SJCL,7,59,20,221.00,"4,420.00"
2019-08-19,2019081901008657,SJCL,7,59,20,221.00,"4,420.00"
2019-08-19,2019081901008656,SJCL,7,21,20,221.00,"4,420.00"
2019-08-19,2019081901008655,SJCL,7,58,20,221.00,"4,420.00"
2019-08-19,2019081901008667,SJCL,7,42,20,221.00,"4,420.00"
2019-08-19,2019081901008665,SJCL,7,34,160,221.00,"35,360.00"
2019-08-19,2019081901008664,SJCL,7,35,10,221.00,"2,210.00"
2019-08-19,2019081901008663,SJCL,7,35,10,221.00,"2,210.00"
2019-08-19,2019081901008662,SJCL,7,35,10,221.00,"2,210.00"
2019-08-19,2019081901008661,SJCL,7,59,20,221.00,"4,420.00"
2019-08-19,2019081901008691,SJCL,7,42,10,221.00,"2,210.00"
2019-08-19,2019081901008690,SJCL,7,37,20,221.00,"4,420.00"
2019-08-19,2019081901008684,SJCL,7,21,20,221.00,"4,420.00"
2019-08-19,2019081901008681,SJCL,7,42,20,221.00,"4,420.00"
2019-08-19,2019081901008680,SJCL,7,17,20,221.00,"4,420.00"
2019-08-19,2019081901008668,SJCL,7,18,20,221.00,"4,420.00"
2019-08-19,2019081901008723,SJCL,32,42,20,219.00,"4,380.00"
2019-08-19,2019081901008716,SJCL,32,17,20,219.00,"4,380.00"
2019-08-19,2019081901008710,SJCL,32,37,20,219.00,"4,380.00"
2019-08-19,2019081901008706,SJCL,32,17,20,219.00,"4,380.00"
2019-08-19,2019081901008700,SJCL,32,18,20,219.00,"4,380.00"
2019-08-19,2019081901008741,SJCL,32,18,20,219.00,"4,380.00"
2019-08-19,2019081901008732,SJCL,26,55,10,221.00,"2,210.00"
2019-08-19,2019081901008731,SJCL,32,17,20,219.00,"4,380.00"
2019-08-19,2019081901008730,SJCL,42,55,10,221.00,"2,210.00"
2019-08-19,2019081901008729,SJCL,42,42,10,221.00,"2,210.00"
2019-08-19,2019081901008728,SJCL,32,14,20,219.00,"4,380.00"
2019-08-19,2019081901008772,SJCL,49,18,20,219.00,"4,380.00"
2019-08-19,2019081901008769,SJCL,49,16,20,219.00,"4,380.00"
2019-08-19,2019081901008757,SJCL,49,37,20,219.00,"4,380.00"
2019-08-19,2019081901008753,SJCL,49,41,20,219.00,"4,380.00"
2019-08-19,2019081901008748,SJCL,26,17,20,220.00,"4,400.00"
2019-08-19,2019081901008743,SJCL,32,17,20,219.00,"4,380.00"
2019-08-19,2019081901008490,SKBBL,26,56,90,983.00,"88,470.00"
2019-08-19,2019081901008489,SKBBL,38,56,10,984.00,"9,840.00"
2019-08-19,2019081901008369,SKBBL,45,40,450,984.00,"442,800.00"
2019-08-19,2019081901008603,SLBSL,1,37,10,687.00,"6,870.00"
2019-08-19,2019081901008446,SLBSL,1,3,100,687.00,"68,700.00"
2019-08-19,2019081901008750,SLICL,29,42,20,300.00,"6,000.00"
2019-08-19,2019081901008720,SLICL,42,51,100,299.00,"29,900.00"
2019-08-19,2019081901008719,SLICL,45,51,20,299.00,"5,980.00"
2019-08-19,2019081901008718,SLICL,29,51,128,299.00,"38,272.00"
2019-08-19,2019081901008683,SLICL,29,13,110,299.00,"32,890.00"
2019-08-19,2019081901008666,SLICL,29,13,100,299.00,"29,900.00"
2019-08-19,2019081901008338,SLICL,18,42,50,300.00,"15,000.00"
2019-08-19,2019081901008624,SLICL,29,17,12,299.00,"3,588.00"
2019-08-19,2019081901008392,SMATA,47,41,121,"1,300.00","157,300.00"
2019-08-19,2019081901008498,SMFBS,34,21,10,831.00,"8,310.00"
2019-08-19,2019081901008340,SMFBS,34,58,10,831.00,"8,310.00"
2019-08-19,2019081901008644,SPARS,25,11,10,618.00,"6,180.00"
2019-08-19,2019081901008375,SPARS,11,11,10,608.00,"6,080.00"
2019-08-19,2019081901008351,SPARS,43,41,10,619.00,"6,190.00"
2019-08-19,2019081901008350,SPARS,43,19,40,619.00,"24,760.00"
2019-08-19,2019081901008349,SPARS,43,39,10,618.00,"6,180.00"
2019-08-19,2019081901008348,SPARS,43,37,10,618.00,"6,180.00"
2019-08-19,2019081901008347,SPARS,43,57,100,617.00,"61,700.00"
2019-08-19,2019081901008346,SPARS,43,40,10,617.00,"6,170.00"
2019-08-19,2019081901008345,SPARS,43,19,10,615.00,"6,150.00"
2019-08-19,2019081901008344,SPARS,43,6,10,608.00,"6,080.00"
2019-08-19,2019081901008780,SPDL,45,29,39,84.00,"3,276.00"
2019-08-19,2019081901008708,SRBL,41,43,250,236.00,"59,000.00"
2019-08-19,2019081901008610,SRBL,29,3,22,235.00,"5,170.00"
2019-08-19,2019081901008735,UPPER,34,44,100,259.00,"25,900.00"
2019-08-19,2019081901008645,UPPER,33,44,660,259.00,"170,940.00"
2019-08-19,2019081901008568,UPPER,33,42,200,259.00,"51,800.00"
2019-08-19,2019081901008462,UPPER,33,29,50,259.00,"12,950.00"
2019-08-19,2019081901008449,UPPER,34,16,50,260.00,"13,000.00"
2019-08-19,2019081901008440,UPPER,32,50,50,260.00,"13,000.00"
2019-08-19,2019081901008439,UPPER,32,40,50,260.00,"13,000.00"
2019-08-19,2019081901008388,UPPER,33,29,50,259.00,"12,950.00"
2019-08-19,2019081901008373,UPPER,34,46,10,260.00,"2,600.00"
2019-08-19,2019081901008355,UPPER,33,41,40,259.00,"10,360.00"
2019-08-19,2019081901008322,UPPER,8,8,50,259.00,"12,950.00"
2019-08-19,2019081901008276,ADBL,38,49,40,431.00,"17,240.00"
2019-08-19,2019081901008190,ADBL,38,58,20,430.00,"8,600.00"
2019-08-19,2019081901008175,ADBL,14,58,"1,330",430.00,"571,900.00"
2019-08-19,2019081901008136,ADBL,14,14,70,430.00,"30,100.00"
2019-08-19,2019081901007972,ADBL,20,19,395,430.00,"169,850.00"
2019-08-19,2019081901007988,AKPL,48,57,10,163.00,"1,630.00"
2019-08-19,2019081901007851,AKPL,59,10,13,162.00,"2,106.00"
2019-08-19,2019081901007850,AKPL,59,41,10,162.00,"1,620.00"
2019-08-19,2019081901007835,AKPL,48,29,13,159.00,"2,067.00"
2019-08-19,2019081901008228,ALBSL,39,11,10,465.00,"4,650.00"
2019-08-19,2019081901008206,ALBSL,11,6,10,466.00,"4,660.00"
2019-08-19,2019081901007871,ALBSL,3,37,10,470.00,"4,700.00"
2019-08-19,2019081901007870,ALBSL,3,42,90,470.00,"42,300.00"
2019-08-19,2019081901007857,ALBSL,11,11,10,466.00,"4,660.00"
2019-08-19,2019081901007837,ALBSL,11,11,10,466.00,"4,660.00"
2019-08-19,2019081901008222,API,42,16,15,130.00,"1,950.00"
2019-08-19,2019081901007994,API,34,25,28,128.00,"3,584.00"
2019-08-19,2019081901007973,API,45,25,122,129.00,"15,738.00"
2019-08-19,2019081901007810,API,44,25,500,129.00,"64,500.00"
2019-08-19,2019081901008139,BOKL,16,6,86,258.00,"22,188.00"
2019-08-19,2019081901008138,BOKL,29,6,40,258.00,"10,320.00"
2019-08-19,2019081901008101,BOKL,48,5,57,260.00,"14,820.00"
2019-08-19,2019081901008090,BOKL,10,5,570,260.00,"148,200.00"
2019-08-19,2019081901008089,BOKL,10,38,300,260.00,"78,000.00"
2019-08-19,2019081901008088,BOKL,10,45,80,259.00,"20,720.00"
2019-08-19,2019081901008058,BOKL,49,45,20,259.00,"5,180.00"
2019-08-19,2019081901008117,BPCL,43,43,500,395.00,"197,500.00"
2019-08-19,2019081901007855,CBBL,4,50,100,992.00,"99,200.00"
2019-08-19,2019081901008035,CBL,17,49,102,147.00,"14,994.00"
2019-08-19,2019081901008034,CBL,25,49,"1,000",147.00,"147,000.00"
2019-08-19,2019081901008033,CBL,33,49,500,147.00,"73,500.00"
2019-08-19,2019081901008032,CBL,6,49,398,147.00,"58,506.00"
2019-08-19,2019081901007963,CBL,5,22,200,148.00,"29,600.00"
2019-08-19,2019081901007892,CBL,50,41,300,148.00,"44,400.00"
2019-08-19,2019081901007891,CBL,50,56,714,148.00,"105,672.00"
2019-08-19,2019081901007865,CBL,33,56,500,148.00,"74,000.00"
2019-08-19,2019081901007854,CBL,29,56,"2,000",148.00,"296,000.00"
2019-08-19,2019081901007827,CBL,36,56,200,148.00,"29,600.00"
2019-08-19,2019081901008085,CCBL,45,48,32,159.00,"5,088.00"
2019-08-19,2019081901007986,CCBL,32,41,250,160.00,"40,000.00"
2019-08-19,2019081901007985,CCBL,32,6,250,160.00,"40,000.00"
2019-08-19,2019081901007879,CCBL,45,48,166,159.00,"26,394.00"
2019-08-19,2019081901007981,CFCL,37,11,20,116.00,"2,320.00"
2019-08-19,2019081901008083,CHCL,17,55,100,450.00,"45,000.00"
2019-08-19,2019081901007864,CHCL,21,58,120,451.00,"54,120.00"
2019-08-19,2019081901007841,CHCL,32,58,100,450.00,"45,000.00"
2019-08-19,2019081901007840,CHCL,26,58,20,450.00,"9,000.00"
2019-08-19,2019081901007839,CHCL,14,58,20,450.00,"9,000.00"
2019-08-19,2019081901007838,CHCL,40,58,61,450.00,"27,450.00"
2019-08-19,2019081901007831,CHCL,40,21,39,450.00,"17,550.00"
2019-08-19,2019081901008252,CZBIL,17,45,20,218.00,"4,360.00"
2019-08-19,2019081901008113,CZBIL,46,28,39,218.00,"8,502.00"
2019-08-19,2019081901007897,CZBIL,46,21,11,218.00,"2,398.00"
2019-08-19,2019081901008230,EBL,26,58,12,647.00,"7,764.00"
2019-08-19,2019081901008077,EBL,45,58,20,648.00,"12,960.00"
2019-08-19,2019081901008076,EBL,26,58,66,648.00,"42,768.00"
2019-08-19,2019081901008066,EBL,26,22,73,648.00,"47,304.00"
2019-08-19,2019081901007914,EBL,26,21,111,648.00,"71,928.00"
2019-08-19,2019081901007913,EBL,28,21,289,650.00,"187,850.00"
2019-08-19,2019081901007896,EBL,28,49,25,650.00,"16,250.00"
2019-08-19,2019081901007895,EBL,28,5,496,650.00,"322,400.00"
2019-08-19,2019081901007933,EIC,37,53,75,330.00,"24,750.00"
2019-08-19,2019081901008234,FMDBL,35,7,50,397.00,"19,850.00"
2019-08-19,2019081901008020,GBBL,14,39,459,215.00,"98,685.00"
2019-08-19,2019081901008172,GBLBS,54,6,10,366.00,"3,660.00"
2019-08-19,2019081901007947,GBLBS,57,11,60,368.00,"22,080.00"
2019-08-19,2019081901007946,GBLBS,57,44,700,368.00,"257,600.00"
2019-08-19,2019081901007902,GBLBS,52,55,200,367.00,"73,400.00"
2019-08-19,2019081901008191,GFCL,35,25,100,140.00,"14,000.00"
2019-08-19,2019081901008277,GHL,16,38,30,83.00,"2,490.00"
2019-08-19,2019081901008181,GILB,11,21,33,785.00,"25,905.00"
2019-08-19,2019081901008180,GILB,41,21,150,785.00,"117,750.00"
2019-08-19,2019081901008179,GILB,3,21,50,785.00,"39,250.00"
2019-08-19,2019081901008178,GILB,49,21,125,786.00,"98,250.00"
2019-08-19,2019081901008177,GILB,36,21,42,786.00,"33,012.00"
2019-08-19,2019081901008176,GILB,51,21,100,787.00,"78,700.00"
2019-08-19,2019081901008075,GILB,43,39,76,788.00,"59,888.00"
2019-08-19,2019081901008074,GILB,52,39,20,788.00,"15,760.00"
2019-08-19,2019081901008073,GILB,53,39,50,790.00,"39,500.00"
2019-08-19,2019081901008196,GLBSL,37,46,10,510.00,"5,100.00"
2019-08-19,2019081901007917,GLBSL,45,33,10,510.00,"5,100.00"
2019-08-19,2019081901008167,GMFBS,39,28,10,566.00,"5,660.00"
2019-08-19,2019081901007943,HBL,49,21,166,548.00,"90,968.00"
2019-08-19,2019081901007942,HBL,39,21,34,548.00,"18,632.00"
2019-08-19,2019081901008275,HDL,22,25,20,"1,577.00","31,540.00"
2019-08-19,2019081901008274,HDL,5,25,50,"1,577.00","78,850.00"
2019-08-19,2019081901008273,HDL,34,25,10,"1,580.00","15,800.00"
2019-08-19,2019081901008221,HDL,22,58,14,"1,580.00","22,120.00"
2019-08-19,2019081901008220,HDL,39,58,10,"1,585.00","15,850.00"
2019-08-19,2019081901008044,HGI,17,28,19,325.00,"6,175.00"
2019-08-19,2019081901007808,HGI,46,58,14,328.00,"4,592.00"
2019-08-19,2019081901008185,HIDCL,57,48,180,149.00,"26,820.00"
2019-08-19,2019081901008147,HIDCL,57,38,13,149.00,"1,937.00"
2019-08-19,2019081901008024,HIDCL,49,21,900,149.00,"134,100.00"
2019-08-19,2019081901007961,HIDCL,51,21,100,149.00,"14,900.00"
2019-08-19,2019081901008012,ICFC,50,49,330,161.00,"53,130.00"
2019-08-19,2019081901008011,ICFC,53,49,450,161.00,"72,450.00"
2019-08-19,2019081901008302,ILBS,39,26,20,475.00,"9,500.00"
2019-08-19,2019081901008250,ILBS,17,26,50,475.00,"23,750.00"
2019-08-19,2019081901008202,ILBS,52,26,50,475.00,"23,750.00"
2019-08-19,2019081901008201,ILBS,17,26,80,476.00,"38,080.00"
2019-08-19,2019081901008081,ILBS,17,38,10,476.00,"4,760.00"
2019-08-19,2019081901007967,ILBS,17,47,10,476.00,"4,760.00"
2019-08-19,2019081901008005,JBBL,38,44,72,159.00,"11,448.00"
2019-08-19,2019081901007993,JBBL,38,44,230,159.00,"36,570.00"
2019-08-19,2019081901007979,JBBL,38,44,140,159.00,"22,260.00"
2019-08-19,2019081901007960,JBBL,38,44,120,159.00,"19,080.00"
2019-08-19,2019081901007954,JBBL,38,44,300,159.00,"47,700.00"
2019-08-19,2019081901007941,JBBL,38,44,138,159.00,"21,942.00"
2019-08-19,2019081901007940,JBBL,38,51,17,159.00,"2,703.00"
2019-08-19,2019081901007939,JBBL,38,58,15,157.00,"2,355.00"
2019-08-19,2019081901008115,KBL,58,49,260,206.00,"53,560.00"
2019-08-19,2019081901008114,KBL,58,11,50,206.00,"10,300.00"
2019-08-19,2019081901008052,KBL,33,22,250,205.00,"51,250.00"
2019-08-19,2019081901008051,KBL,5,22,100,205.00,"20,500.00"
2019-08-19,2019081901007836,KBL,49,5,134,205.00,"27,470.00"
2019-08-19,2019081901007984,KSBBL,42,48,500,150.00,"75,000.00"
2019-08-19,2019081901008161,LBBL,45,35,200,180.00,"36,000.00"
2019-08-19,2019081901008160,LBBL,45,10,300,180.00,"54,000.00"
2019-08-19,2019081901008159,LBBL,45,26,100,180.00,"18,000.00"
2019-08-19,2019081901008158,LBBL,45,19,300,180.00,"54,000.00"
2019-08-19,2019081901008157,LBBL,45,26,170,180.00,"30,600.00"
2019-08-19,2019081901008023,LBBL,51,26,30,180.00,"5,400.00"
2019-08-19,2019081901008212,LBL,17,34,131,217.00,"28,427.00"
2019-08-19,2019081901008211,LBL,17,14,69,217.00,"14,973.00"
2019-08-19,2019081901007952,LICN,39,58,200,"1,120.00","224,000.00"
2019-08-19,2019081901007951,LICN,25,58,10,"1,122.00","11,220.00"
2019-08-19,2019081901007950,LICN,59,58,25,"1,125.00","28,125.00"
2019-08-19,2019081901007949,LICN,22,58,10,"1,126.00","11,260.00"
2019-08-19,2019081901007948,LICN,19,58,30,"1,128.00","33,840.00"
2019-08-19,2019081901008282,MBL,14,58,758,257.00,"194,806.00"
2019-08-19,2019081901008258,MBL,14,47,500,257.00,"128,500.00"
2019-08-19,2019081901008257,MBL,14,34,492,257.00,"126,444.00"
2019-08-19,2019081901008256,MBL,14,25,250,257.00,"64,250.00"
2019-08-19,2019081901007867,MBL,34,25,200,257.00,"51,400.00"
2019-08-19,2019081901007824,MBL,29,25,50,257.00,"12,850.00"
2019-08-19,2019081901007872,MEGA,1,17,34,202.00,"6,868.00"
2019-08-19,2019081901007990,MEGA,38,28,159,202.00,"32,118.00"
2019-08-19,2019081901007989,MEGA,1,28,41,202.00,"8,282.00"
2019-08-19,2019081901008183,MEGA,34,45,126,203.00,"25,578.00"
2019-08-19,2019081901008182,MEGA,34,11,100,203.00,"20,300.00"
2019-08-19,2019081901008184,MEGA,34,48,774,203.00,"157,122.00"
2019-08-19,2019081901008301,MERO,40,28,50,531.00,"26,550.00"
2019-08-19,2019081901008168,MERO,40,17,17,531.00,"9,027.00"
2019-08-19,2019081901007898,MHNL,16,29,30,100.00,"3,000.00"
2019-08-19,2019081901007819,MHNL,47,29,20,99.00,"1,980.00"
2019-08-19,2019081901007818,MHNL,59,29,200,99.00,"19,800.00"
2019-08-19,2019081901007817,MHNL,59,29,50,99.00,"4,950.00"
2019-08-19,2019081901007816,MHNL,59,29,50,99.00,"4,950.00"
2019-08-19,2019081901007815,MHNL,29,29,90,99.00,"8,910.00"
2019-08-19,2019081901008300,MLBL,26,26,400,210.00,"84,000.00"
2019-08-19,2019081901008243,MLBL,20,26,200,210.00,"42,000.00"
2019-08-19,2019081901008223,MLBL,48,26,100,210.00,"21,000.00"
2019-08-19,2019081901007975,MLBL,46,11,50,210.00,"10,500.00"
2019-08-19,2019081901007882,MLBL,21,14,250,210.00,"52,500.00"
2019-08-19,2019081901007856,MLBL,41,17,12,209.00,"2,508.00"
2019-08-19,2019081901007846,MLBL,41,17,12,209.00,"2,508.00"
2019-08-19,2019081901007974,MLBL,46,38,133,210.00,"27,930.00"
2019-08-19,2019081901007934,MLBL,21,38,500,210.00,"105,000.00"
2019-08-19,2019081901007908,MLBL,45,38,17,210.00,"3,570.00"
2019-08-19,2019081901007907,MLBL,45,34,125,210.00,"26,250.00"
2019-08-19,2019081901007906,MLBL,45,59,108,210.00,"22,680.00"
2019-08-19,2019081901007905,MLBL,45,14,750,210.00,"157,500.00"
2019-08-19,2019081901007852,MNBBL,4,1,111,329.00,"36,519.00"
2019-08-19,2019081901007834,MNBBL,52,28,200,328.00,"65,600.00"
2019-08-19,2019081901008022,MNBBL,41,21,100,328.00,"32,800.00"
2019-08-19,2019081901007927,MNBBL,48,45,10,327.00,"3,270.00"
2019-08-19,2019081901007926,MNBBL,49,45,90,327.00,"29,430.00"
2019-08-19,2019081901007885,MNBBL,4,34,10,329.00,"3,290.00"
2019-08-19,2019081901007868,MNBBL,29,34,27,329.00,"8,883.00"
2019-08-19,2019081901007853,MNBBL,4,17,80,329.00,"26,320.00"
2019-08-19,2019081901008284,MPFL,51,42,52,108.00,"5,616.00"
2019-08-19,2019081901007894,MSLB,39,6,36,960.00,"34,560.00"
2019-08-19,2019081901007893,MSLB,17,6,36,961.00,"34,596.00"
2019-08-19,2019081901008030,NABIL,43,21,180,777.00,"139,860.00"
2019-08-19,2019081901008029,NABIL,45,21,20,777.00,"15,540.00"
2019-08-19,2019081901008227,NBB,17,34,200,217.00,"43,400.00"
2019-08-19,2019081901007932,NBB,34,34,300,217.00,"65,100.00"
2019-08-19,2019081901008210,NBL,35,25,116,327.00,"37,932.00"
2019-08-19,2019081901008209,NBL,57,25,200,327.00,"65,400.00"
2019-08-19,2019081901008208,NBL,29,25,184,327.00,"60,168.00"
2019-08-19,2019081901008048,NBL,29,21,16,327.00,"5,232.00"
2019-08-19,2019081901008047,NBL,29,21,134,327.00,"43,818.00"
2019-08-19,2019081901007923,NBL,29,55,166,327.00,"54,282.00"
2019-08-19,2019081901007922,NBL,29,55,34,327.00,"11,118.00"
2019-08-19,2019081901007881,NCCB,58,45,10,207.00,"2,070.00"
2019-08-19,2019081901007878,NCCB,25,17,90,205.00,"18,450.00"
2019-08-19,2019081901007877,NCCB,25,10,190,205.00,"38,950.00"
2019-08-19,2019081901007876,NCCB,25,25,190,205.00,"38,950.00"
2019-08-19,2019081901007862,NCCB,58,25,10,205.00,"2,050.00"
2019-08-19,2019081901007995,NHDL,49,10,10,116.00,"1,160.00"
2019-08-19,2019081901007953,NHPC,25,7,"4,300",60.00,"258,000.00"
2019-08-19,2019081901007860,NHPC,52,7,"2,000",60.00,"120,000.00"
2019-08-19,2019081901008061,NIB,57,21,385,475.00,"182,875.00"
2019-08-19,2019081901008060,NIB,41,21,15,476.00,"7,140.00"
2019-08-19,2019081901008013,NIB,41,45,20,476.00,"9,520.00"
2019-08-19,2019081901008008,NIB,14,28,91,475.00,"43,225.00"
2019-08-19,2019081901007847,NIB,22,1,25,477.00,"11,925.00"
2019-08-19,2019081901007814,NIB,14,49,10,475.00,"4,750.00"
2019-08-19,2019081901008266,NIBSF1,22,32,100,9.34,934.00
2019-08-19,2019081901008235,NICA,45,4,12,460.00,"5,520.00"
2019-08-19,2019081901008231,NICA,45,26,20,460.00,"9,200.00"
2019-08-19,2019081901008197,NICA,29,57,50,462.00,"23,100.00"
2019-08-19,2019081901008166,NICA,45,16,123,460.00,"56,580.00"
2019-08-19,2019081901008165,NICA,50,16,77,461.00,"35,497.00"
2019-08-19,2019081901008100,NICA,50,28,13,461.00,"5,993.00"
2019-08-19,2019081901007909,NICA,28,4,50,461.00,"23,050.00"
2019-08-19,2019081901007866,NICA,28,44,950,461.00,"437,950.00"
2019-08-19,2019081901007844,NICA,29,44,50,461.00,"23,050.00"
2019-08-19,2019081901008080,NICA,50,21,10,461.00,"4,610.00"
2019-08-19,2019081901008079,NICA,39,21,200,461.00,"92,200.00"
2019-08-19,2019081901008078,NICA,26,21,190,461.00,"87,590.00"
2019-08-19,2019081901008021,NICA,26,28,100,461.00,"46,100.00"
2019-08-19,2019081901008004,NICA,43,44,500,462.00,"231,000.00"
2019-08-19,2019081901007910,NICA,26,4,10,461.00,"4,610.00"
2019-08-19,2019081901008251,NICGF,19,44,500,9.62,"4,810.00"
2019-08-19,2019081901008095,NLBBL,33,21,200,560.00,"112,000.00"
2019-08-19,2019081901008189,NLG,48,56,25,675.00,"16,875.00"
2019-08-19,2019081901007968,NLG,22,45,10,687.00,"6,870.00"
2019-08-19,2019081901008279,NLIC,43,44,100,869.00,"86,900.00"
2019-08-19,2019081901008145,NLIC,26,16,51,867.00,"44,217.00"
2019-08-19,2019081901008144,NLIC,59,16,49,867.00,"42,483.00"
2019-08-19,2019081901008015,NLIC,4,4,190,868.00,"164,920.00"
2019-08-19,2019081901007983,NLIC,21,21,1,869.00,869.00
2019-08-19,2019081901007976,NLIC,36,44,13,869.00,"11,297.00"
2019-08-19,2019081901007912,NLIC,21,21,1,869.00,869.00
2019-08-19,2019081901007869,NLIC,21,21,1,869.00,869.00
2019-08-19,2019081901007848,NLIC,50,57,42,869.00,"36,498.00"
2019-08-19,2019081901007845,NLIC,21,21,1,869.00,869.00
2019-08-19,2019081901007809,NLIC,21,21,1,869.00,869.00
2019-08-19,2019081901008105,NLICL,42,21,20,552.00,"11,040.00"
2019-08-19,2019081901008104,NLICL,25,21,100,552.00,"55,200.00"
2019-08-19,2019081901008103,NLICL,37,21,250,553.00,"138,250.00"
2019-08-19,2019081901008102,NLICL,50,21,30,555.00,"16,650.00"
2019-08-19,2019081901008036,NLICL,48,1,113,555.00,"62,715.00"
2019-08-19,2019081901007904,NSEWA,17,39,40,451.00,"18,040.00"
2019-08-19,2019081901008260,NTC,34,4,50,668.00,"33,400.00"
2019-08-19,2019081901008084,NTC,34,33,50,670.00,"33,500.00"
2019-08-19,2019081901008040,NTC,34,4,13,668.00,"8,684.00"
2019-08-19,2019081901007971,NTC,45,33,20,670.00,"13,400.00"
2019-08-19,2019081901007970,NTC,13,33,10,670.00,"6,700.00"
2019-08-19,2019081901007969,NTC,36,33,20,670.00,"13,400.00"
2019-08-19,2019081901007858,NTC,59,58,10,671.00,"6,710.00"
2019-08-19,2019081901007828,NTC,34,4,15,668.00,"10,020.00"
2019-08-19,2019081901008133,NUBL,34,21,100,871.00,"87,100.00"
2019-08-19,2019081901008132,NUBL,4,21,100,873.00,"87,300.00"
2019-08-19,2019081901008294,PCBL,29,51,50,278.00,"13,900.00"
2019-08-19,2019081901008142,PCBL,53,21,42,277.00,"11,634.00"
2019-08-19,2019081901008141,PCBL,47,21,159,277.00,"44,043.00"
2019-08-19,2019081901007959,PICL,58,45,90,476.00,"42,840.00"
2019-08-19,2019081901007958,PICL,22,45,10,477.00,"4,770.00"
2019-08-19,2019081901008215,PMHPL,42,57,190,100.00,"19,000.00"
2019-08-19,2019081901008214,PMHPL,58,57,100,100.00,"10,000.00"
2019-08-19,2019081901008213,PMHPL,16,57,70,100.00,"7,000.00"
2019-08-19,2019081901007982,PMHPL,16,47,10,100.00,"1,000.00"
2019-08-19,2019081901008149,PRIN,51,21,21,348.00,"7,308.00"
2019-08-19,2019081901008038,PROFL,22,39,50,102.00,"5,100.00"
2019-08-19,2019081901008037,PROFL,41,39,100,102.00,"10,200.00"
2019-08-19,2019081901008295,PRVU,56,22,200,269.00,"53,800.00"
2019-08-19,2019081901008171,PRVU,47,21,200,268.00,"53,600.00"
2019-08-19,2019081901008137,PRVU,25,11,265,269.00,"71,285.00"
2019-08-19,2019081901008128,PRVU,35,11,50,269.00,"13,450.00"
2019-08-19,2019081901008127,PRVU,1,11,"1,000",269.00,"269,000.00"
2019-08-19,2019081901008126,PRVU,29,11,300,269.00,"80,700.00"
2019-08-19,2019081901007822,PRVU,44,19,39,271.00,"10,569.00"
2019-08-19,2019081901008119,PRVU,38,11,444,270.00,"119,880.00"
2019-08-19,2019081901007978,PRVU,38,55,56,270.00,"15,120.00"
2019-08-19,2019081901007889,PRVU,20,10,279,271.00,"75,609.00"
2019-08-19,2019081901007888,PRVU,20,38,500,271.00,"135,500.00"
2019-08-19,2019081901007887,PRVU,20,19,221,271.00,"59,891.00"
2019-08-19,2019081901007833,PRVU,29,19,50,271.00,"13,550.00"
2019-08-19,2019081901008125,PRVU,25,11,200,269.00,"53,800.00"
2019-08-19,2019081901008124,PRVU,57,11,100,269.00,"26,900.00"
2019-08-19,2019081901008123,PRVU,17,11,"1,800",269.00,"484,200.00"
2019-08-19,2019081901008122,PRVU,48,11,500,270.00,"135,000.00"
2019-08-19,2019081901008121,PRVU,33,11,"1,341",270.00,"362,070.00"
2019-08-19,2019081901008120,PRVU,45,11,"1,000",270.00,"270,000.00"
2019-08-19,2019081901007820,RADHI,6,38,11,138.00,"1,518.00"
2019-08-19,2019081901008299,RHPL,34,47,10,205.00,"2,050.00"
2019-08-19,2019081901008298,RHPL,34,41,40,205.00,"8,200.00"
2019-08-19,2019081901008297,RHPL,34,16,40,205.00,"8,200.00"
2019-08-19,2019081901008296,RHPL,59,29,30,205.00,"6,150.00"
2019-08-19,2019081901008287,RHPL,59,4,40,205.00,"8,200.00"
2019-08-19,2019081901008286,RHPL,59,29,30,205.00,"6,150.00"
2019-08-19,2019081901007832,RHPL,41,16,50,205.00,"10,250.00"
2019-08-19,2019081901007826,RHPL,41,20,50,205.00,"10,250.00"
2019-08-19,2019081901007825,RHPL,41,38,40,205.00,"8,200.00"
2019-08-19,2019081901007821,RHPL,41,1,40,205.00,"8,200.00"
2019-08-19,2019081901007813,RHPL,41,16,40,205.00,"8,200.00"
2019-08-19,2019081901007807,RHPL,41,20,40,205.00,"8,200.00"
2019-08-19,2019081901007873,RHPL,41,16,40,205.00,"8,200.00"
2019-08-19,2019081901007861,RHPL,41,16,40,205.00,"8,200.00"
2019-08-19,2019081901007859,RHPL,41,38,40,205.00,"8,200.00"
2019-08-19,2019081901007849,RHPL,41,16,50,205.00,"10,250.00"
2019-08-19,2019081901007843,RHPL,41,16,40,205.00,"8,200.00"
2019-08-19,2019081901007842,RHPL,41,20,40,205.00,"8,200.00"
2019-08-19,2019081901007900,RHPL,41,16,50,205.00,"10,250.00"
2019-08-19,2019081901007899,RHPL,41,38,30,205.00,"6,150.00"
2019-08-19,2019081901007890,RHPL,41,16,50,205.00,"10,250.00"
2019-08-19,2019081901007884,RHPL,41,20,40,205.00,"8,200.00"
2019-08-19,2019081901007883,RHPL,41,38,30,205.00,"6,150.00"
2019-08-19,2019081901007880,RHPL,41,16,40,205.00,"8,200.00"
2019-08-19,2019081901007957,RHPL,41,11,40,205.00,"8,200.00"
2019-08-19,2019081901007925,RHPL,41,39,40,205.00,"8,200.00"
2019-08-19,2019081901007924,RHPL,41,40,10,205.00,"2,050.00"
2019-08-19,2019081901007921,RHPL,41,16,40,205.00,"8,200.00"
2019-08-19,2019081901007916,RHPL,41,16,40,205.00,"8,200.00"
2019-08-19,2019081901007915,RHPL,41,38,30,205.00,"6,150.00"
2019-08-19,2019081901008028,RHPL,26,29,10,205.00,"2,050.00"
2019-08-19,2019081901008027,RHPL,41,29,20,205.00,"4,100.00"
2019-08-19,2019081901008025,RHPL,41,11,50,205.00,"10,250.00"
2019-08-19,2019081901008003,RHPL,41,21,10,205.00,"2,050.00"
2019-08-19,2019081901008002,RHPL,41,11,40,205.00,"8,200.00"
2019-08-19,2019081901007987,RHPL,41,39,40,205.00,"8,200.00"
2019-08-19,2019081901008067,RHPL,26,28,20,205.00,"4,100.00"
2019-08-19,2019081901008057,RHPL,26,39,40,205.00,"8,200.00"
2019-08-19,2019081901008055,RHPL,26,29,30,205.00,"6,150.00"
2019-08-19,2019081901008050,RHPL,26,55,30,205.00,"6,150.00"
2019-08-19,2019081901008049,RHPL,26,11,40,205.00,"8,200.00"
2019-08-19,2019081901008043,RHPL,26,29,30,205.00,"6,150.00"
2019-08-19,2019081901008112,RHPL,43,29,30,205.00,"6,150.00"
2019-08-19,2019081901008097,RHPL,43,29,30,205.00,"6,150.00"
2019-08-19,2019081901008091,RHPL,43,11,40,205.00,"8,200.00"
2019-08-19,2019081901008086,RHPL,43,29,30,205.00,"6,150.00"
2019-08-19,2019081901008069,RHPL,43,29,30,205.00,"6,150.00"
2019-08-19,2019081901008068,RHPL,43,28,20,205.00,"4,100.00"
2019-08-19,2019081901008162,RHPL,43,39,40,205.00,"8,200.00"
2019-08-19,2019081901008150,RHPL,43,29,30,205.00,"6,150.00"
2019-08-19,2019081901008143,RHPL,43,29,30,205.00,"6,150.00"
2019-08-19,2019081901008140,RHPL,43,11,40,205.00,"8,200.00"
2019-08-19,2019081901008134,RHPL,43,29,30,205.00,"6,150.00"
2019-08-19,2019081901008116,RHPL,43,11,40,205.00,"8,200.00"
2019-08-19,2019081901008198,RHPL,7,29,30,205.00,"6,150.00"
2019-08-19,2019081901008193,RHPL,7,11,40,205.00,"8,200.00"
2019-08-19,2019081901008188,RHPL,43,29,30,205.00,"6,150.00"
2019-08-19,2019081901008173,RHPL,43,50,20,205.00,"4,100.00"
2019-08-19,2019081901008170,RHPL,43,29,30,205.00,"6,150.00"
2019-08-19,2019081901008169,RHPL,43,55,30,205.00,"6,150.00"
2019-08-19,2019081901008237,RHPL,7,4,40,205.00,"8,200.00"
2019-08-19,2019081901008226,RHPL,7,22,40,205.00,"8,200.00"
2019-08-19,2019081901008224,RHPL,7,36,30,205.00,"6,150.00"
2019-08-19,2019081901008219,RHPL,7,29,30,205.00,"6,150.00"
2019-08-19,2019081901008218,RHPL,7,39,40,205.00,"8,200.00"
2019-08-19,2019081901008207,RHPL,7,46,50,205.00,"10,250.00"
2019-08-19,2019081901008262,RHPL,7,29,20,205.00,"4,100.00"
2019-08-19,2019081901008255,RHPL,7,16,40,205.00,"8,200.00"
2019-08-19,2019081901008249,RHPL,7,4,40,205.00,"8,200.00"
2019-08-19,2019081901008247,RHPL,7,36,30,205.00,"6,150.00"
2019-08-19,2019081901008242,RHPL,7,55,30,205.00,"6,150.00"
2019-08-19,2019081901008238,RHPL,7,16,40,205.00,"8,200.00"
2019-08-19,2019081901008285,RHPL,59,11,40,205.00,"8,200.00"
2019-08-19,2019081901008280,RHPL,59,39,40,205.00,"8,200.00"
2019-08-19,2019081901008272,RHPL,59,29,30,205.00,"6,150.00"
2019-08-19,2019081901008271,RHPL,59,46,40,205.00,"8,200.00"
2019-08-19,2019081901008268,RHPL,59,21,40,205.00,"8,200.00"
2019-08-19,2019081901008263,RHPL,59,29,10,205.00,"2,050.00"
2019-08-19,2019081901008072,RSDC,7,6,30,358.00,"10,740.00"
2019-08-19,2019081901008131,SADBL,34,21,"1,600",144.00,"230,400.00"
2019-08-19,2019081901008130,SADBL,47,21,"1,000",144.00,"144,000.00"
2019-08-19,2019081901008111,SADBL,36,21,"1,000",145.00,"145,000.00"
2019-08-19,2019081901008110,SADBL,28,21,200,145.00,"29,000.00"
2019-08-19,2019081901008109,SADBL,28,21,500,145.00,"72,500.00"
2019-08-19,2019081901008108,SADBL,59,21,200,146.00,"29,200.00"
2019-08-19,2019081901008096,SADBL,16,21,500,147.00,"73,500.00"
2019-08-19,2019081901008246,SANIMA,36,41,100,352.00,"35,200.00"
2019-08-19,2019081901008239,SANIMA,29,36,50,353.00,"17,650.00"
2019-08-19,2019081901008187,SANIMA,10,40,587,353.00,"207,211.00"
2019-08-19,2019081901008163,SANIMA,10,49,463,353.00,"163,439.00"
2019-08-19,2019081901008053,SANIMA,36,28,23,352.00,"8,096.00"
2019-08-19,2019081901007955,SANIMA,36,55,230,352.00,"80,960.00"
2019-08-19,2019081901007931,SANIMA,36,34,390,352.00,"137,280.00"
2019-08-19,2019081901007930,SANIMA,36,34,130,352.00,"45,760.00"
2019-08-19,2019081901007929,SANIMA,36,33,310,352.00,"109,120.00"
2019-08-19,2019081901007928,SANIMA,36,51,240,351.00,"84,240.00"
2019-08-19,2019081901008065,SBI,17,45,40,446.00,"17,840.00"
2019-08-19,2019081901008064,SBI,17,13,65,446.00,"28,990.00"
2019-08-19,2019081901008063,SBI,6,13,25,446.00,"11,150.00"
2019-08-19,2019081901008062,SBI,28,13,10,446.00,"4,460.00"
2019-08-19,2019081901008306,SBL,45,22,30,318.00,"9,540.00"
2019-08-19,2019081901008305,SBL,29,22,50,318.00,"15,900.00"
2019-08-19,2019081901008270,SBL,29,22,50,319.00,"15,950.00"
2019-08-19,2019081901007945,SBL,38,55,43,319.00,"13,717.00"
2019-08-19,2019081901007911,SCB,34,57,500,645.00,"322,500.00"
2019-08-19,2019081901007811,SDESI,45,42,10,625.00,"6,250.00"
2019-08-19,2019081901008291,SHINE,38,21,500,252.00,"126,000.00"
2019-08-19,2019081901008290,SHINE,56,21,50,252.00,"12,600.00"
2019-08-19,2019081901007829,SHIVM,7,42,300,586.00,"175,800.00"
2019-08-19,2019081901008261,SHPC,45,28,"1,000",231.00,"231,000.00"
2019-08-19,2019081901007937,SIL,17,45,90,425.00,"38,250.00"
2019-08-19,2019081901007936,SIL,22,45,10,426.00,"4,260.00"
2019-08-19,2019081901008304,SJCL,52,41,20,219.00,"4,380.00"
2019-08-19,2019081901008303,SJCL,52,16,20,219.00,"4,380.00"
2019-08-19,2019081901008293,SJCL,52,4,20,219.00,"4,380.00"
2019-08-19,2019081901008292,SJCL,52,11,10,219.00,"2,190.00"
2019-08-19,2019081901008289,SJCL,52,39,20,219.00,"4,380.00"
2019-08-19,2019081901008288,SJCL,52,47,10,219.00,"2,190.00"
2019-08-19,2019081901007863,SJCL,51,38,20,219.00,"4,380.00"
2019-08-19,2019081901007830,SJCL,51,38,20,219.00,"4,380.00"
2019-08-19,2019081901007812,SJCL,51,41,20,219.00,"4,380.00"
2019-08-19,2019081901007938,SJCL,51,40,10,219.00,"2,190.00"
2019-08-19,2019081901007935,SJCL,51,16,20,219.00,"4,380.00"
2019-08-19,2019081901007919,SJCL,51,38,20,219.00,"4,380.00"
2019-08-19,2019081901007903,SJCL,51,20,20,219.00,"4,380.00"
2019-08-19,2019081901007901,SJCL,51,38,20,219.00,"4,380.00"
2019-08-19,2019081901007886,SJCL,51,38,20,219.00,"4,380.00"
2019-08-19,2019081901007966,SJCL,51,16,20,219.00,"4,380.00"
2019-08-19,2019081901007965,SJCL,51,11,20,219.00,"4,380.00"
2019-08-19,2019081901007964,SJCL,51,20,10,219.00,"2,190.00"
2019-08-19,2019081901007962,SJCL,51,16,20,219.00,"4,380.00"
2019-08-19,2019081901007956,SJCL,51,47,20,219.00,"4,380.00"
2019-08-19,2019081901007944,SJCL,51,39,20,219.00,"4,380.00"
2019-08-19,2019081901007996,SJCL,51,20,20,219.00,"4,380.00"
2019-08-19,2019081901007991,SJCL,51,16,20,219.00,"4,380.00"
2019-08-19,2019081901007980,SJCL,51,16,20,219.00,"4,380.00"
2019-08-19,2019081901007977,SJCL,51,20,20,219.00,"4,380.00"
2019-08-19,2019081901008017,SJCL,16,16,20,220.00,"4,400.00"
2019-08-19,2019081901008014,SJCL,16,11,20,220.00,"4,400.00"
2019-08-19,2019081901008010,SJCL,51,21,10,219.00,"2,190.00"
2019-08-19,2019081901008009,SJCL,51,16,20,219.00,"4,380.00"
2019-08-19,2019081901008001,SJCL,51,16,20,219.00,"4,380.00"
2019-08-19,2019081901007997,SJCL,51,39,20,219.00,"4,380.00"
2019-08-19,2019081901008042,SJCL,16,20,20,220.00,"4,400.00"
2019-08-19,2019081901008041,SJCL,16,16,20,220.00,"4,400.00"
2019-08-19,2019081901008039,SJCL,16,11,20,220.00,"4,400.00"
2019-08-19,2019081901008031,SJCL,16,16,20,220.00,"4,400.00"
2019-08-19,2019081901008026,SJCL,16,20,20,220.00,"4,400.00"
2019-08-19,2019081901008018,SJCL,16,20,20,220.00,"4,400.00"
2019-08-19,2019081901008070,SJCL,16,39,20,220.00,"4,400.00"
2019-08-19,2019081901008059,SJCL,16,20,20,220.00,"4,400.00"
2019-08-19,2019081901008056,SJCL,16,11,10,220.00,"2,200.00"
2019-08-19,2019081901008054,SJCL,16,16,20,220.00,"4,400.00"
2019-08-19,2019081901008046,SJCL,16,20,20,220.00,"4,400.00"
2019-08-19,2019081901008045,SJCL,16,16,20,220.00,"4,400.00"
2019-08-19,2019081901008094,SJCL,58,26,20,221.00,"4,420.00"
2019-08-19,2019081901008093,SJCL,58,44,20,221.00,"4,420.00"
2019-08-19,2019081901008092,SJCL,58,48,10,221.00,"2,210.00"
2019-08-19,2019081901008087,SJCL,16,16,20,220.00,"4,400.00"
2019-08-19,2019081901008082,SJCL,16,20,20,220.00,"4,400.00"
2019-08-19,2019081901008071,SJCL,16,16,20,220.00,"4,400.00"
2019-08-19,2019081901008135,SJCL,16,16,20,220.00,"4,400.00"
2019-08-19,2019081901008129,SJCL,16,11,20,220.00,"4,400.00"
2019-08-19,2019081901008118,SJCL,16,16,20,220.00,"4,400.00"
2019-08-19,2019081901008107,SJCL,16,58,20,220.00,"4,400.00"
2019-08-19,2019081901008106,SJCL,16,16,20,220.00,"4,400.00"
2019-08-19,2019081901008099,SJCL,16,11,20,220.00,"4,400.00"
2019-08-19,2019081901008154,SJCL,39,21,500,219.00,"109,500.00"
2019-08-19,2019081901008153,SJCL,51,21,50,219.00,"10,950.00"
2019-08-19,2019081901008152,SJCL,49,21,500,220.00,"110,000.00"
2019-08-19,2019081901008151,SJCL,16,21,10,220.00,"2,200.00"
2019-08-19,2019081901008148,SJCL,16,16,20,220.00,"4,400.00"
2019-08-19,2019081901008146,SJCL,16,11,20,220.00,"4,400.00"
2019-08-19,2019081901008174,SJCL,34,39,10,219.00,"2,190.00"
2019-08-19,2019081901008164,SJCL,34,58,20,219.00,"4,380.00"
2019-08-19,2019081901008156,SJCL,34,21,"1,890",219.00,"413,910.00"
2019-08-19,2019081901008155,SJCL,14,21,50,219.00,"10,950.00"
2019-08-19,2019081901008216,SJCL,34,58,10,219.00,"2,190.00"
2019-08-19,2019081901008205,SJCL,34,11,20,219.00,"4,380.00"
2019-08-19,2019081901008199,SJCL,34,58,20,219.00,"4,380.00"
2019-08-19,2019081901008192,SJCL,34,58,10,219.00,"2,190.00"
2019-08-19,2019081901008186,SJCL,34,50,20,219.00,"4,380.00"
2019-08-19,2019081901008244,SJCL,52,16,20,219.00,"4,380.00"
2019-08-19,2019081901008241,SJCL,52,58,20,219.00,"4,380.00"
2019-08-19,2019081901008240,SJCL,52,4,20,219.00,"4,380.00"
2019-08-19,2019081901008232,SJCL,21,36,20,219.00,"4,380.00"
2019-08-19,2019081901008225,SJCL,21,46,20,219.00,"4,380.00"
2019-08-19,2019081901008217,SJCL,21,58,10,219.00,"2,190.00"
2019-08-19,2019081901008281,SJCL,52,46,20,219.00,"4,380.00"
2019-08-19,2019081901008278,SJCL,52,21,20,219.00,"4,380.00"
2019-08-19,2019081901008265,SJCL,52,16,20,219.00,"4,380.00"
2019-08-19,2019081901008259,SJCL,52,39,20,219.00,"4,380.00"
2019-08-19,2019081901008254,SJCL,52,4,20,219.00,"4,380.00"
2019-08-19,2019081901008245,SJCL,52,36,20,219.00,"4,380.00"
2019-08-19,2019081901008195,SKBBL,45,21,150,984.00,"147,600.00"
2019-08-19,2019081901008194,SKBBL,34,21,50,985.00,"49,250.00"
2019-08-19,2019081901008016,SLBBL,7,17,32,571.00,"18,272.00"
2019-08-19,2019081901008248,SLICL,28,42,80,300.00,"24,000.00"
2019-08-19,2019081901007992,SLICL,28,45,100,300.00,"30,000.00"
2019-08-19,2019081901008007,SMATA,47,43,29,"1,300.00","37,700.00"
2019-08-19,2019081901008006,SMATA,47,43,11,"1,301.00","14,311.00"
2019-08-19,2019081901008269,SMFBS,34,57,10,831.00,"8,310.00"
2019-08-19,2019081901008233,SMFBS,34,38,10,831.00,"8,310.00"
2019-08-19,2019081901008200,SMFBS,34,38,10,831.00,"8,310.00"
2019-08-19,2019081901008253,SMFDB,26,14,40,540.00,"21,600.00"
2019-08-19,2019081901008267,SPARS,1,11,10,607.00,"6,070.00"
2019-08-19,2019081901007918,SPARS,1,40,10,607.00,"6,070.00"
2019-08-19,2019081901008283,SRBL,29,56,50,237.00,"11,850.00"
2019-08-19,2019081901008204,SWBBL,34,21,50,921.00,"46,050.00"
2019-08-19,2019081901008203,SWBBL,34,21,50,921.00,"46,050.00"
2019-08-19,2019081901007823,UIC,5,26,50,305.00,"15,250.00"
2019-08-19,2019081901007875,UMHL,57,52,12,105.00,"1,260.00"
2019-08-19,2019081901007874,UMHL,57,26,10,105.00,"1,050.00"
2019-08-19,2019081901008264,UPPER,32,45,50,261.00,"13,050.00"
2019-08-19,2019081901008236,UPPER,34,46,10,260.00,"2,600.00"
2019-08-19,2019081901008229,UPPER,34,14,70,260.00,"18,200.00"
2019-08-19,2019081901008019,UPPER,8,38,40,259.00,"10,360.00"
2019-08-19,2019081901008000,UPPER,33,47,500,260.00,"130,000.00"
2019-08-19,2019081901007999,UPPER,33,43,593,260.00,"154,180.00"
2019-08-19,2019081901007998,UPPER,33,52,46,260.00,"11,960.00"
2019-08-19,2019081901007920,UPPER,32,52,100,260.00,"26,000.00"
2019-08-19,2019081901008098,VLBS,45,53,196,604.00,"118,384.00"
2019-08-19,2019081901007776,ADBL,20,21,105,430.00,"45,150.00"
2019-08-19,2019081901007775,ADBL,26,21,60,430.00,"25,800.00"
2019-08-19,2019081901007774,ADBL,50,21,35,430.00,"15,050.00"
2019-08-19,2019081901007497,ADBL,50,58,15,430.00,"6,450.00"
2019-08-19,2019081901007496,ADBL,6,58,300,430.00,"129,000.00"
2019-08-19,2019081901007495,ADBL,52,58,50,430.00,"21,500.00"
2019-08-19,2019081901007488,ADBL,4,58,100,431.00,"43,100.00"
2019-08-19,2019081901007356,ADBL,32,10,100,431.00,"43,100.00"
2019-08-19,2019081901007348,ADBL,36,10,100,431.00,"43,100.00"
2019-08-19,2019081901007494,ADBL,22,58,100,430.00,"43,000.00"
2019-08-19,2019081901007493,ADBL,32,58,500,430.00,"215,000.00"
2019-08-19,2019081901007492,ADBL,50,58,76,430.00,"32,680.00"
2019-08-19,2019081901007491,ADBL,55,58,20,430.00,"8,600.00"
2019-08-19,2019081901007490,ADBL,26,58,20,430.00,"8,600.00"
2019-08-19,2019081901007489,ADBL,6,58,19,430.00,"8,170.00"
2019-08-19,2019081901007347,AKJCL,22,22,10,66.00,660.00
2019-08-19,2019081901007787,ALBSL,11,42,10,470.00,"4,700.00"
2019-08-19,2019081901007764,ALBSL,39,11,10,465.00,"4,650.00"
2019-08-19,2019081901007396,ALBSL,11,11,10,465.00,"4,650.00"
2019-08-19,2019081901007332,ALBSL,11,11,10,465.00,"4,650.00"
2019-08-19,2019081901007307,ALBSL,39,11,10,464.00,"4,640.00"
2019-08-19,2019081901007782,ALICL,57,21,48,345.00,"16,560.00"
2019-08-19,2019081901007582,ALICL,22,51,15,349.00,"5,235.00"
2019-08-19,2019081901007502,BNT,55,28,20,"6,397.00","127,940.00"
2019-08-19,2019081901007792,BOKL,43,21,200,257.00,"51,400.00"
2019-08-19,2019081901007644,BOKL,49,57,700,258.00,"180,600.00"
2019-08-19,2019081901007639,BOKL,49,57,600,258.00,"154,800.00"
2019-08-19,2019081901007316,BOKL,25,57,100,258.00,"25,800.00"
2019-08-19,2019081901007650,BPCL,58,56,500,392.00,"196,000.00"
2019-08-19,2019081901007505,BPCL,58,38,20,392.00,"7,840.00"
2019-08-19,2019081901007397,CBBL,52,41,49,992.00,"48,608.00"
2019-08-19,2019081901007649,CBL,10,56,120,148.00,"17,760.00"
2019-08-19,2019081901007646,CBL,34,56,500,148.00,"74,000.00"
2019-08-19,2019081901007593,CBL,58,56,200,148.00,"29,600.00"
2019-08-19,2019081901007442,CBL,6,17,602,147.00,"88,494.00"
2019-08-19,2019081901007441,CBL,26,17,500,147.00,"73,500.00"
2019-08-19,2019081901007391,CBL,21,56,50,148.00,"7,400.00"
2019-08-19,2019081901007390,CBL,26,56,31,148.00,"4,588.00"
2019-08-19,2019081901007698,CCBL,45,48,834,159.00,"132,606.00"
2019-08-19,2019081901007674,CCBL,45,22,166,159.00,"26,394.00"
2019-08-19,2019081901007705,CFCL,39,54,449,116.00,"52,084.00"
2019-08-19,2019081901007716,CHL,39,59,10,81.00,810.00
2019-08-19,2019081901007662,CHL,39,29,10,81.00,810.00
2019-08-19,2019081901007656,CLBSL,22,35,10,498.00,"4,980.00"
2019-08-19,2019081901007798,CZBIL,41,34,510,218.00,"111,180.00"
2019-08-19,2019081901007797,CZBIL,41,44,180,218.00,"39,240.00"
2019-08-19,2019081901007672,CZBIL,25,44,500,218.00,"109,000.00"
2019-08-19,2019081901007736,DDBL,40,55,400,760.00,"304,000.00"
2019-08-19,2019081901007735,DDBL,40,3,50,760.00,"38,000.00"
2019-08-19,2019081901007418,DDBL,45,56,250,754.00,"188,500.00"
2019-08-19,2019081901007322,DDBL,58,28,50,754.00,"37,700.00"
2019-08-19,2019081901007543,EBL,32,44,272,651.00,"177,072.00"
2019-08-19,2019081901007542,EBL,32,36,28,651.00,"18,228.00"
2019-08-19,2019081901007485,EBL,45,21,200,650.00,"130,000.00"
2019-08-19,2019081901007484,EBL,45,40,170,650.00,"110,500.00"
2019-08-19,2019081901007483,EBL,45,13,64,649.00,"41,536.00"
2019-08-19,2019081901007482,EBL,4,3,100,649.00,"64,900.00"
2019-08-19,2019081901007425,EBL,26,57,38,647.00,"24,586.00"
2019-08-19,2019081901007609,EIC,22,53,15,330.00,"4,950.00"
2019-08-19,2019081901007433,FMDBL,41,8,200,394.00,"78,800.00"
2019-08-19,2019081901007426,GBLBS,52,41,10,364.00,"3,640.00"
2019-08-19,2019081901007308,GBLBS,52,34,100,364.00,"36,400.00"
2019-08-19,2019081901007439,GFCL,45,25,500,140.00,"70,000.00"
2019-08-19,2019081901007665,GHL,28,29,30,82.00,"2,460.00"
2019-08-19,2019081901007595,GILB,22,34,11,790.00,"8,690.00"
2019-08-19,2019081901007393,GILB,52,45,20,788.00,"15,760.00"
2019-08-19,2019081901007754,GRDBL,51,59,50,106.00,"5,300.00"
2019-08-19,2019081901007803,HBL,22,19,500,550.00,"275,000.00"
2019-08-19,2019081901007767,HBL,39,17,16,548.00,"8,768.00"
2019-08-19,2019081901007766,HBL,52,17,10,548.00,"5,480.00"
2019-08-19,2019081901007315,HGI,26,25,269,322.00,"86,618.00"
2019-08-19,2019081901007314,HGI,45,25,50,322.00,"16,100.00"
2019-08-19,2019081901007313,HGI,6,25,150,323.00,"48,450.00"
2019-08-19,2019081901007312,HGI,55,25,100,324.00,"32,400.00"
2019-08-19,2019081901007311,HGI,54,25,100,325.00,"32,500.00"
2019-08-19,2019081901007310,HGI,26,25,150,326.00,"48,900.00"
2019-08-19,2019081901007346,HIDCL,17,5,339,150.00,"50,850.00"
2019-08-19,2019081901007323,HIDCL,17,58,61,150.00,"9,150.00"
2019-08-19,2019081901007769,HPPL,45,59,10,156.00,"1,560.00"
2019-08-19,2019081901007733,HPPL,45,59,10,156.00,"1,560.00"
2019-08-19,2019081901007613,HPPL,28,28,20,158.00,"3,160.00"
2019-08-19,2019081901007722,HURJA,57,51,20,128.00,"2,560.00"
2019-08-19,2019081901007670,HURJA,57,51,20,128.00,"2,560.00"
2019-08-19,2019081901007679,IGI,26,56,22,334.00,"7,348.00"
2019-08-19,2019081901007616,IGI,22,56,15,334.00,"5,010.00"
2019-08-19,2019081901007794,ILBS,57,55,10,476.00,"4,760.00"
2019-08-19,2019081901007793,ILBS,57,1,10,476.00,"4,760.00"
2019-08-19,2019081901007753,ILBS,52,51,10,475.00,"4,750.00"
2019-08-19,2019081901007752,ILBS,52,55,10,475.00,"4,750.00"
2019-08-19,2019081901007751,ILBS,52,55,10,475.00,"4,750.00"
2019-08-19,2019081901007750,ILBS,52,51,10,475.00,"4,750.00"
2019-08-19,2019081901007343,ILBS,1,22,10,475.00,"4,750.00"
2019-08-19,2019081901007749,ILBS,52,51,10,475.00,"4,750.00"
2019-08-19,2019081901007664,ILBS,57,17,10,474.00,"4,740.00"
2019-08-19,2019081901007449,ILBS,57,38,10,474.00,"4,740.00"
2019-08-19,2019081901007413,ILBS,1,52,10,475.00,"4,750.00"
2019-08-19,2019081901007412,ILBS,21,1,10,476.00,"4,760.00"
2019-08-19,2019081901007411,ILBS,21,1,10,476.00,"4,760.00"
2019-08-19,2019081901007427,JFL,58,28,100,190.00,"19,000.00"
2019-08-19,2019081901007350,JFL,38,10,90,191.00,"17,190.00"
2019-08-19,2019081901007349,JFL,56,10,86,191.00,"16,426.00"
2019-08-19,2019081901007806,KBL,36,5,200,205.00,"41,000.00"
2019-08-19,2019081901007791,KBL,29,5,40,205.00,"8,200.00"
2019-08-19,2019081901007757,KBL,43,5,86,205.00,"17,630.00"
2019-08-19,2019081901007756,KBL,43,48,32,205.00,"6,560.00"
2019-08-19,2019081901007755,KBL,43,56,382,205.00,"78,310.00"
2019-08-19,2019081901007673,KBL,57,56,300,205.00,"61,500.00"
2019-08-19,2019081901007642,KBL,50,56,200,205.00,"41,000.00"
2019-08-19,2019081901007612,KBL,49,56,500,205.00,"102,500.00"
2019-08-19,2019081901007587,KBL,43,56,500,205.00,"102,500.00"
2019-08-19,2019081901007563,KBL,38,56,"1,000",205.00,"205,000.00"
2019-08-19,2019081901007549,KBL,58,56,300,205.00,"61,500.00"
2019-08-19,2019081901007515,KBL,48,56,500,205.00,"102,500.00"
2019-08-19,2019081901007345,KPCL,42,44,10,86.00,860.00
2019-08-19,2019081901007611,KPCL,42,20,10,86.00,860.00
2019-08-19,2019081901007580,KSBBL,17,17,6,150.00,900.00
2019-08-19,2019081901007444,LBBL,5,7,100,179.00,"17,900.00"
2019-08-19,2019081901007780,LBL,29,14,50,217.00,"10,850.00"
2019-08-19,2019081901007569,LBL,38,43,900,216.00,"194,400.00"
2019-08-19,2019081901007540,LBL,45,43,100,216.00,"21,600.00"
2019-08-19,2019081901007342,LBL,49,49,"2,300",216.00,"496,800.00"
2019-08-19,2019081901007623,LGIL,22,52,10,408.00,"4,080.00"
2019-08-19,2019081901007341,LGIL,48,25,65,400.00,"26,000.00"
2019-08-19,2019081901007340,LGIL,33,25,100,401.00,"40,100.00"
2019-08-19,2019081901007339,LGIL,37,25,200,401.00,"80,200.00"
2019-08-19,2019081901007338,LGIL,43,25,50,401.00,"20,050.00"
2019-08-19,2019081901007337,LGIL,46,25,20,403.00,"8,060.00"
2019-08-19,2019081901007336,LGIL,26,25,100,404.00,"40,400.00"
2019-08-19,2019081901007335,LGIL,56,25,150,404.00,"60,600.00"
2019-08-19,2019081901007334,LGIL,59,25,25,404.00,"10,100.00"
2019-08-19,2019081901007333,LGIL,43,25,50,405.00,"20,250.00"
2019-08-19,2019081901007789,LVF1,43,35,"3,000",9.40,"28,200.00"
2019-08-19,2019081901007707,MBL,14,59,29,256.00,"7,424.00"
2019-08-19,2019081901007589,MBL,41,59,871,256.00,"222,976.00"
2019-08-19,2019081901007588,MBL,41,1,129,256.00,"33,024.00"
2019-08-19,2019081901007430,MBL,22,59,100,256.00,"25,600.00"
2019-08-19,2019081901007693,MERO,45,59,17,530.00,"9,010.00"
2019-08-19,2019081901007446,MERO,45,56,79,530.00,"41,870.00"
2019-08-19,2019081901007445,MERO,37,56,20,531.00,"10,620.00"
2019-08-19,2019081901007740,MNBBL,52,20,50,328.00,"16,400.00"
2019-08-19,2019081901007600,MNBBL,52,28,150,328.00,"49,200.00"
