Date,Transact. No.,Symbol,Buyer,Seller,Quantity,Rate,Amount
2020-11-05,2020110504001438,BBC,54,13,10,"2,356.00","23,560.00"
2020-11-05,2020110504001437,BBC,46,13,20,"2,360.00","47,200.00"
2020-11-05,2020110504001436,BBC,45,13,50,"2,361.00","118,050.00"
2020-11-05,2020110504001435,BBC,34,13,10,"2,362.00","23,620.00"
2020-11-05,2020110504001381,BBC,33,17,10,"2,401.00","24,010.00"
2020-11-05,2020110504001380,BBC,46,17,20,"2,401.00","48,020.00"
2020-11-05,2020110504001111,BBC,17,49,25,"2,511.00","62,775.00"
2020-11-05,2020110504001091,BBC,22,28,30,"2,510.00","75,300.00"
2020-11-05,2020110504001048,BBC,25,49,35,"2,547.00","89,145.00"
2020-11-05,2020110504000973,BBC,10,39,10,"2,598.00","25,980.00"
2020-11-05,2020110504001173,BBC,42,35,10,"2,450.00","24,500.00"
2020-11-05,2020110504001172,BBC,50,35,10,"2,450.00","24,500.00"
2020-11-05,2020110504001138,BBC,38,26,10,"2,499.00","24,990.00"
2020-11-05,2020110504001136,BBC,38,42,10,"2,499.00","24,990.00"
2020-11-05,2020110504001113,BBC,33,49,10,"2,510.00","25,100.00"
2020-11-05,2020110504001112,BBC,22,32,19,"2,510.00","47,690.00"
2020-11-05,2020110504001369,BBC,18,35,20,"2,401.00","48,020.00"
2020-11-05,2020110504001365,BBC,6,3,83,"2,402.00","199,366.00"
2020-11-05,2020110504001348,BBC,51,3,20,"2,402.00","48,040.00"
2020-11-05,2020110504001344,BBC,42,3,200,"2,402.00","480,400.00"
2020-11-05,2020110504001343,BBC,50,3,10,"2,403.00","24,030.00"
2020-11-05,2020110504001174,BBC,25,35,10,"2,450.00","24,500.00"
2020-11-05,2020110504001040,CMF1,35,17,"5,000",9.90,"49,500.00"
2020-11-05,2020110504001027,CMF1,54,17,"1,000",9.95,"9,950.00"
2020-11-05,2020110504001434,GIC,46,11,10,530.00,"5,300.00"
2020-11-05,2020110504001433,GIC,46,29,10,530.00,"5,300.00"
2020-11-05,2020110504001432,GIC,46,10,10,530.00,"5,300.00"
2020-11-05,2020110504001430,GIC,46,43,10,530.00,"5,300.00"
2020-11-05,2020110504001423,GIC,46,10,10,530.00,"5,300.00"
2020-11-05,2020110504001422,GIC,46,48,10,530.00,"5,300.00"
2020-11-05,2020110504000951,GIC,51,47,10,531.00,"5,310.00"
2020-11-05,2020110504000949,GIC,51,21,10,531.00,"5,310.00"
2020-11-05,2020110504000948,GIC,51,57,10,531.00,"5,310.00"
2020-11-05,2020110504000944,GIC,43,47,10,531.00,"5,310.00"
2020-11-05,2020110504000941,GIC,56,21,10,532.00,"5,320.00"
2020-11-05,2020110504000957,GIC,51,14,10,531.00,"5,310.00"
2020-11-05,2020110504000956,GIC,51,8,10,531.00,"5,310.00"
2020-11-05,2020110504000955,GIC,51,33,10,531.00,"5,310.00"
2020-11-05,2020110504000954,GIC,51,11,10,531.00,"5,310.00"
2020-11-05,2020110504000953,GIC,51,5,10,531.00,"5,310.00"
2020-11-05,2020110504000952,GIC,51,8,10,531.00,"5,310.00"
2020-11-05,2020110504000965,GIC,14,42,10,531.00,"5,310.00"
2020-11-05,2020110504000964,GIC,14,51,10,531.00,"5,310.00"
2020-11-05,2020110504000962,GIC,14,20,10,531.00,"5,310.00"
2020-11-05,2020110504000960,GIC,38,54,10,531.00,"5,310.00"
2020-11-05,2020110504000959,GIC,38,54,10,531.00,"5,310.00"
2020-11-05,2020110504000958,GIC,51,49,10,531.00,"5,310.00"
2020-11-05,2020110504000972,GIC,14,29,10,531.00,"5,310.00"
2020-11-05,2020110504000971,GIC,14,32,10,531.00,"5,310.00"
2020-11-05,2020110504000970,GIC,14,46,10,531.00,"5,310.00"
2020-11-05,2020110504000968,GIC,14,49,10,531.00,"5,310.00"
2020-11-05,2020110504000967,GIC,14,49,10,531.00,"5,310.00"
2020-11-05,2020110504000966,GIC,14,17,10,531.00,"5,310.00"
2020-11-05,2020110504000985,GIC,19,49,10,532.00,"5,320.00"
2020-11-05,2020110504000984,GIC,19,8,10,532.00,"5,320.00"
2020-11-05,2020110504000983,GIC,14,40,10,531.00,"5,310.00"
2020-11-05,2020110504000978,GIC,14,20,10,531.00,"5,310.00"
2020-11-05,2020110504000975,GIC,14,32,10,531.00,"5,310.00"
2020-11-05,2020110504000974,GIC,14,48,10,531.00,"5,310.00"
2020-11-05,2020110504000991,GIC,36,58,10,533.00,"5,330.00"
2020-11-05,2020110504000990,GIC,36,49,10,533.00,"5,330.00"
2020-11-05,2020110504000989,GIC,36,38,10,533.00,"5,330.00"
2020-11-05,2020110504000988,GIC,14,58,10,531.00,"5,310.00"
2020-11-05,2020110504000987,GIC,14,34,10,531.00,"5,310.00"
2020-11-05,2020110504000986,GIC,19,5,50,532.00,"26,600.00"
2020-11-05,2020110504000998,GIC,19,36,10,532.00,"5,320.00"
2020-11-05,2020110504000996,GIC,19,17,10,532.00,"5,320.00"
2020-11-05,2020110504000995,GIC,19,38,10,532.00,"5,320.00"
2020-11-05,2020110504000994,GIC,19,53,10,532.00,"5,320.00"
2020-11-05,2020110504000993,GIC,19,29,10,532.00,"5,320.00"
2020-11-05,2020110504000992,GIC,19,42,10,532.00,"5,320.00"
2020-11-05,2020110504001008,GIC,14,20,10,531.00,"5,310.00"
2020-11-05,2020110504001006,GIC,14,38,10,531.00,"5,310.00"
2020-11-05,2020110504001003,GIC,14,26,10,531.00,"5,310.00"
2020-11-05,2020110504001002,GIC,14,20,10,531.00,"5,310.00"
2020-11-05,2020110504001001,GIC,14,58,10,531.00,"5,310.00"
2020-11-05,2020110504001000,GIC,19,36,10,532.00,"5,320.00"
2020-11-05,2020110504001014,GIC,41,10,10,531.00,"5,310.00"
2020-11-05,2020110504001013,GIC,41,22,10,531.00,"5,310.00"
2020-11-05,2020110504001012,GIC,41,36,10,531.00,"5,310.00"
2020-11-05,2020110504001011,GIC,41,26,10,531.00,"5,310.00"
2020-11-05,2020110504001010,GIC,41,36,10,531.00,"5,310.00"
2020-11-05,2020110504001009,GIC,41,36,10,531.00,"5,310.00"
2020-11-05,2020110504001023,GIC,41,51,10,531.00,"5,310.00"
2020-11-05,2020110504001021,GIC,41,49,10,531.00,"5,310.00"
2020-11-05,2020110504001020,GIC,41,36,10,531.00,"5,310.00"
2020-11-05,2020110504001019,GIC,41,17,10,531.00,"5,310.00"
2020-11-05,2020110504001018,GIC,41,17,10,531.00,"5,310.00"
2020-11-05,2020110504001017,GIC,41,20,10,531.00,"5,310.00"
2020-11-05,2020110504001032,GIC,41,26,10,531.00,"5,310.00"
2020-11-05,2020110504001031,GIC,58,37,10,532.00,"5,320.00"
2020-11-05,2020110504001030,GIC,58,21,10,532.00,"5,320.00"
2020-11-05,2020110504001029,GIC,58,21,10,532.00,"5,320.00"
2020-11-05,2020110504001028,GIC,41,58,10,531.00,"5,310.00"
2020-11-05,2020110504001026,GIC,41,20,10,531.00,"5,310.00"
2020-11-05,2020110504001042,GIC,41,47,10,531.00,"5,310.00"
2020-11-05,2020110504001041,GIC,41,36,10,531.00,"5,310.00"
2020-11-05,2020110504001039,GIC,41,49,10,531.00,"5,310.00"
2020-11-05,2020110504001038,GIC,41,58,10,531.00,"5,310.00"
2020-11-05,2020110504001037,GIC,41,35,10,531.00,"5,310.00"
2020-11-05,2020110504001035,GIC,41,49,10,531.00,"5,310.00"
2020-11-05,2020110504001060,GIC,33,29,10,532.00,"5,320.00"
2020-11-05,2020110504001058,GIC,33,39,10,532.00,"5,320.00"
2020-11-05,2020110504001051,GIC,33,36,10,532.00,"5,320.00"
2020-11-05,2020110504001050,GIC,33,20,10,532.00,"5,320.00"
2020-11-05,2020110504001044,GIC,33,56,10,532.00,"5,320.00"
2020-11-05,2020110504001043,GIC,33,20,10,532.00,"5,320.00"
2020-11-05,2020110504001067,GIC,41,58,10,531.00,"5,310.00"
2020-11-05,2020110504001066,GIC,41,49,10,531.00,"5,310.00"
2020-11-05,2020110504001065,GIC,41,13,10,531.00,"5,310.00"
2020-11-05,2020110504001064,GIC,41,26,10,531.00,"5,310.00"
2020-11-05,2020110504001062,GIC,41,38,10,531.00,"5,310.00"
2020-11-05,2020110504001061,GIC,41,49,10,531.00,"5,310.00"
2020-11-05,2020110504001076,GIC,41,20,10,531.00,"5,310.00"
2020-11-05,2020110504001075,GIC,41,51,10,531.00,"5,310.00"
2020-11-05,2020110504001074,GIC,41,21,10,531.00,"5,310.00"
2020-11-05,2020110504001072,GIC,41,21,10,531.00,"5,310.00"
2020-11-05,2020110504001070,GIC,41,33,10,531.00,"5,310.00"
2020-11-05,2020110504001068,GIC,41,43,10,531.00,"5,310.00"
2020-11-05,2020110504001083,GIC,55,38,10,532.00,"5,320.00"
2020-11-05,2020110504001082,GIC,55,51,10,532.00,"5,320.00"
2020-11-05,2020110504001080,GIC,55,34,10,532.00,"5,320.00"
2020-11-05,2020110504001079,GIC,55,21,10,532.00,"5,320.00"
2020-11-05,2020110504001078,GIC,55,35,10,532.00,"5,320.00"
2020-11-05,2020110504001077,GIC,55,49,100,532.00,"53,200.00"
2020-11-05,2020110504001093,GIC,55,20,10,532.00,"5,320.00"
2020-11-05,2020110504001092,GIC,55,34,10,532.00,"5,320.00"
2020-11-05,2020110504001089,GIC,55,38,10,532.00,"5,320.00"
2020-11-05,2020110504001088,GIC,55,38,10,532.00,"5,320.00"
2020-11-05,2020110504001087,GIC,55,33,10,532.00,"5,320.00"
2020-11-05,2020110504001085,GIC,55,20,10,532.00,"5,320.00"
2020-11-05,2020110504001101,GIC,55,10,10,532.00,"5,320.00"
2020-11-05,2020110504001100,GIC,55,42,10,532.00,"5,320.00"
2020-11-05,2020110504001099,GIC,55,34,10,532.00,"5,320.00"
2020-11-05,2020110504001098,GIC,55,56,10,532.00,"5,320.00"
2020-11-05,2020110504001097,GIC,55,34,10,532.00,"5,320.00"
2020-11-05,2020110504001096,GIC,55,34,10,532.00,"5,320.00"
2020-11-05,2020110504001107,GIC,18,20,10,532.00,"5,320.00"
2020-11-05,2020110504001106,GIC,18,38,10,532.00,"5,320.00"
2020-11-05,2020110504001105,GIC,18,34,10,532.00,"5,320.00"
2020-11-05,2020110504001104,GIC,55,34,10,532.00,"5,320.00"
2020-11-05,2020110504001103,GIC,55,26,10,532.00,"5,320.00"
2020-11-05,2020110504001102,GIC,55,34,10,532.00,"5,320.00"
2020-11-05,2020110504001117,GIC,41,43,10,531.00,"5,310.00"
2020-11-05,2020110504001116,GIC,41,58,10,531.00,"5,310.00"
2020-11-05,2020110504001114,GIC,41,20,10,531.00,"5,310.00"
2020-11-05,2020110504001110,GIC,41,20,10,531.00,"5,310.00"
2020-11-05,2020110504001109,GIC,41,38,10,531.00,"5,310.00"
2020-11-05,2020110504001108,GIC,18,34,10,532.00,"5,320.00"
2020-11-05,2020110504001124,GIC,32,34,10,532.00,"5,320.00"
2020-11-05,2020110504001123,GIC,32,34,10,532.00,"5,320.00"
2020-11-05,2020110504001121,GIC,41,37,10,531.00,"5,310.00"
2020-11-05,2020110504001120,GIC,41,37,10,531.00,"5,310.00"
2020-11-05,2020110504001119,GIC,41,45,10,531.00,"5,310.00"
2020-11-05,2020110504001118,GIC,41,58,10,531.00,"5,310.00"
2020-11-05,2020110504001133,GIC,41,20,10,531.00,"5,310.00"
2020-11-05,2020110504001132,GIC,41,41,10,531.00,"5,310.00"
2020-11-05,2020110504001129,GIC,41,53,10,531.00,"5,310.00"
2020-11-05,2020110504001128,GIC,41,53,10,531.00,"5,310.00"
2020-11-05,2020110504001127,GIC,41,43,10,531.00,"5,310.00"
2020-11-05,2020110504001126,GIC,41,53,10,531.00,"5,310.00"
2020-11-05,2020110504001145,GIC,51,47,50,531.00,"26,550.00"
2020-11-05,2020110504001144,GIC,43,47,20,531.00,"10,620.00"
2020-11-05,2020110504001143,GIC,41,47,40,531.00,"21,240.00"
2020-11-05,2020110504001142,GIC,41,59,10,531.00,"5,310.00"
2020-11-05,2020110504001139,GIC,41,51,10,531.00,"5,310.00"
2020-11-05,2020110504001137,GIC,41,43,10,531.00,"5,310.00"
2020-11-05,2020110504001152,GIC,25,49,10,530.00,"5,300.00"
2020-11-05,2020110504001151,GIC,25,36,10,530.00,"5,300.00"
2020-11-05,2020110504001149,GIC,25,47,150,530.00,"79,500.00"
2020-11-05,2020110504001148,GIC,50,47,20,530.00,"10,600.00"
2020-11-05,2020110504001147,GIC,21,47,200,531.00,"106,200.00"
2020-11-05,2020110504001146,GIC,11,47,20,531.00,"10,620.00"
2020-11-05,2020110504001159,GIC,43,44,10,530.00,"5,300.00"
2020-11-05,2020110504001158,GIC,43,49,10,530.00,"5,300.00"
2020-11-05,2020110504001157,GIC,43,49,10,530.00,"5,300.00"
2020-11-05,2020110504001156,GIC,25,3,10,530.00,"5,300.00"
2020-11-05,2020110504001155,GIC,25,49,10,530.00,"5,300.00"
2020-11-05,2020110504001154,GIC,25,58,10,530.00,"5,300.00"
2020-11-05,2020110504001166,GIC,11,35,10,531.00,"5,310.00"
2020-11-05,2020110504001165,GIC,46,35,10,531.00,"5,310.00"
2020-11-05,2020110504001163,GIC,1,36,10,530.00,"5,300.00"
2020-11-05,2020110504001162,GIC,1,45,10,530.00,"5,300.00"
2020-11-05,2020110504001161,GIC,43,39,10,530.00,"5,300.00"
2020-11-05,2020110504001160,GIC,43,49,10,530.00,"5,300.00"
2020-11-05,2020110504001175,GIC,1,49,10,530.00,"5,300.00"
2020-11-05,2020110504001171,GIC,1,49,10,530.00,"5,300.00"
2020-11-05,2020110504001170,GIC,1,36,10,530.00,"5,300.00"
2020-11-05,2020110504001169,GIC,1,58,10,530.00,"5,300.00"
2020-11-05,2020110504001168,GIC,11,45,10,531.00,"5,310.00"
2020-11-05,2020110504001167,GIC,11,42,10,531.00,"5,310.00"
2020-11-05,2020110504001182,GIC,1,36,10,530.00,"5,300.00"
2020-11-05,2020110504001180,GIC,1,14,10,530.00,"5,300.00"
2020-11-05,2020110504001179,GIC,1,36,10,530.00,"5,300.00"
2020-11-05,2020110504001178,GIC,1,47,10,530.00,"5,300.00"
2020-11-05,2020110504001177,GIC,1,14,10,530.00,"5,300.00"
2020-11-05,2020110504001176,GIC,1,14,10,530.00,"5,300.00"
2020-11-05,2020110504001191,GIC,1,58,10,530.00,"5,300.00"
2020-11-05,2020110504001190,GIC,1,38,10,530.00,"5,300.00"
2020-11-05,2020110504001189,GIC,1,41,10,530.00,"5,300.00"
2020-11-05,2020110504001186,GIC,1,58,10,530.00,"5,300.00"
2020-11-05,2020110504001184,GIC,1,16,10,530.00,"5,300.00"
2020-11-05,2020110504001183,GIC,1,58,10,530.00,"5,300.00"
2020-11-05,2020110504001198,GIC,52,41,10,530.00,"5,300.00"
2020-11-05,2020110504001197,GIC,52,36,10,530.00,"5,300.00"
2020-11-05,2020110504001195,GIC,52,41,10,530.00,"5,300.00"
2020-11-05,2020110504001194,GIC,1,21,10,530.00,"5,300.00"
2020-11-05,2020110504001193,GIC,47,47,100,531.00,"53,100.00"
2020-11-05,2020110504001192,GIC,1,34,10,530.00,"5,300.00"
2020-11-05,2020110504001205,GIC,26,21,10,530.00,"5,300.00"
2020-11-05,2020110504001203,GIC,26,34,10,530.00,"5,300.00"
2020-11-05,2020110504001202,GIC,52,29,10,530.00,"5,300.00"
2020-11-05,2020110504001201,GIC,52,58,10,530.00,"5,300.00"
2020-11-05,2020110504001200,GIC,48,35,250,531.00,"132,750.00"
2020-11-05,2020110504001199,GIC,48,47,250,531.00,"132,750.00"
2020-11-05,2020110504001211,GIC,26,40,10,530.00,"5,300.00"
2020-11-05,2020110504001210,GIC,26,3,10,530.00,"5,300.00"
2020-11-05,2020110504001209,GIC,26,1,10,530.00,"5,300.00"
2020-11-05,2020110504001208,GIC,26,58,10,530.00,"5,300.00"
2020-11-05,2020110504001207,GIC,26,21,10,530.00,"5,300.00"
2020-11-05,2020110504001206,GIC,26,34,10,530.00,"5,300.00"
2020-11-05,2020110504001217,GIC,38,34,10,532.00,"5,320.00"
2020-11-05,2020110504001216,GIC,38,34,10,532.00,"5,320.00"
2020-11-05,2020110504001215,GIC,38,34,10,532.00,"5,320.00"
2020-11-05,2020110504001214,GIC,38,42,10,532.00,"5,320.00"
2020-11-05,2020110504001213,GIC,52,58,10,531.00,"5,310.00"
2020-11-05,2020110504001212,GIC,26,10,10,530.00,"5,300.00"
2020-11-05,2020110504001223,GIC,26,43,10,530.00,"5,300.00"
2020-11-05,2020110504001222,GIC,26,45,10,530.00,"5,300.00"
2020-11-05,2020110504001221,GIC,52,49,10,531.00,"5,310.00"
2020-11-05,2020110504001220,GIC,26,21,10,530.00,"5,300.00"
2020-11-05,2020110504001219,GIC,26,26,10,530.00,"5,300.00"
2020-11-05,2020110504001218,GIC,26,42,10,530.00,"5,300.00"
2020-11-05,2020110504001229,GIC,26,43,10,530.00,"5,300.00"
2020-11-05,2020110504001228,GIC,26,21,10,530.00,"5,300.00"
2020-11-05,2020110504001227,GIC,26,41,10,530.00,"5,300.00"
2020-11-05,2020110504001226,GIC,26,45,10,530.00,"5,300.00"
2020-11-05,2020110504001225,GIC,26,4,10,530.00,"5,300.00"
2020-11-05,2020110504001224,GIC,26,38,10,530.00,"5,300.00"
2020-11-05,2020110504001235,GIC,26,38,10,530.00,"5,300.00"
2020-11-05,2020110504001234,GIC,26,34,10,530.00,"5,300.00"
2020-11-05,2020110504001233,GIC,26,22,10,530.00,"5,300.00"
2020-11-05,2020110504001232,GIC,26,29,10,530.00,"5,300.00"
2020-11-05,2020110504001231,GIC,26,8,10,530.00,"5,300.00"
2020-11-05,2020110504001230,GIC,26,38,10,530.00,"5,300.00"
2020-11-05,2020110504001241,GIC,41,34,10,532.00,"5,320.00"
2020-11-05,2020110504001240,GIC,41,58,10,531.00,"5,310.00"
2020-11-05,2020110504001239,GIC,41,22,10,531.00,"5,310.00"
2020-11-05,2020110504001238,GIC,26,6,10,530.00,"5,300.00"
2020-11-05,2020110504001237,GIC,26,38,10,530.00,"5,300.00"
2020-11-05,2020110504001236,GIC,26,6,10,530.00,"5,300.00"
2020-11-05,2020110504001247,GIC,41,26,10,533.00,"5,330.00"
2020-11-05,2020110504001246,GIC,41,7,10,533.00,"5,330.00"
2020-11-05,2020110504001245,GIC,41,44,10,533.00,"5,330.00"
2020-11-05,2020110504001244,GIC,41,58,10,533.00,"5,330.00"
2020-11-05,2020110504001243,GIC,41,22,10,532.00,"5,320.00"
2020-11-05,2020110504001242,GIC,41,33,10,532.00,"5,320.00"
2020-11-05,2020110504001253,GIC,45,45,10,530.00,"5,300.00"
2020-11-05,2020110504001252,GIC,45,39,10,530.00,"5,300.00"
2020-11-05,2020110504001251,GIC,45,38,10,530.00,"5,300.00"
2020-11-05,2020110504001250,GIC,45,42,10,530.00,"5,300.00"
2020-11-05,2020110504001249,GIC,26,34,10,530.00,"5,300.00"
2020-11-05,2020110504001248,GIC,41,26,10,533.00,"5,330.00"
2020-11-05,2020110504001261,GIC,59,11,10,531.00,"5,310.00"
2020-11-05,2020110504001258,GIC,59,41,10,531.00,"5,310.00"
2020-11-05,2020110504001257,GIC,59,11,10,531.00,"5,310.00"
2020-11-05,2020110504001256,GIC,59,43,10,531.00,"5,310.00"
2020-11-05,2020110504001255,GIC,59,39,10,531.00,"5,310.00"
2020-11-05,2020110504001254,GIC,45,41,10,530.00,"5,300.00"
2020-11-05,2020110504001269,GIC,59,45,10,531.00,"5,310.00"
2020-11-05,2020110504001268,GIC,59,41,10,531.00,"5,310.00"
2020-11-05,2020110504001267,GIC,59,38,10,531.00,"5,310.00"
2020-11-05,2020110504001266,GIC,59,29,10,531.00,"5,310.00"
2020-11-05,2020110504001265,GIC,59,47,10,531.00,"5,310.00"
2020-11-05,2020110504001264,GIC,59,41,10,531.00,"5,310.00"
2020-11-05,2020110504001280,GIC,59,38,10,531.00,"5,310.00"
2020-11-05,2020110504001278,GIC,59,6,10,531.00,"5,310.00"
2020-11-05,2020110504001276,GIC,59,40,10,531.00,"5,310.00"
2020-11-05,2020110504001274,GIC,59,48,10,531.00,"5,310.00"
2020-11-05,2020110504001273,GIC,59,39,10,531.00,"5,310.00"
2020-11-05,2020110504001271,GIC,59,11,10,531.00,"5,310.00"
2020-11-05,2020110504001287,GIC,45,41,10,530.00,"5,300.00"
2020-11-05,2020110504001286,GIC,43,47,30,531.00,"15,930.00"
2020-11-05,2020110504001285,GIC,38,47,200,531.00,"106,200.00"
2020-11-05,2020110504001284,GIC,59,34,10,531.00,"5,310.00"
2020-11-05,2020110504001283,GIC,59,41,10,531.00,"5,310.00"
2020-11-05,2020110504001281,GIC,59,34,10,531.00,"5,310.00"
2020-11-05,2020110504001298,GIC,13,7,10,530.00,"5,300.00"
2020-11-05,2020110504001296,GIC,13,48,10,530.00,"5,300.00"
2020-11-05,2020110504001295,GIC,45,54,10,530.00,"5,300.00"
2020-11-05,2020110504001294,GIC,45,6,10,530.00,"5,300.00"
2020-11-05,2020110504001290,GIC,45,58,10,530.00,"5,300.00"
2020-11-05,2020110504001289,GIC,45,41,10,530.00,"5,300.00"
2020-11-05,2020110504001311,GIC,43,42,10,531.00,"5,310.00"
2020-11-05,2020110504001310,GIC,43,43,10,531.00,"5,310.00"
2020-11-05,2020110504001305,GIC,43,6,10,531.00,"5,310.00"
2020-11-05,2020110504001304,GIC,43,21,10,531.00,"5,310.00"
2020-11-05,2020110504001301,GIC,19,47,20,531.00,"10,620.00"
2020-11-05,2020110504001299,GIC,45,6,10,530.00,"5,300.00"
2020-11-05,2020110504001317,GIC,55,55,10,532.00,"5,320.00"
2020-11-05,2020110504001316,GIC,45,45,10,530.00,"5,300.00"
2020-11-05,2020110504001315,GIC,45,45,10,530.00,"5,300.00"
2020-11-05,2020110504001314,GIC,45,45,10,530.00,"5,300.00"
2020-11-05,2020110504001313,GIC,45,44,10,530.00,"5,300.00"
2020-11-05,2020110504001312,GIC,43,28,10,531.00,"5,310.00"
2020-11-05,2020110504001330,GIC,29,41,10,531.00,"5,310.00"
2020-11-05,2020110504001329,GIC,45,44,10,530.00,"5,300.00"
2020-11-05,2020110504001328,GIC,45,49,10,530.00,"5,300.00"
2020-11-05,2020110504001327,GIC,45,51,10,530.00,"5,300.00"
2020-11-05,2020110504001319,GIC,45,45,10,530.00,"5,300.00"
2020-11-05,2020110504001318,GIC,55,55,10,532.00,"5,320.00"
2020-11-05,2020110504001342,GIC,32,20,10,530.00,"5,300.00"
2020-11-05,2020110504001337,GIC,45,58,10,530.00,"5,300.00"
2020-11-05,2020110504001334,GIC,52,48,10,531.00,"5,310.00"
2020-11-05,2020110504001333,GIC,52,58,10,531.00,"5,310.00"
2020-11-05,2020110504001332,GIC,29,46,10,531.00,"5,310.00"
2020-11-05,2020110504001331,GIC,29,58,10,531.00,"5,310.00"
2020-11-05,2020110504001355,GIC,32,36,10,531.00,"5,310.00"
2020-11-05,2020110504001354,GIC,56,38,10,531.00,"5,310.00"
2020-11-05,2020110504001352,GIC,56,10,10,531.00,"5,310.00"
2020-11-05,2020110504001351,GIC,38,1,10,531.00,"5,310.00"
2020-11-05,2020110504001350,GIC,38,58,10,531.00,"5,310.00"
2020-11-05,2020110504001349,GIC,32,10,10,530.00,"5,300.00"
2020-11-05,2020110504001362,GIC,32,45,10,531.00,"5,310.00"
2020-11-05,2020110504001361,GIC,32,17,10,531.00,"5,310.00"
2020-11-05,2020110504001360,GIC,32,10,10,531.00,"5,310.00"
2020-11-05,2020110504001359,GIC,32,11,10,531.00,"5,310.00"
2020-11-05,2020110504001358,GIC,32,22,10,531.00,"5,310.00"
2020-11-05,2020110504001356,GIC,32,3,10,531.00,"5,310.00"
2020-11-05,2020110504001375,GIC,44,14,10,531.00,"5,310.00"
2020-11-05,2020110504001374,GIC,44,49,10,531.00,"5,310.00"
2020-11-05,2020110504001368,GIC,44,39,10,531.00,"5,310.00"
2020-11-05,2020110504001367,GIC,32,17,10,531.00,"5,310.00"
2020-11-05,2020110504001366,GIC,32,42,10,531.00,"5,310.00"
2020-11-05,2020110504001363,GIC,32,13,10,531.00,"5,310.00"
2020-11-05,2020110504001384,GIC,44,56,10,531.00,"5,310.00"
2020-11-05,2020110504001383,GIC,44,11,10,531.00,"5,310.00"
2020-11-05,2020110504001382,GIC,44,10,10,531.00,"5,310.00"
2020-11-05,2020110504001379,GIC,44,47,10,531.00,"5,310.00"
2020-11-05,2020110504001378,GIC,44,10,10,531.00,"5,310.00"
2020-11-05,2020110504001376,GIC,44,45,10,531.00,"5,310.00"
2020-11-05,2020110504001390,GIC,36,57,15,530.00,"7,950.00"
2020-11-05,2020110504001389,GIC,36,51,10,530.00,"5,300.00"
2020-11-05,2020110504001388,GIC,36,10,10,530.00,"5,300.00"
2020-11-05,2020110504001387,GIC,41,47,50,531.00,"26,550.00"
2020-11-05,2020110504001386,GIC,26,47,15,531.00,"7,965.00"
2020-11-05,2020110504001385,GIC,44,47,10,531.00,"5,310.00"
2020-11-05,2020110504001398,GIC,10,10,10,530.00,"5,300.00"
2020-11-05,2020110504001395,GIC,10,48,10,530.00,"5,300.00"
2020-11-05,2020110504001394,GIC,10,47,20,530.00,"10,600.00"
2020-11-05,2020110504001393,GIC,57,47,55,530.00,"29,150.00"
2020-11-05,2020110504001392,GIC,57,10,10,530.00,"5,300.00"
2020-11-05,2020110504001391,GIC,57,57,35,530.00,"18,550.00"
2020-11-05,2020110504001404,GIC,1,20,10,531.00,"5,310.00"
2020-11-05,2020110504001403,GIC,1,6,10,531.00,"5,310.00"
2020-11-05,2020110504001402,GIC,1,47,110,531.00,"58,410.00"
2020-11-05,2020110504001401,GIC,1,10,10,531.00,"5,310.00"
2020-11-05,2020110504001400,GIC,1,11,10,531.00,"5,310.00"
2020-11-05,2020110504001399,GIC,1,6,10,531.00,"5,310.00"
2020-11-05,2020110504001420,GIC,46,14,10,530.00,"5,300.00"
2020-11-05,2020110504001416,GIC,46,10,10,530.00,"5,300.00"
2020-11-05,2020110504001415,GIC,46,14,10,530.00,"5,300.00"
2020-11-05,2020110504001414,GIC,46,34,10,530.00,"5,300.00"
2020-11-05,2020110504001411,GIC,10,6,10,530.00,"5,300.00"
2020-11-05,2020110504001410,GIC,1,10,10,531.00,"5,310.00"
2020-11-05,2020110504001440,GIMES1,51,33,"10,000",10.00,"100,000.00"
2020-11-05,2020110504001431,GIMES1,51,33,"10,000",10.00,"100,000.00"
2020-11-05,2020110504001377,GIMES1,38,33,"9,900",10.00,"99,000.00"
2020-11-05,2020110504001288,GIMES1,51,33,"10,000",10.00,"100,000.00"
2020-11-05,2020110504001277,GIMES1,51,33,"10,000",10.00,"100,000.00"
2020-11-05,2020110504001275,GIMES1,51,33,"10,000",10.00,"100,000.00"
2020-11-05,2020110504001045,GIMES1,57,33,"73,000",10.00,"730,000.00"
2020-11-05,2020110504001272,GIMES1,51,33,"10,000",10.00,"100,000.00"
2020-11-05,2020110504001270,GIMES1,51,33,"10,000",10.00,"100,000.00"
2020-11-05,2020110504001263,GIMES1,51,33,"9,500",10.00,"95,000.00"
2020-11-05,2020110504001262,GIMES1,51,55,500,10.00,"5,000.00"
2020-11-05,2020110504001047,GIMES1,57,42,"1,000",10.00,"10,000.00"
2020-11-05,2020110504001046,GIMES1,57,45,"1,000",10.00,"10,000.00"
2020-11-05,2020110504001059,LEMF,57,55,"2,000",9.50,"19,000.00"
2020-11-05,2020110504001357,LUK,22,21,300,9.10,"2,730.00"
2020-11-05,2020110504001341,LUK,22,21,300,9.10,"2,730.00"
2020-11-05,2020110504001164,LUK,49,17,150,9.22,"1,383.00"
2020-11-05,2020110504001135,LUK,49,21,200,9.22,"1,844.00"
2020-11-05,2020110504001115,LUK,49,25,200,9.22,"1,844.00"
2020-11-05,2020110504001063,LUK,49,14,100,9.22,922.00
2020-11-05,2020110504001034,LUK,46,26,"2,000",9.30,"18,600.00"
2020-11-05,2020110504001033,LUK,20,26,"3,000",9.30,"27,900.00"
2020-11-05,2020110504000950,LUK,52,57,100,9.38,938.00
2020-11-05,2020110504000947,LUK,46,52,"2,000",9.35,"18,700.00"
2020-11-05,2020110504001347,NBF2,35,17,"3,700",9.60,"35,520.00"
2020-11-05,2020110504001346,NBF2,35,16,200,9.60,"1,920.00"
2020-11-05,2020110504001345,NBF2,35,49,100,9.60,960.00
2020-11-05,2020110504001131,NBF2,6,39,"2,900",9.50,"27,550.00"
2020-11-05,2020110504001130,NBF2,51,39,100,9.50,950.00
2020-11-05,2020110504001090,NBF2,35,22,"6,000",9.60,"57,600.00"
2020-11-05,2020110504000945,NBF2,40,25,"2,500",9.60,"24,000.00"
2020-11-05,2020110504001015,NBF2,40,22,"1,000",9.60,"9,600.00"
2020-11-05,2020110504000997,NBF2,40,14,100,9.60,960.00
2020-11-05,2020110504000969,NBF2,40,25,100,9.60,960.00
2020-11-05,2020110504000963,NBF2,40,7,"1,000",9.60,"9,600.00"
2020-11-05,2020110504000946,NBF2,40,51,300,9.60,"2,880.00"
2020-11-05,2020110504001429,NEF,41,1,"2,264",9.41,"21,304.24"
2020-11-05,2020110504001428,NEF,46,1,"2,000",9.45,"18,900.00"
2020-11-05,2020110504001427,NEF,25,1,"5,000",9.50,"47,500.00"
2020-11-05,2020110504001426,NEF,46,1,540,9.52,"5,140.80"
2020-11-05,2020110504001425,NEF,11,1,"1,459",9.53,"13,904.27"
2020-11-05,2020110504001421,NEF,58,26,"1,500",9.64,"14,460.00"
2020-11-05,2020110504000980,NEF,25,5,"8,281",9.53,"78,917.93"
2020-11-05,2020110504001094,NEF,25,54,500,9.55,"4,775.00"
2020-11-05,2020110504001036,NEF,11,58,"2,414",9.54,"23,029.56"
2020-11-05,2020110504001016,NEF,11,49,"1,127",9.53,"10,740.31"
2020-11-05,2020110504001007,NEF,46,49,483,9.52,"4,598.16"
2020-11-05,2020110504000982,NEF,46,5,977,9.52,"9,301.04"
2020-11-05,2020110504000981,NEF,17,5,"2,006",9.52,"19,097.12"
2020-11-05,2020110504001297,NEF,11,16,"2,414",9.53,"23,005.42"
2020-11-05,2020110504001293,NEF,26,26,"5,000",9.54,"47,700.00"
2020-11-05,2020110504001292,NEF,11,26,"5,000",9.54,"47,700.00"
2020-11-05,2020110504001291,NEF,11,26,"5,000",9.55,"47,750.00"
2020-11-05,2020110504001125,NEF,11,52,"4,138",9.56,"39,559.28"
2020-11-05,2020110504001095,NEF,25,11,"1,931",9.55,"18,441.05"
2020-11-05,2020110504001373,NEF,26,8,447,9.65,"4,313.55"
2020-11-05,2020110504001372,NEF,26,57,"1,931",9.60,"18,537.60"
2020-11-05,2020110504001371,NEF,26,34,"6,622",9.59,"63,504.98"
2020-11-05,2020110504001370,NEF,26,26,"1,000",9.58,"9,580.00"
2020-11-05,2020110504001339,NEF,32,26,"4,000",9.58,"38,320.00"
2020-11-05,2020110504001338,NEF,32,49,"1,000",9.55,"9,550.00"
2020-11-05,2020110504001325,NIBLPF,26,26,105,9.71,"1,019.55"
2020-11-05,2020110504001057,NIBLPF,57,49,556,9.89,"5,498.84"
2020-11-05,2020110504001056,NIBLPF,57,56,"3,000",9.89,"29,670.00"
2020-11-05,2020110504001055,NIBLPF,57,4,505,9.89,"4,994.45"
2020-11-05,2020110504001309,NIBPO,6,51,80,377.00,"30,160.00"
2020-11-05,2020110504001308,NIBPO,6,13,100,375.00,"37,500.00"
2020-11-05,2020110504001307,NIBPO,6,49,"1,000",374.00,"374,000.00"
2020-11-05,2020110504001306,NIBPO,6,56,82,373.00,"30,586.00"
2020-11-05,2020110504001302,NIBPO,6,20,200,373.00,"74,600.00"
2020-11-05,2020110504001300,NIBPO,46,20,300,373.00,"111,900.00"
2020-11-05,2020110504001188,NIBPO,51,32,970,371.00,"359,870.00"
2020-11-05,2020110504001181,NIBPO,8,32,"1,000",372.00,"372,000.00"
2020-11-05,2020110504001022,NIBPO,44,42,150,370.00,"55,500.00"
2020-11-05,2020110504001005,NIBPO,47,42,50,370.00,"18,500.00"
2020-11-05,2020110504001071,NIBSF1,28,41,"1,200",10.10,"12,120.00"
2020-11-05,2020110504001412,NICAD8283,6,13,425,"1,175.00","499,375.00"
2020-11-05,2020110504001409,NICAD8283,6,45,100,"1,175.00","117,500.00"
2020-11-05,2020110504001408,NICAD8283,6,14,100,"1,170.00","117,000.00"
2020-11-05,2020110504001407,NICAD8283,6,21,50,"1,165.00","58,250.00"
2020-11-05,2020110504001406,NICAD8283,6,14,15,"1,160.00","17,400.00"
2020-11-05,2020110504001405,NICAD8283,6,25,25,"1,155.00","28,875.00"
2020-11-05,2020110504001187,NICBF,34,6,700,9.74,"6,818.00"
2020-11-05,2020110504000961,NICBF,34,41,"1,000",9.74,"9,740.00"
2020-11-05,2020110504000979,NICD83/84,42,51,25,"1,080.00","27,000.00"
2020-11-05,2020110504001196,NICGF,33,38,600,9.97,"5,982.00"
2020-11-05,2020110504001049,NICGF,33,49,100,9.97,997.00
2020-11-05,2020110504001424,NMB50,34,56,400,9.64,"3,856.00"
2020-11-05,2020110504001418,NMBHF1,17,49,"1,577",9.65,"15,218.05"
2020-11-05,2020110504001417,NMBHF1,17,49,"2,080",9.65,"20,072.00"
2020-11-05,2020110504001069,NMBHF1,49,25,"2,235",9.61,"21,478.35"
2020-11-05,2020110504001025,NMBHF1,35,25,"10,000",9.65,"96,500.00"
2020-11-05,2020110504001024,NMBHF1,14,25,765,9.66,"7,389.90"
2020-11-05,2020110504001364,RBCLPO,56,6,10,"12,010.00","120,100.00"
2020-11-05,2020110504001340,RBCLPO,56,3,10,"12,010.00","120,100.00"
2020-11-05,2020110504001336,RBCLPO,33,38,10,"12,010.00","120,100.00"
2020-11-05,2020110504001335,RBCLPO,4,38,20,"12,015.00","240,300.00"
2020-11-05,2020110504001282,RBCLPO,7,49,10,"12,050.00","120,500.00"
2020-11-05,2020110504001279,RBCLPO,32,49,30,"12,050.00","361,500.00"
2020-11-05,2020110504001053,RBCLPO,28,10,10,"12,050.00","120,500.00"
2020-11-05,2020110504001052,RBCLPO,19,10,10,"12,055.00","120,550.00"
2020-11-05,2020110504001260,RBCLPO,40,28,30,"12,100.00","363,000.00"
2020-11-05,2020110504001259,RBCLPO,40,34,10,"12,100.00","121,000.00"
2020-11-05,2020110504001185,RBCLPO,40,40,1,"11,770.00","11,770.00"
2020-11-05,2020110504001141,RBCLPO,33,45,40,"12,010.00","480,400.00"
2020-11-05,2020110504001140,RBCLPO,28,45,10,"12,050.00","120,500.00"
2020-11-05,2020110504001134,RBCLPO,49,45,20,"12,100.00","242,000.00"
2020-11-05,2020110504001439,SBLD2082,6,49,25,"1,120.00","28,000.00"
2020-11-05,2020110504001419,SBLD2082,6,11,100,"1,120.00","112,000.00"
2020-11-05,2020110504001004,SBLD2082,6,14,50,"1,105.00","55,250.00"
2020-11-05,2020110504001397,SEF,36,51,"4,610",9.71,"44,763.10"
2020-11-05,2020110504001396,SEF,28,51,"4,390",9.71,"42,626.90"
2020-11-05,2020110504001324,SEF,28,10,610,9.71,"5,923.10"
2020-11-05,2020110504001323,SEF,25,10,"1,000",9.72,"9,720.00"
2020-11-05,2020110504001322,SEF,53,10,"1,000",9.72,"9,720.00"
2020-11-05,2020110504001321,SEF,49,10,"1,000",9.74,"9,740.00"
2020-11-05,2020110504000942,SEF,40,14,"3,000",9.80,"29,400.00"
2020-11-05,2020110504001320,SEF,47,10,"6,390",9.75,"62,302.50"
2020-11-05,2020110504001086,SEF,47,58,"5,510",9.75,"53,722.50"
2020-11-05,2020110504001054,SEF,47,49,100,9.75,975.00
2020-11-05,2020110504000977,SEF,47,5,"8,000",9.75,"78,000.00"
2020-11-05,2020110504000976,SEF,57,5,"2,400",9.76,"23,424.00"
2020-11-05,2020110504000943,SEF,40,58,"2,000",9.80,"19,600.00"
2020-11-05,2020110504001353,SGI,47,29,10,376.00,"3,760.00"
2020-11-05,2020110504001326,SGI,47,57,10,376.00,"3,760.00"
2020-11-05,2020110504001303,SGI,47,45,10,376.00,"3,760.00"
2020-11-05,2020110504001122,SGI,47,57,10,376.00,"3,760.00"
2020-11-05,2020110504001084,SGI,47,33,10,376.00,"3,760.00"
2020-11-05,2020110504001081,SGI,47,33,10,376.00,"3,760.00"
2020-11-05,2020110504001073,SGI,47,33,10,376.00,"3,760.00"
2020-11-05,2020110504001413,STC,55,3,10,"3,888.00","38,880.00"
2020-11-05,2020110504001204,STC,59,3,50,"3,861.00","193,050.00"
2020-11-05,2020110504001153,STC,59,3,10,"3,888.00","38,880.00"
2020-11-05,2020110504001150,STC,59,40,10,"3,880.00","38,800.00"
2020-11-05,2020110504000999,STC,39,45,20,"3,850.00","77,000.00"
2020-11-05,2020110504000926,BBC,54,5,10,"2,550.00","25,500.00"
2020-11-05,2020110504000909,BBC,42,25,15,"2,589.00","38,835.00"
2020-11-05,2020110504000890,BBC,44,18,10,"2,553.00","25,530.00"
2020-11-05,2020110504000841,BBC,44,45,40,"2,553.00","102,120.00"
2020-11-05,2020110504000835,BBC,58,22,10,"2,558.00","25,580.00"
2020-11-05,2020110504000824,BBC,34,7,10,"2,560.00","25,600.00"
2020-11-05,2020110504000535,BBC,22,49,20,"2,605.00","52,100.00"
2020-11-05,2020110504000534,BBC,25,49,10,"2,610.00","26,100.00"
2020-11-05,2020110504000523,BBC,17,58,10,"2,645.00","26,450.00"
2020-11-05,2020110504000692,BBC,33,37,15,"2,601.00","39,015.00"
2020-11-05,2020110504000647,BBC,33,25,20,"2,601.00","52,020.00"
2020-11-05,2020110504000645,BBC,33,52,10,"2,601.00","26,010.00"
2020-11-05,2020110504000630,BBC,51,51,20,"2,604.00","52,080.00"
2020-11-05,2020110504000541,BBC,22,49,50,"2,605.00","130,250.00"
2020-11-05,2020110504000536,BBC,22,49,30,"2,605.00","78,150.00"
2020-11-05,2020110504000796,BBC,54,5,15,"2,601.00","39,015.00"
2020-11-05,2020110504000772,BBC,54,19,10,"2,601.00","26,010.00"
2020-11-05,2020110504000738,BBC,54,32,20,"2,601.00","52,020.00"
2020-11-05,2020110504000737,BBC,54,17,40,"2,601.00","104,040.00"
2020-11-05,2020110504000707,BBC,10,58,20,"2,600.00","52,000.00"
2020-11-05,2020110504000698,BBC,10,44,30,"2,600.00","78,000.00"
2020-11-05,2020110504000807,BBC,53,21,50,"2,599.00","129,950.00"
2020-11-05,2020110504000806,BBC,10,5,96,"2,600.00","249,600.00"
2020-11-05,2020110504000805,BBC,10,18,200,"2,600.00","520,000.00"
2020-11-05,2020110504000802,BBC,10,49,579,"2,600.00","1,505,400.00"
2020-11-05,2020110504000801,BBC,22,49,20,"2,601.00","52,020.00"
2020-11-05,2020110504000797,BBC,10,5,65,"2,600.00","169,000.00"
2020-11-05,2020110504000816,BBC,32,18,76,"2,575.00","195,700.00"
2020-11-05,2020110504000815,BBC,32,5,24,"2,575.00","61,800.00"
2020-11-05,2020110504000811,BBC,50,5,10,"2,576.00","25,760.00"
2020-11-05,2020110504000810,BBC,52,18,20,"2,590.00","51,800.00"
2020-11-05,2020110504000809,BBC,52,37,30,"2,590.00","77,700.00"
2020-11-05,2020110504000808,BBC,52,21,50,"2,590.00","129,500.00"
2020-11-05,2020110504000940,GIC,56,13,20,532.00,"10,640.00"
2020-11-05,2020110504000939,GIC,56,58,10,532.00,"5,320.00"
2020-11-05,2020110504000938,GIC,56,56,10,532.00,"5,320.00"
2020-11-05,2020110504000937,GIC,56,56,10,532.00,"5,320.00"
2020-11-05,2020110504000936,GIC,43,20,10,531.00,"5,310.00"
2020-11-05,2020110504000935,GIC,42,39,140,531.00,"74,340.00"
2020-11-05,2020110504000442,GIC,38,43,10,534.00,"5,340.00"
2020-11-05,2020110504000441,GIC,38,34,10,534.00,"5,340.00"
2020-11-05,2020110504000448,GIC,29,36,10,534.00,"5,340.00"
2020-11-05,2020110504000447,GIC,38,51,10,534.00,"5,340.00"
2020-11-05,2020110504000446,GIC,38,54,10,534.00,"5,340.00"
2020-11-05,2020110504000445,GIC,38,34,10,534.00,"5,340.00"
2020-11-05,2020110504000444,GIC,38,48,10,534.00,"5,340.00"
2020-11-05,2020110504000443,GIC,38,45,10,534.00,"5,340.00"
2020-11-05,2020110504000457,GIC,29,38,10,534.00,"5,340.00"
2020-11-05,2020110504000456,GIC,29,48,10,534.00,"5,340.00"
2020-11-05,2020110504000455,GIC,29,58,10,534.00,"5,340.00"
2020-11-05,2020110504000451,GIC,29,59,10,534.00,"5,340.00"
2020-11-05,2020110504000450,GIC,29,16,10,534.00,"5,340.00"
2020-11-05,2020110504000449,GIC,29,38,10,534.00,"5,340.00"
2020-11-05,2020110504000463,GIC,58,42,10,535.00,"5,350.00"
2020-11-05,2020110504000462,GIC,58,42,10,535.00,"5,350.00"
2020-11-05,2020110504000461,GIC,58,32,10,535.00,"5,350.00"
2020-11-05,2020110504000460,GIC,58,1,10,535.00,"5,350.00"
2020-11-05,2020110504000459,GIC,29,35,10,534.00,"5,340.00"
2020-11-05,2020110504000458,GIC,29,6,10,534.00,"5,340.00"
2020-11-05,2020110504000470,GIC,58,34,10,535.00,"5,350.00"
2020-11-05,2020110504000469,GIC,58,36,10,535.00,"5,350.00"
2020-11-05,2020110504000467,GIC,58,42,10,535.00,"5,350.00"
2020-11-05,2020110504000466,GIC,58,28,10,535.00,"5,350.00"
2020-11-05,2020110504000465,GIC,58,21,10,535.00,"5,350.00"
2020-11-05,2020110504000464,GIC,58,38,10,535.00,"5,350.00"
2020-11-05,2020110504000482,GIC,58,38,10,535.00,"5,350.00"
2020-11-05,2020110504000481,GIC,58,42,10,535.00,"5,350.00"
2020-11-05,2020110504000480,GIC,58,42,10,535.00,"5,350.00"
2020-11-05,2020110504000475,GIC,58,38,10,535.00,"5,350.00"
2020-11-05,2020110504000474,GIC,58,41,10,535.00,"5,350.00"
2020-11-05,2020110504000473,GIC,58,32,10,535.00,"5,350.00"
2020-11-05,2020110504000490,GIC,35,17,10,535.00,"5,350.00"
2020-11-05,2020110504000489,GIC,35,38,10,535.00,"5,350.00"
2020-11-05,2020110504000488,GIC,35,19,10,535.00,"5,350.00"
2020-11-05,2020110504000485,GIC,35,38,10,535.00,"5,350.00"
2020-11-05,2020110504000484,GIC,35,29,10,535.00,"5,350.00"
2020-11-05,2020110504000483,GIC,58,29,40,535.00,"21,400.00"
2020-11-05,2020110504000496,GIC,29,38,10,534.00,"5,340.00"
2020-11-05,2020110504000495,GIC,35,19,10,535.00,"5,350.00"
2020-11-05,2020110504000494,GIC,35,58,10,535.00,"5,350.00"
2020-11-05,2020110504000493,GIC,35,19,10,535.00,"5,350.00"
2020-11-05,2020110504000492,GIC,35,42,10,535.00,"5,350.00"
2020-11-05,2020110504000491,GIC,35,19,10,535.00,"5,350.00"
2020-11-05,2020110504000503,GIC,45,52,10,533.00,"5,330.00"
2020-11-05,2020110504000502,GIC,45,19,10,533.00,"5,330.00"
2020-11-05,2020110504000500,GIC,45,19,10,533.00,"5,330.00"
2020-11-05,2020110504000499,GIC,45,19,10,533.00,"5,330.00"
2020-11-05,2020110504000498,GIC,25,41,10,534.00,"5,340.00"
2020-11-05,2020110504000497,GIC,25,19,10,534.00,"5,340.00"
2020-11-05,2020110504000511,GIC,45,52,10,533.00,"5,330.00"
2020-11-05,2020110504000510,GIC,45,52,10,533.00,"5,330.00"
2020-11-05,2020110504000509,GIC,45,38,10,533.00,"5,330.00"
2020-11-05,2020110504000508,GIC,45,52,10,533.00,"5,330.00"
2020-11-05,2020110504000505,GIC,45,34,10,533.00,"5,330.00"
2020-11-05,2020110504000504,GIC,45,19,10,533.00,"5,330.00"
2020-11-05,2020110504000520,GIC,45,38,10,533.00,"5,330.00"
2020-11-05,2020110504000516,GIC,45,34,10,533.00,"5,330.00"
2020-11-05,2020110504000515,GIC,45,29,10,533.00,"5,330.00"
2020-11-05,2020110504000514,GIC,45,34,10,533.00,"5,330.00"
2020-11-05,2020110504000513,GIC,45,52,10,533.00,"5,330.00"
2020-11-05,2020110504000512,GIC,45,38,10,533.00,"5,330.00"
2020-11-05,2020110504000529,GIC,45,26,10,533.00,"5,330.00"
2020-11-05,2020110504000528,GIC,45,6,10,533.00,"5,330.00"
2020-11-05,2020110504000527,GIC,45,1,10,533.00,"5,330.00"
2020-11-05,2020110504000524,GIC,3,3,10,534.00,"5,340.00"
2020-11-05,2020110504000522,GIC,3,26,10,534.00,"5,340.00"
2020-11-05,2020110504000521,GIC,45,26,10,533.00,"5,330.00"
2020-11-05,2020110504000540,GIC,45,39,10,533.00,"5,330.00"
2020-11-05,2020110504000539,GIC,45,58,10,533.00,"5,330.00"
2020-11-05,2020110504000538,GIC,45,26,10,533.00,"5,330.00"
2020-11-05,2020110504000533,GIC,45,1,10,533.00,"5,330.00"
2020-11-05,2020110504000532,GIC,45,58,10,533.00,"5,330.00"
2020-11-05,2020110504000530,GIC,45,3,10,533.00,"5,330.00"
2020-11-05,2020110504000547,GIC,57,26,10,534.00,"5,340.00"
2020-11-05,2020110504000546,GIC,57,49,10,534.00,"5,340.00"
2020-11-05,2020110504000545,GIC,57,36,10,534.00,"5,340.00"
2020-11-05,2020110504000544,GIC,45,26,10,533.00,"5,330.00"
2020-11-05,2020110504000543,GIC,45,29,10,533.00,"5,330.00"
2020-11-05,2020110504000542,GIC,45,29,10,533.00,"5,330.00"
2020-11-05,2020110504000553,GIC,51,45,10,533.00,"5,330.00"
2020-11-05,2020110504000552,GIC,51,26,10,533.00,"5,330.00"
2020-11-05,2020110504000551,GIC,51,8,10,533.00,"5,330.00"
2020-11-05,2020110504000550,GIC,51,17,10,533.00,"5,330.00"
2020-11-05,2020110504000549,GIC,57,26,10,533.00,"5,330.00"
2020-11-05,2020110504000548,GIC,57,26,10,533.00,"5,330.00"
2020-11-05,2020110504000559,GIC,51,41,10,533.00,"5,330.00"
2020-11-05,2020110504000558,GIC,51,26,10,533.00,"5,330.00"
2020-11-05,2020110504000557,GIC,51,47,10,533.00,"5,330.00"
2020-11-05,2020110504000556,GIC,51,26,10,533.00,"5,330.00"
2020-11-05,2020110504000555,GIC,51,26,10,533.00,"5,330.00"
2020-11-05,2020110504000554,GIC,51,57,10,533.00,"5,330.00"
2020-11-05,2020110504000568,GIC,57,51,10,533.00,"5,330.00"
2020-11-05,2020110504000566,GIC,5,6,10,532.00,"5,320.00"
2020-11-05,2020110504000565,GIC,5,56,10,532.00,"5,320.00"
2020-11-05,2020110504000563,GIC,10,21,10,533.00,"5,330.00"
2020-11-05,2020110504000562,GIC,10,19,10,533.00,"5,330.00"
2020-11-05,2020110504000561,GIC,10,56,10,533.00,"5,330.00"
2020-11-05,2020110504000576,GIC,58,34,10,534.00,"5,340.00"
2020-11-05,2020110504000574,GIC,45,45,100,533.00,"53,300.00"
2020-11-05,2020110504000572,GIC,57,4,10,534.00,"5,340.00"
2020-11-05,2020110504000571,GIC,57,43,10,534.00,"5,340.00"
2020-11-05,2020110504000570,GIC,57,32,10,534.00,"5,340.00"
2020-11-05,2020110504000569,GIC,57,19,10,534.00,"5,340.00"
2020-11-05,2020110504000585,GIC,5,58,10,532.00,"5,320.00"
2020-11-05,2020110504000584,GIC,5,26,10,532.00,"5,320.00"
2020-11-05,2020110504000583,GIC,5,21,10,532.00,"5,320.00"
2020-11-05,2020110504000582,GIC,5,44,10,532.00,"5,320.00"
2020-11-05,2020110504000579,GIC,5,51,10,532.00,"5,320.00"
2020-11-05,2020110504000578,GIC,5,29,10,532.00,"5,320.00"
2020-11-05,2020110504000592,GIC,5,4,10,532.00,"5,320.00"
2020-11-05,2020110504000591,GIC,5,38,10,532.00,"5,320.00"
2020-11-05,2020110504000590,GIC,5,25,10,532.00,"5,320.00"
2020-11-05,2020110504000589,GIC,5,25,10,532.00,"5,320.00"
2020-11-05,2020110504000588,GIC,5,35,10,532.00,"5,320.00"
2020-11-05,2020110504000586,GIC,5,16,10,532.00,"5,320.00"
2020-11-05,2020110504000599,GIC,38,22,10,535.00,"5,350.00"
2020-11-05,2020110504000598,GIC,38,39,10,535.00,"5,350.00"
2020-11-05,2020110504000597,GIC,44,45,10,533.00,"5,330.00"
2020-11-05,2020110504000596,GIC,44,58,10,533.00,"5,330.00"
2020-11-05,2020110504000595,GIC,44,46,10,533.00,"5,330.00"
2020-11-05,2020110504000594,GIC,44,57,10,533.00,"5,330.00"
2020-11-05,2020110504000605,GIC,44,32,10,533.00,"5,330.00"
2020-11-05,2020110504000604,GIC,38,39,10,535.00,"5,350.00"
2020-11-05,2020110504000603,GIC,38,57,10,535.00,"5,350.00"
2020-11-05,2020110504000602,GIC,38,57,10,535.00,"5,350.00"
2020-11-05,2020110504000601,GIC,38,57,10,535.00,"5,350.00"
2020-11-05,2020110504000600,GIC,38,42,10,535.00,"5,350.00"
2020-11-05,2020110504000611,GIC,41,38,10,533.00,"5,330.00"
2020-11-05,2020110504000610,GIC,44,57,10,533.00,"5,330.00"
2020-11-05,2020110504000609,GIC,44,34,10,533.00,"5,330.00"
2020-11-05,2020110504000608,GIC,44,21,10,533.00,"5,330.00"
2020-11-05,2020110504000607,GIC,44,57,10,533.00,"5,330.00"
2020-11-05,2020110504000606,GIC,44,36,10,533.00,"5,330.00"
2020-11-05,2020110504000618,GIC,44,57,10,535.00,"5,350.00"
2020-11-05,2020110504000617,GIC,44,58,10,535.00,"5,350.00"
2020-11-05,2020110504000616,GIC,44,57,10,535.00,"5,350.00"
2020-11-05,2020110504000615,GIC,44,42,10,535.00,"5,350.00"
2020-11-05,2020110504000614,GIC,44,6,10,535.00,"5,350.00"
2020-11-05,2020110504000613,GIC,44,58,10,535.00,"5,350.00"
2020-11-05,2020110504000624,GIC,44,34,10,535.00,"5,350.00"
2020-11-05,2020110504000623,GIC,44,34,10,535.00,"5,350.00"
2020-11-05,2020110504000622,GIC,44,34,10,535.00,"5,350.00"
2020-11-05,2020110504000621,GIC,44,57,10,535.00,"5,350.00"
2020-11-05,2020110504000620,GIC,44,57,10,535.00,"5,350.00"
2020-11-05,2020110504000619,GIC,44,57,10,535.00,"5,350.00"
2020-11-05,2020110504000631,GIC,41,26,10,533.00,"5,330.00"
2020-11-05,2020110504000629,GIC,44,38,90,536.00,"48,240.00"
2020-11-05,2020110504000628,GIC,44,58,10,536.00,"5,360.00"
2020-11-05,2020110504000627,GIC,44,6,10,536.00,"5,360.00"
2020-11-05,2020110504000626,GIC,44,6,10,536.00,"5,360.00"
2020-11-05,2020110504000625,GIC,44,34,10,535.00,"5,350.00"
2020-11-05,2020110504000637,GIC,41,32,10,533.00,"5,330.00"
2020-11-05,2020110504000636,GIC,41,16,10,533.00,"5,330.00"
2020-11-05,2020110504000635,GIC,41,17,10,533.00,"5,330.00"
2020-11-05,2020110504000634,GIC,41,55,10,533.00,"5,330.00"
2020-11-05,2020110504000633,GIC,41,26,10,533.00,"5,330.00"
2020-11-05,2020110504000632,GIC,41,7,10,533.00,"5,330.00"
2020-11-05,2020110504000644,GIC,39,57,10,533.00,"5,330.00"
2020-11-05,2020110504000642,GIC,39,38,10,533.00,"5,330.00"
2020-11-05,2020110504000641,GIC,39,38,10,533.00,"5,330.00"
2020-11-05,2020110504000640,GIC,39,17,10,533.00,"5,330.00"
2020-11-05,2020110504000639,GIC,41,38,10,533.00,"5,330.00"
2020-11-05,2020110504000638,GIC,41,45,10,533.00,"5,330.00"
2020-11-05,2020110504000654,GIC,5,40,10,532.00,"5,320.00"
2020-11-05,2020110504000653,GIC,5,55,10,532.00,"5,320.00"
2020-11-05,2020110504000652,GIC,5,40,10,532.00,"5,320.00"
2020-11-05,2020110504000649,GIC,5,11,10,532.00,"5,320.00"
2020-11-05,2020110504000648,GIC,5,14,10,532.00,"5,320.00"
2020-11-05,2020110504000646,GIC,39,43,10,533.00,"5,330.00"
2020-11-05,2020110504000664,GIC,5,46,10,532.00,"5,320.00"
2020-11-05,2020110504000663,GIC,5,40,10,532.00,"5,320.00"
2020-11-05,2020110504000661,GIC,5,46,10,532.00,"5,320.00"
2020-11-05,2020110504000660,GIC,57,40,10,533.00,"5,330.00"
2020-11-05,2020110504000659,GIC,57,34,10,533.00,"5,330.00"
2020-11-05,2020110504000656,GIC,5,52,10,532.00,"5,320.00"
2020-11-05,2020110504000671,GIC,5,55,10,532.00,"5,320.00"
2020-11-05,2020110504000670,GIC,5,46,10,532.00,"5,320.00"
2020-11-05,2020110504000668,GIC,5,29,10,532.00,"5,320.00"
2020-11-05,2020110504000667,GIC,5,46,10,532.00,"5,320.00"
2020-11-05,2020110504000666,GIC,5,6,10,532.00,"5,320.00"
2020-11-05,2020110504000665,GIC,5,49,10,532.00,"5,320.00"
2020-11-05,2020110504000677,GIC,54,17,10,532.00,"5,320.00"
2020-11-05,2020110504000676,GIC,5,55,10,532.00,"5,320.00"
2020-11-05,2020110504000675,GIC,5,49,10,532.00,"5,320.00"
2020-11-05,2020110504000674,GIC,5,55,10,532.00,"5,320.00"
2020-11-05,2020110504000673,GIC,5,29,10,532.00,"5,320.00"
2020-11-05,2020110504000672,GIC,5,43,10,532.00,"5,320.00"
2020-11-05,2020110504000685,GIC,13,38,10,532.00,"5,320.00"
2020-11-05,2020110504000684,GIC,11,55,10,532.00,"5,320.00"
2020-11-05,2020110504000681,GIC,11,38,10,532.00,"5,320.00"
2020-11-05,2020110504000680,GIC,22,55,10,532.00,"5,320.00"
2020-11-05,2020110504000679,GIC,22,20,10,532.00,"5,320.00"
2020-11-05,2020110504000678,GIC,58,38,10,532.00,"5,320.00"
2020-11-05,2020110504000691,GIC,20,6,10,532.00,"5,320.00"
2020-11-05,2020110504000690,GIC,20,38,10,532.00,"5,320.00"
2020-11-05,2020110504000689,GIC,13,57,10,532.00,"5,320.00"
2020-11-05,2020110504000688,GIC,13,55,10,532.00,"5,320.00"
2020-11-05,2020110504000687,GIC,13,43,10,532.00,"5,320.00"
2020-11-05,2020110504000686,GIC,13,55,10,532.00,"5,320.00"
2020-11-05,2020110504000701,GIC,41,25,10,532.00,"5,320.00"
2020-11-05,2020110504000697,GIC,41,44,10,532.00,"5,320.00"
2020-11-05,2020110504000696,GIC,41,44,10,532.00,"5,320.00"
2020-11-05,2020110504000695,GIC,41,43,10,532.00,"5,320.00"
2020-11-05,2020110504000694,GIC,41,20,10,532.00,"5,320.00"
2020-11-05,2020110504000693,GIC,20,49,10,532.00,"5,320.00"
2020-11-05,2020110504000709,GIC,57,34,10,532.00,"5,320.00"
2020-11-05,2020110504000708,GIC,41,4,10,532.00,"5,320.00"
2020-11-05,2020110504000706,GIC,41,56,10,532.00,"5,320.00"
2020-11-05,2020110504000704,GIC,41,38,10,532.00,"5,320.00"
2020-11-05,2020110504000703,GIC,41,26,10,532.00,"5,320.00"
2020-11-05,2020110504000702,GIC,41,5,10,532.00,"5,320.00"
2020-11-05,2020110504000715,GIC,44,4,10,532.00,"5,320.00"
2020-11-05,2020110504000714,GIC,44,4,10,532.00,"5,320.00"
2020-11-05,2020110504000713,GIC,11,56,10,532.00,"5,320.00"
2020-11-05,2020110504000712,GIC,11,4,10,532.00,"5,320.00"
2020-11-05,2020110504000711,GIC,11,43,10,532.00,"5,320.00"
2020-11-05,2020110504000710,GIC,57,13,10,532.00,"5,320.00"
2020-11-05,2020110504000721,GIC,44,38,10,532.00,"5,320.00"
2020-11-05,2020110504000720,GIC,44,4,10,532.00,"5,320.00"
2020-11-05,2020110504000719,GIC,44,17,10,532.00,"5,320.00"
2020-11-05,2020110504000718,GIC,44,43,10,532.00,"5,320.00"
2020-11-05,2020110504000717,GIC,44,4,10,532.00,"5,320.00"
2020-11-05,2020110504000716,GIC,44,34,10,532.00,"5,320.00"
2020-11-05,2020110504000728,GIC,44,38,10,532.00,"5,320.00"
2020-11-05,2020110504000727,GIC,44,4,10,532.00,"5,320.00"
2020-11-05,2020110504000726,GIC,44,43,10,532.00,"5,320.00"
2020-11-05,2020110504000725,GIC,44,38,10,532.00,"5,320.00"
2020-11-05,2020110504000724,GIC,44,4,10,532.00,"5,320.00"
2020-11-05,2020110504000723,GIC,44,4,10,532.00,"5,320.00"
2020-11-05,2020110504000735,GIC,48,38,10,532.00,"5,320.00"
2020-11-05,2020110504000734,GIC,48,46,10,532.00,"5,320.00"
2020-11-05,2020110504000733,GIC,48,39,10,532.00,"5,320.00"
2020-11-05,2020110504000731,GIC,48,44,10,532.00,"5,320.00"
2020-11-05,2020110504000730,GIC,48,49,10,532.00,"5,320.00"
2020-11-05,2020110504000729,GIC,44,35,10,532.00,"5,320.00"
2020-11-05,2020110504000753,GIC,44,41,10,532.00,"5,320.00"
2020-11-05,2020110504000751,GIC,44,47,10,532.00,"5,320.00"
2020-11-05,2020110504000743,GIC,48,46,10,532.00,"5,320.00"
2020-11-05,2020110504000741,GIC,48,41,10,532.00,"5,320.00"
2020-11-05,2020110504000740,GIC,48,57,10,532.00,"5,320.00"
2020-11-05,2020110504000739,GIC,48,38,10,532.00,"5,320.00"
2020-11-05,2020110504000761,GIC,44,40,10,532.00,"5,320.00"
2020-11-05,2020110504000760,GIC,44,28,10,532.00,"5,320.00"
2020-11-05,2020110504000758,GIC,44,38,10,532.00,"5,320.00"
2020-11-05,2020110504000757,GIC,44,34,10,532.00,"5,320.00"
2020-11-05,2020110504000756,GIC,44,52,10,532.00,"5,320.00"
2020-11-05,2020110504000755,GIC,44,6,10,532.00,"5,320.00"
2020-11-05,2020110504000775,GIC,44,38,10,532.00,"5,320.00"
2020-11-05,2020110504000766,GIC,57,35,10,533.00,"5,330.00"
2020-11-05,2020110504000765,GIC,57,58,10,533.00,"5,330.00"
2020-11-05,2020110504000764,GIC,57,6,10,533.00,"5,330.00"
2020-11-05,2020110504000763,GIC,44,49,10,532.00,"5,320.00"
2020-11-05,2020110504000762,GIC,44,38,10,532.00,"5,320.00"
2020-11-05,2020110504000787,GIC,45,21,10,532.00,"5,320.00"
2020-11-05,2020110504000786,GIC,45,21,10,532.00,"5,320.00"
2020-11-05,2020110504000784,GIC,44,21,10,532.00,"5,320.00"
2020-11-05,2020110504000783,GIC,44,21,10,532.00,"5,320.00"
2020-11-05,2020110504000778,GIC,44,51,10,532.00,"5,320.00"
2020-11-05,2020110504000777,GIC,44,38,10,532.00,"5,320.00"
2020-11-05,2020110504000795,GIC,44,41,10,532.00,"5,320.00"
2020-11-05,2020110504000793,GIC,44,21,10,532.00,"5,320.00"
2020-11-05,2020110504000792,GIC,44,21,10,532.00,"5,320.00"
2020-11-05,2020110504000791,GIC,45,35,10,532.00,"5,320.00"
2020-11-05,2020110504000790,GIC,45,21,10,532.00,"5,320.00"
2020-11-05,2020110504000789,GIC,45,21,10,532.00,"5,320.00"
2020-11-05,2020110504000813,GIC,5,34,10,531.00,"5,310.00"
2020-11-05,2020110504000812,GIC,5,47,10,531.00,"5,310.00"
2020-11-05,2020110504000804,GIC,5,1,10,531.00,"5,310.00"
2020-11-05,2020110504000800,GIC,44,58,10,532.00,"5,320.00"
2020-11-05,2020110504000799,GIC,44,1,10,532.00,"5,320.00"
2020-11-05,2020110504000798,GIC,44,5,150,532.00,"79,800.00"
2020-11-05,2020110504000828,GIC,5,38,10,531.00,"5,310.00"
2020-11-05,2020110504000827,GIC,5,53,10,531.00,"5,310.00"
2020-11-05,2020110504000825,GIC,5,16,10,531.00,"5,310.00"
2020-11-05,2020110504000823,GIC,5,32,10,531.00,"5,310.00"
2020-11-05,2020110504000817,GIC,5,41,10,531.00,"5,310.00"
2020-11-05,2020110504000814,GIC,5,49,10,531.00,"5,310.00"
2020-11-05,2020110504000845,GIC,5,40,10,531.00,"5,310.00"
2020-11-05,2020110504000844,GIC,5,19,10,531.00,"5,310.00"
2020-11-05,2020110504000839,GIC,5,45,10,531.00,"5,310.00"
2020-11-05,2020110504000838,GIC,5,26,10,531.00,"5,310.00"
2020-11-05,2020110504000837,GIC,5,34,10,531.00,"5,310.00"
2020-11-05,2020110504000834,GIC,5,48,10,531.00,"5,310.00"
2020-11-05,2020110504000861,GIC,5,45,10,531.00,"5,310.00"
2020-11-05,2020110504000859,GIC,5,58,10,531.00,"5,310.00"
2020-11-05,2020110504000852,GIC,5,35,10,531.00,"5,310.00"
2020-11-05,2020110504000851,GIC,5,38,10,531.00,"5,310.00"
2020-11-05,2020110504000849,GIC,5,26,10,531.00,"5,310.00"
2020-11-05,2020110504000846,GIC,5,26,10,531.00,"5,310.00"
2020-11-05,2020110504000867,GIC,5,32,10,531.00,"5,310.00"
2020-11-05,2020110504000866,GIC,5,36,10,531.00,"5,310.00"
2020-11-05,2020110504000865,GIC,5,3,10,531.00,"5,310.00"
2020-11-05,2020110504000864,GIC,5,42,10,531.00,"5,310.00"
2020-11-05,2020110504000863,GIC,5,13,10,531.00,"5,310.00"
2020-11-05,2020110504000862,GIC,5,57,10,531.00,"5,310.00"
2020-11-05,2020110504000875,GIC,34,56,10,531.00,"5,310.00"
2020-11-05,2020110504000873,GIC,34,48,10,531.00,"5,310.00"
2020-11-05,2020110504000872,GIC,34,52,10,531.00,"5,310.00"
2020-11-05,2020110504000871,GIC,5,52,10,531.00,"5,310.00"
2020-11-05,2020110504000869,GIC,5,58,10,531.00,"5,310.00"
2020-11-05,2020110504000868,GIC,5,16,10,531.00,"5,310.00"
2020-11-05,2020110504000887,GIC,34,16,10,531.00,"5,310.00"
2020-11-05,2020110504000886,GIC,34,32,10,531.00,"5,310.00"
2020-11-05,2020110504000885,GIC,34,48,10,531.00,"5,310.00"
2020-11-05,2020110504000884,GIC,34,34,10,531.00,"5,310.00"
2020-11-05,2020110504000877,GIC,34,38,10,531.00,"5,310.00"
2020-11-05,2020110504000876,GIC,34,16,10,531.00,"5,310.00"
2020-11-05,2020110504000895,GIC,34,34,10,531.00,"5,310.00"
2020-11-05,2020110504000894,GIC,34,42,10,531.00,"5,310.00"
2020-11-05,2020110504000893,GIC,34,34,10,531.00,"5,310.00"
2020-11-05,2020110504000892,GIC,34,49,10,531.00,"5,310.00"
2020-11-05,2020110504000891,GIC,34,16,10,531.00,"5,310.00"
2020-11-05,2020110504000888,GIC,34,45,10,531.00,"5,310.00"
2020-11-05,2020110504000902,GIC,11,22,10,532.00,"5,320.00"
2020-11-05,2020110504000901,GIC,34,49,10,531.00,"5,310.00"
2020-11-05,2020110504000900,GIC,34,28,10,531.00,"5,310.00"
2020-11-05,2020110504000899,GIC,34,4,10,531.00,"5,310.00"
2020-11-05,2020110504000897,GIC,34,34,10,531.00,"5,310.00"
2020-11-05,2020110504000896,GIC,34,34,10,531.00,"5,310.00"
2020-11-05,2020110504000913,GIC,11,58,10,532.00,"5,320.00"
2020-11-05,2020110504000912,GIC,11,52,10,532.00,"5,320.00"
2020-11-05,2020110504000911,GIC,11,58,10,532.00,"5,320.00"
2020-11-05,2020110504000907,GIC,34,34,10,531.00,"5,310.00"
2020-11-05,2020110504000906,GIC,34,43,10,531.00,"5,310.00"
2020-11-05,2020110504000903,GIC,11,55,10,532.00,"5,320.00"
2020-11-05,2020110504000919,GIC,22,56,10,532.00,"5,320.00"
2020-11-05,2020110504000918,GIC,22,56,10,532.00,"5,320.00"
2020-11-05,2020110504000917,GIC,22,5,10,532.00,"5,320.00"
2020-11-05,2020110504000916,GIC,34,10,10,531.00,"5,310.00"
2020-11-05,2020110504000915,GIC,34,57,10,531.00,"5,310.00"
2020-11-05,2020110504000914,GIC,34,29,10,531.00,"5,310.00"
2020-11-05,2020110504000925,GIC,34,45,10,531.00,"5,310.00"
2020-11-05,2020110504000924,GIC,34,57,10,531.00,"5,310.00"
2020-11-05,2020110504000923,GIC,34,56,10,531.00,"5,310.00"
2020-11-05,2020110504000922,GIC,34,49,10,531.00,"5,310.00"
2020-11-05,2020110504000921,GIC,34,49,10,531.00,"5,310.00"
2020-11-05,2020110504000920,GIC,22,56,10,532.00,"5,320.00"
2020-11-05,2020110504000934,GIC,42,45,10,531.00,"5,310.00"
2020-11-05,2020110504000933,GIC,42,4,10,531.00,"5,310.00"
2020-11-05,2020110504000932,GIC,42,49,10,531.00,"5,310.00"
2020-11-05,2020110504000929,GIC,42,49,10,531.00,"5,310.00"
2020-11-05,2020110504000928,GIC,42,45,10,531.00,"5,310.00"
2020-11-05,2020110504000927,GIC,42,56,10,531.00,"5,310.00"
2020-11-05,2020110504000843,GIMES1,20,33,"2,000",10.00,"20,000.00"
2020-11-05,2020110504000643,GIMES1,42,33,"25,000",10.00,"250,000.00"
2020-11-05,2020110504000904,LEMF,46,45,"1,550",9.46,"14,663.00"
2020-11-05,2020110504000898,LEMF,35,56,"10,000",9.45,"94,500.00"
2020-11-05,2020110504000883,LEMF,33,45,"3,450",9.46,"32,637.00"
2020-11-05,2020110504000858,LEMF,33,6,"5,550",9.46,"52,503.00"
2020-11-05,2020110504000519,LEMF,37,6,"3,000",9.50,"28,500.00"
2020-11-05,2020110504000518,LEMF,49,6,"1,000",9.51,"9,510.00"
2020-11-05,2020110504000857,LEMF,33,6,500,9.48,"4,740.00"
2020-11-05,2020110504000749,LEMF,33,51,"2,500",9.48,"23,700.00"
2020-11-05,2020110504000705,LEMF,33,17,"2,000",9.48,"18,960.00"
2020-11-05,2020110504000908,LUK,46,7,"2,000",9.40,"18,800.00"
2020-11-05,2020110504000889,LUK,52,7,100,9.40,940.00
2020-11-05,2020110504000855,LUK,52,42,100,9.30,930.00
2020-11-05,2020110504000850,LUK,49,58,150,9.22,"1,383.00"
2020-11-05,2020110504000836,LUK,49,40,200,9.22,"1,844.00"
2020-11-05,2020110504000831,LUK,49,40,200,9.25,"1,850.00"
2020-11-05,2020110504000699,LUK,51,58,200,9.22,"1,844.00"
2020-11-05,2020110504000593,LUK,51,32,100,9.22,922.00
2020-11-05,2020110504000525,LUK,51,40,200,9.22,"1,844.00"
2020-11-05,2020110504000517,LUK,51,45,200,9.22,"1,844.00"
2020-11-05,2020110504000472,LUK,52,45,"1,000",9.21,"9,210.00"
2020-11-05,2020110504000822,LUK,49,3,750,9.25,"6,937.50"
2020-11-05,2020110504000821,LUK,49,3,750,9.25,"6,937.50"
2020-11-05,2020110504000820,LUK,49,5,100,9.25,925.00
2020-11-05,2020110504000819,LUK,49,51,200,9.25,"1,850.00"
2020-11-05,2020110504000818,LUK,49,57,500,9.24,"4,620.00"
2020-11-05,2020110504000732,LUK,51,21,100,9.22,922.00
2020-11-05,2020110504000905,NBF2,51,34,100,9.50,950.00
2020-11-05,2020110504000874,NBF2,51,34,100,9.50,950.00
2020-11-05,2020110504000487,NBF2,51,39,100,9.50,950.00
2020-11-05,2020110504000486,NBF2,51,39,100,9.50,950.00
2020-11-05,2020110504000454,NBF2,14,45,"2,000",9.47,"18,940.00"
2020-11-05,2020110504000577,NBF2,46,38,400,9.60,"3,840.00"
2020-11-05,2020110504000573,NBF2,33,38,"4,500",9.60,"43,200.00"
2020-11-05,2020110504000567,NBF2,33,45,500,9.59,"4,795.00"
2020-11-05,2020110504000564,NBF2,46,45,"2,000",9.59,"19,180.00"
2020-11-05,2020110504000854,NBF2,20,25,"1,500",9.60,"14,400.00"
2020-11-05,2020110504000853,NBF2,20,22,"1,000",9.60,"9,600.00"
2020-11-05,2020110504000587,NBF2,46,38,100,9.60,960.00
2020-11-05,2020110504000931,NEF,25,59,"1,719",9.53,"16,382.07"
2020-11-05,2020110504000880,NEF,17,5,483,9.52,"4,598.16"
2020-11-05,2020110504000856,NEF,17,1,"1,000",9.52,"9,520.00"
2020-11-05,2020110504000788,NEF,17,47,"1,693",9.52,"16,117.36"
2020-11-05,2020110504000782,NEF,14,59,695,9.53,"6,623.35"
2020-11-05,2020110504000780,NEF,14,6,"2,305",9.53,"21,966.65"
2020-11-05,2020110504000779,NEF,42,6,104,9.54,992.16
2020-11-05,2020110504000669,NEF,17,6,"2,409",9.52,"22,933.68"
2020-11-05,2020110504000650,NEF,17,6,"2,409",9.52,"22,933.68"
2020-11-05,2020110504000531,NEF,49,25,"4,000",9.53,"38,120.00"
2020-11-05,2020110504000826,NIBLPF,57,41,"2,525",10.09,"25,477.25"
2020-11-05,2020110504000759,NIBLPF,57,51,"1,515",9.90,"14,998.50"
2020-11-05,2020110504000750,NIBLPF,57,42,"1,010",10.00,"10,100.00"
2020-11-05,2020110504000748,NIBLPF,57,37,"2,525",9.99,"25,224.75"
2020-11-05,2020110504000747,NIBLPF,57,37,"2,525",9.99,"25,224.75"
2020-11-05,2020110504000746,NIBLPF,57,37,"2,525",9.99,"25,224.75"
2020-11-05,2020110504000501,NIBLPF,57,56,"2,000",9.87,"19,740.00"
2020-11-05,2020110504000745,NIBLPF,57,58,"5,000",9.99,"49,950.00"
2020-11-05,2020110504000744,NIBLPF,57,26,"2,000",9.96,"19,920.00"
2020-11-05,2020110504000742,NIBLPF,57,49,525,9.95,"5,223.75"
2020-11-05,2020110504000736,NIBLPF,57,52,500,9.94,"4,970.00"
2020-11-05,2020110504000507,NIBLPF,57,52,"13,000",9.90,"128,700.00"
2020-11-05,2020110504000506,NIBLPF,57,50,758,9.90,"7,504.20"
2020-11-05,2020110504000870,NIBSF1,28,5,"5,000",10.10,"50,500.00"
2020-11-05,2020110504000700,NIBSF1,33,34,100,10.05,"1,005.00"
2020-11-05,2020110504000468,NIBSF1,28,7,"2,867",10.20,"29,243.40"
2020-11-05,2020110504000771,NICAD8283,13,58,50,"1,155.00","57,750.00"
2020-11-05,2020110504000770,NICAD8283,13,51,100,"1,155.00","115,500.00"
2020-11-05,2020110504000769,NICAD8283,13,46,50,"1,155.00","57,750.00"
2020-11-05,2020110504000768,NICAD8283,13,17,200,"1,154.00","230,800.00"
2020-11-05,2020110504000767,NICAD8283,13,45,100,"1,154.00","115,400.00"
2020-11-05,2020110504000847,NICBF,17,58,500,9.55,"4,775.00"
2020-11-05,2020110504000781,NICBF,17,6,300,9.55,"2,865.00"
2020-11-05,2020110504000878,NICGF,14,34,100,9.96,996.00
2020-11-05,2020110504000830,NICGF,14,33,200,9.96,"1,992.00"
2020-11-05,2020110504000658,NICGF,34,58,"5,000",10.09,"50,450.00"
2020-11-05,2020110504000651,NICGF,57,58,"20,000",10.09,"201,800.00"
2020-11-05,2020110504000879,NMB50,34,34,100,9.63,963.00
2020-11-05,2020110504000848,NMB50,20,56,"2,500",9.79,"24,475.00"
2020-11-05,2020110504000453,NMBHF1,33,42,"1,206",9.68,"11,674.08"
2020-11-05,2020110504000452,NMBHF1,33,42,"1,205",9.67,"11,652.35"
2020-11-05,2020110504000829,RBCLPO,19,34,10,"12,111.00","121,110.00"
2020-11-05,2020110504000754,RBCLPO,5,38,10,"12,002.00","120,020.00"
2020-11-05,2020110504000683,RBCLPO,37,38,10,"12,002.00","120,020.00"
2020-11-05,2020110504000682,RBCLPO,37,38,30,"12,002.00","360,060.00"
2020-11-05,2020110504000662,RBCLPO,37,59,20,"12,002.00","240,040.00"
2020-11-05,2020110504000657,RBCLPO,26,37,20,"12,111.00","242,220.00"
2020-11-05,2020110504000575,RBCLPO,32,59,20,"12,000.00","240,000.00"
2020-11-05,2020110504000560,RBCLPO,26,59,10,"12,005.00","120,050.00"
2020-11-05,2020110504000537,RBCLPO,50,59,10,"12,005.00","120,050.00"
2020-11-05,2020110504000526,RBCLPO,50,49,10,"12,005.00","120,050.00"
2020-11-05,2020110504000930,SAEF,22,4,"1,000",10.26,"10,260.00"
2020-11-05,2020110504000833,SAEF,34,41,"15,000",10.40,"156,000.00"
2020-11-05,2020110504000832,SAEF,34,56,990,10.35,"10,246.50"
2020-11-05,2020110504000581,SAEF,57,42,100,10.32,"1,032.00"
2020-11-05,2020110504000580,SAEF,57,57,"10,000",10.32,"103,200.00"
2020-11-05,2020110504000752,SBIBD86,6,32,10,"1,036.00","10,360.00"
2020-11-05,2020110504000776,SBLD2082,6,22,200,"1,095.00","219,000.00"
2020-11-05,2020110504000910,SEF,32,5,"10,000",9.79,"97,900.00"
2020-11-05,2020110504000881,SEF,47,5,"10,000",9.78,"97,800.00"
2020-11-05,2020110504000842,SEF,49,13,"5,500",9.77,"53,735.00"
2020-11-05,2020110504000722,SEF,57,43,100,9.73,973.00
2020-11-05,2020110504000471,SEF,6,42,100,9.68,968.00
2020-11-05,2020110504000882,SFMF,6,34,"1,000",9.60,"9,600.00"
2020-11-05,2020110504000840,SFMF,6,58,100,9.60,960.00
2020-11-05,2020110504000655,SGI,47,6,10,376.00,"3,760.00"
2020-11-05,2020110504000612,SGI,34,21,10,376.00,"3,760.00"
2020-11-05,2020110504000860,STC,34,10,10,"3,875.00","38,750.00"
2020-11-05,2020110504000803,STC,59,59,700,"3,890.00","2,723,000.00"
2020-11-05,2020110504000794,STC,26,3,50,"3,889.00","194,450.00"
2020-11-05,2020110504000785,STC,34,57,30,"3,875.00","116,250.00"
2020-11-05,2020110504000774,STC,34,41,10,"3,875.00","38,750.00"
2020-11-05,2020110504000773,STC,34,3,50,"3,874.00","193,700.00"
2020-11-05,2020110504000479,STC,35,57,10,"3,853.00","38,530.00"
2020-11-05,2020110504000478,STC,34,57,10,"3,853.00","38,530.00"
2020-11-05,2020110504000477,STC,38,57,10,"3,853.00","38,530.00"
2020-11-05,2020110504000476,STC,50,57,40,"3,860.00","154,400.00"
2020-11-05,2020110503010229,ALICL,29,25,50,738.00,"36,900.00"
2020-11-05,2020110504000408,BBC,54,52,140,"2,610.00","365,400.00"
2020-11-05,2020110504000407,BBC,56,52,10,"2,611.00","26,110.00"
2020-11-05,2020110504000362,BBC,26,5,50,"2,615.00","130,750.00"
2020-11-05,2020110504000361,BBC,17,5,100,"2,620.00","262,000.00"
2020-11-05,2020110504000360,BBC,48,5,50,"2,622.00","131,100.00"
2020-11-05,2020110504000359,BBC,34,5,10,"2,640.00","26,400.00"
2020-11-05,2020110504000006,BBC,7,26,10,"2,700.00","27,000.00"
2020-11-05,2020110504000005,BBC,10,45,51,"2,703.00","137,853.00"
2020-11-05,2020110504000001,BBC,57,22,10,"2,703.00","27,030.00"
2020-11-05,2020110504000022,BBC,42,45,10,"2,757.00","27,570.00"
2020-11-05,2020110504000021,BBC,42,18,10,"2,754.00","27,540.00"
2020-11-05,2020110504000018,BBC,42,34,10,"2,753.00","27,530.00"
2020-11-05,2020110504000013,BBC,10,45,10,"2,703.00","27,030.00"
2020-11-05,2020110504000012,BBC,26,43,10,"2,700.00","27,000.00"
2020-11-05,2020110504000011,BBC,26,45,40,"2,703.00","108,120.00"
2020-11-05,2020110504000032,BBC,51,5,10,"2,754.00","27,540.00"
2020-11-05,2020110504000031,BBC,22,5,10,"2,754.00","27,540.00"
2020-11-05,2020110504000030,BBC,46,5,60,"2,755.00","165,300.00"
2020-11-05,2020110504000029,BBC,18,34,10,"2,756.00","27,560.00"
2020-11-05,2020110504000027,BBC,22,42,10,"2,754.00","27,540.00"
2020-11-05,2020110504000025,BBC,51,26,20,"2,754.00","55,080.00"
2020-11-05,2020110504000040,BBC,34,26,10,"2,755.00","27,550.00"
2020-11-05,2020110504000039,BBC,21,26,10,"2,755.00","27,550.00"
2020-11-05,2020110504000038,BBC,34,25,10,"2,754.00","27,540.00"
2020-11-05,2020110504000037,BBC,51,21,10,"2,753.00","27,530.00"
2020-11-05,2020110504000036,BBC,13,21,10,"2,754.00","27,540.00"
2020-11-05,2020110504000033,BBC,10,34,20,"2,755.00","55,100.00"
2020-11-05,2020110504000050,BBC,10,36,10,"2,703.00","27,030.00"
2020-11-05,2020110504000048,BBC,22,45,20,"2,755.00","55,100.00"
2020-11-05,2020110504000046,BBC,22,45,20,"2,755.00","55,100.00"
2020-11-05,2020110504000043,BBC,10,13,10,"2,756.00","27,560.00"
2020-11-05,2020110504000042,BBC,10,34,10,"2,756.00","27,560.00"
2020-11-05,2020110504000041,BBC,10,50,20,"2,755.00","55,100.00"
2020-11-05,2020110504000066,BBC,45,38,30,"2,649.00","79,470.00"
2020-11-05,2020110504000064,BBC,42,38,10,"2,650.00","26,500.00"
2020-11-05,2020110504000062,BBC,22,49,20,"2,700.00","54,000.00"
2020-11-05,2020110504000061,BBC,10,21,30,"2,703.00","81,090.00"
2020-11-05,2020110504000054,BBC,11,17,10,"2,755.00","27,550.00"
2020-11-05,2020110504000053,BBC,14,34,20,"2,755.00","55,100.00"
2020-11-05,2020110504000119,BBC,29,49,10,"2,655.00","26,550.00"
2020-11-05,2020110504000117,BBC,38,49,10,"2,700.00","27,000.00"
2020-11-05,2020110504000110,BBC,11,49,10,"2,658.00","26,580.00"
2020-11-05,2020110504000095,BBC,5,51,20,"2,652.00","53,040.00"
2020-11-05,2020110504000093,BBC,37,51,20,"2,652.00","53,040.00"
2020-11-05,2020110504000070,BBC,10,58,10,"2,600.00","26,000.00"
2020-11-05,2020110504000163,BBC,45,40,15,"2,655.00","39,825.00"
2020-11-05,2020110504000138,BBC,55,25,10,"2,695.00","26,950.00"
2020-11-05,2020110504000128,BBC,5,17,20,"2,699.00","53,980.00"
2020-11-05,2020110504000125,BBC,45,49,30,"2,700.00","81,000.00"
2020-11-05,2020110504000124,BBC,45,28,10,"2,700.00","27,000.00"
2020-11-05,2020110504000123,BBC,45,49,10,"2,680.00","26,800.00"
2020-11-05,2020110504000187,BBC,57,51,20,"2,620.00","52,400.00"
2020-11-05,2020110504000179,BBC,51,45,10,"2,650.00","26,500.00"
2020-11-05,2020110504000171,BBC,47,49,50,"2,642.00","132,100.00"
2020-11-05,2020110504000170,BBC,50,49,10,"2,642.00","26,420.00"
2020-11-05,2020110504000166,BBC,45,45,35,"2,655.00","92,925.00"
2020-11-05,2020110504000164,BBC,17,37,10,"2,690.00","26,900.00"
2020-11-05,2020110504000229,BBC,28,25,20,"2,650.00","53,000.00"
2020-11-05,2020110504000219,BBC,58,45,10,"2,650.00","26,500.00"
2020-11-05,2020110504000218,BBC,58,52,10,"2,650.00","26,500.00"
2020-11-05,2020110504000203,BBC,35,45,10,"2,650.00","26,500.00"
2020-11-05,2020110504000199,BBC,57,38,10,"2,642.00","26,420.00"
2020-11-05,2020110504000188,BBC,57,17,15,"2,642.00","39,630.00"
2020-11-05,2020110504000324,BBC,17,35,100,"2,625.00","262,500.00"
2020-11-05,2020110504000311,BBC,17,45,10,"2,675.00","26,750.00"
2020-11-05,2020110504000287,BBC,38,25,10,"2,675.00","26,750.00"
2020-11-05,2020110504000269,BBC,36,45,15,"2,675.00","40,125.00"
2020-11-05,2020110504000232,BBC,38,45,10,"2,650.00","26,500.00"
2020-11-05,2020110504000230,BBC,28,45,30,"2,650.00","79,500.00"
2020-11-05,2020110503010254,CBBL,32,55,200,"1,184.00","236,800.00"
2020-11-05,2020110503010253,CBBL,5,55,26,"1,184.00","30,784.00"
2020-11-05,2020110503010288,CIT,25,46,15,"3,752.00","56,280.00"
2020-11-05,2020110503010287,CIT,46,46,20,"3,752.00","75,040.00"
2020-11-05,2020110503010286,CIT,19,46,10,"3,755.00","37,550.00"
2020-11-05,2020110503010276,CIT,26,45,50,"3,755.00","187,750.00"
2020-11-05,2020110504000244,CMF1,54,47,"1,000",10.10,"10,100.00"
2020-11-05,2020110504000060,CMF1,43,42,200,10.17,"2,034.00"
2020-11-05,2020110503010236,FMDBL,4,35,100,607.00,"60,700.00"
2020-11-05,2020110503010235,GBBL,42,14,55,267.00,"14,685.00"
2020-11-05,2020110504000148,GBIMEP,4,59,"75,200",150.00,"11,280,000.00"
2020-11-05,2020110503010255,GBLBS,57,34,10,545.00,"5,450.00"
2020-11-05,2020110504000440,GIC,38,38,10,534.00,"5,340.00"
2020-11-05,2020110504000439,GIC,38,45,10,534.00,"5,340.00"
2020-11-05,2020110504000438,GIC,38,45,10,534.00,"5,340.00"
2020-11-05,2020110504000437,GIC,38,35,10,534.00,"5,340.00"
2020-11-05,2020110504000435,GIC,38,58,10,534.00,"5,340.00"
2020-11-05,2020110504000433,GIC,38,39,10,534.00,"5,340.00"
2020-11-05,2020110504000009,GIC,5,38,10,532.00,"5,320.00"
2020-11-05,2020110504000008,GIC,45,38,10,531.00,"5,310.00"
2020-11-05,2020110504000004,GIC,57,6,10,525.00,"5,250.00"
2020-11-05,2020110504000003,GIC,57,4,10,535.00,"5,350.00"
2020-11-05,2020110504000002,GIC,6,41,10,525.00,"5,250.00"
2020-11-05,2020110504000019,GIC,5,49,10,532.00,"5,320.00"
2020-11-05,2020110504000017,GIC,45,6,10,535.00,"5,350.00"
2020-11-05,2020110504000016,GIC,45,49,10,535.00,"5,350.00"
2020-11-05,2020110504000015,GIC,5,1,10,532.00,"5,320.00"
2020-11-05,2020110504000014,GIC,5,49,10,532.00,"5,320.00"
2020-11-05,2020110504000010,GIC,5,49,10,532.00,"5,320.00"
2020-11-05,2020110504000034,GIC,52,34,10,535.00,"5,350.00"
2020-11-05,2020110504000028,GIC,50,42,10,533.00,"5,330.00"
2020-11-05,2020110504000026,GIC,50,50,10,533.00,"5,330.00"
2020-11-05,2020110504000024,GIC,50,54,60,533.00,"31,980.00"
2020-11-05,2020110504000023,GIC,4,54,10,542.00,"5,420.00"
2020-11-05,2020110504000020,GIC,5,55,10,532.00,"5,320.00"
2020-11-05,2020110504000051,GIC,10,42,10,534.00,"5,340.00"
2020-11-05,2020110504000049,GIC,10,46,10,534.00,"5,340.00"
2020-11-05,2020110504000047,GIC,10,50,10,534.00,"5,340.00"
2020-11-05,2020110504000045,GIC,10,6,10,534.00,"5,340.00"
2020-11-05,2020110504000044,GIC,10,40,10,534.00,"5,340.00"
2020-11-05,2020110504000035,GIC,10,45,10,534.00,"5,340.00"
2020-11-05,2020110504000063,GIC,44,38,10,534.00,"5,340.00"
2020-11-05,2020110504000058,GIC,50,38,10,533.00,"5,330.00"
2020-11-05,2020110504000057,GIC,50,3,10,533.00,"5,330.00"
2020-11-05,2020110504000056,GIC,57,19,10,535.00,"5,350.00"
2020-11-05,2020110504000055,GIC,57,52,10,535.00,"5,350.00"
2020-11-05,2020110504000052,GIC,10,49,10,534.00,"5,340.00"
2020-11-05,2020110504000075,GIC,10,32,10,540.00,"5,400.00"
2020-11-05,2020110504000074,GIC,10,42,10,539.00,"5,390.00"
2020-11-05,2020110504000073,GIC,10,14,10,539.00,"5,390.00"
2020-11-05,2020110504000072,GIC,44,1,10,534.00,"5,340.00"
2020-11-05,2020110504000071,GIC,41,7,10,535.00,"5,350.00"
2020-11-05,2020110504000065,GIC,41,25,10,535.00,"5,350.00"
2020-11-05,2020110504000084,GIC,10,41,10,540.00,"5,400.00"
2020-11-05,2020110504000081,GIC,10,39,10,540.00,"5,400.00"
2020-11-05,2020110504000079,GIC,10,41,10,540.00,"5,400.00"
2020-11-05,2020110504000078,GIC,10,57,10,540.00,"5,400.00"
2020-11-05,2020110504000077,GIC,10,16,10,540.00,"5,400.00"
2020-11-05,2020110504000076,GIC,10,52,10,540.00,"5,400.00"
2020-11-05,2020110504000092,GIC,10,16,10,540.00,"5,400.00"
2020-11-05,2020110504000089,GIC,10,42,10,540.00,"5,400.00"
2020-11-05,2020110504000088,GIC,10,32,10,540.00,"5,400.00"
2020-11-05,2020110504000087,GIC,10,21,10,540.00,"5,400.00"
2020-11-05,2020110504000086,GIC,10,28,10,540.00,"5,400.00"
2020-11-05,2020110504000085,GIC,10,41,10,540.00,"5,400.00"
2020-11-05,2020110504000101,GIC,55,58,10,540.00,"5,400.00"
2020-11-05,2020110504000100,GIC,10,47,10,540.00,"5,400.00"
2020-11-05,2020110504000099,GIC,10,1,10,540.00,"5,400.00"
2020-11-05,2020110504000097,GIC,10,38,10,540.00,"5,400.00"
2020-11-05,2020110504000096,GIC,10,46,10,540.00,"5,400.00"
2020-11-05,2020110504000094,GIC,10,14,10,540.00,"5,400.00"
2020-11-05,2020110504000107,GIC,48,17,10,535.00,"5,350.00"
2020-11-05,2020110504000106,GIC,42,42,10,541.00,"5,410.00"
2020-11-05,2020110504000105,GIC,42,1,10,540.00,"5,400.00"
2020-11-05,2020110504000104,GIC,42,21,10,540.00,"5,400.00"
2020-11-05,2020110504000103,GIC,42,56,10,539.00,"5,390.00"
2020-11-05,2020110504000102,GIC,42,38,10,540.00,"5,400.00"
2020-11-05,2020110504000115,GIC,42,58,10,540.00,"5,400.00"
2020-11-05,2020110504000114,GIC,42,39,10,540.00,"5,400.00"
2020-11-05,2020110504000113,GIC,48,42,10,535.00,"5,350.00"
2020-11-05,2020110504000111,GIC,48,49,10,535.00,"5,350.00"
2020-11-05,2020110504000109,GIC,42,21,10,540.00,"5,400.00"
2020-11-05,2020110504000108,GIC,42,21,10,540.00,"5,400.00"
2020-11-05,2020110504000137,GIC,3,1,10,536.00,"5,360.00"
2020-11-05,2020110504000129,GIC,3,28,10,536.00,"5,360.00"
2020-11-05,2020110504000121,GIC,49,47,10,535.00,"5,350.00"
2020-11-05,2020110504000120,GIC,48,56,10,535.00,"5,350.00"
2020-11-05,2020110504000118,GIC,48,11,10,535.00,"5,350.00"
2020-11-05,2020110504000116,GIC,42,11,10,540.00,"5,400.00"
2020-11-05,2020110504000147,GIC,3,38,10,536.00,"5,360.00"
2020-11-05,2020110504000144,GIC,3,28,10,536.00,"5,360.00"
2020-11-05,2020110504000143,GIC,3,56,10,536.00,"5,360.00"
2020-11-05,2020110504000142,GIC,3,3,10,536.00,"5,360.00"
2020-11-05,2020110504000141,GIC,3,45,10,536.00,"5,360.00"
2020-11-05,2020110504000140,GIC,3,6,10,536.00,"5,360.00"
2020-11-05,2020110504000157,GIC,3,38,10,536.00,"5,360.00"
2020-11-05,2020110504000156,GIC,3,43,10,536.00,"5,360.00"
2020-11-05,2020110504000155,GIC,3,16,10,536.00,"5,360.00"
2020-11-05,2020110504000151,GIC,3,45,10,536.00,"5,360.00"
2020-11-05,2020110504000150,GIC,3,29,10,536.00,"5,360.00"
2020-11-05,2020110504000149,GIC,3,19,10,536.00,"5,360.00"
2020-11-05,2020110504000167,GIC,3,59,10,536.00,"5,360.00"
2020-11-05,2020110504000165,GIC,3,42,10,536.00,"5,360.00"
2020-11-05,2020110504000162,GIC,3,38,10,536.00,"5,360.00"
2020-11-05,2020110504000161,GIC,3,36,10,536.00,"5,360.00"
2020-11-05,2020110504000160,GIC,3,59,10,536.00,"5,360.00"
2020-11-05,2020110504000159,GIC,3,16,10,536.00,"5,360.00"
2020-11-05,2020110504000178,GIC,3,40,10,536.00,"5,360.00"
2020-11-05,2020110504000177,GIC,3,6,10,536.00,"5,360.00"
2020-11-05,2020110504000175,GIC,3,57,10,536.00,"5,360.00"
2020-11-05,2020110504000174,GIC,3,42,10,536.00,"5,360.00"
2020-11-05,2020110504000169,GIC,3,59,10,536.00,"5,360.00"
2020-11-05,2020110504000168,GIC,3,8,10,536.00,"5,360.00"
2020-11-05,2020110504000185,GIC,16,35,200,536.00,"107,200.00"
2020-11-05,2020110504000184,GIC,3,35,73,536.00,"39,128.00"
2020-11-05,2020110504000183,GIC,3,1,10,536.00,"5,360.00"
2020-11-05,2020110504000182,GIC,3,19,10,536.00,"5,360.00"
2020-11-05,2020110504000181,GIC,3,41,10,536.00,"5,360.00"
2020-11-05,2020110504000180,GIC,3,1,10,536.00,"5,360.00"
2020-11-05,2020110504000193,GIC,17,1,10,535.00,"5,350.00"
2020-11-05,2020110504000192,GIC,45,28,10,535.00,"5,350.00"
2020-11-05,2020110504000191,GIC,45,1,10,535.00,"5,350.00"
2020-11-05,2020110504000190,GIC,45,41,10,535.00,"5,350.00"
2020-11-05,2020110504000189,GIC,45,57,10,535.00,"5,350.00"
2020-11-05,2020110504000186,GIC,45,13,10,535.00,"5,350.00"
2020-11-05,2020110504000205,GIC,50,57,10,533.00,"5,330.00"
2020-11-05,2020110504000202,GIC,50,58,10,533.00,"5,330.00"
2020-11-05,2020110504000198,GIC,50,35,10,533.00,"5,330.00"
2020-11-05,2020110504000197,GIC,49,20,10,534.00,"5,340.00"
2020-11-05,2020110504000196,GIC,49,57,10,534.00,"5,340.00"
2020-11-05,2020110504000195,GIC,49,28,10,534.00,"5,340.00"
2020-11-05,2020110504000212,GIC,50,57,10,533.00,"5,330.00"
2020-11-05,2020110504000211,GIC,50,45,10,533.00,"5,330.00"
2020-11-05,2020110504000210,GIC,50,57,10,533.00,"5,330.00"
2020-11-05,2020110504000209,GIC,50,32,10,533.00,"5,330.00"
2020-11-05,2020110504000207,GIC,50,28,10,533.00,"5,330.00"
2020-11-05,2020110504000206,GIC,50,21,10,533.00,"5,330.00"
2020-11-05,2020110504000221,GIC,50,34,10,533.00,"5,330.00"
2020-11-05,2020110504000217,GIC,50,34,10,533.00,"5,330.00"
2020-11-05,2020110504000216,GIC,50,28,10,533.00,"5,330.00"
2020-11-05,2020110504000215,GIC,50,56,10,533.00,"5,330.00"
2020-11-05,2020110504000214,GIC,50,42,10,533.00,"5,330.00"
2020-11-05,2020110504000213,GIC,50,45,10,533.00,"5,330.00"
2020-11-05,2020110504000231,GIC,45,33,10,533.00,"5,330.00"
2020-11-05,2020110504000228,GIC,50,47,10,533.00,"5,330.00"
2020-11-05,2020110504000227,GIC,50,58,10,533.00,"5,330.00"
2020-11-05,2020110504000225,GIC,50,28,10,533.00,"5,330.00"
2020-11-05,2020110504000224,GIC,50,28,10,533.00,"5,330.00"
2020-11-05,2020110504000222,GIC,50,28,10,533.00,"5,330.00"
2020-11-05,2020110504000238,GIC,50,17,10,533.00,"5,330.00"
2020-11-05,2020110504000237,GIC,50,11,10,533.00,"5,330.00"
2020-11-05,2020110504000236,GIC,50,28,10,533.00,"5,330.00"
2020-11-05,2020110504000235,GIC,50,57,10,533.00,"5,330.00"
2020-11-05,2020110504000234,GIC,50,41,10,533.00,"5,330.00"
2020-11-05,2020110504000233,GIC,50,28,10,533.00,"5,330.00"
2020-11-05,2020110504000245,GIC,11,28,10,533.00,"5,330.00"
2020-11-05,2020110504000243,GIC,11,28,10,533.00,"5,330.00"
2020-11-05,2020110504000242,GIC,50,59,10,533.00,"5,330.00"
2020-11-05,2020110504000241,GIC,50,28,10,533.00,"5,330.00"
2020-11-05,2020110504000240,GIC,50,28,10,533.00,"5,330.00"
2020-11-05,2020110504000239,GIC,50,52,10,533.00,"5,330.00"
2020-11-05,2020110504000251,GIC,54,58,10,535.00,"5,350.00"
2020-11-05,2020110504000250,GIC,54,1,10,535.00,"5,350.00"
2020-11-05,2020110504000249,GIC,54,42,10,534.00,"5,340.00"
2020-11-05,2020110504000248,GIC,54,38,10,534.00,"5,340.00"
2020-11-05,2020110504000247,GIC,54,39,10,534.00,"5,340.00"
2020-11-05,2020110504000246,GIC,11,28,10,533.00,"5,330.00"
2020-11-05,2020110504000257,GIC,54,42,10,535.00,"5,350.00"
2020-11-05,2020110504000256,GIC,54,54,10,535.00,"5,350.00"
2020-11-05,2020110504000255,GIC,54,52,10,535.00,"5,350.00"
2020-11-05,2020110504000254,GIC,54,53,20,535.00,"10,700.00"
2020-11-05,2020110504000253,GIC,54,52,10,535.00,"5,350.00"
2020-11-05,2020110504000252,GIC,54,32,10,535.00,"5,350.00"
2020-11-05,2020110504000263,GIC,54,21,10,536.00,"5,360.00"
2020-11-05,2020110504000262,GIC,54,21,10,536.00,"5,360.00"
2020-11-05,2020110504000261,GIC,54,58,10,536.00,"5,360.00"
2020-11-05,2020110504000260,GIC,54,1,10,536.00,"5,360.00"
2020-11-05,2020110504000259,GIC,54,35,27,536.00,"14,472.00"
2020-11-05,2020110504000258,GIC,54,34,10,535.00,"5,350.00"
2020-11-05,2020110504000270,GIC,11,28,10,533.00,"5,330.00"
2020-11-05,2020110504000268,GIC,11,58,10,533.00,"5,330.00"
2020-11-05,2020110504000267,GIC,55,34,10,534.00,"5,340.00"
2020-11-05,2020110504000266,GIC,11,28,10,533.00,"5,330.00"
2020-11-05,2020110504000265,GIC,11,28,10,533.00,"5,330.00"
2020-11-05,2020110504000264,GIC,11,28,10,533.00,"5,330.00"
2020-11-05,2020110504000277,GIC,45,45,10,533.00,"5,330.00"
2020-11-05,2020110504000276,GIC,22,6,10,537.00,"5,370.00"
2020-11-05,2020110504000275,GIC,22,56,10,537.00,"5,370.00"
2020-11-05,2020110504000274,GIC,11,34,10,533.00,"5,330.00"
2020-11-05,2020110504000273,GIC,11,42,10,533.00,"5,330.00"
2020-11-05,2020110504000272,GIC,58,56,10,534.00,"5,340.00"
2020-11-05,2020110504000284,GIC,11,54,10,535.00,"5,350.00"
2020-11-05,2020110504000283,GIC,22,55,10,538.00,"5,380.00"
2020-11-05,2020110504000282,GIC,22,56,10,538.00,"5,380.00"
2020-11-05,2020110504000281,GIC,11,45,10,535.00,"5,350.00"
2020-11-05,2020110504000280,GIC,11,57,10,535.00,"5,350.00"
2020-11-05,2020110504000279,GIC,11,56,10,535.00,"5,350.00"
2020-11-05,2020110504000291,GIC,11,38,10,535.00,"5,350.00"
2020-11-05,2020110504000290,GIC,11,49,10,535.00,"5,350.00"
2020-11-05,2020110504000289,GIC,11,20,10,535.00,"5,350.00"
2020-11-05,2020110504000288,GIC,11,5,10,535.00,"5,350.00"
2020-11-05,2020110504000286,GIC,11,42,10,535.00,"5,350.00"
2020-11-05,2020110504000285,GIC,11,34,10,535.00,"5,350.00"
2020-11-05,2020110504000297,GIC,22,41,10,539.00,"5,390.00"
2020-11-05,2020110504000296,GIC,22,55,10,539.00,"5,390.00"
2020-11-05,2020110504000295,GIC,22,40,10,539.00,"5,390.00"
2020-11-05,2020110504000294,GIC,11,13,10,535.00,"5,350.00"
2020-11-05,2020110504000293,GIC,11,58,10,535.00,"5,350.00"
2020-11-05,2020110504000292,GIC,11,57,10,535.00,"5,350.00"
2020-11-05,2020110504000307,GIC,11,58,10,535.00,"5,350.00"
2020-11-05,2020110504000306,GIC,11,3,10,535.00,"5,350.00"
2020-11-05,2020110504000305,GIC,11,57,10,535.00,"5,350.00"
2020-11-05,2020110504000304,GIC,11,19,10,535.00,"5,350.00"
2020-11-05,2020110504000303,GIC,11,38,10,535.00,"5,350.00"
2020-11-05,2020110504000302,GIC,11,28,10,535.00,"5,350.00"
2020-11-05,2020110504000321,GIC,38,38,10,534.00,"5,340.00"
2020-11-05,2020110504000320,GIC,51,58,10,535.00,"5,350.00"
2020-11-05,2020110504000319,GIC,51,38,10,535.00,"5,350.00"
2020-11-05,2020110504000316,GIC,38,4,10,534.00,"5,340.00"
2020-11-05,2020110504000312,GIC,38,44,10,534.00,"5,340.00"
2020-11-05,2020110504000310,GIC,11,49,10,535.00,"5,350.00"
2020-11-05,2020110504000333,GIC,1,51,10,536.00,"5,360.00"
2020-11-05,2020110504000332,GIC,1,38,10,536.00,"5,360.00"
2020-11-05,2020110504000327,GIC,35,45,10,535.00,"5,350.00"
2020-11-05,2020110504000325,GIC,38,49,10,534.00,"5,340.00"
2020-11-05,2020110504000323,GIC,38,41,10,534.00,"5,340.00"
2020-11-05,2020110504000322,GIC,38,46,10,534.00,"5,340.00"
2020-11-05,2020110504000342,GIC,44,44,10,535.00,"5,350.00"
2020-11-05,2020110504000341,GIC,38,39,10,534.00,"5,340.00"
2020-11-05,2020110504000340,GIC,38,3,10,534.00,"5,340.00"
2020-11-05,2020110504000338,GIC,38,29,10,534.00,"5,340.00"
2020-11-05,2020110504000337,GIC,38,50,10,534.00,"5,340.00"
2020-11-05,2020110504000334,GIC,38,21,10,534.00,"5,340.00"
2020-11-05,2020110504000348,GIC,38,39,10,534.00,"5,340.00"
2020-11-05,2020110504000347,GIC,38,21,10,534.00,"5,340.00"
2020-11-05,2020110504000346,GIC,44,45,10,535.00,"5,350.00"
2020-11-05,2020110504000345,GIC,44,39,10,535.00,"5,350.00"
2020-11-05,2020110504000344,GIC,44,39,10,535.00,"5,350.00"
2020-11-05,2020110504000343,GIC,44,44,10,535.00,"5,350.00"
2020-11-05,2020110504000354,GIC,38,47,10,534.00,"5,340.00"
2020-11-05,2020110504000353,GIC,44,1,170,535.00,"90,950.00"
2020-11-05,2020110504000352,GIC,44,1,30,535.00,"16,050.00"
2020-11-05,2020110504000351,GIC,44,39,10,535.00,"5,350.00"
2020-11-05,2020110504000350,GIC,44,39,10,535.00,"5,350.00"
2020-11-05,2020110504000349,GIC,38,29,10,534.00,"5,340.00"
2020-11-05,2020110504000364,GIC,38,19,10,534.00,"5,340.00"
2020-11-05,2020110504000363,GIC,38,32,10,534.00,"5,340.00"
2020-11-05,2020110504000358,GIC,38,56,10,534.00,"5,340.00"
2020-11-05,2020110504000357,GIC,38,39,10,534.00,"5,340.00"
2020-11-05,2020110504000356,GIC,38,47,10,534.00,"5,340.00"
2020-11-05,2020110504000355,GIC,38,39,10,534.00,"5,340.00"
2020-11-05,2020110504000375,GIC,38,35,10,534.00,"5,340.00"
2020-11-05,2020110504000374,GIC,38,38,10,534.00,"5,340.00"
2020-11-05,2020110504000369,GIC,38,32,10,534.00,"5,340.00"
2020-11-05,2020110504000368,GIC,38,32,10,534.00,"5,340.00"
2020-11-05,2020110504000367,GIC,38,45,10,534.00,"5,340.00"
2020-11-05,2020110504000366,GIC,38,47,10,534.00,"5,340.00"
2020-11-05,2020110504000382,GIC,36,25,10,535.00,"5,350.00"
2020-11-05,2020110504000381,GIC,38,57,10,534.00,"5,340.00"
2020-11-05,2020110504000380,GIC,21,41,10,535.00,"5,350.00"
2020-11-05,2020110504000378,GIC,38,32,10,534.00,"5,340.00"
2020-11-05,2020110504000377,GIC,38,34,10,534.00,"5,340.00"
2020-11-05,2020110504000376,GIC,38,28,10,534.00,"5,340.00"
2020-11-05,2020110504000388,GIC,36,13,10,535.00,"5,350.00"
2020-11-05,2020110504000387,GIC,36,32,10,535.00,"5,350.00"
2020-11-05,2020110504000386,GIC,36,19,10,535.00,"5,350.00"
2020-11-05,2020110504000385,GIC,36,21,10,535.00,"5,350.00"
2020-11-05,2020110504000384,GIC,36,34,10,535.00,"5,350.00"
2020-11-05,2020110504000383,GIC,36,32,10,535.00,"5,350.00"
2020-11-05,2020110504000394,GIC,36,17,10,535.00,"5,350.00"
2020-11-05,2020110504000393,GIC,36,49,10,535.00,"5,350.00"
2020-11-05,2020110504000392,GIC,36,52,10,535.00,"5,350.00"
2020-11-05,2020110504000391,GIC,36,1,10,535.00,"5,350.00"
2020-11-05,2020110504000390,GIC,36,58,10,535.00,"5,350.00"
2020-11-05,2020110504000389,GIC,36,21,10,535.00,"5,350.00"
2020-11-05,2020110504000404,GIC,36,21,10,535.00,"5,350.00"
2020-11-05,2020110504000403,GIC,36,18,10,535.00,"5,350.00"
2020-11-05,2020110504000401,GIC,36,21,10,535.00,"5,350.00"
2020-11-05,2020110504000400,GIC,36,21,10,535.00,"5,350.00"
2020-11-05,2020110504000399,GIC,36,28,10,535.00,"5,350.00"
2020-11-05,2020110504000398,GIC,6,42,10,536.00,"5,360.00"
2020-11-05,2020110504000414,GIC,58,42,10,535.00,"5,350.00"
2020-11-05,2020110504000411,GIC,58,29,10,535.00,"5,350.00"
2020-11-05,2020110504000410,GIC,58,21,10,535.00,"5,350.00"
2020-11-05,2020110504000409,GIC,58,1,10,535.00,"5,350.00"
2020-11-05,2020110504000406,GIC,36,21,10,535.00,"5,350.00"
2020-11-05,2020110504000405,GIC,36,45,10,535.00,"5,350.00"
2020-11-05,2020110504000424,GIC,58,42,10,535.00,"5,350.00"
2020-11-05,2020110504000423,GIC,58,32,10,535.00,"5,350.00"
2020-11-05,2020110504000420,GIC,58,1,10,535.00,"5,350.00"
2020-11-05,2020110504000419,GIC,58,34,10,535.00,"5,350.00"
2020-11-05,2020110504000416,GIC,58,34,10,535.00,"5,350.00"
2020-11-05,2020110504000415,GIC,58,38,10,535.00,"5,350.00"
2020-11-05,2020110504000432,GIC,38,45,10,534.00,"5,340.00"
2020-11-05,2020110504000431,GIC,38,58,10,534.00,"5,340.00"
2020-11-05,2020110504000430,GIC,38,34,10,534.00,"5,340.00"
2020-11-05,2020110504000429,GIC,38,34,10,534.00,"5,340.00"
2020-11-05,2020110504000426,GIC,38,34,10,534.00,"5,340.00"
2020-11-05,2020110504000425,GIC,38,13,10,534.00,"5,340.00"
2020-11-05,2020110503010275,GLICL,5,48,"2,000",588.00,"1,176,000.00"
2020-11-05,2020110503010246,GLICL,49,33,100,587.00,"58,700.00"
2020-11-05,2020110503010234,GLICL,6,48,100,588.00,"58,800.00"
2020-11-05,2020110503010283,HIDCL,5,58,10,235.00,"2,350.00"
2020-11-05,2020110503010241,HIDCL,45,58,500,235.00,"117,500.00"
2020-11-05,2020110503010240,HIDCL,40,58,"1,000",235.00,"235,000.00"
2020-11-05,2020110503010239,HIDCL,14,58,300,235.00,"70,500.00"
2020-11-05,2020110503010238,HIDCL,49,58,50,235.00,"11,750.00"
2020-11-05,2020110503010237,HIDCL,53,58,29,235.00,"6,815.00"
2020-11-05,2020110503010281,ICFC,47,34,"1,000",308.00,"308,000.00"
2020-11-05,2020110503010231,JBBL,57,40,981,211.00,"206,991.00"
2020-11-05,2020110503010230,JBBL,34,40,19,211.00,"4,009.00"
2020-11-05,2020110503010280,KMCDB,25,21,13,785.00,"10,205.00"
2020-11-05,2020110503010279,KMCDB,25,46,10,785.00,"7,850.00"
2020-11-05,2020110503010278,KMCDB,25,22,102,785.00,"80,070.00"
2020-11-05,2020110503010277,KMCDB,25,35,60,780.00,"46,800.00"
2020-11-05,2020110503010258,KSBBL,41,38,300,235.00,"70,500.00"
2020-11-05,2020110503010257,KSBBL,56,38,200,235.00,"47,000.00"
2020-11-05,2020110503010252,LBBL,54,11,10,218.00,"2,180.00"
2020-11-05,2020110504000176,LEMF,33,47,"1,000",9.46,"9,460.00"
2020-11-05,2020110504000428,LUK,52,32,100,9.21,921.00
2020-11-05,2020110504000418,LUK,52,57,100,9.20,920.00
2020-11-05,2020110504000417,LUK,52,46,300,9.14,"2,742.00"
2020-11-05,2020110504000370,LUK,22,25,300,9.10,"2,730.00"
2020-11-05,2020110504000194,LUK,22,45,100,9.10,910.00
2020-11-05,2020110504000158,LUK,57,45,100,9.07,907.00
2020-11-05,2020110504000122,LUK,57,46,100,9.07,907.00
2020-11-05,2020110503010259,MERO,8,14,150,773.00,"115,950.00"
2020-11-05,2020110503010285,MFIL,55,58,10,328.00,"3,280.00"
2020-11-05,2020110503010242,MLBBL,45,38,30,788.00,"23,640.00"
2020-11-05,2020110503010260,MMFDB,28,40,100,933.00,"93,300.00"
2020-11-05,2020110503010256,MMFDB,34,49,10,935.00,"9,350.00"
2020-11-05,2020110503010284,MPFL,49,38,280,141.00,"39,480.00"
2020-11-05,2020110504000413,NBF2,14,34,200,9.45,"1,890.00"
2020-11-05,2020110504000412,NBF2,14,41,100,9.45,945.00
2020-11-05,2020110504000139,NBF2,49,48,500,9.45,"4,725.00"
2020-11-05,2020110504000112,NBF2,49,1,500,9.45,"4,725.00"
2020-11-05,2020110504000422,NEF,42,26,"3,000",9.55,"28,650.00"
2020-11-05,2020110504000421,NEF,20,26,"2,500",9.55,"23,875.00"
2020-11-05,2020110504000397,NEF,14,26,"2,669",9.60,"25,622.40"
2020-11-05,2020110504000379,NEF,14,57,"1,331",9.60,"12,777.60"
2020-11-05,2020110504000365,NEF,58,26,"5,000",9.60,"48,000.00"
2020-11-05,2020110504000330,NEF,3,57,200,9.60,"1,920.00"
2020-11-05,2020110504000329,NEF,3,57,200,9.60,"1,920.00"
2020-11-05,2020110504000328,NEF,3,57,200,9.61,"1,922.00"
2020-11-05,2020110504000200,NEF,49,28,"1,000",9.53,"9,530.00"
2020-11-05,2020110504000154,NEF,17,42,966,9.55,"9,225.30"
2020-11-05,2020110504000153,NEF,17,53,966,9.55,"9,225.30"
2020-11-05,2020110504000126,NEF,49,35,483,9.63,"4,651.29"
2020-11-05,2020110504000208,NIBLPF,49,49,"1,000",9.80,"9,800.00"
2020-11-05,2020110504000201,NIBLPF,49,49,"1,000",9.81,"9,810.00"
2020-11-05,2020110504000152,NIBLPF,49,26,"2,000",9.97,"19,940.00"
2020-11-05,2020110504000434,NIBSF1,28,58,"10,000",10.20,"102,000.00"
2020-11-05,2020110504000427,NIBSF1,28,58,"7,133",10.20,"72,756.60"
2020-11-05,2020110504000315,NIBSF1,28,38,"5,000",10.20,"51,000.00"
2020-11-05,2020110504000220,NIBSF1,36,22,"6,000",10.20,"61,200.00"
2020-11-05,2020110504000204,NIBSF1,36,22,"10,000",10.20,"102,000.00"
2020-11-05,2020110504000173,NIBSF1,36,22,"4,000",10.20,"40,800.00"
2020-11-05,2020110504000172,NIBSF1,36,7,"6,000",10.18,"61,080.00"
2020-11-05,2020110504000373,NICBF,49,57,200,9.55,"1,910.00"
2020-11-05,2020110504000372,NICBF,49,57,300,9.58,"2,874.00"
2020-11-05,2020110504000371,NICBF,49,57,500,9.60,"4,800.00"
2020-11-05,2020110504000339,NICD83/84,6,8,20,"1,071.00","21,420.00"
2020-11-05,2020110504000402,NICGF,34,57,200,10.10,"2,020.00"
2020-11-05,2020110504000069,NICGF,36,4,"1,000",10.30,"10,300.00"
2020-11-05,2020110504000068,NICGF,36,58,100,10.30,"1,030.00"
2020-11-05,2020110504000067,NICGF,36,11,200,10.20,"2,040.00"
2020-11-05,2020110504000436,NMBHF1,14,21,"2,080",9.66,"20,092.80"
2020-11-05,2020110504000396,NMBHF1,14,55,"2,155",9.66,"20,817.30"
2020-11-05,2020110504000395,NMBHF1,58,55,"1,000",9.67,"9,670.00"
2020-11-05,2020110504000271,NMBPO,32,1,"3,363",250.00,"840,750.00"
2020-11-05,2020110503010273,NRIC,28,29,250,858.00,"214,500.00"
2020-11-05,2020110503010261,NUBL,38,57,50,"1,012.00","50,600.00"
2020-11-05,2020110503010251,OHL,25,25,20,381.00,"7,620.00"
2020-11-05,2020110503010250,OHL,25,14,150,380.00,"57,000.00"
2020-11-05,2020110503010249,OHL,25,8,100,380.00,"38,000.00"
2020-11-05,2020110503010248,OHL,25,37,200,380.00,"76,000.00"
2020-11-05,2020110503010272,PLIC,39,11,150,680.00,"102,000.00"
2020-11-05,2020110503010271,PLIC,39,11,200,680.00,"136,000.00"
2020-11-05,2020110503010270,PLIC,39,11,100,680.00,"68,000.00"
2020-11-05,2020110503010269,PLIC,39,11,100,680.00,"68,000.00"
2020-11-05,2020110503010268,PLIC,39,11,50,680.00,"34,000.00"
2020-11-05,2020110503010267,PLIC,39,11,100,680.00,"68,000.00"
2020-11-05,2020110503010266,PLIC,39,11,50,680.00,"34,000.00"
2020-11-05,2020110503010265,PLIC,39,11,50,680.00,"34,000.00"
2020-11-05,2020110503010264,PLIC,39,11,100,680.00,"68,000.00"
2020-11-05,2020110503010263,PLIC,39,11,70,680.00,"47,600.00"
2020-11-05,2020110503010262,PLIC,39,11,31,680.00,"21,080.00"
2020-11-05,2020110504000331,RBCLPO,32,45,10,"12,000.00","120,000.00"
2020-11-05,2020110504000326,RBCLPO,41,45,10,"12,000.00","120,000.00"
2020-11-05,2020110504000318,RBCLPO,41,45,30,"12,000.00","360,000.00"
2020-11-05,2020110504000317,RBCLPO,41,17,10,"11,990.00","119,900.00"
2020-11-05,2020110504000314,RBCLPO,32,40,10,"11,891.00","118,910.00"
2020-11-05,2020110504000313,RBCLPO,43,40,10,"11,892.00","118,920.00"
2020-11-05,2020110504000090,RBCLPO,32,57,10,"12,011.00","120,110.00"
2020-11-05,2020110504000136,RBCLPO,32,34,12,"11,873.00","142,476.00"
2020-11-05,2020110504000135,RBCLPO,33,34,100,"11,874.00","1,187,400.00"
2020-11-05,2020110504000134,RBCLPO,32,34,20,"11,880.00","237,600.00"
2020-11-05,2020110504000133,RBCLPO,32,34,50,"12,000.00","600,000.00"
2020-11-05,2020110504000132,RBCLPO,32,34,10,"12,010.00","120,100.00"
2020-11-05,2020110504000131,RBCLPO,33,57,50,"12,100.00","605,000.00"
2020-11-05,2020110504000309,RBCLPO,32,22,10,"11,891.00","118,910.00"
2020-11-05,2020110504000308,RBCLPO,4,22,20,"11,895.00","237,900.00"
2020-11-05,2020110504000226,RBCLPO,50,28,10,"11,890.00","118,900.00"
2020-11-05,2020110504000223,RBCLPO,50,28,20,"11,890.00","237,800.00"
2020-11-05,2020110504000146,RBCLPO,28,38,10,"11,874.00","118,740.00"
2020-11-05,2020110504000145,RBCLPO,28,38,10,"11,874.00","118,740.00"
2020-11-05,2020110503010282,RLI,29,56,10,581.00,"5,810.00"
2020-11-05,2020110504000336,SAEF,6,57,500,10.19,"5,095.00"
2020-11-05,2020110504000278,SAEF,33,6,500,10.17,"5,085.00"
2020-11-05,2020110503010232,SDLBSL,22,6,10,853.00,"8,530.00"
2020-11-05,2020110504000335,SEF,6,41,500,9.68,"4,840.00"
2020-11-05,2020110504000301,SEF,58,34,500,9.70,"4,850.00"
2020-11-05,2020110504000300,SEF,58,19,200,9.70,"1,940.00"
2020-11-05,2020110504000299,SEF,58,34,500,9.70,"4,850.00"
2020-11-05,2020110504000298,SEF,58,34,"1,000",9.70,"9,700.00"
2020-11-05,2020110504000130,SGI,34,35,10,376.00,"3,760.00"
2020-11-05,2020110504000127,SGI,4,17,10,375.00,"3,750.00"
2020-11-05,2020110504000098,SGI,48,32,10,368.00,"3,680.00"
2020-11-05,2020110504000091,SGI,5,1,10,361.00,"3,610.00"
2020-11-05,2020110504000080,SGI,11,49,10,354.00,"3,540.00"
2020-11-05,2020110504000059,SGI,35,28,10,348.00,"3,480.00"
2020-11-05,2020110503010274,SHINE,39,35,10,270.00,"2,700.00"
2020-11-05,2020110503010244,SINDU,52,1,100,175.00,"17,500.00"
2020-11-05,2020110503010243,SINDU,52,25,"1,500",175.00,"262,500.00"
2020-11-05,2020110503010245,SLICL,42,57,10,632.00,"6,320.00"
2020-11-05,2020110503010233,SNLB,25,51,20,930.00,"18,600.00"
2020-11-05,2020110504000083,STC,26,19,30,"3,853.00","115,590.00"
2020-11-05,2020110504000082,STC,26,19,20,"3,861.00","77,220.00"
2020-11-05,2020110504000007,STC,48,22,10,"3,890.00","38,900.00"
2020-11-05,2020110503010247,TRH,45,3,100,249.00,"24,900.00"
2020-11-05,2020110503010205,ALBSL,17,53,72,857.00,"61,704.00"
2020-11-05,2020110503009961,ALBSL,17,11,10,857.00,"8,570.00"
2020-11-05,2020110503009895,ALBSL,17,57,11,857.00,"9,427.00"
2020-11-05,2020110503010228,ALICL,29,49,250,738.00,"184,500.00"
2020-11-05,2020110503010227,ALICL,29,35,100,738.00,"73,800.00"
2020-11-05,2020110503009944,ALICL,4,45,50,737.00,"36,850.00"
2020-11-05,2020110503009889,ALICL,4,6,173,737.00,"127,501.00"
2020-11-05,2020110503009820,ALICL,4,28,252,737.00,"185,724.00"
2020-11-05,2020110503010036,BFC,55,19,360,144.00,"51,840.00"
2020-11-05,2020110503009840,CBBL,32,14,100,"1,185.00","118,500.00"
2020-11-05,2020110503009748,CBBL,44,57,40,"1,183.00","47,320.00"
2020-11-05,2020110503010215,CFCL,45,28,10,168.00,"1,680.00"
2020-11-05,2020110503010019,CFCL,28,32,50,167.00,"8,350.00"
2020-11-05,2020110503009997,CFCL,17,32,950,167.00,"158,650.00"
2020-11-05,2020110503009935,CFCL,17,28,500,168.00,"84,000.00"
2020-11-05,2020110503009914,CFCL,17,32,50,167.00,"8,350.00"
2020-11-05,2020110503009867,CFCL,50,28,114,168.00,"19,152.00"
2020-11-05,2020110503009866,CFCL,50,6,186,168.00,"31,248.00"
2020-11-05,2020110503009990,CIT,19,45,21,"3,757.00","78,897.00"
2020-11-05,2020110503009982,CIT,1,45,52,"3,757.00","195,364.00"
2020-11-05,2020110503009940,CIT,1,6,28,"3,757.00","105,196.00"
2020-11-05,2020110503009836,CIT,42,11,15,"3,762.00","56,430.00"
2020-11-05,2020110503009835,CIT,42,22,10,"3,760.00","37,600.00"
2020-11-05,2020110503009743,CIT,58,46,100,"3,760.00","376,000.00"
2020-11-05,2020110503010104,DDBL,40,33,100,971.00,"97,100.00"
2020-11-05,2020110503010080,DDBL,47,50,50,972.00,"48,600.00"
2020-11-05,2020110503010079,DDBL,47,42,50,972.00,"48,600.00"
2020-11-05,2020110503010078,DDBL,40,39,100,971.00,"97,100.00"
2020-11-05,2020110503010043,DDBL,40,42,200,971.00,"194,200.00"
2020-11-05,2020110503010038,DDBL,47,42,100,971.00,"97,100.00"
2020-11-05,2020110503009785,DDBL,47,42,100,972.00,"97,200.00"
2020-11-05,2020110503009767,DDBL,47,42,50,972.00,"48,600.00"
2020-11-05,2020110503009766,DDBL,47,55,50,971.00,"48,550.00"
2020-11-05,2020110503009984,DDBL,43,42,100,972.00,"97,200.00"
2020-11-05,2020110503009983,DDBL,43,38,900,971.00,"873,900.00"
2020-11-05,2020110503009958,DDBL,47,38,100,971.00,"97,100.00"
2020-11-05,2020110503009913,DDBL,47,19,100,970.00,"97,000.00"
2020-11-05,2020110503009879,DDBL,47,19,100,970.00,"97,000.00"
2020-11-05,2020110503009843,DDBL,47,42,100,972.00,"97,200.00"
2020-11-05,2020110503009775,EDBL,25,37,10,319.00,"3,190.00"
2020-11-05,2020110503009774,EDBL,25,25,76,318.00,"24,168.00"
2020-11-05,2020110503010224,FMDBL,43,42,154,609.00,"93,786.00"
2020-11-05,2020110503010223,FMDBL,43,33,240,609.00,"146,160.00"
2020-11-05,2020110503010222,FMDBL,43,34,100,609.00,"60,900.00"
2020-11-05,2020110503010221,FMDBL,43,52,200,608.00,"121,600.00"
2020-11-05,2020110503010220,FMDBL,43,42,120,608.00,"72,960.00"
2020-11-05,2020110503010219,FMDBL,43,43,30,608.00,"18,240.00"
2020-11-05,2020110503010040,FMDBL,38,52,50,607.00,"30,350.00"
2020-11-05,2020110503010039,FMDBL,42,52,82,607.00,"49,774.00"
2020-11-05,2020110503009893,FMDBL,42,1,100,607.00,"60,700.00"
2020-11-05,2020110503010218,FMDBL,43,17,96,608.00,"58,368.00"
2020-11-05,2020110503010217,FMDBL,43,42,60,608.00,"36,480.00"
2020-11-05,2020110503010196,FMDBL,4,42,70,607.00,"42,490.00"
2020-11-05,2020110503010073,FMDBL,4,25,50,607.00,"30,350.00"
2020-11-05,2020110503010042,FMDBL,55,42,100,608.00,"60,800.00"
2020-11-05,2020110503010041,FMDBL,4,52,68,607.00,"41,276.00"
2020-11-05,2020110503010008,GBBL,19,21,232,266.00,"61,712.00"
2020-11-05,2020110503009939,GBBL,41,14,100,267.00,"26,700.00"
2020-11-05,2020110503009829,GBBL,57,14,175,267.00,"46,725.00"
2020-11-05,2020110503009816,GBBL,19,35,231,266.00,"61,446.00"
2020-11-05,2020110503009815,GBBL,4,35,968,266.00,"257,488.00"
2020-11-05,2020110503009781,GBBL,4,11,32,266.00,"8,512.00"
2020-11-05,2020110503009780,GBBL,1,11,68,266.00,"18,088.00"
2020-11-05,2020110503009747,GBBL,34,14,10,267.00,"2,670.00"
2020-11-05,2020110503010077,GBLBS,57,51,100,545.00,"54,500.00"
2020-11-05,2020110503010075,GBLBS,57,21,10,545.00,"5,450.00"
2020-11-05,2020110503009938,GBLBS,38,57,50,542.00,"27,100.00"
2020-11-05,2020110503009937,GBLBS,36,57,25,542.00,"13,550.00"
2020-11-05,2020110503009936,GBLBS,17,57,50,542.00,"27,100.00"
2020-11-05,2020110503010209,GFCL,52,38,90,197.00,"17,730.00"
2020-11-05,2020110503010208,GFCL,28,38,100,197.00,"19,700.00"
2020-11-05,2020110503010207,GFCL,1,38,110,197.00,"21,670.00"
2020-11-05,2020110503009849,GFCL,1,26,90,197.00,"17,730.00"
2020-11-05,2020110503009848,GFCL,1,26,300,197.00,"59,100.00"
2020-11-05,2020110503009847,GFCL,19,26,110,197.00,"21,670.00"
2020-11-05,2020110503009884,GILB,44,44,10,"1,327.00","13,270.00"
2020-11-05,2020110503009883,GILB,44,19,23,"1,326.00","30,498.00"
2020-11-05,2020110503009856,GILB,36,19,27,"1,326.00","35,802.00"
2020-11-05,2020110503009855,GILB,36,47,40,"1,325.00","53,000.00"
2020-11-05,2020110503009830,GILB,58,47,17,"1,325.00","22,525.00"
2020-11-05,2020110503010200,GLICL,49,1,600,587.00,"352,200.00"
2020-11-05,2020110503010198,GLICL,49,29,280,587.00,"164,360.00"
2020-11-05,2020110503010197,GLICL,52,29,20,587.00,"11,740.00"
2020-11-05,2020110503010094,GLICL,4,17,100,587.00,"58,700.00"
2020-11-05,2020110503010057,GLICL,59,48,150,588.00,"88,200.00"
2020-11-05,2020110503010018,GLICL,6,16,500,587.00,"293,500.00"
2020-11-05,2020110503009792,GLICL,11,17,100,587.00,"58,700.00"
2020-11-05,2020110503009791,GLICL,11,26,100,587.00,"58,700.00"
2020-11-05,2020110503009790,GLICL,11,22,158,587.00,"92,746.00"
2020-11-05,2020110503009789,GLICL,11,6,90,587.00,"52,830.00"
2020-11-05,2020110503009782,GLICL,32,53,591,586.00,"346,326.00"
2020-11-05,2020110503009742,GLICL,20,6,100,587.00,"58,700.00"
2020-11-05,2020110503009952,GLICL,53,51,100,587.00,"58,700.00"
2020-11-05,2020110503009892,GLICL,53,8,30,587.00,"17,610.00"
2020-11-05,2020110503009887,GLICL,21,8,100,587.00,"58,700.00"
2020-11-05,2020110503009853,GLICL,52,8,20,587.00,"11,740.00"
2020-11-05,2020110503009823,GLICL,37,42,100,587.00,"58,700.00"
2020-11-05,2020110503009817,GLICL,11,48,552,588.00,"324,576.00"
2020-11-05,2020110503010035,GMFBS,25,14,10,859.00,"8,590.00"
2020-11-05,2020110503010034,GMFBS,25,58,10,856.00,"8,560.00"
2020-11-05,2020110503010214,GMFIL,38,34,30,182.00,"5,460.00"
2020-11-05,2020110503010213,GMFIL,38,39,170,181.00,"30,770.00"
2020-11-05,2020110503009933,GMFIL,57,39,100,181.00,"18,100.00"
2020-11-05,2020110503009870,GMFIL,58,39,30,181.00,"5,430.00"
2020-11-05,2020110503010020,GRDBL,58,4,"1,000",154.00,"154,000.00"
2020-11-05,2020110503009800,GRDBL,10,38,175,154.00,"26,950.00"
2020-11-05,2020110503010111,GUFL,25,28,341,170.00,"57,970.00"
2020-11-05,2020110503010110,GUFL,25,35,50,170.00,"8,500.00"
2020-11-05,2020110503010051,GUFL,25,25,491,169.00,"82,979.00"
2020-11-05,2020110503010050,GUFL,25,44,"2,000",169.00,"338,000.00"
2020-11-05,2020110503010049,GUFL,25,5,500,169.00,"84,500.00"
2020-11-05,2020110503010048,GUFL,25,35,50,169.00,"8,450.00"
2020-11-05,2020110503009779,GUFL,25,1,250,167.00,"41,750.00"
2020-11-05,2020110503010047,GUFL,25,44,"1,265",169.00,"213,785.00"
2020-11-05,2020110503010046,GUFL,25,56,400,168.00,"67,200.00"
2020-11-05,2020110503010045,GUFL,25,58,230,168.00,"38,640.00"
2020-11-05,2020110503010024,GUFL,42,58,10,168.00,"1,680.00"
2020-11-05,2020110503010023,GUFL,42,33,40,168.00,"6,720.00"
2020-11-05,2020110503009783,GUFL,45,33,10,168.00,"1,680.00"
2020-11-05,2020110503010088,HIDCL,53,6,371,235.00,"87,185.00"
2020-11-05,2020110503010087,HIDCL,48,6,"1,000",235.00,"235,000.00"
2020-11-05,2020110503010086,HIDCL,51,6,"2,000",235.00,"470,000.00"
2020-11-05,2020110503010085,HIDCL,16,6,500,236.00,"118,000.00"
2020-11-05,2020110503010084,HIDCL,33,6,"1,000",236.00,"236,000.00"
2020-11-05,2020110503010083,HIDCL,35,6,129,236.00,"30,444.00"
2020-11-05,2020110503009745,HIDCL,33,58,913,236.00,"215,468.00"
2020-11-05,2020110503009946,HIDCL,26,57,252,236.00,"59,472.00"
2020-11-05,2020110503009888,HIDCL,58,57,100,237.00,"23,700.00"
2020-11-05,2020110503009875,HIDCL,42,25,735,236.00,"173,460.00"
2020-11-05,2020110503009794,HIDCL,36,46,419,236.00,"98,884.00"
2020-11-05,2020110503009793,HIDCL,36,58,992,236.00,"234,112.00"
2020-11-05,2020110503009765,HIDCL,57,58,95,236.00,"22,420.00"
2020-11-05,2020110503009999,HIDCL,34,36,571,237.00,"135,327.00"
2020-11-05,2020110503009951,HIDCL,22,36,429,237.00,"101,673.00"
2020-11-05,2020110503009950,HIDCL,22,13,400,237.00,"94,800.00"
2020-11-05,2020110503009949,HIDCL,22,58,200,237.00,"47,400.00"
2020-11-05,2020110503009948,HIDCL,22,33,"1,000",237.00,"237,000.00"
2020-11-05,2020110503009947,HIDCL,22,57,"1,971",237.00,"467,127.00"
2020-11-05,2020110503010017,HIDCL,35,25,371,236.00,"87,556.00"
2020-11-05,2020110503010016,HIDCL,52,25,180,236.00,"42,480.00"
2020-11-05,2020110503010015,HIDCL,26,25,48,236.00,"11,328.00"
2020-11-05,2020110503010014,HIDCL,34,25,129,237.00,"30,573.00"
2020-11-05,2020110503010001,HIDCL,34,39,"1,000",237.00,"237,000.00"
2020-11-05,2020110503010000,HIDCL,34,38,300,237.00,"71,100.00"
2020-11-05,2020110503010225,ICFC,47,45,65,309.00,"20,085.00"
2020-11-05,2020110503009957,ICFC,41,45,300,309.00,"92,700.00"
2020-11-05,2020110503009956,ICFC,25,45,"1,000",309.00,"309,000.00"
2020-11-05,2020110503009955,ICFC,58,45,500,309.00,"154,500.00"
2020-11-05,2020110503009954,ICFC,59,45,135,309.00,"41,715.00"
2020-11-05,2020110503009886,ICFC,33,34,80,313.00,"25,040.00"
