Date,Transact. No.,Symbol,Buyer,Seller,Quantity,Rate,Amount
2019-06-04,2019060401009788,ADBL,3,45,50,416.00,"20,800.00"
2019-06-04,2019060401009725,ADBL,49,57,19,416.00,"7,904.00"
2019-06-04,2019060401009705,ADBL,45,46,453,415.00,"187,995.00"
2019-06-04,2019060401009704,ADBL,49,46,547,415.00,"227,005.00"
2019-06-04,2019060401009535,ADBL,49,51,200,415.00,"83,000.00"
2019-06-04,2019060401009739,ALBSL,14,38,200,438.00,"87,600.00"
2019-06-04,2019060401009836,ALICL,40,52,173,406.00,"70,238.00"
2019-06-04,2019060401009457,ALICL,40,57,164,406.00,"66,584.00"
2019-06-04,2019060401009591,AMFI,45,48,20,529.00,"10,580.00"
2019-06-04,2019060401009890,API,25,42,10,152.00,"1,520.00"
2019-06-04,2019060401009889,API,25,42,28,151.00,"4,228.00"
2019-06-04,2019060401009660,API,42,42,172,151.00,"25,972.00"
2019-06-04,2019060401009594,API,25,42,14,152.00,"2,128.00"
2019-06-04,2019060401009548,API,42,17,14,151.00,"2,114.00"
2019-06-04,2019060401009894,BARUN,40,40,10,96.00,960.00
2019-06-04,2019060401009920,BFC,41,48,30,104.00,"3,120.00"
2019-06-04,2019060401009878,BOKL,7,6,31,268.00,"8,308.00"
2019-06-04,2019060401009828,BOKL,40,29,932,269.00,"250,708.00"
2019-06-04,2019060401009827,BOKL,40,13,240,269.00,"64,560.00"
2019-06-04,2019060401009693,BOKL,40,40,328,267.00,"87,576.00"
2019-06-04,2019060401009692,BOKL,16,40,226,267.00,"60,342.00"
2019-06-04,2019060401009810,BPCL,59,34,211,411.00,"86,721.00"
2019-06-04,2019060401009809,BPCL,1,34,489,411.00,"200,979.00"
2019-06-04,2019060401009808,BPCL,33,8,10,414.00,"4,140.00"
2019-06-04,2019060401009649,BPCL,1,41,11,411.00,"4,521.00"
2019-06-04,2019060401009561,BPCL,36,5,411,411.00,"168,921.00"
2019-06-04,2019060401009560,BPCL,21,5,89,412.00,"36,668.00"
2019-06-04,2019060401009756,CBBL,51,57,350,942.00,"329,700.00"
2019-06-04,2019060401009755,CBBL,21,57,100,943.00,"94,300.00"
2019-06-04,2019060401009588,CBBL,49,49,50,945.00,"47,250.00"
2019-06-04,2019060401009699,CBL,43,41,10,147.00,"1,470.00"
2019-06-04,2019060401009645,CCBL,48,40,87,166.00,"14,442.00"
2019-06-04,2019060401009644,CCBL,51,40,319,166.00,"52,954.00"
2019-06-04,2019060401009924,CHCL,56,42,67,521.00,"34,907.00"
2019-06-04,2019060401009912,CHCL,56,21,55,524.00,"28,820.00"
2019-06-04,2019060401009687,CHCL,56,50,235,521.00,"122,435.00"
2019-06-04,2019060401009686,CHCL,10,50,765,521.00,"398,565.00"
2019-06-04,2019060401009633,CHCL,10,50,735,521.00,"382,935.00"
2019-06-04,2019060401009632,CHCL,54,50,300,521.00,"156,300.00"
2019-06-04,2019060401009631,CHCL,29,50,100,522.00,"52,200.00"
2019-06-04,2019060401009630,CHCL,6,50,200,522.00,"104,400.00"
2019-06-04,2019060401009629,CHCL,56,50,349,522.00,"182,178.00"
2019-06-04,2019060401009610,CHCL,10,21,500,524.00,"262,000.00"
2019-06-04,2019060401009839,CLBSL,54,5,10,552.00,"5,520.00"
2019-06-04,2019060401009901,CZBIL,8,43,197,223.00,"43,931.00"
2019-06-04,2019060401009900,CZBIL,34,43,"2,980",223.00,"664,540.00"
2019-06-04,2019060401009617,CZBIL,45,43,49,224.00,"10,976.00"
2019-06-04,2019060401009616,CZBIL,51,43,100,224.00,"22,400.00"
2019-06-04,2019060401009615,CZBIL,46,43,100,224.00,"22,400.00"
2019-06-04,2019060401009614,CZBIL,1,43,100,224.00,"22,400.00"
2019-06-04,2019060401009613,CZBIL,34,43,670,224.00,"150,080.00"
2019-06-04,2019060401009612,CZBIL,43,43,243,224.00,"54,432.00"
2019-06-04,2019060401009467,EBL,34,36,69,666.00,"45,954.00"
2019-06-04,2019060401009671,EIC,54,43,40,399.00,"15,960.00"
2019-06-04,2019060401009670,EIC,54,43,10,399.00,"3,990.00"
2019-06-04,2019060401009531,EIC,46,6,92,397.00,"36,524.00"
2019-06-04,2019060401009530,EIC,7,6,40,397.00,"15,880.00"
2019-06-04,2019060401009793,FMDBL,59,41,238,392.00,"93,296.00"
2019-06-04,2019060401009792,FMDBL,59,41,30,392.00,"11,760.00"
2019-06-04,2019060401009737,GBBL,1,43,100,223.00,"22,300.00"
2019-06-04,2019060401009736,GBBL,22,43,570,223.00,"127,110.00"
2019-06-04,2019060401009654,GBIME,16,11,287,304.00,"87,248.00"
2019-06-04,2019060401009590,GBIME,17,11,378,304.00,"114,912.00"
2019-06-04,2019060401009464,GBIME,17,45,12,304.00,"3,648.00"
2019-06-04,2019060401009875,GBLBS,16,41,10,367.00,"3,670.00"
2019-06-04,2019060401009661,GBLBS,49,41,10,364.00,"3,640.00"
2019-06-04,2019060401009917,GDBL,46,19,"1,000",215.00,"215,000.00"
2019-06-04,2019060401009916,GDBL,46,17,250,215.00,"53,750.00"
2019-06-04,2019060401009915,GDBL,46,42,41,215.00,"8,815.00"
2019-06-04,2019060401009744,GDBL,46,19,500,214.00,"107,000.00"
2019-06-04,2019060401009648,GMFIL,58,43,20,133.00,"2,660.00"
2019-06-04,2019060401009490,GMFIL,58,43,20,131.00,"2,620.00"
2019-06-04,2019060401009657,GRDBL,29,41,155,115.00,"17,825.00"
2019-06-04,2019060401009656,GRDBL,29,59,400,115.00,"46,000.00"
2019-06-04,2019060401009811,HBL,16,46,59,569.00,"33,571.00"
2019-06-04,2019060401009658,HBL,35,38,"2,500",571.00,"1,427,500.00"
2019-06-04,2019060401009869,HDL,17,6,10,"1,680.00","16,800.00"
2019-06-04,2019060401009914,HIDCL,52,51,411,162.00,"66,582.00"
2019-06-04,2019060401009913,HIDCL,52,42,89,162.00,"14,418.00"
2019-06-04,2019060401009820,HIDCL,49,49,7,161.00,"1,127.00"
2019-06-04,2019060401009818,HIDCL,5,42,500,162.00,"81,000.00"
2019-06-04,2019060401009797,HIDCL,28,56,29,161.00,"4,669.00"
2019-06-04,2019060401009684,HIDCL,29,42,200,162.00,"32,400.00"
2019-06-04,2019060401009682,HIDCL,28,41,61,161.00,"9,821.00"
2019-06-04,2019060401009628,HIDCL,56,42,200,162.00,"32,400.00"
2019-06-04,2019060401009627,HIDCL,1,42,11,162.00,"1,782.00"
2019-06-04,2019060401009696,HPPL,14,41,10,181.00,"1,810.00"
2019-06-04,2019060401009908,HURJA,52,42,300,149.00,"44,700.00"
2019-06-04,2019060401009907,HURJA,52,42,100,149.00,"14,900.00"
2019-06-04,2019060401009906,HURJA,35,42,500,149.00,"74,500.00"
2019-06-04,2019060401009905,HURJA,38,42,290,149.00,"43,210.00"
2019-06-04,2019060401009904,HURJA,52,42,100,150.00,"15,000.00"
2019-06-04,2019060401009903,HURJA,28,42,230,150.00,"34,500.00"
2019-06-04,2019060401009831,HURJA,6,42,100,151.00,"15,100.00"
2019-06-04,2019060401009923,JBBL,10,58,18,152.00,"2,736.00"
2019-06-04,2019060401009555,JBNL,34,6,135,208.00,"28,080.00"
2019-06-04,2019060401009497,JBNL,34,38,"1,000",208.00,"208,000.00"
2019-06-04,2019060401009837,JOSHI,36,11,10,88.00,880.00
2019-06-04,2019060401009711,JOSHI,36,6,20,88.00,"1,760.00"
2019-06-04,2019060401009689,JOSHI,54,11,10,89.00,890.00
2019-06-04,2019060401009650,JOSHI,54,11,20,89.00,"1,780.00"
2019-06-04,2019060401009593,JOSHI,54,11,10,89.00,890.00
2019-06-04,2019060401009549,JOSHI,54,11,20,89.00,"1,780.00"
2019-06-04,2019060401009926,KBBL,43,25,350,241.00,"84,350.00"
2019-06-04,2019060401009925,KBBL,39,25,100,242.00,"24,200.00"
2019-06-04,2019060401009864,KBBL,58,42,"3,000",245.00,"735,000.00"
2019-06-04,2019060401009863,KBBL,58,22,500,245.00,"122,500.00"
2019-06-04,2019060401009862,KBBL,58,39,100,245.00,"24,500.00"
2019-06-04,2019060401009861,KBBL,58,35,700,245.00,"171,500.00"
2019-06-04,2019060401009563,KBBL,43,16,130,242.00,"31,460.00"
2019-06-04,2019060401009842,KBBL,58,26,147,243.00,"35,721.00"
2019-06-04,2019060401009841,KBBL,58,35,700,243.00,"170,100.00"
2019-06-04,2019060401009652,KBBL,1,59,250,242.00,"60,500.00"
2019-06-04,2019060401009651,KBBL,1,48,267,242.00,"64,614.00"
2019-06-04,2019060401009565,KBBL,43,48,371,242.00,"89,782.00"
2019-06-04,2019060401009564,KBBL,43,51,500,242.00,"121,000.00"
2019-06-04,2019060401009848,KBBL,58,22,"1,000",243.00,"243,000.00"
2019-06-04,2019060401009847,KBBL,58,16,200,243.00,"48,600.00"
2019-06-04,2019060401009846,KBBL,58,3,100,243.00,"24,300.00"
2019-06-04,2019060401009845,KBBL,58,28,500,243.00,"121,500.00"
2019-06-04,2019060401009844,KBBL,58,1,"1,000",243.00,"243,000.00"
2019-06-04,2019060401009843,KBBL,58,50,200,243.00,"48,600.00"
2019-06-04,2019060401009854,KBBL,58,41,200,244.00,"48,800.00"
2019-06-04,2019060401009853,KBBL,58,41,200,244.00,"48,800.00"
2019-06-04,2019060401009852,KBBL,58,38,14,244.00,"3,416.00"
2019-06-04,2019060401009851,KBBL,58,10,350,244.00,"85,400.00"
2019-06-04,2019060401009850,KBBL,58,16,"1,000",244.00,"244,000.00"
2019-06-04,2019060401009849,KBBL,58,42,"10,000",243.00,"2,430,000.00"
2019-06-04,2019060401009860,KBBL,58,29,300,245.00,"73,500.00"
2019-06-04,2019060401009859,KBBL,58,50,500,245.00,"122,500.00"
2019-06-04,2019060401009858,KBBL,58,32,100,244.00,"24,400.00"
2019-06-04,2019060401009857,KBBL,58,41,300,244.00,"73,200.00"
2019-06-04,2019060401009856,KBBL,58,38,298,244.00,"72,712.00"
2019-06-04,2019060401009855,KBBL,58,53,"1,000",244.00,"244,000.00"
2019-06-04,2019060401009933,KNBL,57,39,"1,000",196.00,"196,000.00"
2019-06-04,2019060401009932,KNBL,57,56,"1,100",194.00,"213,400.00"
2019-06-04,2019060401009876,KNBL,57,17,122,195.00,"23,790.00"
2019-06-04,2019060401009745,KNBL,45,17,100,195.00,"19,500.00"
2019-06-04,2019060401009690,KNBL,57,17,778,195.00,"151,710.00"
2019-06-04,2019060401009665,KNBL,57,34,222,195.00,"43,290.00"
2019-06-04,2019060401009835,KRBL,33,41,101,117.00,"11,817.00"
2019-06-04,2019060401009834,KRBL,33,38,114,117.00,"13,338.00"
2019-06-04,2019060401009833,KRBL,33,57,271,116.00,"31,436.00"
2019-06-04,2019060401009832,KRBL,33,28,200,116.00,"23,200.00"
2019-06-04,2019060401009937,KSBBL,17,5,100,160.00,"16,000.00"
2019-06-04,2019060401009936,KSBBL,17,17,113,160.00,"18,080.00"
2019-06-04,2019060401009710,KSBBL,26,41,67,157.00,"10,519.00"
2019-06-04,2019060401009902,LBBL,59,7,10,199.00,"1,990.00"
2019-06-04,2019060401009583,LBBL,28,40,88,197.00,"17,336.00"
2019-06-04,2019060401009753,LBL,32,17,16,218.00,"3,488.00"
2019-06-04,2019060401009838,LGIL,49,42,10,490.00,"4,900.00"
2019-06-04,2019060401009622,LGIL,17,34,123,483.00,"59,409.00"
2019-06-04,2019060401009621,LGIL,48,34,147,483.00,"71,001.00"
2019-06-04,2019060401009620,LGIL,57,34,150,484.00,"72,600.00"
2019-06-04,2019060401009619,LGIL,35,34,30,485.00,"14,550.00"
2019-06-04,2019060401009618,LGIL,26,34,50,485.00,"24,250.00"
2019-06-04,2019060401009562,LGIL,26,50,40,485.00,"19,400.00"
2019-06-04,2019060401009571,LICN,14,59,500,"1,721.00","860,500.00"
2019-06-04,2019060401009570,LICN,8,59,100,"1,722.00","172,200.00"
2019-06-04,2019060401009569,LICN,28,59,100,"1,722.00","172,200.00"
2019-06-04,2019060401009568,LICN,14,59,30,"1,723.00","51,690.00"
2019-06-04,2019060401009473,LICN,14,28,80,"1,723.00","137,840.00"
2019-06-04,2019060401009472,LICN,56,28,20,"1,723.00","34,460.00"
2019-06-04,2019060401009466,LLBS,45,35,67,750.00,"50,250.00"
2019-06-04,2019060401009465,LLBS,45,37,18,749.00,"13,482.00"
2019-06-04,2019060401009909,MBL,20,25,70,267.00,"18,690.00"
2019-06-04,2019060401009723,MDB,26,26,646,236.00,"152,456.00"
2019-06-04,2019060401009722,MDB,21,26,100,237.00,"23,700.00"
2019-06-04,2019060401009721,MDB,8,26,100,238.00,"23,800.00"
2019-06-04,2019060401009720,MDB,16,26,50,238.00,"11,900.00"
2019-06-04,2019060401009667,MDB,57,26,"1,000",240.00,"240,000.00"
2019-06-04,2019060401009666,MDB,34,26,585,241.00,"140,985.00"
2019-06-04,2019060401009582,MDB,17,26,50,242.00,"12,100.00"
2019-06-04,2019060401009581,MDB,17,26,300,242.00,"72,600.00"
2019-06-04,2019060401009580,MDB,19,26,91,243.00,"22,113.00"
2019-06-04,2019060401009579,MDB,17,26,70,244.00,"17,080.00"
2019-06-04,2019060401009578,MDB,14,26,50,245.00,"12,250.00"
2019-06-04,2019060401009664,MEGA,43,59,10,202.00,"2,020.00"
2019-06-04,2019060401009577,MEGA,13,32,135,201.00,"27,135.00"
2019-06-04,2019060401009576,MEGA,44,34,72,200.00,"14,400.00"
2019-06-04,2019060401009575,MEGA,34,34,70,200.00,"14,000.00"
2019-06-04,2019060401009574,MEGA,44,34,500,200.00,"100,000.00"
2019-06-04,2019060401009573,MEGA,41,34,258,200.00,"51,600.00"
2019-06-04,2019060401009572,MEGA,39,34,100,201.00,"20,100.00"
2019-06-04,2019060401009513,MHNL,21,17,30,104.00,"3,120.00"
2019-06-04,2019060401009512,MHNL,21,43,30,104.00,"3,120.00"
2019-06-04,2019060401009545,MNBBL,32,29,98,371.00,"36,358.00"
2019-06-04,2019060401009544,MNBBL,53,29,100,371.00,"37,100.00"
2019-06-04,2019060401009919,NABILP,6,43,180,805.00,"144,900.00"
2019-06-04,2019060401009529,NADEP,37,42,50,452.00,"22,600.00"
2019-06-04,2019060401009928,NBB,57,34,100,223.00,"22,300.00"
2019-06-04,2019060401009868,NBB,17,34,30,222.00,"6,660.00"
2019-06-04,2019060401009867,NBB,17,34,200,222.00,"44,400.00"
2019-06-04,2019060401009866,NBB,17,34,200,222.00,"44,400.00"
2019-06-04,2019060401009865,NBB,17,34,70,222.00,"15,540.00"
2019-06-04,2019060401009623,NBB,26,34,195,223.00,"43,485.00"
2019-06-04,2019060401009592,NBB,26,5,200,223.00,"44,600.00"
2019-06-04,2019060401009463,NBB,26,53,500,223.00,"111,500.00"
2019-06-04,2019060401009462,NBB,26,58,105,223.00,"23,415.00"
2019-06-04,2019060401009883,NBL,53,48,300,330.00,"99,000.00"
2019-06-04,2019060401009882,NBL,53,51,"1,000",330.00,"330,000.00"
2019-06-04,2019060401009881,NBL,53,17,100,330.00,"33,000.00"
2019-06-04,2019060401009880,NBL,53,39,"1,288",330.00,"425,040.00"
2019-06-04,2019060401009879,NBL,53,39,20,330.00,"6,600.00"
2019-06-04,2019060401009746,NBL,45,47,399,329.00,"131,271.00"
2019-06-04,2019060401009459,NBL,5,34,816,329.00,"268,464.00"
2019-06-04,2019060401009458,NBL,16,34,184,329.00,"60,536.00"
2019-06-04,2019060401009485,NBL,54,47,200,329.00,"65,800.00"
2019-06-04,2019060401009484,NBL,35,47,30,329.00,"9,870.00"
2019-06-04,2019060401009483,NBL,39,47,100,329.00,"32,900.00"
2019-06-04,2019060401009482,NBL,39,47,"1,000",329.00,"329,000.00"
2019-06-04,2019060401009481,NBL,5,47,"1,000",329.00,"329,000.00"
2019-06-04,2019060401009480,NBL,5,47,184,329.00,"60,536.00"
2019-06-04,2019060401009542,NBL,49,34,14,329.00,"4,606.00"
2019-06-04,2019060401009509,NBL,49,19,"1,000",329.00,"329,000.00"
2019-06-04,2019060401009489,NBL,49,47,486,329.00,"159,894.00"
2019-06-04,2019060401009488,NBL,28,47,"1,000",329.00,"329,000.00"
2019-06-04,2019060401009487,NBL,6,47,500,329.00,"164,500.00"
2019-06-04,2019060401009486,NBL,49,47,500,329.00,"164,500.00"
2019-06-04,2019060401009679,NBL,28,47,59,329.00,"19,411.00"
2019-06-04,2019060401009673,NBL,45,19,"1,000",328.00,"328,000.00"
2019-06-04,2019060401009589,NBL,21,47,500,329.00,"164,500.00"
2019-06-04,2019060401009567,NBL,46,47,214,329.00,"70,406.00"
2019-06-04,2019060401009566,NBL,46,34,786,329.00,"258,594.00"
2019-06-04,2019060401009543,NBL,51,34,200,329.00,"65,800.00"
2019-06-04,2019060401009743,NBL,53,47,300,329.00,"98,700.00"
2019-06-04,2019060401009740,NBL,42,47,200,329.00,"65,800.00"
2019-06-04,2019060401009726,NBL,7,47,500,329.00,"164,500.00"
2019-06-04,2019060401009688,NBL,45,47,60,329.00,"19,740.00"
2019-06-04,2019060401009681,NBL,28,47,"3,641",329.00,"1,197,889.00"
2019-06-04,2019060401009680,NBL,28,25,300,329.00,"98,700.00"
2019-06-04,2019060401009892,NCCB,33,44,100,259.00,"25,900.00"
2019-06-04,2019060401009891,NCCB,33,57,100,258.00,"25,800.00"
2019-06-04,2019060401009814,NCCB,1,57,100,258.00,"25,800.00"
2019-06-04,2019060401009719,NCCB,7,35,228,257.00,"58,596.00"
2019-06-04,2019060401009718,NCCB,45,35,"1,000",257.00,"257,000.00"
2019-06-04,2019060401009717,NCCB,22,35,673,257.00,"172,961.00"
2019-06-04,2019060401009460,NCCB,22,17,14,257.00,"3,598.00"
2019-06-04,2019060401009716,NCCB,46,35,200,258.00,"51,600.00"
2019-06-04,2019060401009715,NCCB,41,35,"1,000",258.00,"258,000.00"
2019-06-04,2019060401009714,NCCB,19,35,99,258.00,"25,542.00"
2019-06-04,2019060401009611,NCCB,52,44,200,259.00,"51,800.00"
2019-06-04,2019060401009539,NCCB,19,41,350,258.00,"90,300.00"
2019-06-04,2019060401009538,NCCB,19,42,551,258.00,"142,158.00"
2019-06-04,2019060401009930,NEF,25,17,250,8.42,"2,105.00"
2019-06-04,2019060401009461,NEF,57,17,200,8.50,"1,700.00"
2019-06-04,2019060401009796,NIB,42,41,591,532.00,"314,412.00"
2019-06-04,2019060401009701,NIB,16,8,33,533.00,"17,589.00"
2019-06-04,2019060401009700,NIB,16,42,17,533.00,"9,061.00"
2019-06-04,2019060401009479,NIB,42,13,100,532.00,"53,200.00"
2019-06-04,2019060401009939,NICA,25,35,"1,000",470.00,"470,000.00"
2019-06-04,2019060401009938,NICA,25,25,100,470.00,"47,000.00"
2019-06-04,2019060401009877,NICA,54,25,100,470.00,"47,000.00"
2019-06-04,2019060401009655,NICA,5,58,60,470.00,"28,200.00"
2019-06-04,2019060401009471,NICA,32,17,135,469.00,"63,315.00"
2019-06-04,2019060401009757,NICL,47,44,100,388.00,"38,800.00"
2019-06-04,2019060401009787,NIL,20,38,"1,840",500.00,"920,000.00"
2019-06-04,2019060401009786,NIL,14,38,100,500.00,"50,000.00"
2019-06-04,2019060401009761,NIL,43,38,100,503.00,"50,300.00"
2019-06-04,2019060401009760,NIL,7,38,50,503.00,"25,150.00"
2019-06-04,2019060401009713,NIL,29,50,50,504.00,"25,200.00"
2019-06-04,2019060401009712,NIL,14,50,14,504.00,"7,056.00"
2019-06-04,2019060401009496,NIL,35,50,20,505.00,"10,100.00"
2019-06-04,2019060401009767,NIL,22,38,50,503.00,"25,150.00"
2019-06-04,2019060401009766,NIL,25,38,20,503.00,"10,060.00"
2019-06-04,2019060401009765,NIL,57,38,500,503.00,"251,500.00"
2019-06-04,2019060401009764,NIL,43,38,150,503.00,"75,450.00"
2019-06-04,2019060401009763,NIL,56,38,20,503.00,"10,060.00"
2019-06-04,2019060401009762,NIL,43,38,100,503.00,"50,300.00"
2019-06-04,2019060401009773,NIL,43,38,80,502.00,"40,160.00"
2019-06-04,2019060401009772,NIL,43,38,100,502.00,"50,200.00"
2019-06-04,2019060401009771,NIL,43,38,100,502.00,"50,200.00"
2019-06-04,2019060401009770,NIL,43,38,100,502.00,"50,200.00"
2019-06-04,2019060401009769,NIL,22,38,500,502.00,"251,000.00"
2019-06-04,2019060401009768,NIL,42,38,500,503.00,"251,500.00"
2019-06-04,2019060401009779,NIL,55,38,500,501.00,"250,500.00"
2019-06-04,2019060401009778,NIL,43,38,50,501.00,"25,050.00"
2019-06-04,2019060401009777,NIL,42,38,100,501.00,"50,100.00"
2019-06-04,2019060401009776,NIL,6,38,100,502.00,"50,200.00"
2019-06-04,2019060401009775,NIL,43,38,50,502.00,"25,100.00"
2019-06-04,2019060401009774,NIL,43,38,50,502.00,"25,100.00"
2019-06-04,2019060401009785,NIL,32,38,50,500.00,"25,000.00"
2019-06-04,2019060401009784,NIL,53,38,"1,000",500.00,"500,000.00"
2019-06-04,2019060401009783,NIL,51,38,100,500.00,"50,000.00"
2019-06-04,2019060401009782,NIL,51,38,100,500.00,"50,000.00"
2019-06-04,2019060401009781,NIL,40,38,500,501.00,"250,500.00"
2019-06-04,2019060401009780,NIL,25,38,90,501.00,"45,090.00"
2019-06-04,2019060401009801,NLG,13,1,23,798.00,"18,354.00"
2019-06-04,2019060401009921,NLIC,21,7,17,924.00,"15,708.00"
2019-06-04,2019060401009557,NLIC,56,33,111,915.00,"101,565.00"
2019-06-04,2019060401009491,NLIC,19,33,30,916.00,"27,480.00"
2019-06-04,2019060401009741,NLICL,43,5,10,645.00,"6,450.00"
2019-06-04,2019060401009708,NLICL,49,5,10,645.00,"6,450.00"
2019-06-04,2019060401009707,NLICL,49,32,18,638.00,"11,484.00"
2019-06-04,2019060401009683,NLICL,28,48,670,634.00,"424,780.00"
2019-06-04,2019060401009635,NLICL,49,48,12,634.00,"7,608.00"
2019-06-04,2019060401009672,NMFBS,33,29,20,"1,530.00","30,600.00"
2019-06-04,2019060401009494,NNLB,58,25,26,397.00,"10,322.00"
2019-06-04,2019060401009493,NNLB,34,25,100,397.00,"39,700.00"
2019-06-04,2019060401009643,NTC,43,52,10,710.00,"7,100.00"
2019-06-04,2019060401009927,PCBL,20,39,200,302.00,"60,400.00"
2019-06-04,2019060401009812,PCBL,17,45,10,304.00,"3,040.00"
2019-06-04,2019060401009698,PCBL,20,39,136,302.00,"41,072.00"
2019-06-04,2019060401009697,PCBL,20,39,543,302.00,"163,986.00"
2019-06-04,2019060401009506,PCBL,20,17,57,302.00,"17,214.00"
2019-06-04,2019060401009505,PCBL,40,17,29,303.00,"8,787.00"
2019-06-04,2019060401009653,PFL,40,40,6,138.00,828.00
2019-06-04,2019060401009558,PFL,40,40,20,138.00,"2,760.00"
2019-06-04,2019060401009802,PIC,17,40,150,"1,129.00","169,350.00"
2019-06-04,2019060401009759,PIC,40,40,11,"1,132.00","12,452.00"
2019-06-04,2019060401009738,PIC,17,41,11,"1,129.00","12,419.00"
2019-06-04,2019060401009735,PIC,17,33,95,"1,129.00","107,255.00"
2019-06-04,2019060401009734,PIC,22,33,10,"1,130.00","11,300.00"
2019-06-04,2019060401009733,PIC,6,33,10,"1,130.00","11,300.00"
2019-06-04,2019060401009732,PIC,42,33,25,"1,130.00","28,250.00"
2019-06-04,2019060401009731,PIC,16,33,50,"1,131.00","56,550.00"
2019-06-04,2019060401009662,PIC,16,26,50,"1,131.00","56,550.00"
2019-06-04,2019060401009931,PLIC,48,38,10,460.00,"4,600.00"
2019-06-04,2019060401009587,PLIC,57,45,100,453.00,"45,300.00"
2019-06-04,2019060401009586,PLIC,44,45,200,454.00,"90,800.00"
2019-06-04,2019060401009537,PLIC,4,45,100,455.00,"45,500.00"
2019-06-04,2019060401009536,PLIC,10,45,100,455.00,"45,500.00"
2019-06-04,2019060401009609,PMHPL,17,40,20,109.00,"2,180.00"
2019-06-04,2019060401009608,PMHPL,17,34,10,109.00,"1,090.00"
2019-06-04,2019060401009607,PMHPL,17,34,10,109.00,"1,090.00"
2019-06-04,2019060401009606,PMHPL,17,28,10,108.00,"1,080.00"
2019-06-04,2019060401009605,PMHPL,17,28,10,108.00,"1,080.00"
2019-06-04,2019060401009604,PMHPL,17,28,10,108.00,"1,080.00"
2019-06-04,2019060401009603,PMHPL,17,28,10,108.00,"1,080.00"
2019-06-04,2019060401009602,PMHPL,17,6,10,108.00,"1,080.00"
2019-06-04,2019060401009601,PMHPL,17,49,10,108.00,"1,080.00"
2019-06-04,2019060401009599,PMHPL,10,51,10,107.00,"1,070.00"
2019-06-04,2019060401009534,PMHPL,10,17,10,107.00,"1,070.00"
2019-06-04,2019060401009918,PPCL,25,41,10,137.00,"1,370.00"
2019-06-04,2019060401009824,PPCL,45,21,30,135.00,"4,050.00"
2019-06-04,2019060401009823,PPCL,45,56,10,131.00,"1,310.00"
2019-06-04,2019060401009822,PPCL,45,45,10,129.00,"1,290.00"
2019-06-04,2019060401009742,PPCL,54,4,10,126.00,"1,260.00"
2019-06-04,2019060401009706,PPCL,4,4,10,127.00,"1,270.00"
2019-06-04,2019060401009476,PPCL,45,40,20,131.00,"2,620.00"
2019-06-04,2019060401009475,PPCL,45,11,30,131.00,"3,930.00"
2019-06-04,2019060401009474,PPCL,45,11,30,130.00,"3,900.00"
2019-06-04,2019060401009450,PPCL,54,4,10,126.00,"1,260.00"
2019-06-04,2019060401009449,PPCL,3,4,100,127.00,"12,700.00"
2019-06-04,2019060401009663,PPCL,4,4,10,129.00,"1,290.00"
2019-06-04,2019060401009642,PPCL,4,4,10,131.00,"1,310.00"
2019-06-04,2019060401009559,PPCL,3,49,10,133.00,"1,330.00"
2019-06-04,2019060401009547,PPCL,3,4,10,133.00,"1,330.00"
2019-06-04,2019060401009452,PRIN,36,28,301,402.00,"121,002.00"
2019-06-04,2019060401009893,PRVU,25,32,600,274.00,"164,400.00"
2019-06-04,2019060401009830,PRVU,45,32,838,274.00,"229,612.00"
2019-06-04,2019060401009829,PRVU,45,33,162,274.00,"44,388.00"
2019-06-04,2019060401009541,PRVU,13,40,271,273.00,"73,983.00"
2019-06-04,2019060401009540,PRVU,46,40,22,273.00,"6,006.00"
2019-06-04,2019060401009495,PRVU,18,33,50,274.00,"13,700.00"
2019-06-04,2019060401009469,PRVU,58,33,288,274.00,"78,912.00"
2019-06-04,2019060401009468,PRVU,58,33,212,274.00,"58,088.00"
2019-06-04,2019060401009637,PRVU,5,44,100,273.00,"27,300.00"
2019-06-04,2019060401009636,PRVU,13,44,204,273.00,"55,692.00"
2019-06-04,2019060401009598,PRVU,32,33,838,274.00,"229,612.00"
2019-06-04,2019060401009597,PRVU,32,33,500,274.00,"137,000.00"
2019-06-04,2019060401009596,PRVU,32,33,662,274.00,"181,388.00"
2019-06-04,2019060401009556,PRVU,13,17,25,273.00,"6,825.00"
2019-06-04,2019060401009758,PRVU,49,33,800,274.00,"219,200.00"
2019-06-04,2019060401009641,PRVU,29,33,200,274.00,"54,800.00"
2019-06-04,2019060401009640,PRVU,39,44,596,273.00,"162,708.00"
2019-06-04,2019060401009639,PRVU,28,44,"1,000",273.00,"273,000.00"
2019-06-04,2019060401009638,PRVU,5,44,100,273.00,"27,300.00"
2019-06-04,2019060401009659,RADHI,21,58,25,163.00,"4,075.00"
2019-06-04,2019060401009790,RBCL,55,39,15,"10,400.00","156,000.00"
2019-06-04,2019060401009685,RBCL,42,39,15,"10,500.00","157,500.00"
2019-06-04,2019060401009817,RBCLPO,25,33,10,"9,540.00","95,400.00"
2019-06-04,2019060401009669,RBCLPO,34,33,20,"9,450.00","189,000.00"
2019-06-04,2019060401009898,RMDC,6,41,10,657.00,"6,570.00"
2019-06-04,2019060401009897,RMDC,6,42,100,655.00,"65,500.00"
2019-06-04,2019060401009896,RMDC,6,49,100,655.00,"65,500.00"
2019-06-04,2019060401009895,RMDC,6,49,100,652.00,"65,200.00"
2019-06-04,2019060401009554,RMDC,6,49,220,646.00,"142,120.00"
2019-06-04,2019060401009553,RMDC,17,49,100,646.00,"64,600.00"
2019-06-04,2019060401009455,RMDC,17,49,100,646.00,"64,600.00"
2019-06-04,2019060401009454,RMDC,28,49,100,646.00,"64,600.00"
2019-06-04,2019060401009453,RMDC,10,49,100,646.00,"64,600.00"
2019-06-04,2019060401009789,RRHP,25,41,10,106.00,"1,060.00"
2019-06-04,2019060401009647,RRHP,25,17,10,106.00,"1,060.00"
2019-06-04,2019060401009533,SADBL,57,40,20,152.00,"3,040.00"
2019-06-04,2019060401009752,SANIMA,19,29,10,353.00,"3,530.00"
2019-06-04,2019060401009552,SANIMA,56,41,500,352.00,"176,000.00"
2019-06-04,2019060401009899,SCB,21,19,100,679.00,"67,900.00"
2019-06-04,2019060401009754,SCB,36,43,308,678.00,"208,824.00"
2019-06-04,2019060401009807,SHINE,6,20,12,259.00,"3,108.00"
2019-06-04,2019060401009806,SHINE,6,16,121,258.00,"31,218.00"
2019-06-04,2019060401009805,SHINE,6,26,100,256.00,"25,600.00"
2019-06-04,2019060401009804,SHINE,6,48,85,255.00,"21,675.00"
2019-06-04,2019060401009803,SHINE,6,33,82,255.00,"20,910.00"
2019-06-04,2019060401009730,SHINE,6,33,228,255.00,"58,140.00"
2019-06-04,2019060401009729,SHINE,6,14,51,254.00,"12,954.00"
2019-06-04,2019060401009728,SHINE,6,40,500,254.00,"127,000.00"
2019-06-04,2019060401009727,SHINE,6,45,221,254.00,"56,134.00"
2019-06-04,2019060401009510,SHINE,6,21,235,252.00,"59,220.00"
2019-06-04,2019060401009934,SHIVM,26,6,100,675.00,"67,500.00"
2019-06-04,2019060401009911,SHIVM,32,38,50,677.00,"33,850.00"
2019-06-04,2019060401009910,SHIVM,32,16,50,675.00,"33,750.00"
2019-06-04,2019060401009888,SHIVM,7,16,50,670.00,"33,500.00"
2019-06-04,2019060401009887,SHIVM,58,16,300,670.00,"201,000.00"
2019-06-04,2019060401009886,SHIVM,7,16,150,670.00,"100,500.00"
2019-06-04,2019060401009511,SHIVM,7,34,665,671.00,"446,215.00"
2019-06-04,2019060401009477,SHIVM,39,34,20,671.00,"13,420.00"
2019-06-04,2019060401009456,SHIVM,7,34,315,671.00,"211,365.00"
2019-06-04,2019060401009795,SHIVM,5,6,100,671.00,"67,100.00"
2019-06-04,2019060401009691,SHIVM,34,50,20,675.00,"13,500.00"
2019-06-04,2019060401009668,SHIVM,7,35,50,670.00,"33,500.00"
2019-06-04,2019060401009546,SHIVM,7,41,50,674.00,"33,700.00"
2019-06-04,2019060401009515,SHIVM,7,10,500,670.00,"335,000.00"
2019-06-04,2019060401009514,SHIVM,46,10,500,670.00,"335,000.00"
2019-06-04,2019060401009870,SHIVM,34,50,265,675.00,"178,875.00"
2019-06-04,2019060401009826,SHIVM,7,3,180,671.00,"120,780.00"
2019-06-04,2019060401009813,SHIVM,45,3,20,671.00,"13,420.00"
2019-06-04,2019060401009800,SHIVM,19,50,415,675.00,"280,125.00"
2019-06-04,2019060401009799,SHIVM,19,26,25,674.00,"16,850.00"
2019-06-04,2019060401009798,SHIVM,19,38,60,673.00,"40,380.00"
2019-06-04,2019060401009885,SHIVM,57,16,100,671.00,"67,100.00"
2019-06-04,2019060401009884,SHIVM,52,38,10,677.00,"6,770.00"
2019-06-04,2019060401009874,SHIVM,34,36,250,675.00,"168,750.00"
2019-06-04,2019060401009873,SHIVM,34,38,500,675.00,"337,500.00"
2019-06-04,2019060401009872,SHIVM,34,33,200,675.00,"135,000.00"
2019-06-04,2019060401009871,SHIVM,34,5,300,675.00,"202,500.00"
2019-06-04,2019060401009532,SHL,58,45,400,239.00,"95,600.00"
2019-06-04,2019060401009724,SHPC,16,17,22,256.00,"5,632.00"
2019-06-04,2019060401009595,SHPC,22,34,102,257.00,"26,214.00"
2019-06-04,2019060401009528,SHPC,48,34,200,257.00,"51,400.00"
2019-06-04,2019060401009527,SHPC,11,34,50,257.00,"12,850.00"
2019-06-04,2019060401009520,SHPC,25,34,100,257.00,"25,700.00"
2019-06-04,2019060401009519,SHPC,41,34,200,257.00,"51,400.00"
2019-06-04,2019060401009518,SHPC,29,34,250,257.00,"64,250.00"
2019-06-04,2019060401009517,SHPC,49,34,50,258.00,"12,900.00"
2019-06-04,2019060401009516,SHPC,29,34,78,258.00,"20,124.00"
2019-06-04,2019060401009526,SHPC,29,34,20,257.00,"5,140.00"
2019-06-04,2019060401009525,SHPC,36,34,300,257.00,"77,100.00"
2019-06-04,2019060401009524,SHPC,25,34,100,257.00,"25,700.00"
2019-06-04,2019060401009523,SHPC,8,34,100,257.00,"25,700.00"
2019-06-04,2019060401009522,SHPC,10,34,50,257.00,"12,850.00"
2019-06-04,2019060401009521,SHPC,19,34,400,257.00,"102,800.00"
2019-06-04,2019060401009551,SICL,56,37,59,833.00,"49,147.00"
2019-06-04,2019060401009508,SICL,56,37,26,833.00,"21,658.00"
2019-06-04,2019060401009507,SICL,41,37,33,833.00,"27,489.00"
2019-06-04,2019060401009445,SICL,41,51,167,833.00,"139,111.00"
2019-06-04,2019060401009444,SICL,45,51,100,834.00,"83,400.00"
2019-06-04,2019060401009443,SICL,59,51,25,834.00,"20,850.00"
2019-06-04,2019060401009442,SICL,46,51,100,834.00,"83,400.00"
2019-06-04,2019060401009441,SICL,49,51,50,836.00,"41,800.00"
2019-06-04,2019060401009440,SICL,49,51,10,836.00,"8,360.00"
2019-06-04,2019060401009504,SINDU,58,45,200,148.00,"29,600.00"
2019-06-04,2019060401009503,SINDU,58,22,200,148.00,"29,600.00"
2019-06-04,2019060401009502,SINDU,58,47,200,147.00,"29,400.00"
2019-06-04,2019060401009501,SINDU,58,58,531,147.00,"78,057.00"
2019-06-04,2019060401009500,SINDU,58,55,100,147.00,"14,700.00"
2019-06-04,2019060401009499,SINDU,58,55,200,146.00,"29,200.00"
2019-06-04,2019060401009498,SINDU,58,41,500,146.00,"73,000.00"
2019-06-04,2019060401009794,SLBS,55,34,10,820.00,"8,200.00"
2019-06-04,2019060401009751,SLICL,50,17,14,575.00,"8,050.00"
2019-06-04,2019060401009750,SLICL,43,17,83,575.00,"47,725.00"
2019-06-04,2019060401009695,SLICL,43,49,17,575.00,"9,775.00"
2019-06-04,2019060401009694,SLICL,35,49,83,575.00,"47,725.00"
2019-06-04,2019060401009678,SLICL,35,34,167,575.00,"96,025.00"
2019-06-04,2019060401009677,SLICL,33,34,50,575.00,"28,750.00"
2019-06-04,2019060401009676,SLICL,19,34,50,575.00,"28,750.00"
2019-06-04,2019060401009675,SLICL,55,34,200,575.00,"115,000.00"
2019-06-04,2019060401009674,SLICL,51,34,33,578.00,"19,074.00"
2019-06-04,2019060401009929,SMATA,41,1,10,"1,295.00","12,950.00"
2019-06-04,2019060401009550,SMATA,14,1,12,"1,295.00","15,540.00"
2019-06-04,2019060401009815,SPDL,13,41,10,92.00,920.00
2019-06-04,2019060401009600,SPDL,45,21,"1,000",93.00,"93,000.00"
2019-06-04,2019060401009819,SRBL,18,22,50,253.00,"12,650.00"
2019-06-04,2019060401009626,SRBL,21,43,277,255.00,"70,635.00"
2019-06-04,2019060401009625,SRBL,21,56,93,255.00,"23,715.00"
2019-06-04,2019060401009624,SRBL,21,43,130,255.00,"33,150.00"
2019-06-04,2019060401009935,TRH,45,19,450,322.00,"144,900.00"
2019-06-04,2019060401009922,TRH,47,50,50,323.00,"16,150.00"
2019-06-04,2019060401009821,TRH,25,50,50,323.00,"16,150.00"
2019-06-04,2019060401009791,TRH,45,17,10,322.00,"3,220.00"
2019-06-04,2019060401009749,TRH,45,50,40,322.00,"12,880.00"
2019-06-04,2019060401009748,TRH,21,50,50,322.00,"16,100.00"
2019-06-04,2019060401009747,TRH,45,50,30,322.00,"9,660.00"
2019-06-04,2019060401009646,TRH,38,45,20,324.00,"6,480.00"
2019-06-04,2019060401009470,TRH,52,50,300,325.00,"97,500.00"
2019-06-04,2019060401009451,TRH,52,33,700,324.00,"226,800.00"
2019-06-04,2019060401009492,UMHL,50,52,250,115.00,"28,750.00"
2019-06-04,2019060401009703,UPCL,42,21,10,95.00,950.00
2019-06-04,2019060401009702,UPCL,42,21,40,95.00,"3,800.00"
2019-06-04,2019060401009448,UPCL,42,21,10,95.00,950.00
2019-06-04,2019060401009447,UPCL,42,34,40,95.00,"3,800.00"
2019-06-04,2019060401009446,UPCL,42,41,50,95.00,"4,750.00"
2019-06-04,2019060401009840,UPPER,20,58,84,276.00,"23,184.00"
2019-06-04,2019060401009825,UPPER,20,41,50,276.00,"13,800.00"
2019-06-04,2019060401009816,UPPER,20,54,140,276.00,"38,640.00"
2019-06-04,2019060401009709,UPPER,20,42,50,276.00,"13,800.00"
2019-06-04,2019060401009634,UPPER,8,54,60,277.00,"16,620.00"
2019-06-04,2019060401009585,UPPER,8,1,40,277.00,"11,080.00"
2019-06-04,2019060401009584,UPPER,17,1,10,277.00,"2,770.00"
2019-06-04,2019060401009478,UPPER,49,34,47,277.00,"13,019.00"
2019-06-04,2019060401009349,ADBL,49,49,200,415.00,"83,000.00"
2019-06-04,2019060401009331,ADBL,57,57,381,416.00,"158,496.00"
2019-06-04,2019060401009330,ADBL,57,19,106,416.00,"44,096.00"
2019-06-04,2019060401009329,ADBL,57,4,13,416.00,"5,408.00"
2019-06-04,2019060401009104,ADBL,49,34,53,415.00,"21,995.00"
2019-06-04,2019060401009058,ADBL,52,34,176,415.00,"73,040.00"
2019-06-04,2019060401008998,ADBL,45,34,97,415.00,"40,255.00"
2019-06-04,2019060401008997,ADBL,45,13,18,415.00,"7,470.00"
2019-06-04,2019060401008996,ADBL,45,36,86,415.00,"35,690.00"
2019-06-04,2019060401008995,ADBL,45,37,120,415.00,"49,800.00"
2019-06-04,2019060401008994,ADBL,45,34,179,415.00,"74,285.00"
2019-06-04,2019060401008963,ADBL,29,34,100,415.00,"41,500.00"
2019-06-04,2019060401009003,ALBSL,6,38,100,433.00,"43,300.00"
2019-06-04,2019060401009002,ALBSL,43,38,110,433.00,"47,630.00"
2019-06-04,2019060401008990,ALBSL,43,17,10,433.00,"4,330.00"
2019-06-04,2019060401009101,ALICL,42,16,75,405.00,"30,375.00"
2019-06-04,2019060401009000,AMFI,7,17,10,525.00,"5,250.00"
2019-06-04,2019060401009286,API,25,42,50,152.00,"7,600.00"
2019-06-04,2019060401009175,API,42,17,14,151.00,"2,114.00"
2019-06-04,2019060401009434,BOKL,16,58,274,267.00,"73,158.00"
2019-06-04,2019060401009433,BOKL,51,58,15,267.00,"4,005.00"
2019-06-04,2019060401009432,BOKL,39,58,126,267.00,"33,642.00"
2019-06-04,2019060401009431,BOKL,53,58,85,268.00,"22,780.00"
2019-06-04,2019060401009299,BOKL,53,8,"1,915",268.00,"513,220.00"
2019-06-04,2019060401009298,BOKL,40,8,100,268.00,"26,800.00"
2019-06-04,2019060401009116,BOKL,49,13,100,269.00,"26,900.00"
2019-06-04,2019060401009001,BOKL,40,8,200,268.00,"53,600.00"
2019-06-04,2019060401008982,BOKL,36,13,60,269.00,"16,140.00"
2019-06-04,2019060401009115,BPCL,21,41,11,412.00,"4,532.00"
2019-06-04,2019060401009360,CBBL,33,1,100,946.00,"94,600.00"
2019-06-04,2019060401009300,CBL,43,19,17,146.00,"2,482.00"
2019-06-04,2019060401009270,CBL,25,41,100,147.00,"14,700.00"
2019-06-04,2019060401009269,CBL,25,22,100,147.00,"14,700.00"
2019-06-04,2019060401009268,CBL,25,52,300,147.00,"44,100.00"
2019-06-04,2019060401009255,CBL,43,16,18,146.00,"2,628.00"
2019-06-04,2019060401009254,CBL,34,16,121,146.00,"17,666.00"
2019-06-04,2019060401009253,CBL,37,16,61,146.00,"8,906.00"
2019-06-04,2019060401009118,CCBL,51,26,181,166.00,"30,046.00"
2019-06-04,2019060401009117,CCBL,48,26,110,166.00,"18,260.00"
2019-06-04,2019060401008962,CCBL,42,14,50,167.00,"8,350.00"
2019-06-04,2019060401009279,CHCL,56,52,61,522.00,"31,842.00"
2019-06-04,2019060401009278,CHCL,54,52,39,522.00,"20,358.00"
2019-06-04,2019060401009113,CHCL,54,17,25,522.00,"13,050.00"
2019-06-04,2019060401009260,CHLBS,48,34,10,442.00,"4,420.00"
2019-06-04,2019060401009022,CIT,10,35,60,"2,552.00","153,120.00"
2019-06-04,2019060401009021,CIT,40,35,20,"2,552.00","51,040.00"
2019-06-04,2019060401009195,CLBSL,56,55,40,535.00,"21,400.00"
2019-06-04,2019060401009194,CLBSL,58,55,10,537.00,"5,370.00"
2019-06-04,2019060401009375,CZBIL,43,40,10,224.00,"2,240.00"
2019-06-04,2019060401009011,CZBIL,43,34,300,224.00,"67,200.00"
2019-06-04,2019060401009059,DBBL,21,32,53,146.00,"7,738.00"
2019-06-04,2019060401009363,EBL,34,38,"1,200",666.00,"799,200.00"
2019-06-04,2019060401009362,EBL,26,38,200,666.00,"133,200.00"
2019-06-04,2019060401009361,EBL,55,38,100,667.00,"66,700.00"
2019-06-04,2019060401009277,EBL,28,35,149,669.00,"99,681.00"
2019-06-04,2019060401009276,EBL,28,35,219,668.00,"146,292.00"
2019-06-04,2019060401008958,EBL,35,35,148,668.00,"98,864.00"
2019-06-04,2019060401009399,EIC,45,52,182,398.00,"72,436.00"
2019-06-04,2019060401009396,FOWAD,42,42,25,"1,420.00","35,500.00"
2019-06-04,2019060401009395,FOWAD,10,42,10,"1,420.00","14,200.00"
2019-06-04,2019060401009394,FOWAD,22,42,20,"1,420.00","28,400.00"
2019-06-04,2019060401009393,FOWAD,28,42,70,"1,420.00","99,400.00"
2019-06-04,2019060401009392,FOWAD,58,42,10,"1,420.00","14,200.00"
2019-06-04,2019060401009391,FOWAD,19,42,40,"1,420.00","56,800.00"
2019-06-04,2019060401009390,FOWAD,34,42,17,"1,421.00","24,157.00"
2019-06-04,2019060401009017,FOWAD,34,43,15,"1,421.00","21,315.00"
2019-06-04,2019060401009016,FOWAD,39,43,10,"1,430.00","14,300.00"
2019-06-04,2019060401009208,GBBL,22,22,200,223.00,"44,600.00"
2019-06-04,2019060401009193,GBBL,22,17,96,223.00,"21,408.00"
2019-06-04,2019060401009328,GBIME,17,52,10,304.00,"3,040.00"
2019-06-04,2019060401009244,GBIME,16,52,290,304.00,"88,160.00"
2019-06-04,2019060401009241,GBIME,16,11,710,304.00,"215,840.00"
2019-06-04,2019060401009240,GBIME,29,11,50,304.00,"15,200.00"
2019-06-04,2019060401009239,GBIME,6,11,240,304.00,"72,960.00"
2019-06-04,2019060401009210,GBIME,6,17,26,304.00,"7,904.00"
2019-06-04,2019060401009095,GBIME,6,52,24,304.00,"7,296.00"
2019-06-04,2019060401009083,GBIME,6,8,800,304.00,"243,200.00"
2019-06-04,2019060401009082,GBIME,16,8,200,304.00,"60,800.00"
2019-06-04,2019060401009027,GBIME,16,38,200,304.00,"60,800.00"
2019-06-04,2019060401008956,GBIME,16,34,266,304.00,"80,864.00"
2019-06-04,2019060401008945,GBIME,16,52,27,304.00,"8,208.00"
2019-06-04,2019060401009197,GBLBS,49,41,10,364.00,"3,640.00"
2019-06-04,2019060401009033,GDBL,42,52,50,213.00,"10,650.00"
2019-06-04,2019060401008970,GDBL,46,45,"1,500",214.00,"321,000.00"
2019-06-04,2019060401008969,GDBL,46,34,200,214.00,"42,800.00"
2019-06-04,2019060401009226,GDBL,46,17,78,213.00,"16,614.00"
2019-06-04,2019060401009133,GDBL,46,52,50,213.00,"10,650.00"
2019-06-04,2019060401009072,GDBL,46,52,50,213.00,"10,650.00"
2019-06-04,2019060401009034,GDBL,46,52,75,213.00,"15,975.00"
2019-06-04,2019060401009290,GHL,25,59,30,88.00,"2,640.00"
2019-06-04,2019060401009282,GHL,25,59,20,88.00,"1,760.00"
2019-06-04,2019060401009265,GHL,20,59,20,88.00,"1,760.00"
2019-06-04,2019060401009231,GHL,14,59,30,88.00,"2,640.00"
2019-06-04,2019060401009031,GMFIL,58,6,"20,000",129.00,"2,580,000.00"
2019-06-04,2019060401009030,GMFIL,58,48,39,129.00,"5,031.00"
2019-06-04,2019060401008942,GMFIL,1,54,200,121.00,"24,200.00"
2019-06-04,2019060401009074,GUFL,45,41,20,114.00,"2,280.00"
2019-06-04,2019060401009319,HBL,35,19,37,568.00,"21,016.00"
2019-06-04,2019060401009162,HBL,35,52,347,570.00,"197,790.00"
2019-06-04,2019060401009161,HBL,35,25,65,570.00,"37,050.00"
2019-06-04,2019060401009160,HBL,35,6,29,569.00,"16,501.00"
2019-06-04,2019060401009130,HGI,35,6,50,378.00,"18,900.00"
2019-06-04,2019060401009080,HGI,35,1,278,378.00,"105,084.00"
2019-06-04,2019060401009079,HGI,3,1,50,378.00,"18,900.00"
2019-06-04,2019060401009387,HIDCL,1,45,"1,110",162.00,"179,820.00"
2019-06-04,2019060401009386,HIDCL,38,45,390,162.00,"63,180.00"
2019-06-04,2019060401009234,HIDCL,38,17,26,162.00,"4,212.00"
2019-06-04,2019060401009122,HIDCL,38,29,25,162.00,"4,050.00"
2019-06-04,2019060401009014,HIDCL,38,55,59,162.00,"9,558.00"
2019-06-04,2019060401009013,HIDCL,1,55,41,162.00,"6,642.00"
2019-06-04,2019060401009358,HPPL,14,16,20,181.00,"3,620.00"
2019-06-04,2019060401009124,HPPL,14,41,10,181.00,"1,810.00"
2019-06-04,2019060401009061,HPPL,14,37,110,181.00,"19,910.00"
2019-06-04,2019060401009053,HPPL,14,41,10,181.00,"1,810.00"
2019-06-04,2019060401009370,HURJA,33,33,10,154.00,"1,540.00"
2019-06-04,2019060401009369,HURJA,33,19,20,153.00,"3,060.00"
2019-06-04,2019060401009280,HURJA,42,33,80,154.00,"12,320.00"
2019-06-04,2019060401009221,HURJA,42,54,20,154.00,"3,080.00"
2019-06-04,2019060401009220,HURJA,42,41,20,154.00,"3,080.00"
2019-06-04,2019060401009219,HURJA,42,38,20,154.00,"3,080.00"
2019-06-04,2019060401009212,HURJA,42,28,20,154.00,"3,080.00"
2019-06-04,2019060401009211,HURJA,42,28,20,154.00,"3,080.00"
2019-06-04,2019060401009218,HURJA,42,25,20,154.00,"3,080.00"
2019-06-04,2019060401009217,HURJA,42,25,20,154.00,"3,080.00"
2019-06-04,2019060401009216,HURJA,42,25,20,154.00,"3,080.00"
2019-06-04,2019060401009215,HURJA,42,21,20,154.00,"3,080.00"
2019-06-04,2019060401009214,HURJA,42,21,20,154.00,"3,080.00"
2019-06-04,2019060401009213,HURJA,42,21,20,154.00,"3,080.00"
2019-06-04,2019060401009374,JBBL,6,6,200,154.00,"30,800.00"
2019-06-04,2019060401009297,JBBL,10,42,122,152.00,"18,544.00"
2019-06-04,2019060401009296,JBBL,43,42,100,152.00,"15,200.00"
2019-06-04,2019060401009295,JBBL,21,42,100,152.00,"15,200.00"
2019-06-04,2019060401009294,JBBL,42,42,50,152.00,"7,600.00"
2019-06-04,2019060401009293,JBBL,26,42,"1,479",152.00,"224,808.00"
2019-06-04,2019060401009292,JBBL,45,42,149,153.00,"22,797.00"
2019-06-04,2019060401009291,JBBL,45,56,69,153.00,"10,557.00"
2019-06-04,2019060401009246,JBBL,45,17,31,153.00,"4,743.00"
2019-06-04,2019060401009402,JBNL,34,1,500,208.00,"104,000.00"
2019-06-04,2019060401009364,JBNL,34,49,150,208.00,"31,200.00"
2019-06-04,2019060401009289,JBNL,34,46,50,208.00,"10,400.00"
2019-06-04,2019060401009287,JBNL,34,49,"2,007",208.00,"417,456.00"
2019-06-04,2019060401009185,JBNL,34,1,202,208.00,"42,016.00"
2019-06-04,2019060401009184,JBNL,34,1,233,208.00,"48,464.00"
2019-06-04,2019060401009259,JOSHI,54,17,20,89.00,"1,780.00"
2019-06-04,2019060401009245,JOSHI,54,59,20,89.00,"1,780.00"
2019-06-04,2019060401009200,JOSHI,29,59,20,89.00,"1,780.00"
2019-06-04,2019060401009139,JOSHI,29,17,20,89.00,"1,780.00"
2019-06-04,2019060401009121,JOSHI,29,17,20,89.00,"1,780.00"
2019-06-04,2019060401009091,JOSHI,29,17,10,89.00,890.00
2019-06-04,2019060401009090,JOSHI,36,17,10,90.00,900.00
2019-06-04,2019060401009069,JOSHI,36,25,20,90.00,"1,800.00"
2019-06-04,2019060401009230,KBBL,43,16,800,242.00,"193,600.00"
2019-06-04,2019060401009229,KBBL,43,41,200,242.00,"48,400.00"
2019-06-04,2019060401009227,KBBL,43,26,20,241.00,"4,820.00"
2019-06-04,2019060401009158,KBBL,44,16,70,242.00,"16,940.00"
2019-06-04,2019060401009157,KBBL,44,21,65,242.00,"15,730.00"
2019-06-04,2019060401009129,KBBL,43,44,135,241.00,"32,535.00"
2019-06-04,2019060401009112,KBBL,43,22,200,241.00,"48,200.00"
2019-06-04,2019060401009007,KBBL,43,21,935,242.00,"226,270.00"
2019-06-04,2019060401009006,KBBL,43,41,865,242.00,"209,330.00"
2019-06-04,2019060401009403,KBL,16,49,200,216.00,"43,200.00"
2019-06-04,2019060401009359,KBL,16,19,14,216.00,"3,024.00"
2019-06-04,2019060401009301,KBL,16,38,800,216.00,"172,800.00"
2019-06-04,2019060401009123,KBL,41,43,30,217.00,"6,510.00"
2019-06-04,2019060401009135,KKHC,42,41,10,67.00,670.00
2019-06-04,2019060401009350,KNBL,58,39,200,196.00,"39,200.00"
2019-06-04,2019060401009347,KNBL,44,6,100,195.00,"19,500.00"
2019-06-04,2019060401009311,KNBL,44,6,"2,000",195.00,"390,000.00"
2019-06-04,2019060401009207,KNBL,57,39,500,194.00,"97,000.00"
2019-06-04,2019060401009206,KNBL,57,35,"1,423",194.00,"276,062.00"
2019-06-04,2019060401009179,KNBL,43,49,893,193.00,"172,349.00"
2019-06-04,2019060401009049,KNBL,44,39,500,193.00,"96,500.00"
2019-06-04,2019060401009048,KNBL,44,29,418,193.00,"80,674.00"
2019-06-04,2019060401009047,KNBL,44,4,300,193.00,"57,900.00"
2019-06-04,2019060401009032,KNBL,57,56,200,192.00,"38,400.00"
2019-06-04,2019060401008961,KNBL,44,4,100,193.00,"19,300.00"
2019-06-04,2019060401009172,KNBL,43,4,100,193.00,"19,300.00"
2019-06-04,2019060401009171,KNBL,43,39,218,193.00,"42,074.00"
2019-06-04,2019060401009132,KNBL,44,39,282,193.00,"54,426.00"
2019-06-04,2019060401009131,KNBL,44,39,718,193.00,"138,574.00"
2019-06-04,2019060401009076,KNBL,43,39,"1,000",193.00,"193,000.00"
2019-06-04,2019060401009075,KNBL,44,39,282,193.00,"54,426.00"
2019-06-04,2019060401009108,KPCL,47,59,20,96.00,"1,920.00"
2019-06-04,2019060401009388,KSBBL,50,17,36,158.00,"5,688.00"
2019-06-04,2019060401009373,KSBBL,50,19,15,158.00,"2,370.00"
2019-06-04,2019060401009154,KSBBL,50,41,67,158.00,"10,586.00"
2019-06-04,2019060401009078,KSBBL,56,36,500,158.00,"79,000.00"
2019-06-04,2019060401009077,KSBBL,22,36,100,158.00,"15,800.00"
2019-06-04,2019060401009428,LBBL,43,52,999,197.00,"196,803.00"
2019-06-04,2019060401009427,LBBL,47,52,100,197.00,"19,700.00"
2019-06-04,2019060401009426,LBBL,29,52,101,197.00,"19,897.00"
2019-06-04,2019060401009400,LBBL,29,19,27,197.00,"5,319.00"
2019-06-04,2019060401009071,LBBL,52,52,300,198.00,"59,400.00"
2019-06-04,2019060401009070,LBBL,50,52,200,198.00,"39,600.00"
2019-06-04,2019060401009010,LBBL,57,7,55,199.00,"10,945.00"
2019-06-04,2019060401009429,LBL,25,46,84,217.00,"18,228.00"
2019-06-04,2019060401009410,LBL,17,46,"1,000",218.00,"218,000.00"
2019-06-04,2019060401009409,LBL,32,46,64,218.00,"13,952.00"
2019-06-04,2019060401009408,LBL,42,46,34,218.00,"7,412.00"
2019-06-04,2019060401009156,LBL,41,46,30,219.00,"6,570.00"
2019-06-04,2019060401009144,LBL,42,44,166,218.00,"36,188.00"
2019-06-04,2019060401009143,LBL,48,44,500,218.00,"109,000.00"
2019-06-04,2019060401009142,LBL,36,44,"1,000",218.00,"218,000.00"
2019-06-04,2019060401009141,LBL,6,44,500,218.00,"109,000.00"
2019-06-04,2019060401009140,LBL,43,44,834,218.00,"181,812.00"
2019-06-04,2019060401008943,LBL,56,46,200,219.00,"43,800.00"
2019-06-04,2019060401009085,MBL,20,52,100,267.00,"26,700.00"
2019-06-04,2019060401009420,MEGA,41,19,12,200.00,"2,400.00"
2019-06-04,2019060401009304,MEGA,43,32,500,201.00,"100,500.00"
2019-06-04,2019060401009303,MEGA,45,32,365,201.00,"73,365.00"
2019-06-04,2019060401009251,MEGA,45,22,200,201.00,"40,200.00"
2019-06-04,2019060401009250,MEGA,45,49,200,201.00,"40,200.00"
2019-06-04,2019060401009249,MEGA,45,37,125,201.00,"25,125.00"
2019-06-04,2019060401009248,MEGA,45,57,250,201.00,"50,250.00"
2019-06-04,2019060401009247,MEGA,45,57,360,201.00,"72,360.00"
2019-06-04,2019060401009228,MEGA,40,57,400,201.00,"80,400.00"
2019-06-04,2019060401009100,MEGA,37,57,500,201.00,"100,500.00"
2019-06-04,2019060401009202,MHNL,43,39,50,103.00,"5,150.00"
2019-06-04,2019060401009099,MHNL,52,46,40,102.00,"4,080.00"
2019-06-04,2019060401009201,MHNL,43,49,30,103.00,"3,090.00"
2019-06-04,2019060401008940,MNBBL,53,6,150,371.00,"55,650.00"
2019-06-04,2019060401009430,MPFL,28,17,15,216.00,"3,240.00"
2019-06-04,2019060401009271,MSMBS,14,59,11,486.00,"5,346.00"
2019-06-04,2019060401009411,NABIL,52,7,50,829.00,"41,450.00"
2019-06-04,2019060401009320,NABIL,48,7,450,829.00,"373,050.00"
2019-06-04,2019060401009318,NABIL,48,49,50,829.00,"41,450.00"
2019-06-04,2019060401009317,NBB,51,58,200,223.00,"44,600.00"
2019-06-04,2019060401009437,NBL,16,33,16,329.00,"5,264.00"
2019-06-04,2019060401009436,NBL,14,33,"1,000",329.00,"329,000.00"
2019-06-04,2019060401009435,NBL,44,33,214,329.00,"70,406.00"
2019-06-04,2019060401009414,NBL,44,34,"1,000",329.00,"329,000.00"
2019-06-04,2019060401009413,NBL,44,46,"3,000",329.00,"987,000.00"
2019-06-04,2019060401009397,NBL,44,34,"1,000",329.00,"329,000.00"
2019-06-04,2019060401008985,NBL,57,47,300,330.00,"99,000.00"
2019-06-04,2019060401008984,NBL,6,47,400,330.00,"132,000.00"
2019-06-04,2019060401008964,NBL,6,6,100,330.00,"33,000.00"
2019-06-04,2019060401009209,NBL,53,47,500,330.00,"165,000.00"
2019-06-04,2019060401009196,NBL,44,5,100,329.00,"32,900.00"
2019-06-04,2019060401009186,NBL,53,47,500,330.00,"165,000.00"
2019-06-04,2019060401009176,NBL,53,47,500,330.00,"165,000.00"
2019-06-04,2019060401009005,NBL,44,28,350,329.00,"115,150.00"
2019-06-04,2019060401008987,NBL,32,47,"1,500",330.00,"495,000.00"
2019-06-04,2019060401009372,NBL,44,34,"1,000",329.00,"329,000.00"
2019-06-04,2019060401009348,NBL,44,7,"1,000",329.00,"329,000.00"
2019-06-04,2019060401009345,NBL,39,47,"1,427",330.00,"470,910.00"
2019-06-04,2019060401009344,NBL,39,47,73,330.00,"24,090.00"
2019-06-04,2019060401009285,NBL,39,47,"1,500",330.00,"495,000.00"
2019-06-04,2019060401009236,NBL,14,47,200,330.00,"66,000.00"
2019-06-04,2019060401009423,NCCB,22,5,100,257.00,"25,700.00"
2019-06-04,2019060401009422,NCCB,43,42,10,258.00,"2,580.00"
2019-06-04,2019060401009421,NCCB,43,52,190,258.00,"49,020.00"
2019-06-04,2019060401009401,NCCB,46,52,200,258.00,"51,600.00"
2019-06-04,2019060401009308,NCCB,11,52,110,258.00,"28,380.00"
2019-06-04,2019060401009307,NCCB,11,39,390,258.00,"100,620.00"
2019-06-04,2019060401009138,NCCB,17,39,110,258.00,"28,380.00"
2019-06-04,2019060401009137,NCCB,17,5,90,258.00,"23,220.00"
2019-06-04,2019060401009087,NCCB,55,5,200,258.00,"51,600.00"
2019-06-04,2019060401009015,NCCB,3,5,100,258.00,"25,800.00"
2019-06-04,2019060401008975,NCCB,28,5,110,258.00,"28,380.00"
2019-06-04,2019060401009346,NHPC,41,42,100,69.00,"6,900.00"
2019-06-04,2019060401008999,NHPC,26,7,"1,030",69.00,"71,070.00"
2019-06-04,2019060401009275,NIB,40,42,28,533.00,"14,924.00"
2019-06-04,2019060401009274,NIB,40,38,16,533.00,"8,528.00"
2019-06-04,2019060401009257,NIB,42,40,44,532.00,"23,408.00"
2019-06-04,2019060401009057,NIB,34,38,100,533.00,"53,300.00"
2019-06-04,2019060401009398,NICA,32,42,100,469.00,"46,900.00"
2019-06-04,2019060401009306,NICA,32,7,36,469.00,"16,884.00"
2019-06-04,2019060401009189,NICA,22,7,250,469.00,"117,250.00"
2019-06-04,2019060401009188,NICA,20,7,30,469.00,"14,070.00"
2019-06-04,2019060401009187,NICA,53,7,84,469.00,"39,396.00"
2019-06-04,2019060401009084,NICA,57,58,14,471.00,"6,594.00"
2019-06-04,2019060401009379,NICL,49,44,10,391.00,"3,910.00"
2019-06-04,2019060401009378,NICL,49,45,100,388.00,"38,800.00"
2019-06-04,2019060401009377,NICL,49,45,50,387.00,"19,350.00"
2019-06-04,2019060401009367,NICL,49,53,100,385.00,"38,500.00"
2019-06-04,2019060401009366,NICL,49,45,50,385.00,"19,250.00"
2019-06-04,2019060401009365,NICL,49,48,500,380.00,"190,000.00"
2019-06-04,2019060401009128,NIL,14,19,86,504.00,"43,344.00"
2019-06-04,2019060401009127,NIL,59,19,31,504.00,"15,624.00"
2019-06-04,2019060401009126,NIL,43,19,25,504.00,"12,600.00"
2019-06-04,2019060401009125,NIL,5,19,58,504.00,"29,232.00"
2019-06-04,2019060401009333,NLG,13,33,27,798.00,"21,546.00"
2019-06-04,2019060401009332,NLG,1,33,73,799.00,"58,327.00"
2019-06-04,2019060401009419,NLIC,56,33,279,915.00,"255,285.00"
2019-06-04,2019060401009418,NLIC,49,33,100,915.00,"91,500.00"
2019-06-04,2019060401009417,NLIC,54,33,100,915.00,"91,500.00"
2019-06-04,2019060401009416,NLIC,49,33,50,915.00,"45,750.00"
2019-06-04,2019060401009415,NLIC,36,33,140,915.00,"128,100.00"
2019-06-04,2019060401009385,NLIC,17,33,20,916.00,"18,320.00"
2019-06-04,2019060401009384,NLIC,56,33,200,916.00,"183,200.00"
2019-06-04,2019060401009383,NLIC,54,33,200,916.00,"183,200.00"
2019-06-04,2019060401009382,NLIC,21,33,200,917.00,"183,400.00"
2019-06-04,2019060401009381,NLIC,54,33,10,917.00,"9,170.00"
2019-06-04,2019060401009380,NLIC,46,33,30,917.00,"27,510.00"
2019-06-04,2019060401009262,NLIC,11,33,20,920.00,"18,400.00"
2019-06-04,2019060401009205,NLICL,54,11,150,628.00,"94,200.00"
2019-06-04,2019060401009204,NLICL,50,11,20,628.00,"12,560.00"
2019-06-04,2019060401009284,NSEWA,41,45,10,437.00,"4,370.00"
2019-06-04,2019060401009342,NTC,6,11,670,707.00,"473,690.00"
2019-06-04,2019060401009341,NTC,42,11,100,707.00,"70,700.00"
2019-06-04,2019060401009340,NTC,8,11,30,707.00,"21,210.00"
2019-06-04,2019060401009339,NTC,34,11,200,708.00,"141,600.00"
2019-06-04,2019060401009305,NTC,47,50,100,708.00,"70,800.00"
2019-06-04,2019060401009225,NTC,42,56,170,709.00,"120,530.00"
2019-06-04,2019060401009338,PCBL,42,34,329,304.00,"100,016.00"
2019-06-04,2019060401009314,PCBL,40,16,66,303.00,"19,998.00"
2019-06-04,2019060401009267,PCBL,6,16,100,303.00,"30,300.00"
2019-06-04,2019060401009266,PCBL,41,16,34,303.00,"10,302.00"
2019-06-04,2019060401009235,PCBL,41,16,100,303.00,"30,300.00"
2019-06-04,2019060401009073,PCBL,41,47,100,303.00,"30,300.00"
2019-06-04,2019060401009026,PCBL,41,6,120,303.00,"36,360.00"
2019-06-04,2019060401009256,PIC,40,40,1,"1,123.00","1,123.00"
2019-06-04,2019060401009182,PIC,17,34,12,"1,129.00","13,548.00"
2019-06-04,2019060401009052,PIC,40,40,1,"1,133.00","1,133.00"
2019-06-04,2019060401009029,PIC,40,40,1,"1,133.00","1,133.00"
2019-06-04,2019060401008983,PIC,40,40,1,"1,133.00","1,133.00"
2019-06-04,2019060401008976,PIC,39,45,50,"1,128.00","56,400.00"
2019-06-04,2019060401008974,PIC,40,40,1,"1,133.00","1,133.00"
2019-06-04,2019060401009389,PPCL,3,11,30,128.00,"3,840.00"
2019-06-04,2019060401009354,PPCL,54,45,20,126.00,"2,520.00"
2019-06-04,2019060401009351,PPCL,50,42,10,128.00,"1,280.00"
2019-06-04,2019060401009309,PPCL,54,45,10,126.00,"1,260.00"
2019-06-04,2019060401009283,PPCL,54,45,10,126.00,"1,260.00"
2019-06-04,2019060401008986,PPCL,54,26,10,126.00,"1,260.00"
2019-06-04,2019060401008981,PPCL,54,20,10,126.00,"1,260.00"
2019-06-04,2019060401008968,PPCL,54,26,10,126.00,"1,260.00"
2019-06-04,2019060401008966,PPCL,54,20,10,126.00,"1,260.00"
2019-06-04,2019060401008944,PPCL,54,26,10,126.00,"1,260.00"
2019-06-04,2019060401008941,PPCL,54,20,10,126.00,"1,260.00"
2019-06-04,2019060401009068,PPCL,54,20,10,126.00,"1,260.00"
2019-06-04,2019060401009060,PPCL,54,49,10,126.00,"1,260.00"
2019-06-04,2019060401009056,PPCL,54,58,20,126.00,"2,520.00"
2019-06-04,2019060401009051,PPCL,54,20,10,126.00,"1,260.00"
2019-06-04,2019060401009046,PPCL,54,49,10,126.00,"1,260.00"
2019-06-04,2019060401009028,PPCL,54,20,10,126.00,"1,260.00"
2019-06-04,2019060401009136,PPCL,54,49,10,126.00,"1,260.00"
2019-06-04,2019060401009114,PPCL,54,49,10,126.00,"1,260.00"
2019-06-04,2019060401009089,PPCL,54,49,10,126.00,"1,260.00"
2019-06-04,2019060401009086,PPCL,54,20,10,126.00,"1,260.00"
2019-06-04,2019060401009081,PPCL,54,49,10,126.00,"1,260.00"
2019-06-04,2019060401009170,PPCL,45,45,10,129.00,"1,290.00"
2019-06-04,2019060401009169,PPCL,45,28,30,129.00,"3,870.00"
2019-06-04,2019060401009168,PPCL,45,57,20,128.00,"2,560.00"
2019-06-04,2019060401009167,PPCL,45,57,30,128.00,"3,840.00"
2019-06-04,2019060401009166,PPCL,45,57,30,128.00,"3,840.00"
2019-06-04,2019060401009404,PRIN,36,13,153,401.00,"61,353.00"
2019-06-04,2019060401009376,PRIN,36,34,96,400.00,"38,400.00"
2019-06-04,2019060401009337,PRIN,57,43,43,399.00,"17,157.00"
2019-06-04,2019060401008991,PRIN,1,59,10,398.00,"3,980.00"
2019-06-04,2019060401008959,PROFL,6,52,10,105.00,"1,050.00"
2019-06-04,2019060401009425,PRVU,41,33,50,274.00,"13,700.00"
2019-06-04,2019060401009336,PRVU,44,33,738,274.00,"202,212.00"
2019-06-04,2019060401009335,PRVU,44,51,41,274.00,"11,234.00"
2019-06-04,2019060401009334,PRVU,44,33,"1,112",274.00,"304,688.00"
2019-06-04,2019060401009233,PRVU,44,25,109,273.00,"29,757.00"
2019-06-04,2019060401009232,PRVU,59,25,291,273.00,"79,443.00"
2019-06-04,2019060401008988,PRVU,59,45,10,273.00,"2,730.00"
2019-06-04,2019060401008960,PRVU,59,17,25,273.00,"6,825.00"
2019-06-04,2019060401009224,PRVU,49,33,25,274.00,"6,850.00"
2019-06-04,2019060401009183,PRVU,59,5,84,273.00,"22,932.00"
2019-06-04,2019060401009352,RBCL,21,39,10,"10,500.00","105,000.00"
2019-06-04,2019060401009096,RRHP,25,21,10,106.00,"1,060.00"
2019-06-04,2019060401009004,RSDC,41,6,22,374.00,"8,228.00"
2019-06-04,2019060401008989,RSDC,41,6,63,374.00,"23,562.00"
2019-06-04,2019060401008967,RSDC,41,6,63,374.00,"23,562.00"
2019-06-04,2019060401009355,SADBL,28,40,10,151.00,"1,510.00"
2019-06-04,2019060401009191,SADBL,57,40,10,152.00,"1,520.00"
2019-06-04,2019060401009190,SADBL,57,28,30,152.00,"4,560.00"
2019-06-04,2019060401009323,SAEF,34,1,"10,000",9.80,"98,000.00"
2019-06-04,2019060401009322,SAEF,34,40,500,9.80,"4,900.00"
2019-06-04,2019060401009412,SANIMA,36,28,173,351.00,"60,723.00"
2019-06-04,2019060401009371,SANIMA,44,28,27,352.00,"9,504.00"
2019-06-04,2019060401009103,SANIMA,56,34,300,352.00,"105,600.00"
2019-06-04,2019060401009102,SANIMA,56,34,832,352.00,"292,864.00"
2019-06-04,2019060401009353,SBI,40,25,250,475.00,"118,750.00"
2019-06-04,2019060401009203,SBI,17,38,50,472.00,"23,600.00"
2019-06-04,2019060401009151,SBI,17,5,145,472.00,"68,440.00"
2019-06-04,2019060401009150,SBI,17,5,250,472.00,"118,000.00"
2019-06-04,2019060401009149,SBI,17,5,250,472.00,"118,000.00"
2019-06-04,2019060401009148,SBI,17,5,250,472.00,"118,000.00"
2019-06-04,2019060401009147,SBI,41,5,300,473.00,"141,900.00"
2019-06-04,2019060401009146,SBI,25,5,200,473.00,"94,600.00"
2019-06-04,2019060401009145,SBI,45,5,147,474.00,"69,678.00"
2019-06-04,2019060401009181,SBL,45,28,415,332.00,"137,780.00"
2019-06-04,2019060401009180,SBL,45,28,22,332.00,"7,304.00"
2019-06-04,2019060401009134,SBL,40,28,400,332.00,"132,800.00"
2019-06-04,2019060401008946,SBL,56,28,50,332.00,"16,600.00"
2019-06-04,2019060401009407,SCB,21,50,10,680.00,"6,800.00"
2019-06-04,2019060401009324,SCB,40,40,20,679.00,"13,580.00"
2019-06-04,2019060401009165,SCB,26,41,20,675.00,"13,500.00"
2019-06-04,2019060401009066,SCB,26,5,83,675.00,"56,025.00"
2019-06-04,2019060401009065,SCB,45,5,190,675.00,"128,250.00"
2019-06-04,2019060401009064,SCB,35,5,100,676.00,"67,600.00"
2019-06-04,2019060401009063,SCB,48,5,86,676.00,"58,136.00"
2019-06-04,2019060401009062,SCB,58,5,50,677.00,"33,850.00"
2019-06-04,2019060401009067,SDESI,17,34,30,600.00,"18,000.00"
2019-06-04,2019060401009406,SHIVM,7,45,185,671.00,"124,135.00"
2019-06-04,2019060401009405,SHIVM,14,45,65,671.00,"43,615.00"
2019-06-04,2019060401009343,SHIVM,14,3,25,671.00,"16,775.00"
2019-06-04,2019060401009316,SHIVM,14,50,110,671.00,"73,810.00"
2019-06-04,2019060401009302,SHIVM,38,50,90,671.00,"60,390.00"
2019-06-04,2019060401009273,SHIVM,58,58,300,670.00,"201,000.00"
2019-06-04,2019060401009018,SHIVM,58,16,10,671.00,"6,710.00"
2019-06-04,2019060401009012,SHIVM,58,47,10,671.00,"6,710.00"
2019-06-04,2019060401008992,SHIVM,7,47,25,672.00,"16,800.00"
2019-06-04,2019060401008977,SHIVM,57,55,42,672.00,"28,224.00"
2019-06-04,2019060401008965,SHIVM,58,47,40,671.00,"26,840.00"
2019-06-04,2019060401008957,SHIVM,58,47,40,671.00,"26,840.00"
2019-06-04,2019060401009036,SHIVM,40,45,20,671.00,"13,420.00"
2019-06-04,2019060401009035,SHIVM,40,21,50,671.00,"33,550.00"
2019-06-04,2019060401009024,SHIVM,40,42,40,671.00,"26,840.00"
2019-06-04,2019060401009023,SHIVM,40,34,300,671.00,"201,300.00"
2019-06-04,2019060401009020,SHIVM,40,16,90,671.00,"60,390.00"
2019-06-04,2019060401009019,SHIVM,57,16,400,671.00,"268,400.00"
2019-06-04,2019060401009042,SHIVM,34,45,100,670.00,"67,000.00"
2019-06-04,2019060401009041,SHIVM,28,45,500,670.00,"335,000.00"
2019-06-04,2019060401009040,SHIVM,3,45,50,670.00,"33,500.00"
2019-06-04,2019060401009039,SHIVM,34,45,100,670.00,"67,000.00"
2019-06-04,2019060401009038,SHIVM,58,45,100,671.00,"67,100.00"
2019-06-04,2019060401009037,SHIVM,52,45,200,671.00,"134,200.00"
2019-06-04,2019060401009097,SHIVM,40,45,360,670.00,"241,200.00"
2019-06-04,2019060401009055,SHIVM,34,38,20,669.00,"13,380.00"
2019-06-04,2019060401009054,SHIVM,48,38,430,669.00,"287,670.00"
2019-06-04,2019060401009045,SHIVM,16,45,200,670.00,"134,000.00"
2019-06-04,2019060401009044,SHIVM,36,45,370,670.00,"247,900.00"
2019-06-04,2019060401009043,SHIVM,7,45,100,670.00,"67,000.00"
2019-06-04,2019060401009243,SHIVM,58,3,140,671.00,"93,940.00"
2019-06-04,2019060401009237,SHIVM,58,3,60,671.00,"40,260.00"
2019-06-04,2019060401009199,SHIVM,58,1,100,671.00,"67,100.00"
2019-06-04,2019060401009120,SHIVM,52,17,10,671.00,"6,710.00"
2019-06-04,2019060401009119,SHIVM,52,1,150,671.00,"100,650.00"
2019-06-04,2019060401009098,SHIVM,40,3,400,670.00,"268,000.00"
2019-06-04,2019060401009281,SHL,43,43,100,236.00,"23,600.00"
2019-06-04,2019060401009264,SHPC,29,46,22,258.00,"5,676.00"
2019-06-04,2019060401009263,SHPC,40,46,978,258.00,"252,324.00"
2019-06-04,2019060401009174,SHPC,40,16,22,258.00,"5,676.00"
2019-06-04,2019060401009173,SHPC,41,16,478,258.00,"123,324.00"
2019-06-04,2019060401008993,SHPC,41,17,22,258.00,"5,676.00"
2019-06-04,2019060401009439,SICL,41,51,10,836.00,"8,360.00"
2019-06-04,2019060401009438,SICL,49,51,15,838.00,"12,570.00"
2019-06-04,2019060401009252,SICL,57,40,35,840.00,"29,400.00"
2019-06-04,2019060401009310,SINDU,59,34,20,144.00,"2,880.00"
2019-06-04,2019060401009164,SLBBL,33,45,300,466.00,"139,800.00"
2019-06-04,2019060401009009,SLICL,51,17,67,578.00,"38,726.00"
2019-06-04,2019060401009008,SLICL,22,17,30,579.00,"17,370.00"
2019-06-04,2019060401009222,SPARS,7,28,10,527.00,"5,270.00"
2019-06-04,2019060401009025,SPARS,7,17,10,530.00,"5,300.00"
2019-06-04,2019060401009315,SRBL,18,41,157,253.00,"39,721.00"
2019-06-04,2019060401009288,SRBL,18,17,321,253.00,"81,213.00"
2019-06-04,2019060401009094,SRBL,18,5,971,253.00,"245,663.00"
2019-06-04,2019060401009093,SRBL,14,5,28,253.00,"7,084.00"
2019-06-04,2019060401009092,SRBL,54,5,323,253.00,"81,719.00"
2019-06-04,2019060401008978,SWBBL,44,26,50,889.00,"44,450.00"
2019-06-04,2019060401008950,SWBBL,44,26,250,889.00,"222,250.00"
2019-06-04,2019060401008949,SWBBL,44,59,292,888.00,"259,296.00"
2019-06-04,2019060401008948,SWBBL,44,13,200,887.00,"177,400.00"
2019-06-04,2019060401008947,SWBBL,44,22,50,885.00,"44,250.00"
2019-06-04,2019060401008980,SWBBL,44,56,200,890.00,"178,000.00"
2019-06-04,2019060401008979,SWBBL,44,57,50,890.00,"44,500.00"
2019-06-04,2019060401009357,TRH,45,28,470,322.00,"151,340.00"
2019-06-04,2019060401009356,TRH,54,28,30,324.00,"9,720.00"
2019-06-04,2019060401009313,TRH,25,7,60,326.00,"19,560.00"
2019-06-04,2019060401009050,TRH,54,17,20,324.00,"6,480.00"
2019-06-04,2019060401009424,UMHL,14,52,86,115.00,"9,890.00"
2019-06-04,2019060401009327,UMHL,13,52,300,115.00,"34,500.00"
2019-06-04,2019060401009326,UMHL,59,52,43,115.00,"4,945.00"
2019-06-04,2019060401009325,UMHL,26,52,56,115.00,"6,440.00"
2019-06-04,2019060401009178,UMHL,26,41,10,115.00,"1,150.00"
2019-06-04,2019060401009321,UPCL,43,59,50,94.00,"4,700.00"
2019-06-04,2019060401009155,UPCL,43,52,50,94.00,"4,700.00"
2019-06-04,2019060401009107,UPCL,37,58,76,93.00,"7,068.00"
2019-06-04,2019060401009106,UPCL,29,58,100,93.00,"9,300.00"
2019-06-04,2019060401009105,UPCL,29,58,324,93.00,"30,132.00"
2019-06-04,2019060401009368,UPPER,45,7,"1,000",275.00,"275,000.00"
2019-06-04,2019060401009312,UPPER,39,16,91,276.00,"25,116.00"
2019-06-04,2019060401009272,UPPER,22,16,"1,200",276.00,"331,200.00"
2019-06-04,2019060401009261,UPPER,56,16,50,276.00,"13,800.00"
2019-06-04,2019060401009258,UPPER,52,16,300,276.00,"82,800.00"
2019-06-04,2019060401009242,UPPER,33,16,51,276.00,"14,076.00"
2019-06-04,2019060401008953,UPPER,11,45,100,275.00,"27,500.00"
2019-06-04,2019060401008952,UPPER,52,45,50,275.00,"13,750.00"
2019-06-04,2019060401008951,UPPER,59,45,99,275.00,"27,225.00"
2019-06-04,2019060401009088,UPPER,45,25,500,275.00,"137,500.00"
2019-06-04,2019060401008973,UPPER,45,25,351,275.00,"96,525.00"
2019-06-04,2019060401008972,UPPER,21,25,100,275.00,"27,500.00"
2019-06-04,2019060401008971,UPPER,41,25,49,275.00,"13,475.00"
2019-06-04,2019060401008955,UPPER,41,38,100,276.00,"27,600.00"
2019-06-04,2019060401008954,UPPER,41,45,51,275.00,"14,025.00"
2019-06-04,2019060401009163,UPPER,45,45,40,275.00,"11,000.00"
2019-06-04,2019060401009159,UPPER,17,16,100,276.00,"27,600.00"
2019-06-04,2019060401009111,UPPER,22,16,208,276.00,"57,408.00"
2019-06-04,2019060401009110,UPPER,22,34,100,276.00,"27,600.00"
2019-06-04,2019060401009109,UPPER,22,38,692,276.00,"190,992.00"
2019-06-04,2019060401009238,UPPER,45,45,40,275.00,"11,000.00"
2019-06-04,2019060401009223,UPPER,45,45,40,275.00,"11,000.00"
2019-06-04,2019060401009198,UPPER,45,45,40,275.00,"11,000.00"
2019-06-04,2019060401009192,UPPER,45,17,50,275.00,"13,750.00"
2019-06-04,2019060401009177,UPPER,45,38,140,275.00,"38,500.00"
2019-06-04,2019060401008797,ADBL,40,34,21,415.00,"8,715.00"
2019-06-04,2019060401008680,ADBL,51,38,104,414.00,"43,056.00"
2019-06-04,2019060401008634,ADBL,13,26,1,415.00,415.00
2019-06-04,2019060401008633,ADBL,28,26,323,415.00,"134,045.00"
2019-06-04,2019060401008573,ADBL,13,26,324,415.00,"134,460.00"
2019-06-04,2019060401008548,ADBL,13,26,75,415.00,"31,125.00"
2019-06-04,2019060401008547,ADBL,49,26,249,415.00,"103,335.00"
2019-06-04,2019060401008531,ADBL,49,26,324,415.00,"134,460.00"
2019-06-04,2019060401008877,ALBSL,43,48,10,433.00,"4,330.00"
2019-06-04,2019060401008766,ALBSL,13,22,10,436.00,"4,360.00"
2019-06-04,2019060401008756,ALBSL,13,42,10,435.00,"4,350.00"
2019-06-04,2019060401008637,ALICL,42,17,75,404.00,"30,300.00"
2019-06-04,2019060401008628,ALICL,41,16,25,405.00,"10,125.00"
2019-06-04,2019060401008929,AMFI,7,47,10,528.00,"5,280.00"
2019-06-04,2019060401008883,API,25,42,40,152.00,"6,080.00"
2019-06-04,2019060401008865,API,37,25,46,150.00,"6,900.00"
2019-06-04,2019060401008864,API,55,25,454,150.00,"68,100.00"
2019-06-04,2019060401008775,API,55,25,546,150.00,"81,900.00"
2019-06-04,2019060401008774,API,42,25,100,150.00,"15,000.00"
2019-06-04,2019060401008773,API,49,25,50,150.00,"7,500.00"
2019-06-04,2019060401008764,API,45,42,10,152.00,"1,520.00"
2019-06-04,2019060401008707,API,5,42,17,151.00,"2,567.00"
2019-06-04,2019060401008653,API,5,17,14,151.00,"2,114.00"
2019-06-04,2019060401008505,API,28,42,100,152.00,"15,200.00"
2019-06-04,2019060401008445,API,5,42,17,151.00,"2,567.00"
2019-06-04,2019060401008772,API,6,25,100,150.00,"15,000.00"
2019-06-04,2019060401008771,API,19,25,100,150.00,"15,000.00"
2019-06-04,2019060401008770,API,13,25,652,150.00,"97,800.00"
2019-06-04,2019060401008769,API,40,25,18,151.00,"2,718.00"
2019-06-04,2019060401008768,API,43,25,400,151.00,"60,400.00"
2019-06-04,2019060401008767,API,5,25,34,151.00,"5,134.00"
2019-06-04,2019060401008802,BFC,41,42,20,103.00,"2,060.00"
2019-06-04,2019060401008887,BOKL,40,34,300,268.00,"80,400.00"
2019-06-04,2019060401008886,BOKL,40,26,400,268.00,"107,200.00"
2019-06-04,2019060401008735,BOKL,39,43,373,267.00,"99,591.00"
2019-06-04,2019060401008734,BOKL,48,43,100,267.00,"26,700.00"
2019-06-04,2019060401008733,BOKL,44,43,27,268.00,"7,236.00"
2019-06-04,2019060401008600,BOKL,44,35,160,268.00,"42,880.00"
2019-06-04,2019060401008478,BOKL,44,38,33,268.00,"8,844.00"
2019-06-04,2019060401008477,BOKL,5,38,50,268.00,"13,400.00"
2019-06-04,2019060401008476,BOKL,51,38,17,268.00,"4,556.00"
2019-06-04,2019060401008892,BPCL,21,49,77,412.00,"31,724.00"
2019-06-04,2019060401008785,BPCL,36,40,11,411.00,"4,521.00"
2019-06-04,2019060401008645,BPCL,59,49,289,412.00,"119,068.00"
2019-06-04,2019060401008933,CBL,56,52,200,147.00,"29,400.00"
2019-06-04,2019060401008884,CBL,37,22,500,146.00,"73,000.00"
2019-06-04,2019060401008870,CBL,37,44,49,146.00,"7,154.00"
2019-06-04,2019060401008609,CCBL,43,14,10,167.00,"1,670.00"
2019-06-04,2019060401008588,CCBL,43,14,10,167.00,"1,670.00"
2019-06-04,2019060401008572,CCBL,43,14,10,167.00,"1,670.00"
2019-06-04,2019060401008532,CCBL,43,14,10,167.00,"1,670.00"
2019-06-04,2019060401008499,CCBL,43,14,10,167.00,"1,670.00"
2019-06-04,2019060401008471,CCBL,43,14,10,167.00,"1,670.00"
2019-06-04,2019060401008453,CCBL,43,14,10,167.00,"1,670.00"
2019-06-04,2019060401008611,CHCL,54,46,78,522.00,"40,716.00"
2019-06-04,2019060401008467,CHCL,36,50,56,525.00,"29,400.00"
2019-06-04,2019060401008466,CHCL,36,17,44,525.00,"23,100.00"
2019-06-04,2019060401008444,CHCL,54,36,100,522.00,"52,200.00"
2019-06-04,2019060401008460,CIT,40,35,30,"2,552.00","76,560.00"
2019-06-04,2019060401008849,DBBL,45,1,770,146.00,"112,420.00"
2019-06-04,2019060401008827,DBBL,26,1,100,146.00,"14,600.00"
2019-06-04,2019060401008724,DBBL,21,1,130,146.00,"18,980.00"
2019-06-04,2019060401008723,DBBL,21,29,670,146.00,"97,820.00"
2019-06-04,2019060401008616,DBBL,45,29,300,146.00,"43,800.00"
2019-06-04,2019060401008935,EBL,35,22,200,668.00,"133,600.00"
2019-06-04,2019060401008903,EBL,35,16,19,668.00,"12,692.00"
2019-06-04,2019060401008813,EBL,28,6,20,667.00,"13,340.00"
2019-06-04,2019060401008458,EIC,29,52,50,398.00,"19,900.00"
2019-06-04,2019060401008592,FMDBL,59,33,270,392.00,"105,840.00"
2019-06-04,2019060401008591,FMDBL,11,33,50,393.00,"19,650.00"
2019-06-04,2019060401008590,FMDBL,11,33,50,393.00,"19,650.00"
2019-06-04,2019060401008589,FMDBL,56,33,80,393.00,"31,440.00"
2019-06-04,2019060401008603,FOWAD,34,26,18,"1,421.00","25,578.00"
2019-06-04,2019060401008672,GBBL,22,17,134,223.00,"29,882.00"
2019-06-04,2019060401008671,GBBL,26,17,135,223.00,"30,105.00"
2019-06-04,2019060401008464,GBBL,26,40,150,223.00,"33,450.00"
2019-06-04,2019060401008918,GBIME,59,11,50,305.00,"15,250.00"
2019-06-04,2019060401008843,GBIME,36,48,12,304.00,"3,648.00"
2019-06-04,2019060401008842,GBIME,36,11,681,304.00,"207,024.00"
2019-06-04,2019060401008778,GBIME,43,58,24,303.00,"7,272.00"
2019-06-04,2019060401008777,GBIME,43,58,40,303.00,"12,120.00"
2019-06-04,2019060401008725,GBIME,17,11,100,304.00,"30,400.00"
2019-06-04,2019060401008565,GBIME,43,45,21,303.00,"6,363.00"
2019-06-04,2019060401008564,GBIME,43,45,100,303.00,"30,300.00"
2019-06-04,2019060401008563,GBIME,43,45,50,303.00,"15,150.00"
2019-06-04,2019060401008562,GBIME,48,45,30,303.00,"9,090.00"
2019-06-04,2019060401008479,GBIME,28,6,24,303.00,"7,272.00"
2019-06-04,2019060401008683,GBIME,43,17,40,303.00,"12,120.00"
2019-06-04,2019060401008682,GBIME,43,17,40,303.00,"12,120.00"
2019-06-04,2019060401008681,GBIME,43,17,29,303.00,"8,787.00"
2019-06-04,2019060401008586,GBIME,39,11,219,304.00,"66,576.00"
2019-06-04,2019060401008585,GBIME,39,32,91,304.00,"27,664.00"
2019-06-04,2019060401008584,GBIME,39,43,600,304.00,"182,400.00"
2019-06-04,2019060401008475,GBLBS,22,42,10,363.00,"3,630.00"
2019-06-04,2019060401008700,GDBL,5,19,500,214.00,"107,000.00"
2019-06-04,2019060401008850,GHL,14,3,30,88.00,"2,640.00"
2019-06-04,2019060401008814,GHL,14,3,30,88.00,"2,640.00"
2019-06-04,2019060401008831,GMFIL,58,54,200,121.00,"24,200.00"
2019-06-04,2019060401008823,GMFIL,1,54,500,121.00,"60,500.00"
2019-06-04,2019060401008822,GMFIL,59,54,300,121.00,"36,300.00"
2019-06-04,2019060401008488,GMFIL,1,54,500,123.00,"61,500.00"
2019-06-04,2019060401008487,GMFIL,54,54,100,123.00,"12,300.00"
2019-06-04,2019060401008486,GMFIL,35,54,100,123.00,"12,300.00"
2019-06-04,2019060401008485,GMFIL,17,54,300,125.00,"37,500.00"
2019-06-04,2019060401008854,GRDBL,51,1,100,114.00,"11,400.00"
2019-06-04,2019060401008541,HBL,18,22,187,566.00,"105,842.00"
2019-06-04,2019060401008528,HBL,52,21,10,567.00,"5,670.00"
2019-06-04,2019060401008667,HDL,25,39,30,"1,650.00","49,500.00"
2019-06-04,2019060401008666,HDL,53,39,20,"1,650.00","33,000.00"
2019-06-04,2019060401008665,HDL,26,39,20,"1,655.00","33,100.00"
2019-06-04,2019060401008915,HGI,3,43,50,378.00,"18,900.00"
2019-06-04,2019060401008739,HGI,46,44,67,377.00,"25,259.00"
2019-06-04,2019060401008610,HGI,36,1,100,378.00,"37,800.00"
2019-06-04,2019060401008456,HGI,13,17,70,376.00,"26,320.00"
2019-06-04,2019060401008455,HGI,40,17,20,376.00,"7,520.00"
2019-06-04,2019060401008703,HIDCL,1,42,250,163.00,"40,750.00"
2019-06-04,2019060401008702,HIDCL,1,42,250,163.00,"40,750.00"
2019-06-04,2019060401008689,HIDCL,1,17,26,162.00,"4,212.00"
2019-06-04,2019060401008468,HIDCL,1,42,30,162.00,"4,860.00"
2019-06-04,2019060401008601,ICFC,45,38,82,159.00,"13,038.00"
2019-06-04,2019060401008916,IGI,55,34,160,386.00,"61,760.00"
2019-06-04,2019060401008792,JBBL,45,58,109,153.00,"16,677.00"
2019-06-04,2019060401008697,JBBL,45,17,42,153.00,"6,426.00"
2019-06-04,2019060401008582,JBBL,26,38,74,152.00,"11,248.00"
2019-06-04,2019060401008931,JBNL,34,34,500,208.00,"104,000.00"
2019-06-04,2019060401008902,JBNL,34,49,267,208.00,"55,536.00"
2019-06-04,2019060401008901,JBNL,28,49,823,208.00,"171,184.00"
2019-06-04,2019060401008899,JBNL,28,57,100,208.00,"20,800.00"
2019-06-04,2019060401008876,JBNL,28,7,77,208.00,"16,016.00"
2019-06-04,2019060401008875,JBNL,14,7,100,208.00,"20,800.00"
2019-06-04,2019060401008874,JBNL,28,7,73,208.00,"15,184.00"
2019-06-04,2019060401008779,JBNL,28,6,24,208.00,"4,992.00"
2019-06-04,2019060401008571,JBNL,28,38,10,208.00,"2,080.00"
2019-06-04,2019060401008930,JOSHI,29,3,20,89.00,"1,780.00"
2019-06-04,2019060401008893,JOSHI,29,3,20,89.00,"1,780.00"
2019-06-04,2019060401008836,JOSHI,29,3,20,89.00,"1,780.00"
2019-06-04,2019060401008718,JOSHI,35,17,20,90.00,"1,800.00"
2019-06-04,2019060401008898,KBBL,58,42,"10,000",241.00,"2,410,000.00"
2019-06-04,2019060401008897,KBBL,58,42,"2,000",241.00,"482,000.00"
2019-06-04,2019060401008896,KBBL,58,22,100,240.00,"24,000.00"
2019-06-04,2019060401008882,KBBL,39,22,100,240.00,"24,000.00"
2019-06-04,2019060401008881,KBBL,39,32,100,240.00,"24,000.00"
2019-06-04,2019060401008526,KBBL,1,42,"1,000",240.00,"240,000.00"
2019-06-04,2019060401008525,KBBL,58,42,"3,000",240.00,"720,000.00"
2019-06-04,2019060401008524,KBBL,58,42,500,240.00,"120,000.00"
2019-06-04,2019060401008523,KBBL,47,42,472,241.00,"113,752.00"
2019-06-04,2019060401008522,KBBL,43,42,"1,000",241.00,"241,000.00"
2019-06-04,2019060401008921,KBL,56,43,50,217.00,"10,850.00"
2019-06-04,2019060401008920,KBL,56,22,150,217.00,"32,550.00"
2019-06-04,2019060401008856,KBL,59,43,100,217.00,"21,700.00"
2019-06-04,2019060401008824,KBL,53,43,67,217.00,"14,539.00"
2019-06-04,2019060401008736,KBL,53,17,33,217.00,"7,161.00"
2019-06-04,2019060401008732,KBL,53,1,100,217.00,"21,700.00"
2019-06-04,2019060401008731,KBL,14,1,100,217.00,"21,700.00"
2019-06-04,2019060401008730,KBL,57,1,300,217.00,"65,100.00"
2019-06-04,2019060401008543,KBL,36,40,60,216.00,"12,960.00"
2019-06-04,2019060401008551,KKHC,42,34,16,67.00,"1,072.00"
2019-06-04,2019060401008446,KKHC,42,41,10,67.00,670.00
2019-06-04,2019060401008895,KNBL,49,39,500,193.00,"96,500.00"
2019-06-04,2019060401008894,KNBL,49,4,68,193.00,"13,124.00"
2019-06-04,2019060401008829,KNBL,49,4,132,193.00,"25,476.00"
2019-06-04,2019060401008821,KNBL,49,25,37,193.00,"7,141.00"
2019-06-04,2019060401008753,KNBL,44,5,169,193.00,"32,617.00"
2019-06-04,2019060401008627,KNBL,6,35,10,194.00,"1,940.00"
2019-06-04,2019060401008593,KNBL,44,4,100,191.00,"19,100.00"
2019-06-04,2019060401008570,KPCL,46,47,10,95.00,950.00
2019-06-04,2019060401008752,KRBL,33,17,63,115.00,"7,245.00"
2019-06-04,2019060401008549,KRBL,33,38,76,115.00,"8,740.00"
2019-06-04,2019060401008791,LBL,11,46,150,219.00,"32,850.00"
2019-06-04,2019060401008787,LBL,43,17,16,218.00,"3,488.00"
2019-06-04,2019060401008765,LBL,43,22,150,218.00,"32,700.00"
2019-06-04,2019060401008587,LBL,11,34,13,218.00,"2,834.00"
2019-06-04,2019060401008529,LBL,45,46,500,219.00,"109,500.00"
2019-06-04,2019060401008788,LLBS,11,44,74,740.00,"54,760.00"
2019-06-04,2019060401008530,LLBS,13,44,16,740.00,"11,840.00"
2019-06-04,2019060401008512,LLBS,3,44,10,740.00,"7,400.00"
2019-06-04,2019060401008496,LLBS,25,16,12,738.00,"8,856.00"
2019-06-04,2019060401008495,LLBS,57,16,88,738.00,"64,944.00"
2019-06-04,2019060401008830,MBL,20,40,30,267.00,"8,010.00"
2019-06-04,2019060401008801,MDB,19,17,109,243.00,"26,487.00"
2019-06-04,2019060401008796,MEGA,46,57,500,201.00,"100,500.00"
2019-06-04,2019060401008615,MEGA,41,34,230,200.00,"46,000.00"
2019-06-04,2019060401008614,MEGA,39,34,200,200.00,"40,000.00"
2019-06-04,2019060401008613,MEGA,19,34,500,200.00,"100,000.00"
2019-06-04,2019060401008612,MEGA,6,34,78,200.00,"15,600.00"
2019-06-04,2019060401008597,MEGA,45,57,100,201.00,"20,100.00"
2019-06-04,2019060401008494,MEGA,40,29,101,201.00,"20,301.00"
2019-06-04,2019060401008521,MEGA,59,57,"1,000",201.00,"201,000.00"
2019-06-04,2019060401008520,MEGA,14,57,500,201.00,"100,500.00"
2019-06-04,2019060401008519,MEGA,51,57,"1,000",201.00,"201,000.00"
2019-06-04,2019060401008518,MEGA,59,57,300,201.00,"60,300.00"
2019-06-04,2019060401008517,MEGA,39,57,200,201.00,"40,200.00"
2019-06-04,2019060401008516,MEGA,40,57,140,201.00,"28,140.00"
2019-06-04,2019060401008483,MERO,29,26,22,563.00,"12,386.00"
2019-06-04,2019060401008482,MERO,14,26,30,563.00,"16,890.00"
2019-06-04,2019060401008481,MERO,56,26,15,564.00,"8,460.00"
2019-06-04,2019060401008815,MLBL,48,17,11,194.00,"2,134.00"
2019-06-04,2019060401008578,MNBBL,22,52,134,371.00,"49,714.00"
2019-06-04,2019060401008533,MNBBL,14,52,500,371.00,"185,500.00"
2019-06-04,2019060401008660,NABIL,36,6,20,834.00,"16,680.00"
2019-06-04,2019060401008761,NADEP,5,40,10,451.00,"4,510.00"
2019-06-04,2019060401008719,NADEP,5,40,10,451.00,"4,510.00"
2019-06-04,2019060401008878,NBB,21,58,100,223.00,"22,300.00"
2019-06-04,2019060401008580,NBB,59,58,200,223.00,"44,600.00"
2019-06-04,2019060401008568,NBB,17,25,130,222.00,"28,860.00"
2019-06-04,2019060401008567,NBB,43,25,400,222.00,"88,800.00"
2019-06-04,2019060401008566,NBB,11,25,470,222.00,"104,340.00"
2019-06-04,2019060401008511,NBB,44,58,100,223.00,"22,300.00"
2019-06-04,2019060401008510,NBB,40,58,795,223.00,"177,285.00"
2019-06-04,2019060401008500,NBB,40,5,100,223.00,"22,300.00"
2019-06-04,2019060401008457,NBB,40,32,10,223.00,"2,230.00"
2019-06-04,2019060401008863,NBL,34,21,100,330.00,"33,000.00"
2019-06-04,2019060401008862,NBL,34,45,20,330.00,"6,600.00"
2019-06-04,2019060401008861,NBL,34,19,906,330.00,"298,980.00"
2019-06-04,2019060401008853,NBL,29,19,25,330.00,"8,250.00"
2019-06-04,2019060401008841,NBL,10,19,69,330.00,"22,770.00"
2019-06-04,2019060401008840,NBL,10,45,30,330.00,"9,900.00"
2019-06-04,2019060401008711,NBL,44,47,800,330.00,"264,000.00"
2019-06-04,2019060401008710,NBL,44,47,"1,160",330.00,"382,800.00"
2019-06-04,2019060401008709,NBL,44,47,250,330.00,"82,500.00"
2019-06-04,2019060401008708,NBL,44,39,958,330.00,"316,140.00"
2019-06-04,2019060401008694,NBL,44,39,"5,000",330.00,"1,650,000.00"
2019-06-04,2019060401008717,NBL,44,39,252,330.00,"83,160.00"
2019-06-04,2019060401008716,NBL,44,47,250,330.00,"82,500.00"
2019-06-04,2019060401008715,NBL,44,47,740,330.00,"244,200.00"
2019-06-04,2019060401008714,NBL,44,47,240,330.00,"79,200.00"
2019-06-04,2019060401008713,NBL,44,47,200,330.00,"66,000.00"
2019-06-04,2019060401008712,NBL,44,47,150,330.00,"49,500.00"
2019-06-04,2019060401008839,NBL,10,45,101,330.00,"33,330.00"
2019-06-04,2019060401008817,NBL,3,45,19,330.00,"6,270.00"
2019-06-04,2019060401008816,NBL,3,47,81,330.00,"26,730.00"
2019-06-04,2019060401008745,NBL,14,47,109,330.00,"35,970.00"
2019-06-04,2019060401008744,NBL,14,39,191,330.00,"63,030.00"
2019-06-04,2019060401008726,NBL,52,39,300,330.00,"99,000.00"
2019-06-04,2019060401008939,NCCB,51,5,500,258.00,"129,000.00"
2019-06-04,2019060401008879,NCCB,22,32,36,257.00,"9,252.00"
2019-06-04,2019060401008837,NCCB,22,17,43,257.00,"11,051.00"
2019-06-04,2019060401008776,NCCB,22,22,100,257.00,"25,700.00"
2019-06-04,2019060401008755,NCCB,36,36,"2,000",258.00,"516,000.00"
2019-06-04,2019060401008738,NCCB,36,4,600,258.00,"154,800.00"
2019-06-04,2019060401008691,NCCB,16,5,"1,000",258.00,"258,000.00"
2019-06-04,2019060401008659,NCCB,22,5,500,258.00,"129,000.00"
2019-06-04,2019060401008652,NCCB,48,5,500,258.00,"129,000.00"
2019-06-04,2019060401008557,NCCB,34,48,684,258.00,"176,472.00"
2019-06-04,2019060401008556,NCCB,34,5,540,258.00,"139,320.00"
2019-06-04,2019060401008858,NHPC,42,7,"1,000",69.00,"69,000.00"
2019-06-04,2019060401008919,NIB,42,29,59,532.00,"31,388.00"
2019-06-04,2019060401008912,NIB,42,33,590,532.00,"313,880.00"
2019-06-04,2019060401008844,NIB,42,17,59,532.00,"31,388.00"
2019-06-04,2019060401008820,NIB,42,6,44,532.00,"23,408.00"
2019-06-04,2019060401008760,NIB,42,1,50,532.00,"26,600.00"
2019-06-04,2019060401008757,NIB,58,38,107,533.00,"57,031.00"
2019-06-04,2019060401008701,NIB,42,32,10,532.00,"5,320.00"
2019-06-04,2019060401008555,NIB,42,43,144,532.00,"76,608.00"
2019-06-04,2019060401008554,NIB,1,43,200,532.00,"106,400.00"
2019-06-04,2019060401008553,NIB,10,43,156,532.00,"82,992.00"
2019-06-04,2019060401008795,NIBPO,34,4,"3,000",505.00,"1,515,000.00"
2019-06-04,2019060401008794,NIBPO,34,22,59,505.00,"29,795.00"
2019-06-04,2019060401008869,NICA,16,25,500,470.00,"235,000.00"
2019-06-04,2019060401008868,NICA,16,6,75,470.00,"35,250.00"
2019-06-04,2019060401008852,NICA,53,17,36,469.00,"16,884.00"
2019-06-04,2019060401008786,NICA,53,33,30,469.00,"14,070.00"
2019-06-04,2019060401008656,NICA,25,33,49,469.00,"22,981.00"
2019-06-04,2019060401008473,NICA,25,33,451,469.00,"211,519.00"
2019-06-04,2019060401008472,NICA,25,33,49,469.00,"22,981.00"
2019-06-04,2019060401008812,NICL,36,1,200,379.00,"75,800.00"
2019-06-04,2019060401008811,NICL,36,21,90,378.00,"34,020.00"
2019-06-04,2019060401008624,NICL,53,16,30,377.00,"11,310.00"
2019-06-04,2019060401008623,NICL,17,16,20,377.00,"7,540.00"
2019-06-04,2019060401008622,NICL,13,16,50,378.00,"18,900.00"
2019-06-04,2019060401008860,NLG,1,17,27,798.00,"21,546.00"
2019-06-04,2019060401008913,NLIC,57,33,26,920.00,"23,920.00"
2019-06-04,2019060401008880,NLIC,40,40,1,919.00,919.00
2019-06-04,2019060401008873,NLIC,41,17,41,916.00,"37,556.00"
2019-06-04,2019060401008872,NLIC,14,17,60,916.00,"54,960.00"
2019-06-04,2019060401008871,NLIC,11,17,25,917.00,"22,925.00"
2019-06-04,2019060401008465,NLIC,36,41,10,915.00,"9,150.00"
2019-06-04,2019060401008728,NMBMF,46,26,100,"1,066.00","106,600.00"
2019-06-04,2019060401008704,NMBMF,26,59,10,"1,086.00","10,860.00"
2019-06-04,2019060401008905,PCBL,41,17,11,303.00,"3,333.00"
2019-06-04,2019060401008900,PCBL,40,34,71,304.00,"21,584.00"
2019-06-04,2019060401008558,PCBL,3,57,20,305.00,"6,100.00"
2019-06-04,2019060401008938,PIC,47,11,16,"1,127.00","18,032.00"
2019-06-04,2019060401008859,PIC,35,40,1,"1,133.00","1,133.00"
2019-06-04,2019060401008855,PIC,45,33,10,"1,134.00","11,340.00"
2019-06-04,2019060401008798,PIC,37,40,11,"1,127.00","12,397.00"
2019-06-04,2019060401008729,PIC,37,3,80,"1,127.00","90,160.00"
2019-06-04,2019060401008684,PIC,40,40,1,"1,126.00","1,126.00"
2019-06-04,2019060401008632,PIC,53,3,100,"1,127.00","112,700.00"
2019-06-04,2019060401008631,PIC,37,3,100,"1,127.00","112,700.00"
2019-06-04,2019060401008630,PIC,37,3,100,"1,127.00","112,700.00"
2019-06-04,2019060401008629,PIC,21,3,20,"1,128.00","22,560.00"
2019-06-04,2019060401008621,PIC,21,42,40,"1,128.00","45,120.00"
2019-06-04,2019060401008620,PIC,50,42,10,"1,130.00","11,300.00"
2019-06-04,2019060401008922,PLIC,13,17,98,455.00,"44,590.00"
2019-06-04,2019060401008657,PLIC,57,26,39,455.00,"17,745.00"
2019-06-04,2019060401008932,PMHPL,10,17,10,107.00,"1,070.00"
2019-06-04,2019060401008596,PMHPL,10,47,10,107.00,"1,070.00"
2019-06-04,2019060401008507,PMHPL,10,47,10,107.00,"1,070.00"
2019-06-04,2019060401008923,PPCL,54,20,10,126.00,"1,260.00"
2019-06-04,2019060401008904,PPCL,54,20,10,126.00,"1,260.00"
2019-06-04,2019060401008891,PPCL,54,20,10,126.00,"1,260.00"
2019-06-04,2019060401008890,PPCL,54,49,10,126.00,"1,260.00"
2019-06-04,2019060401008889,PPCL,29,49,20,127.00,"2,540.00"
2019-06-04,2019060401008885,PPCL,29,41,30,127.00,"3,810.00"
2019-06-04,2019060401008470,PPCL,43,49,30,126.00,"3,780.00"
2019-06-04,2019060401008459,PPCL,43,41,30,126.00,"3,780.00"
2019-06-04,2019060401008454,PPCL,43,49,20,126.00,"2,520.00"
2019-06-04,2019060401008687,PPCL,29,39,10,127.00,"1,270.00"
2019-06-04,2019060401008646,PPCL,29,51,10,127.00,"1,270.00"
2019-06-04,2019060401008552,PPCL,29,36,10,127.00,"1,270.00"
2019-06-04,2019060401008497,PPCL,54,4,100,126.00,"12,600.00"
2019-06-04,2019060401008492,PPCL,43,41,20,126.00,"2,520.00"
2019-06-04,2019060401008491,PPCL,43,57,20,126.00,"2,520.00"
2019-06-04,2019060401008867,PPCL,54,20,10,126.00,"1,260.00"
2019-06-04,2019060401008857,PPCL,54,20,10,126.00,"1,260.00"
2019-06-04,2019060401008838,PPCL,51,20,10,127.00,"1,270.00"
2019-06-04,2019060401008826,PPCL,51,20,10,127.00,"1,270.00"
2019-06-04,2019060401008809,PPCL,29,20,10,127.00,"1,270.00"
2019-06-04,2019060401008693,PPCL,29,19,10,127.00,"1,270.00"
2019-06-04,2019060401008784,PRIN,1,48,82,398.00,"32,636.00"
2019-06-04,2019060401008783,PRIN,35,48,100,398.00,"39,800.00"
2019-06-04,2019060401008782,PRIN,48,48,10,398.00,"3,980.00"
2019-06-04,2019060401008781,PRIN,56,48,60,398.00,"23,880.00"
2019-06-04,2019060401008780,PRIN,19,48,185,399.00,"73,815.00"
2019-06-04,2019060401008722,PRIN,19,21,15,399.00,"5,985.00"
2019-06-04,2019060401008851,PRVU,59,32,25,273.00,"6,825.00"
2019-06-04,2019060401008754,PRVU,52,33,50,274.00,"13,700.00"
2019-06-04,2019060401008706,PRVU,59,22,65,273.00,"17,745.00"
2019-06-04,2019060401008705,PRVU,50,22,235,273.00,"64,155.00"
2019-06-04,2019060401008698,PRVU,25,33,"1,000",274.00,"274,000.00"
2019-06-04,2019060401008643,PRVU,33,33,"7,813",274.00,"2,140,762.00"
2019-06-04,2019060401008642,PRVU,33,33,500,274.00,"137,000.00"
2019-06-04,2019060401008641,PRVU,33,33,"1,000",274.00,"274,000.00"
2019-06-04,2019060401008640,PRVU,33,33,687,274.00,"188,238.00"
2019-06-04,2019060401008514,PRVU,28,33,223,274.00,"61,102.00"
2019-06-04,2019060401008513,PRVU,28,25,277,274.00,"75,898.00"
2019-06-04,2019060401008810,RADHI,52,40,11,163.00,"1,793.00"
2019-06-04,2019060401008819,RBCL,47,39,40,"10,500.00","420,000.00"
2019-06-04,2019060401008818,RBCL,47,39,10,"10,490.00","104,900.00"
2019-06-04,2019060401008670,RBCLPO,34,32,35,"9,450.00","330,750.00"
2019-06-04,2019060401008669,RBCLPO,7,32,10,"9,456.00","94,560.00"
2019-06-04,2019060401008668,RBCLPO,34,32,15,"9,460.00","141,900.00"
2019-06-04,2019060401008639,RBCLPO,50,10,10,"9,461.00","94,610.00"
2019-06-04,2019060401008576,RBCLPO,34,33,15,"9,460.00","141,900.00"
2019-06-04,2019060401008606,RRHP,25,47,10,106.00,"1,060.00"
2019-06-04,2019060401008534,RRHP,25,47,10,106.00,"1,060.00"
2019-06-04,2019060401008503,RSDC,32,26,40,374.00,"14,960.00"
2019-06-04,2019060401008502,RSDC,37,26,50,374.00,"18,700.00"
2019-06-04,2019060401008914,SADBL,28,32,100,151.00,"15,100.00"
2019-06-04,2019060401008835,SANIMA,45,34,668,352.00,"235,136.00"
2019-06-04,2019060401008527,SANIMA,45,29,100,352.00,"35,200.00"
2019-06-04,2019060401008469,SANIMA,45,56,232,352.00,"81,664.00"
2019-06-04,2019060401008598,SBI,3,25,10,475.00,"4,750.00"
2019-06-04,2019060401008800,SBL,53,28,465,332.00,"154,380.00"
2019-06-04,2019060401008789,SBL,40,22,200,331.00,"66,200.00"
2019-06-04,2019060401008635,SBL,40,5,200,331.00,"66,200.00"
2019-06-04,2019060401008934,SCB,48,38,26,676.00,"17,576.00"
2019-06-04,2019060401008917,SCB,43,34,50,678.00,"33,900.00"
2019-06-04,2019060401008489,SCB,48,41,20,676.00,"13,520.00"
2019-06-04,2019060401008686,SDESI,49,26,12,600.00,"7,200.00"
2019-06-04,2019060401008685,SDESI,49,26,12,600.00,"7,200.00"
2019-06-04,2019060401008866,SEF,57,57,"10,000",9.61,"96,100.00"
2019-06-04,2019060401008721,SEF,57,57,"40,000",9.61,"384,400.00"
2019-06-04,2019060401008937,SHIVM,34,55,100,671.00,"67,100.00"
2019-06-04,2019060401008936,SHIVM,36,47,35,671.00,"23,485.00"
2019-06-04,2019060401008928,SHIVM,36,47,15,671.00,"10,065.00"
2019-06-04,2019060401008927,SHIVM,46,47,25,671.00,"16,775.00"
2019-06-04,2019060401008848,SHIVM,46,28,50,671.00,"33,550.00"
2019-06-04,2019060401008845,SHIVM,46,58,25,671.00,"16,775.00"
2019-06-04,2019060401008447,SHIVM,17,49,500,670.00,"335,000.00"
2019-06-04,2019060401008443,SHIVM,17,45,200,670.00,"134,000.00"
2019-06-04,2019060401008442,SHIVM,17,48,50,670.00,"33,500.00"
2019-06-04,2019060401008462,SHIVM,40,47,20,670.00,"13,400.00"
2019-06-04,2019060401008461,SHIVM,35,47,20,671.00,"13,420.00"
2019-06-04,2019060401008452,SHIVM,40,42,140,670.00,"93,800.00"
2019-06-04,2019060401008451,SHIVM,33,42,500,670.00,"335,000.00"
2019-06-04,2019060401008450,SHIVM,18,42,100,670.00,"67,000.00"
2019-06-04,2019060401008449,SHIVM,17,42,250,670.00,"167,500.00"
2019-06-04,2019060401008506,SHIVM,40,47,40,670.00,"26,800.00"
2019-06-04,2019060401008504,SHIVM,40,42,230,670.00,"154,100.00"
2019-06-04,2019060401008501,SHIVM,46,49,200,671.00,"134,200.00"
2019-06-04,2019060401008493,SHIVM,40,47,40,670.00,"26,800.00"
2019-06-04,2019060401008480,SHIVM,40,48,50,670.00,"33,500.00"
2019-06-04,2019060401008474,SHIVM,40,47,40,670.00,"26,800.00"
2019-06-04,2019060401008574,SHIVM,58,16,150,669.00,"100,350.00"
2019-06-04,2019060401008569,SHIVM,58,47,40,669.00,"26,760.00"
2019-06-04,2019060401008560,SHIVM,58,38,10,669.00,"6,690.00"
2019-06-04,2019060401008559,SHIVM,45,38,60,669.00,"40,140.00"
2019-06-04,2019060401008544,SHIVM,45,47,40,669.00,"26,760.00"
2019-06-04,2019060401008515,SHIVM,40,43,440,670.00,"294,800.00"
2019-06-04,2019060401008595,SHIVM,45,38,"1,970",668.00,"1,315,960.00"
2019-06-04,2019060401008594,SHIVM,46,38,30,668.00,"20,040.00"
2019-06-04,2019060401008583,SHIVM,59,43,560,670.00,"375,200.00"
2019-06-04,2019060401008581,SHIVM,46,47,50,668.00,"33,400.00"
2019-06-04,2019060401008575,SHIVM,46,16,150,668.00,"100,200.00"
2019-06-04,2019060401008651,SHIVM,52,47,40,668.00,"26,720.00"
2019-06-04,2019060401008636,SHIVM,52,47,40,668.00,"26,720.00"
2019-06-04,2019060401008626,SHIVM,52,3,200,668.00,"133,600.00"
2019-06-04,2019060401008617,SHIVM,52,47,40,668.00,"26,720.00"
2019-06-04,2019060401008605,SHIVM,52,47,10,668.00,"6,680.00"
2019-06-04,2019060401008604,SHIVM,45,47,30,668.00,"20,040.00"
2019-06-04,2019060401008690,SHIVM,46,36,50,671.00,"33,550.00"
2019-06-04,2019060401008688,SHIVM,46,47,30,671.00,"20,130.00"
2019-06-04,2019060401008679,SHIVM,8,29,300,676.00,"202,800.00"
2019-06-04,2019060401008678,SHIVM,42,47,30,670.00,"20,100.00"
2019-06-04,2019060401008658,SHIVM,48,47,40,669.00,"26,760.00"
2019-06-04,2019060401008655,SHIVM,48,6,30,669.00,"20,070.00"
2019-06-04,2019060401008833,SHIVM,19,19,100,672.00,"67,200.00"
2019-06-04,2019060401008759,SHIVM,46,47,30,671.00,"20,130.00"
2019-06-04,2019060401008742,SHIVM,46,47,30,671.00,"20,130.00"
2019-06-04,2019060401008720,SHIVM,46,47,30,671.00,"20,130.00"
2019-06-04,2019060401008699,SHIVM,46,47,30,671.00,"20,130.00"
2019-06-04,2019060401008911,SHL,11,38,100,232.00,"23,200.00"
2019-06-04,2019060401008910,SHL,35,38,100,233.00,"23,300.00"
2019-06-04,2019060401008909,SHL,34,38,"1,000",233.00,"233,000.00"
2019-06-04,2019060401008908,SHL,39,38,100,233.00,"23,300.00"
2019-06-04,2019060401008907,SHL,43,38,700,234.00,"163,800.00"
2019-06-04,2019060401008906,SHL,22,38,100,235.00,"23,500.00"
2019-06-04,2019060401008674,SHL,22,58,500,235.00,"117,500.00"
2019-06-04,2019060401008749,SHPC,40,56,350,258.00,"90,300.00"
2019-06-04,2019060401008618,SHPC,40,59,500,258.00,"129,000.00"
2019-06-04,2019060401008608,SHPC,40,38,60,258.00,"15,480.00"
2019-06-04,2019060401008727,SIC,37,51,50,"1,345.00","67,250.00"
2019-06-04,2019060401008799,SICL,22,37,103,840.00,"86,520.00"
2019-06-04,2019060401008647,SICL,36,37,10,840.00,"8,400.00"
2019-06-04,2019060401008808,SKBBL,49,17,340,971.00,"330,140.00"
2019-06-04,2019060401008807,SKBBL,41,17,25,971.00,"24,275.00"
2019-06-04,2019060401008806,SKBBL,43,17,20,971.00,"19,420.00"
2019-06-04,2019060401008805,SKBBL,43,17,50,971.00,"48,550.00"
2019-06-04,2019060401008804,SKBBL,43,17,15,971.00,"14,565.00"
2019-06-04,2019060401008828,SPARS,7,35,10,530.00,"5,300.00"
2019-06-04,2019060401008677,SPARS,7,34,20,531.00,"10,620.00"
2019-06-04,2019060401008834,SRBL,54,34,300,253.00,"75,900.00"
2019-06-04,2019060401008832,SRBL,20,17,52,254.00,"13,208.00"
2019-06-04,2019060401008793,TRH,25,50,500,327.00,"163,500.00"
2019-06-04,2019060401008751,TRH,29,49,500,326.00,"163,000.00"
2019-06-04,2019060401008750,TRH,29,45,150,325.00,"48,750.00"
2019-06-04,2019060401008748,TRH,14,45,150,325.00,"48,750.00"
2019-06-04,2019060401008484,TRH,45,50,30,318.00,"9,540.00"
2019-06-04,2019060401008463,TRH,25,50,100,318.00,"31,800.00"
2019-06-04,2019060401008540,TRH,49,57,280,320.00,"89,600.00"
2019-06-04,2019060401008539,TRH,49,50,"1,000",320.00,"320,000.00"
2019-06-04,2019060401008538,TRH,49,7,500,320.00,"160,000.00"
2019-06-04,2019060401008537,TRH,49,32,350,320.00,"112,000.00"
2019-06-04,2019060401008536,TRH,49,7,"1,000",319.00,"319,000.00"
2019-06-04,2019060401008535,TRH,49,50,870,318.00,"276,660.00"
2019-06-04,2019060401008676,TRH,45,7,480,325.00,"156,000.00"
2019-06-04,2019060401008664,TRH,45,35,500,324.00,"162,000.00"
2019-06-04,2019060401008654,TRH,58,5,300,323.00,"96,900.00"
2019-06-04,2019060401008644,TRH,45,50,500,322.00,"161,000.00"
2019-06-04,2019060401008638,TRH,25,50,500,322.00,"161,000.00"
2019-06-04,2019060401008625,TRH,45,57,20,320.00,"6,400.00"
2019-06-04,2019060401008747,TRH,14,7,20,325.00,"6,500.00"
2019-06-04,2019060401008746,TRH,14,50,150,324.00,"48,600.00"
2019-06-04,2019060401008741,TRH,14,50,500,324.00,"162,000.00"
2019-06-04,2019060401008740,TRH,42,50,350,324.00,"113,400.00"
2019-06-04,2019060401008696,TRH,42,50,650,324.00,"210,600.00"
2019-06-04,2019060401008692,TRH,25,50,350,324.00,"113,400.00"
2019-06-04,2019060401008758,UIC,19,19,60,980.00,"58,800.00"
2019-06-04,2019060401008743,UIC,19,17,200,979.00,"195,800.00"
2019-06-04,2019060401008550,UIC,17,4,100,971.00,"97,100.00"
2019-06-04,2019060401008546,UIC,6,16,100,972.00,"97,200.00"
2019-06-04,2019060401008545,UIC,36,16,100,972.00,"97,200.00"
2019-06-04,2019060401008498,UMHL,26,41,10,115.00,"1,150.00"
2019-06-04,2019060401008737,UPCL,29,40,50,93.00,"4,650.00"
2019-06-04,2019060401008490,UPCL,29,43,50,93.00,"4,650.00"
2019-06-04,2019060401008926,UPPER,25,38,208,276.00,"57,408.00"
2019-06-04,2019060401008925,UPPER,25,21,50,276.00,"13,800.00"
2019-06-04,2019060401008924,UPPER,25,3,42,276.00,"11,592.00"
2019-06-04,2019060401008888,UPPER,29,3,82,276.00,"22,632.00"
2019-06-04,2019060401008847,UPPER,53,3,111,276.00,"30,636.00"
2019-06-04,2019060401008448,UPPER,28,51,436,276.00,"120,336.00"
2019-06-04,2019060401008441,UPPER,28,41,64,276.00,"17,664.00"
2019-06-04,2019060401008440,UPPER,11,41,36,276.00,"9,936.00"
2019-06-04,2019060401008577,UPPER,32,51,100,276.00,"27,600.00"
2019-06-04,2019060401008561,UPPER,8,51,300,276.00,"82,800.00"
2019-06-04,2019060401008542,UPPER,45,51,100,276.00,"27,600.00"
2019-06-04,2019060401008509,UPPER,42,41,40,275.00,"11,000.00"
2019-06-04,2019060401008508,UPPER,42,41,10,275.00,"2,750.00"
2019-06-04,2019060401008649,UPPER,11,21,50,275.00,"13,750.00"
2019-06-04,2019060401008648,UPPER,42,21,39,275.00,"10,725.00"
2019-06-04,2019060401008619,UPPER,42,47,40,275.00,"11,000.00"
2019-06-04,2019060401008607,UPPER,21,21,6,271.00,"1,626.00"
2019-06-04,2019060401008602,UPPER,22,51,200,276.00,"55,200.00"
2019-06-04,2019060401008599,UPPER,42,28,881,275.00,"242,275.00"
2019-06-04,2019060401008675,UPPER,32,51,200,276.00,"55,200.00"
2019-06-04,2019060401008673,UPPER,59,43,40,275.00,"11,000.00"
2019-06-04,2019060401008663,UPPER,59,25,861,275.00,"236,775.00"
2019-06-04,2019060401008662,UPPER,49,25,50,275.00,"13,750.00"
2019-06-04,2019060401008661,UPPER,34,25,89,275.00,"24,475.00"
2019-06-04,2019060401008650,UPPER,34,21,11,275.00,"3,025.00"
2019-06-04,2019060401008846,UPPER,53,40,189,276.00,"52,164.00"
2019-06-04,2019060401008825,UPPER,52,40,100,276.00,"27,600.00"
2019-06-04,2019060401008803,UPPER,52,40,40,276.00,"11,040.00"
2019-06-04,2019060401008790,UPPER,59,28,"1,000",275.00,"275,000.00"
2019-06-04,2019060401008763,UPPER,52,40,171,276.00,"47,196.00"
2019-06-04,2019060401008762,UPPER,52,51,729,276.00,"201,204.00"
2019-06-04,2019060401008579,VLBS,11,42,13,536.00,"6,968.00"
2019-06-04,2019060401008695,VLBS,41,42,13,538.00,"6,994.00"
2019-06-04,2019060401008392,ADBL,49,4,500,415.00,"207,500.00"
2019-06-04,2019060401008299,ADBL,49,28,716,415.00,"297,140.00"
2019-06-04,2019060401008280,ADBL,49,50,21,415.00,"8,715.00"
2019-06-04,2019060401008279,ADBL,49,53,190,415.00,"78,850.00"
2019-06-04,2019060401008278,ADBL,35,53,200,415.00,"83,000.00"
2019-06-04,2019060401008277,ADBL,34,53,10,415.00,"4,150.00"
2019-06-04,2019060401008265,ADBL,34,4,190,415.00,"78,850.00"
2019-06-04,2019060401008264,ADBL,21,4,100,415.00,"41,500.00"
2019-06-04,2019060401008263,ADBL,53,4,"1,000",415.00,"415,000.00"
2019-06-04,2019060401008262,ADBL,46,4,200,415.00,"83,000.00"
2019-06-04,2019060401008261,ADBL,49,4,510,415.00,"211,650.00"
2019-06-04,2019060401008002,ADBL,49,54,50,415.00,"20,750.00"
2019-06-04,2019060401008269,AHPC,41,38,200,109.00,"21,800.00"
2019-06-04,2019060401008134,AHPC,45,52,221,108.00,"23,868.00"
2019-06-04,2019060401008028,AHPC,49,38,200,109.00,"21,800.00"
2019-06-04,2019060401008027,AHPC,21,38,600,109.00,"65,400.00"
2019-06-04,2019060401007966,ALBSL,43,6,10,433.00,"4,330.00"
2019-06-04,2019060401008018,ALICL,59,43,48,403.00,"19,344.00"
2019-06-04,2019060401008017,ALICL,33,43,141,403.00,"56,823.00"
2019-06-04,2019060401008339,API,25,42,50,152.00,"7,600.00"
2019-06-04,2019060401008130,API,5,40,18,151.00,"2,718.00"
2019-06-04,2019060401008088,BARUN,40,40,10,96.00,960.00
2019-06-04,2019060401008411,BOKL,51,32,10,268.00,"2,680.00"
2019-06-04,2019060401008410,BPCL,59,41,11,412.00,"4,532.00"
2019-06-04,2019060401007985,BPCL,36,41,22,411.00,"9,042.00"
2019-06-04,2019060401008423,CBL,37,6,50,146.00,"7,300.00"
2019-06-04,2019060401008219,CBL,37,54,"1,340",146.00,"195,640.00"
2019-06-04,2019060401008218,CBL,6,54,500,146.00,"73,000.00"
2019-06-04,2019060401008217,CBL,52,54,100,146.00,"14,600.00"
2019-06-04,2019060401008216,CBL,16,54,70,146.00,"10,220.00"
2019-06-04,2019060401008215,CBL,45,54,150,146.00,"21,900.00"
2019-06-04,2019060401008214,CBL,8,54,200,146.00,"29,200.00"
2019-06-04,2019060401008213,CBL,6,54,50,146.00,"7,300.00"
2019-06-04,2019060401008212,CBL,45,54,300,146.00,"43,800.00"
2019-06-04,2019060401008211,CBL,56,54,182,146.00,"26,572.00"
2019-06-04,2019060401008210,CBL,41,54,108,147.00,"15,876.00"
2019-06-04,2019060401008141,CBL,41,22,42,147.00,"6,174.00"
2019-06-04,2019060401008424,CCBL,43,14,10,167.00,"1,670.00"
2019-06-04,2019060401008412,CCBL,43,14,10,167.00,"1,670.00"
2019-06-04,2019060401008393,CCBL,43,14,10,167.00,"1,670.00"
2019-06-04,2019060401008385,CCBL,48,52,890,166.00,"147,740.00"
2019-06-04,2019060401008384,CCBL,28,52,500,166.00,"83,000.00"
2019-06-04,2019060401008383,CCBL,41,52,"1,000",166.00,"166,000.00"
2019-06-04,2019060401008333,CCBL,43,14,10,167.00,"1,670.00"
2019-06-04,2019060401008382,CCBL,22,52,100,166.00,"16,600.00"
2019-06-04,2019060401008381,CCBL,33,52,300,166.00,"49,800.00"
2019-06-04,2019060401008380,CCBL,32,52,210,166.00,"34,860.00"
2019-06-04,2019060401008367,CCBL,43,14,10,167.00,"1,670.00"
2019-06-04,2019060401008355,CCBL,55,14,500,167.00,"83,500.00"
2019-06-04,2019060401008352,CCBL,43,14,10,167.00,"1,670.00"
2019-06-04,2019060401008061,CEFL,50,42,500,100.00,"50,000.00"
2019-06-04,2019060401008173,CHCL,54,52,65,522.00,"33,930.00"
2019-06-04,2019060401007975,CHCL,6,59,297,523.00,"155,331.00"
2019-06-04,2019060401007974,CHCL,45,59,102,523.00,"53,346.00"
2019-06-04,2019060401007973,CHCL,17,59,50,523.00,"26,150.00"
2019-06-04,2019060401007972,CHCL,6,59,41,523.00,"21,443.00"
2019-06-04,2019060401008377,CHLBS,35,21,10,443.00,"4,430.00"
2019-06-04,2019060401008340,CIT,45,6,10,"2,560.00","25,600.00"
2019-06-04,2019060401008107,CIT,45,8,10,"2,551.00","25,510.00"
2019-06-04,2019060401008394,CZBIL,43,17,42,224.00,"9,408.00"
2019-06-04,2019060401008225,CZBIL,43,45,405,224.00,"90,720.00"
2019-06-04,2019060401008224,CZBIL,39,45,100,224.00,"22,400.00"
2019-06-04,2019060401008223,CZBIL,54,45,495,224.00,"110,880.00"
2019-06-04,2019060401008415,DBBL,44,29,30,146.00,"4,380.00"
2019-06-04,2019060401008307,DBBL,16,19,415,145.00,"60,175.00"
2019-06-04,2019060401008306,DBBL,17,19,298,145.00,"43,210.00"
2019-06-04,2019060401008289,DBBL,17,46,702,145.00,"101,790.00"
2019-06-04,2019060401008288,DBBL,46,46,200,145.00,"29,000.00"
2019-06-04,2019060401008287,DBBL,52,46,100,145.00,"14,500.00"
2019-06-04,2019060401007950,DBBL,17,19,100,146.00,"14,600.00"
2019-06-04,2019060401007949,DBBL,45,19,200,146.00,"29,200.00"
2019-06-04,2019060401007948,DBBL,26,19,"2,000",146.00,"292,000.00"
2019-06-04,2019060401007947,DBBL,56,19,200,146.00,"29,200.00"
2019-06-04,2019060401007946,DBBL,17,19,697,146.00,"101,762.00"
2019-06-04,2019060401008236,DBBL,51,5,27,145.00,"3,915.00"
2019-06-04,2019060401008235,DBBL,7,5,473,145.00,"68,585.00"
2019-06-04,2019060401008220,DBBL,7,42,300,145.00,"43,500.00"
2019-06-04,2019060401007953,DBBL,49,19,30,146.00,"4,380.00"
2019-06-04,2019060401007952,DBBL,38,19,42,146.00,"6,132.00"
2019-06-04,2019060401007951,DBBL,26,19,"2,000",146.00,"292,000.00"
2019-06-04,2019060401008286,DBBL,44,46,500,145.00,"72,500.00"
2019-06-04,2019060401008285,DBBL,32,46,100,145.00,"14,500.00"
2019-06-04,2019060401008284,DBBL,57,46,500,145.00,"72,500.00"
2019-06-04,2019060401008283,DBBL,26,46,500,145.00,"72,500.00"
2019-06-04,2019060401008282,DBBL,42,46,100,145.00,"14,500.00"
2019-06-04,2019060401008281,DBBL,51,46,"4,973",145.00,"721,085.00"
2019-06-04,2019060401008156,DDBL,19,6,127,699.00,"88,773.00"
2019-06-04,2019060401008155,DDBL,19,26,49,699.00,"34,251.00"
2019-06-04,2019060401008341,EBL,28,21,112,667.00,"74,704.00"
2019-06-04,2019060401008335,EBL,25,16,63,668.00,"42,084.00"
2019-06-04,2019060401008072,EBL,25,57,287,668.00,"191,716.00"
2019-06-04,2019060401008068,EBL,59,57,63,668.00,"42,084.00"
2019-06-04,2019060401008042,EBL,59,43,25,667.00,"16,675.00"
2019-06-04,2019060401007955,EBL,28,57,500,668.00,"334,000.00"
2019-06-04,2019060401008298,FOWAD,4,3,10,"1,439.00","14,390.00"
2019-06-04,2019060401008297,FOWAD,4,26,25,"1,435.00","35,875.00"
2019-06-04,2019060401008095,FOWAD,37,17,20,"1,422.00","28,440.00"
2019-06-04,2019060401008024,FOWAD,4,25,50,"1,434.00","71,700.00"
2019-06-04,2019060401008023,FOWAD,4,7,18,"1,431.00","25,758.00"
2019-06-04,2019060401008022,FOWAD,4,7,18,"1,431.00","25,758.00"
2019-06-04,2019060401008021,FOWAD,4,47,75,"1,430.00","107,250.00"
2019-06-04,2019060401008020,FOWAD,4,47,86,"1,430.00","122,980.00"
2019-06-04,2019060401008004,GBBL,49,17,20,225.00,"4,500.00"
2019-06-04,2019060401008323,GBIME,40,32,29,304.00,"8,816.00"
2019-06-04,2019060401008296,GBIME,40,34,71,304.00,"21,584.00"
2019-06-04,2019060401008228,GBIME,28,42,976,303.00,"295,728.00"
2019-06-04,2019060401008227,GBIME,44,42,50,303.00,"15,150.00"
2019-06-04,2019060401008226,GBIME,55,42,74,303.00,"22,422.00"
2019-06-04,2019060401008194,GBIME,55,33,432,303.00,"130,896.00"
2019-06-04,2019060401008193,GBIME,36,33,68,304.00,"20,672.00"
2019-06-04,2019060401008151,GBIME,36,42,432,304.00,"131,328.00"
2019-06-04,2019060401008150,GBIME,7,42,68,304.00,"20,672.00"
2019-06-04,2019060401008096,GDBL,34,17,117,212.00,"24,804.00"
2019-06-04,2019060401008092,GFCL,17,59,200,125.00,"25,000.00"
2019-06-04,2019060401008091,GFCL,1,59,500,125.00,"62,500.00"
2019-06-04,2019060401008090,GFCL,43,59,15,126.00,"1,890.00"
2019-06-04,2019060401008268,GILB,38,26,173,"1,249.00","216,077.00"
2019-06-04,2019060401008140,GILB,58,26,20,"1,249.00","24,980.00"
2019-06-04,2019060401008139,GILB,58,26,20,"1,265.00","25,300.00"
2019-06-04,2019060401008138,GILB,38,26,30,"1,266.00","37,980.00"
2019-06-04,2019060401008073,GILB,21,21,6,"1,260.00","7,560.00"
2019-06-04,2019060401008409,GRDBL,51,46,"1,000",114.00,"114,000.00"
2019-06-04,2019060401008311,HBL,52,16,90,567.00,"51,030.00"
