Date,Transact. No.,Symbol,Buyer,Seller,Quantity,Rate,Amount
2020-12-15,2020121504001603,BBC,33,35,10,"2,800.00","28,000.00"
2020-12-15,2020121504001602,BBC,49,35,10,"2,800.00","28,000.00"
2020-12-15,2020121504001601,BBC,46,35,10,"2,801.00","28,010.00"
2020-12-15,2020121504001600,BBC,50,35,10,"2,801.00","28,010.00"
2020-12-15,2020121504001599,BBC,47,35,20,"2,810.00","56,200.00"
2020-12-15,2020121504001598,BBC,38,35,10,"2,820.00","28,200.00"
2020-12-15,2020121504001145,BBC,3,45,20,"2,831.00","56,620.00"
2020-12-15,2020121504001120,BBC,3,26,10,"2,831.00","28,310.00"
2020-12-15,2020121504001115,BBC,25,26,10,"2,835.00","28,350.00"
2020-12-15,2020121504001259,BBC,45,56,10,"2,825.00","28,250.00"
2020-12-15,2020121504001248,BBC,6,34,35,"2,830.00","99,050.00"
2020-12-15,2020121504001234,BBC,14,34,100,"2,830.00","283,000.00"
2020-12-15,2020121504001233,BBC,14,34,120,"2,831.00","339,720.00"
2020-12-15,2020121504001232,BBC,53,34,35,"2,832.00","99,120.00"
2020-12-15,2020121504001231,BBC,17,34,10,"2,832.00","28,320.00"
2020-12-15,2020121504001490,BBC,35,35,80,"2,825.00","226,000.00"
2020-12-15,2020121504001475,BBC,38,38,10,"2,815.00","28,150.00"
2020-12-15,2020121504001474,BBC,10,38,30,"2,815.00","84,450.00"
2020-12-15,2020121504001457,BBC,28,47,10,"2,825.00","28,250.00"
2020-12-15,2020121504001382,BBC,45,45,20,"2,825.00","56,500.00"
2020-12-15,2020121504001327,BBC,47,50,25,"2,825.00","70,625.00"
2020-12-15,2020121504001565,BBC,14,45,10,"2,820.00","28,200.00"
2020-12-15,2020121504001517,BBC,14,35,10,"2,811.00","28,110.00"
2020-12-15,2020121504001516,BBC,14,35,10,"2,811.00","28,110.00"
2020-12-15,2020121504001515,BBC,21,35,10,"2,813.00","28,130.00"
2020-12-15,2020121504001512,BBC,38,47,15,"2,815.00","42,225.00"
2020-12-15,2020121504001511,BBC,45,47,50,"2,816.00","140,800.00"
2020-12-15,2020121504001401,CMF1,51,41,100,10.14,"1,014.00"
2020-12-15,2020121504001311,CMF1,53,52,500,10.00,"5,000.00"
2020-12-15,2020121504001578,GIC,29,20,10,581.00,"5,810.00"
2020-12-15,2020121504001557,GIC,57,28,10,580.00,"5,800.00"
2020-12-15,2020121504001543,GIC,57,16,10,580.00,"5,800.00"
2020-12-15,2020121504001540,GIC,57,17,10,580.00,"5,800.00"
2020-12-15,2020121504001539,GIC,57,21,10,580.00,"5,800.00"
2020-12-15,2020121504001535,GIC,57,36,10,580.00,"5,800.00"
2020-12-15,2020121504001119,GIC,38,45,10,582.00,"5,820.00"
2020-12-15,2020121504001118,GIC,38,55,10,582.00,"5,820.00"
2020-12-15,2020121504001114,GIC,48,59,40,583.00,"23,320.00"
2020-12-15,2020121504001113,GIC,48,29,10,583.00,"5,830.00"
2020-12-15,2020121504001107,GIC,38,55,10,582.00,"5,820.00"
2020-12-15,2020121504001106,GIC,39,29,100,583.00,"58,300.00"
2020-12-15,2020121504001155,GIC,45,26,10,580.00,"5,800.00"
2020-12-15,2020121504001154,GIC,45,26,10,580.00,"5,800.00"
2020-12-15,2020121504001151,GIC,45,58,10,580.00,"5,800.00"
2020-12-15,2020121504001149,GIC,44,48,30,582.00,"17,460.00"
2020-12-15,2020121504001148,GIC,38,48,190,582.00,"110,580.00"
2020-12-15,2020121504001122,GIC,38,45,10,582.00,"5,820.00"
2020-12-15,2020121504001188,GIC,49,51,10,580.00,"5,800.00"
2020-12-15,2020121504001185,GIC,49,26,10,580.00,"5,800.00"
2020-12-15,2020121504001179,GIC,45,42,10,580.00,"5,800.00"
2020-12-15,2020121504001170,GIC,45,29,10,580.00,"5,800.00"
2020-12-15,2020121504001168,GIC,45,16,10,580.00,"5,800.00"
2020-12-15,2020121504001166,GIC,45,39,10,580.00,"5,800.00"
2020-12-15,2020121504001208,GIC,4,38,10,580.00,"5,800.00"
2020-12-15,2020121504001204,GIC,4,34,10,580.00,"5,800.00"
2020-12-15,2020121504001203,GIC,4,26,10,580.00,"5,800.00"
2020-12-15,2020121504001201,GIC,55,55,10,580.00,"5,800.00"
2020-12-15,2020121504001197,GIC,55,47,10,580.00,"5,800.00"
2020-12-15,2020121504001196,GIC,49,26,10,580.00,"5,800.00"
2020-12-15,2020121504001229,GIC,4,36,10,580.00,"5,800.00"
2020-12-15,2020121504001221,GIC,4,52,10,580.00,"5,800.00"
2020-12-15,2020121504001220,GIC,4,17,10,580.00,"5,800.00"
2020-12-15,2020121504001218,GIC,4,45,10,580.00,"5,800.00"
2020-12-15,2020121504001217,GIC,4,33,10,580.00,"5,800.00"
2020-12-15,2020121504001213,GIC,4,47,10,580.00,"5,800.00"
2020-12-15,2020121504001251,GIC,38,38,10,581.00,"5,810.00"
2020-12-15,2020121504001249,GIC,38,26,10,581.00,"5,810.00"
2020-12-15,2020121504001244,GIC,38,33,10,580.00,"5,800.00"
2020-12-15,2020121504001243,GIC,38,26,10,580.00,"5,800.00"
2020-12-15,2020121504001242,GIC,38,43,10,580.00,"5,800.00"
2020-12-15,2020121504001235,GIC,4,33,10,580.00,"5,800.00"
2020-12-15,2020121504001273,GIC,38,16,10,581.00,"5,810.00"
2020-12-15,2020121504001270,GIC,38,28,10,581.00,"5,810.00"
2020-12-15,2020121504001268,GIC,38,36,10,581.00,"5,810.00"
2020-12-15,2020121504001257,GIC,38,17,10,581.00,"5,810.00"
2020-12-15,2020121504001254,GIC,38,54,10,581.00,"5,810.00"
2020-12-15,2020121504001253,GIC,38,28,10,581.00,"5,810.00"
2020-12-15,2020121504001299,GIC,38,17,10,581.00,"5,810.00"
2020-12-15,2020121504001296,GIC,38,37,10,581.00,"5,810.00"
2020-12-15,2020121504001295,GIC,38,53,10,581.00,"5,810.00"
2020-12-15,2020121504001294,GIC,38,46,10,581.00,"5,810.00"
2020-12-15,2020121504001281,GIC,38,48,10,581.00,"5,810.00"
2020-12-15,2020121504001274,GIC,38,41,10,581.00,"5,810.00"
2020-12-15,2020121504001313,GIC,52,35,10,582.00,"5,820.00"
2020-12-15,2020121504001306,GIC,52,58,10,582.00,"5,820.00"
2020-12-15,2020121504001305,GIC,52,43,10,582.00,"5,820.00"
2020-12-15,2020121504001304,GIC,52,48,110,582.00,"64,020.00"
2020-12-15,2020121504001303,GIC,38,35,10,581.00,"5,810.00"
2020-12-15,2020121504001300,GIC,38,36,10,581.00,"5,810.00"
2020-12-15,2020121504001325,GIC,52,38,10,582.00,"5,820.00"
2020-12-15,2020121504001321,GIC,52,25,10,582.00,"5,820.00"
2020-12-15,2020121504001318,GIC,52,44,10,582.00,"5,820.00"
2020-12-15,2020121504001316,GIC,38,36,10,585.00,"5,850.00"
2020-12-15,2020121504001315,GIC,38,46,10,583.00,"5,830.00"
2020-12-15,2020121504001314,GIC,38,59,10,583.00,"5,830.00"
2020-12-15,2020121504001337,GIC,38,8,10,581.00,"5,810.00"
2020-12-15,2020121504001333,GIC,38,42,10,581.00,"5,810.00"
2020-12-15,2020121504001332,GIC,52,43,10,582.00,"5,820.00"
2020-12-15,2020121504001331,GIC,52,38,10,582.00,"5,820.00"
2020-12-15,2020121504001330,GIC,52,21,10,582.00,"5,820.00"
2020-12-15,2020121504001326,GIC,32,44,10,583.00,"5,830.00"
2020-12-15,2020121504001367,GIC,1,17,10,581.00,"5,810.00"
2020-12-15,2020121504001366,GIC,1,17,10,581.00,"5,810.00"
2020-12-15,2020121504001365,GIC,1,58,10,581.00,"5,810.00"
2020-12-15,2020121504001358,GIC,38,17,10,581.00,"5,810.00"
2020-12-15,2020121504001353,GIC,38,44,10,581.00,"5,810.00"
2020-12-15,2020121504001350,GIC,38,1,10,581.00,"5,810.00"
2020-12-15,2020121504001399,GIC,1,42,10,582.00,"5,820.00"
2020-12-15,2020121504001398,GIC,1,10,10,582.00,"5,820.00"
2020-12-15,2020121504001393,GIC,1,37,10,582.00,"5,820.00"
2020-12-15,2020121504001387,GIC,45,48,100,582.00,"58,200.00"
2020-12-15,2020121504001372,GIC,1,44,10,581.00,"5,810.00"
2020-12-15,2020121504001368,GIC,1,49,10,581.00,"5,810.00"
2020-12-15,2020121504001419,GIC,47,37,10,580.00,"5,800.00"
2020-12-15,2020121504001417,GIC,47,38,10,580.00,"5,800.00"
2020-12-15,2020121504001413,GIC,47,58,10,580.00,"5,800.00"
2020-12-15,2020121504001412,GIC,53,37,10,581.00,"5,810.00"
2020-12-15,2020121504001406,GIC,1,44,10,582.00,"5,820.00"
2020-12-15,2020121504001400,GIC,1,26,10,582.00,"5,820.00"
2020-12-15,2020121504001432,GIC,47,37,10,580.00,"5,800.00"
2020-12-15,2020121504001430,GIC,47,10,10,580.00,"5,800.00"
2020-12-15,2020121504001429,GIC,47,37,10,580.00,"5,800.00"
2020-12-15,2020121504001424,GIC,47,37,10,580.00,"5,800.00"
2020-12-15,2020121504001423,GIC,47,37,10,580.00,"5,800.00"
2020-12-15,2020121504001421,GIC,47,58,10,580.00,"5,800.00"
2020-12-15,2020121504001459,GIC,57,10,10,580.00,"5,800.00"
2020-12-15,2020121504001451,GIC,47,37,10,580.00,"5,800.00"
2020-12-15,2020121504001450,GIC,47,37,10,580.00,"5,800.00"
2020-12-15,2020121504001449,GIC,47,36,10,580.00,"5,800.00"
2020-12-15,2020121504001448,GIC,47,37,10,580.00,"5,800.00"
2020-12-15,2020121504001443,GIC,47,13,10,580.00,"5,800.00"
2020-12-15,2020121504001467,GIC,57,37,10,580.00,"5,800.00"
2020-12-15,2020121504001464,GIC,57,37,10,580.00,"5,800.00"
2020-12-15,2020121504001463,GIC,57,39,10,580.00,"5,800.00"
2020-12-15,2020121504001462,GIC,57,37,10,580.00,"5,800.00"
2020-12-15,2020121504001461,GIC,57,17,10,580.00,"5,800.00"
2020-12-15,2020121504001460,GIC,57,37,10,580.00,"5,800.00"
2020-12-15,2020121504001496,GIC,57,28,10,580.00,"5,800.00"
2020-12-15,2020121504001495,GIC,57,16,10,580.00,"5,800.00"
2020-12-15,2020121504001489,GIC,57,16,10,580.00,"5,800.00"
2020-12-15,2020121504001485,GIC,3,38,10,581.00,"5,810.00"
2020-12-15,2020121504001480,GIC,57,37,10,580.00,"5,800.00"
2020-12-15,2020121504001476,GIC,57,37,10,580.00,"5,800.00"
2020-12-15,2020121504001519,GIC,57,37,10,580.00,"5,800.00"
2020-12-15,2020121504001518,GIC,57,37,10,580.00,"5,800.00"
2020-12-15,2020121504001514,GIC,57,37,10,580.00,"5,800.00"
2020-12-15,2020121504001499,GIC,57,34,140,580.00,"81,200.00"
2020-12-15,2020121504001498,GIC,57,1,60,580.00,"34,800.00"
2020-12-15,2020121504001497,GIC,36,1,200,580.00,"116,000.00"
2020-12-15,2020121504001531,GIC,29,58,10,583.00,"5,830.00"
2020-12-15,2020121504001530,GIC,29,57,20,583.00,"11,660.00"
2020-12-15,2020121504001529,GIC,29,44,10,583.00,"5,830.00"
2020-12-15,2020121504001526,GIC,57,42,10,580.00,"5,800.00"
2020-12-15,2020121504001525,GIC,57,51,10,580.00,"5,800.00"
2020-12-15,2020121504001520,GIC,57,37,10,580.00,"5,800.00"
2020-12-15,2020121504001454,GIMES1,7,10,"5,100",11.27,"57,477.00"
2020-12-15,2020121504001162,LEMF,26,58,500,9.96,"4,980.00"
2020-12-15,2020121504001156,LEMF,26,16,"3,000",9.96,"29,880.00"
2020-12-15,2020121504001121,LEMF,26,28,500,9.95,"4,975.00"
2020-12-15,2020121504001112,LEMF,26,28,"4,000",9.96,"39,840.00"
2020-12-15,2020121504001385,LUK,57,34,100,9.39,939.00
2020-12-15,2020121504001285,LUK,42,32,100,9.58,958.00
2020-12-15,2020121504001219,LUK,41,32,500,9.77,"4,885.00"
2020-12-15,2020121504001190,LUK,41,28,200,9.58,"1,916.00"
2020-12-15,2020121504001481,MEGAPO,57,14,"6,113",126.00,"770,238.00"
2020-12-15,2020121504001473,MEGAPO,57,14,"6,113",126.00,"770,238.00"
2020-12-15,2020121504001523,MNBBLP,40,43,"12,305",182.00,"2,239,510.00"
2020-12-15,2020121504001241,NBF2,17,21,"1,000",9.74,"9,740.00"
2020-12-15,2020121504001144,NBF2,58,21,"1,000",9.73,"9,730.00"
2020-12-15,2020121504001275,NCCBPO,26,50,"25,612",114.00,"2,919,768.00"
2020-12-15,2020121504001585,NEF,17,52,"2,414",10.00,"24,140.00"
2020-12-15,2020121504001537,NEF,17,52,"2,414",10.00,"24,140.00"
2020-12-15,2020121504001455,NEF,17,52,483,10.00,"4,830.00"
2020-12-15,2020121504001390,NEF,17,45,"2,414",10.00,"24,140.00"
2020-12-15,2020121504001323,NEF,17,5,"3,354",10.00,"33,540.00"
2020-12-15,2020121504001288,NEF,53,51,686,10.05,"6,894.30"
2020-12-15,2020121504001161,NEF,17,35,"4,484",10.00,"44,840.00"
2020-12-15,2020121504001160,NEF,17,35,"1,148",10.00,"11,480.00"
2020-12-15,2020121504001287,NEF,53,6,966,10.05,"9,708.30"
2020-12-15,2020121504001286,NEF,53,6,"1,448",10.05,"14,552.40"
2020-12-15,2020121504001271,NEF,53,5,"1,900",10.02,"19,038.00"
2020-12-15,2020121504001255,NEF,17,39,"2,414",10.00,"24,140.00"
2020-12-15,2020121504001250,NEF,17,7,"1,127",10.00,"11,270.00"
2020-12-15,2020121504001246,NEF,36,5,100,10.02,"1,002.00"
2020-12-15,2020121504001487,NIBLPF,41,6,"1,000",10.25,"10,250.00"
2020-12-15,2020121504001486,NIBLPF,41,19,"1,263",10.25,"12,945.75"
2020-12-15,2020121504001396,NIBLPF,49,28,"1,010",10.24,"10,342.40"
2020-12-15,2020121504001336,NIBLPF,49,35,253,10.24,"2,590.72"
2020-12-15,2020121504001260,NIBLPF,49,35,253,10.24,"2,590.72"
2020-12-15,2020121504001212,NIBLPF,49,42,"2,525",10.24,"25,856.00"
2020-12-15,2020121504001200,NIBLPF,49,35,"1,729",10.24,"17,704.96"
2020-12-15,2020121504001199,NIBLPF,49,5,"2,100",10.24,"21,504.00"
2020-12-15,2020121504001198,NIBLPF,59,5,100,10.24,"1,024.00"
2020-12-15,2020121504001595,NIBPO,39,53,500,451.00,"225,500.00"
2020-12-15,2020121504001593,NIBPO,58,49,"2,562",450.00,"1,152,900.00"
2020-12-15,2020121504001592,NIBPO,58,1,"7,176",450.00,"3,229,200.00"
2020-12-15,2020121504001591,NIBPO,36,1,"4,000",450.00,"1,800,000.00"
2020-12-15,2020121504001589,NIBPO,58,1,"2,000",450.00,"900,000.00"
2020-12-15,2020121504001584,NIBPO,34,1,"4,824",450.00,"2,170,800.00"
2020-12-15,2020121504001289,NIBPO,37,34,"1,000",444.00,"444,000.00"
2020-12-15,2020121504001284,NIBPO,47,34,"1,000",445.00,"445,000.00"
2020-12-15,2020121504001272,NIBPO,17,52,"1,000",445.00,"445,000.00"
2020-12-15,2020121504001167,NIBPO,4,35,317,443.00,"140,431.00"
2020-12-15,2020121504001108,NIBPO,4,53,865,451.00,"390,115.00"
2020-12-15,2020121504001351,NIBPO,4,46,49,443.00,"21,707.00"
2020-12-15,2020121504001329,NIBPO,4,4,"1,000",443.00,"443,000.00"
2020-12-15,2020121504001328,NIBPO,4,19,287,443.00,"127,141.00"
2020-12-15,2020121504001312,NIBPO,4,35,286,443.00,"126,698.00"
2020-12-15,2020121504001291,NIBPO,4,38,739,443.00,"327,377.00"
2020-12-15,2020121504001290,NIBPO,17,34,"1,000",444.00,"444,000.00"
2020-12-15,2020121504001403,NIBPO,39,34,700,447.00,"312,900.00"
2020-12-15,2020121504001402,NIBPO,39,46,300,446.00,"133,800.00"
2020-12-15,2020121504001384,NIBPO,58,48,"1,000",445.00,"445,000.00"
2020-12-15,2020121504001381,NIBPO,58,44,800,444.00,"355,200.00"
2020-12-15,2020121504001373,NIBPO,32,44,200,444.00,"88,800.00"
2020-12-15,2020121504001360,NIBPO,40,52,"1,000",445.00,"445,000.00"
2020-12-15,2020121504001508,NIBPO,10,6,306,449.00,"137,394.00"
2020-12-15,2020121504001494,NIBPO,3,34,"1,290",447.00,"576,630.00"
2020-12-15,2020121504001452,NIBPO,4,34,10,447.00,"4,470.00"
2020-12-15,2020121504001425,NIBPO,45,14,300,446.00,"133,800.00"
2020-12-15,2020121504001414,NIBPO,45,57,200,446.00,"89,200.00"
2020-12-15,2020121504001407,NIBPO,40,57,500,445.00,"222,500.00"
2020-12-15,2020121504001549,NIBPO,38,50,426,449.00,"191,274.00"
2020-12-15,2020121504001548,NIBPO,38,32,606,449.00,"272,094.00"
2020-12-15,2020121504001542,NIBPO,3,16,100,448.00,"44,800.00"
2020-12-15,2020121504001532,NIBPO,3,52,92,446.00,"41,032.00"
2020-12-15,2020121504001524,NIBPO,39,16,500,448.00,"224,000.00"
2020-12-15,2020121504001509,NIBPO,10,32,394,449.00,"176,906.00"
2020-12-15,2020121504001561,NIBPO,13,6,200,449.00,"89,800.00"
2020-12-15,2020121504001559,NIBPO,37,56,782,446.00,"348,772.00"
2020-12-15,2020121504001558,NIBPO,3,56,218,447.00,"97,446.00"
2020-12-15,2020121504001556,NIBPO,33,6,"2,000",449.00,"898,000.00"
2020-12-15,2020121504001551,NIBPO,38,6,706,449.00,"316,994.00"
2020-12-15,2020121504001550,NIBPO,38,25,262,449.00,"117,638.00"
2020-12-15,2020121504001583,NIBPO,34,6,176,449.00,"79,024.00"
2020-12-15,2020121504001577,NIBPO,38,34,500,448.00,"224,000.00"
2020-12-15,2020121504001576,NIBPO,34,6,"1,418",449.00,"636,682.00"
2020-12-15,2020121504001574,NIBPO,34,34,582,448.00,"260,736.00"
2020-12-15,2020121504001563,NIBPO,38,56,132,446.00,"58,872.00"
2020-12-15,2020121504001562,NIBPO,37,56,218,446.00,"97,228.00"
2020-12-15,2020121504001546,NIBSF1,26,21,"10,000",11.30,"113,000.00"
2020-12-15,2020121504001541,NIBSF1,26,17,"12,467",11.29,"140,752.43"
2020-12-15,2020121504001215,NIBSF1,7,42,"2,478",11.18,"27,704.04"
2020-12-15,2020121504001214,NIBSF1,16,42,"1,000",11.19,"11,190.00"
2020-12-15,2020121504001597,NICAD8283,6,14,999,"1,153.00","1,151,847.00"
2020-12-15,2020121504001580,NICAD8283,47,11,100,"1,150.00","115,000.00"
2020-12-15,2020121504001472,NICAD8283,6,13,25,"1,145.00","28,625.00"
2020-12-15,2020121504001471,NICAD8283,6,35,25,"1,145.00","28,625.00"
2020-12-15,2020121504001371,NICBF,49,29,"4,300",9.82,"42,226.00"
2020-12-15,2020121504001370,NICBF,13,29,500,9.82,"4,910.00"
2020-12-15,2020121504001369,NICBF,17,29,500,9.82,"4,910.00"
2020-12-15,2020121504001364,NICBF,45,29,"1,000",9.85,"9,850.00"
2020-12-15,2020121504001349,NICBF,22,29,"3,700",9.88,"36,556.00"
2020-12-15,2020121504001293,NICBF,22,48,300,9.88,"2,964.00"
2020-12-15,2020121504001177,NICBF,22,28,"1,000",9.88,"9,880.00"
2020-12-15,2020121504001258,NICGF,17,52,500,10.40,"5,200.00"
2020-12-15,2020121504001111,NICGF,17,57,500,10.40,"5,200.00"
2020-12-15,2020121504001410,NMBHF1,58,45,"1,992",10.01,"19,939.92"
2020-12-15,2020121504001409,NMBHF1,58,45,504,10.01,"5,045.04"
2020-12-15,2020121504001388,NMBHF1,58,45,"2,496",10.01,"24,984.96"
2020-12-15,2020121504001266,NMBHF1,17,48,"4,158",10.00,"41,580.00"
2020-12-15,2020121504001265,NMBHF1,58,48,"4,000",10.01,"40,040.00"
2020-12-15,2020121504001505,PROFLP,45,42,"4,987",101.00,"503,687.00"
2020-12-15,2020121504001501,PROFLP,45,42,"29,236",101.00,"2,952,836.00"
2020-12-15,2020121504001493,PROFLP,45,42,"18,370",101.00,"1,855,370.00"
2020-12-15,2020121504001468,PROFLP,45,42,"18,610",101.00,"1,879,610.00"
2020-12-15,2020121504001436,PROFLP,45,42,"2,882",101.00,"291,082.00"
2020-12-15,2020121504001575,RBCLPO,33,37,15,"14,311.00","214,665.00"
2020-12-15,2020121504001560,RBCLPO,16,55,10,"14,311.00","143,110.00"
2020-12-15,2020121504001488,RBCLPO,58,58,50,"14,600.00","730,000.00"
2020-12-15,2020121504001484,RBCLPO,58,45,10,"14,700.00","147,000.00"
2020-12-15,2020121504001590,SAEF,49,58,500,11.09,"5,545.00"
2020-12-15,2020121504001553,SAEF,49,13,500,11.09,"5,545.00"
2020-12-15,2020121504001503,SAEF,47,56,"5,000",11.10,"55,500.00"
2020-12-15,2020121504001416,SAEF,47,45,"5,000",11.10,"55,500.00"
2020-12-15,2020121504001310,SAEF,49,35,"3,390",11.09,"37,595.10"
2020-12-15,2020121504001309,SAEF,47,35,"1,610",11.09,"17,854.90"
2020-12-15,2020121504001174,SAEF,47,58,500,11.09,"5,545.00"
2020-12-15,2020121504001165,SAEF,47,44,890,11.09,"9,870.10"
2020-12-15,2020121504001378,SBIBD86,6,58,180,"1,042.00","187,560.00"
2020-12-15,2020121504001544,SEF,42,56,"5,000",10.30,"51,500.00"
2020-12-15,2020121504001184,SEF,41,35,"2,300",10.20,"23,460.00"
2020-12-15,2020121504001183,SEF,47,35,"3,000",10.21,"30,630.00"
2020-12-15,2020121504001182,SEF,42,35,"1,000",10.21,"10,210.00"
2020-12-15,2020121504001181,SEF,47,35,"5,000",10.22,"51,100.00"
2020-12-15,2020121504001180,SEF,17,35,"3,200",10.25,"32,800.00"
2020-12-15,2020121504001153,SEF,17,57,"10,000",10.25,"102,500.00"
2020-12-15,2020121504001150,SEF,17,57,"10,000",10.25,"102,500.00"
2020-12-15,2020121504001105,SEF,6,20,"2,900",10.30,"29,870.00"
2020-12-15,2020121504001104,SEF,6,36,500,10.29,"5,145.00"
2020-12-15,2020121504001339,SFMF,1,29,500,10.09,"5,045.00"
2020-12-15,2020121504001322,SFMF,1,54,500,10.09,"5,045.00"
2020-12-15,2020121504001596,SGI,11,20,10,604.00,"6,040.00"
2020-12-15,2020121504001594,SGI,5,52,10,605.00,"6,050.00"
2020-12-15,2020121504001588,SGI,11,38,10,604.00,"6,040.00"
2020-12-15,2020121504001587,SGI,11,20,10,604.00,"6,040.00"
2020-12-15,2020121504001582,SGI,11,28,10,604.00,"6,040.00"
2020-12-15,2020121504001581,SGI,11,4,10,604.00,"6,040.00"
2020-12-15,2020121504001117,SGI,48,1,10,608.00,"6,080.00"
2020-12-15,2020121504001116,SGI,48,17,10,608.00,"6,080.00"
2020-12-15,2020121504001110,SGI,25,55,10,607.00,"6,070.00"
2020-12-15,2020121504001109,SGI,25,17,10,607.00,"6,070.00"
2020-12-15,2020121504001128,SGI,34,52,10,610.00,"6,100.00"
2020-12-15,2020121504001127,SGI,34,56,40,610.00,"24,400.00"
2020-12-15,2020121504001126,SGI,34,42,10,610.00,"6,100.00"
2020-12-15,2020121504001125,SGI,34,19,30,610.00,"18,300.00"
2020-12-15,2020121504001124,SGI,34,51,10,609.00,"6,090.00"
2020-12-15,2020121504001123,SGI,48,45,10,608.00,"6,080.00"
2020-12-15,2020121504001134,SGI,34,20,10,612.00,"6,120.00"
2020-12-15,2020121504001133,SGI,34,47,10,612.00,"6,120.00"
2020-12-15,2020121504001132,SGI,34,26,10,612.00,"6,120.00"
2020-12-15,2020121504001131,SGI,34,49,10,611.00,"6,110.00"
2020-12-15,2020121504001130,SGI,34,42,10,611.00,"6,110.00"
2020-12-15,2020121504001129,SGI,34,19,10,611.00,"6,110.00"
2020-12-15,2020121504001140,SGI,34,42,10,613.00,"6,130.00"
2020-12-15,2020121504001139,SGI,34,42,10,613.00,"6,130.00"
2020-12-15,2020121504001138,SGI,34,49,10,612.00,"6,120.00"
2020-12-15,2020121504001137,SGI,34,58,10,612.00,"6,120.00"
2020-12-15,2020121504001136,SGI,34,56,10,612.00,"6,120.00"
2020-12-15,2020121504001135,SGI,34,6,10,612.00,"6,120.00"
2020-12-15,2020121504001152,SGI,25,36,10,607.00,"6,070.00"
2020-12-15,2020121504001147,SGI,48,42,10,608.00,"6,080.00"
2020-12-15,2020121504001146,SGI,48,55,10,608.00,"6,080.00"
2020-12-15,2020121504001143,SGI,34,38,60,613.00,"36,780.00"
2020-12-15,2020121504001142,SGI,34,14,10,613.00,"6,130.00"
2020-12-15,2020121504001141,SGI,34,14,10,613.00,"6,130.00"
2020-12-15,2020121504001172,SGI,49,4,90,607.00,"54,630.00"
2020-12-15,2020121504001171,SGI,25,4,340,607.00,"206,380.00"
2020-12-15,2020121504001169,SGI,25,28,10,607.00,"6,070.00"
2020-12-15,2020121504001164,SGI,25,36,10,607.00,"6,070.00"
2020-12-15,2020121504001163,SGI,25,55,10,607.00,"6,070.00"
2020-12-15,2020121504001159,SGI,55,56,10,608.00,"6,080.00"
2020-12-15,2020121504001189,SGI,8,38,10,606.00,"6,060.00"
2020-12-15,2020121504001187,SGI,8,38,10,606.00,"6,060.00"
2020-12-15,2020121504001186,SGI,8,41,10,606.00,"6,060.00"
2020-12-15,2020121504001176,SGI,8,48,10,606.00,"6,060.00"
2020-12-15,2020121504001175,SGI,11,58,10,606.00,"6,060.00"
2020-12-15,2020121504001173,SGI,56,4,10,607.00,"6,070.00"
2020-12-15,2020121504001202,SGI,45,42,10,606.00,"6,060.00"
2020-12-15,2020121504001195,SGI,45,4,40,606.00,"24,240.00"
2020-12-15,2020121504001194,SGI,1,4,100,606.00,"60,600.00"
2020-12-15,2020121504001193,SGI,8,4,10,606.00,"6,060.00"
2020-12-15,2020121504001192,SGI,38,4,50,606.00,"30,300.00"
2020-12-15,2020121504001191,SGI,8,26,10,606.00,"6,060.00"
2020-12-15,2020121504001223,SGI,38,4,50,605.00,"30,250.00"
2020-12-15,2020121504001222,SGI,17,4,160,605.00,"96,800.00"
2020-12-15,2020121504001216,SGI,17,43,10,605.00,"6,050.00"
2020-12-15,2020121504001207,SGI,17,36,10,605.00,"6,050.00"
2020-12-15,2020121504001206,SGI,17,45,10,605.00,"6,050.00"
2020-12-15,2020121504001205,SGI,17,38,10,605.00,"6,050.00"
2020-12-15,2020121504001230,SGI,57,45,10,605.00,"6,050.00"
2020-12-15,2020121504001228,SGI,57,4,90,605.00,"54,450.00"
2020-12-15,2020121504001227,SGI,1,4,25,605.00,"15,125.00"
2020-12-15,2020121504001226,SGI,57,4,50,605.00,"30,250.00"
2020-12-15,2020121504001225,SGI,11,4,150,605.00,"90,750.00"
2020-12-15,2020121504001224,SGI,35,4,75,605.00,"45,375.00"
2020-12-15,2020121504001245,SGI,38,17,10,604.00,"6,040.00"
2020-12-15,2020121504001240,SGI,38,33,10,604.00,"6,040.00"
2020-12-15,2020121504001239,SGI,38,26,10,604.00,"6,040.00"
2020-12-15,2020121504001238,SGI,38,41,10,604.00,"6,040.00"
2020-12-15,2020121504001237,SGI,38,33,10,604.00,"6,040.00"
2020-12-15,2020121504001236,SGI,38,41,10,604.00,"6,040.00"
2020-12-15,2020121504001263,SGI,11,38,10,603.00,"6,030.00"
2020-12-15,2020121504001262,SGI,11,40,10,603.00,"6,030.00"
2020-12-15,2020121504001261,SGI,11,40,10,603.00,"6,030.00"
2020-12-15,2020121504001256,SGI,11,39,10,603.00,"6,030.00"
2020-12-15,2020121504001252,SGI,38,38,10,604.00,"6,040.00"
2020-12-15,2020121504001247,SGI,38,43,10,604.00,"6,040.00"
2020-12-15,2020121504001278,SGI,11,4,200,603.00,"120,600.00"
2020-12-15,2020121504001277,SGI,11,4,50,603.00,"30,150.00"
2020-12-15,2020121504001276,SGI,11,4,20,603.00,"12,060.00"
2020-12-15,2020121504001269,SGI,11,39,10,603.00,"6,030.00"
2020-12-15,2020121504001267,SGI,11,39,10,603.00,"6,030.00"
2020-12-15,2020121504001264,SGI,11,39,10,603.00,"6,030.00"
2020-12-15,2020121504001297,SGI,59,41,210,603.00,"126,630.00"
2020-12-15,2020121504001292,SGI,59,41,10,603.00,"6,030.00"
2020-12-15,2020121504001283,SGI,59,33,10,603.00,"6,030.00"
2020-12-15,2020121504001282,SGI,59,51,10,603.00,"6,030.00"
2020-12-15,2020121504001280,SGI,59,4,130,603.00,"78,390.00"
2020-12-15,2020121504001279,SGI,50,4,100,603.00,"60,300.00"
2020-12-15,2020121504001319,SGI,59,55,10,603.00,"6,030.00"
2020-12-15,2020121504001308,SGI,59,35,10,603.00,"6,030.00"
2020-12-15,2020121504001307,SGI,59,35,10,603.00,"6,030.00"
2020-12-15,2020121504001302,SGI,59,42,10,603.00,"6,030.00"
2020-12-15,2020121504001301,SGI,59,17,10,603.00,"6,030.00"
2020-12-15,2020121504001298,SGI,59,38,10,603.00,"6,030.00"
2020-12-15,2020121504001342,SGI,59,21,10,603.00,"6,030.00"
2020-12-15,2020121504001341,SGI,59,8,10,603.00,"6,030.00"
2020-12-15,2020121504001340,SGI,59,21,10,603.00,"6,030.00"
2020-12-15,2020121504001338,SGI,59,21,10,603.00,"6,030.00"
2020-12-15,2020121504001335,SGI,59,21,10,603.00,"6,030.00"
2020-12-15,2020121504001320,SGI,59,50,10,603.00,"6,030.00"
2020-12-15,2020121504001348,SGI,40,21,10,602.00,"6,020.00"
2020-12-15,2020121504001347,SGI,40,21,10,602.00,"6,020.00"
2020-12-15,2020121504001346,SGI,40,44,10,602.00,"6,020.00"
2020-12-15,2020121504001345,SGI,42,21,10,602.00,"6,020.00"
2020-12-15,2020121504001344,SGI,53,21,10,603.00,"6,030.00"
2020-12-15,2020121504001343,SGI,59,21,10,603.00,"6,030.00"
2020-12-15,2020121504001359,SGI,40,21,10,602.00,"6,020.00"
2020-12-15,2020121504001357,SGI,40,1,10,602.00,"6,020.00"
2020-12-15,2020121504001356,SGI,40,21,10,602.00,"6,020.00"
2020-12-15,2020121504001355,SGI,40,58,10,602.00,"6,020.00"
2020-12-15,2020121504001354,SGI,40,21,10,602.00,"6,020.00"
2020-12-15,2020121504001352,SGI,40,21,10,602.00,"6,020.00"
2020-12-15,2020121504001376,SGI,40,44,10,602.00,"6,020.00"
2020-12-15,2020121504001375,SGI,42,50,20,604.00,"12,080.00"
2020-12-15,2020121504001374,SGI,42,53,10,604.00,"6,040.00"
2020-12-15,2020121504001363,SGI,40,21,10,602.00,"6,020.00"
2020-12-15,2020121504001362,SGI,40,21,10,602.00,"6,020.00"
2020-12-15,2020121504001361,SGI,40,44,10,602.00,"6,020.00"
2020-12-15,2020121504001389,SGI,28,44,10,603.00,"6,030.00"
2020-12-15,2020121504001386,SGI,28,44,10,603.00,"6,030.00"
2020-12-15,2020121504001383,SGI,28,19,10,603.00,"6,030.00"
2020-12-15,2020121504001380,SGI,40,44,10,602.00,"6,020.00"
2020-12-15,2020121504001379,SGI,40,32,10,602.00,"6,020.00"
2020-12-15,2020121504001377,SGI,40,49,10,602.00,"6,020.00"
2020-12-15,2020121504001404,SGI,28,37,10,603.00,"6,030.00"
2020-12-15,2020121504001397,SGI,28,10,10,603.00,"6,030.00"
2020-12-15,2020121504001395,SGI,28,43,10,603.00,"6,030.00"
2020-12-15,2020121504001394,SGI,28,37,10,603.00,"6,030.00"
2020-12-15,2020121504001392,SGI,28,45,10,603.00,"6,030.00"
2020-12-15,2020121504001391,SGI,28,45,10,603.00,"6,030.00"
2020-12-15,2020121504001422,SGI,28,26,10,603.00,"6,030.00"
2020-12-15,2020121504001420,SGI,28,44,10,603.00,"6,030.00"
2020-12-15,2020121504001418,SGI,28,48,10,603.00,"6,030.00"
2020-12-15,2020121504001411,SGI,28,10,10,603.00,"6,030.00"
2020-12-15,2020121504001408,SGI,28,58,10,603.00,"6,030.00"
2020-12-15,2020121504001405,SGI,28,58,10,603.00,"6,030.00"
2020-12-15,2020121504001437,SGI,47,36,10,604.00,"6,040.00"
2020-12-15,2020121504001433,SGI,47,10,10,604.00,"6,040.00"
2020-12-15,2020121504001431,SGI,47,38,10,604.00,"6,040.00"
2020-12-15,2020121504001428,SGI,28,37,10,603.00,"6,030.00"
2020-12-15,2020121504001427,SGI,28,29,10,603.00,"6,030.00"
2020-12-15,2020121504001426,SGI,28,38,10,603.00,"6,030.00"
2020-12-15,2020121504001444,SGI,47,16,10,604.00,"6,040.00"
2020-12-15,2020121504001442,SGI,47,36,10,604.00,"6,040.00"
2020-12-15,2020121504001441,SGI,47,26,10,604.00,"6,040.00"
2020-12-15,2020121504001440,SGI,47,16,10,604.00,"6,040.00"
2020-12-15,2020121504001439,SGI,47,5,10,604.00,"6,040.00"
2020-12-15,2020121504001438,SGI,47,29,10,604.00,"6,040.00"
2020-12-15,2020121504001458,SGI,28,16,10,603.00,"6,030.00"
2020-12-15,2020121504001456,SGI,57,50,50,604.00,"30,200.00"
2020-12-15,2020121504001453,SGI,28,16,10,603.00,"6,030.00"
2020-12-15,2020121504001447,SGI,28,16,10,603.00,"6,030.00"
2020-12-15,2020121504001446,SGI,28,10,10,603.00,"6,030.00"
2020-12-15,2020121504001445,SGI,47,37,10,604.00,"6,040.00"
2020-12-15,2020121504001478,SGI,25,50,10,604.00,"6,040.00"
2020-12-15,2020121504001477,SGI,28,16,10,603.00,"6,030.00"
2020-12-15,2020121504001470,SGI,28,16,10,603.00,"6,030.00"
2020-12-15,2020121504001469,SGI,28,46,10,603.00,"6,030.00"
2020-12-15,2020121504001466,SGI,28,16,10,603.00,"6,030.00"
2020-12-15,2020121504001465,SGI,28,3,10,603.00,"6,030.00"
2020-12-15,2020121504001500,SGI,28,37,10,603.00,"6,030.00"
2020-12-15,2020121504001492,SGI,28,49,10,603.00,"6,030.00"
2020-12-15,2020121504001491,SGI,3,51,10,604.00,"6,040.00"
2020-12-15,2020121504001483,SGI,28,10,10,603.00,"6,030.00"
2020-12-15,2020121504001482,SGI,28,4,10,603.00,"6,030.00"
2020-12-15,2020121504001479,SGI,25,16,10,604.00,"6,040.00"
2020-12-15,2020121504001513,SGI,28,56,10,603.00,"6,030.00"
2020-12-15,2020121504001510,SGI,28,37,10,603.00,"6,030.00"
2020-12-15,2020121504001507,SGI,28,4,10,603.00,"6,030.00"
2020-12-15,2020121504001506,SGI,28,10,10,603.00,"6,030.00"
2020-12-15,2020121504001504,SGI,28,37,10,603.00,"6,030.00"
2020-12-15,2020121504001502,SGI,28,37,10,603.00,"6,030.00"
2020-12-15,2020121504001538,SGI,28,20,10,603.00,"6,030.00"
2020-12-15,2020121504001536,SGI,28,38,10,603.00,"6,030.00"
2020-12-15,2020121504001533,SGI,28,3,10,603.00,"6,030.00"
2020-12-15,2020121504001528,SGI,45,8,10,604.00,"6,040.00"
2020-12-15,2020121504001522,SGI,28,21,10,603.00,"6,030.00"
2020-12-15,2020121504001521,SGI,28,37,10,603.00,"6,030.00"
2020-12-15,2020121504001579,SGI,5,42,10,604.00,"6,040.00"
2020-12-15,2020121504001564,SGI,28,14,50,603.00,"30,150.00"
2020-12-15,2020121504001554,SGI,28,38,10,603.00,"6,030.00"
2020-12-15,2020121504001552,SGI,28,38,10,603.00,"6,030.00"
2020-12-15,2020121504001547,SGI,28,16,10,603.00,"6,030.00"
2020-12-15,2020121504001545,SGI,28,49,430,603.00,"259,290.00"
2020-12-15,2020121504001586,STC,26,10,10,"5,500.00","55,000.00"
2020-12-15,2020121504001573,STC,54,10,10,"5,500.00","55,000.00"
2020-12-15,2020121504001572,STC,26,10,15,"5,500.00","82,500.00"
2020-12-15,2020121504001571,STC,7,6,10,"5,505.00","55,050.00"
2020-12-15,2020121504001570,STC,51,6,30,"5,520.00","165,600.00"
2020-12-15,2020121504001569,STC,51,6,50,"5,520.00","276,000.00"
2020-12-15,2020121504001211,STC,39,53,10,"5,523.00","55,230.00"
2020-12-15,2020121504001210,STC,13,53,15,"5,523.00","82,845.00"
2020-12-15,2020121504001209,STC,34,53,10,"5,524.00","55,240.00"
2020-12-15,2020121504001178,STC,35,28,10,"5,523.00","55,230.00"
2020-12-15,2020121504001158,STC,26,28,10,"5,525.00","55,250.00"
2020-12-15,2020121504001157,STC,46,28,10,"5,586.00","55,860.00"
2020-12-15,2020121504001435,STC,35,54,25,"5,525.00","138,125.00"
2020-12-15,2020121504001434,STC,35,53,15,"5,523.00","82,845.00"
2020-12-15,2020121504001415,STC,17,6,80,"5,520.00","441,600.00"
2020-12-15,2020121504001334,STC,4,6,100,"5,500.00","550,000.00"
2020-12-15,2020121504001324,STC,51,6,20,"5,520.00","110,400.00"
2020-12-15,2020121504001317,STC,4,6,100,"5,520.00","552,000.00"
2020-12-15,2020121504001568,STC,49,6,10,"5,530.00","55,300.00"
2020-12-15,2020121504001567,STC,41,6,20,"5,530.00","110,600.00"
2020-12-15,2020121504001566,STC,41,6,20,"5,530.00","110,600.00"
2020-12-15,2020121504001555,STC,11,6,20,"5,575.00","111,500.00"
2020-12-15,2020121504001534,STC,11,6,50,"5,575.00","278,750.00"
2020-12-15,2020121504001527,STC,41,57,10,"5,530.00","55,300.00"
2020-12-15,2020121504001061,BBC,55,5,10,"2,826.00","28,260.00"
2020-12-15,2020121504001041,BBC,45,50,25,"2,826.00","70,650.00"
2020-12-15,2020121504001006,BBC,45,5,10,"2,835.00","28,350.00"
2020-12-15,2020121504001005,BBC,32,5,30,"2,840.00","85,200.00"
2020-12-15,2020121504000996,BBC,45,5,50,"2,841.00","142,050.00"
2020-12-15,2020121504000974,BBC,32,34,105,"2,840.00","298,200.00"
2020-12-15,2020121504000685,BBC,25,20,25,"2,860.00","71,500.00"
2020-12-15,2020121504000668,BBC,32,20,150,"2,860.00","429,000.00"
2020-12-15,2020121504000738,BBC,5,34,20,"2,852.00","57,040.00"
2020-12-15,2020121504000737,BBC,17,34,21,"2,852.00","59,892.00"
2020-12-15,2020121504000733,BBC,45,20,10,"2,860.00","28,600.00"
2020-12-15,2020121504000708,BBC,17,52,79,"2,852.00","225,308.00"
2020-12-15,2020121504000707,BBC,14,52,11,"2,852.00","31,372.00"
2020-12-15,2020121504000702,BBC,47,52,10,"2,855.00","28,550.00"
2020-12-15,2020121504000955,BBC,32,22,15,"2,840.00","42,600.00"
2020-12-15,2020121504000954,BBC,51,22,10,"2,841.00","28,410.00"
2020-12-15,2020121504000781,BBC,5,57,20,"2,845.00","56,900.00"
2020-12-15,2020121504000780,BBC,49,57,10,"2,845.00","28,450.00"
2020-12-15,2020121504000740,BBC,42,34,20,"2,851.00","57,020.00"
2020-12-15,2020121504000739,BBC,42,34,15,"2,851.00","42,765.00"
2020-12-15,2020121504000659,CMF1,48,36,"3,500",10.15,"35,525.00"
2020-12-15,2020121504001103,GIC,38,55,10,582.00,"5,820.00"
2020-12-15,2020121504001100,GIC,38,55,10,582.00,"5,820.00"
2020-12-15,2020121504001080,GIC,45,55,10,580.00,"5,800.00"
2020-12-15,2020121504001079,GIC,13,32,10,582.00,"5,820.00"
2020-12-15,2020121504001078,GIC,13,21,180,582.00,"104,760.00"
2020-12-15,2020121504001077,GIC,13,58,10,581.00,"5,810.00"
2020-12-15,2020121504000612,GIC,34,16,10,582.00,"5,820.00"
2020-12-15,2020121504000611,GIC,34,16,10,582.00,"5,820.00"
2020-12-15,2020121504000609,GIC,34,16,10,582.00,"5,820.00"
2020-12-15,2020121504000608,GIC,34,16,10,582.00,"5,820.00"
2020-12-15,2020121504000607,GIC,34,16,10,582.00,"5,820.00"
2020-12-15,2020121504000605,GIC,32,16,10,583.00,"5,830.00"
2020-12-15,2020121504000647,GIC,49,42,10,584.00,"5,840.00"
2020-12-15,2020121504000645,GIC,58,42,10,581.00,"5,810.00"
2020-12-15,2020121504000642,GIC,58,28,10,581.00,"5,810.00"
2020-12-15,2020121504000625,GIC,58,46,10,581.00,"5,810.00"
2020-12-15,2020121504000624,GIC,58,39,10,581.00,"5,810.00"
2020-12-15,2020121504000621,GIC,58,26,10,581.00,"5,810.00"
2020-12-15,2020121504000667,GIC,34,41,10,581.00,"5,810.00"
2020-12-15,2020121504000666,GIC,58,59,10,581.00,"5,810.00"
2020-12-15,2020121504000665,GIC,58,42,10,581.00,"5,810.00"
2020-12-15,2020121504000660,GIC,58,57,10,581.00,"5,810.00"
2020-12-15,2020121504000656,GIC,58,42,10,581.00,"5,810.00"
2020-12-15,2020121504000649,GIC,58,42,10,581.00,"5,810.00"
2020-12-15,2020121504000683,GIC,19,21,10,585.00,"5,850.00"
2020-12-15,2020121504000679,GIC,19,36,10,585.00,"5,850.00"
2020-12-15,2020121504000678,GIC,19,47,10,585.00,"5,850.00"
2020-12-15,2020121504000676,GIC,34,33,10,581.00,"5,810.00"
2020-12-15,2020121504000675,GIC,34,50,10,581.00,"5,810.00"
2020-12-15,2020121504000669,GIC,34,25,10,581.00,"5,810.00"
2020-12-15,2020121504000709,GIC,34,50,10,581.00,"5,810.00"
2020-12-15,2020121504000699,GIC,34,51,10,581.00,"5,810.00"
2020-12-15,2020121504000696,GIC,34,17,10,581.00,"5,810.00"
2020-12-15,2020121504000690,GIC,19,58,10,585.00,"5,850.00"
2020-12-15,2020121504000689,GIC,19,35,10,585.00,"5,850.00"
2020-12-15,2020121504000684,GIC,19,42,10,585.00,"5,850.00"
2020-12-15,2020121504000729,GIC,57,56,10,584.00,"5,840.00"
2020-12-15,2020121504000727,GIC,57,22,10,584.00,"5,840.00"
2020-12-15,2020121504000726,GIC,57,42,10,582.00,"5,820.00"
2020-12-15,2020121504000712,GIC,34,6,10,581.00,"5,810.00"
2020-12-15,2020121504000711,GIC,34,47,10,581.00,"5,810.00"
2020-12-15,2020121504000710,GIC,34,44,10,581.00,"5,810.00"
2020-12-15,2020121504000751,GIC,22,14,30,585.00,"17,550.00"
2020-12-15,2020121504000747,GIC,57,58,10,584.00,"5,840.00"
2020-12-15,2020121504000746,GIC,57,16,10,584.00,"5,840.00"
2020-12-15,2020121504000744,GIC,57,18,10,584.00,"5,840.00"
2020-12-15,2020121504000734,GIC,57,8,10,584.00,"5,840.00"
2020-12-15,2020121504000731,GIC,19,14,60,585.00,"35,100.00"
2020-12-15,2020121504000782,GIC,57,3,10,584.00,"5,840.00"
2020-12-15,2020121504000774,GIC,57,36,10,584.00,"5,840.00"
2020-12-15,2020121504000769,GIC,57,36,10,584.00,"5,840.00"
2020-12-15,2020121504000765,GIC,57,39,10,584.00,"5,840.00"
2020-12-15,2020121504000764,GIC,57,29,10,584.00,"5,840.00"
2020-12-15,2020121504000755,GIC,57,45,10,584.00,"5,840.00"
2020-12-15,2020121504000792,GIC,22,43,10,585.00,"5,850.00"
2020-12-15,2020121504000791,GIC,22,52,10,585.00,"5,850.00"
2020-12-15,2020121504000790,GIC,22,52,10,585.00,"5,850.00"
2020-12-15,2020121504000789,GIC,22,58,10,585.00,"5,850.00"
2020-12-15,2020121504000788,GIC,57,14,10,584.00,"5,840.00"
2020-12-15,2020121504000783,GIC,57,56,10,584.00,"5,840.00"
2020-12-15,2020121504000801,GIC,22,26,10,585.00,"5,850.00"
2020-12-15,2020121504000799,GIC,22,41,10,585.00,"5,850.00"
2020-12-15,2020121504000797,GIC,22,6,10,585.00,"5,850.00"
2020-12-15,2020121504000796,GIC,22,55,10,585.00,"5,850.00"
2020-12-15,2020121504000794,GIC,22,47,10,585.00,"5,850.00"
2020-12-15,2020121504000793,GIC,22,37,10,585.00,"5,850.00"
2020-12-15,2020121504000826,GIC,22,37,10,585.00,"5,850.00"
2020-12-15,2020121504000819,GIC,22,44,10,585.00,"5,850.00"
2020-12-15,2020121504000816,GIC,22,45,10,585.00,"5,850.00"
2020-12-15,2020121504000814,GIC,22,38,10,585.00,"5,850.00"
2020-12-15,2020121504000809,GIC,22,59,16,585.00,"9,360.00"
2020-12-15,2020121504000805,GIC,22,25,10,585.00,"5,850.00"
2020-12-15,2020121504000853,GIC,22,44,60,585.00,"35,100.00"
2020-12-15,2020121504000850,GIC,22,45,10,585.00,"5,850.00"
2020-12-15,2020121504000845,GIC,22,20,10,585.00,"5,850.00"
2020-12-15,2020121504000839,GIC,22,47,10,585.00,"5,850.00"
2020-12-15,2020121504000838,GIC,22,57,10,585.00,"5,850.00"
2020-12-15,2020121504000831,GIC,22,47,10,585.00,"5,850.00"
2020-12-15,2020121504000864,GIC,57,37,10,584.00,"5,840.00"
2020-12-15,2020121504000863,GIC,57,57,10,584.00,"5,840.00"
2020-12-15,2020121504000860,GIC,45,20,50,585.00,"29,250.00"
2020-12-15,2020121504000859,GIC,57,33,10,584.00,"5,840.00"
2020-12-15,2020121504000857,GIC,22,39,10,585.00,"5,850.00"
2020-12-15,2020121504000854,GIC,22,50,10,585.00,"5,850.00"
2020-12-15,2020121504000881,GIC,56,55,10,582.00,"5,820.00"
2020-12-15,2020121504000876,GIC,57,49,10,584.00,"5,840.00"
2020-12-15,2020121504000875,GIC,57,45,10,584.00,"5,840.00"
2020-12-15,2020121504000872,GIC,57,35,130,584.00,"75,920.00"
2020-12-15,2020121504000868,GIC,57,45,10,584.00,"5,840.00"
2020-12-15,2020121504000865,GIC,57,17,10,584.00,"5,840.00"
2020-12-15,2020121504000908,GIC,58,36,40,582.00,"23,280.00"
2020-12-15,2020121504000907,GIC,56,36,160,582.00,"93,120.00"
2020-12-15,2020121504000902,GIC,56,32,10,582.00,"5,820.00"
2020-12-15,2020121504000892,GIC,56,34,10,582.00,"5,820.00"
2020-12-15,2020121504000890,GIC,56,22,10,582.00,"5,820.00"
2020-12-15,2020121504000889,GIC,56,49,10,582.00,"5,820.00"
2020-12-15,2020121504000938,GIC,44,55,10,581.00,"5,810.00"
2020-12-15,2020121504000936,GIC,44,50,10,581.00,"5,810.00"
2020-12-15,2020121504000930,GIC,44,55,10,581.00,"5,810.00"
2020-12-15,2020121504000918,GIC,44,49,10,581.00,"5,810.00"
2020-12-15,2020121504000916,GIC,44,26,10,581.00,"5,810.00"
2020-12-15,2020121504000911,GIC,58,21,20,582.00,"11,640.00"
2020-12-15,2020121504000966,GIC,44,21,10,581.00,"5,810.00"
2020-12-15,2020121504000965,GIC,44,38,10,581.00,"5,810.00"
2020-12-15,2020121504000964,GIC,44,50,10,581.00,"5,810.00"
2020-12-15,2020121504000960,GIC,44,45,10,581.00,"5,810.00"
2020-12-15,2020121504000953,GIC,44,10,10,581.00,"5,810.00"
2020-12-15,2020121504000948,GIC,44,45,10,581.00,"5,810.00"
2020-12-15,2020121504000995,GIC,44,26,10,581.00,"5,810.00"
2020-12-15,2020121504000994,GIC,44,19,10,581.00,"5,810.00"
2020-12-15,2020121504000993,GIC,44,55,10,581.00,"5,810.00"
2020-12-15,2020121504000975,GIC,44,38,10,581.00,"5,810.00"
2020-12-15,2020121504000973,GIC,44,36,10,581.00,"5,810.00"
2020-12-15,2020121504000969,GIC,44,38,10,581.00,"5,810.00"
2020-12-15,2020121504001009,GIC,45,53,10,580.00,"5,800.00"
2020-12-15,2020121504001008,GIC,17,53,10,581.00,"5,810.00"
2020-12-15,2020121504001007,GIC,45,53,70,581.00,"40,670.00"
2020-12-15,2020121504001000,GIC,45,55,10,581.00,"5,810.00"
2020-12-15,2020121504000998,GIC,45,38,20,581.00,"11,620.00"
2020-12-15,2020121504000997,GIC,44,38,30,581.00,"17,430.00"
2020-12-15,2020121504001028,GIC,32,28,29,580.00,"16,820.00"
2020-12-15,2020121504001018,GIC,32,21,10,580.00,"5,800.00"
2020-12-15,2020121504001016,GIC,32,59,10,580.00,"5,800.00"
2020-12-15,2020121504001012,GIC,32,53,51,580.00,"29,580.00"
2020-12-15,2020121504001011,GIC,6,53,50,580.00,"29,000.00"
2020-12-15,2020121504001010,GIC,41,53,200,580.00,"116,000.00"
2020-12-15,2020121504001035,GIC,45,5,10,580.00,"5,800.00"
2020-12-15,2020121504001033,GIC,45,28,201,580.00,"116,580.00"
2020-12-15,2020121504001032,GIC,58,28,100,580.00,"58,000.00"
2020-12-15,2020121504001031,GIC,10,28,500,580.00,"290,000.00"
2020-12-15,2020121504001030,GIC,43,28,20,580.00,"11,600.00"
2020-12-15,2020121504001029,GIC,41,28,30,580.00,"17,400.00"
2020-12-15,2020121504001045,GIC,45,55,10,580.00,"5,800.00"
2020-12-15,2020121504001044,GIC,45,55,10,580.00,"5,800.00"
2020-12-15,2020121504001043,GIC,45,51,10,580.00,"5,800.00"
2020-12-15,2020121504001040,GIC,45,55,10,580.00,"5,800.00"
2020-12-15,2020121504001038,GIC,36,45,30,581.00,"17,430.00"
2020-12-15,2020121504001037,GIC,36,45,10,581.00,"5,810.00"
2020-12-15,2020121504001074,GIC,45,55,10,580.00,"5,800.00"
2020-12-15,2020121504001070,GIC,45,52,10,580.00,"5,800.00"
2020-12-15,2020121504001056,GIC,45,50,10,580.00,"5,800.00"
2020-12-15,2020121504001055,GIC,45,6,10,580.00,"5,800.00"
2020-12-15,2020121504001051,GIC,45,55,10,580.00,"5,800.00"
2020-12-15,2020121504001050,GIC,45,42,10,580.00,"5,800.00"
2020-12-15,2020121504001081,GIMES1,34,22,"10,000",11.40,"114,000.00"
2020-12-15,2020121504001022,GIMES1,36,45,"2,205",11.25,"24,806.25"
2020-12-15,2020121504000971,GIMES1,35,7,"10,000",11.21,"112,100.00"
2020-12-15,2020121504000855,GIMES1,17,45,"2,500",11.20,"28,000.00"
2020-12-15,2020121504001064,LEMF,26,13,"5,850",10.00,"58,500.00"
2020-12-15,2020121504001060,LEMF,26,6,"1,000",9.92,"9,920.00"
2020-12-15,2020121504000671,LEMF,58,18,500,9.90,"4,950.00"
2020-12-15,2020121504001067,LUK,41,34,"1,350",9.77,"13,189.50"
2020-12-15,2020121504001036,LUK,41,33,150,9.77,"1,465.50"
2020-12-15,2020121504001020,LUK,41,36,100,9.77,977.00
2020-12-15,2020121504000999,LUK,41,44,200,9.77,"1,954.00"
2020-12-15,2020121504000981,LUK,41,34,200,9.77,"1,954.00"
2020-12-15,2020121504000880,LUK,41,4,500,9.58,"4,790.00"
2020-12-15,2020121504000874,LUK,41,58,200,9.55,"1,910.00"
2020-12-15,2020121504000870,LUK,41,41,100,9.46,946.00
2020-12-15,2020121504000869,LUK,41,58,300,9.45,"2,835.00"
2020-12-15,2020121504000766,LUK,1,58,100,9.28,928.00
2020-12-15,2020121504000979,NBF2,53,36,100,9.92,992.00
2020-12-15,2020121504000978,NBF2,53,45,500,9.92,"4,960.00"
2020-12-15,2020121504000977,NBF2,53,36,200,9.92,"1,984.00"
2020-12-15,2020121504000976,NBF2,53,36,500,9.92,"4,960.00"
2020-12-15,2020121504000619,NBF2,11,50,"1,600",9.96,"15,936.00"
2020-12-15,2020121504000618,NBF2,11,52,500,9.96,"4,980.00"
2020-12-15,2020121504000610,NBF2,11,54,500,9.95,"4,975.00"
2020-12-15,2020121504000700,NBF2,11,58,"3,050",10.12,"30,866.00"
2020-12-15,2020121504000693,NBF2,11,48,500,10.10,"5,050.00"
2020-12-15,2020121504000677,NBF2,11,46,100,10.00,"1,000.00"
2020-12-15,2020121504000622,NBF2,11,36,500,9.96,"4,980.00"
2020-12-15,2020121504000620,NBF2,11,55,100,9.96,996.00
2020-12-15,2020121504001017,NEF,17,42,241,10.00,"2,410.00"
2020-12-15,2020121504000934,NEF,17,42,483,10.00,"4,830.00"
2020-12-15,2020121504000933,NEF,17,58,241,10.00,"2,410.00"
2020-12-15,2020121504000903,NEF,17,37,"1,127",10.00,"11,270.00"
2020-12-15,2020121504000837,NEF,17,41,"2,253",10.00,"22,530.00"
2020-12-15,2020121504000777,NEF,17,16,"2,414",10.00,"24,140.00"
2020-12-15,2020121504000633,NEF,17,47,721,10.05,"7,246.05"
2020-12-15,2020121504000632,NEF,17,46,"2,414",10.04,"24,236.56"
2020-12-15,2020121504000631,NEF,17,56,"2,414",10.02,"24,188.28"
2020-12-15,2020121504000630,NEF,17,41,"1,014",10.01,"10,150.14"
2020-12-15,2020121504000623,NEF,17,19,"1,127",9.97,"11,236.19"
2020-12-15,2020121504000770,NEF,17,36,483,10.00,"4,830.00"
2020-12-15,2020121504000768,NEF,17,29,"1,127",10.00,"11,270.00"
2020-12-15,2020121504000767,NEF,17,35,483,10.00,"4,830.00"
2020-12-15,2020121504000757,NEF,17,22,"2,414",10.05,"24,260.70"
2020-12-15,2020121504000680,NEF,17,56,"1,127",9.97,"11,236.19"
2020-12-15,2020121504000634,NEF,17,19,"1,448",10.05,"14,552.40"
2020-12-15,2020121504001004,NIBLPF,6,42,114,10.16,"1,158.24"
2020-12-15,2020121504000987,NIBLPF,17,42,"1,500",10.16,"15,240.00"
2020-12-15,2020121504000986,NIBLPF,6,42,115,10.20,"1,173.00"
2020-12-15,2020121504000985,NIBLPF,6,20,505,10.20,"5,151.00"
2020-12-15,2020121504000984,NIBLPF,6,34,"1,263",10.20,"12,882.60"
2020-12-15,2020121504000983,NIBLPF,6,34,"1,263",10.20,"12,882.60"
2020-12-15,2020121504000688,NIBLPF,17,36,"2,525",10.15,"25,628.75"
2020-12-15,2020121504000982,NIBLPF,6,22,354,10.19,"3,607.26"
2020-12-15,2020121504000935,NIBLPF,17,28,500,10.15,"5,075.00"
2020-12-15,2020121504000873,NIBLPF,17,16,"2,525",10.15,"25,628.75"
2020-12-15,2020121504000851,NIBLPF,17,4,525,10.15,"5,328.75"
2020-12-15,2020121504000849,NIBLPF,59,4,"2,000",10.16,"20,320.00"
2020-12-15,2020121504000722,NIBLPF,17,36,"1,010",10.15,"10,251.50"
2020-12-15,2020121504001102,NIBPO,4,49,"2,000",451.00,"902,000.00"
2020-12-15,2020121504001099,NIBPO,4,45,729,451.00,"328,779.00"
2020-12-15,2020121504001098,NIBPO,4,46,300,451.00,"135,300.00"
2020-12-15,2020121504001097,NIBPO,4,53,500,451.00,"225,500.00"
2020-12-15,2020121504001096,NIBPO,4,34,200,450.00,"90,000.00"
2020-12-15,2020121504001095,NIBPO,4,34,431,450.00,"193,950.00"
2020-12-15,2020121504000662,NIBPO,10,35,50,450.00,"22,500.00"
2020-12-15,2020121504000652,NIBPO,10,35,250,450.00,"112,500.00"
2020-12-15,2020121504000651,NIBPO,10,11,500,449.00,"224,500.00"
2020-12-15,2020121504000650,NIBPO,10,58,250,449.00,"112,250.00"
2020-12-15,2020121504000715,NIBPO,45,11,547,447.00,"244,509.00"
2020-12-15,2020121504000714,NIBPO,45,49,101,445.00,"44,945.00"
2020-12-15,2020121504000673,NIBPO,48,1,500,450.00,"225,000.00"
2020-12-15,2020121504000672,NIBPO,48,1,800,450.00,"360,000.00"
2020-12-15,2020121504000670,NIBPO,10,1,"3,000",450.00,"1,350,000.00"
2020-12-15,2020121504000663,NIBPO,10,1,950,450.00,"427,500.00"
2020-12-15,2020121504000721,NIBPO,45,1,"4,750",450.00,"2,137,500.00"
2020-12-15,2020121504000720,NIBPO,45,53,"3,000",449.00,"1,347,000.00"
2020-12-15,2020121504000719,NIBPO,45,17,"1,000",449.00,"449,000.00"
2020-12-15,2020121504000718,NIBPO,45,34,300,448.00,"134,400.00"
2020-12-15,2020121504000717,NIBPO,45,10,100,448.00,"44,800.00"
2020-12-15,2020121504000716,NIBPO,45,11,82,447.00,"36,654.00"
2020-12-15,2020121504000877,NIBPO,49,17,300,448.00,"134,400.00"
2020-12-15,2020121504000836,NIBPO,49,57,"1,107",447.00,"494,829.00"
2020-12-15,2020121504000807,NIBPO,45,46,200,443.00,"88,600.00"
2020-12-15,2020121504000748,NIBPO,45,49,122,443.00,"54,046.00"
2020-12-15,2020121504000724,NIBPO,45,26,149,451.00,"67,199.00"
2020-12-15,2020121504000723,NIBPO,45,26,300,451.00,"135,300.00"
2020-12-15,2020121504000912,NIBPO,4,34,"1,000",446.00,"446,000.00"
2020-12-15,2020121504000899,NIBPO,22,16,428,445.00,"190,460.00"
2020-12-15,2020121504000898,NIBPO,13,16,150,445.00,"66,750.00"
2020-12-15,2020121504000896,NIBPO,49,37,500,448.00,"224,000.00"
2020-12-15,2020121504000894,NIBPO,49,37,300,448.00,"134,400.00"
2020-12-15,2020121504000878,NIBPO,49,37,200,448.00,"89,600.00"
2020-12-15,2020121504000937,NIBPO,4,52,400,445.00,"178,000.00"
2020-12-15,2020121504000932,NIBPO,44,34,428,444.00,"190,032.00"
2020-12-15,2020121504000931,NIBPO,44,48,700,444.00,"310,800.00"
2020-12-15,2020121504000921,NIBPO,22,34,"1,572",445.00,"699,540.00"
2020-12-15,2020121504000920,NIBPO,4,34,800,446.00,"356,800.00"
2020-12-15,2020121504000917,NIBPO,4,34,200,446.00,"89,200.00"
2020-12-15,2020121504000990,NIBPO,45,6,"1,798",443.00,"796,514.00"
2020-12-15,2020121504000958,NIBPO,44,53,"18,872",444.00,"8,379,168.00"
2020-12-15,2020121504000957,NIBPO,4,53,"3,000",445.00,"1,335,000.00"
2020-12-15,2020121504000956,NIBPO,4,53,"1,290",445.00,"574,050.00"
2020-12-15,2020121504000952,NIBPO,4,7,10,445.00,"4,450.00"
2020-12-15,2020121504000951,NIBPO,4,34,300,445.00,"133,500.00"
2020-12-15,2020121504001062,NIBPO,58,35,54,442.00,"23,868.00"
2020-12-15,2020121504001049,NIBPO,58,34,"4,425",446.00,"1,973,550.00"
2020-12-15,2020121504001048,NIBPO,58,3,150,445.00,"66,750.00"
2020-12-15,2020121504001047,NIBPO,58,6,"1,225",444.00,"543,900.00"
2020-12-15,2020121504001046,NIBPO,58,49,200,443.00,"88,600.00"
2020-12-15,2020121504001003,NIBPO,58,6,202,443.00,"89,486.00"
2020-12-15,2020121504001088,NIBPO,4,10,100,449.00,"44,900.00"
2020-12-15,2020121504001087,NIBPO,4,5,500,448.00,"224,000.00"
2020-12-15,2020121504001086,NIBPO,4,32,"1,000",447.00,"447,000.00"
2020-12-15,2020121504001085,NIBPO,4,34,575,446.00,"256,450.00"
2020-12-15,2020121504001076,NIBPO,4,34,100,443.00,"44,300.00"
2020-12-15,2020121504001069,NIBPO,58,34,500,442.00,"221,000.00"
2020-12-15,2020121504001094,NIBPO,4,46,300,450.00,"135,000.00"
2020-12-15,2020121504001093,NIBPO,4,49,500,450.00,"225,000.00"
2020-12-15,2020121504001092,NIBPO,4,32,"1,000",449.00,"449,000.00"
2020-12-15,2020121504001091,NIBPO,4,46,200,449.00,"89,800.00"
2020-12-15,2020121504001090,NIBPO,4,17,500,449.00,"224,500.00"
2020-12-15,2020121504001089,NIBPO,4,22,300,449.00,"134,700.00"
2020-12-15,2020121504000988,NIBSF1,7,1,"2,500",11.18,"27,950.00"
2020-12-15,2020121504000919,NIBSF1,7,25,"6,956",11.18,"77,768.08"
2020-12-15,2020121504000614,NICAD8283,6,6,25,"1,126.00","28,150.00"
2020-12-15,2020121504001083,NICBF,17,28,"1,000",9.85,"9,850.00"
2020-12-15,2020121504000812,NICBF,17,49,"1,000",9.82,"9,820.00"
2020-12-15,2020121504000905,NICGF,17,14,"1,000",10.40,"10,400.00"
2020-12-15,2020121504000820,NICGF,17,41,"1,000",10.40,"10,400.00"
2020-12-15,2020121504001034,NMBHF1,17,7,"1,668",10.02,"16,713.36"
2020-12-15,2020121504001027,NMBHF1,17,7,"17,455",10.10,"176,295.50"
2020-12-15,2020121504000928,NMBHF1,17,3,"20,062",10.10,"202,626.20"
2020-12-15,2020121504000927,NMBHF1,17,14,"4,161",10.10,"42,026.10"
2020-12-15,2020121504000926,NMBHF1,17,44,"4,161",10.09,"41,984.49"
2020-12-15,2020121504000925,NMBHF1,17,49,"4,161",10.09,"41,984.49"
2020-12-15,2020121504000924,NMBHF1,17,58,832,10.02,"8,336.64"
2020-12-15,2020121504000682,NMBHF1,58,38,"2,245",10.03,"22,517.35"
2020-12-15,2020121504000604,NMBHF1,17,38,"1,500",10.03,"15,045.00"
2020-12-15,2020121504000626,RBCLPO,35,35,500,"15,000.00","7,500,000.00"
2020-12-15,2020121504001002,SAEF,17,18,"2,000",11.06,"22,120.00"
2020-12-15,2020121504001001,SAEF,17,18,500,11.07,"5,535.00"
2020-12-15,2020121504000895,SAEF,17,17,"1,000",11.07,"11,070.00"
2020-12-15,2020121504000822,SAEF,47,56,"1,000",11.05,"11,050.00"
2020-12-15,2020121504000821,SAEF,47,4,"2,500",11.05,"27,625.00"
2020-12-15,2020121504000810,SAEF,47,36,"1,000",11.05,"11,050.00"
2020-12-15,2020121504000641,SAEF,47,36,"1,000",11.05,"11,050.00"
2020-12-15,2020121504001068,SBIBD86,6,45,50,"1,042.00","52,100.00"
2020-12-15,2020121504001065,SEF,17,59,"5,100",10.25,"52,275.00"
2020-12-15,2020121504001054,SEF,47,57,"12,500",10.28,"128,500.00"
2020-12-15,2020121504001023,SEF,51,57,"7,500",10.26,"76,950.00"
2020-12-15,2020121504000991,SEF,42,20,"2,000",10.30,"20,600.00"
2020-12-15,2020121504000963,SEF,47,18,"3,000",10.39,"31,170.00"
2020-12-15,2020121504000962,SEF,47,33,"2,000",10.39,"20,780.00"
2020-12-15,2020121504000811,SEF,51,36,"1,000",10.26,"10,260.00"
2020-12-15,2020121504000664,SEF,6,55,"1,000",10.30,"10,300.00"
2020-12-15,2020121504000658,SEF,17,39,500,10.25,"5,125.00"
2020-12-15,2020121504000635,SEF,17,36,"1,000",10.25,"10,250.00"
2020-12-15,2020121504000627,SEF,17,26,200,10.25,"2,050.00"
2020-12-15,2020121504000906,SEF,42,28,500,10.30,"5,150.00"
2020-12-15,2020121504000867,SEF,42,45,500,10.30,"5,150.00"
2020-12-15,2020121504000862,SEF,42,49,"2,000",10.30,"20,600.00"
2020-12-15,2020121504000833,SEF,53,33,"3,000",10.30,"30,900.00"
2020-12-15,2020121504000832,SEF,53,59,"2,000",10.30,"20,600.00"
2020-12-15,2020121504000825,SEF,51,4,"1,500",10.26,"15,390.00"
2020-12-15,2020121504000980,SFMF,1,36,200,10.09,"2,018.00"
2020-12-15,2020121504000939,SFMF,19,29,"2,000",10.09,"20,180.00"
2020-12-15,2020121504000922,SFMF,17,29,"3,000",10.10,"30,300.00"
2020-12-15,2020121504000815,SFMF,1,36,400,10.09,"4,036.00"
2020-12-15,2020121504000804,SFMF,1,58,200,10.09,"2,018.00"
2020-12-15,2020121504001101,SGI,25,45,10,607.00,"6,070.00"
2020-12-15,2020121504001084,SGI,25,21,10,607.00,"6,070.00"
2020-12-15,2020121504001082,SGI,25,55,10,607.00,"6,070.00"
2020-12-15,2020121504001075,SGI,25,22,10,607.00,"6,070.00"
2020-12-15,2020121504001073,SGI,25,38,10,607.00,"6,070.00"
2020-12-15,2020121504001072,SGI,25,55,10,607.00,"6,070.00"
2020-12-15,2020121504000616,SGI,34,56,10,612.00,"6,120.00"
2020-12-15,2020121504000615,SGI,34,50,10,612.00,"6,120.00"
2020-12-15,2020121504000613,SGI,34,10,10,612.00,"6,120.00"
2020-12-15,2020121504000606,SGI,34,52,10,612.00,"6,120.00"
2020-12-15,2020121504000638,SGI,57,18,10,613.00,"6,130.00"
2020-12-15,2020121504000637,SGI,57,48,10,613.00,"6,130.00"
2020-12-15,2020121504000636,SGI,57,46,10,613.00,"6,130.00"
2020-12-15,2020121504000629,SGI,34,39,10,612.00,"6,120.00"
2020-12-15,2020121504000628,SGI,34,7,10,612.00,"6,120.00"
2020-12-15,2020121504000617,SGI,34,52,10,612.00,"6,120.00"
2020-12-15,2020121504000648,SGI,34,26,10,612.00,"6,120.00"
2020-12-15,2020121504000646,SGI,34,18,10,612.00,"6,120.00"
2020-12-15,2020121504000644,SGI,34,22,10,612.00,"6,120.00"
2020-12-15,2020121504000643,SGI,34,36,10,612.00,"6,120.00"
2020-12-15,2020121504000640,SGI,57,42,10,613.00,"6,130.00"
2020-12-15,2020121504000639,SGI,57,35,10,613.00,"6,130.00"
2020-12-15,2020121504000674,SGI,32,38,10,612.00,"6,120.00"
2020-12-15,2020121504000661,SGI,34,21,10,612.00,"6,120.00"
2020-12-15,2020121504000657,SGI,34,57,10,612.00,"6,120.00"
2020-12-15,2020121504000655,SGI,34,34,10,612.00,"6,120.00"
2020-12-15,2020121504000654,SGI,34,10,10,612.00,"6,120.00"
2020-12-15,2020121504000653,SGI,34,33,10,612.00,"6,120.00"
2020-12-15,2020121504000694,SGI,32,17,10,612.00,"6,120.00"
2020-12-15,2020121504000692,SGI,32,17,10,612.00,"6,120.00"
2020-12-15,2020121504000691,SGI,32,38,10,612.00,"6,120.00"
2020-12-15,2020121504000687,SGI,32,49,10,612.00,"6,120.00"
2020-12-15,2020121504000686,SGI,32,21,10,612.00,"6,120.00"
2020-12-15,2020121504000681,SGI,32,33,10,612.00,"6,120.00"
2020-12-15,2020121504000704,SGI,57,44,10,612.00,"6,120.00"
2020-12-15,2020121504000703,SGI,57,41,10,612.00,"6,120.00"
2020-12-15,2020121504000701,SGI,57,8,10,612.00,"6,120.00"
2020-12-15,2020121504000698,SGI,32,17,10,612.00,"6,120.00"
2020-12-15,2020121504000697,SGI,32,44,10,612.00,"6,120.00"
2020-12-15,2020121504000695,SGI,32,38,10,612.00,"6,120.00"
2020-12-15,2020121504000732,SGI,1,22,10,612.00,"6,120.00"
2020-12-15,2020121504000730,SGI,58,28,10,612.00,"6,120.00"
2020-12-15,2020121504000728,SGI,58,52,10,612.00,"6,120.00"
2020-12-15,2020121504000725,SGI,58,50,10,612.00,"6,120.00"
2020-12-15,2020121504000713,SGI,58,44,10,612.00,"6,120.00"
2020-12-15,2020121504000706,SGI,58,8,10,612.00,"6,120.00"
2020-12-15,2020121504000745,SGI,35,8,10,612.00,"6,120.00"
2020-12-15,2020121504000743,SGI,35,44,10,612.00,"6,120.00"
2020-12-15,2020121504000742,SGI,35,38,10,612.00,"6,120.00"
2020-12-15,2020121504000741,SGI,35,58,10,612.00,"6,120.00"
2020-12-15,2020121504000736,SGI,35,38,10,612.00,"6,120.00"
2020-12-15,2020121504000735,SGI,1,47,10,612.00,"6,120.00"
2020-12-15,2020121504000756,SGI,34,28,10,612.00,"6,120.00"
2020-12-15,2020121504000754,SGI,34,52,10,612.00,"6,120.00"
2020-12-15,2020121504000753,SGI,34,7,10,612.00,"6,120.00"
2020-12-15,2020121504000752,SGI,48,14,10,612.00,"6,120.00"
2020-12-15,2020121504000750,SGI,13,39,10,612.00,"6,120.00"
2020-12-15,2020121504000749,SGI,13,36,10,612.00,"6,120.00"
2020-12-15,2020121504000763,SGI,34,26,10,612.00,"6,120.00"
2020-12-15,2020121504000762,SGI,34,44,10,612.00,"6,120.00"
2020-12-15,2020121504000761,SGI,34,21,10,612.00,"6,120.00"
2020-12-15,2020121504000760,SGI,34,49,10,612.00,"6,120.00"
2020-12-15,2020121504000759,SGI,34,37,10,612.00,"6,120.00"
2020-12-15,2020121504000758,SGI,34,41,570,612.00,"348,840.00"
2020-12-15,2020121504000778,SGI,34,16,10,612.00,"6,120.00"
2020-12-15,2020121504000776,SGI,34,18,10,612.00,"6,120.00"
2020-12-15,2020121504000775,SGI,34,14,200,612.00,"122,400.00"
2020-12-15,2020121504000773,SGI,34,44,10,612.00,"6,120.00"
2020-12-15,2020121504000772,SGI,34,53,10,612.00,"6,120.00"
2020-12-15,2020121504000771,SGI,34,48,200,612.00,"122,400.00"
2020-12-15,2020121504000795,SGI,34,28,10,612.00,"6,120.00"
2020-12-15,2020121504000787,SGI,34,11,10,612.00,"6,120.00"
2020-12-15,2020121504000786,SGI,34,5,10,612.00,"6,120.00"
2020-12-15,2020121504000785,SGI,34,8,10,612.00,"6,120.00"
2020-12-15,2020121504000784,SGI,34,34,10,612.00,"6,120.00"
2020-12-15,2020121504000779,SGI,34,6,10,612.00,"6,120.00"
2020-12-15,2020121504000808,SGI,8,34,10,611.00,"6,110.00"
2020-12-15,2020121504000806,SGI,8,4,10,611.00,"6,110.00"
2020-12-15,2020121504000803,SGI,34,4,10,612.00,"6,120.00"
2020-12-15,2020121504000802,SGI,34,44,10,612.00,"6,120.00"
2020-12-15,2020121504000800,SGI,34,26,10,612.00,"6,120.00"
2020-12-15,2020121504000798,SGI,34,55,10,612.00,"6,120.00"
2020-12-15,2020121504000827,SGI,36,58,10,610.00,"6,100.00"
2020-12-15,2020121504000824,SGI,57,49,170,611.00,"103,870.00"
2020-12-15,2020121504000823,SGI,57,56,10,611.00,"6,110.00"
2020-12-15,2020121504000818,SGI,57,56,10,611.00,"6,110.00"
2020-12-15,2020121504000817,SGI,57,38,10,611.00,"6,110.00"
2020-12-15,2020121504000813,SGI,8,35,10,611.00,"6,110.00"
2020-12-15,2020121504000840,SGI,11,35,10,609.00,"6,090.00"
2020-12-15,2020121504000835,SGI,11,57,10,609.00,"6,090.00"
2020-12-15,2020121504000834,SGI,11,55,10,609.00,"6,090.00"
2020-12-15,2020121504000830,SGI,1,49,100,610.00,"61,000.00"
2020-12-15,2020121504000829,SGI,11,49,100,610.00,"61,000.00"
2020-12-15,2020121504000828,SGI,36,49,190,610.00,"115,900.00"
2020-12-15,2020121504000847,SGI,11,20,10,609.00,"6,090.00"
2020-12-15,2020121504000846,SGI,11,36,10,609.00,"6,090.00"
2020-12-15,2020121504000844,SGI,11,55,10,609.00,"6,090.00"
2020-12-15,2020121504000843,SGI,11,37,10,609.00,"6,090.00"
2020-12-15,2020121504000842,SGI,11,57,10,609.00,"6,090.00"
2020-12-15,2020121504000841,SGI,11,47,10,609.00,"6,090.00"
2020-12-15,2020121504000866,SGI,11,58,10,608.00,"6,080.00"
2020-12-15,2020121504000861,SGI,11,26,10,608.00,"6,080.00"
2020-12-15,2020121504000858,SGI,11,39,10,608.00,"6,080.00"
2020-12-15,2020121504000856,SGI,11,14,10,608.00,"6,080.00"
2020-12-15,2020121504000852,SGI,11,25,10,608.00,"6,080.00"
2020-12-15,2020121504000848,SGI,11,1,10,608.00,"6,080.00"
2020-12-15,2020121504000885,SGI,38,56,10,611.00,"6,110.00"
2020-12-15,2020121504000884,SGI,38,49,10,611.00,"6,110.00"
2020-12-15,2020121504000883,SGI,38,49,10,610.00,"6,100.00"
2020-12-15,2020121504000882,SGI,11,45,10,608.00,"6,080.00"
2020-12-15,2020121504000879,SGI,11,45,10,608.00,"6,080.00"
2020-12-15,2020121504000871,SGI,11,33,10,608.00,"6,080.00"
2020-12-15,2020121504000897,SGI,45,17,10,608.00,"6,080.00"
2020-12-15,2020121504000893,SGI,45,49,10,608.00,"6,080.00"
2020-12-15,2020121504000891,SGI,11,55,10,608.00,"6,080.00"
2020-12-15,2020121504000888,SGI,38,56,10,611.00,"6,110.00"
2020-12-15,2020121504000887,SGI,38,56,10,611.00,"6,110.00"
2020-12-15,2020121504000886,SGI,38,56,10,611.00,"6,110.00"
2020-12-15,2020121504000915,SGI,8,55,10,607.00,"6,070.00"
2020-12-15,2020121504000914,SGI,8,49,10,607.00,"6,070.00"
2020-12-15,2020121504000913,SGI,8,29,10,607.00,"6,070.00"
2020-12-15,2020121504000910,SGI,45,56,10,608.00,"6,080.00"
2020-12-15,2020121504000909,SGI,45,52,10,608.00,"6,080.00"
2020-12-15,2020121504000904,SGI,45,38,10,608.00,"6,080.00"
2020-12-15,2020121504000949,SGI,45,38,10,607.00,"6,070.00"
2020-12-15,2020121504000947,SGI,45,55,10,607.00,"6,070.00"
2020-12-15,2020121504000946,SGI,8,38,10,607.00,"6,070.00"
2020-12-15,2020121504000940,SGI,8,10,10,607.00,"6,070.00"
2020-12-15,2020121504000929,SGI,8,56,10,607.00,"6,070.00"
2020-12-15,2020121504000923,SGI,8,10,10,607.00,"6,070.00"
2020-12-15,2020121504000972,SGI,45,17,10,607.00,"6,070.00"
2020-12-15,2020121504000970,SGI,45,22,10,607.00,"6,070.00"
2020-12-15,2020121504000968,SGI,45,44,10,607.00,"6,070.00"
2020-12-15,2020121504000967,SGI,45,45,10,607.00,"6,070.00"
2020-12-15,2020121504000961,SGI,45,38,10,607.00,"6,070.00"
2020-12-15,2020121504000959,SGI,45,55,10,607.00,"6,070.00"
2020-12-15,2020121504001019,SGI,11,48,10,606.00,"6,060.00"
2020-12-15,2020121504001015,SGI,54,3,10,606.00,"6,060.00"
2020-12-15,2020121504001014,SGI,54,58,10,606.00,"6,060.00"
2020-12-15,2020121504001013,SGI,54,21,10,606.00,"6,060.00"
2020-12-15,2020121504000992,SGI,45,14,10,607.00,"6,070.00"
2020-12-15,2020121504000989,SGI,45,38,10,607.00,"6,070.00"
2020-12-15,2020121504001042,SGI,11,56,10,606.00,"6,060.00"
2020-12-15,2020121504001039,SGI,11,42,10,606.00,"6,060.00"
2020-12-15,2020121504001026,SGI,11,10,10,606.00,"6,060.00"
2020-12-15,2020121504001025,SGI,11,56,10,606.00,"6,060.00"
2020-12-15,2020121504001024,SGI,11,10,10,606.00,"6,060.00"
2020-12-15,2020121504001021,SGI,11,49,10,606.00,"6,060.00"
2020-12-15,2020121504001071,SGI,25,7,10,607.00,"6,070.00"
2020-12-15,2020121504001059,SGI,25,42,10,607.00,"6,070.00"
2020-12-15,2020121504001058,SGI,25,45,10,607.00,"6,070.00"
2020-12-15,2020121504001057,SGI,25,55,10,607.00,"6,070.00"
2020-12-15,2020121504001053,SGI,11,48,10,606.00,"6,060.00"
2020-12-15,2020121504001052,SGI,11,55,10,606.00,"6,060.00"
2020-12-15,2020121504001066,SLICLP,4,49,100,276.00,"27,600.00"
2020-12-15,2020121504001063,SLICLP,4,49,100,276.00,"27,600.00"
2020-12-15,2020121504000950,STC,48,58,10,"5,635.00","56,350.00"
2020-12-15,2020121504000945,STC,47,58,40,"5,640.00","225,600.00"
2020-12-15,2020121504000944,STC,7,58,10,"5,650.00","56,500.00"
2020-12-15,2020121504000943,STC,56,58,15,"5,680.00","85,200.00"
2020-12-15,2020121504000942,STC,17,58,10,"5,680.00","56,800.00"
2020-12-15,2020121504000941,STC,26,58,20,"5,695.00","113,900.00"
2020-12-15,2020121504000901,STC,33,59,20,"5,685.00","113,700.00"
2020-12-15,2020121504000900,STC,36,59,10,"5,686.00","56,860.00"
2020-12-15,2020121504000705,STC,52,32,10,"5,790.00","57,900.00"
2020-12-15,2020121504000577,BBC,34,20,20,"2,870.00","57,400.00"
2020-12-15,2020121504000489,BBC,42,38,10,"2,850.00","28,500.00"
2020-12-15,2020121504000442,BBC,42,57,20,"2,850.00","57,000.00"
2020-12-15,2020121504000379,BBC,48,38,20,"2,850.00","57,000.00"
2020-12-15,2020121504000139,BBC,28,57,10,"2,842.00","28,420.00"
2020-12-15,2020121504000123,BBC,55,57,50,"2,842.00","142,100.00"
2020-12-15,2020121504000122,BBC,39,57,10,"2,842.00","28,420.00"
2020-12-15,2020121504000121,BBC,32,57,50,"2,842.00","142,100.00"
2020-12-15,2020121504000120,BBC,14,57,50,"2,842.00","142,100.00"
2020-12-15,2020121504000119,BBC,34,57,10,"2,843.00","28,430.00"
2020-12-15,2020121504000116,BBC,34,38,10,"2,843.00","28,430.00"
2020-12-15,2020121504000593,CMF1,48,50,200,10.15,"2,030.00"
2020-12-15,2020121504000545,CMF1,51,39,500,10.34,"5,170.00"
2020-12-15,2020121504000544,CMF1,51,42,100,10.33,"1,033.00"
2020-12-15,2020121504000543,CMF1,51,43,"1,400",10.33,"14,462.00"
2020-12-15,2020121504000461,CMF1,48,54,700,10.15,"7,105.00"
2020-12-15,2020121504000336,CMF1,51,43,100,10.33,"1,033.00"
2020-12-15,2020121504000262,CMF1,48,43,100,10.15,"1,015.00"
2020-12-15,2020121504000223,CMF1,48,28,500,10.15,"5,075.00"
2020-12-15,2020121504000137,CMF1,22,43,"1,000",10.35,"10,350.00"
2020-12-15,2020121504000135,CMF1,22,50,100,10.37,"1,037.00"
2020-12-15,2020121504000124,CMF1,22,43,400,10.37,"4,148.00"
2020-12-15,2020121504000601,GIC,32,55,10,583.00,"5,830.00"
2020-12-15,2020121504000600,GIC,32,58,10,583.00,"5,830.00"
2020-12-15,2020121504000599,GIC,32,38,10,583.00,"5,830.00"
2020-12-15,2020121504000598,GIC,32,52,10,583.00,"5,830.00"
2020-12-15,2020121504000597,GIC,32,55,10,583.00,"5,830.00"
2020-12-15,2020121504000594,GIC,32,41,10,583.00,"5,830.00"
2020-12-15,2020121504000130,GIC,38,39,170,595.00,"101,150.00"
2020-12-15,2020121504000129,GIC,38,46,10,595.00,"5,950.00"
2020-12-15,2020121504000128,GIC,38,38,40,595.00,"23,800.00"
2020-12-15,2020121504000115,GIC,45,38,80,595.00,"47,600.00"
2020-12-15,2020121504000114,GIC,45,54,10,595.00,"5,950.00"
2020-12-15,2020121504000109,GIC,45,40,10,595.00,"5,950.00"
2020-12-15,2020121504000148,GIC,21,40,10,590.00,"5,900.00"
2020-12-15,2020121504000147,GIC,21,3,30,590.00,"17,700.00"
2020-12-15,2020121504000146,GIC,13,3,100,590.00,"59,000.00"
2020-12-15,2020121504000145,GIC,16,3,80,591.00,"47,280.00"
2020-12-15,2020121504000141,GIC,16,40,10,591.00,"5,910.00"
2020-12-15,2020121504000140,GIC,16,52,10,591.00,"5,910.00"
2020-12-15,2020121504000174,GIC,8,38,10,589.00,"5,890.00"
2020-12-15,2020121504000158,GIC,6,52,120,590.00,"70,800.00"
2020-12-15,2020121504000157,GIC,6,48,10,590.00,"5,900.00"
2020-12-15,2020121504000154,GIC,6,48,10,590.00,"5,900.00"
2020-12-15,2020121504000152,GIC,6,38,10,590.00,"5,900.00"
2020-12-15,2020121504000151,GIC,34,48,10,590.00,"5,900.00"
2020-12-15,2020121504000195,GIC,52,3,10,588.00,"5,880.00"
2020-12-15,2020121504000192,GIC,52,34,10,588.00,"5,880.00"
2020-12-15,2020121504000184,GIC,52,25,10,588.00,"5,880.00"
2020-12-15,2020121504000183,GIC,52,57,10,588.00,"5,880.00"
2020-12-15,2020121504000179,GIC,8,58,30,589.00,"17,670.00"
2020-12-15,2020121504000178,GIC,8,40,10,589.00,"5,890.00"
2020-12-15,2020121504000213,GIC,41,8,10,586.00,"5,860.00"
2020-12-15,2020121504000209,GIC,41,37,10,586.00,"5,860.00"
2020-12-15,2020121504000207,GIC,26,57,30,587.00,"17,610.00"
2020-12-15,2020121504000203,GIC,26,38,10,587.00,"5,870.00"
2020-12-15,2020121504000202,GIC,26,56,10,587.00,"5,870.00"
2020-12-15,2020121504000197,GIC,52,51,10,588.00,"5,880.00"
2020-12-15,2020121504000247,GIC,5,41,10,587.00,"5,870.00"
2020-12-15,2020121504000243,GIC,5,29,10,587.00,"5,870.00"
2020-12-15,2020121504000237,GIC,5,13,10,587.00,"5,870.00"
2020-12-15,2020121504000236,GIC,5,13,10,587.00,"5,870.00"
2020-12-15,2020121504000235,GIC,5,57,10,587.00,"5,870.00"
2020-12-15,2020121504000219,GIC,41,19,10,586.00,"5,860.00"
2020-12-15,2020121504000260,GIC,5,49,20,587.00,"11,740.00"
2020-12-15,2020121504000259,GIC,5,11,10,587.00,"5,870.00"
2020-12-15,2020121504000254,GIC,5,4,10,587.00,"5,870.00"
2020-12-15,2020121504000253,GIC,29,13,10,588.00,"5,880.00"
2020-12-15,2020121504000252,GIC,29,7,10,588.00,"5,880.00"
2020-12-15,2020121504000249,GIC,5,49,10,587.00,"5,870.00"
2020-12-15,2020121504000291,GIC,39,54,10,586.00,"5,860.00"
2020-12-15,2020121504000276,GIC,39,58,10,586.00,"5,860.00"
2020-12-15,2020121504000275,GIC,39,40,10,586.00,"5,860.00"
2020-12-15,2020121504000273,GIC,39,56,10,586.00,"5,860.00"
2020-12-15,2020121504000266,GIC,41,57,10,586.00,"5,860.00"
2020-12-15,2020121504000265,GIC,41,37,10,586.00,"5,860.00"
2020-12-15,2020121504000301,GIC,39,52,10,586.00,"5,860.00"
2020-12-15,2020121504000297,GIC,39,39,10,586.00,"5,860.00"
2020-12-15,2020121504000296,GIC,49,28,60,587.00,"35,220.00"
2020-12-15,2020121504000295,GIC,42,28,30,587.00,"17,610.00"
2020-12-15,2020121504000294,GIC,42,47,10,587.00,"5,870.00"
2020-12-15,2020121504000293,GIC,42,50,10,587.00,"5,870.00"
2020-12-15,2020121504000312,GIC,39,29,10,586.00,"5,860.00"
2020-12-15,2020121504000311,GIC,39,49,10,586.00,"5,860.00"
2020-12-15,2020121504000309,GIC,39,52,10,586.00,"5,860.00"
2020-12-15,2020121504000308,GIC,43,28,30,587.00,"17,610.00"
2020-12-15,2020121504000304,GIC,39,44,10,586.00,"5,860.00"
2020-12-15,2020121504000303,GIC,39,19,10,586.00,"5,860.00"
2020-12-15,2020121504000340,GIC,39,37,10,586.00,"5,860.00"
2020-12-15,2020121504000333,GIC,39,21,10,586.00,"5,860.00"
2020-12-15,2020121504000329,GIC,39,25,10,586.00,"5,860.00"
2020-12-15,2020121504000325,GIC,39,39,10,586.00,"5,860.00"
2020-12-15,2020121504000322,GIC,39,58,10,586.00,"5,860.00"
2020-12-15,2020121504000313,GIC,39,39,10,586.00,"5,860.00"
2020-12-15,2020121504000368,GIC,39,37,10,586.00,"5,860.00"
2020-12-15,2020121504000365,GIC,39,57,10,586.00,"5,860.00"
2020-12-15,2020121504000361,GIC,39,1,10,586.00,"5,860.00"
2020-12-15,2020121504000349,GIC,39,45,10,586.00,"5,860.00"
2020-12-15,2020121504000346,GIC,39,45,10,586.00,"5,860.00"
2020-12-15,2020121504000343,GIC,39,45,10,586.00,"5,860.00"
2020-12-15,2020121504000382,GIC,39,38,10,586.00,"5,860.00"
2020-12-15,2020121504000381,GIC,39,43,100,586.00,"58,600.00"
2020-12-15,2020121504000380,GIC,39,37,10,586.00,"5,860.00"
2020-12-15,2020121504000378,GIC,39,53,10,586.00,"5,860.00"
2020-12-15,2020121504000377,GIC,39,49,10,586.00,"5,860.00"
2020-12-15,2020121504000376,GIC,39,19,10,586.00,"5,860.00"
2020-12-15,2020121504000419,GIC,11,37,10,585.00,"5,850.00"
2020-12-15,2020121504000394,GIC,37,49,40,586.00,"23,440.00"
2020-12-15,2020121504000390,GIC,37,34,10,586.00,"5,860.00"
2020-12-15,2020121504000388,GIC,39,11,100,586.00,"58,600.00"
2020-12-15,2020121504000386,GIC,39,55,10,586.00,"5,860.00"
2020-12-15,2020121504000383,GIC,39,29,10,586.00,"5,860.00"
2020-12-15,2020121504000431,GIC,45,38,10,584.00,"5,840.00"
2020-12-15,2020121504000430,GIC,45,1,10,584.00,"5,840.00"
2020-12-15,2020121504000426,GIC,22,49,100,585.00,"58,500.00"
2020-12-15,2020121504000425,GIC,11,49,20,585.00,"11,700.00"
2020-12-15,2020121504000421,GIC,11,11,10,585.00,"5,850.00"
2020-12-15,2020121504000420,GIC,11,10,10,585.00,"5,850.00"
2020-12-15,2020121504000459,GIC,45,55,10,584.00,"5,840.00"
2020-12-15,2020121504000455,GIC,45,32,10,584.00,"5,840.00"
2020-12-15,2020121504000450,GIC,45,56,10,584.00,"5,840.00"
2020-12-15,2020121504000449,GIC,45,49,10,584.00,"5,840.00"
2020-12-15,2020121504000447,GIC,45,44,10,584.00,"5,840.00"
2020-12-15,2020121504000433,GIC,45,22,10,584.00,"5,840.00"
2020-12-15,2020121504000492,GIC,32,16,10,583.00,"5,830.00"
2020-12-15,2020121504000487,GIC,32,4,10,583.00,"5,830.00"
2020-12-15,2020121504000481,GIC,32,52,10,583.00,"5,830.00"
2020-12-15,2020121504000477,GIC,32,49,10,583.00,"5,830.00"
2020-12-15,2020121504000474,GIC,45,6,10,584.00,"5,840.00"
2020-12-15,2020121504000465,GIC,45,28,10,584.00,"5,840.00"
2020-12-15,2020121504000507,GIC,50,56,10,584.00,"5,840.00"
2020-12-15,2020121504000505,GIC,8,21,10,585.00,"5,850.00"
2020-12-15,2020121504000501,GIC,50,42,10,584.00,"5,840.00"
2020-12-15,2020121504000498,GIC,50,13,10,584.00,"5,840.00"
2020-12-15,2020121504000496,GIC,50,38,10,584.00,"5,840.00"
2020-12-15,2020121504000494,GIC,32,16,10,583.00,"5,830.00"
2020-12-15,2020121504000552,GIC,50,48,10,584.00,"5,840.00"
2020-12-15,2020121504000546,GIC,50,38,10,584.00,"5,840.00"
2020-12-15,2020121504000542,GIC,50,21,10,584.00,"5,840.00"
2020-12-15,2020121504000540,GIC,50,57,10,584.00,"5,840.00"
2020-12-15,2020121504000538,GIC,50,58,10,584.00,"5,840.00"
2020-12-15,2020121504000511,GIC,50,18,10,584.00,"5,840.00"
2020-12-15,2020121504000589,GIC,32,34,10,583.00,"5,830.00"
2020-12-15,2020121504000585,GIC,8,25,10,585.00,"5,850.00"
2020-12-15,2020121504000580,GIC,8,35,10,585.00,"5,850.00"
2020-12-15,2020121504000578,GIC,8,1,10,585.00,"5,850.00"
2020-12-15,2020121504000561,GIC,8,1,10,585.00,"5,850.00"
2020-12-15,2020121504000560,GIC,8,38,10,585.00,"5,850.00"
2020-12-15,2020121504000508,GIMES1,41,45,"5,500",11.20,"61,600.00"
2020-12-15,2020121504000391,GIMES1,47,38,100,11.12,"1,112.00"
2020-12-15,2020121504000264,LEMF,6,44,"1,000",10.10,"10,100.00"
2020-12-15,2020121504000595,LUK,1,34,100,9.28,928.00
2020-12-15,2020121504000502,LUK,1,42,100,9.32,932.00
2020-12-15,2020121504000424,LUK,6,17,"1,000",9.40,"9,400.00"
2020-12-15,2020121504000423,LUK,6,58,500,9.40,"4,700.00"
2020-12-15,2020121504000422,LUK,6,34,200,9.40,"1,880.00"
2020-12-15,2020121504000387,LUK,6,41,100,9.38,938.00
2020-12-15,2020121504000342,LUK,1,56,100,9.35,935.00
2020-12-15,2020121504000341,LUK,1,41,100,9.35,935.00
2020-12-15,2020121504000298,LUK,41,51,100,9.25,925.00
2020-12-15,2020121504000290,LUK,41,40,500,9.25,"4,625.00"
2020-12-15,2020121504000289,LUK,57,40,"1,500",9.26,"13,890.00"
2020-12-15,2020121504000224,LUK,6,58,"1,000",9.30,"9,300.00"
2020-12-15,2020121504000603,NBF2,11,6,100,9.93,993.00
2020-12-15,2020121504000602,NBF2,11,49,850,9.93,"8,440.50"
2020-12-15,2020121504000558,NBF2,42,49,150,9.93,"1,489.50"
2020-12-15,2020121504000548,NBF2,11,59,"1,000",9.77,"9,770.00"
2020-12-15,2020121504000458,NBF2,11,39,"1,200",9.77,"11,724.00"
2020-12-15,2020121504000451,NBF2,41,36,200,9.70,"1,940.00"
2020-12-15,2020121504000385,NBF2,45,39,"2,000",9.77,"19,540.00"
2020-12-15,2020121504000270,NBF2,17,39,"1,500",9.77,"14,655.00"
2020-12-15,2020121504000269,NBF2,41,39,300,9.77,"2,931.00"
2020-12-15,2020121504000250,NBF2,41,13,100,9.77,977.00
2020-12-15,2020121504000495,NEF,17,19,"1,127",9.96,"11,224.92"
2020-12-15,2020121504000478,NEF,17,56,"2,253",9.96,"22,439.88"
2020-12-15,2020121504000454,NEF,17,6,966,10.02,"9,679.32"
2020-12-15,2020121504000453,NEF,17,4,483,10.00,"4,830.00"
2020-12-15,2020121504000351,NEF,17,28,"5,632",9.90,"55,756.80"
2020-12-15,2020121504000320,NEF,17,48,"2,414",10.00,"24,140.00"
2020-12-15,2020121504000319,NEF,17,26,"1,207",10.00,"12,070.00"
2020-12-15,2020121504000242,NEF,17,28,338,9.90,"3,346.20"
2020-12-15,2020121504000220,NEF,17,13,483,10.00,"4,830.00"
2020-12-15,2020121504000211,NEF,17,43,"2,414",9.90,"23,898.60"
2020-12-15,2020121504000175,NEF,17,45,145,9.90,"1,435.50"
2020-12-15,2020121504000590,NIBLPF,6,28,"1,263",10.20,"12,882.60"
2020-12-15,2020121504000583,NIBLPF,6,39,"1,515",10.12,"15,331.80"
2020-12-15,2020121504000395,NIBLPF,49,41,600,10.11,"6,066.00"
2020-12-15,2020121504000356,NIBLPF,49,28,"6,384",10.11,"64,542.24"
2020-12-15,2020121504000355,NIBLPF,17,28,480,10.12,"4,857.60"
2020-12-15,2020121504000318,NIBLPF,17,19,515,10.12,"5,211.80"
2020-12-15,2020121504000317,NIBLPF,59,19,495,10.12,"5,009.40"
2020-12-15,2020121504000244,NIBLPF,17,28,505,10.11,"5,105.55"
2020-12-15,2020121504000579,NIBPO,49,14,200,447.00,"89,400.00"
2020-12-15,2020121504000574,NIBPO,49,33,"1,000",445.00,"445,000.00"
2020-12-15,2020121504000573,NIBPO,49,6,600,445.00,"267,000.00"
2020-12-15,2020121504000572,NIBPO,49,8,500,445.00,"222,500.00"
2020-12-15,2020121504000571,NIBPO,49,1,"9,000",445.00,"4,005,000.00"
2020-12-15,2020121504000570,NIBPO,49,6,"4,000",445.00,"1,780,000.00"
2020-12-15,2020121504000187,NIBPO,17,58,"1,000",445.00,"445,000.00"
2020-12-15,2020121504000563,NIBPO,49,44,109,440.00,"47,960.00"
2020-12-15,2020121504000499,NIBPO,42,49,"3,017",439.00,"1,324,463.00"
2020-12-15,2020121504000497,NIBPO,42,34,"1,548",438.00,"678,024.00"
2020-12-15,2020121504000194,NIBPO,16,6,"1,000",437.00,"437,000.00"
2020-12-15,2020121504000189,NIBPO,38,58,"2,000",438.00,"876,000.00"
2020-12-15,2020121504000188,NIBPO,17,58,"1,000",440.00,"440,000.00"
2020-12-15,2020121504000569,NIBPO,49,4,"1,000",444.00,"444,000.00"
2020-12-15,2020121504000568,NIBPO,49,22,500,444.00,"222,000.00"
2020-12-15,2020121504000567,NIBPO,49,17,300,442.00,"132,600.00"
2020-12-15,2020121504000566,NIBPO,49,46,100,441.00,"44,100.00"
2020-12-15,2020121504000565,NIBPO,49,33,"1,000",440.00,"440,000.00"
2020-12-15,2020121504000564,NIBPO,49,13,500,440.00,"220,000.00"
2020-12-15,2020121504000550,NIBSF1,7,51,"2,000",11.20,"22,400.00"
2020-12-15,2020121504000549,NIBSF1,7,19,"5,000",11.19,"55,950.00"
2020-12-15,2020121504000156,NIBSF1,7,35,"1,978",11.09,"21,936.02"
2020-12-15,2020121504000155,NIBSF1,17,35,"1,500",11.09,"16,635.00"
2020-12-15,2020121504000521,NICBF,49,6,"3,000",9.81,"29,430.00"
2020-12-15,2020121504000520,NICBF,48,6,"2,000",9.81,"19,620.00"
2020-12-15,2020121504000519,NICBF,17,6,"5,000",9.82,"49,100.00"
2020-12-15,2020121504000352,NICGF,17,32,500,10.40,"5,200.00"
2020-12-15,2020121504000177,NICGF,17,28,500,10.40,"5,200.00"
2020-12-15,2020121504000159,NICGF,17,43,100,10.40,"1,040.00"
2020-12-15,2020121504000445,NMB50,11,4,"3,300",10.50,"34,650.00"
2020-12-15,2020121504000436,NMB50,11,49,100,10.49,"1,049.00"
2020-12-15,2020121504000432,NMB50,11,54,"2,000",10.48,"20,960.00"
2020-12-15,2020121504000429,NMB50,11,37,300,10.47,"3,141.00"
2020-12-15,2020121504000428,NMB50,11,8,200,10.29,"2,058.00"
2020-12-15,2020121504000427,NMB50,11,6,100,10.29,"1,029.00"
2020-12-15,2020121504000468,NMBHF1,17,4,832,10.00,"8,320.00"
2020-12-15,2020121504000367,NMBHF1,43,28,"6,310",9.90,"62,469.00"
2020-12-15,2020121504000216,NMBHF1,58,26,832,10.00,"8,320.00"
2020-12-15,2020121504000471,NMBPO,32,7,"49,000",250.00,"12,250,000.00"
2020-12-15,2020121504000258,PCBLP,20,14,"10,000",154.00,"1,540,000.00"
2020-12-15,2020121504000221,PCBLP,28,14,"10,000",154.00,"1,540,000.00"
2020-12-15,2020121504000206,PCBLP,3,14,"22,418",154.00,"3,452,372.00"
2020-12-15,2020121504000204,PCBLP,3,14,"10,000",154.00,"1,540,000.00"
2020-12-15,2020121504000200,PCBLP,3,14,"10,000",154.00,"1,540,000.00"
2020-12-15,2020121504000196,PCBLP,3,14,"10,000",154.00,"1,540,000.00"
2020-12-15,2020121504000506,RBCLPO,33,54,300,"15,000.00","4,500,000.00"
2020-12-15,2020121504000228,RBCLPO,33,42,20,"15,227.00","304,540.00"
2020-12-15,2020121504000227,RBCLPO,33,49,14,"15,227.00","213,178.00"
2020-12-15,2020121504000226,RBCLPO,33,56,30,"15,227.00","456,810.00"
2020-12-15,2020121504000225,RBCLPO,33,33,50,"15,220.00","761,000.00"
2020-12-15,2020121504000374,SAEF,41,6,"5,000",11.03,"55,150.00"
2020-12-15,2020121504000169,SAEF,43,35,"5,000",11.00,"55,000.00"
2020-12-15,2020121504000168,SAEF,43,54,100,11.00,"1,100.00"
2020-12-15,2020121504000302,SEF,41,1,"1,000",10.20,"10,200.00"
2020-12-15,2020121504000267,SEF,43,20,"2,000",10.20,"20,400.00"
2020-12-15,2020121504000261,SEF,49,20,"3,000",10.20,"30,600.00"
2020-12-15,2020121504000232,SEF,17,41,500,10.19,"5,095.00"
2020-12-15,2020121504000205,SEF,42,35,500,10.17,"5,085.00"
2020-12-15,2020121504000199,SEF,42,28,500,10.17,"5,085.00"
2020-12-15,2020121504000172,SEF,47,1,"5,000",10.15,"50,750.00"
2020-12-15,2020121504000166,SEF,42,28,"1,000",10.29,"10,290.00"
2020-12-15,2020121504000112,SEF,58,28,100,10.29,"1,029.00"
2020-12-15,2020121504000539,SFMF,42,1,100,10.29,"1,029.00"
2020-12-15,2020121504000518,SFMF,42,28,500,10.29,"5,145.00"
2020-12-15,2020121504000517,SFMF,42,35,500,10.29,"5,145.00"
2020-12-15,2020121504000516,SFMF,42,34,500,10.29,"5,145.00"
2020-12-15,2020121504000515,SFMF,42,20,200,10.29,"2,058.00"
2020-12-15,2020121504000514,SFMF,42,47,500,10.29,"5,145.00"
2020-12-15,2020121504000513,SFMF,42,16,100,10.29,"1,029.00"
2020-12-15,2020121504000596,SGI,34,33,10,612.00,"6,120.00"
2020-12-15,2020121504000592,SGI,34,58,10,612.00,"6,120.00"
2020-12-15,2020121504000591,SGI,34,57,10,612.00,"6,120.00"
2020-12-15,2020121504000588,SGI,34,44,10,612.00,"6,120.00"
2020-12-15,2020121504000587,SGI,34,18,10,612.00,"6,120.00"
2020-12-15,2020121504000586,SGI,34,44,10,612.00,"6,120.00"
2020-12-15,2020121504000111,SGI,34,56,10,612.00,"6,120.00"
2020-12-15,2020121504000110,SGI,34,44,10,612.00,"6,120.00"
2020-12-15,2020121504000108,SGI,34,56,10,612.00,"6,120.00"
2020-12-15,2020121504000107,SGI,34,40,10,612.00,"6,120.00"
2020-12-15,2020121504000105,SGI,11,13,10,613.00,"6,130.00"
2020-12-15,2020121504000104,SGI,34,45,10,612.00,"6,120.00"
2020-12-15,2020121504000132,SGI,21,4,10,613.00,"6,130.00"
2020-12-15,2020121504000127,SGI,21,41,10,613.00,"6,130.00"
2020-12-15,2020121504000125,SGI,34,13,10,612.00,"6,120.00"
2020-12-15,2020121504000118,SGI,34,56,10,612.00,"6,120.00"
2020-12-15,2020121504000117,SGI,34,56,10,612.00,"6,120.00"
2020-12-15,2020121504000113,SGI,34,33,10,612.00,"6,120.00"
2020-12-15,2020121504000153,SGI,8,52,10,614.00,"6,140.00"
2020-12-15,2020121504000150,SGI,21,40,10,613.00,"6,130.00"
2020-12-15,2020121504000149,SGI,21,49,10,613.00,"6,130.00"
2020-12-15,2020121504000142,SGI,32,55,10,615.00,"6,150.00"
2020-12-15,2020121504000138,SGI,1,39,10,615.00,"6,150.00"
2020-12-15,2020121504000134,SGI,21,40,10,613.00,"6,130.00"
2020-12-15,2020121504000165,SGI,48,58,130,617.00,"80,210.00"
2020-12-15,2020121504000164,SGI,48,49,10,617.00,"6,170.00"
2020-12-15,2020121504000163,SGI,48,34,10,616.00,"6,160.00"
2020-12-15,2020121504000162,SGI,48,33,10,616.00,"6,160.00"
2020-12-15,2020121504000161,SGI,48,32,10,615.00,"6,150.00"
2020-12-15,2020121504000160,SGI,8,56,10,614.00,"6,140.00"
2020-12-15,2020121504000180,SGI,21,46,10,613.00,"6,130.00"
2020-12-15,2020121504000176,SGI,21,40,10,613.00,"6,130.00"
2020-12-15,2020121504000173,SGI,21,58,10,613.00,"6,130.00"
2020-12-15,2020121504000171,SGI,8,29,10,614.00,"6,140.00"
2020-12-15,2020121504000170,SGI,8,34,10,614.00,"6,140.00"
2020-12-15,2020121504000167,SGI,8,59,10,614.00,"6,140.00"
2020-12-15,2020121504000208,SGI,21,13,10,613.00,"6,130.00"
2020-12-15,2020121504000201,SGI,21,1,10,613.00,"6,130.00"
2020-12-15,2020121504000198,SGI,48,42,20,615.00,"12,300.00"
2020-12-15,2020121504000193,SGI,21,43,10,613.00,"6,130.00"
2020-12-15,2020121504000191,SGI,21,46,10,613.00,"6,130.00"
2020-12-15,2020121504000190,SGI,21,46,10,613.00,"6,130.00"
2020-12-15,2020121504000218,SGI,21,41,10,613.00,"6,130.00"
2020-12-15,2020121504000217,SGI,21,45,10,613.00,"6,130.00"
2020-12-15,2020121504000215,SGI,21,55,10,613.00,"6,130.00"
2020-12-15,2020121504000214,SGI,6,7,10,614.00,"6,140.00"
2020-12-15,2020121504000212,SGI,21,57,10,613.00,"6,130.00"
2020-12-15,2020121504000210,SGI,21,59,10,613.00,"6,130.00"
2020-12-15,2020121504000234,SGI,6,58,10,614.00,"6,140.00"
2020-12-15,2020121504000233,SGI,6,13,10,614.00,"6,140.00"
2020-12-15,2020121504000231,SGI,13,37,10,613.00,"6,130.00"
2020-12-15,2020121504000230,SGI,13,8,10,613.00,"6,130.00"
2020-12-15,2020121504000229,SGI,21,57,10,613.00,"6,130.00"
2020-12-15,2020121504000222,SGI,21,29,10,613.00,"6,130.00"
2020-12-15,2020121504000246,SGI,13,50,10,613.00,"6,130.00"
2020-12-15,2020121504000245,SGI,13,8,10,613.00,"6,130.00"
2020-12-15,2020121504000241,SGI,13,4,10,613.00,"6,130.00"
2020-12-15,2020121504000240,SGI,57,51,10,614.00,"6,140.00"
2020-12-15,2020121504000239,SGI,13,42,10,613.00,"6,130.00"
2020-12-15,2020121504000238,SGI,13,28,10,613.00,"6,130.00"
2020-12-15,2020121504000263,SGI,13,17,10,613.00,"6,130.00"
2020-12-15,2020121504000257,SGI,13,14,10,613.00,"6,130.00"
2020-12-15,2020121504000256,SGI,45,42,20,615.00,"12,300.00"
2020-12-15,2020121504000255,SGI,45,38,10,614.00,"6,140.00"
2020-12-15,2020121504000251,SGI,13,41,10,613.00,"6,130.00"
2020-12-15,2020121504000248,SGI,53,56,10,614.00,"6,140.00"
2020-12-15,2020121504000299,SGI,13,40,10,613.00,"6,130.00"
2020-12-15,2020121504000292,SGI,13,35,10,613.00,"6,130.00"
2020-12-15,2020121504000277,SGI,13,41,10,613.00,"6,130.00"
2020-12-15,2020121504000274,SGI,13,37,10,613.00,"6,130.00"
2020-12-15,2020121504000271,SGI,13,58,10,613.00,"6,130.00"
2020-12-15,2020121504000268,SGI,13,53,10,613.00,"6,130.00"
2020-12-15,2020121504000314,SGI,13,51,10,613.00,"6,130.00"
2020-12-15,2020121504000310,SGI,13,58,10,613.00,"6,130.00"
2020-12-15,2020121504000307,SGI,13,37,10,613.00,"6,130.00"
2020-12-15,2020121504000306,SGI,13,13,130,613.00,"79,690.00"
2020-12-15,2020121504000305,SGI,6,13,25,614.00,"15,350.00"
2020-12-15,2020121504000300,SGI,45,47,10,614.00,"6,140.00"
2020-12-15,2020121504000326,SGI,13,39,10,613.00,"6,130.00"
2020-12-15,2020121504000324,SGI,13,39,10,613.00,"6,130.00"
2020-12-15,2020121504000323,SGI,13,21,10,613.00,"6,130.00"
2020-12-15,2020121504000321,SGI,13,25,10,613.00,"6,130.00"
2020-12-15,2020121504000316,SGI,13,40,80,613.00,"49,040.00"
2020-12-15,2020121504000315,SGI,13,45,10,613.00,"6,130.00"
2020-12-15,2020121504000334,SGI,8,17,10,613.00,"6,130.00"
2020-12-15,2020121504000332,SGI,13,58,10,613.00,"6,130.00"
2020-12-15,2020121504000331,SGI,13,41,10,613.00,"6,130.00"
2020-12-15,2020121504000330,SGI,13,42,10,613.00,"6,130.00"
2020-12-15,2020121504000328,SGI,13,58,10,613.00,"6,130.00"
2020-12-15,2020121504000327,SGI,13,40,10,613.00,"6,130.00"
2020-12-15,2020121504000345,SGI,8,37,10,613.00,"6,130.00"
2020-12-15,2020121504000344,SGI,8,35,10,613.00,"6,130.00"
2020-12-15,2020121504000339,SGI,8,42,10,613.00,"6,130.00"
2020-12-15,2020121504000338,SGI,8,39,200,613.00,"122,600.00"
2020-12-15,2020121504000337,SGI,8,42,10,613.00,"6,130.00"
2020-12-15,2020121504000335,SGI,8,17,10,613.00,"6,130.00"
2020-12-15,2020121504000359,SGI,8,57,10,613.00,"6,130.00"
2020-12-15,2020121504000358,SGI,8,4,10,613.00,"6,130.00"
2020-12-15,2020121504000357,SGI,8,16,10,613.00,"6,130.00"
2020-12-15,2020121504000354,SGI,8,29,10,613.00,"6,130.00"
2020-12-15,2020121504000353,SGI,8,43,10,613.00,"6,130.00"
2020-12-15,2020121504000350,SGI,8,37,10,613.00,"6,130.00"
2020-12-15,2020121504000372,SGI,1,49,50,613.00,"30,650.00"
2020-12-15,2020121504000371,SGI,55,49,53,613.00,"32,489.00"
2020-12-15,2020121504000370,SGI,11,49,150,613.00,"91,950.00"
2020-12-15,2020121504000369,SGI,8,49,100,613.00,"61,300.00"
2020-12-15,2020121504000364,SGI,8,19,10,613.00,"6,130.00"
2020-12-15,2020121504000360,SGI,8,39,70,613.00,"42,910.00"
2020-12-15,2020121504000393,SGI,34,20,10,612.00,"6,120.00"
2020-12-15,2020121504000392,SGI,34,36,10,612.00,"6,120.00"
2020-12-15,2020121504000389,SGI,34,37,10,612.00,"6,120.00"
2020-12-15,2020121504000384,SGI,34,37,10,612.00,"6,120.00"
2020-12-15,2020121504000375,SGI,39,49,40,613.00,"24,520.00"
2020-12-15,2020121504000373,SGI,32,49,90,613.00,"55,170.00"
2020-12-15,2020121504000401,SGI,17,43,10,613.00,"6,130.00"
2020-12-15,2020121504000400,SGI,17,34,10,613.00,"6,130.00"
2020-12-15,2020121504000399,SGI,17,21,10,613.00,"6,130.00"
2020-12-15,2020121504000398,SGI,17,51,10,613.00,"6,130.00"
2020-12-15,2020121504000397,SGI,17,6,200,613.00,"122,600.00"
2020-12-15,2020121504000396,SGI,17,49,17,613.00,"10,421.00"
2020-12-15,2020121504000407,SGI,17,58,10,613.00,"6,130.00"
2020-12-15,2020121504000406,SGI,17,46,10,613.00,"6,130.00"
2020-12-15,2020121504000405,SGI,17,34,10,613.00,"6,130.00"
2020-12-15,2020121504000404,SGI,17,43,10,613.00,"6,130.00"
2020-12-15,2020121504000403,SGI,17,45,10,613.00,"6,130.00"
2020-12-15,2020121504000402,SGI,17,26,10,613.00,"6,130.00"
2020-12-15,2020121504000413,SGI,17,55,10,614.00,"6,140.00"
2020-12-15,2020121504000412,SGI,17,58,10,614.00,"6,140.00"
2020-12-15,2020121504000411,SGI,17,58,10,614.00,"6,140.00"
2020-12-15,2020121504000410,SGI,17,52,10,614.00,"6,140.00"
2020-12-15,2020121504000409,SGI,17,58,110,613.00,"67,430.00"
2020-12-15,2020121504000408,SGI,17,57,10,613.00,"6,130.00"
2020-12-15,2020121504000434,SGI,56,1,10,613.00,"6,130.00"
2020-12-15,2020121504000418,SGI,17,52,33,615.00,"20,295.00"
2020-12-15,2020121504000417,SGI,17,13,10,615.00,"6,150.00"
2020-12-15,2020121504000416,SGI,17,6,10,615.00,"6,150.00"
2020-12-15,2020121504000415,SGI,17,29,10,615.00,"6,150.00"
2020-12-15,2020121504000414,SGI,17,42,10,615.00,"6,150.00"
2020-12-15,2020121504000441,SGI,17,58,10,613.00,"6,130.00"
2020-12-15,2020121504000440,SGI,17,21,10,613.00,"6,130.00"
2020-12-15,2020121504000439,SGI,17,28,10,613.00,"6,130.00"
2020-12-15,2020121504000438,SGI,17,21,10,613.00,"6,130.00"
2020-12-15,2020121504000437,SGI,17,11,10,613.00,"6,130.00"
2020-12-15,2020121504000435,SGI,56,48,10,613.00,"6,130.00"
2020-12-15,2020121504000460,SGI,17,58,10,614.00,"6,140.00"
2020-12-15,2020121504000456,SGI,17,42,10,614.00,"6,140.00"
2020-12-15,2020121504000452,SGI,17,38,10,614.00,"6,140.00"
2020-12-15,2020121504000446,SGI,17,45,10,614.00,"6,140.00"
2020-12-15,2020121504000444,SGI,17,10,10,614.00,"6,140.00"
2020-12-15,2020121504000443,SGI,17,58,10,613.00,"6,130.00"
2020-12-15,2020121504000470,SGI,17,41,10,614.00,"6,140.00"
2020-12-15,2020121504000469,SGI,17,38,70,614.00,"42,980.00"
2020-12-15,2020121504000467,SGI,17,14,10,614.00,"6,140.00"
2020-12-15,2020121504000466,SGI,17,14,10,614.00,"6,140.00"
2020-12-15,2020121504000464,SGI,17,14,10,614.00,"6,140.00"
2020-12-15,2020121504000462,SGI,17,5,10,614.00,"6,140.00"
2020-12-15,2020121504000483,SGI,35,29,10,614.00,"6,140.00"
2020-12-15,2020121504000482,SGI,35,58,10,614.00,"6,140.00"
2020-12-15,2020121504000480,SGI,35,57,10,614.00,"6,140.00"
2020-12-15,2020121504000479,SGI,56,49,10,614.00,"6,140.00"
2020-12-15,2020121504000476,SGI,17,19,10,614.00,"6,140.00"
2020-12-15,2020121504000475,SGI,17,53,10,614.00,"6,140.00"
2020-12-15,2020121504000491,SGI,35,35,80,614.00,"49,120.00"
2020-12-15,2020121504000490,SGI,35,58,10,614.00,"6,140.00"
2020-12-15,2020121504000488,SGI,35,16,10,614.00,"6,140.00"
2020-12-15,2020121504000486,SGI,35,52,10,614.00,"6,140.00"
2020-12-15,2020121504000485,SGI,14,55,200,614.00,"122,800.00"
2020-12-15,2020121504000484,SGI,35,21,10,614.00,"6,140.00"
2020-12-15,2020121504000510,SGI,34,52,10,613.00,"6,130.00"
2020-12-15,2020121504000509,SGI,34,41,10,612.00,"6,120.00"
2020-12-15,2020121504000504,SGI,34,25,10,612.00,"6,120.00"
2020-12-15,2020121504000503,SGI,34,42,10,612.00,"6,120.00"
2020-12-15,2020121504000500,SGI,34,52,10,612.00,"6,120.00"
2020-12-15,2020121504000493,SGI,45,14,10,613.00,"6,130.00"
2020-12-15,2020121504000528,SGI,1,38,10,613.00,"6,130.00"
2020-12-15,2020121504000527,SGI,1,35,20,613.00,"12,260.00"
2020-12-15,2020121504000526,SGI,1,21,10,613.00,"6,130.00"
2020-12-15,2020121504000525,SGI,1,29,10,613.00,"6,130.00"
2020-12-15,2020121504000524,SGI,1,34,10,613.00,"6,130.00"
2020-12-15,2020121504000512,SGI,34,58,10,612.00,"6,120.00"
2020-12-15,2020121504000534,SGI,1,58,10,613.00,"6,130.00"
2020-12-15,2020121504000533,SGI,1,35,10,613.00,"6,130.00"
2020-12-15,2020121504000532,SGI,1,35,10,613.00,"6,130.00"
2020-12-15,2020121504000531,SGI,1,45,300,613.00,"183,900.00"
2020-12-15,2020121504000530,SGI,1,33,10,613.00,"6,130.00"
2020-12-15,2020121504000529,SGI,1,1,10,613.00,"6,130.00"
2020-12-15,2020121504000551,SGI,34,49,10,612.00,"6,120.00"
2020-12-15,2020121504000547,SGI,35,38,60,613.00,"36,780.00"
2020-12-15,2020121504000541,SGI,34,56,10,612.00,"6,120.00"
2020-12-15,2020121504000537,SGI,34,21,10,612.00,"6,120.00"
2020-12-15,2020121504000536,SGI,1,38,40,613.00,"24,520.00"
2020-12-15,2020121504000535,SGI,1,44,50,613.00,"30,650.00"
2020-12-15,2020121504000559,SGI,26,58,10,613.00,"6,130.00"
2020-12-15,2020121504000557,SGI,34,26,10,612.00,"6,120.00"
2020-12-15,2020121504000556,SGI,34,33,10,612.00,"6,120.00"
2020-12-15,2020121504000555,SGI,34,1,10,612.00,"6,120.00"
2020-12-15,2020121504000554,SGI,34,38,10,612.00,"6,120.00"
2020-12-15,2020121504000553,SGI,34,38,10,612.00,"6,120.00"
2020-12-15,2020121504000584,SGI,34,35,10,612.00,"6,120.00"
2020-12-15,2020121504000582,SGI,34,22,10,612.00,"6,120.00"
2020-12-15,2020121504000581,SGI,34,43,10,612.00,"6,120.00"
2020-12-15,2020121504000576,SGI,34,25,230,612.00,"140,760.00"
2020-12-15,2020121504000575,SGI,34,58,10,612.00,"6,120.00"
2020-12-15,2020121504000562,SGI,34,44,50,612.00,"30,600.00"
2020-12-15,2020121504000523,STC,35,6,20,"5,700.00","114,000.00"
2020-12-15,2020121504000522,STC,37,6,10,"5,700.00","57,000.00"
2020-12-15,2020121504000473,STC,7,26,10,"5,750.00","57,500.00"
2020-12-15,2020121504000472,STC,7,58,15,"5,750.00","86,250.00"
2020-12-15,2020121504000463,STC,51,6,40,"5,749.00","229,960.00"
2020-12-15,2020121504000457,STC,6,6,10,"5,749.00","57,490.00"
2020-12-15,2020121504000136,STC,17,38,10,"5,985.00","59,850.00"
2020-12-15,2020121504000133,STC,13,25,10,"6,000.00","60,000.00"
2020-12-15,2020121504000131,STC,13,50,10,"6,000.00","60,000.00"
2020-12-15,2020121504000126,STC,28,5,20,"6,100.00","122,000.00"
2020-12-15,2020121504000106,STC,53,5,10,"6,100.00","61,000.00"
2020-12-15,2020121504000186,STC,6,17,30,"5,981.00","179,430.00"
2020-12-15,2020121504000185,STC,13,17,20,"5,981.00","119,620.00"
2020-12-15,2020121504000182,STC,56,17,14,"6,000.00","84,000.00"
2020-12-15,2020121504000181,STC,37,17,10,"6,000.00","60,000.00"
2020-12-15,2020121504000144,STC,37,38,10,"5,985.00","59,850.00"
2020-12-15,2020121504000143,STC,58,28,15,"5,982.00","89,730.00"
2020-12-15,2020121504000282,STC,17,49,30,"5,867.00","176,010.00"
2020-12-15,2020121504000281,STC,17,49,50,"5,868.00","293,400.00"
2020-12-15,2020121504000280,STC,17,49,10,"5,870.00","58,700.00"
2020-12-15,2020121504000279,STC,33,49,50,"5,870.00","293,500.00"
2020-12-15,2020121504000278,STC,13,49,10,"5,870.00","58,700.00"
2020-12-15,2020121504000272,STC,17,58,50,"5,981.00","299,050.00"
2020-12-15,2020121504000288,STC,48,49,20,"5,862.00","117,240.00"
2020-12-15,2020121504000287,STC,26,49,15,"5,862.00","87,930.00"
2020-12-15,2020121504000286,STC,7,49,20,"5,865.00","117,300.00"
2020-12-15,2020121504000285,STC,58,49,30,"5,867.00","176,010.00"
2020-12-15,2020121504000284,STC,7,49,10,"5,871.00","58,710.00"
2020-12-15,2020121504000283,STC,58,49,70,"5,867.00","410,690.00"
2020-12-15,2020121504000448,STC,51,6,50,"5,749.00","287,450.00"
2020-12-15,2020121504000366,STC,53,58,10,"5,750.00","57,500.00"
2020-12-15,2020121504000363,STC,58,58,20,"5,752.00","115,040.00"
2020-12-15,2020121504000362,STC,49,58,10,"5,752.00","57,520.00"
2020-12-15,2020121504000348,STC,38,34,50,"5,760.00","288,000.00"
2020-12-15,2020121504000347,STC,17,34,50,"5,780.00","289,000.00"
2020-12-15,2020121503020973,ALBSL,34,58,118,964.00,"113,752.00"
2020-12-15,2020121503020972,ALBSL,34,36,50,963.00,"48,150.00"
2020-12-15,2020121503020971,ALBSL,34,36,11,963.00,"10,593.00"
2020-12-15,2020121503020970,ALBSL,34,47,11,962.00,"10,582.00"
2020-12-15,2020121503020969,ALBSL,34,42,11,962.00,"10,582.00"
2020-12-15,2020121503020968,ALBSL,34,26,21,961.00,"20,181.00"
2020-12-15,2020121503020967,ALBSL,34,25,11,961.00,"10,571.00"
2020-12-15,2020121503020966,ALBSL,34,13,17,961.00,"16,337.00"
2020-12-15,2020121503021249,ALICL,34,58,50,947.00,"47,350.00"
2020-12-15,2020121503021248,ALICL,34,56,15,947.00,"14,205.00"
2020-12-15,2020121503021113,ALICL,49,50,200,945.00,"189,000.00"
2020-12-15,2020121503021055,ALICL,49,44,352,945.00,"332,640.00"
2020-12-15,2020121503021054,ALICL,34,44,238,945.00,"224,910.00"
2020-12-15,2020121503021024,BFC,47,42,20,131.00,"2,620.00"
2020-12-15,2020121503020995,BFC,47,8,55,130.00,"7,150.00"
2020-12-15,2020121503021214,CBBL,55,35,180,"1,462.00","263,160.00"
2020-12-15,2020121503021213,CBBL,55,51,20,"1,461.00","29,220.00"
2020-12-15,2020121503021177,CBBL,46,6,50,"1,460.00","73,000.00"
2020-12-15,2020121503021153,CBBL,26,47,35,"1,458.00","51,030.00"
2020-12-15,2020121503021152,CBBL,55,47,140,"1,458.00","204,120.00"
2020-12-15,2020121503021151,CBBL,55,47,25,"1,459.00","36,475.00"
2020-12-15,2020121503021056,CBBL,55,6,25,"1,459.00","36,475.00"
2020-12-15,2020121503021277,CIT,38,3,10,"5,298.00","52,980.00"
2020-12-15,2020121503021274,CIT,45,3,10,"5,298.00","52,980.00"
2020-12-15,2020121503021269,CIT,46,45,50,"5,295.00","264,750.00"
2020-12-15,2020121503021261,CIT,49,3,40,"5,298.00","211,920.00"
2020-12-15,2020121503021057,CIT,38,3,20,"5,298.00","105,960.00"
2020-12-15,2020121503020960,CIT,38,38,20,"5,295.00","105,900.00"
2020-12-15,2020121503020959,CIT,40,38,105,"5,295.00","555,975.00"
2020-12-15,2020121503021252,CLBSL,25,28,172,803.00,"138,116.00"
2020-12-15,2020121503021251,CLBSL,25,17,15,803.00,"12,045.00"
2020-12-15,2020121503020950,CLBSL,42,14,60,803.00,"48,180.00"
2020-12-15,2020121503020949,CLBSL,42,21,131,803.00,"105,193.00"
2020-12-15,2020121504000101,CMF1,22,43,500,10.37,"5,185.00"
2020-12-15,2020121504000081,CMF1,51,43,100,10.37,"1,037.00"
2020-12-15,2020121503021329,DDBL,38,53,50,"1,492.00","74,600.00"
2020-12-15,2020121503021328,DDBL,38,7,12,"1,492.00","17,904.00"
2020-12-15,2020121503021327,DDBL,38,32,37,"1,492.00","55,204.00"
2020-12-15,2020121503021291,DDBL,6,32,251,"1,492.00","374,492.00"
2020-12-15,2020121503021210,DDBL,6,52,49,"1,491.00","73,059.00"
2020-12-15,2020121503021180,DDBL,54,32,12,"1,492.00","17,904.00"
2020-12-15,2020121503021179,DDBL,54,34,28,"1,492.00","41,776.00"
2020-12-15,2020121503021010,DDBL,17,55,100,"1,491.00","149,100.00"
2020-12-15,2020121503020989,FMDBL,19,52,89,595.00,"52,955.00"
2020-12-15,2020121503021326,FOWAD,43,32,200,"2,240.00","448,000.00"
2020-12-15,2020121503021292,FOWAD,34,32,50,"2,240.00","112,000.00"
2020-12-15,2020121503021146,FOWAD,58,32,40,"2,240.00","89,600.00"
2020-12-15,2020121503021114,FOWAD,58,32,500,"2,240.00","1,120,000.00"
2020-12-15,2020121503021097,FOWAD,50,32,100,"2,240.00","224,000.00"
2020-12-15,2020121503021096,FOWAD,14,32,100,"2,240.00","224,000.00"
2020-12-15,2020121503021089,FOWAD,58,32,100,"2,247.00","224,700.00"
2020-12-15,2020121503021088,FOWAD,37,32,200,"2,248.00","449,600.00"
2020-12-15,2020121503021087,FOWAD,34,4,102,"2,250.00","229,500.00"
2020-12-15,2020121503021077,FOWAD,50,48,72,"2,250.00","162,000.00"
2020-12-15,2020121503021062,FOWAD,50,42,24,"2,250.00","54,000.00"
2020-12-15,2020121503021095,FOWAD,50,32,201,"2,240.00","450,240.00"
2020-12-15,2020121503021094,FOWAD,50,32,200,"2,240.00","448,000.00"
2020-12-15,2020121503021093,FOWAD,45,32,100,"2,240.00","224,000.00"
2020-12-15,2020121503021092,FOWAD,33,32,100,"2,245.00","224,500.00"
2020-12-15,2020121503021091,FOWAD,39,32,15,"2,245.00","33,675.00"
2020-12-15,2020121503021090,FOWAD,7,32,65,"2,245.00","145,925.00"
2020-12-15,2020121503021294,GBBL,50,45,200,301.00,"60,200.00"
2020-12-15,2020121503021083,GBBL,47,45,100,302.00,"30,200.00"
2020-12-15,2020121503021131,GBLBS,49,13,100,609.00,"60,900.00"
2020-12-15,2020121503021124,GBLBS,34,58,"3,985",607.00,"2,418,895.00"
2020-12-15,2020121503021123,GBLBS,25,58,300,607.00,"182,100.00"
2020-12-15,2020121503021122,GBLBS,10,58,150,608.00,"91,200.00"
2020-12-15,2020121503021121,GBLBS,48,58,90,608.00,"54,720.00"
2020-12-15,2020121503021120,GBLBS,57,58,34,608.00,"20,672.00"
2020-12-15,2020121503021119,GBLBS,34,58,980,608.00,"595,840.00"
2020-12-15,2020121503021276,GFCL,45,21,10,215.00,"2,150.00"
2020-12-15,2020121504000103,GIC,13,44,10,595.00,"5,950.00"
2020-12-15,2020121504000100,GIC,58,49,90,596.00,"53,640.00"
2020-12-15,2020121504000099,GIC,58,56,10,596.00,"5,960.00"
2020-12-15,2020121504000097,GIC,56,26,28,598.00,"16,744.00"
2020-12-15,2020121504000096,GIC,56,40,10,596.00,"5,960.00"
2020-12-15,2020121504000095,GIC,56,56,10,596.00,"5,960.00"
2020-12-15,2020121504000009,GIC,45,34,10,580.00,"5,800.00"
2020-12-15,2020121504000008,GIC,8,44,10,579.00,"5,790.00"
2020-12-15,2020121504000004,GIC,8,42,10,579.00,"5,790.00"
2020-12-15,2020121504000003,GIC,52,10,10,568.00,"5,680.00"
2020-12-15,2020121504000001,GIC,56,29,10,557.00,"5,570.00"
2020-12-15,2020121504000023,GIC,38,45,50,600.00,"30,000.00"
2020-12-15,2020121504000022,GIC,29,7,10,591.00,"5,910.00"
2020-12-15,2020121504000019,GIC,50,45,550,600.00,"330,000.00"
2020-12-15,2020121504000016,GIC,29,41,10,591.00,"5,910.00"
2020-12-15,2020121504000013,GIC,6,16,10,590.00,"5,900.00"
2020-12-15,2020121504000011,GIC,50,51,100,590.00,"59,000.00"
2020-12-15,2020121504000032,GIC,13,29,50,595.00,"29,750.00"
2020-12-15,2020121504000031,GIC,13,8,10,595.00,"5,950.00"
2020-12-15,2020121504000030,GIC,13,40,10,595.00,"5,950.00"
2020-12-15,2020121504000028,GIC,13,8,10,595.00,"5,950.00"
2020-12-15,2020121504000027,GIC,13,7,10,595.00,"5,950.00"
2020-12-15,2020121504000024,GIC,38,6,100,600.00,"60,000.00"
2020-12-15,2020121504000041,GIC,57,40,10,598.00,"5,980.00"
2020-12-15,2020121504000040,GIC,57,17,70,600.00,"42,000.00"
2020-12-15,2020121504000039,GIC,57,16,10,600.00,"6,000.00"
2020-12-15,2020121504000038,GIC,57,57,10,600.00,"6,000.00"
2020-12-15,2020121504000037,GIC,57,35,10,599.00,"5,990.00"
2020-12-15,2020121504000033,GIC,38,45,10,598.00,"5,980.00"
2020-12-15,2020121504000068,GIC,58,45,10,597.00,"5,970.00"
2020-12-15,2020121504000066,GIC,58,40,10,597.00,"5,970.00"
2020-12-15,2020121504000060,GIC,58,40,10,597.00,"5,970.00"
2020-12-15,2020121504000054,GIC,58,41,10,597.00,"5,970.00"
2020-12-15,2020121504000053,GIC,58,16,10,597.00,"5,970.00"
2020-12-15,2020121504000051,GIC,6,43,10,596.00,"5,960.00"
2020-12-15,2020121504000080,GIC,6,35,120,596.00,"71,520.00"
2020-12-15,2020121504000077,GIC,41,35,70,597.00,"41,790.00"
2020-12-15,2020121504000076,GIC,38,35,20,597.00,"11,940.00"
2020-12-15,2020121504000075,GIC,58,35,30,597.00,"17,910.00"
2020-12-15,2020121504000070,GIC,58,41,10,597.00,"5,970.00"
2020-12-15,2020121504000069,GIC,58,57,10,597.00,"5,970.00"
2020-12-15,2020121504000094,GIC,6,34,10,596.00,"5,960.00"
2020-12-15,2020121504000093,GIC,6,25,10,596.00,"5,960.00"
2020-12-15,2020121504000092,GIC,6,56,10,596.00,"5,960.00"
2020-12-15,2020121504000090,GIC,6,21,10,596.00,"5,960.00"
2020-12-15,2020121504000087,GIC,6,47,10,596.00,"5,960.00"
2020-12-15,2020121504000082,GIC,6,4,10,596.00,"5,960.00"
2020-12-15,2020121503021030,GLBSL,46,58,10,893.00,"8,930.00"
2020-12-15,2020121503021205,GLICL,38,39,25,660.00,"16,500.00"
2020-12-15,2020121503021204,GLICL,38,17,175,660.00,"115,500.00"
2020-12-15,2020121503021129,GLICL,29,17,300,660.00,"198,000.00"
2020-12-15,2020121503021008,GLICL,43,48,500,659.00,"329,500.00"
2020-12-15,2020121503020976,GLICL,37,17,30,660.00,"19,800.00"
2020-12-15,2020121503020984,GMFIL,52,57,300,204.00,"61,200.00"
2020-12-15,2020121503020974,GUFL,42,50,10,201.00,"2,010.00"
2020-12-15,2020121503021246,HIDCL,34,34,100,287.00,"28,700.00"
2020-12-15,2020121503021132,HIDCL,54,58,"1,000",286.00,"286,000.00"
2020-12-15,2020121503020951,HIDCL,54,45,"2,000",286.00,"572,000.00"
2020-12-15,2020121503020938,HIDCL,52,34,100,287.00,"28,700.00"
2020-12-15,2020121503021143,ILBS,32,41,20,"1,038.00","20,760.00"
2020-12-15,2020121503021035,ILBS,32,26,400,"1,038.00","415,200.00"
2020-12-15,2020121503021034,ILBS,32,25,11,"1,038.00","11,418.00"
2020-12-15,2020121503021033,ILBS,32,57,30,"1,037.00","31,110.00"
2020-12-15,2020121503020979,ILBS,52,51,10,"1,033.00","10,330.00"
2020-12-15,2020121503020939,ILBS,38,17,40,"1,035.00","41,400.00"
2020-12-15,2020121503021275,JBBL,38,35,"1,000",225.00,"225,000.00"
2020-12-15,2020121503021243,JBBL,38,57,686,225.00,"154,350.00"
2020-12-15,2020121503021242,JBBL,25,57,150,225.00,"33,750.00"
2020-12-15,2020121503021241,JBBL,41,57,10,225.00,"2,250.00"
2020-12-15,2020121503021240,JBBL,51,57,75,225.00,"16,875.00"
