Date,Transact. No.,Symbol,Buyer,Seller,Quantity,Rate,Amount
2020-02-05,2020020501012373,ADBL,49,58,100,385.00,"38,500.00"
2020-02-05,2020020501012379,AKPL,1,40,"3,000",124.00,"372,000.00"
2020-02-05,2020020501012378,AKPL,45,40,300,124.00,"37,200.00"
2020-02-05,2020020501012377,AKPL,25,40,500,124.00,"62,000.00"
2020-02-05,2020020501012385,ALICL,34,44,315,562.00,"177,030.00"
2020-02-05,2020020501012384,ALICL,22,44,200,562.00,"112,400.00"
2020-02-05,2020020501012383,ALICL,14,44,232,562.00,"130,384.00"
2020-02-05,2020020501011946,ALICL,37,44,175,563.00,"98,525.00"
2020-02-05,2020020501011945,ALICL,52,44,78,563.00,"43,914.00"
2020-02-05,2020020501011941,ALICL,52,57,22,563.00,"12,386.00"
2020-02-05,2020020501012397,API,58,32,44,127.00,"5,588.00"
2020-02-05,2020020501012396,API,58,42,156,127.00,"19,812.00"
2020-02-05,2020020501012395,API,58,55,"1,000",127.00,"127,000.00"
2020-02-05,2020020501012394,API,25,42,34,127.00,"4,318.00"
2020-02-05,2020020501012393,API,25,38,116,126.00,"14,616.00"
2020-02-05,2020020501012392,API,25,53,900,126.00,"113,400.00"
2020-02-05,2020020501012255,API,51,53,200,126.00,"25,200.00"
2020-02-05,2020020501012254,API,51,11,800,126.00,"100,800.00"
2020-02-05,2020020501012253,API,51,28,900,126.00,"113,400.00"
2020-02-05,2020020501012179,API,25,28,50,126.00,"6,300.00"
2020-02-05,2020020501012131,API,21,28,244,125.00,"30,500.00"
2020-02-05,2020020501012044,API,58,28,56,125.00,"7,000.00"
2020-02-05,2020020501012187,BBC,55,26,10,"1,800.00","18,000.00"
2020-02-05,2020020501012110,BFC,52,53,625,100.00,"62,500.00"
2020-02-05,2020020501012018,BFC,52,25,50,100.00,"5,000.00"
2020-02-05,2020020501012274,BOKL,40,34,100,236.00,"23,600.00"
2020-02-05,2020020501012224,BOKL,40,32,160,236.00,"37,760.00"
2020-02-05,2020020501012223,BOKL,32,32,40,236.00,"9,440.00"
2020-02-05,2020020501012372,BPCL,52,16,20,335.00,"6,700.00"
2020-02-05,2020020501012406,CBBL,50,33,126,991.00,"124,866.00"
2020-02-05,2020020501012348,CBBL,50,17,55,"1,000.00","55,000.00"
2020-02-05,2020020501012347,CBBL,50,6,100,"1,000.00","100,000.00"
2020-02-05,2020020501012346,CBBL,50,33,50,"1,000.00","50,000.00"
2020-02-05,2020020501012345,CBBL,50,45,100,"1,000.00","100,000.00"
2020-02-05,2020020501012344,CBBL,50,41,100,"1,000.00","100,000.00"
2020-02-05,2020020501012331,CBBL,50,48,100,997.00,"99,700.00"
2020-02-05,2020020501012330,CBBL,50,36,35,997.00,"34,895.00"
2020-02-05,2020020501012337,CBBL,50,39,500,"1,000.00","500,000.00"
2020-02-05,2020020501012336,CBBL,50,25,200,999.00,"199,800.00"
2020-02-05,2020020501012335,CBBL,50,54,50,999.00,"49,950.00"
2020-02-05,2020020501012334,CBBL,50,19,200,998.00,"199,600.00"
2020-02-05,2020020501012333,CBBL,50,57,118,998.00,"117,764.00"
2020-02-05,2020020501012332,CBBL,50,16,112,998.00,"111,776.00"
2020-02-05,2020020501012343,CBBL,50,36,50,"1,000.00","50,000.00"
2020-02-05,2020020501012342,CBBL,50,10,50,"1,000.00","50,000.00"
2020-02-05,2020020501012341,CBBL,50,38,11,"1,000.00","11,000.00"
2020-02-05,2020020501012340,CBBL,50,26,200,"1,000.00","200,000.00"
2020-02-05,2020020501012339,CBBL,50,44,200,"1,000.00","200,000.00"
2020-02-05,2020020501012338,CBBL,50,40,100,"1,000.00","100,000.00"
2020-02-05,2020020501012429,CBL,58,17,50,161.00,"8,050.00"
2020-02-05,2020020501012423,CBL,22,17,200,161.00,"32,200.00"
2020-02-05,2020020501012366,CBL,36,47,499,160.00,"79,840.00"
2020-02-05,2020020501012365,CBL,49,47,919,160.00,"147,040.00"
2020-02-05,2020020501012353,CBL,49,36,100,160.00,"16,000.00"
2020-02-05,2020020501012351,CBL,49,21,441,160.00,"70,560.00"
2020-02-05,2020020501011981,CBL,49,38,10,161.00,"1,610.00"
2020-02-05,2020020501011950,CBL,57,44,"1,102",160.00,"176,320.00"
2020-02-05,2020020501011949,CBL,56,44,98,160.00,"15,680.00"
2020-02-05,2020020501011947,CBL,58,38,55,161.00,"8,855.00"
2020-02-05,2020020501012073,CBL,36,38,608,161.00,"97,888.00"
2020-02-05,2020020501012033,CBL,13,1,"1,126",160.00,"180,160.00"
2020-02-05,2020020501012032,CBL,22,1,"1,000",160.00,"160,000.00"
2020-02-05,2020020501012031,CBL,36,1,"1,000",160.00,"160,000.00"
2020-02-05,2020020501012030,CBL,48,1,"2,000",160.00,"320,000.00"
2020-02-05,2020020501012029,CBL,57,1,898,160.00,"143,680.00"
2020-02-05,2020020501012079,CBL,36,48,122,161.00,"19,642.00"
2020-02-05,2020020501012078,CBL,36,6,500,161.00,"80,500.00"
2020-02-05,2020020501012077,CBL,36,33,149,161.00,"23,989.00"
2020-02-05,2020020501012076,CBL,36,32,794,161.00,"127,834.00"
2020-02-05,2020020501012075,CBL,36,21,500,161.00,"80,500.00"
2020-02-05,2020020501012074,CBL,36,22,200,161.00,"32,200.00"
2020-02-05,2020020501012138,CBL,26,53,100,160.00,"16,000.00"
2020-02-05,2020020501012137,CBL,13,53,706,160.00,"112,960.00"
2020-02-05,2020020501012109,CBL,13,52,"1,000",160.00,"160,000.00"
2020-02-05,2020020501012089,CBL,13,32,168,160.00,"26,880.00"
2020-02-05,2020020501012081,CBL,36,6,27,161.00,"4,347.00"
2020-02-05,2020020501012080,CBL,36,25,100,161.00,"16,100.00"
2020-02-05,2020020501012153,CBL,25,21,200,160.00,"32,000.00"
2020-02-05,2020020501012143,CBL,25,53,794,160.00,"127,040.00"
2020-02-05,2020020501012142,CBL,25,53,"5,000",160.00,"800,000.00"
2020-02-05,2020020501012141,CBL,55,53,300,160.00,"48,000.00"
2020-02-05,2020020501012140,CBL,36,53,"1,000",160.00,"160,000.00"
2020-02-05,2020020501012139,CBL,29,53,100,160.00,"16,000.00"
2020-02-05,2020020501012239,CBL,25,41,500,161.00,"80,500.00"
2020-02-05,2020020501012238,CBL,25,48,"1,000",161.00,"161,000.00"
2020-02-05,2020020501012237,CBL,25,11,"4,868",161.00,"783,748.00"
2020-02-05,2020020501012236,CBL,25,6,373,161.00,"60,053.00"
2020-02-05,2020020501012234,CBL,49,57,"1,340",160.00,"214,400.00"
2020-02-05,2020020501012233,CBL,40,1,500,160.00,"80,000.00"
2020-02-05,2020020501012302,CBL,49,55,200,160.00,"32,000.00"
2020-02-05,2020020501012244,CBL,25,17,559,161.00,"89,999.00"
2020-02-05,2020020501012243,CBL,25,38,"1,000",161.00,"161,000.00"
2020-02-05,2020020501012242,CBL,25,22,200,161.00,"32,200.00"
2020-02-05,2020020501012241,CBL,25,45,"1,000",161.00,"161,000.00"
2020-02-05,2020020501012240,CBL,25,46,500,161.00,"80,500.00"
2020-02-05,2020020501012201,CFCL,57,28,309,146.00,"45,114.00"
2020-02-05,2020020501012200,CFCL,34,28,100,146.00,"14,600.00"
2020-02-05,2020020501012199,CFCL,33,28,400,146.00,"58,400.00"
2020-02-05,2020020501012420,CIT,40,8,10,"2,497.00","24,970.00"
2020-02-05,2020020501012414,CIT,39,8,10,"2,497.00","24,970.00"
2020-02-05,2020020501012350,CIT,57,42,15,"2,495.00","37,425.00"
2020-02-05,2020020501012275,CIT,7,22,100,"2,497.00","249,700.00"
2020-02-05,2020020501012094,CIT,40,34,100,"2,498.00","249,800.00"
2020-02-05,2020020501012020,CIT,16,34,35,"2,498.00","87,430.00"
2020-02-05,2020020501011990,CIT,58,48,44,"2,495.00","109,780.00"
2020-02-05,2020020501011961,CIT,17,34,163,"2,498.00","407,174.00"
2020-02-05,2020020501011960,CIT,17,26,37,"2,498.00","92,426.00"
2020-02-05,2020020501011959,CIT,17,25,50,"2,498.00","124,900.00"
2020-02-05,2020020501012363,CLBSL,43,46,64,990.00,"63,360.00"
2020-02-05,2020020501012257,CLBSL,43,17,30,989.00,"29,670.00"
2020-02-05,2020020501012256,CLBSL,43,38,29,989.00,"28,681.00"
2020-02-05,2020020501012186,CLBSL,43,44,461,985.00,"454,085.00"
2020-02-05,2020020501012067,CLBSL,43,52,84,985.00,"82,740.00"
2020-02-05,2020020501011951,CLBSL,43,16,116,984.00,"114,144.00"
2020-02-05,2020020501012408,CZBIL,49,14,176,198.00,"34,848.00"
2020-02-05,2020020501012407,CZBIL,26,14,824,198.00,"163,152.00"
2020-02-05,2020020501012225,CZBIL,26,49,176,198.00,"34,848.00"
2020-02-05,2020020501012123,CZBIL,1,32,89,197.00,"17,533.00"
2020-02-05,2020020501012122,CZBIL,35,32,46,197.00,"9,062.00"
2020-02-05,2020020501012389,DDBL,5,42,10,831.00,"8,310.00"
2020-02-05,2020020501012328,DDBL,19,6,50,830.00,"41,500.00"
2020-02-05,2020020501012327,DDBL,1,6,150,830.00,"124,500.00"
2020-02-05,2020020501012326,DDBL,39,6,50,830.00,"41,500.00"
2020-02-05,2020020501012325,DDBL,25,6,20,830.00,"16,600.00"
2020-02-05,2020020501012189,DDBL,42,42,100,831.00,"83,100.00"
2020-02-05,2020020501012258,EBL,58,56,100,646.00,"64,600.00"
2020-02-05,2020020501012085,EBL,47,33,60,648.00,"38,880.00"
2020-02-05,2020020501012084,EBL,47,34,100,648.00,"64,800.00"
2020-02-05,2020020501012083,EBL,47,36,20,647.00,"12,940.00"
2020-02-05,2020020501012361,EIC,14,16,150,459.00,"68,850.00"
2020-02-05,2020020501012358,EIC,7,49,92,460.00,"42,320.00"
2020-02-05,2020020501012357,EIC,7,28,50,460.00,"23,000.00"
2020-02-05,2020020501012356,EIC,7,1,60,460.00,"27,600.00"
2020-02-05,2020020501012355,EIC,7,56,500,460.00,"230,000.00"
2020-02-05,2020020501012354,EIC,7,14,48,460.00,"22,080.00"
2020-02-05,2020020501012047,EIC,26,47,200,459.00,"91,800.00"
2020-02-05,2020020501012046,EIC,26,8,20,459.00,"9,180.00"
2020-02-05,2020020501012045,EIC,26,34,200,459.00,"91,800.00"
2020-02-05,2020020501012019,EIC,6,38,10,458.00,"4,580.00"
2020-02-05,2020020501012322,EIC,14,59,50,459.00,"22,950.00"
2020-02-05,2020020501012217,EIC,40,17,100,459.00,"45,900.00"
2020-02-05,2020020501012216,EIC,40,50,120,459.00,"55,080.00"
2020-02-05,2020020501012095,EIC,37,50,10,459.00,"4,590.00"
2020-02-05,2020020501012049,EIC,26,50,70,459.00,"32,130.00"
2020-02-05,2020020501012048,EIC,26,25,10,459.00,"4,590.00"
2020-02-05,2020020501012230,FMDBL,49,29,25,461.00,"11,525.00"
2020-02-05,2020020501012178,FMDBL,34,13,181,460.00,"83,260.00"
2020-02-05,2020020501012065,FMDBL,25,13,50,460.00,"23,000.00"
2020-02-05,2020020501011992,FMDBL,59,13,150,460.00,"69,000.00"
2020-02-05,2020020501012430,FOWAD,21,32,70,"1,413.00","98,910.00"
2020-02-05,2020020501012180,FOWAD,11,14,10,"1,414.00","14,140.00"
2020-02-05,2020020501012229,GBBL,42,49,20,248.00,"4,960.00"
2020-02-05,2020020501012360,GBIME,7,10,105,286.00,"30,030.00"
2020-02-05,2020020501012107,GBIME,34,10,120,286.00,"34,320.00"
2020-02-05,2020020501012088,GBIME,42,10,48,286.00,"13,728.00"
2020-02-05,2020020501012087,GBIME,42,43,452,286.00,"129,272.00"
2020-02-05,2020020501012022,GBIME,29,43,48,286.00,"13,728.00"
2020-02-05,2020020501012021,GBIME,29,41,52,286.00,"14,872.00"
2020-02-05,2020020501011979,GBIME,32,41,50,286.00,"14,300.00"
2020-02-05,2020020501012422,GBLBS,42,34,410,486.00,"199,260.00"
2020-02-05,2020020501012421,GBLBS,39,34,90,486.00,"43,740.00"
2020-02-05,2020020501012413,GBLBS,39,33,100,486.00,"48,600.00"
2020-02-05,2020020501012309,GBLBS,11,41,10,487.00,"4,870.00"
2020-02-05,2020020501012266,GBLBS,40,33,60,487.00,"29,220.00"
2020-02-05,2020020501012265,GBLBS,40,33,125,487.00,"60,875.00"
2020-02-05,2020020501012204,GBLBS,39,26,20,486.00,"9,720.00"
2020-02-05,2020020501012195,GBLBS,39,19,290,486.00,"140,940.00"
2020-02-05,2020020501012194,GBLBS,39,19,210,486.00,"102,060.00"
2020-02-05,2020020501012436,GFCL,56,17,100,148.00,"14,800.00"
2020-02-05,2020020501012315,GILB,34,33,20,"1,332.00","26,640.00"
2020-02-05,2020020501012438,GLICL,5,16,100,766.00,"76,600.00"
2020-02-05,2020020501012276,GLICL,5,53,93,766.00,"71,238.00"
2020-02-05,2020020501012227,GLICL,42,53,10,767.00,"7,670.00"
2020-02-05,2020020501012064,GLICL,5,38,250,766.00,"191,500.00"
2020-02-05,2020020501011942,GMFBS,28,28,100,850.00,"85,000.00"
2020-02-05,2020020501012380,GRDBL,43,44,10,120.00,"1,200.00"
2020-02-05,2020020501012405,GUFL,47,25,200,133.00,"26,600.00"
2020-02-05,2020020501012404,GUFL,47,39,40,132.00,"5,280.00"
2020-02-05,2020020501012403,GUFL,47,55,160,131.00,"20,960.00"
2020-02-05,2020020501011953,GUFL,39,55,240,131.00,"31,440.00"
2020-02-05,2020020501012299,HDL,57,56,50,"1,223.00","61,150.00"
2020-02-05,2020020501012121,HDL,36,44,500,"1,220.00","610,000.00"
2020-02-05,2020020501011999,HDL,57,48,50,"1,218.00","60,900.00"
2020-02-05,2020020501011984,HDL,50,42,45,"1,216.00","54,720.00"
2020-02-05,2020020501012259,HGI,47,14,400,424.00,"169,600.00"
2020-02-05,2020020501012193,HGI,57,26,690,423.00,"291,870.00"
2020-02-05,2020020501012192,HGI,38,26,10,423.00,"4,230.00"
2020-02-05,2020020501012016,HIDCL,49,25,739,137.00,"101,243.00"
2020-02-05,2020020501012015,HIDCL,45,25,"1,000",137.00,"137,000.00"
2020-02-05,2020020501012014,HIDCL,22,25,"1,000",137.00,"137,000.00"
2020-02-05,2020020501012013,HIDCL,51,25,"1,000",137.00,"137,000.00"
2020-02-05,2020020501012012,HIDCL,7,25,500,137.00,"68,500.00"
2020-02-05,2020020501012011,HIDCL,7,25,50,137.00,"6,850.00"
2020-02-05,2020020501011957,HIDCL,51,45,321,138.00,"44,298.00"
2020-02-05,2020020501012010,HIDCL,17,25,"1,000",137.00,"137,000.00"
2020-02-05,2020020501012009,HIDCL,1,25,"2,500",138.00,"345,000.00"
2020-02-05,2020020501012008,HIDCL,44,25,100,138.00,"13,800.00"
2020-02-05,2020020501012007,HIDCL,10,25,"1,000",138.00,"138,000.00"
2020-02-05,2020020501012006,HIDCL,6,25,"1,000",138.00,"138,000.00"
2020-02-05,2020020501012005,HIDCL,51,25,111,138.00,"15,318.00"
2020-02-05,2020020501011985,HPPL,32,6,10,148.00,"1,480.00"
2020-02-05,2020020501012215,ILBS,57,41,500,834.00,"417,000.00"
2020-02-05,2020020501012214,ILBS,57,57,100,834.00,"83,400.00"
2020-02-05,2020020501012213,ILBS,57,6,150,834.00,"125,100.00"
2020-02-05,2020020501012212,ILBS,57,49,200,834.00,"166,800.00"
2020-02-05,2020020501012211,ILBS,57,57,10,833.00,"8,330.00"
2020-02-05,2020020501012210,ILBS,57,32,100,832.00,"83,200.00"
2020-02-05,2020020501012099,ILBS,57,44,10,820.00,"8,200.00"
2020-02-05,2020020501012098,ILBS,57,10,110,818.00,"89,980.00"
2020-02-05,2020020501012097,ILBS,57,49,10,818.00,"8,180.00"
2020-02-05,2020020501012096,ILBS,57,32,10,818.00,"8,180.00"
2020-02-05,2020020501012105,ILBS,57,21,30,822.00,"24,660.00"
2020-02-05,2020020501012104,ILBS,57,11,20,821.00,"16,420.00"
2020-02-05,2020020501012103,ILBS,57,43,30,820.00,"24,600.00"
2020-02-05,2020020501012102,ILBS,57,49,10,820.00,"8,200.00"
2020-02-05,2020020501012101,ILBS,57,25,80,820.00,"65,600.00"
2020-02-05,2020020501012100,ILBS,57,1,10,820.00,"8,200.00"
2020-02-05,2020020501012209,ILBS,57,16,150,832.00,"124,800.00"
2020-02-05,2020020501012208,ILBS,57,22,300,830.00,"249,000.00"
2020-02-05,2020020501012207,ILBS,57,21,10,825.00,"8,250.00"
2020-02-05,2020020501012206,ILBS,57,51,150,825.00,"123,750.00"
2020-02-05,2020020501012132,ILBS,57,36,20,823.00,"16,460.00"
2020-02-05,2020020501012106,ILBS,57,36,180,823.00,"148,140.00"
2020-02-05,2020020501012364,JBBL,42,39,106,199.00,"21,094.00"
2020-02-05,2020020501012435,JSLBB,34,57,10,"1,625.00","16,250.00"
2020-02-05,2020020501012434,JSLBB,34,42,37,"1,625.00","60,125.00"
2020-02-05,2020020501012433,JSLBB,34,28,85,"1,620.00","137,700.00"
2020-02-05,2020020501012432,JSLBB,34,44,18,"1,619.00","29,142.00"
2020-02-05,2020020501012431,JSLBB,34,51,50,"1,618.00","80,900.00"
2020-02-05,2020020501012023,KBL,45,36,100,200.00,"20,000.00"
2020-02-05,2020020501011998,KBL,53,36,"1,000",200.00,"200,000.00"
2020-02-05,2020020501012263,KPCL,1,45,60,90.00,"5,400.00"
2020-02-05,2020020501012262,KPCL,33,45,150,90.00,"13,500.00"
2020-02-05,2020020501012017,KPCL,33,6,10,90.00,900.00
2020-02-05,2020020501012359,KSBBL,29,14,113,162.00,"18,306.00"
2020-02-05,2020020501012034,LBBL,34,50,360,197.00,"70,920.00"
2020-02-05,2020020501012349,LBL,32,34,15,229.00,"3,435.00"
2020-02-05,2020020501012036,LEMF,10,45,"1,000",8.05,"8,050.00"
2020-02-05,2020020501012245,LGIL,25,56,70,504.00,"35,280.00"
2020-02-05,2020020501012222,LGIL,22,34,14,504.00,"7,056.00"
2020-02-05,2020020501012183,LGIL,52,34,10,505.00,"5,050.00"
2020-02-05,2020020501012111,LICN,25,4,10,"1,231.00","12,310.00"
2020-02-05,2020020501012424,LLBS,34,26,24,"1,061.00","25,464.00"
2020-02-05,2020020501012051,LLBS,6,11,10,"1,051.00","10,510.00"
2020-02-05,2020020501012050,LLBS,6,11,14,"1,051.00","14,714.00"
2020-02-05,2020020501011971,LLBS,6,21,38,"1,051.00","39,938.00"
2020-02-05,2020020501011970,LLBS,6,43,24,"1,050.00","25,200.00"
2020-02-05,2020020501011969,LLBS,6,43,24,"1,050.00","25,200.00"
2020-02-05,2020020501011968,LLBS,6,38,50,"1,049.00","52,450.00"
2020-02-05,2020020501012415,MBL,34,3,342,236.00,"80,712.00"
2020-02-05,2020020501012313,MBL,57,3,138,236.00,"32,568.00"
2020-02-05,2020020501012093,MBL,57,35,462,236.00,"109,032.00"
2020-02-05,2020020501012092,MBL,10,35,538,236.00,"126,968.00"
2020-02-05,2020020501012289,MDB,38,58,10,338.00,"3,380.00"
2020-02-05,2020020501012066,MEGA,28,54,20,207.00,"4,140.00"
2020-02-05,2020020501011977,MEGA,57,14,200,206.00,"41,200.00"
2020-02-05,2020020501011976,MEGA,57,48,100,206.00,"20,600.00"
2020-02-05,2020020501012026,MERO,19,22,81,660.00,"53,460.00"
2020-02-05,2020020501012025,MERO,44,22,300,660.00,"198,000.00"
2020-02-05,2020020501012024,MERO,34,22,69,660.00,"45,540.00"
2020-02-05,2020020501012119,MLBBL,33,6,145,808.00,"117,160.00"
2020-02-05,2020020501012118,MLBBL,50,6,20,810.00,"16,200.00"
2020-02-05,2020020501012117,MLBBL,33,6,35,815.00,"28,525.00"
2020-02-05,2020020501011991,MLBL,21,45,91,211.00,"19,201.00"
2020-02-05,2020020501012063,MNBBL,42,52,29,327.00,"9,483.00"
2020-02-05,2020020501011958,MNBBL,57,7,50,326.00,"16,300.00"
2020-02-05,2020020501011948,MNBBL,57,45,360,326.00,"117,360.00"
2020-02-05,2020020501011989,MSMBS,49,35,10,758.00,"7,580.00"
2020-02-05,2020020501012314,NABIL,29,29,50,734.00,"36,700.00"
2020-02-05,2020020501012228,NABIL,29,32,100,734.00,"73,400.00"
2020-02-05,2020020501012146,NABIL,38,28,20,735.00,"14,700.00"
2020-02-05,2020020501012145,NABIL,49,28,50,735.00,"36,750.00"
2020-02-05,2020020501012144,NABIL,54,28,26,736.00,"19,136.00"
2020-02-05,2020020501012152,NADEP,26,38,11,711.00,"7,821.00"
2020-02-05,2020020501012151,NADEP,26,40,60,710.00,"42,600.00"
2020-02-05,2020020501011995,NADEP,43,57,31,710.00,"22,010.00"
2020-02-05,2020020501012391,NBB,45,19,186,208.00,"38,688.00"
2020-02-05,2020020501012390,NBB,44,19,126,208.00,"26,208.00"
2020-02-05,2020020501012367,NBL,29,49,"4,210",270.00,"1,136,700.00"
2020-02-05,2020020501012324,NBL,32,49,790,270.00,"213,300.00"
2020-02-05,2020020501012323,NBL,32,4,339,270.00,"91,530.00"
2020-02-05,2020020501012190,NBL,38,4,150,270.00,"40,500.00"
2020-02-05,2020020501012170,NBL,49,4,"2,600",270.00,"702,000.00"
2020-02-05,2020020501012082,NBL,42,4,100,270.00,"27,000.00"
2020-02-05,2020020501012400,NCCB,58,42,"1,000",198.00,"198,000.00"
2020-02-05,2020020501012304,NCCB,33,5,11,199.00,"2,189.00"
2020-02-05,2020020501012303,NCCB,33,48,139,198.00,"27,522.00"
2020-02-05,2020020501012177,NCCB,42,48,10,198.00,"1,980.00"
2020-02-05,2020020501012124,NCCB,42,48,20,198.00,"3,960.00"
2020-02-05,2020020501012037,NCCB,48,48,20,198.00,"3,960.00"
2020-02-05,2020020501011982,NCCB,1,48,"1,000",198.00,"198,000.00"
2020-02-05,2020020501012371,NGPL,35,45,150,118.00,"17,700.00"
2020-02-05,2020020501012035,NHDL,49,6,10,125.00,"1,250.00"
2020-02-05,2020020501011986,NHPC,14,25,100,60.00,"6,000.00"
2020-02-05,2020020501012411,NIB,42,38,42,395.00,"16,590.00"
2020-02-05,2020020501012261,NICA,14,32,100,482.00,"48,200.00"
2020-02-05,2020020501012203,NICA,42,7,45,483.00,"21,735.00"
2020-02-05,2020020501012202,NICA,37,7,183,483.00,"88,389.00"
2020-02-05,2020020501011993,NICA,25,28,500,484.00,"242,000.00"
2020-02-05,2020020501012154,NICL,26,4,233,448.00,"104,384.00"
2020-02-05,2020020501012160,NICL,34,4,100,448.00,"44,800.00"
2020-02-05,2020020501012159,NICL,7,4,200,448.00,"89,600.00"
2020-02-05,2020020501012158,NICL,34,4,200,448.00,"89,600.00"
2020-02-05,2020020501012157,NICL,25,4,200,448.00,"89,600.00"
2020-02-05,2020020501012156,NICL,6,4,100,448.00,"44,800.00"
2020-02-05,2020020501012155,NICL,34,4,700,448.00,"313,600.00"
2020-02-05,2020020501012290,NICL,14,44,233,447.00,"104,151.00"
2020-02-05,2020020501012260,NICL,28,49,15,448.00,"6,720.00"
2020-02-05,2020020501012162,NICL,14,4,267,447.00,"119,349.00"
2020-02-05,2020020501012161,NICL,44,4,"1,000",447.00,"447,000.00"
2020-02-05,2020020501012369,NIL,34,40,10,564.00,"5,640.00"
2020-02-05,2020020501012246,NIL,13,11,42,562.00,"23,604.00"
2020-02-05,2020020501012428,NLBBL,6,8,450,770.00,"346,500.00"
2020-02-05,2020020501012427,NLBBL,6,42,50,769.00,"38,450.00"
2020-02-05,2020020501012232,NMB,19,48,400,367.00,"146,800.00"
2020-02-05,2020020501012196,NMB,16,48,"1,000",367.00,"367,000.00"
2020-02-05,2020020501011997,NMB,42,48,25,367.00,"9,175.00"
2020-02-05,2020020501011988,NMB,42,48,25,367.00,"9,175.00"
2020-02-05,2020020501011978,NMB,42,48,25,367.00,"9,175.00"
2020-02-05,2020020501012176,NMBMF,51,8,100,900.00,"90,000.00"
2020-02-05,2020020501012164,NMBMF,10,8,180,900.00,"162,000.00"
2020-02-05,2020020501012163,NMBMF,10,53,20,900.00,"18,000.00"
2020-02-05,2020020501012437,NTC,35,14,100,626.00,"62,600.00"
2020-02-05,2020020501012231,PCBL,5,53,10,282.00,"2,820.00"
2020-02-05,2020020501012198,PCBL,49,5,423,281.00,"118,863.00"
2020-02-05,2020020501012136,PFL,43,25,68,160.00,"10,880.00"
2020-02-05,2020020501012135,PFL,43,52,22,160.00,"3,520.00"
2020-02-05,2020020501012134,PFL,43,32,200,160.00,"32,000.00"
2020-02-05,2020020501012133,PFL,43,14,10,160.00,"1,600.00"
2020-02-05,2020020501012116,PIC,40,58,200,572.00,"114,400.00"
2020-02-05,2020020501012062,PIC,11,58,52,572.00,"29,744.00"
2020-02-05,2020020501012440,PICL,34,58,10,749.00,"7,490.00"
2020-02-05,2020020501012439,PICL,34,36,10,748.00,"7,480.00"
2020-02-05,2020020501012402,PICL,44,14,126,745.00,"93,870.00"
2020-02-05,2020020501012401,PICL,22,14,74,746.00,"55,204.00"
2020-02-05,2020020501012318,PICL,22,16,191,746.00,"142,486.00"
2020-02-05,2020020501012277,PICL,22,58,100,746.00,"74,600.00"
2020-02-05,2020020501012271,PICL,22,57,35,746.00,"26,110.00"
2020-02-05,2020020501012270,PICL,19,57,25,747.00,"18,675.00"
2020-02-05,2020020501011983,PICL,52,16,20,747.00,"14,940.00"
2020-02-05,2020020501012188,PLIC,22,35,430,566.00,"243,380.00"
2020-02-05,2020020501012125,PLIC,56,16,500,565.00,"282,500.00"
2020-02-05,2020020501011975,PLIC,42,45,445,564.00,"250,980.00"
2020-02-05,2020020501011974,PLIC,42,45,55,564.00,"31,020.00"
2020-02-05,2020020501012284,PRIN,7,48,295,453.00,"133,635.00"
2020-02-05,2020020501012283,PRIN,7,3,100,453.00,"45,300.00"
2020-02-05,2020020501012282,PRIN,7,43,95,453.00,"43,035.00"
2020-02-05,2020020501012281,PRIN,7,57,410,452.00,"185,320.00"
2020-02-05,2020020501012280,PRIN,7,22,100,451.00,"45,100.00"
2020-02-05,2020020501012191,PRIN,44,17,300,450.00,"135,000.00"
2020-02-05,2020020501012114,PRIN,20,57,60,452.00,"27,120.00"
2020-02-05,2020020501012070,PRIN,48,57,30,452.00,"13,560.00"
2020-02-05,2020020501012069,PRIN,48,53,120,452.00,"54,240.00"
2020-02-05,2020020501012068,PRIN,48,48,50,452.00,"22,600.00"
2020-02-05,2020020501012307,PRVU,42,42,250,250.00,"62,500.00"
2020-02-05,2020020501012306,PRVU,42,28,"1,500",250.00,"375,000.00"
2020-02-05,2020020501012305,PRVU,42,1,"2,800",250.00,"700,000.00"
2020-02-05,2020020501012264,PRVU,43,7,500,249.00,"124,500.00"
2020-02-05,2020020501012113,PRVU,43,20,400,249.00,"99,600.00"
2020-02-05,2020020501012027,PRVU,54,34,300,249.00,"74,700.00"
2020-02-05,2020020501012308,RHPL,11,34,20,169.00,"3,380.00"
2020-02-05,2020020501012150,RHPL,58,6,40,167.00,"6,680.00"
2020-02-05,2020020501012061,RHPL,58,36,"1,090",167.00,"182,030.00"
2020-02-05,2020020501012060,RHPL,58,36,500,167.00,"83,500.00"
2020-02-05,2020020501012059,RHPL,6,36,200,167.00,"33,400.00"
2020-02-05,2020020501012058,RHPL,22,36,500,167.00,"83,500.00"
2020-02-05,2020020501012028,RHPL,29,14,490,168.00,"82,320.00"
2020-02-05,2020020501012057,RHPL,57,36,100,167.00,"16,700.00"
2020-02-05,2020020501012056,RHPL,10,36,500,167.00,"83,500.00"
2020-02-05,2020020501012055,RHPL,19,36,300,167.00,"50,100.00"
2020-02-05,2020020501012054,RHPL,37,36,300,167.00,"50,100.00"
2020-02-05,2020020501012053,RHPL,6,36,500,167.00,"83,500.00"
2020-02-05,2020020501012052,RHPL,29,36,10,168.00,"1,680.00"
2020-02-05,2020020501012412,RLFL,42,44,100,148.00,"14,800.00"
2020-02-05,2020020501012226,RMDC,34,49,10,678.00,"6,780.00"
2020-02-05,2020020501012168,RMDC,34,19,55,677.00,"37,235.00"
2020-02-05,2020020501012167,RMDC,34,35,100,676.00,"67,600.00"
2020-02-05,2020020501012169,RSDC,45,32,209,477.00,"99,693.00"
2020-02-05,2020020501012091,RSDC,46,32,10,477.00,"4,770.00"
2020-02-05,2020020501012090,RSDC,42,32,143,477.00,"68,211.00"
2020-02-05,2020020501012002,SABSL,49,32,100,880.00,"88,000.00"
2020-02-05,2020020501012205,SADBL,57,47,8,160.00,"1,280.00"
2020-02-05,2020020501012182,SADBL,29,4,100,163.00,"16,300.00"
2020-02-05,2020020501012181,SADBL,29,6,990,163.00,"161,370.00"
2020-02-05,2020020501011952,SADBL,50,6,10,163.00,"1,630.00"
2020-02-05,2020020501012175,SANIMA,43,6,525,348.00,"182,700.00"
2020-02-05,2020020501012174,SANIMA,43,44,50,348.00,"17,400.00"
2020-02-05,2020020501012362,SAPDBL,1,51,66,144.00,"9,504.00"
2020-02-05,2020020501012376,SBL,35,28,"2,983",315.00,"939,645.00"
2020-02-05,2020020501012375,SBL,35,34,500,315.00,"157,500.00"
2020-02-05,2020020501012374,SBL,35,58,17,315.00,"5,355.00"
2020-02-05,2020020501012128,SBL,49,58,83,315.00,"26,145.00"
2020-02-05,2020020501012127,SBL,49,35,201,315.00,"63,315.00"
2020-02-05,2020020501012126,SBL,49,29,216,315.00,"68,040.00"
2020-02-05,2020020501012352,SCB,51,21,100,615.00,"61,500.00"
2020-02-05,2020020501012120,SCB,35,34,44,616.00,"27,104.00"
2020-02-05,2020020501012321,SDESI,45,40,27,864.00,"23,328.00"
2020-02-05,2020020501012293,SDESI,45,25,20,861.00,"17,220.00"
2020-02-05,2020020501012292,SDESI,45,28,10,860.00,"8,600.00"
2020-02-05,2020020501012410,SHINE,34,4,850,279.00,"237,150.00"
2020-02-05,2020020501012409,SHINE,41,4,150,279.00,"41,850.00"
2020-02-05,2020020501012320,SHINE,56,26,170,280.00,"47,600.00"
2020-02-05,2020020501012319,SHINE,56,34,830,280.00,"232,400.00"
2020-02-05,2020020501012004,SHINE,44,34,170,280.00,"47,600.00"
2020-02-05,2020020501011987,SHINE,44,41,30,280.00,"8,400.00"
2020-02-05,2020020501012388,SHIVM,19,35,23,514.00,"11,822.00"
2020-02-05,2020020501012387,SHIVM,44,35,40,514.00,"20,560.00"
2020-02-05,2020020501012386,SHIVM,59,35,137,515.00,"70,555.00"
2020-02-05,2020020501012329,SHIVM,35,35,30,517.00,"15,510.00"
2020-02-05,2020020501012301,SHIVM,35,35,150,516.00,"77,400.00"
2020-02-05,2020020501012273,SHIVM,50,35,350,516.00,"180,600.00"
2020-02-05,2020020501012039,SHIVM,59,47,200,515.00,"103,000.00"
2020-02-05,2020020501012038,SHIVM,35,47,87,515.00,"44,805.00"
2020-02-05,2020020501011944,SHIVM,35,51,13,515.00,"6,695.00"
2020-02-05,2020020501011943,SHIVM,19,51,45,515.00,"23,175.00"
2020-02-05,2020020501012221,SHIVM,50,48,150,516.00,"77,400.00"
2020-02-05,2020020501012197,SHIVM,59,45,100,515.00,"51,500.00"
2020-02-05,2020020501012043,SHIVM,59,47,263,515.00,"135,445.00"
2020-02-05,2020020501012042,SHIVM,58,47,300,515.00,"154,500.00"
2020-02-05,2020020501012041,SHIVM,52,47,50,515.00,"25,750.00"
2020-02-05,2020020501012040,SHIVM,35,47,100,515.00,"51,500.00"
2020-02-05,2020020501012298,SIC,19,34,90,741.00,"66,690.00"
2020-02-05,2020020501012297,SIC,45,34,20,742.00,"14,840.00"
2020-02-05,2020020501012296,SIC,45,34,20,742.00,"14,840.00"
2020-02-05,2020020501012295,SIC,33,34,100,742.00,"74,200.00"
2020-02-05,2020020501012294,SIC,44,34,80,742.00,"59,360.00"
2020-02-05,2020020501012426,SICL,5,4,10,"1,148.00","11,480.00"
2020-02-05,2020020501012317,SICL,45,16,10,"1,147.00","11,470.00"
2020-02-05,2020020501012269,SICL,45,55,42,"1,147.00","48,174.00"
2020-02-05,2020020501012268,SICL,45,13,170,"1,146.00","194,820.00"
2020-02-05,2020020501012115,SICL,20,13,30,"1,147.00","34,410.00"
2020-02-05,2020020501012112,SICL,20,8,220,"1,147.00","252,340.00"
2020-02-05,2020020501011980,SICL,36,8,50,"1,147.00","57,350.00"
2020-02-05,2020020501011973,SIL,44,57,300,598.00,"179,400.00"
2020-02-05,2020020501012312,SINDU,34,25,500,137.00,"68,500.00"
2020-02-05,2020020501012311,SINDU,34,41,50,137.00,"6,850.00"
2020-02-05,2020020501012310,SINDU,34,39,10,137.00,"1,370.00"
2020-02-05,2020020501012288,SINDU,34,42,500,136.00,"68,000.00"
2020-02-05,2020020501012287,SINDU,34,56,141,136.00,"19,176.00"
2020-02-05,2020020501012286,SINDU,34,6,100,136.00,"13,600.00"
2020-02-05,2020020501012285,SINDU,34,49,370,136.00,"50,320.00"
2020-02-05,2020020501012184,SJCL,42,6,20,159.00,"3,180.00"
2020-02-05,2020020501011996,SJCL,42,39,300,159.00,"47,700.00"
2020-02-05,2020020501012419,SKBBL,57,4,100,975.00,"97,500.00"
2020-02-05,2020020501012418,SKBBL,44,4,737,975.00,"718,575.00"
2020-02-05,2020020501012417,SKBBL,29,4,640,977.00,"625,280.00"
2020-02-05,2020020501012416,SKBBL,39,4,"1,000",980.00,"980,000.00"
2020-02-05,2020020501012425,SLICL,44,4,12,463.00,"5,556.00"
2020-02-05,2020020501012399,SLICL,34,17,400,462.00,"184,800.00"
2020-02-05,2020020501012398,SLICL,34,29,230,462.00,"106,260.00"
2020-02-05,2020020501012300,SLICL,11,29,20,462.00,"9,240.00"
2020-02-05,2020020501012279,SLICL,34,4,908,461.00,"418,588.00"
2020-02-05,2020020501012278,SLICL,28,4,92,461.00,"42,412.00"
2020-02-05,2020020501011964,SLICL,34,58,12,462.00,"5,544.00"
2020-02-05,2020020501011963,SLICL,6,58,30,462.00,"13,860.00"
2020-02-05,2020020501011962,SLICL,38,58,500,462.00,"231,000.00"
2020-02-05,2020020501012220,SLICL,28,29,250,461.00,"115,250.00"
2020-02-05,2020020501011994,SLICL,36,34,300,462.00,"138,600.00"
2020-02-05,2020020501011972,SLICL,36,4,300,463.00,"138,900.00"
2020-02-05,2020020501011967,SLICL,28,58,158,461.00,"72,838.00"
2020-02-05,2020020501011966,SLICL,42,58,200,462.00,"92,400.00"
2020-02-05,2020020501011965,SLICL,35,58,100,462.00,"46,200.00"
2020-02-05,2020020501012173,SMATA,33,51,10,760.00,"7,600.00"
2020-02-05,2020020501012108,SMATA,33,45,136,755.00,"102,680.00"
2020-02-05,2020020501012001,SMATA,43,47,66,754.00,"49,764.00"
2020-02-05,2020020501012000,SMATA,58,47,34,754.00,"25,636.00"
2020-02-05,2020020501012219,SMFBS,34,38,10,"1,023.00","10,230.00"
2020-02-05,2020020501012218,SMFBS,34,22,50,"1,020.00","51,000.00"
2020-02-05,2020020501012272,SMFDB,54,58,60,775.00,"46,500.00"
2020-02-05,2020020501012185,SMFDB,42,58,20,779.00,"15,580.00"
2020-02-05,2020020501012166,SMFDB,54,58,80,775.00,"62,000.00"
2020-02-05,2020020501012165,SMFDB,42,58,20,776.00,"15,520.00"
2020-02-05,2020020501012382,SRBL,4,28,964,252.00,"242,928.00"
2020-02-05,2020020501012381,SRBL,4,28,36,252.00,"9,072.00"
2020-02-05,2020020501012149,SRBL,4,14,100,252.00,"25,200.00"
2020-02-05,2020020501012148,SRBL,4,46,100,252.00,"25,200.00"
2020-02-05,2020020501012147,SRBL,4,33,362,252.00,"91,224.00"
2020-02-05,2020020501012086,SRBL,54,36,65,251.00,"16,315.00"
2020-02-05,2020020501012368,SWBBL,46,25,15,"1,141.00","17,115.00"
2020-02-05,2020020501012316,SWBBL,45,34,581,"1,134.00","658,854.00"
2020-02-05,2020020501012267,TMDBL,42,14,500,190.00,"95,000.00"
2020-02-05,2020020501012003,TMDBL,44,48,590,190.00,"112,100.00"
2020-02-05,2020020501011956,TRH,34,4,850,301.00,"255,850.00"
2020-02-05,2020020501011955,TRH,3,4,100,301.00,"30,100.00"
2020-02-05,2020020501011954,TRH,11,4,50,301.00,"15,050.00"
2020-02-05,2020020501012291,UIC,45,6,150,435.00,"65,250.00"
2020-02-05,2020020501012172,UIC,45,16,119,435.00,"51,765.00"
2020-02-05,2020020501012171,UIC,38,16,100,435.00,"43,500.00"
2020-02-05,2020020501012252,UPCL,34,58,100,79.00,"7,900.00"
2020-02-05,2020020501012251,UPCL,34,41,50,79.00,"3,950.00"
2020-02-05,2020020501012250,UPCL,34,46,50,78.00,"3,900.00"
2020-02-05,2020020501012249,UPCL,34,36,148,77.00,"11,396.00"
2020-02-05,2020020501012248,UPCL,34,20,50,77.00,"3,850.00"
2020-02-05,2020020501012247,UPCL,34,42,"2,620",76.00,"199,120.00"
2020-02-05,2020020501012370,UPPER,7,49,10,246.00,"2,460.00"
2020-02-05,2020020501012235,UPPER,33,54,"4,000",244.00,"976,000.00"
2020-02-05,2020020501012130,UPPER,33,39,73,244.00,"17,812.00"
2020-02-05,2020020501012129,UPPER,17,39,127,244.00,"30,988.00"
2020-02-05,2020020501012072,UPPER,42,39,40,245.00,"9,800.00"
2020-02-05,2020020501012071,UPPER,34,39,60,245.00,"14,700.00"
2020-02-05,2020020501011912,ADBL,49,58,500,385.00,"192,500.00"
2020-02-05,2020020501011777,ADBL,50,58,50,385.00,"19,250.00"
2020-02-05,2020020501011632,AKPL,43,40,697,125.00,"87,125.00"
2020-02-05,2020020501011631,AKPL,43,50,300,124.00,"37,200.00"
2020-02-05,2020020501011581,AKPL,34,38,13,123.00,"1,599.00"
2020-02-05,2020020501011536,AKPL,41,40,"1,000",124.00,"124,000.00"
2020-02-05,2020020501011519,AKPL,13,40,500,124.00,"62,000.00"
2020-02-05,2020020501011499,AKPL,19,40,"2,000",124.00,"248,000.00"
2020-02-05,2020020501011474,AKPL,1,40,500,124.00,"62,000.00"
2020-02-05,2020020501011940,ALICL,6,57,478,563.00,"269,114.00"
2020-02-05,2020020501011908,ALICL,22,16,21,564.00,"11,844.00"
2020-02-05,2020020501011834,ALICL,22,49,79,564.00,"44,556.00"
2020-02-05,2020020501011739,ALICL,33,19,50,565.00,"28,250.00"
2020-02-05,2020020501011722,ALICL,57,25,50,564.00,"28,200.00"
2020-02-05,2020020501011656,ALICL,6,29,250,563.00,"140,750.00"
2020-02-05,2020020501011636,ALICL,6,44,60,563.00,"33,780.00"
2020-02-05,2020020501011548,ALICL,6,33,200,563.00,"112,600.00"
2020-02-05,2020020501011489,ALICL,6,6,12,563.00,"6,756.00"
2020-02-05,2020020501011488,ALICL,52,6,18,563.00,"10,134.00"
2020-02-05,2020020501011637,BBC,55,26,10,"1,800.00","18,000.00"
2020-02-05,2020020501011506,BOKL,34,51,248,237.00,"58,776.00"
2020-02-05,2020020501011475,BOKL,32,19,200,236.00,"47,200.00"
2020-02-05,2020020501011893,CBBL,6,36,15,997.00,"14,955.00"
2020-02-05,2020020501011447,CBBL,50,53,50,996.00,"49,800.00"
2020-02-05,2020020501011446,CBBL,50,22,180,996.00,"179,280.00"
2020-02-05,2020020501011445,CBBL,50,45,143,996.00,"142,428.00"
2020-02-05,2020020501011444,CBBL,50,49,110,995.00,"109,450.00"
2020-02-05,2020020501011443,CBBL,50,51,100,994.00,"99,400.00"
2020-02-05,2020020501011473,CBBL,50,1,118,996.00,"117,528.00"
2020-02-05,2020020501011884,CBL,56,17,133,160.00,"21,280.00"
2020-02-05,2020020501011828,CBL,56,42,100,160.00,"16,000.00"
2020-02-05,2020020501011801,CBL,56,17,669,160.00,"107,040.00"
2020-02-05,2020020501011800,CBL,58,17,119,160.00,"19,040.00"
2020-02-05,2020020501011799,CBL,45,17,100,160.00,"16,000.00"
2020-02-05,2020020501011798,CBL,8,17,"1,000",160.00,"160,000.00"
2020-02-05,2020020501011458,CBL,42,34,328,161.00,"52,808.00"
2020-02-05,2020020501011449,CBL,38,26,200,160.00,"32,000.00"
2020-02-05,2020020501011464,CBL,42,45,"1,000",161.00,"161,000.00"
2020-02-05,2020020501011463,CBL,42,28,471,161.00,"75,831.00"
2020-02-05,2020020501011462,CBL,42,45,154,161.00,"24,794.00"
2020-02-05,2020020501011461,CBL,42,25,100,161.00,"16,100.00"
2020-02-05,2020020501011460,CBL,42,28,240,161.00,"38,640.00"
2020-02-05,2020020501011459,CBL,42,28,351,161.00,"56,511.00"
2020-02-05,2020020501011529,CBL,25,38,127,161.00,"20,447.00"
2020-02-05,2020020501011528,CBL,25,1,80,161.00,"12,880.00"
2020-02-05,2020020501011527,CBL,25,14,293,161.00,"47,173.00"
2020-02-05,2020020501011472,CBL,25,14,500,161.00,"80,500.00"
2020-02-05,2020020501011466,CBL,42,14,207,161.00,"33,327.00"
2020-02-05,2020020501011465,CBL,42,51,149,161.00,"23,989.00"
2020-02-05,2020020501011684,CBL,58,58,264,160.00,"42,240.00"
2020-02-05,2020020501011630,CBL,58,44,736,160.00,"117,760.00"
2020-02-05,2020020501011629,CBL,38,44,395,160.00,"63,200.00"
2020-02-05,2020020501011625,CBL,38,39,103,160.00,"16,480.00"
2020-02-05,2020020501011604,CBL,38,33,23,160.00,"3,680.00"
2020-02-05,2020020501011582,CBL,38,19,200,160.00,"32,000.00"
2020-02-05,2020020501011797,CBL,58,17,"1,364",160.00,"218,240.00"
2020-02-05,2020020501011778,CBL,58,42,400,160.00,"64,000.00"
2020-02-05,2020020501011759,CBL,58,8,"1,236",160.00,"197,760.00"
2020-02-05,2020020501011758,CBL,6,8,764,160.00,"122,240.00"
2020-02-05,2020020501011746,CBL,42,38,200,161.00,"32,200.00"
2020-02-05,2020020501011685,CBL,6,58,736,160.00,"117,760.00"
2020-02-05,2020020501011923,CCBL,51,56,299,188.00,"56,212.00"
2020-02-05,2020020501011922,CCBL,51,57,701,188.00,"131,788.00"
2020-02-05,2020020501011706,CCBL,16,57,20,188.00,"3,760.00"
2020-02-05,2020020501011531,CCBL,39,38,71,187.00,"13,277.00"
2020-02-05,2020020501011819,CHCL,6,17,41,440.00,"18,040.00"
2020-02-05,2020020501011767,CHCL,6,29,222,440.00,"97,680.00"
2020-02-05,2020020501011751,CHCL,6,42,60,440.00,"26,400.00"
2020-02-05,2020020501011860,CIT,50,51,100,"2,497.00","249,700.00"
2020-02-05,2020020501011817,CIT,58,19,50,"2,495.00","124,750.00"
2020-02-05,2020020501011701,CIT,58,19,100,"2,495.00","249,500.00"
2020-02-05,2020020501011616,CIT,58,54,20,"2,495.00","49,900.00"
2020-02-05,2020020501011615,CIT,58,42,24,"2,495.00","59,880.00"
2020-02-05,2020020501011614,CIT,58,10,50,"2,492.00","124,600.00"
2020-02-05,2020020501011765,CLBSL,38,34,17,983.00,"16,711.00"
2020-02-05,2020020501011764,CZBIL,50,49,100,198.00,"19,800.00"
2020-02-05,2020020501011565,CZBIL,35,42,65,197.00,"12,805.00"
2020-02-05,2020020501011913,DDBL,25,42,50,831.00,"41,550.00"
2020-02-05,2020020501011554,DDBL,28,7,100,831.00,"83,100.00"
2020-02-05,2020020501011553,DDBL,58,7,25,831.00,"20,775.00"
2020-02-05,2020020501011552,DDBL,53,7,23,831.00,"19,113.00"
2020-02-05,2020020501011609,DHPL,16,16,343,54.00,"18,522.00"
2020-02-05,2020020501011608,DHPL,16,7,190,54.00,"10,260.00"
2020-02-05,2020020501011564,EBL,58,59,400,646.00,"258,400.00"
2020-02-05,2020020501011541,EBL,38,6,11,648.00,"7,128.00"
2020-02-05,2020020501011540,EBL,38,58,10,648.00,"6,480.00"
2020-02-05,2020020501011651,EDBL,57,29,20,365.00,"7,300.00"
2020-02-05,2020020501011936,EIC,6,51,150,458.00,"68,700.00"
2020-02-05,2020020501011858,EIC,56,50,100,458.00,"45,800.00"
2020-02-05,2020020501011857,EIC,56,1,100,458.00,"45,800.00"
2020-02-05,2020020501011856,EIC,56,38,150,458.00,"68,700.00"
2020-02-05,2020020501011855,EIC,56,16,100,458.00,"45,800.00"
2020-02-05,2020020501011854,EIC,56,16,200,458.00,"91,600.00"
2020-02-05,2020020501011853,EIC,56,40,450,458.00,"206,100.00"
2020-02-05,2020020501011762,EIC,48,40,165,458.00,"75,570.00"
2020-02-05,2020020501011702,EIC,1,7,500,457.00,"228,500.00"
2020-02-05,2020020501011520,EIC,5,40,200,458.00,"91,600.00"
2020-02-05,2020020501011518,EIC,48,40,185,458.00,"84,730.00"
2020-02-05,2020020501011517,EIC,48,49,15,458.00,"6,870.00"
2020-02-05,2020020501011890,FMDBL,59,13,500,460.00,"230,000.00"
2020-02-05,2020020501011832,FMDBL,59,13,100,460.00,"46,000.00"
2020-02-05,2020020501011587,FMDBL,25,22,40,459.00,"18,360.00"
2020-02-05,2020020501011586,FMDBL,29,22,139,459.00,"63,801.00"
2020-02-05,2020020501011859,GBBL,6,49,100,248.00,"24,800.00"
2020-02-05,2020020501011916,GBIME,42,41,30,286.00,"8,580.00"
2020-02-05,2020020501011885,GBIME,42,41,30,286.00,"8,580.00"
2020-02-05,2020020501011682,GBIME,35,41,48,285.00,"13,680.00"
2020-02-05,2020020501011681,GBIME,48,41,100,285.00,"28,500.00"
2020-02-05,2020020501011680,GBIME,42,41,16,285.00,"4,560.00"
2020-02-05,2020020501011679,GBIME,10,41,50,285.00,"14,250.00"
2020-02-05,2020020501011544,GBIME,26,45,103,285.00,"29,355.00"
2020-02-05,2020020501011456,GBIME,44,41,38,286.00,"10,868.00"
2020-02-05,2020020501011455,GBIME,44,51,23,286.00,"6,578.00"
2020-02-05,2020020501011592,GBIME,1,47,83,285.00,"23,655.00"
2020-02-05,2020020501011591,GBIME,14,47,219,285.00,"62,415.00"
2020-02-05,2020020501011558,GBIME,1,47,17,285.00,"4,845.00"
2020-02-05,2020020501011557,GBIME,56,47,50,285.00,"14,250.00"
2020-02-05,2020020501011556,GBIME,29,47,123,285.00,"35,055.00"
2020-02-05,2020020501011545,GBIME,29,45,47,285.00,"13,395.00"
2020-02-05,2020020501011618,GBIME,49,54,200,285.00,"57,000.00"
2020-02-05,2020020501011617,GBIME,6,54,23,285.00,"6,555.00"
2020-02-05,2020020501011596,GBIME,6,47,217,285.00,"61,845.00"
2020-02-05,2020020501011595,GBIME,56,47,73,285.00,"20,805.00"
2020-02-05,2020020501011594,GBIME,52,47,50,285.00,"14,250.00"
2020-02-05,2020020501011593,GBIME,44,47,100,285.00,"28,500.00"
2020-02-05,2020020501011672,GBIME,44,41,50,285.00,"14,250.00"
2020-02-05,2020020501011671,GBIME,36,41,20,285.00,"5,700.00"
2020-02-05,2020020501011670,GBIME,28,41,44,285.00,"12,540.00"
2020-02-05,2020020501011621,GBIME,28,54,456,285.00,"129,960.00"
2020-02-05,2020020501011620,GBIME,37,54,200,285.00,"57,000.00"
2020-02-05,2020020501011619,GBIME,26,54,"1,111",285.00,"316,635.00"
2020-02-05,2020020501011678,GBIME,41,41,100,285.00,"28,500.00"
2020-02-05,2020020501011677,GBIME,38,41,200,285.00,"57,000.00"
2020-02-05,2020020501011676,GBIME,41,41,100,285.00,"28,500.00"
2020-02-05,2020020501011675,GBIME,35,41,93,285.00,"26,505.00"
2020-02-05,2020020501011674,GBIME,19,41,50,285.00,"14,250.00"
2020-02-05,2020020501011673,GBIME,8,41,30,285.00,"8,550.00"
2020-02-05,2020020501011772,GBLBS,39,19,90,486.00,"43,740.00"
2020-02-05,2020020501011733,GGBSL,3,17,10,860.00,"8,600.00"
2020-02-05,2020020501011773,GILB,36,16,30,"1,321.00","39,630.00"
2020-02-05,2020020501011555,GILB,49,38,109,"1,328.00","144,752.00"
2020-02-05,2020020501011892,GLICL,29,53,80,767.00,"61,360.00"
2020-02-05,2020020501011891,GLICL,29,5,70,766.00,"53,620.00"
2020-02-05,2020020501011845,GLICL,6,56,170,765.00,"130,050.00"
2020-02-05,2020020501011843,GLICL,7,5,100,766.00,"76,600.00"
2020-02-05,2020020501011827,GLICL,38,34,100,766.00,"76,600.00"
2020-02-05,2020020501011796,GLICL,38,34,200,766.00,"153,200.00"
2020-02-05,2020020501011546,GLICL,6,32,25,766.00,"19,150.00"
2020-02-05,2020020501011494,GLICL,6,45,230,766.00,"176,180.00"
2020-02-05,2020020501011493,GLICL,34,45,20,766.00,"15,320.00"
2020-02-05,2020020501011451,GLICL,7,14,200,766.00,"153,200.00"
2020-02-05,2020020501011776,GLICL,38,53,200,767.00,"153,400.00"
2020-02-05,2020020501011760,GLICL,38,53,200,767.00,"153,400.00"
2020-02-05,2020020501011613,GLICL,38,53,100,767.00,"76,700.00"
2020-02-05,2020020501011597,GLICL,58,53,490,767.00,"375,830.00"
2020-02-05,2020020501011575,GLICL,7,42,255,766.00,"195,330.00"
2020-02-05,2020020501011551,GLICL,6,42,745,766.00,"570,670.00"
2020-02-05,2020020501011498,GRDBL,43,22,50,118.00,"5,900.00"
2020-02-05,2020020501011934,HBL,35,36,20,532.00,"10,640.00"
2020-02-05,2020020501011457,HBL,20,45,10,533.00,"5,330.00"
2020-02-05,2020020501011931,HDL,57,48,100,"1,218.00","121,800.00"
2020-02-05,2020020501011898,HDL,26,35,190,"1,215.00","230,850.00"
2020-02-05,2020020501011897,HDL,39,35,105,"1,215.00","127,575.00"
2020-02-05,2020020501011896,HDL,45,35,10,"1,215.00","12,150.00"
2020-02-05,2020020501011895,HDL,22,35,30,"1,215.00","36,450.00"
2020-02-05,2020020501011894,HDL,22,35,65,"1,215.00","78,975.00"
2020-02-05,2020020501011720,HDL,40,48,50,"1,220.00","61,000.00"
2020-02-05,2020020501011719,HDL,40,44,50,"1,220.00","61,000.00"
2020-02-05,2020020501011538,HGI,32,14,250,423.00,"105,750.00"
2020-02-05,2020020501011717,HIDCL,28,36,50,139.00,"6,950.00"
2020-02-05,2020020501011716,HIDCL,41,36,200,139.00,"27,800.00"
2020-02-05,2020020501011715,HIDCL,16,36,100,139.00,"13,900.00"
2020-02-05,2020020501011714,HIDCL,51,36,218,139.00,"30,302.00"
2020-02-05,2020020501011713,HIDCL,40,36,"4,100",139.00,"569,900.00"
2020-02-05,2020020501011712,HIDCL,40,10,900,139.00,"125,100.00"
2020-02-05,2020020501011612,HIDCL,51,57,10,139.00,"1,390.00"
2020-02-05,2020020501011638,HPPL,32,33,10,148.00,"1,480.00"
2020-02-05,2020020501011502,HURJA,43,42,20,107.00,"2,140.00"
2020-02-05,2020020501011633,ICFC,25,49,100,177.00,"17,700.00"
2020-02-05,2020020501011756,ILBS,10,42,100,811.00,"81,100.00"
2020-02-05,2020020501011577,ILBS,44,26,10,817.00,"8,170.00"
2020-02-05,2020020501011576,ILBS,44,34,10,811.00,"8,110.00"
2020-02-05,2020020501011532,JFL,59,44,10,187.00,"1,870.00"
2020-02-05,2020020501011910,JSLBB,50,4,300,"1,615.00","484,500.00"
2020-02-05,2020020501011909,JSLBB,50,16,64,"1,614.00","103,296.00"
2020-02-05,2020020501011486,KADBL,4,38,738,270.00,"199,260.00"
2020-02-05,2020020501011883,KBL,34,6,200,199.00,"39,800.00"
2020-02-05,2020020501011562,KBL,34,58,60,199.00,"11,940.00"
2020-02-05,2020020501011803,LBL,17,50,273,227.00,"61,971.00"
2020-02-05,2020020501011512,LBL,22,50,50,228.00,"11,400.00"
2020-02-05,2020020501011511,LBL,32,50,177,228.00,"40,356.00"
2020-02-05,2020020501011692,LGIL,59,43,10,508.00,"5,080.00"
2020-02-05,2020020501011691,LGIL,59,28,100,508.00,"50,800.00"
2020-02-05,2020020501011690,LGIL,59,10,50,508.00,"25,400.00"
2020-02-05,2020020501011689,LGIL,59,33,40,508.00,"20,320.00"
2020-02-05,2020020501011688,LGIL,59,58,100,508.00,"50,800.00"
2020-02-05,2020020501011580,LGIL,25,55,50,505.00,"25,250.00"
2020-02-05,2020020501011579,LGIL,56,55,100,505.00,"50,500.00"
2020-02-05,2020020501011578,LGIL,52,55,50,507.00,"25,350.00"
2020-02-05,2020020501011569,LGIL,59,58,400,508.00,"203,200.00"
2020-02-05,2020020501011568,LGIL,59,43,100,507.00,"50,700.00"
2020-02-05,2020020501011509,LGIL,59,57,97,507.00,"49,179.00"
2020-02-05,2020020501011508,LGIL,59,44,100,507.00,"50,700.00"
2020-02-05,2020020501011635,LLBS,45,13,100,"1,047.00","104,700.00"
2020-02-05,2020020501011547,MDB,43,7,452,335.00,"151,420.00"
2020-02-05,2020020501011452,MDB,42,7,16,335.00,"5,360.00"
2020-02-05,2020020501011816,MEGA,10,48,900,206.00,"185,400.00"
2020-02-05,2020020501011815,MEGA,10,26,100,206.00,"20,600.00"
2020-02-05,2020020501011535,MEGA,1,41,200,206.00,"41,200.00"
2020-02-05,2020020501011534,MEGA,1,41,401,206.00,"82,606.00"
2020-02-05,2020020501011533,MEGA,1,33,300,206.00,"61,800.00"
2020-02-05,2020020501011479,MEGA,10,14,500,205.00,"102,500.00"
2020-02-05,2020020501011740,MERO,35,36,500,662.00,"331,000.00"
2020-02-05,2020020501011735,MERO,57,36,300,662.00,"198,600.00"
2020-02-05,2020020501011611,MERO,57,36,100,662.00,"66,200.00"
2020-02-05,2020020501011610,MERO,57,22,100,662.00,"66,200.00"
2020-02-05,2020020501011571,MHNL,1,57,40,93.00,"3,720.00"
2020-02-05,2020020501011584,MLBBL,33,57,15,815.00,"12,225.00"
2020-02-05,2020020501011583,MLBBL,22,57,20,815.00,"16,300.00"
2020-02-05,2020020501011833,MNBBL,43,52,106,327.00,"34,662.00"
2020-02-05,2020020501011570,MNBBL,4,45,15,326.00,"4,890.00"
2020-02-05,2020020501011448,MNBBL,4,57,323,326.00,"105,298.00"
2020-02-05,2020020501011785,NABIL,52,11,107,737.00,"78,859.00"
2020-02-05,2020020501011784,NABIL,52,28,233,737.00,"171,721.00"
2020-02-05,2020020501011783,NABIL,52,4,160,736.00,"117,760.00"
2020-02-05,2020020501011485,NABIL,49,42,50,735.00,"36,750.00"
2020-02-05,2020020501011842,NADEP,35,1,187,706.00,"132,022.00"
2020-02-05,2020020501011841,NADEP,21,1,90,706.00,"63,540.00"
2020-02-05,2020020501011840,NADEP,22,1,289,707.00,"204,323.00"
2020-02-05,2020020501011839,NADEP,28,1,34,707.00,"24,038.00"
2020-02-05,2020020501011711,NBB,44,1,100,208.00,"20,800.00"
2020-02-05,2020020501011705,NBB,13,13,400,209.00,"83,600.00"
2020-02-05,2020020501011704,NBB,13,35,400,209.00,"83,600.00"
2020-02-05,2020020501011703,NBB,13,42,200,209.00,"41,800.00"
2020-02-05,2020020501011654,NBB,44,1,62,208.00,"12,896.00"
2020-02-05,2020020501011628,NBB,44,45,500,208.00,"104,000.00"
2020-02-05,2020020501011852,NBL,44,4,"1,000",270.00,"270,000.00"
2020-02-05,2020020501011851,NBL,34,4,200,270.00,"54,000.00"
2020-02-05,2020020501011850,NBL,38,4,100,270.00,"27,000.00"
2020-02-05,2020020501011849,NBL,17,4,100,270.00,"27,000.00"
2020-02-05,2020020501011848,NBL,13,4,"1,000",270.00,"270,000.00"
2020-02-05,2020020501011847,NBL,32,4,"1,411",270.00,"380,970.00"
2020-02-05,2020020501011648,NBL,45,26,200,270.00,"54,000.00"
2020-02-05,2020020501011647,NBL,42,26,500,270.00,"135,000.00"
2020-02-05,2020020501011646,NBL,55,26,50,270.00,"13,500.00"
2020-02-05,2020020501011645,NBL,46,26,144,270.00,"38,880.00"
2020-02-05,2020020501011644,NBL,16,26,100,270.00,"27,000.00"
2020-02-05,2020020501011643,NBL,32,26,332,270.00,"89,640.00"
2020-02-05,2020020501011807,NBL,11,34,200,270.00,"54,000.00"
2020-02-05,2020020501011806,NBL,45,34,200,270.00,"54,000.00"
2020-02-05,2020020501011805,NBL,45,34,100,270.00,"27,000.00"
2020-02-05,2020020501011804,NBL,25,34,276,270.00,"74,520.00"
2020-02-05,2020020501011650,NBL,25,26,124,270.00,"33,480.00"
2020-02-05,2020020501011649,NBL,54,26,50,270.00,"13,500.00"
2020-02-05,2020020501011813,NBL,32,34,89,270.00,"24,030.00"
2020-02-05,2020020501011812,NBL,44,34,"1,000",270.00,"270,000.00"
2020-02-05,2020020501011811,NBL,52,34,100,270.00,"27,000.00"
2020-02-05,2020020501011810,NBL,56,34,"2,000",270.00,"540,000.00"
2020-02-05,2020020501011809,NBL,59,34,110,270.00,"29,700.00"
2020-02-05,2020020501011808,NBL,35,34,25,270.00,"6,750.00"
2020-02-05,2020020501011889,NCCB,58,34,"2,049",197.00,"403,653.00"
2020-02-05,2020020501011888,NCCB,1,34,500,197.00,"98,500.00"
2020-02-05,2020020501011887,NCCB,17,34,"2,000",197.00,"394,000.00"
2020-02-05,2020020501011886,NCCB,58,34,"3,000",197.00,"591,000.00"
2020-02-05,2020020501011882,NCCB,6,48,311,198.00,"61,578.00"
2020-02-05,2020020501011775,NCCB,6,47,100,198.00,"19,800.00"
2020-02-05,2020020501011687,NCCB,6,58,589,198.00,"116,622.00"
2020-02-05,2020020501011686,NCCB,48,58,70,198.00,"13,860.00"
2020-02-05,2020020501011700,NGPL,13,19,390,117.00,"45,630.00"
2020-02-05,2020020501011699,NGPL,1,19,60,117.00,"7,020.00"
2020-02-05,2020020501011698,NGPL,52,19,50,117.00,"5,850.00"
2020-02-05,2020020501011930,NHPC,41,25,300,60.00,"18,000.00"
2020-02-05,2020020501011929,NHPC,28,25,400,60.00,"24,000.00"
2020-02-05,2020020501011928,NHPC,58,25,"1,000",60.00,"60,000.00"
2020-02-05,2020020501011927,NHPC,36,25,200,60.00,"12,000.00"
2020-02-05,2020020501011876,NIB,55,1,223,393.00,"87,639.00"
2020-02-05,2020020501011875,NIB,32,1,300,393.00,"117,900.00"
2020-02-05,2020020501011874,NIB,45,1,200,393.00,"78,600.00"
2020-02-05,2020020501011873,NIB,33,1,100,393.00,"39,300.00"
2020-02-05,2020020501011872,NIB,1,1,31,393.00,"12,183.00"
2020-02-05,2020020501011871,NIB,48,1,100,394.00,"39,400.00"
2020-02-05,2020020501011864,NIB,33,1,73,395.00,"28,835.00"
2020-02-05,2020020501011795,NIB,33,38,296,395.00,"116,920.00"
2020-02-05,2020020501011794,NIB,33,40,131,395.00,"51,745.00"
2020-02-05,2020020501011607,NIB,1,45,250,395.00,"98,750.00"
2020-02-05,2020020501011606,NIB,41,45,46,395.00,"18,170.00"
2020-02-05,2020020501011870,NIB,47,1,100,394.00,"39,400.00"
2020-02-05,2020020501011869,NIB,45,1,180,394.00,"70,920.00"
2020-02-05,2020020501011868,NIB,45,1,500,394.00,"197,000.00"
2020-02-05,2020020501011867,NIB,42,1,262,394.00,"103,228.00"
2020-02-05,2020020501011866,NIB,48,1,200,394.00,"78,800.00"
2020-02-05,2020020501011865,NIB,56,1,81,394.00,"31,914.00"
2020-02-05,2020020501011696,NICA,37,14,417,483.00,"201,411.00"
2020-02-05,2020020501011695,NICA,37,14,83,483.00,"40,089.00"
2020-02-05,2020020501011917,NICL,34,36,100,449.00,"44,900.00"
2020-02-05,2020020501011793,NICL,28,36,15,449.00,"6,735.00"
2020-02-05,2020020501011790,NICL,26,29,17,448.00,"7,616.00"
2020-02-05,2020020501011752,NICL,42,40,168,448.00,"75,264.00"
2020-02-05,2020020501011749,NICL,29,40,500,448.00,"224,000.00"
2020-02-05,2020020501011731,NICL,6,40,"1,000",448.00,"448,000.00"
2020-02-05,2020020501011730,NICL,36,40,81,448.00,"36,288.00"
2020-02-05,2020020501011523,NICL,36,19,419,448.00,"187,712.00"
2020-02-05,2020020501011522,NICL,6,19,81,448.00,"36,288.00"
2020-02-05,2020020501011483,NICL,44,36,200,449.00,"89,800.00"
2020-02-05,2020020501011932,NIL,45,11,50,562.00,"28,100.00"
2020-02-05,2020020501011744,NIL,5,17,200,565.00,"113,000.00"
2020-02-05,2020020501011732,NIL,14,17,15,565.00,"8,475.00"
2020-02-05,2020020501011693,NIL,38,14,11,568.00,"6,248.00"
2020-02-05,2020020501011590,NIL,14,10,35,565.00,"19,775.00"
2020-02-05,2020020501011589,NIL,11,10,200,565.00,"113,000.00"
2020-02-05,2020020501011588,NIL,46,10,18,566.00,"10,188.00"
2020-02-05,2020020501011802,NLBBL,38,55,16,763.00,"12,208.00"
2020-02-05,2020020501011743,NLBBL,38,6,194,763.00,"148,022.00"
2020-02-05,2020020501011742,NLBBL,25,6,60,764.00,"45,840.00"
2020-02-05,2020020501011741,NLBBL,56,6,100,764.00,"76,400.00"
2020-02-05,2020020501011862,NLG,55,26,50,878.00,"43,900.00"
2020-02-05,2020020501011792,NLG,55,26,100,878.00,"87,800.00"
2020-02-05,2020020501011791,NLG,22,26,50,878.00,"43,900.00"
2020-02-05,2020020501011481,NLG,5,39,100,882.00,"88,200.00"
2020-02-05,2020020501011914,NLIC,45,43,50,"1,118.00","55,900.00"
2020-02-05,2020020501011907,NLIC,57,17,55,"1,116.00","61,380.00"
2020-02-05,2020020501011906,NLIC,11,17,51,"1,116.00","56,916.00"
2020-02-05,2020020501011880,NLIC,29,43,150,"1,118.00","167,700.00"
2020-02-05,2020020501011846,NLIC,22,43,100,"1,118.00","111,800.00"
2020-02-05,2020020501011634,NLIC,11,26,60,"1,116.00","66,960.00"
2020-02-05,2020020501011542,NLIC,40,43,12,"1,118.00","13,416.00"
2020-02-05,2020020501011530,NLIC,38,43,20,"1,118.00","22,360.00"
2020-02-05,2020020501011501,NLIC,33,43,100,"1,118.00","111,800.00"
2020-02-05,2020020501011626,NLICL,34,44,52,652.00,"33,904.00"
2020-02-05,2020020501011603,NLICL,34,6,68,650.00,"44,200.00"
2020-02-05,2020020501011510,NLICL,38,6,20,650.00,"13,000.00"
2020-02-05,2020020501011939,NMB,43,48,268,367.00,"98,356.00"
2020-02-05,2020020501011938,NMB,43,49,220,367.00,"80,740.00"
2020-02-05,2020020501011937,NMB,43,45,12,367.00,"4,404.00"
2020-02-05,2020020501011737,NMB,19,47,100,366.00,"36,600.00"
2020-02-05,2020020501011492,NMB,50,1,997,366.00,"364,902.00"
2020-02-05,2020020501011491,NMB,6,1,100,366.00,"36,600.00"
2020-02-05,2020020501011490,NMB,43,1,903,367.00,"331,401.00"
2020-02-05,2020020501011623,NMBMF,14,53,80,900.00,"72,000.00"
2020-02-05,2020020501011622,NMBMF,14,14,20,900.00,"18,000.00"
2020-02-05,2020020501011774,NTC,1,57,50,625.00,"31,250.00"
2020-02-05,2020020501011497,NTC,1,34,40,625.00,"25,000.00"
2020-02-05,2020020501011496,NTC,1,39,50,625.00,"31,250.00"
2020-02-05,2020020501011495,NTC,1,49,50,625.00,"31,250.00"
2020-02-05,2020020501011450,NUBL,45,8,100,973.00,"97,300.00"
2020-02-05,2020020501011736,OHL,44,48,10,519.00,"5,190.00"
2020-02-05,2020020501011926,PCBL,49,38,50,281.00,"14,050.00"
2020-02-05,2020020501011925,PCBL,49,48,"1,000",281.00,"281,000.00"
2020-02-05,2020020501011924,PCBL,49,34,527,281.00,"148,087.00"
2020-02-05,2020020501011911,PIC,11,4,31,568.00,"17,608.00"
2020-02-05,2020020501011725,PIC,14,4,50,568.00,"28,400.00"
2020-02-05,2020020501011724,PIC,51,4,130,569.00,"73,970.00"
2020-02-05,2020020501011723,PIC,45,4,89,569.00,"50,641.00"
2020-02-05,2020020501011505,PICL,37,26,40,750.00,"30,000.00"
2020-02-05,2020020501011504,PICL,37,49,200,750.00,"150,000.00"
2020-02-05,2020020501011503,PICL,37,38,10,749.00,"7,490.00"
2020-02-05,2020020501011441,PICL,37,44,100,750.00,"75,000.00"
2020-02-05,2020020501011836,PLIC,42,36,45,564.00,"25,380.00"
2020-02-05,2020020501011835,PLIC,57,36,10,565.00,"5,650.00"
2020-02-05,2020020501011718,PLIC,28,35,20,566.00,"11,320.00"
2020-02-05,2020020501011683,PLIC,57,50,200,565.00,"113,000.00"
2020-02-05,2020020501011639,PLIC,57,58,100,565.00,"56,500.00"
2020-02-05,2020020501011572,PLIC,33,50,200,566.00,"113,200.00"
2020-02-05,2020020501011507,PLIC,48,36,180,567.00,"102,060.00"
2020-02-05,2020020501011471,PLIC,49,16,120,567.00,"68,040.00"
2020-02-05,2020020501011470,PLIC,6,16,12,567.00,"6,804.00"
2020-02-05,2020020501011537,PPCL,42,42,10,124.00,"1,240.00"
2020-02-05,2020020501011525,PPCL,33,50,30,125.00,"3,750.00"
2020-02-05,2020020501011524,PPCL,33,21,10,125.00,"1,250.00"
2020-02-05,2020020501011771,PRIN,7,48,250,451.00,"112,750.00"
2020-02-05,2020020501011766,PRIN,48,48,100,452.00,"45,200.00"
2020-02-05,2020020501011755,PRIN,20,48,150,452.00,"67,800.00"
2020-02-05,2020020501011754,PRIN,20,54,100,452.00,"45,200.00"
2020-02-05,2020020501011750,PRIN,34,6,50,452.00,"22,600.00"
2020-02-05,2020020501011697,PRIN,7,5,250,451.00,"112,750.00"
2020-02-05,2020020501011627,PRIN,34,5,50,451.00,"22,550.00"
2020-02-05,2020020501011566,PRIN,44,42,50,450.00,"22,500.00"
2020-02-05,2020020501011863,PRVU,54,52,100,249.00,"24,900.00"
2020-02-05,2020020501011747,PRVU,54,46,"1,500",249.00,"373,500.00"
2020-02-05,2020020501011734,PRVU,54,47,"1,100",249.00,"273,900.00"
2020-02-05,2020020501011728,PRVU,33,46,"1,083",248.00,"268,584.00"
2020-02-05,2020020501011727,PRVU,25,46,200,248.00,"49,600.00"
2020-02-05,2020020501011726,PRVU,46,46,240,248.00,"59,520.00"
2020-02-05,2020020501011694,PRVU,33,47,300,249.00,"74,700.00"
2020-02-05,2020020501011831,RBCLPO,35,43,10,"8,439.00","84,390.00"
2020-02-05,2020020501011830,RBCLPO,35,8,40,"8,350.00","334,000.00"
2020-02-05,2020020501011837,RHPL,35,34,230,169.00,"38,870.00"
2020-02-05,2020020501011782,RHPL,11,34,20,168.00,"3,360.00"
2020-02-05,2020020501011781,RHPL,26,34,400,168.00,"67,200.00"
2020-02-05,2020020501011780,RHPL,41,34,150,168.00,"25,200.00"
2020-02-05,2020020501011779,RHPL,49,34,"5,000",168.00,"840,000.00"
2020-02-05,2020020501011669,RHPL,29,34,500,169.00,"84,500.00"
2020-02-05,2020020501011480,RHPL,44,39,10,172.00,"1,720.00"
2020-02-05,2020020501011662,RHPL,10,34,70,170.00,"11,900.00"
2020-02-05,2020020501011661,RHPL,10,34,70,170.00,"11,900.00"
2020-02-05,2020020501011660,RHPL,56,34,100,170.00,"17,000.00"
2020-02-05,2020020501011659,RHPL,35,34,200,171.00,"34,200.00"
2020-02-05,2020020501011658,RHPL,34,34,500,171.00,"85,500.00"
2020-02-05,2020020501011657,RHPL,26,34,130,171.00,"22,230.00"
2020-02-05,2020020501011668,RHPL,39,34,"1,000",169.00,"169,000.00"
2020-02-05,2020020501011667,RHPL,52,34,"1,000",169.00,"169,000.00"
2020-02-05,2020020501011666,RHPL,6,34,500,169.00,"84,500.00"
2020-02-05,2020020501011665,RHPL,14,34,50,169.00,"8,450.00"
2020-02-05,2020020501011664,RHPL,56,34,500,170.00,"85,000.00"
2020-02-05,2020020501011663,RHPL,6,34,410,170.00,"69,700.00"
2020-02-05,2020020501011550,SABSL,47,34,20,881.00,"17,620.00"
2020-02-05,2020020501011563,SADBL,50,50,59,162.00,"9,558.00"
2020-02-05,2020020501011454,SAPDBL,22,51,500,145.00,"72,500.00"
2020-02-05,2020020501011453,SAPDBL,26,51,39,145.00,"5,655.00"
2020-02-05,2020020501011920,SBI,58,5,99,421.00,"41,679.00"
2020-02-05,2020020501011919,SBI,32,5,70,421.00,"29,470.00"
2020-02-05,2020020501011567,SBI,57,5,22,422.00,"9,284.00"
2020-02-05,2020020501011905,SBL,14,28,425,313.00,"133,025.00"
2020-02-05,2020020501011904,SBL,49,28,200,313.00,"62,600.00"
2020-02-05,2020020501011903,SBL,17,28,75,313.00,"23,475.00"
2020-02-05,2020020501011902,SBL,1,28,200,314.00,"62,800.00"
2020-02-05,2020020501011901,SBL,52,28,100,314.00,"31,400.00"
2020-02-05,2020020501011745,SCB,51,21,90,615.00,"55,350.00"
2020-02-05,2020020501011721,SCB,49,21,10,615.00,"6,150.00"
2020-02-05,2020020501011561,SCB,38,21,20,615.00,"12,300.00"
2020-02-05,2020020501011748,SFCL,21,39,300,100.00,"30,000.00"
2020-02-05,2020020501011820,SHINE,44,45,"1,000",280.00,"280,000.00"
2020-02-05,2020020501011605,SHINE,44,39,500,280.00,"140,000.00"
2020-02-05,2020020501011442,SHINE,47,39,"2,000",281.00,"562,000.00"
2020-02-05,2020020501011900,SHIVM,19,55,455,515.00,"234,325.00"
2020-02-05,2020020501011899,SHIVM,5,55,45,515.00,"23,175.00"
2020-02-05,2020020501011826,SHIVM,5,35,55,515.00,"28,325.00"
2020-02-05,2020020501011825,SHIVM,29,35,500,515.00,"257,500.00"
2020-02-05,2020020501011824,SHIVM,52,35,50,515.00,"25,750.00"
2020-02-05,2020020501011708,SHIVM,57,5,130,516.00,"67,080.00"
2020-02-05,2020020501011707,SHIVM,57,14,187,516.00,"96,492.00"
2020-02-05,2020020501011624,SHIVM,6,14,100,516.00,"51,600.00"
2020-02-05,2020020501011543,SHIVM,6,14,25,516.00,"12,900.00"
2020-02-05,2020020501011823,SHIVM,44,35,375,515.00,"193,125.00"
2020-02-05,2020020501011822,SHIVM,45,35,20,516.00,"10,320.00"
2020-02-05,2020020501011818,SHIVM,44,42,25,515.00,"12,875.00"
2020-02-05,2020020501011768,SHIVM,6,14,17,516.00,"8,772.00"
2020-02-05,2020020501011710,SHIVM,57,14,83,516.00,"42,828.00"
2020-02-05,2020020501011709,SHIVM,57,38,100,516.00,"51,600.00"
2020-02-05,2020020501011729,SHL,6,34,500,204.00,"102,000.00"
2020-02-05,2020020501011881,SHPC,34,44,100,215.00,"21,500.00"
2020-02-05,2020020501011861,SHPC,52,55,200,217.00,"43,400.00"
2020-02-05,2020020501011478,SIC,44,49,20,742.00,"14,840.00"
2020-02-05,2020020501011477,SIC,44,49,40,742.00,"29,680.00"
2020-02-05,2020020501011476,SIC,28,49,40,743.00,"29,720.00"
2020-02-05,2020020501011469,SIC,28,49,160,743.00,"118,880.00"
2020-02-05,2020020501011935,SICL,36,8,300,"1,147.00","344,100.00"
2020-02-05,2020020501011738,SICL,25,8,10,"1,147.00","11,470.00"
2020-02-05,2020020501011484,SICL,38,8,20,"1,147.00","22,940.00"
2020-02-05,2020020501011761,SIL,5,38,200,601.00,"120,200.00"
2020-02-05,2020020501011879,SJCL,32,42,500,160.00,"80,000.00"
2020-02-05,2020020501011878,SJCL,51,42,200,160.00,"32,000.00"
2020-02-05,2020020501011877,SJCL,35,42,210,160.00,"33,600.00"
2020-02-05,2020020501011467,SJCL,35,39,20,160.00,"3,200.00"
2020-02-05,2020020501011585,SLBBL,40,22,100,855.00,"85,500.00"
2020-02-05,2020020501011786,SLBSL,47,17,50,839.00,"41,950.00"
2020-02-05,2020020501011642,SLICL,41,4,300,463.00,"138,900.00"
2020-02-05,2020020501011641,SLICL,57,4,180,463.00,"83,340.00"
2020-02-05,2020020501011640,SLICL,28,4,429,463.00,"198,627.00"
2020-02-05,2020020501011526,SLICL,43,50,100,465.00,"46,500.00"
2020-02-05,2020020501011521,SLICL,45,50,100,465.00,"46,500.00"
2020-02-05,2020020501011516,SLICL,28,7,71,463.00,"32,873.00"
2020-02-05,2020020501011515,SLICL,56,7,100,463.00,"46,300.00"
2020-02-05,2020020501011514,SLICL,4,7,309,463.00,"143,067.00"
2020-02-05,2020020501011513,SLICL,32,7,20,464.00,"9,280.00"
2020-02-05,2020020501011482,SLICL,11,50,100,465.00,"46,500.00"
2020-02-05,2020020501011838,SMATA,25,45,50,755.00,"37,750.00"
2020-02-05,2020020501011787,SMATA,47,45,100,755.00,"75,500.00"
2020-02-05,2020020501011549,SMATA,58,57,16,754.00,"12,064.00"
2020-02-05,2020020501011539,SMATA,46,45,50,755.00,"37,750.00"
2020-02-05,2020020501011655,SMFDB,35,55,25,777.00,"19,425.00"
2020-02-05,2020020501011763,SPDL,13,57,64,100.00,"6,400.00"
2020-02-05,2020020501011574,SRBL,43,33,38,252.00,"9,576.00"
2020-02-05,2020020501011573,SRBL,43,6,45,252.00,"11,340.00"
2020-02-05,2020020501011918,STC,52,28,10,"2,465.00","24,650.00"
2020-02-05,2020020501011921,SWBBL,39,25,10,"1,141.00","11,410.00"
2020-02-05,2020020501011915,SWBBL,39,22,200,"1,135.00","227,000.00"
2020-02-05,2020020501011789,SWBBL,44,22,100,"1,135.00","113,500.00"
2020-02-05,2020020501011788,SWBBL,38,22,200,"1,135.00","227,000.00"
2020-02-05,2020020501011753,SWBBL,56,14,161,"1,136.00","182,896.00"
2020-02-05,2020020501011652,SWBBL,35,14,39,"1,136.00","44,304.00"
2020-02-05,2020020501011602,SWBBL,35,14,61,"1,136.00","69,296.00"
2020-02-05,2020020501011601,SWBBL,44,55,20,"1,140.00","22,800.00"
2020-02-05,2020020501011600,SWBBL,44,7,100,"1,140.00","114,000.00"
2020-02-05,2020020501011599,SWBBL,44,7,100,"1,140.00","114,000.00"
2020-02-05,2020020501011598,SWBBL,44,7,62,"1,140.00","70,680.00"
2020-02-05,2020020501011829,TMDBL,44,48,410,190.00,"77,900.00"
2020-02-05,2020020501011757,TMDBL,44,34,200,190.00,"38,000.00"
2020-02-05,2020020501011653,TMDBL,44,33,"2,000",190.00,"380,000.00"
2020-02-05,2020020501011844,TRH,5,48,500,303.00,"151,500.00"
2020-02-05,2020020501011770,UFL,44,28,"2,000",182.00,"364,000.00"
2020-02-05,2020020501011769,UFL,44,25,265,182.00,"48,230.00"
2020-02-05,2020020501011821,UIC,29,58,150,439.00,"65,850.00"
2020-02-05,2020020501011814,UIC,29,58,150,439.00,"65,850.00"
2020-02-05,2020020501011468,UIC,52,58,200,439.00,"87,800.00"
2020-02-05,2020020501011500,UPPER,34,49,40,245.00,"9,800.00"
2020-02-05,2020020501011933,VLBS,33,52,70,"1,022.00","71,540.00"
2020-02-05,2020020501011560,WOMI,52,22,74,"1,000.00","74,000.00"
2020-02-05,2020020501011559,WOMI,52,42,26,"1,000.00","26,000.00"
2020-02-05,2020020501011487,WOMI,39,42,10,"1,000.00","10,000.00"
2020-02-05,2020020501011164,ADBL,57,34,"1,024",384.00,"393,216.00"
2020-02-05,2020020501011104,ADBL,19,10,186,383.00,"71,238.00"
2020-02-05,2020020501011103,ADBL,42,10,59,383.00,"22,597.00"
2020-02-05,2020020501011215,AHPC,28,42,10,97.00,970.00
2020-02-05,2020020501011096,AKJCL,56,16,10,58.00,580.00
2020-02-05,2020020501011428,AKPL,1,40,500,124.00,"62,000.00"
2020-02-05,2020020501011314,AKPL,53,40,500,124.00,"62,000.00"
2020-02-05,2020020501011275,AKPL,36,40,150,124.00,"18,600.00"
2020-02-05,2020020501011274,AKPL,45,40,"1,000",124.00,"124,000.00"
2020-02-05,2020020501011273,AKPL,14,40,"1,000",124.00,"124,000.00"
2020-02-05,2020020501011272,AKPL,6,40,150,124.00,"18,600.00"
2020-02-05,2020020501011271,AKPL,37,40,"1,000",124.00,"124,000.00"
2020-02-05,2020020501011270,AKPL,35,40,"2,000",124.00,"248,000.00"
2020-02-05,2020020501011269,AKPL,49,40,200,124.00,"24,800.00"
2020-02-05,2020020501011268,AKPL,52,40,"1,000",124.00,"124,000.00"
2020-02-05,2020020501011267,AKPL,45,40,968,124.00,"120,032.00"
2020-02-05,2020020501010942,ALBSL,16,41,10,723.00,"7,230.00"
2020-02-05,2020020501010948,ALBSL,16,45,70,730.00,"51,100.00"
2020-02-05,2020020501010947,ALBSL,16,56,10,730.00,"7,300.00"
2020-02-05,2020020501010946,ALBSL,16,6,10,730.00,"7,300.00"
2020-02-05,2020020501010945,ALBSL,16,13,20,730.00,"14,600.00"
2020-02-05,2020020501010944,ALBSL,16,44,20,729.00,"14,580.00"
2020-02-05,2020020501010943,ALBSL,16,13,100,725.00,"72,500.00"
2020-02-05,2020020501010949,ALBSL,16,6,100,730.00,"73,000.00"
2020-02-05,2020020501011411,ALICL,52,11,82,563.00,"46,166.00"
2020-02-05,2020020501011410,API,1,28,50,126.00,"6,300.00"
2020-02-05,2020020501011398,API,25,28,364,126.00,"45,864.00"
2020-02-05,2020020501011365,API,58,22,27,125.00,"3,375.00"
2020-02-05,2020020501011029,API,58,56,"2,100",125.00,"262,500.00"
2020-02-05,2020020501011023,API,1,28,437,126.00,"55,062.00"
2020-02-05,2020020501010964,API,58,56,700,125.00,"87,500.00"
2020-02-05,2020020501010963,API,17,56,500,125.00,"62,500.00"
2020-02-05,2020020501010962,API,50,56,"1,000",125.00,"125,000.00"
2020-02-05,2020020501010961,API,50,56,300,125.00,"37,500.00"
2020-02-05,2020020501011119,BOKL,26,51,200,237.00,"47,400.00"
2020-02-05,2020020501010957,BPCL,16,49,150,340.00,"51,000.00"
2020-02-05,2020020501010956,BPCL,16,3,100,340.00,"34,000.00"
2020-02-05,2020020501010955,BPCL,16,42,50,339.00,"16,950.00"
2020-02-05,2020020501010954,BPCL,16,36,100,339.00,"33,900.00"
2020-02-05,2020020501011435,CBL,38,38,34,160.00,"5,440.00"
2020-02-05,2020020501011418,CBL,38,38,34,160.00,"5,440.00"
2020-02-05,2020020501011396,CBL,38,38,34,160.00,"5,440.00"
2020-02-05,2020020501011393,CBL,42,34,172,161.00,"27,692.00"
2020-02-05,2020020501011392,CBL,42,5,"1,000",161.00,"161,000.00"
2020-02-05,2020020501011391,CBL,42,19,177,161.00,"28,497.00"
2020-02-05,2020020501011030,CBL,59,52,910,160.00,"145,600.00"
2020-02-05,2020020501011299,CBL,38,6,100,160.00,"16,000.00"
2020-02-05,2020020501011298,CBL,1,6,300,160.00,"48,000.00"
2020-02-05,2020020501011297,CBL,59,6,"1,813",160.00,"290,080.00"
2020-02-05,2020020501011234,CBL,59,44,200,160.00,"32,000.00"
2020-02-05,2020020501011090,CBL,59,14,800,160.00,"128,000.00"
2020-02-05,2020020501011040,CBL,59,46,277,160.00,"44,320.00"
2020-02-05,2020020501011390,CBL,42,19,177,161.00,"28,497.00"
2020-02-05,2020020501011389,CBL,42,58,"1,474",161.00,"237,314.00"
2020-02-05,2020020501011357,CBL,38,44,977,160.00,"156,320.00"
2020-02-05,2020020501011328,CBL,45,58,200,161.00,"32,200.00"
2020-02-05,2020020501011308,CBL,38,1,60,160.00,"9,600.00"
2020-02-05,2020020501011300,CBL,38,6,287,160.00,"45,920.00"
2020-02-05,2020020501011279,CCBL,29,57,279,188.00,"52,452.00"
2020-02-05,2020020501011278,CCBL,29,6,301,188.00,"56,588.00"
2020-02-05,2020020501011225,CCBL,39,41,336,187.00,"62,832.00"
2020-02-05,2020020501011224,CCBL,14,41,64,187.00,"11,968.00"
2020-02-05,2020020501011352,CIT,7,58,15,"2,490.00","37,350.00"
2020-02-05,2020020501011351,CIT,7,58,160,"2,490.00","398,400.00"
2020-02-05,2020020501011350,CIT,7,59,100,"2,489.00","248,900.00"
2020-02-05,2020020501011191,CIT,7,39,100,"2,488.00","248,800.00"
2020-02-05,2020020501011095,CIT,42,52,100,"2,485.00","248,500.00"
2020-02-05,2020020501011066,CIT,57,58,50,"2,490.00","124,500.00"
2020-02-05,2020020501010977,CIT,22,17,10,"2,488.00","24,880.00"
2020-02-05,2020020501010941,CIT,7,25,178,"2,487.00","442,686.00"
2020-02-05,2020020501011034,CIT,58,58,120,"2,490.00","298,800.00"
2020-02-05,2020020501011033,CIT,58,1,50,"2,489.00","124,450.00"
2020-02-05,2020020501011032,CIT,58,59,100,"2,489.00","248,900.00"
2020-02-05,2020020501011031,CIT,58,17,80,"2,488.00","199,040.00"
2020-02-05,2020020501011013,CIT,14,17,100,"2,488.00","248,800.00"
2020-02-05,2020020501010983,CIT,39,17,10,"2,488.00","24,880.00"
2020-02-05,2020020501011367,CORBL,55,26,300,130.00,"39,000.00"
2020-02-05,2020020501011425,CZBIL,42,49,500,198.00,"99,000.00"
2020-02-05,2020020501011285,CZBIL,46,49,224,198.00,"44,352.00"
2020-02-05,2020020501011284,CZBIL,46,28,236,198.00,"46,728.00"
2020-02-05,2020020501011283,CZBIL,46,14,40,198.00,"7,920.00"
2020-02-05,2020020501011156,CZBIL,59,14,160,198.00,"31,680.00"
2020-02-05,2020020501011099,CZBIL,35,5,251,197.00,"49,447.00"
2020-02-05,2020020501011400,DHPL,48,22,11,53.00,583.00
2020-02-05,2020020501011121,DHPL,48,7,350,54.00,"18,900.00"
2020-02-05,2020020501011388,EBL,52,58,150,648.00,"97,200.00"
2020-02-05,2020020501011387,EBL,52,25,50,647.00,"32,350.00"
2020-02-05,2020020501011016,EDBL,25,6,139,361.00,"50,179.00"
2020-02-05,2020020501011015,EDBL,38,6,100,362.00,"36,200.00"
2020-02-05,2020020501011329,EIC,1,49,200,457.00,"91,400.00"
2020-02-05,2020020501011177,EIC,1,16,100,457.00,"45,700.00"
2020-02-05,2020020501011155,EIC,1,49,"1,000",457.00,"457,000.00"
2020-02-05,2020020501011146,EIC,13,32,200,456.00,"91,200.00"
2020-02-05,2020020501011145,EIC,13,29,475,456.00,"216,600.00"
2020-02-05,2020020501011126,EIC,58,29,25,456.00,"11,400.00"
2020-02-05,2020020501011125,EIC,58,28,80,456.00,"36,480.00"
2020-02-05,2020020501011110,EIC,42,33,15,455.00,"6,825.00"
2020-02-05,2020020501011429,FMDBL,42,13,19,460.00,"8,740.00"
2020-02-05,2020020501011422,FMDBL,29,17,11,459.00,"5,049.00"
2020-02-05,2020020501011421,FMDBL,51,17,88,459.00,"40,392.00"
2020-02-05,2020020501011290,FMDBL,51,13,212,459.00,"97,308.00"
2020-02-05,2020020501011289,FMDBL,53,13,500,459.00,"229,500.00"
2020-02-05,2020020501011288,FMDBL,45,13,200,459.00,"91,800.00"
2020-02-05,2020020501011287,FMDBL,58,13,30,460.00,"13,800.00"
2020-02-05,2020020501011286,FMDBL,26,13,20,460.00,"9,200.00"
2020-02-05,2020020501011181,GBBL,48,39,50,247.00,"12,350.00"
2020-02-05,2020020501011148,GBBL,48,16,30,247.00,"7,410.00"
2020-02-05,2020020501010978,GBBL,48,49,420,248.00,"104,160.00"
2020-02-05,2020020501011378,GBIME,32,51,50,286.00,"14,300.00"
2020-02-05,2020020501011366,GBIME,25,51,10,286.00,"2,860.00"
2020-02-05,2020020501011361,GBIME,50,51,50,286.00,"14,300.00"
2020-02-05,2020020501011345,GBIME,42,51,220,286.00,"62,920.00"
2020-02-05,2020020501011216,GBIME,17,51,20,286.00,"5,720.00"
2020-02-05,2020020501011202,GBIME,26,19,147,285.00,"41,895.00"
2020-02-05,2020020501011201,GBIME,38,19,400,285.00,"114,000.00"
2020-02-05,2020020501011200,GBIME,1,19,453,285.00,"129,105.00"
2020-02-05,2020020501011168,GBIME,1,16,30,285.00,"8,550.00"
2020-02-05,2020020501011162,GBIME,42,51,140,286.00,"40,040.00"
2020-02-05,2020020501011325,GBLBS,13,33,20,487.00,"9,740.00"
2020-02-05,2020020501011294,GBLBS,39,40,200,486.00,"97,200.00"
2020-02-05,2020020501011257,GBLBS,39,29,315,487.00,"153,405.00"
2020-02-05,2020020501011212,GBLBS,39,29,85,487.00,"41,395.00"
2020-02-05,2020020501011211,GBLBS,39,50,415,487.00,"202,105.00"
2020-02-05,2020020501011190,GBLBS,39,33,55,486.00,"26,730.00"
2020-02-05,2020020501011149,GBLBS,20,50,85,487.00,"41,395.00"
2020-02-05,2020020501011129,GBLBS,20,49,15,487.00,"7,305.00"
2020-02-05,2020020501011220,GGBSL,11,35,80,850.00,"68,000.00"
2020-02-05,2020020501011219,GGBSL,11,35,20,851.00,"17,020.00"
2020-02-05,2020020501011218,GGBSL,52,35,10,852.00,"8,520.00"
2020-02-05,2020020501011217,GGBSL,35,35,50,852.00,"42,600.00"
2020-02-05,2020020501011369,GILB,49,49,300,"1,328.00","398,400.00"
2020-02-05,2020020501011368,GILB,49,34,41,"1,325.00","54,325.00"
2020-02-05,2020020501011246,GILB,46,34,41,"1,325.00","54,325.00"
2020-02-05,2020020501011364,GLICL,6,36,143,765.00,"109,395.00"
2020-02-05,2020020501011363,GLICL,46,36,357,765.00,"273,105.00"
2020-02-05,2020020501011356,GLICL,46,21,43,765.00,"32,895.00"
2020-02-05,2020020501011320,GLICL,49,53,25,767.00,"19,175.00"
2020-02-05,2020020501011263,GLICL,44,45,480,766.00,"367,680.00"
2020-02-05,2020020501011262,GLICL,44,25,20,766.00,"15,320.00"
2020-02-05,2020020501011012,GLICL,7,25,636,766.00,"487,176.00"
2020-02-05,2020020501011011,GLICL,7,17,99,766.00,"75,834.00"
2020-02-05,2020020501011233,GLICL,46,25,980,766.00,"750,680.00"
2020-02-05,2020020501011232,GLICL,46,49,20,766.00,"15,320.00"
2020-02-05,2020020501011172,GLICL,46,50,100,765.00,"76,500.00"
2020-02-05,2020020501011171,GLICL,44,49,10,766.00,"7,660.00"
2020-02-05,2020020501011167,GLICL,39,49,70,766.00,"53,620.00"
2020-02-05,2020020501011080,GLICL,34,49,200,766.00,"153,200.00"
2020-02-05,2020020501011315,GMFIL,28,43,112,136.00,"15,232.00"
2020-02-05,2020020501011254,GMFIL,28,59,100,136.00,"13,600.00"
2020-02-05,2020020501011253,GMFIL,28,43,20,136.00,"2,720.00"
2020-02-05,2020020501011252,GMFIL,28,6,230,135.00,"31,050.00"
2020-02-05,2020020501011251,GMFIL,28,19,"1,538",135.00,"207,630.00"
2020-02-05,2020020501011196,GMFIL,25,43,200,134.00,"26,800.00"
2020-02-05,2020020501011404,HBL,20,45,10,533.00,"5,330.00"
2020-02-05,2020020501011327,HBL,32,19,30,532.00,"15,960.00"
2020-02-05,2020020501011277,HBL,20,19,10,532.00,"5,320.00"
2020-02-05,2020020501010987,HBL,32,34,23,529.00,"12,167.00"
2020-02-05,2020020501010969,HBL,37,34,200,529.00,"105,800.00"
2020-02-05,2020020501010968,HBL,41,34,90,529.00,"47,610.00"
2020-02-05,2020020501011339,HDL,22,52,35,"1,215.00","42,525.00"
2020-02-05,2020020501011338,HDL,22,52,25,"1,215.00","30,375.00"
2020-02-05,2020020501011337,HDL,36,52,100,"1,215.00","121,500.00"
2020-02-05,2020020501011336,HDL,6,52,250,"1,217.00","304,250.00"
2020-02-05,2020020501011335,HDL,53,52,20,"1,217.00","24,340.00"
2020-02-05,2020020501011334,HDL,16,52,50,"1,217.00","60,850.00"
2020-02-05,2020020501011333,HDL,41,52,20,"1,218.00","24,360.00"
2020-02-05,2020020501011037,HDL,10,38,300,"1,219.00","365,700.00"
2020-02-05,2020020501011005,HDL,56,44,150,"1,220.00","183,000.00"
2020-02-05,2020020501010980,HDL,5,44,200,"1,220.00","244,000.00"
2020-02-05,2020020501010979,HDL,36,44,100,"1,220.00","122,000.00"
2020-02-05,2020020501011324,HGI,38,14,50,423.00,"21,150.00"
2020-02-05,2020020501011039,HGI,54,45,50,420.00,"21,000.00"
2020-02-05,2020020501011360,IGI,34,34,162,446.00,"72,252.00"
2020-02-05,2020020501011359,IGI,19,34,180,447.00,"80,460.00"
2020-02-05,2020020501011205,IGI,38,41,300,447.00,"134,100.00"
2020-02-05,2020020501011204,IGI,48,41,100,447.00,"44,700.00"
2020-02-05,2020020501011056,IGI,34,45,38,446.00,"16,948.00"
2020-02-05,2020020501011313,ILBS,33,42,37,811.00,"30,007.00"
2020-02-05,2020020501011293,JFL,6,42,500,185.00,"92,500.00"
2020-02-05,2020020501011292,JFL,6,32,180,184.00,"33,120.00"
2020-02-05,2020020501011179,JFL,39,32,400,183.00,"73,200.00"
2020-02-05,2020020501011109,KADBL,4,4,990,270.00,"267,300.00"
2020-02-05,2020020501011108,KADBL,59,4,10,270.00,"2,700.00"
2020-02-05,2020020501011067,KBL,34,38,173,199.00,"34,427.00"
2020-02-05,2020020501011377,LBL,32,21,23,228.00,"5,244.00"
2020-02-05,2020020501011186,LBL,57,6,200,229.00,"45,800.00"
2020-02-05,2020020501011185,LBL,57,58,250,229.00,"57,250.00"
2020-02-05,2020020501011184,LBL,57,34,108,229.00,"24,732.00"
2020-02-05,2020020501011183,LBL,57,41,"1,236",229.00,"283,044.00"
2020-02-05,2020020501011182,LBL,57,52,800,228.00,"182,400.00"
2020-02-05,2020020501011061,LBL,52,52,200,228.00,"45,600.00"
2020-02-05,2020020501011321,LGIL,16,42,"1,000",506.00,"506,000.00"
2020-02-05,2020020501011276,LGIL,28,35,100,506.00,"50,600.00"
2020-02-05,2020020501011135,LGIL,11,16,100,505.00,"50,500.00"
2020-02-05,2020020501011134,LICN,25,49,10,"1,230.00","12,300.00"
2020-02-05,2020020501011203,MBL,52,41,200,237.00,"47,400.00"
2020-02-05,2020020501011194,MBL,11,41,50,237.00,"11,850.00"
2020-02-05,2020020501011065,MBL,10,55,200,236.00,"47,200.00"
2020-02-05,2020020501011045,MBL,10,16,200,236.00,"47,200.00"
2020-02-05,2020020501011170,MDB,4,7,732,335.00,"245,220.00"
2020-02-05,2020020501011169,MDB,43,7,300,336.00,"100,800.00"
2020-02-05,2020020501011175,MEGA,10,16,14,205.00,"2,870.00"
2020-02-05,2020020501011144,MEGA,7,41,850,206.00,"175,100.00"
2020-02-05,2020020501011010,MEGA,7,57,150,206.00,"30,900.00"
2020-02-05,2020020501010971,MEGA,26,11,100,206.00,"20,600.00"
2020-02-05,2020020501010970,MEGA,38,11,20,206.00,"4,120.00"
2020-02-05,2020020501011318,MERO,34,55,83,660.00,"54,780.00"
2020-02-05,2020020501011309,MERO,34,41,48,660.00,"31,680.00"
2020-02-05,2020020501011193,MERO,53,49,98,661.00,"64,778.00"
2020-02-05,2020020501011192,MERO,53,6,250,660.00,"165,000.00"
2020-02-05,2020020501011079,MERO,44,25,42,660.00,"27,720.00"
2020-02-05,2020020501011078,MERO,44,39,455,660.00,"300,300.00"
2020-02-05,2020020501011046,MERO,34,39,"1,000",660.00,"660,000.00"
2020-02-05,2020020501011420,MNBBL,4,57,177,326.00,"57,702.00"
2020-02-05,2020020501011419,MNBBL,4,26,577,326.00,"188,102.00"
2020-02-05,2020020501011187,MNBBL,4,16,20,325.00,"6,500.00"
2020-02-05,2020020501011132,MNBBL,4,29,297,325.00,"96,525.00"
2020-02-05,2020020501011009,MNBBL,22,34,200,326.00,"65,200.00"
2020-02-05,2020020501011008,MNBBL,22,10,25,326.00,"8,150.00"
2020-02-05,2020020501010952,MNBBL,6,10,25,326.00,"8,150.00"
2020-02-05,2020020501011432,MPFL,34,32,800,140.00,"112,000.00"
2020-02-05,2020020501011431,MPFL,38,32,100,140.00,"14,000.00"
2020-02-05,2020020501011430,MPFL,50,32,100,141.00,"14,100.00"
2020-02-05,2020020501011347,NABIL,55,4,300,736.00,"220,800.00"
2020-02-05,2020020501011346,NABIL,6,4,40,736.00,"29,440.00"
2020-02-05,2020020501011244,NABIL,6,47,60,736.00,"44,160.00"
2020-02-05,2020020501011243,NABIL,6,40,50,736.00,"36,800.00"
2020-02-05,2020020501011214,NABIL,45,40,100,736.00,"73,600.00"
2020-02-05,2020020501011375,NADEP,59,38,200,708.00,"141,600.00"
2020-02-05,2020020501011306,NADEP,28,52,23,707.00,"16,261.00"
2020-02-05,2020020501011245,NADEP,28,48,104,707.00,"73,528.00"
2020-02-05,2020020501011076,NADEP,37,57,10,710.00,"7,100.00"
2020-02-05,2020020501011140,NBB,26,1,200,210.00,"42,000.00"
2020-02-05,2020020501011131,NBB,38,52,30,209.00,"6,270.00"
2020-02-05,2020020501011130,NBB,38,45,178,209.00,"37,202.00"
2020-02-05,2020020501011151,NBL,44,34,"1,000",271.00,"271,000.00"
2020-02-05,2020020501010972,NBL,32,4,30,270.00,"8,100.00"
2020-02-05,2020020501011417,NCCB,48,36,130,198.00,"25,740.00"
2020-02-05,2020020501011416,NCCB,16,36,"1,000",198.00,"198,000.00"
2020-02-05,2020020501011415,NCCB,52,36,500,198.00,"99,000.00"
2020-02-05,2020020501011414,NCCB,40,36,300,198.00,"59,400.00"
2020-02-05,2020020501011413,NCCB,6,36,"1,000",198.00,"198,000.00"
2020-02-05,2020020501011412,NCCB,6,36,570,198.00,"112,860.00"
2020-02-05,2020020501011189,NCCB,6,22,300,198.00,"59,400.00"
2020-02-05,2020020501011004,NHPC,36,56,"1,800",60.00,"108,000.00"
2020-02-05,2020020501011003,NHPC,37,56,200,60.00,"12,000.00"
2020-02-05,2020020501011207,NIB,41,16,10,395.00,"3,950.00"
2020-02-05,2020020501011128,NIB,26,38,200,396.00,"79,200.00"
2020-02-05,2020020501011266,NIBLPF,38,22,"1,010",7.82,"7,898.20"
2020-02-05,2020020501011261,NIBPO,28,4,450,355.00,"159,750.00"
2020-02-05,2020020501011260,NIBPO,28,4,50,355.00,"17,750.00"
2020-02-05,2020020501011259,NIBPO,6,4,200,356.00,"71,200.00"
2020-02-05,2020020501011426,NICA,10,57,55,484.00,"26,620.00"
2020-02-05,2020020501011362,NICA,37,22,100,483.00,"48,300.00"
2020-02-05,2020020501011222,NICA,53,17,40,484.00,"19,360.00"
2020-02-05,2020020501011221,NICA,53,38,300,484.00,"145,200.00"
2020-02-05,2020020501011057,NICA,37,38,17,483.00,"8,211.00"
2020-02-05,2020020501011021,NICA,16,29,100,482.00,"48,200.00"
2020-02-05,2020020501011020,NICA,44,29,250,482.00,"120,500.00"
2020-02-05,2020020501011000,NICA,46,29,500,483.00,"241,500.00"
2020-02-05,2020020501010999,NICA,43,29,"1,000",483.00,"483,000.00"
2020-02-05,2020020501010998,NICA,45,29,360,483.00,"173,880.00"
2020-02-05,2020020501010997,NICA,52,29,500,484.00,"242,000.00"
2020-02-05,2020020501010996,NICA,49,29,75,484.00,"36,300.00"
2020-02-05,2020020501011397,NICL,38,36,300,449.00,"134,700.00"
2020-02-05,2020020501011210,NICL,35,51,30,450.00,"13,500.00"
2020-02-05,2020020501011161,NICL,35,4,400,449.00,"179,600.00"
2020-02-05,2020020501011142,NICL,37,4,772,449.00,"346,628.00"
2020-02-05,2020020501011081,NICL,37,42,100,449.00,"44,900.00"
2020-02-05,2020020501011063,NICL,37,46,50,449.00,"22,450.00"
2020-02-05,2020020501011019,NICL,37,4,78,449.00,"35,022.00"
2020-02-05,2020020501011018,NICL,49,4,159,449.00,"71,391.00"
2020-02-05,2020020501010982,NICL,36,51,232,450.00,"104,400.00"
2020-02-05,2020020501010981,NICL,36,5,268,450.00,"120,600.00"
2020-02-05,2020020501010976,NICL,46,5,200,450.00,"90,000.00"
2020-02-05,2020020501011434,NIL,38,11,10,569.00,"5,690.00"
2020-02-05,2020020501011409,NIL,38,7,168,568.00,"95,424.00"
2020-02-05,2020020501011304,NIL,46,11,32,566.00,"18,112.00"
2020-02-05,2020020501011303,NIL,14,11,13,566.00,"7,358.00"
2020-02-05,2020020501011242,NIL,14,37,187,566.00,"105,842.00"
2020-02-05,2020020501011241,NIL,41,37,37,567.00,"20,979.00"
2020-02-05,2020020501011051,NIL,26,43,80,568.00,"45,440.00"
2020-02-05,2020020501011022,NIL,28,43,20,568.00,"11,360.00"
2020-02-05,2020020501011176,NIL,13,50,500,568.00,"284,000.00"
2020-02-05,2020020501011165,NIL,13,28,300,568.00,"170,400.00"
2020-02-05,2020020501011111,NIL,26,55,520,568.00,"295,360.00"
2020-02-05,2020020501011054,NIL,26,43,50,568.00,"28,400.00"
2020-02-05,2020020501011053,NIL,26,37,250,568.00,"142,000.00"
2020-02-05,2020020501011052,NIL,26,44,100,568.00,"56,800.00"
2020-02-05,2020020501011349,NLG,57,58,200,880.00,"176,000.00"
2020-02-05,2020020501011198,NLG,55,39,100,882.00,"88,200.00"
2020-02-05,2020020501011180,NLG,55,39,100,882.00,"88,200.00"
2020-02-05,2020020501011166,NLG,14,40,200,882.00,"176,400.00"
2020-02-05,2020020501011282,NLIC,52,43,20,"1,118.00","22,360.00"
2020-02-05,2020020501011281,NLIC,52,38,100,"1,117.00","111,700.00"
2020-02-05,2020020501011238,NLIC,11,56,39,"1,116.00","43,524.00"
2020-02-05,2020020501011237,NLIC,44,56,20,"1,116.00","22,320.00"
2020-02-05,2020020501011236,NLIC,26,56,40,"1,116.00","44,640.00"
2020-02-05,2020020501011091,NLIC,34,43,20,"1,118.00","22,360.00"
2020-02-05,2020020501011044,NLIC,34,42,47,"1,117.00","52,499.00"
2020-02-05,2020020501011043,NLIC,48,42,100,"1,117.00","111,700.00"
2020-02-05,2020020501011042,NLIC,34,56,50,"1,118.00","55,900.00"
2020-02-05,2020020501011041,NLIC,45,56,25,"1,118.00","27,950.00"
2020-02-05,2020020501011038,NLIC,57,26,100,"1,119.00","111,900.00"
2020-02-05,2020020501011383,NLICL,36,6,"1,912",650.00,"1,242,800.00"
2020-02-05,2020020501011382,NLICL,36,14,56,650.00,"36,400.00"
2020-02-05,2020020501011381,NLICL,36,6,12,650.00,"7,800.00"
2020-02-05,2020020501011380,NLICL,36,6,20,650.00,"13,000.00"
2020-02-05,2020020501011173,NLICL,14,40,150,649.00,"97,350.00"
2020-02-05,2020020501011305,NMB,43,16,97,367.00,"35,599.00"
2020-02-05,2020020501011256,NMB,56,29,110,367.00,"40,370.00"
2020-02-05,2020020501011255,NMB,4,29,185,367.00,"67,895.00"
2020-02-05,2020020501011122,NMB,4,34,200,367.00,"73,400.00"
2020-02-05,2020020501011062,NMB,16,34,"1,000",367.00,"367,000.00"
2020-02-05,2020020501011331,NMFBS,52,52,15,"1,582.00","23,730.00"
2020-02-05,2020020501011147,NSEWA,5,19,45,700.00,"31,500.00"
2020-02-05,2020020501011025,NSEWA,5,19,50,695.00,"34,750.00"
2020-02-05,2020020501011024,NSEWA,5,58,10,695.00,"6,950.00"
2020-02-05,2020020501011424,NUBL,57,36,60,970.00,"58,200.00"
2020-02-05,2020020501011423,NUBL,26,36,40,971.00,"38,840.00"
2020-02-05,2020020501011379,NUBL,26,19,60,971.00,"58,260.00"
2020-02-05,2020020501011403,PCBL,21,34,973,281.00,"273,413.00"
2020-02-05,2020020501011402,PCBL,21,38,500,281.00,"140,500.00"
2020-02-05,2020020501011401,PCBL,21,33,27,281.00,"7,587.00"
2020-02-05,2020020501011316,PCBL,28,33,100,281.00,"28,100.00"
2020-02-05,2020020501011107,PIC,45,34,11,569.00,"6,259.00"
2020-02-05,2020020501011440,PICL,37,16,250,750.00,"187,500.00"
2020-02-05,2020020501011439,PICL,37,16,20,750.00,"15,000.00"
2020-02-05,2020020501011438,PICL,37,6,100,750.00,"75,000.00"
2020-02-05,2020020501011437,PICL,37,56,30,750.00,"22,500.00"
2020-02-05,2020020501011436,PICL,37,6,99,749.00,"74,151.00"
2020-02-05,2020020501010995,PICL,38,26,500,748.00,"374,000.00"
2020-02-05,2020020501011330,PLIC,28,25,100,568.00,"56,800.00"
2020-02-05,2020020501011258,PLIC,19,25,500,568.00,"284,000.00"
2020-02-05,2020020501011028,PLIC,6,36,488,567.00,"276,696.00"
2020-02-05,2020020501011027,PLIC,6,36,12,568.00,"6,816.00"
2020-02-05,2020020501011058,PPCL,42,33,10,124.00,"1,240.00"
2020-02-05,2020020501011374,PRIN,48,6,200,452.00,"90,400.00"
2020-02-05,2020020501011355,PRIN,6,33,20,451.00,"9,020.00"
2020-02-05,2020020501011354,PRIN,6,36,200,451.00,"90,200.00"
2020-02-05,2020020501011353,PRIN,6,22,330,451.00,"148,830.00"
2020-02-05,2020020501011348,PRIN,44,48,390,450.00,"175,500.00"
2020-02-05,2020020501011250,PRIN,28,22,100,451.00,"45,100.00"
2020-02-05,2020020501011049,PRVU,59,1,100,250.00,"25,000.00"
2020-02-05,2020020501010986,PRVU,1,35,200,249.00,"49,800.00"
2020-02-05,2020020501010985,PRVU,1,25,500,249.00,"124,500.00"
2020-02-05,2020020501010984,PRVU,1,49,300,249.00,"74,700.00"
2020-02-05,2020020501010967,PRVU,38,49,500,249.00,"124,500.00"
2020-02-05,2020020501011001,RADHI,53,4,12,149.00,"1,788.00"
2020-02-05,2020020501011427,RHPL,26,39,40,171.00,"6,840.00"
2020-02-05,2020020501011371,RHPL,11,39,10,172.00,"1,720.00"
2020-02-05,2020020501011370,RHPL,11,39,10,172.00,"1,720.00"
2020-02-05,2020020501011077,RHPL,26,33,40,171.00,"6,840.00"
2020-02-05,2020020501011026,RHPL,26,11,10,171.00,"1,710.00"
2020-02-05,2020020501011344,RLFL,55,51,160,150.00,"24,000.00"
2020-02-05,2020020501011343,RLFL,55,52,33,150.00,"4,950.00"
2020-02-05,2020020501011342,RLFL,55,52,25,150.00,"3,750.00"
2020-02-05,2020020501011341,RLFL,55,57,82,150.00,"12,300.00"
2020-02-05,2020020501011143,RRHP,42,33,10,101.00,"1,010.00"
2020-02-05,2020020501011089,RRHP,42,38,10,101.00,"1,010.00"
2020-02-05,2020020501011433,RSDC,59,25,100,479.00,"47,900.00"
2020-02-05,2020020501011247,RSDC,42,42,57,477.00,"27,189.00"
2020-02-05,2020020501011094,RSDC,46,13,300,476.00,"142,800.00"
2020-02-05,2020020501011138,SABSL,46,34,10,871.00,"8,710.00"
2020-02-05,2020020501011384,SANIMA,52,33,848,349.00,"295,952.00"
2020-02-05,2020020501011376,SANIMA,52,42,150,349.00,"52,350.00"
2020-02-05,2020020501011102,SANIMA,52,6,200,350.00,"70,000.00"
2020-02-05,2020020501011088,SANIMA,4,6,263,350.00,"92,050.00"
2020-02-05,2020020501011087,SANIMA,4,44,10,350.00,"3,500.00"
2020-02-05,2020020501011086,SANIMA,4,56,10,350.00,"3,500.00"
2020-02-05,2020020501011085,SANIMA,4,11,200,350.00,"70,000.00"
2020-02-05,2020020501011084,SANIMA,4,4,50,350.00,"17,500.00"
2020-02-05,2020020501011083,SANIMA,4,22,50,350.00,"17,500.00"
2020-02-05,2020020501011082,SANIMA,4,29,489,350.00,"171,150.00"
2020-02-05,2020020501011035,SANIMA,52,28,200,349.00,"69,800.00"
2020-02-05,2020020501011319,SAPDBL,26,22,61,145.00,"8,845.00"
2020-02-05,2020020501011093,SAPDBL,28,28,1,144.00,144.00
2020-02-05,2020020501010960,SAPDBL,32,13,50,146.00,"7,300.00"
2020-02-05,2020020501010959,SAPDBL,1,13,"1,000",146.00,"146,000.00"
2020-02-05,2020020501010958,SAPDBL,43,13,200,146.00,"29,200.00"
2020-02-05,2020020501011373,SBI,16,5,50,422.00,"21,100.00"
2020-02-05,2020020501011372,SBI,16,40,200,422.00,"84,400.00"
2020-02-05,2020020501011159,SBI,52,5,26,422.00,"10,972.00"
2020-02-05,2020020501011158,SBI,13,5,40,422.00,"16,880.00"
2020-02-05,2020020501011157,SBI,13,35,60,422.00,"25,320.00"
2020-02-05,2020020501011124,SBI,52,38,22,422.00,"9,284.00"
2020-02-05,2020020501011139,SBL,35,38,"1,000",314.00,"314,000.00"
2020-02-05,2020020501011265,SDESI,43,8,27,856.00,"23,112.00"
2020-02-05,2020020501011101,SEF,8,35,300,9.33,"2,799.00"
2020-02-05,2020020501011036,SFCL,39,8,100,101.00,"10,100.00"
2020-02-05,2020020501011291,SHINE,44,16,100,280.00,"28,000.00"
2020-02-05,2020020501011226,SHINE,44,50,200,280.00,"56,000.00"
2020-02-05,2020020501011317,SHIVM,44,35,"1,000",515.00,"515,000.00"
2020-02-05,2020020501011133,SHIVM,19,35,200,516.00,"103,200.00"
2020-02-05,2020020501011120,SHIVM,19,45,300,516.00,"154,800.00"
2020-02-05,2020020501011280,SHL,37,33,500,205.00,"102,500.00"
2020-02-05,2020020501011014,SHL,51,33,300,205.00,"61,500.00"
2020-02-05,2020020501010994,SHPC,42,55,500,216.00,"108,000.00"
2020-02-05,2020020501010993,SHPC,26,55,"1,000",216.00,"216,000.00"
2020-02-05,2020020501010992,SHPC,22,55,700,216.00,"151,200.00"
2020-02-05,2020020501010991,SHPC,4,55,100,216.00,"21,600.00"
2020-02-05,2020020501010990,SHPC,35,55,200,216.00,"43,200.00"
2020-02-05,2020020501010989,SHPC,58,55,500,216.00,"108,000.00"
2020-02-05,2020020501010988,SHPC,47,55,200,216.00,"43,200.00"
2020-02-05,2020020501010975,SHPC,16,55,378,217.00,"82,026.00"
2020-02-05,2020020501010974,SHPC,16,57,622,217.00,"134,974.00"
2020-02-05,2020020501010966,SHPC,44,57,200,217.00,"43,400.00"
2020-02-05,2020020501010965,SHPC,33,57,178,217.00,"38,626.00"
2020-02-05,2020020501011358,SIC,45,49,50,743.00,"37,150.00"
2020-02-05,2020020501011326,SIC,56,49,70,743.00,"52,010.00"
2020-02-05,2020020501011264,SIC,26,49,100,743.00,"74,300.00"
2020-02-05,2020020501011136,SICL,41,4,50,"1,148.00","57,400.00"
2020-02-05,2020020501011112,SICL,25,4,10,"1,148.00","11,480.00"
2020-02-05,2020020501011097,SICL,6,4,15,"1,148.00","17,220.00"
2020-02-05,2020020501011047,SICL,40,4,100,"1,148.00","114,800.00"
2020-02-05,2020020501011408,SIL,44,55,"1,320",598.00,"789,360.00"
2020-02-05,2020020501011407,SIL,44,55,500,599.00,"299,500.00"
2020-02-05,2020020501011406,SIL,33,55,100,599.00,"59,900.00"
2020-02-05,2020020501011405,SIL,6,55,80,600.00,"48,000.00"
2020-02-05,2020020501011340,SIL,6,25,200,600.00,"120,000.00"
2020-02-05,2020020501011312,SIL,6,42,20,600.00,"12,000.00"
2020-02-05,2020020501011007,SIL,1,29,190,600.00,"114,000.00"
2020-02-05,2020020501011006,SIL,44,29,210,600.00,"126,000.00"
2020-02-05,2020020501010953,SIL,44,54,100,601.00,"60,100.00"
2020-02-05,2020020501011311,SIL,1,42,10,600.00,"6,000.00"
2020-02-05,2020020501011248,SIL,52,49,200,602.00,"120,400.00"
2020-02-05,2020020501011206,SIL,44,49,100,602.00,"60,200.00"
2020-02-05,2020020501011188,SIL,20,49,100,602.00,"60,200.00"
2020-02-05,2020020501011178,SIL,44,16,100,601.00,"60,100.00"
2020-02-05,2020020501011055,SIL,1,4,300,600.00,"180,000.00"
2020-02-05,2020020501011395,SINDU,34,26,141,134.00,"18,894.00"
2020-02-05,2020020501011394,SINDU,36,26,89,135.00,"12,015.00"
2020-02-05,2020020501011195,SINDU,42,49,30,136.00,"4,080.00"
2020-02-05,2020020501011223,SJCL,35,33,20,160.00,"3,200.00"
2020-02-05,2020020501011100,SJCL,35,22,20,160.00,"3,200.00"
2020-02-05,2020020501011092,SJCL,35,35,10,160.00,"1,600.00"
2020-02-05,2020020501011302,SLBBL,34,48,80,848.00,"67,840.00"
2020-02-05,2020020501011310,SLICL,44,50,12,465.00,"5,580.00"
2020-02-05,2020020501011301,SLICL,4,11,56,463.00,"25,928.00"
2020-02-05,2020020501011296,SLICL,32,14,100,464.00,"46,400.00"
2020-02-05,2020020501011295,SLICL,32,58,380,464.00,"176,320.00"
2020-02-05,2020020501011235,SLICL,28,58,100,464.00,"46,400.00"
2020-02-05,2020020501011150,SLICL,45,58,20,464.00,"9,280.00"
2020-02-05,2020020501011098,SLICL,4,5,235,463.00,"108,805.00"
2020-02-05,2020020501011048,SLICL,44,4,440,463.00,"203,720.00"
2020-02-05,2020020501011017,SLICL,42,4,60,463.00,"27,780.00"
2020-02-05,2020020501011199,SMATA,35,51,100,760.00,"76,000.00"
2020-02-05,2020020501011137,SMATA,33,22,10,760.00,"7,600.00"
2020-02-05,2020020501011399,SMB,28,11,20,993.00,"19,860.00"
2020-02-05,2020020501011332,SMB,28,49,10,986.00,"9,860.00"
2020-02-05,2020020501011323,SMB,28,34,15,993.00,"14,895.00"
2020-02-05,2020020501011059,SMB,28,34,30,919.00,"27,570.00"
2020-02-05,2020020501011072,SMB,28,39,10,921.00,"9,210.00"
2020-02-05,2020020501011071,SMB,28,54,20,920.00,"18,400.00"
2020-02-05,2020020501011070,SMB,28,50,100,920.00,"92,000.00"
2020-02-05,2020020501011069,SMB,28,41,300,920.00,"276,000.00"
2020-02-05,2020020501011068,SMB,28,42,10,920.00,"9,200.00"
2020-02-05,2020020501011060,SMB,28,38,10,919.00,"9,190.00"
2020-02-05,2020020501011115,SMB,28,52,40,939.00,"37,560.00"
2020-02-05,2020020501011114,SMB,28,11,100,939.00,"93,900.00"
2020-02-05,2020020501011113,SMB,28,34,20,939.00,"18,780.00"
2020-02-05,2020020501011075,SMB,28,47,40,931.00,"37,240.00"
2020-02-05,2020020501011074,SMB,28,21,10,930.00,"9,300.00"
2020-02-05,2020020501011073,SMB,28,17,10,921.00,"9,210.00"
2020-02-05,2020020501011240,SMB,28,1,10,993.00,"9,930.00"
2020-02-05,2020020501011209,SMB,28,1,10,986.00,"9,860.00"
2020-02-05,2020020501011160,SMB,28,59,10,967.00,"9,670.00"
2020-02-05,2020020501011117,SMB,28,34,10,949.00,"9,490.00"
2020-02-05,2020020501011116,SMB,28,17,200,949.00,"189,800.00"
2020-02-05,2020020501011386,SMFBS,34,51,10,"1,020.00","10,200.00"
2020-02-05,2020020501011385,SMFBS,34,32,30,"1,020.00","30,600.00"
2020-02-05,2020020501011163,SMFBS,45,25,25,"1,013.00","25,325.00"
2020-02-05,2020020501011208,SPARS,32,34,10,821.00,"8,210.00"
2020-02-05,2020020501011105,SPARS,21,17,10,832.00,"8,320.00"
2020-02-05,2020020501011106,STC,33,1,10,"2,425.00","24,250.00"
2020-02-05,2020020501011249,SWBBL,44,7,38,"1,140.00","43,320.00"
2020-02-05,2020020501011231,SWBBL,44,35,72,"1,140.00","82,080.00"
2020-02-05,2020020501011230,SWBBL,44,50,100,"1,140.00","114,000.00"
2020-02-05,2020020501011229,SWBBL,44,21,100,"1,140.00","114,000.00"
2020-02-05,2020020501011228,SWBBL,44,21,100,"1,139.00","113,900.00"
2020-02-05,2020020501011227,SWBBL,44,14,90,"1,139.00","102,510.00"
2020-02-05,2020020501011141,SWBBL,19,14,10,"1,139.00","11,390.00"
2020-02-05,2020020501011123,SWBBL,19,33,100,"1,140.00","114,000.00"
2020-02-05,2020020501011050,SWBBL,19,22,90,"1,139.00","102,510.00"
2020-02-05,2020020501011127,TMDBL,57,28,349,191.00,"66,659.00"
2020-02-05,2020020501011307,UIC,49,58,91,439.00,"39,949.00"
2020-02-05,2020020501011118,UIC,49,14,159,436.00,"69,324.00"
2020-02-05,2020020501011174,UMHL,22,35,101,108.00,"10,908.00"
2020-02-05,2020020501011213,UPCL,35,42,210,76.00,"15,960.00"
2020-02-05,2020020501011154,UPCL,58,42,"1,000",76.00,"76,000.00"
2020-02-05,2020020501011153,UPCL,48,42,"1,000",76.00,"76,000.00"
2020-02-05,2020020501011152,UPCL,41,42,170,76.00,"12,920.00"
2020-02-05,2020020501011064,UPCL,41,22,50,76.00,"3,800.00"
2020-02-05,2020020501011002,UPCL,41,19,90,76.00,"6,840.00"
2020-02-05,2020020501011322,UPPER,17,22,40,244.00,"9,760.00"
2020-02-05,2020020501011239,UPPER,17,33,50,244.00,"12,200.00"
2020-02-05,2020020501010973,UPPER,17,17,50,244.00,"12,200.00"
2020-02-05,2020020501010951,VLBS,10,34,31,"1,023.00","31,713.00"
2020-02-05,2020020501010950,VLBS,10,33,96,"1,023.00","98,208.00"
2020-02-05,2020020501011197,WOMI,47,16,10,991.00,"9,910.00"
2020-02-05,2020020501010877,ADBL,42,36,368,383.00,"140,944.00"
2020-02-05,2020020501010806,ADBL,11,34,100,384.00,"38,400.00"
2020-02-05,2020020501010653,ADBL,42,58,73,383.00,"27,959.00"
2020-02-05,2020020501010652,ADBL,6,58,420,383.00,"160,860.00"
2020-02-05,2020020501010548,ADBL,28,34,200,384.00,"76,800.00"
2020-02-05,2020020501010547,ADBL,14,34,176,384.00,"67,584.00"
2020-02-05,2020020501010679,AKJCL,56,19,20,57.00,"1,140.00"
2020-02-05,2020020501010933,AKPL,45,40,200,125.00,"25,000.00"
2020-02-05,2020020501010932,AKPL,45,45,100,125.00,"12,500.00"
2020-02-05,2020020501010830,AKPL,52,45,100,125.00,"12,500.00"
2020-02-05,2020020501010787,AKPL,45,17,10,124.00,"1,240.00"
2020-02-05,2020020501010755,AKPL,45,56,12,124.00,"1,488.00"
2020-02-05,2020020501010735,AKPL,19,45,500,125.00,"62,500.00"
2020-02-05,2020020501010661,ALBSL,34,25,100,722.00,"72,200.00"
2020-02-05,2020020501010660,ALBSL,34,34,10,722.00,"7,220.00"
2020-02-05,2020020501010659,ALBSL,34,1,50,722.00,"36,100.00"
2020-02-05,2020020501010598,ALICL,14,33,100,564.00,"56,400.00"
2020-02-05,2020020501010597,ALICL,14,38,158,563.00,"88,954.00"
2020-02-05,2020020501010596,ALICL,14,11,10,563.00,"5,630.00"
2020-02-05,2020020501010858,API,50,56,"1,700",125.00,"212,500.00"
2020-02-05,2020020501010852,API,1,28,699,126.00,"88,074.00"
2020-02-05,2020020501010654,API,1,38,50,126.00,"6,300.00"
2020-02-05,2020020501010508,API,25,26,30,127.00,"3,810.00"
2020-02-05,2020020501010507,API,25,49,18,127.00,"2,286.00"
2020-02-05,2020020501010506,API,25,50,29,127.00,"3,683.00"
2020-02-05,2020020501010505,API,25,49,67,127.00,"8,509.00"
2020-02-05,2020020501010497,API,1,35,40,126.00,"5,040.00"
2020-02-05,2020020501010492,API,1,38,211,126.00,"26,586.00"
2020-02-05,2020020501010910,BOKL,38,38,960,236.00,"226,560.00"
2020-02-05,2020020501010692,BOKL,38,40,40,236.00,"9,440.00"
2020-02-05,2020020501010509,BOKL,1,51,500,237.00,"118,500.00"
2020-02-05,2020020501010833,BPCL,6,35,11,337.00,"3,707.00"
2020-02-05,2020020501010514,BPCL,32,55,55,334.00,"18,370.00"
2020-02-05,2020020501010500,BPCL,38,41,500,338.00,"169,000.00"
2020-02-05,2020020501010784,CBBL,53,49,90,991.00,"89,190.00"
2020-02-05,2020020501010893,CBL,59,40,500,160.00,"80,000.00"
2020-02-05,2020020501010892,CBL,40,40,500,160.00,"80,000.00"
2020-02-05,2020020501010822,CBL,58,42,250,160.00,"40,000.00"
2020-02-05,2020020501010760,CBL,6,44,"2,000",161.00,"322,000.00"
2020-02-05,2020020501010743,CBL,58,38,100,160.00,"16,000.00"
2020-02-05,2020020501010729,CBL,22,58,200,161.00,"32,200.00"
2020-02-05,2020020501010480,CBL,25,51,"1,000",160.00,"160,000.00"
2020-02-05,2020020501010460,CBL,25,51,"1,000",160.00,"160,000.00"
2020-02-05,2020020501010585,CBL,57,44,289,160.00,"46,240.00"
2020-02-05,2020020501010551,CBL,6,58,606,161.00,"97,566.00"
2020-02-05,2020020501010550,CBL,6,1,394,161.00,"63,434.00"
2020-02-05,2020020501010534,CBL,36,58,11,161.00,"1,771.00"
2020-02-05,2020020501010513,CBL,57,36,11,160.00,"1,760.00"
2020-02-05,2020020501010512,CBL,57,53,200,160.00,"32,000.00"
2020-02-05,2020020501010701,CBL,58,56,60,160.00,"9,600.00"
2020-02-05,2020020501010683,CBL,6,58,"1,000",161.00,"161,000.00"
2020-02-05,2020020501010619,CBL,58,42,500,160.00,"80,000.00"
2020-02-05,2020020501010588,CBL,41,58,"1,335",161.00,"214,935.00"
2020-02-05,2020020501010587,CBL,41,44,165,160.00,"26,400.00"
2020-02-05,2020020501010586,CBL,6,44,"1,500",160.00,"240,000.00"
2020-02-05,2020020501010496,CCBL,14,17,200,187.00,"37,400.00"
2020-02-05,2020020501010895,CHCL,6,47,87,440.00,"38,280.00"
2020-02-05,2020020501010835,CHCL,11,47,200,440.00,"88,000.00"
2020-02-05,2020020501010808,CHCL,55,47,450,440.00,"198,000.00"
2020-02-05,2020020501010807,CHCL,55,16,50,440.00,"22,000.00"
2020-02-05,2020020501010662,CHCL,54,47,50,440.00,"22,000.00"
2020-02-05,2020020501010600,CHCL,45,47,20,440.00,"8,800.00"
2020-02-05,2020020501010533,CHCL,22,47,200,440.00,"88,000.00"
2020-02-05,2020020501010532,CHCL,51,47,15,440.00,"6,600.00"
2020-02-05,2020020501010531,CHCL,59,47,500,440.00,"220,000.00"
2020-02-05,2020020501010530,CHCL,32,47,779,440.00,"342,760.00"
2020-02-05,2020020501010453,CHCL,25,47,24,441.00,"10,584.00"
2020-02-05,2020020501010764,CIT,7,59,73,"2,486.00","181,478.00"
2020-02-05,2020020501010722,CIT,19,59,27,"2,486.00","67,122.00"
2020-02-05,2020020501010510,CIT,1,58,62,"2,488.00","154,256.00"
2020-02-05,2020020501010479,CIT,40,58,268,"2,488.00","666,784.00"
2020-02-05,2020020501010478,CIT,40,13,61,"2,488.00","151,768.00"
2020-02-05,2020020501010477,CIT,40,58,121,"2,487.00","300,927.00"
2020-02-05,2020020501010476,CIT,40,34,500,"2,486.00","1,243,000.00"
2020-02-05,2020020501010475,CIT,40,50,50,"2,486.00","124,300.00"
2020-02-05,2020020501010454,CIT,56,59,74,"2,485.00","183,890.00"
2020-02-05,2020020501010905,CMF1,42,43,100,9.70,970.00
2020-02-05,2020020501010537,CZBIL,1,14,300,198.00,"59,400.00"
2020-02-05,2020020501010939,DDBL,55,37,50,833.00,"41,650.00"
2020-02-05,2020020501010796,DDBL,5,37,10,833.00,"8,330.00"
2020-02-05,2020020501010504,DDBL,25,43,80,830.00,"66,400.00"
2020-02-05,2020020501010690,DHPL,38,7,100,54.00,"5,400.00"
2020-02-05,2020020501010689,DHPL,6,7,356,54.00,"19,224.00"
2020-02-05,2020020501010612,EIC,5,28,120,456.00,"54,720.00"
2020-02-05,2020020501010611,EIC,5,41,200,456.00,"91,200.00"
2020-02-05,2020020501010610,EIC,5,45,80,456.00,"36,480.00"
2020-02-05,2020020501010599,EIC,51,45,100,456.00,"45,600.00"
2020-02-05,2020020501010912,FMDBL,43,29,150,461.00,"69,150.00"
2020-02-05,2020020501010911,FMDBL,43,28,50,461.00,"23,050.00"
2020-02-05,2020020501010894,FMDBL,43,28,200,461.00,"92,200.00"
2020-02-05,2020020501010644,FOWAD,19,19,50,"1,414.00","70,700.00"
2020-02-05,2020020501010897,GBBL,48,26,80,248.00,"19,840.00"
2020-02-05,2020020501010524,GBBL,56,49,99,249.00,"24,651.00"
2020-02-05,2020020501010891,GBIME,34,51,100,286.00,"28,600.00"
2020-02-05,2020020501010582,GBIME,1,25,517,285.00,"147,345.00"
2020-02-05,2020020501010581,GBIME,32,25,"1,000",285.00,"285,000.00"
2020-02-05,2020020501010580,GBIME,19,25,100,285.00,"28,500.00"
2020-02-05,2020020501010579,GBIME,26,25,300,285.00,"85,500.00"
2020-02-05,2020020501010578,GBIME,38,25,100,285.00,"28,500.00"
2020-02-05,2020020501010470,GBIME,51,14,"1,772",285.00,"505,020.00"
2020-02-05,2020020501010469,GBIME,8,14,50,285.00,"14,250.00"
2020-02-05,2020020501010468,GBIME,59,14,10,285.00,"2,850.00"
2020-02-05,2020020501010452,GBIME,42,51,220,286.00,"62,920.00"
2020-02-05,2020020501010559,GBIME,38,25,300,285.00,"85,500.00"
2020-02-05,2020020501010558,GBIME,38,25,300,285.00,"85,500.00"
2020-02-05,2020020501010557,GBIME,38,25,100,285.00,"28,500.00"
2020-02-05,2020020501010556,GBIME,34,25,500,285.00,"142,500.00"
2020-02-05,2020020501010555,GBIME,42,25,35,285.00,"9,975.00"
2020-02-05,2020020501010554,GBIME,51,25,"1,228",285.00,"349,980.00"
2020-02-05,2020020501010565,GBIME,6,25,500,285.00,"142,500.00"
