Date,Transact. No.,Symbol,Buyer,Seller,Quantity,Rate,Amount
2020-08-19,2020081901016778,ACLBSL,38,4,10,690.00,"6,900.00"
2020-08-19,2020081901016622,ADBL,45,19,200,409.00,"81,800.00"
2020-08-19,2020081901016565,ADBL,59,38,87,408.00,"35,496.00"
2020-08-19,2020081901016564,ADBL,19,38,20,408.00,"8,160.00"
2020-08-19,2020081901016563,ADBL,14,38,22,408.00,"8,976.00"
2020-08-19,2020081901016562,ADBL,4,38,50,409.00,"20,450.00"
2020-08-19,2020081901016561,ADBL,43,38,21,409.00,"8,589.00"
2020-08-19,2020081901016440,ADBL,43,34,18,409.00,"7,362.00"
2020-08-19,2020081901016510,AHPC,54,34,53,92.00,"4,876.00"
2020-08-19,2020081901016509,AHPC,6,34,50,92.00,"4,600.00"
2020-08-19,2020081901016508,AHPC,6,34,300,92.00,"27,600.00"
2020-08-19,2020081901016507,AHPC,6,34,97,92.00,"8,924.00"
2020-08-19,2020081901016791,AIL,35,3,200,479.00,"95,800.00"
2020-08-19,2020081901016790,AIL,25,3,45,479.00,"21,555.00"
2020-08-19,2020081901016787,AIL,25,29,10,479.00,"4,790.00"
2020-08-19,2020081901016776,AIL,25,17,10,479.00,"4,790.00"
2020-08-19,2020081901016609,AIL,25,58,10,479.00,"4,790.00"
2020-08-19,2020081901016595,AIL,25,25,25,479.00,"11,975.00"
2020-08-19,2020081901016594,AIL,49,25,150,479.00,"71,850.00"
2020-08-19,2020081901016593,AIL,28,25,25,479.00,"11,975.00"
2020-08-19,2020081901016592,AIL,33,25,50,479.00,"23,950.00"
2020-08-19,2020081901016432,AIL,49,52,30,480.00,"14,400.00"
2020-08-19,2020081901016420,AIL,49,52,10,480.00,"4,800.00"
2020-08-19,2020081901016691,AKPL,48,55,30,113.00,"3,390.00"
2020-08-19,2020081901016690,AKPL,48,45,"1,490",113.00,"168,370.00"
2020-08-19,2020081901016572,AKPL,26,45,10,113.00,"1,130.00"
2020-08-19,2020081901016396,AKPL,36,48,221,111.00,"24,531.00"
2020-08-19,2020081901016395,AKPL,36,48,300,111.00,"33,300.00"
2020-08-19,2020081901016394,AKPL,28,48,184,112.00,"20,608.00"
2020-08-19,2020081901016393,AKPL,16,48,685,112.00,"76,720.00"
2020-08-19,2020081901016825,ALBSL,1,5,25,644.00,"16,100.00"
2020-08-19,2020081901016650,ALICL,34,26,10,628.00,"6,280.00"
2020-08-19,2020081901016552,ALICL,36,45,50,626.00,"31,300.00"
2020-08-19,2020081901016475,ALICL,38,45,100,626.00,"62,600.00"
2020-08-19,2020081901016474,ALICL,48,45,200,626.00,"125,200.00"
2020-08-19,2020081901016473,ALICL,57,45,700,626.00,"438,200.00"
2020-08-19,2020081901016454,API,8,57,300,108.00,"32,400.00"
2020-08-19,2020081901016821,BOKL,59,32,90,221.00,"19,890.00"
2020-08-19,2020081901016820,BOKL,52,32,100,221.00,"22,100.00"
2020-08-19,2020081901016819,BOKL,45,32,100,221.00,"22,100.00"
2020-08-19,2020081901016818,BOKL,45,32,10,221.00,"2,210.00"
2020-08-19,2020081901016675,BOKL,45,32,500,221.00,"110,500.00"
2020-08-19,2020081901016639,BOKL,6,50,10,223.00,"2,230.00"
2020-08-19,2020081901016493,BOKL,34,32,100,221.00,"22,100.00"
2020-08-19,2020081901016492,BOKL,52,32,"1,000",221.00,"221,000.00"
2020-08-19,2020081901016491,BOKL,14,32,10,221.00,"2,210.00"
2020-08-19,2020081901016490,BOKL,10,32,50,222.00,"11,100.00"
2020-08-19,2020081901016499,BOKL,45,32,"1,490",221.00,"329,290.00"
2020-08-19,2020081901016498,BOKL,33,32,50,221.00,"11,050.00"
2020-08-19,2020081901016497,BOKL,25,32,"2,000",221.00,"442,000.00"
2020-08-19,2020081901016496,BOKL,10,32,"1,000",221.00,"221,000.00"
2020-08-19,2020081901016495,BOKL,45,32,200,221.00,"44,200.00"
2020-08-19,2020081901016494,BOKL,35,32,100,221.00,"22,100.00"
2020-08-19,2020081901016841,BPCL,49,26,10,358.00,"3,580.00"
2020-08-19,2020081901016413,BPCL,25,34,356,356.00,"126,736.00"
2020-08-19,2020081901016412,BPCL,56,34,63,356.00,"22,428.00"
2020-08-19,2020081901016411,BPCL,33,34,81,357.00,"28,917.00"
2020-08-19,2020081901016862,CBBL,6,52,557,"1,030.00","573,710.00"
2020-08-19,2020081901016861,CBBL,49,52,100,"1,030.00","103,000.00"
2020-08-19,2020081901016860,CBBL,37,52,143,"1,030.00","147,290.00"
2020-08-19,2020081901016789,CBBL,37,35,12,"1,030.00","12,360.00"
2020-08-19,2020081901016421,CBBL,45,36,50,"1,032.00","51,600.00"
2020-08-19,2020081901016511,CBL,33,44,20,143.00,"2,860.00"
2020-08-19,2020081901016704,CCBL,58,45,50,171.00,"8,550.00"
2020-08-19,2020081901016527,CCBL,29,26,708,170.00,"120,360.00"
2020-08-19,2020081901016526,CCBL,52,26,500,170.00,"85,000.00"
2020-08-19,2020081901016525,CCBL,51,26,200,170.00,"34,000.00"
2020-08-19,2020081901016524,CCBL,32,26,112,170.00,"19,040.00"
2020-08-19,2020081901016695,CHCL,41,16,46,384.00,"17,664.00"
2020-08-19,2020081901016694,CHCL,25,16,200,384.00,"76,800.00"
2020-08-19,2020081901016693,CHCL,38,16,254,384.00,"97,536.00"
2020-08-19,2020081901016601,CHCL,42,1,23,385.00,"8,855.00"
2020-08-19,2020081901016600,CHCL,42,11,77,385.00,"29,645.00"
2020-08-19,2020081901016574,CHCL,34,11,50,385.00,"19,250.00"
2020-08-19,2020081901016804,CIT,38,45,10,"2,878.00","28,780.00"
2020-08-19,2020081901016794,CIT,45,37,10,"2,879.00","28,790.00"
2020-08-19,2020081901016770,CIT,42,14,26,"2,875.00","74,750.00"
2020-08-19,2020081901016769,CIT,4,14,74,"2,875.00","212,750.00"
2020-08-19,2020081901016764,CIT,36,45,20,"2,878.00","57,560.00"
2020-08-19,2020081901016733,CIT,4,41,26,"2,875.00","74,750.00"
2020-08-19,2020081901016423,CIT,54,57,50,"2,876.00","143,800.00"
2020-08-19,2020081901016405,CIT,33,57,20,"2,876.00","57,520.00"
2020-08-19,2020081901016400,CIT,34,13,22,"2,876.00","63,272.00"
2020-08-19,2020081901016399,CIT,55,13,20,"2,877.00","57,540.00"
2020-08-19,2020081901016398,CIT,45,13,10,"2,877.00","28,770.00"
2020-08-19,2020081901016619,CIT,36,45,80,"2,878.00","230,240.00"
2020-08-19,2020081901016607,CIT,36,33,10,"2,878.00","28,780.00"
2020-08-19,2020081901016605,CIT,26,37,10,"2,879.00","28,790.00"
2020-08-19,2020081901016604,CIT,26,49,20,"2,879.00","57,580.00"
2020-08-19,2020081901016591,CIT,36,17,10,"2,878.00","28,780.00"
2020-08-19,2020081901016532,CIT,54,45,144,"2,876.00","414,144.00"
2020-08-19,2020081901016834,CLBSL,32,45,25,643.00,"16,075.00"
2020-08-19,2020081901016833,CLBSL,21,45,10,644.00,"6,440.00"
2020-08-19,2020081901016655,CLBSL,45,45,30,645.00,"19,350.00"
2020-08-19,2020081901016486,CLBSL,45,52,200,645.00,"129,000.00"
2020-08-19,2020081901016844,CZBIL,51,34,50,191.00,"9,550.00"
2020-08-19,2020081901016723,CZBIL,59,6,960,190.00,"182,400.00"
2020-08-19,2020081901016625,CZBIL,59,6,"1,000",190.00,"190,000.00"
2020-08-19,2020081901016483,DDBL,50,32,60,814.00,"48,840.00"
2020-08-19,2020081901016482,DDBL,42,32,100,815.00,"81,500.00"
2020-08-19,2020081901016481,DDBL,49,32,50,815.00,"40,750.00"
2020-08-19,2020081901016480,DDBL,48,32,10,815.00,"8,150.00"
2020-08-19,2020081901016725,EBL,10,39,147,709.00,"104,223.00"
2020-08-19,2020081901016626,EBL,26,22,13,710.00,"9,230.00"
2020-08-19,2020081901016384,EBL,34,49,10,710.00,"7,100.00"
2020-08-19,2020081901016785,EIC,40,56,20,429.00,"8,580.00"
2020-08-19,2020081901016784,EIC,39,56,30,430.00,"12,900.00"
2020-08-19,2020081901016783,EIC,34,56,100,430.00,"43,000.00"
2020-08-19,2020081901016692,EIC,32,38,100,430.00,"43,000.00"
2020-08-19,2020081901016822,FMDBL,17,57,50,517.00,"25,850.00"
2020-08-19,2020081901016798,FMDBL,26,41,35,515.00,"18,025.00"
2020-08-19,2020081901016816,GBIME,25,45,100,251.00,"25,100.00"
2020-08-19,2020081901016815,GBIME,17,45,700,251.00,"175,700.00"
2020-08-19,2020081901016645,GBIME,17,41,300,251.00,"75,300.00"
2020-08-19,2020081901016603,GBIME,42,41,200,251.00,"50,200.00"
2020-08-19,2020081901016488,GBIME,38,34,14,250.00,"3,500.00"
2020-08-19,2020081901016478,GBIME,59,44,10,252.00,"2,520.00"
2020-08-19,2020081901016386,GBIME,10,59,20,251.00,"5,020.00"
2020-08-19,2020081901016378,GBIME,10,40,22,251.00,"5,522.00"
2020-08-19,2020081901016812,GBLBS,1,34,230,460.00,"105,800.00"
2020-08-19,2020081901016811,GBLBS,14,34,10,460.00,"4,600.00"
2020-08-19,2020081901016810,GBLBS,1,34,410,460.00,"188,600.00"
2020-08-19,2020081901016809,GBLBS,29,34,50,461.00,"23,050.00"
2020-08-19,2020081901016391,GBLBS,52,44,300,463.00,"138,900.00"
2020-08-19,2020081901016703,GGBSL,38,45,10,792.00,"7,920.00"
2020-08-19,2020081901016702,GGBSL,38,51,20,784.00,"15,680.00"
2020-08-19,2020081901016614,GGBSL,38,6,10,784.00,"7,840.00"
2020-08-19,2020081901016617,GILB,21,42,10,"1,149.00","11,490.00"
2020-08-19,2020081901016827,GLICL,25,58,30,465.00,"13,950.00"
2020-08-19,2020081901016649,GLICL,28,54,32,461.00,"14,752.00"
2020-08-19,2020081901016648,GLICL,40,54,28,462.00,"12,936.00"
2020-08-19,2020081901016728,GMFBS,28,1,10,755.00,"7,550.00"
2020-08-19,2020081901016727,GMFBS,28,1,10,755.00,"7,550.00"
2020-08-19,2020081901016826,HBL,55,45,15,539.00,"8,085.00"
2020-08-19,2020081901016637,HBL,55,45,35,539.00,"18,865.00"
2020-08-19,2020081901016636,HBL,6,45,87,539.00,"46,893.00"
2020-08-19,2020081901016635,HBL,8,45,100,539.00,"53,900.00"
2020-08-19,2020081901016634,HBL,50,45,50,539.00,"26,950.00"
2020-08-19,2020081901016857,HDL,42,14,135,"1,637.00","220,995.00"
2020-08-19,2020081901016856,HDL,45,14,25,"1,637.00","40,925.00"
2020-08-19,2020081901016855,HDL,57,14,100,"1,639.00","163,900.00"
2020-08-19,2020081901016854,HDL,32,14,100,"1,640.00","164,000.00"
2020-08-19,2020081901016853,HDL,32,14,50,"1,640.00","82,000.00"
2020-08-19,2020081901016852,HDL,26,14,50,"1,640.00","82,000.00"
2020-08-19,2020081901016431,HDL,54,1,50,"1,641.00","82,050.00"
2020-08-19,2020081901016851,HDL,48,14,20,"1,640.00","32,800.00"
2020-08-19,2020081901016850,HDL,26,14,10,"1,640.00","16,400.00"
2020-08-19,2020081901016849,HDL,38,14,10,"1,640.00","16,400.00"
2020-08-19,2020081901016760,HDL,21,6,10,"1,641.00","16,410.00"
2020-08-19,2020081901016759,HDL,38,6,120,"1,640.00","196,800.00"
2020-08-19,2020081901016434,HDL,54,6,30,"1,641.00","49,230.00"
2020-08-19,2020081901016832,HGI,22,34,10,417.00,"4,170.00"
2020-08-19,2020081901016807,HGI,26,40,50,413.00,"20,650.00"
2020-08-19,2020081901016806,HGI,59,40,50,413.00,"20,650.00"
2020-08-19,2020081901016771,HGI,45,34,10,417.00,"4,170.00"
2020-08-19,2020081901016699,HGI,22,34,10,417.00,"4,170.00"
2020-08-19,2020081901016808,ILBS,42,51,80,722.00,"57,760.00"
2020-08-19,2020081901016661,ILBS,45,51,49,722.00,"35,378.00"
2020-08-19,2020081901016596,ILBS,1,51,11,722.00,"7,942.00"
2020-08-19,2020081901016439,ILBS,13,51,20,721.00,"14,420.00"
2020-08-19,2020081901016438,ILBS,8,51,189,721.00,"136,269.00"
2020-08-19,2020081901016437,ILBS,42,51,91,722.00,"65,702.00"
2020-08-19,2020081901016584,JOSHI,52,55,20,62.00,"1,240.00"
2020-08-19,2020081901016457,JOSHI,52,55,20,61.00,"1,220.00"
2020-08-19,2020081901016718,KBL,38,14,393,182.00,"71,526.00"
2020-08-19,2020081901016717,KBL,41,14,100,182.00,"18,200.00"
2020-08-19,2020081901016716,KBL,57,14,10,182.00,"1,820.00"
2020-08-19,2020081901016715,KBL,25,14,100,182.00,"18,200.00"
2020-08-19,2020081901016714,KBL,40,14,100,182.00,"18,200.00"
2020-08-19,2020081901016713,KBL,57,14,10,182.00,"1,820.00"
2020-08-19,2020081901016530,KBL,35,39,265,182.00,"48,230.00"
2020-08-19,2020081901016712,KBL,35,14,349,182.00,"63,518.00"
2020-08-19,2020081901016711,KBL,56,14,300,183.00,"54,900.00"
2020-08-19,2020081901016621,KBL,35,41,220,182.00,"40,040.00"
2020-08-19,2020081901016679,KMCDB,52,39,10,729.00,"7,290.00"
2020-08-19,2020081901016678,KMCDB,52,53,10,725.00,"7,250.00"
2020-08-19,2020081901016797,KPCL,25,43,10,107.00,"1,070.00"
2020-08-19,2020081901016796,KPCL,25,49,10,106.00,"1,060.00"
2020-08-19,2020081901016795,KPCL,25,41,10,106.00,"1,060.00"
2020-08-19,2020081901016529,LBL,28,39,281,224.00,"62,944.00"
2020-08-19,2020081901016528,LBL,28,39,317,224.00,"71,008.00"
2020-08-19,2020081901016456,LBL,10,40,50,225.00,"11,250.00"
2020-08-19,2020081901016435,LBL,25,40,60,225.00,"13,500.00"
2020-08-19,2020081901016708,LGIL,6,29,50,460.00,"23,000.00"
2020-08-19,2020081901016707,LGIL,44,29,50,460.00,"23,000.00"
2020-08-19,2020081901016660,LICN,58,22,"1,740","1,445.00","2,514,300.00"
2020-08-19,2020081901016582,LLBS,58,47,40,"1,085.00","43,400.00"
2020-08-19,2020081901016581,LLBS,50,47,50,"1,085.00","54,250.00"
2020-08-19,2020081901016580,LLBS,25,47,10,"1,086.00","10,860.00"
2020-08-19,2020081901016676,MBL,38,14,200,224.00,"44,800.00"
2020-08-19,2020081901016672,MBL,49,39,84,222.00,"18,648.00"
2020-08-19,2020081901016671,MBL,47,39,200,222.00,"44,400.00"
2020-08-19,2020081901016670,MBL,59,39,100,223.00,"22,300.00"
2020-08-19,2020081901016512,MBL,38,14,10,224.00,"2,240.00"
2020-08-19,2020081901016430,MBL,33,14,20,224.00,"4,480.00"
2020-08-19,2020081901016545,MEGA,57,50,50,216.00,"10,800.00"
2020-08-19,2020081901016544,MEGA,57,58,20,216.00,"4,320.00"
2020-08-19,2020081901016514,MERO,32,32,63,624.00,"39,312.00"
2020-08-19,2020081901016513,MERO,32,49,39,624.00,"24,336.00"
2020-08-19,2020081901016403,MERO,32,44,50,622.00,"31,100.00"
2020-08-19,2020081901016567,MFIL,55,39,800,267.00,"213,600.00"
2020-08-19,2020081901016566,MFIL,19,39,200,267.00,"53,400.00"
2020-08-19,2020081901016522,MLBL,28,17,104,185.00,"19,240.00"
2020-08-19,2020081901016521,MLBL,28,33,100,184.00,"18,400.00"
2020-08-19,2020081901016706,MMFDB,33,55,100,893.00,"89,300.00"
2020-08-19,2020081901016788,MNBBL,41,33,10,318.00,"3,180.00"
2020-08-19,2020081901016786,MNBBL,6,35,100,317.00,"31,700.00"
2020-08-19,2020081901016768,MNBBL,14,33,366,318.00,"116,388.00"
2020-08-19,2020081901016767,MNBBL,14,29,134,318.00,"42,612.00"
2020-08-19,2020081901016479,MPFL,34,1,10,108.00,"1,080.00"
2020-08-19,2020081901016793,MSMBS,46,22,11,672.00,"7,392.00"
2020-08-19,2020081901016410,NABIL,46,17,35,822.00,"28,770.00"
2020-08-19,2020081901016409,NABIL,46,49,25,821.00,"20,525.00"
2020-08-19,2020081901016408,NABIL,46,41,10,821.00,"8,210.00"
2020-08-19,2020081901016407,NABIL,46,25,30,821.00,"24,630.00"
2020-08-19,2020081901016381,NABIL,7,41,70,820.00,"57,400.00"
2020-08-19,2020081901016842,NBB,13,42,10,193.00,"1,930.00"
2020-08-19,2020081901016824,NBB,47,33,100,193.00,"19,300.00"
2020-08-19,2020081901016823,NBB,45,33,100,193.00,"19,300.00"
2020-08-19,2020081901016643,NBB,34,49,100,194.00,"19,400.00"
2020-08-19,2020081901016843,NBL,33,49,100,279.00,"27,900.00"
2020-08-19,2020081901016805,NBL,41,49,100,279.00,"27,900.00"
2020-08-19,2020081901016610,NBL,28,41,100,278.00,"27,800.00"
2020-08-19,2020081901016589,NBL,17,49,50,279.00,"13,950.00"
2020-08-19,2020081901016539,NBL,28,10,267,278.00,"74,226.00"
2020-08-19,2020081901016538,NBL,41,10,100,278.00,"27,800.00"
2020-08-19,2020081901016537,NBL,44,10,633,278.00,"175,974.00"
2020-08-19,2020081901016505,NBL,45,49,151,279.00,"42,129.00"
2020-08-19,2020081901016504,NBL,45,36,349,279.00,"97,371.00"
2020-08-19,2020081901016468,NBL,33,36,20,279.00,"5,580.00"
2020-08-19,2020081901016866,NCCB,58,38,19,190.00,"3,610.00"
2020-08-19,2020081901016865,NCCB,58,36,"1,000",189.00,"189,000.00"
2020-08-19,2020081901016864,NCCB,58,41,40,189.00,"7,560.00"
2020-08-19,2020081901016863,NCCB,58,36,251,189.00,"47,439.00"
2020-08-19,2020081901016485,NFS,45,49,100,160.00,"16,000.00"
2020-08-19,2020081901016417,NGPL,10,58,11,117.00,"1,287.00"
2020-08-19,2020081901016536,NIB,16,58,103,416.00,"42,848.00"
2020-08-19,2020081901016535,NIB,6,58,18,416.00,"7,488.00"
2020-08-19,2020081901016502,NIB,6,41,182,416.00,"75,712.00"
2020-08-19,2020081901016501,NIB,44,41,12,416.00,"4,992.00"
2020-08-19,2020081901016803,NICA,46,59,100,554.00,"55,400.00"
2020-08-19,2020081901016677,NICA,44,59,50,555.00,"27,750.00"
2020-08-19,2020081901016668,NICA,59,59,150,555.00,"83,250.00"
2020-08-19,2020081901016598,NICA,59,37,50,555.00,"27,750.00"
2020-08-19,2020081901016597,NICA,45,37,50,555.00,"27,750.00"
2020-08-19,2020081901016455,NICA,45,45,50,555.00,"27,750.00"
2020-08-19,2020081901016380,NICA,1,45,50,556.00,"27,800.00"
2020-08-19,2020081901016379,NICA,1,49,49,556.00,"27,244.00"
2020-08-19,2020081901016813,NICL,38,52,10,467.00,"4,670.00"
2020-08-19,2020081901016558,NICL,48,28,"1,000",465.00,"465,000.00"
2020-08-19,2020081901016549,NICL,48,28,76,462.00,"35,112.00"
2020-08-19,2020081901016546,NICL,48,49,800,462.00,"369,600.00"
2020-08-19,2020081901016557,NICL,48,57,100,465.00,"46,500.00"
2020-08-19,2020081901016556,NICL,48,49,500,464.00,"232,000.00"
2020-08-19,2020081901016555,NICL,48,22,176,464.00,"81,664.00"
2020-08-19,2020081901016554,NICL,48,28,800,463.00,"370,400.00"
2020-08-19,2020081901016553,NICL,48,28,924,461.00,"425,964.00"
2020-08-19,2020081901016550,NICL,6,28,"2,000",461.00,"922,000.00"
2020-08-19,2020081901016752,NIL,4,39,10,665.00,"6,650.00"
2020-08-19,2020081901016751,NIL,4,39,50,665.00,"33,250.00"
2020-08-19,2020081901016750,NIL,4,34,500,665.00,"332,500.00"
2020-08-19,2020081901016749,NIL,4,39,50,665.00,"33,250.00"
2020-08-19,2020081901016748,NIL,4,39,10,665.00,"6,650.00"
2020-08-19,2020081901016747,NIL,4,16,300,664.00,"199,200.00"
2020-08-19,2020081901016387,NIL,55,56,46,663.00,"30,498.00"
2020-08-19,2020081901016746,NIL,4,41,200,664.00,"132,800.00"
2020-08-19,2020081901016745,NIL,4,54,50,664.00,"33,200.00"
2020-08-19,2020081901016705,NIL,16,54,150,664.00,"99,600.00"
2020-08-19,2020081901016599,NIL,55,21,150,663.00,"99,450.00"
2020-08-19,2020081901016520,NIL,55,57,75,663.00,"49,725.00"
2020-08-19,2020081901016471,NIL,55,41,300,663.00,"198,900.00"
2020-08-19,2020081901016831,NLBBL,5,43,60,671.00,"40,260.00"
2020-08-19,2020081901016777,NLIC,44,42,50,"1,338.00","66,900.00"
2020-08-19,2020081901016726,NLIC,44,17,22,"1,338.00","29,436.00"
2020-08-19,2020081901016698,NLIC,44,45,100,"1,338.00","133,800.00"
2020-08-19,2020081901016697,NLIC,44,33,100,"1,338.00","133,800.00"
2020-08-19,2020081901016696,NLIC,44,58,250,"1,338.00","334,500.00"
2020-08-19,2020081901016578,NLIC,6,34,232,"1,337.00","310,184.00"
2020-08-19,2020081901016577,NLIC,35,58,55,"1,336.00","73,480.00"
2020-08-19,2020081901016576,NLIC,44,58,31,"1,336.00","41,416.00"
2020-08-19,2020081901016573,NLIC,57,34,100,"1,337.00","133,700.00"
2020-08-19,2020081901016570,NLIC,44,11,24,"1,336.00","32,064.00"
2020-08-19,2020081901016477,NLIC,26,34,20,"1,337.00","26,740.00"
2020-08-19,2020081901016377,NLIC,44,56,175,"1,336.00","233,800.00"
2020-08-19,2020081901016830,NLICL,48,49,53,669.00,"35,457.00"
2020-08-19,2020081901016829,NLICL,48,34,102,668.00,"68,136.00"
2020-08-19,2020081901016828,NLICL,48,22,445,661.00,"294,145.00"
2020-08-19,2020081901016674,NLICL,22,11,40,660.00,"26,400.00"
2020-08-19,2020081901016659,NLICL,22,35,55,660.00,"36,300.00"
2020-08-19,2020081901016658,NLICL,41,35,25,660.00,"16,500.00"
2020-08-19,2020081901016657,NLICL,16,35,100,660.00,"66,000.00"
2020-08-19,2020081901016656,NLICL,22,35,20,660.00,"13,200.00"
2020-08-19,2020081901016710,NMB,16,58,36,409.00,"14,724.00"
2020-08-19,2020081901016709,NMB,53,58,"1,164",409.00,"476,076.00"
2020-08-19,2020081901016541,NMB,53,51,200,409.00,"81,800.00"
2020-08-19,2020081901016506,NMB,6,29,20,410.00,"8,200.00"
2020-08-19,2020081901016489,NMB,36,29,400,410.00,"164,000.00"
2020-08-19,2020081901016425,NMB,53,11,136,409.00,"55,624.00"
2020-08-19,2020081901016424,NMB,46,11,64,409.00,"26,176.00"
2020-08-19,2020081901016618,NMB50,49,51,"1,000",9.23,"9,230.00"
2020-08-19,2020081901016682,NMBHF1,7,21,832,10.00,"8,320.00"
2020-08-19,2020081901016681,NMBHF1,7,34,"28,315",10.00,"283,150.00"
2020-08-19,2020081901016500,NMBMF,40,48,42,713.00,"29,946.00"
2020-08-19,2020081901016466,NMFBS,57,45,10,"1,505.00","15,050.00"
2020-08-19,2020081901016875,NRIC,36,3,"1,000",579.00,"579,000.00"
2020-08-19,2020081901016874,NRIC,34,3,200,579.00,"115,800.00"
2020-08-19,2020081901016873,NRIC,34,3,10,579.00,"5,790.00"
2020-08-19,2020081901016872,NRIC,56,3,200,579.00,"115,800.00"
2020-08-19,2020081901016871,NRIC,6,3,250,579.00,"144,750.00"
2020-08-19,2020081901016870,NRIC,54,3,200,579.00,"115,800.00"
2020-08-19,2020081901016441,NRIC,52,25,330,580.00,"191,400.00"
2020-08-19,2020081901016429,NRIC,32,25,50,580.00,"29,000.00"
2020-08-19,2020081901016428,NRIC,32,35,50,580.00,"29,000.00"
2020-08-19,2020081901016427,NRIC,32,55,200,580.00,"116,000.00"
2020-08-19,2020081901016426,NRIC,32,25,80,580.00,"46,400.00"
2020-08-19,2020081901016638,NRIC,11,58,100,580.00,"58,000.00"
2020-08-19,2020081901016627,NRIC,56,58,10,580.00,"5,800.00"
2020-08-19,2020081901016588,NRIC,45,58,90,580.00,"52,200.00"
2020-08-19,2020081901016470,NRIC,32,58,180,580.00,"104,400.00"
2020-08-19,2020081901016469,NRIC,32,25,320,580.00,"185,600.00"
2020-08-19,2020081901016453,NRIC,33,17,50,579.00,"28,950.00"
2020-08-19,2020081901016869,NRIC,48,3,100,579.00,"57,900.00"
2020-08-19,2020081901016868,NRIC,13,3,200,579.00,"115,800.00"
2020-08-19,2020081901016867,NRIC,33,3,560,579.00,"324,240.00"
2020-08-19,2020081901016719,NRIC,33,45,100,579.00,"57,900.00"
2020-08-19,2020081901016700,NRIC,33,34,200,579.00,"115,800.00"
2020-08-19,2020081901016680,NRIC,33,17,50,579.00,"28,950.00"
2020-08-19,2020081901016654,OHL,57,45,50,335.00,"16,750.00"
2020-08-19,2020081901016653,OHL,22,45,300,335.00,"100,500.00"
2020-08-19,2020081901016652,OHL,7,45,200,335.00,"67,000.00"
2020-08-19,2020081901016651,OHL,6,45,250,336.00,"84,000.00"
2020-08-19,2020081901016859,PCBL,6,39,395,272.00,"107,440.00"
2020-08-19,2020081901016858,PCBL,6,52,105,272.00,"28,560.00"
2020-08-19,2020081901016763,PIC,20,56,21,652.00,"13,692.00"
2020-08-19,2020081901016762,PIC,41,56,79,652.00,"51,508.00"
2020-08-19,2020081901016722,PIC,28,58,808,655.00,"529,240.00"
2020-08-19,2020081901016721,PIC,28,58,435,654.00,"284,490.00"
2020-08-19,2020081901016720,PIC,28,36,232,652.00,"151,264.00"
2020-08-19,2020081901016840,PLIC,8,34,90,536.00,"48,240.00"
2020-08-19,2020081901016839,PLIC,45,34,100,536.00,"53,600.00"
2020-08-19,2020081901016838,PLIC,45,34,100,537.00,"53,700.00"
2020-08-19,2020081901016837,PLIC,37,34,200,538.00,"107,600.00"
2020-08-19,2020081901016836,PLIC,34,34,10,539.00,"5,390.00"
2020-08-19,2020081901016416,PPCL,32,1,20,114.00,"2,280.00"
2020-08-19,2020081901016817,PRIN,57,41,137,513.00,"70,281.00"
2020-08-19,2020081901016669,PRIN,13,36,50,514.00,"25,700.00"
2020-08-19,2020081901016517,PRIN,6,32,17,516.00,"8,772.00"
2020-08-19,2020081901016516,PRIN,6,55,200,516.00,"103,200.00"
2020-08-19,2020081901016515,PRIN,6,17,107,516.00,"55,212.00"
2020-08-19,2020081901016448,PRIN,6,54,200,515.00,"103,000.00"
2020-08-19,2020081901016608,PROFL,45,35,381,107.00,"40,767.00"
2020-08-19,2020081901016738,PRVU,38,51,608,222.00,"134,976.00"
2020-08-19,2020081901016737,PRVU,11,51,300,222.00,"66,600.00"
2020-08-19,2020081901016736,PRVU,42,51,15,222.00,"3,330.00"
2020-08-19,2020081901016735,PRVU,33,51,50,222.00,"11,100.00"
2020-08-19,2020081901016734,PRVU,56,51,27,222.00,"5,994.00"
2020-08-19,2020081901016444,PRVU,47,49,200,222.00,"44,400.00"
2020-08-19,2020081901016443,PRVU,25,49,"1,527",222.00,"338,994.00"
2020-08-19,2020081901016447,PRVU,56,49,473,222.00,"105,006.00"
2020-08-19,2020081901016446,PRVU,16,49,200,222.00,"44,400.00"
2020-08-19,2020081901016445,PRVU,59,49,100,222.00,"22,200.00"
2020-08-19,2020081901016551,RADHI,38,36,10,179.00,"1,790.00"
2020-08-19,2020081901016533,RHPL,57,17,10,146.00,"1,460.00"
2020-08-19,2020081901016782,RMDC,6,49,77,745.00,"57,365.00"
2020-08-19,2020081901016781,RMDC,22,49,23,745.00,"17,135.00"
2020-08-19,2020081901016641,RSDC,32,16,35,489.00,"17,115.00"
2020-08-19,2020081901016640,RSDC,41,16,15,489.00,"7,335.00"
2020-08-19,2020081901016414,RSDC,41,6,18,489.00,"8,802.00"
2020-08-19,2020081901016385,RSDC,41,50,50,489.00,"24,450.00"
2020-08-19,2020081901016802,SABSL,16,29,40,721.00,"28,840.00"
2020-08-19,2020081901016644,SABSL,22,29,10,721.00,"7,210.00"
2020-08-19,2020081901016571,SABSL,49,44,11,725.00,"7,975.00"
2020-08-19,2020081901016689,SANIMA,36,39,153,331.00,"50,643.00"
2020-08-19,2020081901016688,SANIMA,52,39,100,331.00,"33,100.00"
2020-08-19,2020081901016687,SANIMA,57,39,100,331.00,"33,100.00"
2020-08-19,2020081901016686,SANIMA,45,39,30,331.00,"9,930.00"
2020-08-19,2020081901016543,SANIMA,4,58,60,332.00,"19,920.00"
2020-08-19,2020081901016390,SANIMA,34,58,100,332.00,"33,200.00"
2020-08-19,2020081901016683,SBI,34,33,20,407.00,"8,140.00"
2020-08-19,2020081901016662,SBI,36,33,300,407.00,"122,100.00"
2020-08-19,2020081901016761,SBL,6,25,75,293.00,"21,975.00"
2020-08-19,2020081901016744,SBL,8,39,"2,937",292.00,"857,604.00"
2020-08-19,2020081901016743,SBL,14,39,200,292.00,"58,400.00"
2020-08-19,2020081901016742,SBL,14,39,10,292.00,"2,920.00"
2020-08-19,2020081901016741,SBL,3,39,500,292.00,"146,000.00"
2020-08-19,2020081901016740,SBL,33,39,50,292.00,"14,600.00"
2020-08-19,2020081901016739,SBL,10,39,353,292.00,"103,076.00"
2020-08-19,2020081901016732,SBL,3,25,75,293.00,"21,975.00"
2020-08-19,2020081901016731,SBL,3,39,50,293.00,"14,650.00"
2020-08-19,2020081901016730,SBL,3,33,175,293.00,"51,275.00"
2020-08-19,2020081901016583,SBL,45,33,100,293.00,"29,300.00"
2020-08-19,2020081901016472,SBL,34,33,175,293.00,"51,275.00"
2020-08-19,2020081901016847,SCB,6,58,200,635.00,"127,000.00"
2020-08-19,2020081901016846,SCB,49,58,100,636.00,"63,600.00"
2020-08-19,2020081901016845,SCB,14,58,200,637.00,"127,400.00"
2020-08-19,2020081901016766,SCB,34,3,10,639.00,"6,390.00"
2020-08-19,2020081901016765,SCB,34,17,20,638.00,"12,760.00"
2020-08-19,2020081901016587,SCB,6,39,100,635.00,"63,500.00"
2020-08-19,2020081901016792,SDLBSL,45,18,10,871.00,"8,710.00"
2020-08-19,2020081901016772,SDLBSL,50,44,10,871.00,"8,710.00"
2020-08-19,2020081901016701,SDLBSL,45,34,10,871.00,"8,710.00"
2020-08-19,2020081901016673,SDLBSL,50,10,10,870.00,"8,700.00"
2020-08-19,2020081901016664,SDLBSL,50,58,10,870.00,"8,700.00"
2020-08-19,2020081901016663,SDLBSL,50,44,10,870.00,"8,700.00"
2020-08-19,2020081901016418,SDLBSL,45,29,10,871.00,"8,710.00"
2020-08-19,2020081901016415,SDLBSL,34,39,10,870.00,"8,700.00"
2020-08-19,2020081901016402,SDLBSL,55,34,10,871.00,"8,710.00"
2020-08-19,2020081901016401,SDLBSL,55,10,10,871.00,"8,710.00"
2020-08-19,2020081901016388,SDLBSL,34,10,10,870.00,"8,700.00"
2020-08-19,2020081901016382,SDLBSL,34,48,10,870.00,"8,700.00"
2020-08-19,2020081901016476,SDLBSL,25,58,10,887.00,"8,870.00"
2020-08-19,2020081901016467,SDLBSL,7,48,10,871.00,"8,710.00"
2020-08-19,2020081901016436,SDLBSL,49,6,10,871.00,"8,710.00"
2020-08-19,2020081901016433,SDLBSL,34,51,10,870.00,"8,700.00"
2020-08-19,2020081901016422,SDLBSL,34,48,10,870.00,"8,700.00"
2020-08-19,2020081901016419,SDLBSL,45,34,10,871.00,"8,710.00"
2020-08-19,2020081901016542,SDLBSL,29,18,10,872.00,"8,720.00"
2020-08-19,2020081901016540,SDLBSL,29,10,10,872.00,"8,720.00"
2020-08-19,2020081901016534,SDLBSL,29,34,10,871.00,"8,710.00"
2020-08-19,2020081901016531,SDLBSL,34,48,10,870.00,"8,700.00"
2020-08-19,2020081901016503,SDLBSL,34,40,10,870.00,"8,700.00"
2020-08-19,2020081901016487,SDLBSL,7,47,10,871.00,"8,710.00"
2020-08-19,2020081901016647,SDLBSL,34,41,10,870.00,"8,700.00"
2020-08-19,2020081901016623,SDLBSL,34,18,10,870.00,"8,700.00"
2020-08-19,2020081901016620,SDLBSL,34,56,10,870.00,"8,700.00"
2020-08-19,2020081901016585,SDLBSL,58,41,10,871.00,"8,710.00"
2020-08-19,2020081901016579,SDLBSL,29,47,10,872.00,"8,720.00"
2020-08-19,2020081901016575,SDLBSL,29,44,10,872.00,"8,720.00"
2020-08-19,2020081901016801,SHIVM,42,57,20,582.00,"11,640.00"
2020-08-19,2020081901016800,SHIVM,11,57,50,583.00,"29,150.00"
2020-08-19,2020081901016799,SHIVM,44,57,15,585.00,"8,775.00"
2020-08-19,2020081901016780,SHIVM,44,14,85,585.00,"49,725.00"
2020-08-19,2020081901016775,SHIVM,44,36,200,585.00,"117,000.00"
2020-08-19,2020081901016774,SHIVM,44,28,100,585.00,"58,500.00"
2020-08-19,2020081901016773,SHIVM,44,10,100,584.00,"58,400.00"
2020-08-19,2020081901016758,SHIVM,52,34,60,581.00,"34,860.00"
2020-08-19,2020081901016757,SHIVM,10,34,10,582.00,"5,820.00"
2020-08-19,2020081901016756,SHIVM,47,34,100,582.00,"58,200.00"
2020-08-19,2020081901016755,SHIVM,52,34,30,582.00,"17,460.00"
2020-08-19,2020081901016406,SHL,33,51,375,157.00,"58,875.00"
2020-08-19,2020081901016404,SHL,33,39,100,157.00,"15,700.00"
2020-08-19,2020081901016754,SICL,16,49,25,"1,225.00","30,625.00"
2020-08-19,2020081901016753,SICL,5,49,100,"1,225.00","122,500.00"
2020-08-19,2020081901016724,SICL,5,45,100,"1,225.00","122,500.00"
2020-08-19,2020081901016548,SICL,52,7,30,"1,227.00","36,810.00"
2020-08-19,2020081901016547,SICL,44,7,140,"1,227.00","171,780.00"
2020-08-19,2020081901016376,SICL,44,49,255,"1,228.00","313,140.00"
2020-08-19,2020081901016519,SICL,44,57,60,"1,227.00","73,620.00"
2020-08-19,2020081901016518,SICL,6,57,40,"1,227.00","49,080.00"
2020-08-19,2020081901016633,SIL,44,49,370,626.00,"231,620.00"
2020-08-19,2020081901016632,SIL,47,49,300,626.00,"187,800.00"
2020-08-19,2020081901016631,SIL,5,49,65,626.00,"40,690.00"
2020-08-19,2020081901016630,SIL,42,49,100,627.00,"62,700.00"
2020-08-19,2020081901016629,SIL,49,49,100,627.00,"62,700.00"
2020-08-19,2020081901016628,SIL,5,49,65,627.00,"40,755.00"
2020-08-19,2020081901016616,SIL,5,33,35,627.00,"21,945.00"
2020-08-19,2020081901016615,SIL,45,33,50,627.00,"31,350.00"
2020-08-19,2020081901016646,SJCL,19,38,10,133.00,"1,330.00"
2020-08-19,2020081901016729,SLBBL,45,29,20,794.00,"15,880.00"
2020-08-19,2020081901016685,SLBSL,1,33,30,765.00,"22,950.00"
2020-08-19,2020081901016684,SLBSL,47,33,20,765.00,"15,300.00"
2020-08-19,2020081901016835,SLICL,44,45,10,450.00,"4,500.00"
2020-08-19,2020081901016383,SLICL,36,47,80,448.00,"35,840.00"
2020-08-19,2020081901016602,SPARS,50,57,61,850.00,"51,850.00"
2020-08-19,2020081901016464,SPARS,50,57,39,850.00,"33,150.00"
2020-08-19,2020081901016463,SPARS,50,6,120,850.00,"102,000.00"
2020-08-19,2020081901016462,SPARS,50,50,90,849.00,"76,410.00"
2020-08-19,2020081901016461,SPARS,50,6,50,848.00,"42,400.00"
2020-08-19,2020081901016460,SPARS,50,22,100,845.00,"84,500.00"
2020-08-19,2020081901016459,SPARS,50,42,11,845.00,"9,295.00"
2020-08-19,2020081901016458,SPARS,50,25,40,844.00,"33,760.00"
2020-08-19,2020081901016642,SPDL,13,49,10,106.00,"1,060.00"
2020-08-19,2020081901016624,SPDL,34,45,10,106.00,"1,060.00"
2020-08-19,2020081901016613,SRBL,53,39,92,223.00,"20,516.00"
2020-08-19,2020081901016612,SRBL,38,39,100,223.00,"22,300.00"
2020-08-19,2020081901016611,SRBL,8,39,219,223.00,"48,837.00"
2020-08-19,2020081901016569,SWBBL,50,43,30,"1,175.00","35,250.00"
2020-08-19,2020081901016568,SWBBL,33,43,63,"1,175.00","74,025.00"
2020-08-19,2020081901016560,TMDBL,6,57,300,165.00,"49,500.00"
2020-08-19,2020081901016559,TMDBL,6,4,100,165.00,"16,500.00"
2020-08-19,2020081901016452,TMDBL,28,14,"1,053",164.00,"172,692.00"
2020-08-19,2020081901016451,TMDBL,29,14,300,164.00,"49,200.00"
2020-08-19,2020081901016450,TMDBL,32,14,500,164.00,"82,000.00"
2020-08-19,2020081901016449,TMDBL,6,14,67,164.00,"10,988.00"
2020-08-19,2020081901016779,TRH,17,35,160,204.00,"32,640.00"
2020-08-19,2020081901016606,UIC,44,57,50,391.00,"19,550.00"
2020-08-19,2020081901016442,UIC,44,48,880,391.00,"344,080.00"
2020-08-19,2020081901016397,UIC,34,38,100,390.00,"39,000.00"
2020-08-19,2020081901016392,UIC,34,53,170,390.00,"66,300.00"
2020-08-19,2020081901016389,UIC,48,53,30,390.00,"11,700.00"
2020-08-19,2020081901016667,UNHPL,6,37,30,60.00,"1,800.00"
2020-08-19,2020081901016666,UNHPL,6,51,50,60.00,"3,000.00"
2020-08-19,2020081901016665,UNHPL,6,16,20,60.00,"1,200.00"
2020-08-19,2020081901016590,UNHPL,41,16,10,60.00,600.00
2020-08-19,2020081901016523,UNHPL,18,13,115,59.00,"6,785.00"
2020-08-19,2020081901016848,UPPER,58,55,50,220.00,"11,000.00"
2020-08-19,2020081901016814,UPPER,36,14,50,219.00,"10,950.00"
2020-08-19,2020081901016586,UPPER,36,33,100,219.00,"21,900.00"
2020-08-19,2020081901016484,UPPER,36,41,50,219.00,"10,950.00"
2020-08-19,2020081901016465,UPPER,36,57,50,219.00,"10,950.00"
2020-08-19,2020081901016170,ACLBSL,25,4,245,688.00,"168,560.00"
2020-08-19,2020081901016143,ACLBSL,42,39,10,687.00,"6,870.00"
2020-08-19,2020081901016084,ACLBSL,57,4,225,688.00,"154,800.00"
2020-08-19,2020081901016083,ACLBSL,38,4,30,688.00,"20,640.00"
2020-08-19,2020081901016025,ACLBSL,14,4,100,690.00,"69,000.00"
2020-08-19,2020081901015921,ACLBSL,59,4,100,690.00,"69,000.00"
2020-08-19,2020081901016144,ADBL,43,10,83,409.00,"33,947.00"
2020-08-19,2020081901015929,ADBL,46,58,200,410.00,"82,000.00"
2020-08-19,2020081901016324,AIL,46,17,10,479.00,"4,790.00"
2020-08-19,2020081901016247,AIL,46,34,10,479.00,"4,790.00"
2020-08-19,2020081901016230,AIL,45,52,50,480.00,"24,000.00"
2020-08-19,2020081901016179,AIL,57,48,10,479.00,"4,790.00"
2020-08-19,2020081901016148,AIL,34,52,10,480.00,"4,800.00"
2020-08-19,2020081901016118,AIL,34,58,10,480.00,"4,800.00"
2020-08-19,2020081901016012,AIL,57,38,10,479.00,"4,790.00"
2020-08-19,2020081901015978,AIL,57,38,10,479.00,"4,790.00"
2020-08-19,2020081901015928,AIL,57,57,10,479.00,"4,790.00"
2020-08-19,2020081901015893,AIL,32,42,50,480.00,"24,000.00"
2020-08-19,2020081901015892,AIL,32,59,10,480.00,"4,800.00"
2020-08-19,2020081901016236,AKPL,16,58,315,112.00,"35,280.00"
2020-08-19,2020081901016235,AKPL,43,58,200,112.00,"22,400.00"
2020-08-19,2020081901016234,AKPL,45,58,100,112.00,"11,200.00"
2020-08-19,2020081901016233,AKPL,8,58,385,112.00,"43,120.00"
2020-08-19,2020081901015902,ALBSL,42,52,11,645.00,"7,095.00"
2020-08-19,2020081901015901,ALBSL,42,17,11,645.00,"7,095.00"
2020-08-19,2020081901015900,ALBSL,42,17,11,645.00,"7,095.00"
2020-08-19,2020081901016101,ALICL,57,34,100,626.00,"62,600.00"
2020-08-19,2020081901016187,API,8,36,438,108.00,"47,304.00"
2020-08-19,2020081901016186,API,34,36,73,108.00,"7,884.00"
2020-08-19,2020081901016093,API,34,47,197,108.00,"21,276.00"
2020-08-19,2020081901016022,API,34,34,230,108.00,"24,840.00"
2020-08-19,2020081901016021,API,38,34,70,108.00,"7,560.00"
2020-08-19,2020081901016171,BPCL,33,34,100,357.00,"35,700.00"
2020-08-19,2020081901015896,CBL,44,35,"1,000",142.00,"142,000.00"
2020-08-19,2020081901016131,CCBL,32,34,188,170.00,"31,960.00"
2020-08-19,2020081901016130,CCBL,4,34,112,170.00,"19,040.00"
2020-08-19,2020081901016249,CHCL,38,41,50,384.00,"19,200.00"
2020-08-19,2020081901015903,CHCL,38,1,100,384.00,"38,400.00"
2020-08-19,2020081901016373,CIT,6,38,32,"2,880.00","92,160.00"
2020-08-19,2020081901016352,CIT,10,38,33,"2,880.00","95,040.00"
2020-08-19,2020081901016303,CIT,34,33,28,"2,876.00","80,528.00"
2020-08-19,2020081901016280,CIT,53,38,20,"2,880.00","57,600.00"
2020-08-19,2020081901016270,CIT,1,38,10,"2,880.00","28,800.00"
2020-08-19,2020081901016269,CIT,42,38,20,"2,880.00","57,600.00"
2020-08-19,2020081901015899,CIT,19,39,36,"2,881.00","103,716.00"
2020-08-19,2020081901016104,CIT,54,19,37,"2,880.00","106,560.00"
2020-08-19,2020081901016103,CIT,36,19,50,"2,881.00","144,050.00"
2020-08-19,2020081901016102,CIT,59,19,13,"2,882.00","37,466.00"
2020-08-19,2020081901015977,CIT,54,49,16,"2,880.00","46,080.00"
2020-08-19,2020081901015976,CIT,19,49,34,"2,881.00","97,954.00"
2020-08-19,2020081901015925,CIT,19,57,30,"2,881.00","86,430.00"
2020-08-19,2020081901016262,CIT,46,38,10,"2,882.00","28,820.00"
2020-08-19,2020081901016213,CIT,5,34,100,"2,880.00","288,000.00"
2020-08-19,2020081901016212,CIT,54,39,50,"2,880.00","144,000.00"
2020-08-19,2020081901016157,CIT,54,34,50,"2,880.00","144,000.00"
2020-08-19,2020081901016156,CIT,3,34,50,"2,881.00","144,050.00"
2020-08-19,2020081901016125,CIT,3,57,50,"2,881.00","144,050.00"
2020-08-19,2020081901016268,CIT,41,38,10,"2,880.00","28,800.00"
2020-08-19,2020081901016267,CIT,58,38,10,"2,880.00","28,800.00"
2020-08-19,2020081901016266,CIT,37,38,10,"2,880.00","28,800.00"
2020-08-19,2020081901016265,CIT,32,38,10,"2,880.00","28,800.00"
2020-08-19,2020081901016264,CIT,45,38,20,"2,880.00","57,600.00"
2020-08-19,2020081901016263,CIT,54,38,47,"2,880.00","135,360.00"
2020-08-19,2020081901016132,CLBSL,45,41,10,645.00,"6,450.00"
2020-08-19,2020081901016080,CORBL,22,50,40,114.00,"4,560.00"
2020-08-19,2020081901016307,CZBIL,42,34,300,191.00,"57,300.00"
2020-08-19,2020081901016147,CZBIL,50,26,880,191.00,"168,080.00"
2020-08-19,2020081901015968,CZBIL,50,58,"1,500",191.00,"286,500.00"
2020-08-19,2020081901016367,DDBL,33,28,30,815.00,"24,450.00"
2020-08-19,2020081901016366,DDBL,6,28,50,817.00,"40,850.00"
2020-08-19,2020081901016365,DDBL,45,28,10,818.00,"8,180.00"
2020-08-19,2020081901016364,DDBL,34,28,10,818.00,"8,180.00"
2020-08-19,2020081901016285,EBL,10,32,97,709.00,"68,773.00"
2020-08-19,2020081901016284,EBL,1,32,10,710.00,"7,100.00"
2020-08-19,2020081901016283,EBL,45,32,458,710.00,"325,180.00"
2020-08-19,2020081901016188,EBL,45,45,42,710.00,"29,820.00"
2020-08-19,2020081901016120,EBL,34,45,10,710.00,"7,100.00"
2020-08-19,2020081901016003,EBL,17,49,47,710.00,"33,370.00"
2020-08-19,2020081901016227,EDBL,42,34,45,306.00,"13,770.00"
2020-08-19,2020081901016226,EDBL,45,34,37,306.00,"11,322.00"
2020-08-19,2020081901016225,EDBL,57,34,25,307.00,"7,675.00"
2020-08-19,2020081901016224,EDBL,43,34,10,307.00,"3,070.00"
2020-08-19,2020081901016345,FMDBL,6,57,67,513.00,"34,371.00"
2020-08-19,2020081901016344,FMDBL,56,57,10,514.00,"5,140.00"
2020-08-19,2020081901016343,FMDBL,54,57,24,514.00,"12,336.00"
2020-08-19,2020081901016320,GBIME,51,40,30,251.00,"7,530.00"
2020-08-19,2020081901016319,GBIME,42,40,38,251.00,"9,538.00"
2020-08-19,2020081901016318,GBIME,42,40,195,251.00,"48,945.00"
2020-08-19,2020081901016317,GBIME,42,40,300,251.00,"75,300.00"
2020-08-19,2020081901016316,GBIME,34,40,500,251.00,"125,500.00"
2020-08-19,2020081901016315,GBIME,58,40,50,251.00,"12,550.00"
2020-08-19,2020081901015930,GBIME,13,52,50,251.00,"12,550.00"
2020-08-19,2020081901016299,GBIME,13,11,15,251.00,"3,765.00"
2020-08-19,2020081901016240,GBIME,13,59,100,251.00,"25,100.00"
2020-08-19,2020081901016124,GBIME,48,44,70,252.00,"17,640.00"
2020-08-19,2020081901016048,GBIME,42,44,39,252.00,"9,828.00"
2020-08-19,2020081901016004,GBIME,13,22,70,251.00,"17,570.00"
2020-08-19,2020081901015967,GBIME,13,48,49,251.00,"12,299.00"
2020-08-19,2020081901016314,GBIME,41,40,100,251.00,"25,100.00"
2020-08-19,2020081901016313,GBIME,38,40,50,251.00,"12,550.00"
2020-08-19,2020081901016312,GBIME,45,40,500,251.00,"125,500.00"
2020-08-19,2020081901016311,GBIME,32,40,965,251.00,"242,215.00"
2020-08-19,2020081901016301,GBIME,32,11,35,251.00,"8,785.00"
2020-08-19,2020081901016300,GBIME,14,11,50,251.00,"12,550.00"
2020-08-19,2020081901016239,GBLBS,1,17,15,460.00,"6,900.00"
2020-08-19,2020081901016190,GBLBS,32,32,50,461.00,"23,050.00"
2020-08-19,2020081901016142,GBLBS,56,53,200,461.00,"92,200.00"
2020-08-19,2020081901016141,GBLBS,35,53,100,461.00,"46,100.00"
2020-08-19,2020081901016018,GFCL,55,5,110,149.00,"16,390.00"
2020-08-19,2020081901016017,GFCL,26,5,200,149.00,"29,800.00"
2020-08-19,2020081901016016,GFCL,57,5,170,150.00,"25,500.00"
2020-08-19,2020081901016015,GFCL,45,5,20,150.00,"3,000.00"
2020-08-19,2020081901016359,GGBSL,51,48,10,778.00,"7,780.00"
2020-08-19,2020081901016358,GGBSL,43,48,50,778.00,"38,900.00"
2020-08-19,2020081901016298,GILB,6,42,10,"1,149.00","11,490.00"
2020-08-19,2020081901016026,GILB,33,38,20,"1,150.00","23,000.00"
2020-08-19,2020081901016368,GLBSL,42,38,10,759.00,"7,590.00"
2020-08-19,2020081901016305,GLICL,38,48,195,463.00,"90,285.00"
2020-08-19,2020081901016304,GLICL,49,48,20,463.00,"9,260.00"
2020-08-19,2020081901016061,GLICL,49,34,30,463.00,"13,890.00"
2020-08-19,2020081901016060,GLICL,55,34,150,463.00,"69,450.00"
2020-08-19,2020081901016059,GLICL,53,34,20,464.00,"9,280.00"
2020-08-19,2020081901016006,GUFL,59,57,10,118.00,"1,180.00"
2020-08-19,2020081901016342,HBL,57,13,100,540.00,"54,000.00"
2020-08-19,2020081901016341,HBL,32,13,20,540.00,"10,800.00"
2020-08-19,2020081901016340,HBL,40,13,15,540.00,"8,100.00"
2020-08-19,2020081901016339,HBL,28,13,50,540.00,"27,000.00"
2020-08-19,2020081901016338,HBL,38,13,100,540.00,"54,000.00"
2020-08-19,2020081901016337,HBL,42,13,10,541.00,"5,410.00"
2020-08-19,2020081901016336,HBL,45,13,30,541.00,"16,230.00"
2020-08-19,2020081901016287,HDHPC,35,34,50,90.00,"4,500.00"
2020-08-19,2020081901016241,HDHPC,49,34,50,90.00,"4,500.00"
2020-08-19,2020081901016321,HDL,54,50,10,"1,641.00","16,410.00"
2020-08-19,2020081901016279,HDL,54,22,10,"1,641.00","16,410.00"
2020-08-19,2020081901016086,HDL,54,38,400,"1,641.00","656,400.00"
2020-08-19,2020081901016085,HDL,54,38,100,"1,642.00","164,200.00"
2020-08-19,2020081901016011,HURJA,39,22,20,90.00,"1,800.00"
2020-08-19,2020081901016275,IGI,41,34,80,471.00,"37,680.00"
2020-08-19,2020081901016274,IGI,45,34,20,472.00,"9,440.00"
2020-08-19,2020081901016217,IGI,22,29,50,476.00,"23,800.00"
2020-08-19,2020081901016216,IGI,33,29,50,476.00,"23,800.00"
2020-08-19,2020081901016164,ILBS,42,45,20,722.00,"14,440.00"
2020-08-19,2020081901015887,ILBS,42,36,11,722.00,"7,942.00"
2020-08-19,2020081901016205,JBBL,6,28,100,168.00,"16,800.00"
2020-08-19,2020081901016145,JOSHI,52,55,20,60.00,"1,200.00"
2020-08-19,2020081901016206,JSLBB,57,10,138,"1,350.00","186,300.00"
2020-08-19,2020081901016159,KBL,33,19,100,183.00,"18,300.00"
2020-08-19,2020081901016223,KPCL,51,34,640,104.00,"66,560.00"
2020-08-19,2020081901016222,KPCL,21,34,180,104.00,"18,720.00"
2020-08-19,2020081901016221,KPCL,39,34,100,104.00,"10,400.00"
2020-08-19,2020081901016220,KPCL,52,34,200,104.00,"20,800.00"
2020-08-19,2020081901016024,KPCL,57,34,10,104.00,"1,040.00"
2020-08-19,2020081901015885,KPCL,52,34,100,105.00,"10,500.00"
2020-08-19,2020081901016219,KPCL,22,34,120,104.00,"12,480.00"
2020-08-19,2020081901016218,KPCL,57,34,60,104.00,"6,240.00"
2020-08-19,2020081901016183,KPCL,57,17,10,104.00,"1,040.00"
2020-08-19,2020081901016335,LBBL,52,45,300,184.00,"55,200.00"
2020-08-19,2020081901016334,LBBL,52,13,500,184.00,"92,000.00"
2020-08-19,2020081901016333,LBBL,52,57,100,184.00,"18,400.00"
2020-08-19,2020081901016332,LBBL,52,36,365,184.00,"67,160.00"
2020-08-19,2020081901016331,LBBL,52,54,500,183.00,"91,500.00"
2020-08-19,2020081901016330,LBBL,52,50,100,183.00,"18,300.00"
2020-08-19,2020081901016329,LBBL,52,38,"1,000",183.00,"183,000.00"
2020-08-19,2020081901016328,LBBL,52,47,50,183.00,"9,150.00"
2020-08-19,2020081901016161,LGIL,6,7,53,460.00,"24,380.00"
2020-08-19,2020081901016028,LGIL,44,7,150,460.00,"69,000.00"
2020-08-19,2020081901016027,LGIL,8,7,100,460.00,"46,000.00"
2020-08-19,2020081901016361,LICN,50,34,10,"1,444.00","14,440.00"
2020-08-19,2020081901016076,LLBS,50,33,50,"1,085.00","54,250.00"
2020-08-19,2020081901016163,MBL,38,6,"1,000",223.00,"223,000.00"
2020-08-19,2020081901016066,MEGA,10,59,114,216.00,"24,624.00"
2020-08-19,2020081901016065,MEGA,10,39,239,216.00,"51,624.00"
2020-08-19,2020081901015981,MEGA,21,39,200,216.00,"43,200.00"
2020-08-19,2020081901015932,MEGA,6,39,150,216.00,"32,400.00"
2020-08-19,2020081901015931,MEGA,37,39,411,216.00,"88,776.00"
2020-08-19,2020081901015923,MEGA,32,58,100,217.00,"21,700.00"
2020-08-19,2020081901016248,MFIL,22,22,10,271.00,"2,710.00"
2020-08-19,2020081901016139,MLBBL,48,35,10,739.00,"7,390.00"
2020-08-19,2020081901016138,MLBBL,49,35,30,740.00,"22,200.00"
2020-08-19,2020081901016137,MLBBL,22,35,10,741.00,"7,410.00"
2020-08-19,2020081901016099,MMFDB,58,25,29,892.00,"25,868.00"
2020-08-19,2020081901016047,MMFDB,58,35,54,892.00,"48,168.00"
2020-08-19,2020081901016046,MMFDB,22,35,10,892.00,"8,920.00"
2020-08-19,2020081901016243,MNBBL,25,56,150,317.00,"47,550.00"
2020-08-19,2020081901016242,MNBBL,25,56,50,317.00,"15,850.00"
2020-08-19,2020081901016117,NABIL,4,32,"1,344",817.00,"1,098,050.00"
2020-08-19,2020081901016116,NABIL,45,32,100,817.00,"81,700.00"
2020-08-19,2020081901016115,NABIL,51,32,25,817.00,"20,425.00"
2020-08-19,2020081901016114,NABIL,53,32,100,817.00,"81,700.00"
2020-08-19,2020081901016113,NABIL,43,32,30,817.00,"24,510.00"
2020-08-19,2020081901016112,NABIL,58,32,12,817.00,"9,804.00"
2020-08-19,2020081901015975,NABIL,14,25,30,821.00,"24,630.00"
2020-08-19,2020081901016111,NABIL,45,32,75,818.00,"61,350.00"
2020-08-19,2020081901016110,NABIL,53,32,86,818.00,"70,348.00"
2020-08-19,2020081901016109,NABIL,28,32,20,819.00,"16,380.00"
2020-08-19,2020081901016108,NABIL,45,32,20,819.00,"16,380.00"
2020-08-19,2020081901016107,NABIL,17,32,10,819.00,"8,190.00"
2020-08-19,2020081901016106,NABIL,50,32,65,820.00,"53,300.00"
2020-08-19,2020081901016204,NADEP,33,32,223,573.00,"127,779.00"
2020-08-19,2020081901016203,NADEP,16,32,10,573.00,"5,730.00"
2020-08-19,2020081901016202,NADEP,45,32,200,573.00,"114,600.00"
2020-08-19,2020081901016201,NADEP,45,32,10,573.00,"5,730.00"
2020-08-19,2020081901016200,NADEP,25,32,100,574.00,"57,400.00"
2020-08-19,2020081901016199,NADEP,45,32,250,574.00,"143,500.00"
2020-08-19,2020081901016192,NADEP,42,32,50,579.00,"28,950.00"
2020-08-19,2020081901016191,NADEP,48,32,20,580.00,"11,600.00"
2020-08-19,2020081901016198,NADEP,45,32,250,575.00,"143,750.00"
2020-08-19,2020081901016197,NADEP,38,32,20,575.00,"11,500.00"
2020-08-19,2020081901016196,NADEP,45,32,30,575.00,"17,250.00"
2020-08-19,2020081901016195,NADEP,45,32,10,576.00,"5,760.00"
2020-08-19,2020081901016194,NADEP,1,32,50,576.00,"28,800.00"
2020-08-19,2020081901016193,NADEP,45,32,20,576.00,"11,520.00"
2020-08-19,2020081901016244,NBB,13,34,103,193.00,"19,879.00"
2020-08-19,2020081901016158,NBB,45,34,50,193.00,"9,650.00"
2020-08-19,2020081901016095,NBB,4,34,50,193.00,"9,650.00"
2020-08-19,2020081901016090,NBB,19,34,100,193.00,"19,300.00"
2020-08-19,2020081901016089,NBB,42,34,100,193.00,"19,300.00"
2020-08-19,2020081901016088,NBB,58,34,40,193.00,"7,720.00"
2020-08-19,2020081901016087,NBB,34,34,57,193.00,"11,001.00"
2020-08-19,2020081901016286,NBL,34,36,"1,000",279.00,"279,000.00"
2020-08-19,2020081901016276,NBL,14,36,20,279.00,"5,580.00"
2020-08-19,2020081901016146,NBL,44,58,10,278.00,"2,780.00"
2020-08-19,2020081901016074,NBL,41,36,182,279.00,"50,778.00"
2020-08-19,2020081901015894,NBL,34,36,"1,000",279.00,"279,000.00"
2020-08-19,2020081901015884,NBL,6,36,20,279.00,"5,580.00"
2020-08-19,2020081901016123,NCCB,14,36,700,189.00,"132,300.00"
2020-08-19,2020081901015982,NCCB,49,36,49,189.00,"9,261.00"
2020-08-19,2020081901015920,NEF,29,22,"3,000",9.08,"27,240.00"
2020-08-19,2020081901015919,NEF,29,57,483,9.00,"4,347.00"
2020-08-19,2020081901015918,NEF,29,43,"2,414",9.00,"21,726.00"
2020-08-19,2020081901016271,NIB,44,41,68,416.00,"28,288.00"
2020-08-19,2020081901016009,NIB,11,45,20,417.00,"8,340.00"
2020-08-19,2020081901016259,NICA,32,44,206,555.00,"114,330.00"
2020-08-19,2020081901016258,NICA,56,44,150,555.00,"83,250.00"
2020-08-19,2020081901016257,NICA,52,44,20,555.00,"11,100.00"
2020-08-19,2020081901016256,NICA,50,44,100,555.00,"55,500.00"
2020-08-19,2020081901016255,NICA,56,44,200,555.00,"111,000.00"
2020-08-19,2020081901016254,NICA,29,44,20,555.00,"11,100.00"
2020-08-19,2020081901015908,NICA,41,22,20,555.00,"11,100.00"
2020-08-19,2020081901015907,NICA,48,22,20,555.00,"11,100.00"
2020-08-19,2020081901015906,NICA,26,22,300,555.00,"166,500.00"
2020-08-19,2020081901015905,NICA,19,22,30,555.00,"16,650.00"
2020-08-19,2020081901015904,NICA,59,22,26,555.00,"14,430.00"
2020-08-19,2020081901016253,NICA,45,44,100,555.00,"55,500.00"
2020-08-19,2020081901016252,NICA,42,44,50,555.00,"27,750.00"
2020-08-19,2020081901016251,NICA,16,44,100,555.00,"55,500.00"
2020-08-19,2020081901016250,NICA,19,44,54,555.00,"29,970.00"
2020-08-19,2020081901015910,NICA,45,49,50,556.00,"27,800.00"
2020-08-19,2020081901015909,NICA,19,22,46,555.00,"25,530.00"
2020-08-19,2020081901016296,NICL,48,54,100,462.00,"46,200.00"
2020-08-19,2020081901016272,NICL,48,34,24,462.00,"11,088.00"
2020-08-19,2020081901016209,NICL,17,56,46,461.00,"21,206.00"
2020-08-19,2020081901016208,NICL,16,56,20,461.00,"9,220.00"
2020-08-19,2020081901016207,NICL,48,56,34,461.00,"15,674.00"
2020-08-19,2020081901016040,NICL,48,29,845,461.00,"389,545.00"
2020-08-19,2020081901015971,NICL,44,34,500,462.00,"231,000.00"
2020-08-19,2020081901015970,NICL,33,34,112,462.00,"51,744.00"
2020-08-19,2020081901016277,NIL,39,29,50,664.00,"33,200.00"
2020-08-19,2020081901015917,NIL,47,39,40,665.00,"26,600.00"
2020-08-19,2020081901015916,NIL,47,39,50,665.00,"33,250.00"
2020-08-19,2020081901015915,NIL,47,39,50,665.00,"33,250.00"
2020-08-19,2020081901015914,NIL,47,39,50,665.00,"33,250.00"
2020-08-19,2020081901015913,NIL,47,39,50,665.00,"33,250.00"
2020-08-19,2020081901015912,NIL,47,10,710,665.00,"472,150.00"
2020-08-19,2020081901015911,NIL,47,39,50,664.00,"33,200.00"
2020-08-19,2020081901016246,NLBBL,32,39,145,670.00,"97,150.00"
2020-08-19,2020081901016245,NLBBL,32,39,100,670.00,"67,000.00"
2020-08-19,2020081901016119,NLBBL,16,6,100,672.00,"67,200.00"
2020-08-19,2020081901016327,NLG,42,35,200,666.00,"133,200.00"
2020-08-19,2020081901016121,NLG,57,7,100,669.00,"66,900.00"
2020-08-19,2020081901016325,NLIC,7,34,148,"1,337.00","197,876.00"
2020-08-19,2020081901016291,NLIC,7,49,25,"1,337.00","33,425.00"
2020-08-19,2020081901016290,NLIC,7,42,27,"1,337.00","36,099.00"
2020-08-19,2020081901016185,NLIC,44,48,170,"1,336.00","227,120.00"
2020-08-19,2020081901016184,NLIC,5,48,30,"1,336.00","40,080.00"
2020-08-19,2020081901016136,NLIC,37,42,100,"1,337.00","133,700.00"
2020-08-19,2020081901016105,NLIC,26,42,50,"1,337.00","66,850.00"
2020-08-19,2020081901016063,NLIC,57,42,100,"1,337.00","133,700.00"
2020-08-19,2020081901015879,NLIC,34,42,98,"1,337.00","131,026.00"
2020-08-19,2020081901015878,NLIC,34,34,98,"1,337.00","131,026.00"
2020-08-19,2020081901015877,NLIC,34,34,164,"1,337.00","219,268.00"
2020-08-19,2020081901016278,NLICL,45,22,200,661.00,"132,200.00"
2020-08-19,2020081901016096,NLICL,35,22,50,661.00,"33,050.00"
2020-08-19,2020081901016369,NMB,34,29,125,410.00,"51,250.00"
2020-08-19,2020081901016355,NMB,46,37,100,409.00,"40,900.00"
2020-08-19,2020081901016309,NMB,59,29,400,410.00,"164,000.00"
2020-08-19,2020081901016097,NMB,55,29,10,410.00,"4,100.00"
2020-08-19,2020081901016094,NMB,46,34,36,409.00,"14,724.00"
2020-08-19,2020081901016079,NMB,34,34,20,409.00,"8,180.00"
2020-08-19,2020081901015889,NMB,6,57,250,409.00,"102,250.00"
2020-08-19,2020081901015888,NMB,6,25,167,409.00,"68,303.00"
2020-08-19,2020081901016078,NMB,45,34,144,409.00,"58,896.00"
2020-08-19,2020081901016058,NMB,35,35,520,409.00,"212,680.00"
2020-08-19,2020081901016041,NMB,45,57,176,409.00,"71,984.00"
2020-08-19,2020081901015979,NMB,59,57,200,409.00,"81,800.00"
2020-08-19,2020081901015891,NMB,6,56,512,409.00,"209,408.00"
2020-08-19,2020081901015890,NMB,6,32,30,409.00,"12,270.00"
2020-08-19,2020081901016289,NMFBS,57,34,105,"1,505.00","158,025.00"
2020-08-19,2020081901016288,NMFBS,37,34,10,"1,505.00","15,050.00"
2020-08-19,2020081901016353,NRIC,57,25,100,580.00,"58,000.00"
2020-08-19,2020081901016302,NRIC,45,25,50,580.00,"29,000.00"
2020-08-19,2020081901016237,NRIC,33,22,40,579.00,"23,160.00"
2020-08-19,2020081901016178,NRIC,34,25,40,580.00,"23,200.00"
2020-08-19,2020081901016177,NRIC,50,25,100,580.00,"58,000.00"
2020-08-19,2020081901016176,NRIC,53,25,50,580.00,"29,000.00"
2020-08-19,2020081901015937,NRIC,50,55,150,580.00,"87,000.00"
2020-08-19,2020081901015936,NRIC,45,55,30,580.00,"17,400.00"
2020-08-19,2020081901015935,NRIC,50,55,60,580.00,"34,800.00"
2020-08-19,2020081901015934,NRIC,49,55,35,580.00,"20,300.00"
2020-08-19,2020081901015943,NRIC,39,55,50,580.00,"29,000.00"
2020-08-19,2020081901015942,NRIC,32,55,200,580.00,"116,000.00"
2020-08-19,2020081901015941,NRIC,19,55,"5,000",580.00,"2,900,000.00"
2020-08-19,2020081901015940,NRIC,14,55,100,580.00,"58,000.00"
2020-08-19,2020081901015939,NRIC,33,55,30,580.00,"17,400.00"
2020-08-19,2020081901015938,NRIC,50,55,100,580.00,"58,000.00"
2020-08-19,2020081901015949,NRIC,47,55,172,580.00,"99,760.00"
2020-08-19,2020081901015948,NRIC,56,55,200,580.00,"116,000.00"
2020-08-19,2020081901015947,NRIC,29,55,40,580.00,"23,200.00"
2020-08-19,2020081901015946,NRIC,28,55,800,580.00,"464,000.00"
2020-08-19,2020081901015945,NRIC,45,55,20,580.00,"11,600.00"
2020-08-19,2020081901015944,NRIC,45,55,30,580.00,"17,400.00"
2020-08-19,2020081901015955,NRIC,11,55,100,580.00,"58,000.00"
2020-08-19,2020081901015954,NRIC,33,55,20,580.00,"11,600.00"
2020-08-19,2020081901015953,NRIC,47,55,100,580.00,"58,000.00"
2020-08-19,2020081901015952,NRIC,48,55,50,580.00,"29,000.00"
2020-08-19,2020081901015951,NRIC,50,55,50,580.00,"29,000.00"
2020-08-19,2020081901015950,NRIC,17,55,800,580.00,"464,000.00"
2020-08-19,2020081901015961,NRIC,57,55,10,580.00,"5,800.00"
2020-08-19,2020081901015960,NRIC,14,55,10,580.00,"5,800.00"
2020-08-19,2020081901015959,NRIC,34,55,100,580.00,"58,000.00"
2020-08-19,2020081901015958,NRIC,54,55,500,580.00,"290,000.00"
2020-08-19,2020081901015957,NRIC,42,55,10,580.00,"5,800.00"
2020-08-19,2020081901015956,NRIC,49,55,100,580.00,"58,000.00"
2020-08-19,2020081901015985,NRIC,1,41,75,581.00,"43,575.00"
2020-08-19,2020081901015984,NRIC,1,44,115,581.00,"66,815.00"
2020-08-19,2020081901015980,NRIC,42,44,40,581.00,"23,240.00"
2020-08-19,2020081901015964,NRIC,55,55,583,580.00,"338,140.00"
2020-08-19,2020081901015963,NRIC,49,55,100,580.00,"58,000.00"
2020-08-19,2020081901015962,NRIC,19,55,50,580.00,"29,000.00"
2020-08-19,2020081901015994,NRIC,55,44,417,580.00,"241,860.00"
2020-08-19,2020081901015993,NRIC,1,44,15,581.00,"8,715.00"
2020-08-19,2020081901015989,NRIC,1,8,25,581.00,"14,525.00"
2020-08-19,2020081901015988,NRIC,1,33,100,581.00,"58,100.00"
2020-08-19,2020081901015987,NRIC,1,6,130,581.00,"75,530.00"
2020-08-19,2020081901015986,NRIC,1,40,50,581.00,"29,050.00"
2020-08-19,2020081901016000,NRIC,49,44,100,580.00,"58,000.00"
2020-08-19,2020081901015999,NRIC,45,44,150,580.00,"87,000.00"
2020-08-19,2020081901015998,NRIC,29,44,25,580.00,"14,500.00"
2020-08-19,2020081901015997,NRIC,56,44,10,580.00,"5,800.00"
2020-08-19,2020081901015996,NRIC,11,44,100,580.00,"58,000.00"
2020-08-19,2020081901015995,NRIC,5,44,50,580.00,"29,000.00"
2020-08-19,2020081901016175,NRIC,6,25,40,580.00,"23,200.00"
2020-08-19,2020081901016174,NRIC,45,25,40,580.00,"23,200.00"
2020-08-19,2020081901016134,NRIC,49,16,50,581.00,"29,050.00"
2020-08-19,2020081901016133,NRIC,11,16,160,581.00,"92,960.00"
2020-08-19,2020081901016069,NRIC,11,50,40,581.00,"23,240.00"
2020-08-19,2020081901016001,NRIC,16,44,"1,133",580.00,"657,140.00"
2020-08-19,2020081901016375,PCBL,39,44,730,271.00,"197,830.00"
2020-08-19,2020081901016371,PCBL,39,39,435,271.00,"117,885.00"
2020-08-19,2020081901016160,PCBL,25,52,82,272.00,"22,304.00"
2020-08-19,2020081901016173,PFL,10,6,11,144.00,"1,584.00"
2020-08-19,2020081901016215,PIC,41,17,11,652.00,"7,172.00"
2020-08-19,2020081901015924,PIC,28,34,500,651.00,"325,500.00"
2020-08-19,2020081901016350,PICL,20,32,50,456.00,"22,800.00"
2020-08-19,2020081901016349,PICL,13,32,50,457.00,"22,850.00"
2020-08-19,2020081901016348,PICL,26,32,200,457.00,"91,400.00"
2020-08-19,2020081901016228,PICL,42,1,20,459.00,"9,180.00"
2020-08-19,2020081901016308,PPCL,32,51,20,114.00,"2,280.00"
2020-08-19,2020081901016229,PPCL,32,51,30,114.00,"3,420.00"
2020-08-19,2020081901015990,PPCL,32,51,30,114.00,"3,420.00"
2020-08-19,2020081901015933,PPCL,32,51,30,114.00,"3,420.00"
2020-08-19,2020081901015880,PPCL,32,51,30,114.00,"3,420.00"
2020-08-19,2020081901016354,PRIN,6,58,500,514.00,"257,000.00"
2020-08-19,2020081901016232,PRIN,6,45,700,514.00,"359,800.00"
2020-08-19,2020081901016023,PRIN,6,44,50,514.00,"25,700.00"
2020-08-19,2020081901016062,RADHI,37,17,12,177.00,"2,124.00"
2020-08-19,2020081901016351,RHPL,6,22,50,145.00,"7,250.00"
2020-08-19,2020081901016169,RHPL,6,51,40,145.00,"5,800.00"
2020-08-19,2020081901016002,RHPL,6,17,40,145.00,"5,800.00"
2020-08-19,2020081901016356,RLFL,38,33,34,122.00,"4,148.00"
2020-08-19,2020081901016155,RMDC,22,34,77,745.00,"57,365.00"
2020-08-19,2020081901016154,RMDC,19,34,28,745.00,"20,860.00"
2020-08-19,2020081901016153,RMDC,6,34,50,746.00,"37,300.00"
2020-08-19,2020081901016152,RMDC,48,34,200,746.00,"149,200.00"
2020-08-19,2020081901016151,RMDC,34,34,500,746.00,"373,000.00"
2020-08-19,2020081901016150,RMDC,49,34,146,747.00,"109,062.00"
2020-08-19,2020081901016122,RMDC,49,34,50,747.00,"37,350.00"
2020-08-19,2020081901016273,RSDC,41,19,67,489.00,"32,763.00"
2020-08-19,2020081901016014,SABSL,49,32,11,725.00,"7,975.00"
2020-08-19,2020081901016013,SABSL,49,32,100,724.00,"72,400.00"
2020-08-19,2020081901016347,SBI,1,56,200,406.00,"81,200.00"
2020-08-19,2020081901016172,SBI,13,33,50,407.00,"20,350.00"
2020-08-19,2020081901016306,SBL,13,33,50,293.00,"14,650.00"
2020-08-19,2020081901016127,SBL,13,18,450,293.00,"131,850.00"
2020-08-19,2020081901016126,SBL,3,18,50,293.00,"14,650.00"
2020-08-19,2020081901015992,SCB,53,57,33,638.00,"21,054.00"
2020-08-19,2020081901015991,SCB,55,57,15,638.00,"9,570.00"
2020-08-19,2020081901016167,SCB,29,1,13,637.00,"8,281.00"
2020-08-19,2020081901016166,SCB,47,1,100,637.00,"63,700.00"
2020-08-19,2020081901016165,SCB,53,1,15,638.00,"9,570.00"
2020-08-19,2020081901016071,SCB,17,3,100,639.00,"63,900.00"
2020-08-19,2020081901016372,SDLBSL,25,17,10,870.00,"8,700.00"
2020-08-19,2020081901016360,SDLBSL,25,1,10,870.00,"8,700.00"
2020-08-19,2020081901016357,SDLBSL,25,48,10,870.00,"8,700.00"
2020-08-19,2020081901016346,SDLBSL,25,18,10,870.00,"8,700.00"
2020-08-19,2020081901016310,SDLBSL,25,48,10,870.00,"8,700.00"
2020-08-19,2020081901016297,SDLBSL,44,42,10,870.00,"8,700.00"
2020-08-19,2020081901015897,SDLBSL,7,57,10,870.00,"8,700.00"
2020-08-19,2020081901015895,SDLBSL,7,44,10,870.00,"8,700.00"
2020-08-19,2020081901015876,SDLBSL,7,56,10,870.00,"8,700.00"
2020-08-19,2020081901015983,SDLBSL,7,56,10,870.00,"8,700.00"
2020-08-19,2020081901015969,SDLBSL,7,48,10,870.00,"8,700.00"
2020-08-19,2020081901015966,SDLBSL,7,29,10,870.00,"8,700.00"
2020-08-19,2020081901015926,SDLBSL,7,44,10,870.00,"8,700.00"
2020-08-19,2020081901015922,SDLBSL,7,37,10,870.00,"8,700.00"
2020-08-19,2020081901015898,SDLBSL,7,29,10,870.00,"8,700.00"
2020-08-19,2020081901016068,SDLBSL,34,17,10,870.00,"8,700.00"
2020-08-19,2020081901016067,SDLBSL,34,38,10,870.00,"8,700.00"
2020-08-19,2020081901016064,SDLBSL,34,48,10,870.00,"8,700.00"
2020-08-19,2020081901016020,SDLBSL,34,29,10,870.00,"8,700.00"
2020-08-19,2020081901016010,SDLBSL,34,18,10,870.00,"8,700.00"
2020-08-19,2020081901016005,SDLBSL,53,44,10,870.00,"8,700.00"
2020-08-19,2020081901016091,SDLBSL,34,57,10,870.00,"8,700.00"
2020-08-19,2020081901016081,SDLBSL,34,13,10,870.00,"8,700.00"
2020-08-19,2020081901016077,SDLBSL,34,29,10,870.00,"8,700.00"
2020-08-19,2020081901016075,SDLBSL,34,44,10,870.00,"8,700.00"
2020-08-19,2020081901016072,SDLBSL,34,40,10,870.00,"8,700.00"
2020-08-19,2020081901016070,SDLBSL,58,35,10,872.00,"8,720.00"
2020-08-19,2020081901016189,SDLBSL,51,48,10,870.00,"8,700.00"
2020-08-19,2020081901016168,SDLBSL,51,29,10,870.00,"8,700.00"
2020-08-19,2020081901016140,SDLBSL,34,48,10,870.00,"8,700.00"
2020-08-19,2020081901016135,SDLBSL,34,44,10,870.00,"8,700.00"
2020-08-19,2020081901016100,SDLBSL,34,48,10,870.00,"8,700.00"
2020-08-19,2020081901016092,SDLBSL,34,51,10,870.00,"8,700.00"
2020-08-19,2020081901016281,SDLBSL,44,48,10,870.00,"8,700.00"
2020-08-19,2020081901016261,SDLBSL,7,52,10,872.00,"8,720.00"
2020-08-19,2020081901016260,SDLBSL,7,42,10,872.00,"8,720.00"
2020-08-19,2020081901016231,SDLBSL,44,48,10,870.00,"8,700.00"
2020-08-19,2020081901016214,SDLBSL,44,44,10,870.00,"8,700.00"
2020-08-19,2020081901016210,SDLBSL,56,18,10,871.00,"8,710.00"
2020-08-19,2020081901016363,SHIVM,45,14,370,583.00,"215,710.00"
2020-08-19,2020081901016362,SHIVM,45,10,50,582.00,"29,100.00"
2020-08-19,2020081901016057,SHIVM,52,39,20,582.00,"11,640.00"
2020-08-19,2020081901016056,SHIVM,14,39,100,582.00,"58,200.00"
2020-08-19,2020081901016055,SHIVM,44,39,250,583.00,"145,750.00"
2020-08-19,2020081901016054,SHIVM,20,39,120,583.00,"69,960.00"
2020-08-19,2020081901016053,SHIVM,10,39,10,585.00,"5,850.00"
2020-08-19,2020081901016052,SHL,33,46,300,157.00,"47,100.00"
2020-08-19,2020081901015883,SHPC,25,44,"1,925",223.00,"429,275.00"
2020-08-19,2020081901015882,SHPC,28,44,75,223.00,"16,725.00"
2020-08-19,2020081901015881,SHPC,41,44,"1,000",223.00,"223,000.00"
2020-08-19,2020081901016238,SICL,5,26,10,"1,229.00","12,290.00"
2020-08-19,2020081901016180,SICL,44,56,170,"1,228.00","208,760.00"
2020-08-19,2020081901016098,SICL,44,29,75,"1,228.00","92,100.00"
2020-08-19,2020081901015927,SICL,1,10,50,"1,228.00","61,400.00"
2020-08-19,2020081901016008,SJCL,19,51,20,133.00,"2,660.00"
2020-08-19,2020081901016211,SKBBL,6,40,100,"1,257.00","125,700.00"
2020-08-19,2020081901016162,SKBBL,6,40,200,"1,257.00","251,400.00"
2020-08-19,2020081901016129,SKBBL,6,40,170,"1,257.00","213,690.00"
2020-08-19,2020081901016128,SKBBL,46,40,30,"1,259.00","37,770.00"
2020-08-19,2020081901016051,SKBBL,41,40,200,"1,258.00","251,600.00"
2020-08-19,2020081901016050,SKBBL,55,40,43,"1,258.00","54,094.00"
2020-08-19,2020081901016049,SKBBL,42,40,50,"1,259.00","62,950.00"
2020-08-19,2020081901016073,SLICL,52,47,20,448.00,"8,960.00"
2020-08-19,2020081901016039,SLICL,6,36,41,447.00,"18,327.00"
2020-08-19,2020081901016038,SLICL,32,36,200,447.00,"89,400.00"
2020-08-19,2020081901016037,SLICL,3,36,100,447.00,"44,700.00"
2020-08-19,2020081901016036,SLICL,45,36,100,447.00,"44,700.00"
2020-08-19,2020081901016035,SLICL,39,36,100,447.00,"44,700.00"
2020-08-19,2020081901015974,SLICL,29,57,100,449.00,"44,900.00"
2020-08-19,2020081901015973,SLICL,50,57,200,449.00,"89,800.00"
2020-08-19,2020081901015972,SLICL,38,57,190,449.00,"85,310.00"
2020-08-19,2020081901016034,SLICL,38,36,"1,015",447.00,"453,705.00"
2020-08-19,2020081901016033,SLICL,4,36,"2,000",448.00,"896,000.00"
2020-08-19,2020081901016032,SLICL,36,36,376,448.00,"168,448.00"
2020-08-19,2020081901016031,SLICL,33,36,24,448.00,"10,752.00"
2020-08-19,2020081901016030,SLICL,50,36,24,448.00,"10,752.00"
2020-08-19,2020081901016029,SLICL,52,36,20,448.00,"8,960.00"
2020-08-19,2020081901015886,SPARS,42,25,10,844.00,"8,440.00"
2020-08-19,2020081901016374,SRBL,22,57,300,224.00,"67,200.00"
2020-08-19,2020081901016326,SRBL,51,34,70,225.00,"15,750.00"
2020-08-19,2020081901016295,STC,13,36,65,"2,711.00","176,215.00"
2020-08-19,2020081901016294,STC,28,36,100,"2,715.00","271,500.00"
2020-08-19,2020081901016293,STC,51,36,50,"2,716.00","135,800.00"
2020-08-19,2020081901016292,STC,51,36,20,"2,717.00","54,340.00"
2020-08-19,2020081901016181,STC,34,50,10,"2,721.00","27,210.00"
2020-08-19,2020081901016323,UIC,41,53,100,390.00,"39,000.00"
2020-08-19,2020081901016322,UIC,34,53,100,390.00,"39,000.00"
2020-08-19,2020081901016282,UIC,1,56,300,390.00,"117,000.00"
2020-08-19,2020081901016182,UIC,57,48,100,391.00,"39,100.00"
2020-08-19,2020081901016045,UIC,32,19,200,390.00,"78,000.00"
2020-08-19,2020081901016044,UIC,46,19,100,390.00,"39,000.00"
2020-08-19,2020081901016043,UIC,44,19,100,390.00,"39,000.00"
2020-08-19,2020081901016042,UIC,16,19,100,391.00,"39,100.00"
2020-08-19,2020081901016370,UNHPL,41,16,10,60.00,600.00
2020-08-19,2020081901016149,UNHPL,18,10,200,59.00,"11,800.00"
2020-08-19,2020081901015965,UPPER,36,51,50,219.00,"10,950.00"
2020-08-19,2020081901016082,UPPER,36,47,75,219.00,"16,425.00"
2020-08-19,2020081901016019,WOMI,10,45,20,860.00,"17,200.00"
2020-08-19,2020081901016007,WOMI,50,45,10,860.00,"8,600.00"
2020-08-19,2020081901015627,ACLBSL,42,45,10,687.00,"6,870.00"
2020-08-19,2020081901015538,ACLBSL,45,4,300,688.00,"206,400.00"
2020-08-19,2020081901015830,ADBL,43,36,78,409.00,"31,902.00"
2020-08-19,2020081901015529,ADBL,59,58,32,409.00,"13,088.00"
2020-08-19,2020081901015486,ADBL,14,59,46,408.00,"18,768.00"
2020-08-19,2020081901015454,ADBL,46,58,200,409.00,"81,800.00"
2020-08-19,2020081901015444,ADBL,45,58,200,409.00,"81,800.00"
2020-08-19,2020081901015405,ADBL,14,14,200,408.00,"81,600.00"
2020-08-19,2020081901015863,AHPC,6,34,99,92.00,"9,108.00"
2020-08-19,2020081901015703,AHPC,26,50,74,93.00,"6,882.00"
2020-08-19,2020081901015867,AIL,57,37,10,479.00,"4,790.00"
2020-08-19,2020081901015861,AIL,57,16,10,479.00,"4,790.00"
2020-08-19,2020081901015719,AIL,57,49,10,479.00,"4,790.00"
2020-08-19,2020081901015690,AIL,57,44,10,479.00,"4,790.00"
2020-08-19,2020081901015680,AIL,57,44,10,479.00,"4,790.00"
2020-08-19,2020081901015676,AIL,57,45,10,479.00,"4,790.00"
2020-08-19,2020081901015536,AIL,57,45,10,479.00,"4,790.00"
2020-08-19,2020081901015459,AIL,57,58,10,479.00,"4,790.00"
2020-08-19,2020081901015698,AKJCL,45,19,20,51.00,"1,020.00"
2020-08-19,2020081901015551,AKPL,8,54,615,112.00,"68,880.00"
2020-08-19,2020081901015550,AKPL,10,54,80,112.00,"8,960.00"
2020-08-19,2020081901015426,ALBSL,43,17,11,642.00,"7,062.00"
2020-08-19,2020081901015429,ALICL,57,33,400,626.00,"250,400.00"
2020-08-19,2020081901015751,BOKL,26,11,100,222.00,"22,200.00"
2020-08-19,2020081901015750,BOKL,26,40,159,222.00,"35,298.00"
2020-08-19,2020081901015749,BOKL,26,37,"1,000",222.00,"222,000.00"
2020-08-19,2020081901015782,BPCL,33,39,19,357.00,"6,783.00"
2020-08-19,2020081901015631,BPCL,56,22,12,356.00,"4,272.00"
2020-08-19,2020081901015424,BPCL,56,57,110,356.00,"39,160.00"
2020-08-19,2020081901015808,CBBL,34,35,42,"1,032.00","43,344.00"
2020-08-19,2020081901015739,CBBL,34,26,20,"1,032.00","20,640.00"
2020-08-19,2020081901015640,CBBL,47,33,761,"1,033.00","786,113.00"
2020-08-19,2020081901015639,CBBL,47,14,62,"1,032.00","63,984.00"
2020-08-19,2020081901015683,CBL,26,14,124,143.00,"17,732.00"
2020-08-19,2020081901015428,CBL,10,7,500,143.00,"71,500.00"
2020-08-19,2020081901015427,CBL,10,21,"1,950",143.00,"278,850.00"
2020-08-19,2020081901015425,CBL,44,11,100,142.00,"14,200.00"
2020-08-19,2020081901015419,CBL,44,32,136,142.00,"19,312.00"
2020-08-19,2020081901015418,CBL,45,32,208,142.00,"29,536.00"
2020-08-19,2020081901015674,CCBL,52,57,74,171.00,"12,654.00"
2020-08-19,2020081901015673,CCBL,52,34,26,171.00,"4,446.00"
2020-08-19,2020081901015593,CCBL,52,34,20,171.00,"3,420.00"
2020-08-19,2020081901015402,CFCL,1,52,597,121.00,"72,237.00"
2020-08-19,2020081901015804,CHCL,38,14,100,384.00,"38,400.00"
2020-08-19,2020081901015869,CIT,6,49,10,"2,880.00","28,800.00"
2020-08-19,2020081901015868,CIT,29,49,20,"2,880.00","57,600.00"
2020-08-19,2020081901015685,CIT,49,38,50,"2,880.00","144,000.00"
2020-08-19,2020081901015624,CIT,40,38,10,"2,880.00","28,800.00"
2020-08-19,2020081901015623,CIT,45,38,10,"2,880.00","28,800.00"
2020-08-19,2020081901015622,CIT,42,38,13,"2,880.00","37,440.00"
2020-08-19,2020081901015382,CIT,51,34,10,"2,882.00","28,820.00"
2020-08-19,2020081901015381,CIT,5,34,10,"2,883.00","28,830.00"
2020-08-19,2020081901015380,CIT,35,34,22,"2,884.00","63,448.00"
2020-08-19,2020081901015379,CIT,49,34,50,"2,885.00","144,250.00"
2020-08-19,2020081901015590,CIT,46,39,64,"2,889.00","184,896.00"
2020-08-19,2020081901015589,CIT,46,33,10,"2,888.00","28,880.00"
2020-08-19,2020081901015477,CIT,45,51,14,"2,882.00","40,348.00"
2020-08-19,2020081901015476,CIT,38,51,20,"2,886.00","57,720.00"
2020-08-19,2020081901015433,CIT,10,33,18,"2,889.00","52,002.00"
2020-08-19,2020081901015411,CIT,45,25,30,"2,882.00","86,460.00"
2020-08-19,2020081901015609,CIT,26,38,10,"2,880.00","28,800.00"
2020-08-19,2020081901015608,CIT,35,38,10,"2,880.00","28,800.00"
2020-08-19,2020081901015607,CIT,53,38,100,"2,880.00","288,000.00"
2020-08-19,2020081901015606,CIT,3,38,10,"2,881.00","28,810.00"
2020-08-19,2020081901015605,CIT,45,38,30,"2,882.00","86,460.00"
2020-08-19,2020081901015604,CIT,34,38,10,"2,882.00","28,820.00"
2020-08-19,2020081901015615,CIT,42,38,10,"2,880.00","28,800.00"
2020-08-19,2020081901015614,CIT,8,38,10,"2,880.00","28,800.00"
2020-08-19,2020081901015613,CIT,38,38,16,"2,880.00","46,080.00"
2020-08-19,2020081901015612,CIT,19,38,55,"2,880.00","158,400.00"
2020-08-19,2020081901015611,CIT,57,38,10,"2,880.00","28,800.00"
2020-08-19,2020081901015610,CIT,8,38,300,"2,880.00","864,000.00"
2020-08-19,2020081901015621,CIT,45,38,50,"2,880.00","144,000.00"
2020-08-19,2020081901015620,CIT,55,38,100,"2,880.00","288,000.00"
2020-08-19,2020081901015619,CIT,52,38,50,"2,880.00","144,000.00"
2020-08-19,2020081901015618,CIT,47,38,100,"2,880.00","288,000.00"
2020-08-19,2020081901015617,CIT,21,38,25,"2,880.00","72,000.00"
2020-08-19,2020081901015616,CIT,16,38,10,"2,880.00","28,800.00"
2020-08-19,2020081901015866,CZBIL,50,50,100,191.00,"19,100.00"
2020-08-19,2020081901015709,CZBIL,11,58,20,192.00,"3,840.00"
2020-08-19,2020081901015708,CZBIL,50,36,14,191.00,"2,674.00"
2020-08-19,2020081901015707,CZBIL,46,36,86,191.00,"16,426.00"
2020-08-19,2020081901015838,EBL,17,45,53,710.00,"37,630.00"
2020-08-19,2020081901015636,EBL,52,45,50,710.00,"35,500.00"
2020-08-19,2020081901015787,EIC,58,54,200,430.00,"86,000.00"
2020-08-19,2020081901015574,EIC,18,54,200,430.00,"86,000.00"
2020-08-19,2020081901015505,EIC,40,54,100,430.00,"43,000.00"
2020-08-19,2020081901015780,GBIME,13,54,200,251.00,"50,200.00"
2020-08-19,2020081901015587,GBIME,42,44,31,252.00,"7,812.00"
2020-08-19,2020081901015482,GBIME,58,44,20,252.00,"5,040.00"
2020-08-19,2020081901015463,GBIME,13,48,16,251.00,"4,016.00"
2020-08-19,2020081901015462,GBIME,50,48,134,251.00,"33,634.00"
2020-08-19,2020081901015436,GBIME,50,45,66,251.00,"16,566.00"
2020-08-19,2020081901015435,GBIME,25,45,20,251.00,"5,020.00"
2020-08-19,2020081901015434,GBIME,16,45,104,251.00,"26,104.00"
2020-08-19,2020081901015837,GBLBS,35,37,100,461.00,"46,100.00"
2020-08-19,2020081901015828,GILB,49,49,180,"1,149.00","206,820.00"
2020-08-19,2020081901015740,GILB,51,49,20,"1,149.00","22,980.00"
2020-08-19,2020081901015874,GLICL,53,45,80,464.00,"37,120.00"
2020-08-19,2020081901015440,GLICL,41,45,20,465.00,"9,300.00"
2020-08-19,2020081901015829,GMFBS,43,42,10,742.00,"7,420.00"
2020-08-19,2020081901015744,GUFL,19,57,500,116.00,"58,000.00"
2020-08-19,2020081901015743,GUFL,10,57,100,116.00,"11,600.00"
2020-08-19,2020081901015742,GUFL,28,57,100,116.00,"11,600.00"
2020-08-19,2020081901015741,GUFL,25,57,226,117.00,"26,442.00"
2020-08-19,2020081901015546,HBL,52,13,100,542.00,"54,200.00"
2020-08-19,2020081901015779,HDL,38,57,370,"1,640.00","606,800.00"
2020-08-19,2020081901015778,HDL,55,57,30,"1,641.00","49,230.00"
2020-08-19,2020081901015777,HDL,16,57,50,"1,641.00","82,050.00"
2020-08-19,2020081901015592,HDL,32,57,50,"1,641.00","82,050.00"
2020-08-19,2020081901015400,HDL,26,57,50,"1,641.00","82,050.00"
2020-08-19,2020081901015399,HDL,32,57,100,"1,641.00","164,100.00"
2020-08-19,2020081901015398,HDL,55,57,40,"1,641.00","65,640.00"
2020-08-19,2020081901015397,HDL,34,57,10,"1,642.00","16,420.00"
2020-08-19,2020081901015396,HDL,54,57,200,"1,642.00","328,400.00"
2020-08-19,2020081901015875,HGI,35,45,50,415.00,"20,750.00"
2020-08-19,2020081901015733,HGI,8,45,50,415.00,"20,750.00"
2020-08-19,2020081901015672,ICFC,43,29,80,172.00,"13,760.00"
2020-08-19,2020081901015671,ICFC,57,29,40,172.00,"6,880.00"
2020-08-19,2020081901015503,IGI,6,57,200,477.00,"95,400.00"
2020-08-19,2020081901015549,ILBS,6,51,28,722.00,"20,216.00"
2020-08-19,2020081901015543,ILBS,42,17,11,723.00,"7,953.00"
2020-08-19,2020081901015714,JBBL,6,39,850,168.00,"142,800.00"
2020-08-19,2020081901015713,JBBL,6,47,100,168.00,"16,800.00"
2020-08-19,2020081901015712,JBBL,6,45,12,168.00,"2,016.00"
2020-08-19,2020081901015711,JBBL,6,37,55,168.00,"9,240.00"
2020-08-19,2020081901015555,JBBL,11,37,100,168.00,"16,800.00"
2020-08-19,2020081901015554,KBL,19,19,165,183.00,"30,195.00"
2020-08-19,2020081901015535,KBL,19,11,100,183.00,"18,300.00"
2020-08-19,2020081901015724,KMCDB,41,44,10,724.00,"7,240.00"
2020-08-19,2020081901015432,KMCDB,41,53,10,724.00,"7,240.00"
2020-08-19,2020081901015831,LBBL,34,34,5,178.00,890.00
2020-08-19,2020081901015872,LBL,28,32,"1,683",224.00,"376,992.00"
2020-08-19,2020081901015871,LBL,49,32,500,224.00,"112,000.00"
2020-08-19,2020081901015870,LBL,10,32,"1,817",224.00,"407,008.00"
2020-08-19,2020081901015527,LBL,10,33,18,224.00,"4,032.00"
2020-08-19,2020081901015860,LGIL,57,7,273,462.00,"126,126.00"
2020-08-19,2020081901015464,LGIL,57,45,200,462.00,"92,400.00"
2020-08-19,2020081901015821,LICN,58,6,150,"1,450.00","217,500.00"
2020-08-19,2020081901015820,LICN,58,49,100,"1,450.00","145,000.00"
2020-08-19,2020081901015819,LICN,58,56,50,"1,449.00","72,450.00"
2020-08-19,2020081901015772,MBL,38,42,210,223.00,"46,830.00"
2020-08-19,2020081901015699,MBL,38,59,62,222.00,"13,764.00"
2020-08-19,2020081901015655,MBL,21,59,250,222.00,"55,500.00"
2020-08-19,2020081901015654,MBL,55,59,214,222.00,"47,508.00"
2020-08-19,2020081901015797,MEGA,37,35,89,216.00,"19,224.00"
2020-08-19,2020081901015796,MEGA,50,35,50,216.00,"10,800.00"
2020-08-19,2020081901015795,MEGA,49,35,200,216.00,"43,200.00"
2020-08-19,2020081901015794,MEGA,19,35,11,216.00,"2,376.00"
2020-08-19,2020081901015495,MEGA,40,39,200,216.00,"43,200.00"
2020-08-19,2020081901015494,MEGA,4,39,"3,621",216.00,"782,136.00"
2020-08-19,2020081901015431,MEGA,4,42,300,216.00,"64,800.00"
2020-08-19,2020081901015501,MEGA,58,39,929,216.00,"200,664.00"
2020-08-19,2020081901015500,MEGA,48,39,150,216.00,"32,400.00"
2020-08-19,2020081901015499,MEGA,47,39,50,216.00,"10,800.00"
2020-08-19,2020081901015498,MEGA,13,39,250,216.00,"54,000.00"
2020-08-19,2020081901015497,MEGA,47,39,500,216.00,"108,000.00"
2020-08-19,2020081901015496,MEGA,50,39,300,216.00,"64,800.00"
2020-08-19,2020081901015597,MEGA,28,58,800,216.00,"172,800.00"
2020-08-19,2020081901015596,MEGA,47,58,471,216.00,"101,736.00"
2020-08-19,2020081901015548,MEGA,47,41,29,216.00,"6,264.00"
2020-08-19,2020081901015547,MEGA,58,41,71,216.00,"15,336.00"
2020-08-19,2020081901015537,MEGA,58,41,"1,000",216.00,"216,000.00"
2020-08-19,2020081901015504,MEGA,34,58,100,217.00,"21,700.00"
2020-08-19,2020081901015603,MEGA,19,58,89,216.00,"19,224.00"
2020-08-19,2020081901015602,MEGA,21,58,300,216.00,"64,800.00"
2020-08-19,2020081901015601,MEGA,39,58,100,216.00,"21,600.00"
2020-08-19,2020081901015600,MEGA,58,58,40,216.00,"8,640.00"
2020-08-19,2020081901015599,MEGA,45,58,100,216.00,"21,600.00"
2020-08-19,2020081901015598,MEGA,28,58,100,216.00,"21,600.00"
2020-08-19,2020081901015407,MERO,16,34,42,622.00,"26,124.00"
2020-08-19,2020081901015571,MFIL,55,38,"1,000",268.00,"268,000.00"
2020-08-19,2020081901015570,MFIL,29,38,300,268.00,"80,400.00"
2020-08-19,2020081901015569,MFIL,29,38,626,268.00,"167,768.00"
2020-08-19,2020081901015656,MLBBL,22,21,10,742.00,"7,420.00"
2020-08-19,2020081901015761,MLBL,6,17,"1,331",183.00,"243,573.00"
2020-08-19,2020081901015760,MLBL,21,17,200,183.00,"36,600.00"
2020-08-19,2020081901015759,MLBL,47,17,300,183.00,"54,900.00"
2020-08-19,2020081901015758,MLBL,17,17,100,183.00,"18,300.00"
2020-08-19,2020081901015757,MLBL,59,17,50,183.00,"9,150.00"
2020-08-19,2020081901015756,MLBL,6,17,700,183.00,"128,100.00"
2020-08-19,2020081901015755,MLBL,55,17,"1,000",183.00,"183,000.00"
2020-08-19,2020081901015754,MLBL,42,17,100,183.00,"18,300.00"
2020-08-19,2020081901015753,MLBL,35,17,"1,000",183.00,"183,000.00"
2020-08-19,2020081901015752,MLBL,10,17,500,183.00,"91,500.00"
2020-08-19,2020081901015670,MNBBL,52,56,50,317.00,"15,850.00"
2020-08-19,2020081901015566,MNBBL,43,25,100,317.00,"31,700.00"
2020-08-19,2020081901015565,MNBBL,42,25,140,317.00,"44,380.00"
2020-08-19,2020081901015564,MNBBL,1,25,57,317.00,"18,069.00"
2020-08-19,2020081901015578,NABIL,34,22,500,820.00,"410,000.00"
2020-08-19,2020081901015577,NABIL,34,22,80,820.00,"65,600.00"
2020-08-19,2020081901015576,NABIL,6,22,106,820.00,"86,920.00"
2020-08-19,2020081901015437,NABIL,6,33,314,820.00,"257,480.00"
2020-08-19,2020081901015781,NADEP,25,17,13,583.00,"7,579.00"
2020-08-19,2020081901015575,NADEP,33,18,300,580.00,"174,000.00"
2020-08-19,2020081901015791,NBB,34,49,443,193.00,"85,499.00"
2020-08-19,2020081901015790,NBB,56,49,57,193.00,"11,001.00"
2020-08-19,2020081901015726,NBB,56,49,43,193.00,"8,299.00"
2020-08-19,2020081901015725,NBB,52,49,957,193.00,"184,701.00"
2020-08-19,2020081901015814,NBL,44,6,200,278.00,"55,600.00"
2020-08-19,2020081901015806,NBL,17,36,50,279.00,"13,950.00"
2020-08-19,2020081901015771,NBL,44,29,50,278.00,"13,900.00"
2020-08-19,2020081901015734,NBL,1,36,"1,000",279.00,"279,000.00"
2020-08-19,2020081901015697,NBL,44,45,100,278.00,"27,800.00"
2020-08-19,2020081901015635,NBL,44,57,250,278.00,"69,500.00"
2020-08-19,2020081901015376,NBL,33,16,100,278.00,"27,800.00"
2020-08-19,2020081901015471,NBL,46,36,100,279.00,"27,900.00"
2020-08-19,2020081901015470,NBL,44,45,257,278.00,"71,446.00"
2020-08-19,2020081901015469,NBL,43,45,950,278.00,"264,100.00"
2020-08-19,2020081901015392,NBL,43,20,50,278.00,"13,900.00"
2020-08-19,2020081901015378,NBL,52,16,50,278.00,"13,900.00"
2020-08-19,2020081901015377,NBL,56,16,200,278.00,"55,600.00"
2020-08-19,2020081901015799,NCCB,17,52,109,189.00,"20,601.00"
2020-08-19,2020081901015693,NCCB,46,29,794,188.00,"149,272.00"
2020-08-19,2020081901015692,NCCB,34,29,272,188.00,"51,136.00"
2020-08-19,2020081901015591,NEF,29,26,"2,000",8.92,"17,840.00"
2020-08-19,2020081901015668,NGPL,10,36,13,117.00,"1,521.00"
2020-08-19,2020081901015788,NIB,44,32,20,416.00,"8,320.00"
2020-08-19,2020081901015691,NIB,14,45,50,417.00,"20,850.00"
2020-08-19,2020081901015681,NIB,11,45,24,417.00,"10,008.00"
2020-08-19,2020081901015629,NIB,16,34,340,415.00,"141,100.00"
2020-08-19,2020081901015628,NIB,50,34,14,416.00,"5,824.00"
2020-08-19,2020081901015559,NIB,50,39,270,416.00,"112,320.00"
2020-08-19,2020081901015388,NIB,50,41,410,416.00,"170,560.00"
2020-08-19,2020081901015387,NIB,50,45,150,416.00,"62,400.00"
2020-08-19,2020081901015386,NIB,50,7,156,416.00,"64,896.00"
2020-08-19,2020081901015824,NICA,59,25,174,555.00,"96,570.00"
2020-08-19,2020081901015823,NICA,55,25,26,555.00,"14,430.00"
2020-08-19,2020081901015786,NICA,47,49,101,556.00,"56,156.00"
2020-08-19,2020081901015785,NICA,47,32,100,556.00,"55,600.00"
2020-08-19,2020081901015784,NICA,47,28,162,556.00,"90,072.00"
2020-08-19,2020081901015783,NICA,47,28,137,556.00,"76,172.00"
2020-08-19,2020081901015450,NICA,57,45,28,555.00,"15,540.00"
2020-08-19,2020081901015449,NICA,53,45,500,555.00,"277,500.00"
2020-08-19,2020081901015448,NICA,54,45,200,555.00,"111,000.00"
2020-08-19,2020081901015447,NICA,41,45,50,555.00,"27,750.00"
2020-08-19,2020081901015446,NICA,45,45,48,555.00,"26,640.00"
2020-08-19,2020081901015417,NICA,45,58,105,555.00,"58,275.00"
2020-08-19,2020081901015736,NICA,56,28,100,556.00,"55,600.00"
2020-08-19,2020081901015696,NICA,52,28,50,556.00,"27,800.00"
2020-08-19,2020081901015695,NICA,41,28,100,556.00,"55,600.00"
2020-08-19,2020081901015453,NICA,55,45,74,555.00,"41,070.00"
2020-08-19,2020081901015452,NICA,56,45,100,555.00,"55,500.00"
2020-08-19,2020081901015451,NICA,13,45,"1,000",555.00,"555,000.00"
2020-08-19,2020081901015865,NICL,33,33,300,462.00,"138,600.00"
2020-08-19,2020081901015588,NICL,42,28,200,463.00,"92,600.00"
2020-08-19,2020081901015859,NIL,17,3,241,660.00,"159,060.00"
2020-08-19,2020081901015858,NIL,47,3,100,660.00,"66,000.00"
2020-08-19,2020081901015857,NIL,29,3,200,660.00,"132,000.00"
2020-08-19,2020081901015856,NIL,14,3,50,660.00,"33,000.00"
2020-08-19,2020081901015855,NIL,38,3,30,660.00,"19,800.00"
2020-08-19,2020081901015854,NIL,13,3,200,660.00,"132,000.00"
2020-08-19,2020081901015413,NIL,55,39,40,665.00,"26,600.00"
2020-08-19,2020081901015385,NIL,55,33,10,665.00,"6,650.00"
2020-08-19,2020081901015384,NIL,21,33,100,665.00,"66,500.00"
2020-08-19,2020081901015383,NIL,28,33,390,665.00,"259,350.00"
2020-08-19,2020081901015491,NIL,1,39,10,665.00,"6,650.00"
2020-08-19,2020081901015490,NIL,50,39,40,665.00,"26,600.00"
2020-08-19,2020081901015479,NIL,50,39,10,665.00,"6,650.00"
2020-08-19,2020081901015478,NIL,42,39,40,665.00,"26,600.00"
2020-08-19,2020081901015458,NIL,42,39,50,665.00,"33,250.00"
2020-08-19,2020081901015414,NIL,42,39,10,665.00,"6,650.00"
2020-08-19,2020081901015625,NIL,28,10,100,665.00,"66,500.00"
2020-08-19,2020081901015534,NIL,29,50,28,664.00,"18,592.00"
2020-08-19,2020081901015533,NIL,46,50,"1,400",664.00,"929,600.00"
2020-08-19,2020081901015532,NIL,3,50,30,664.00,"19,920.00"
2020-08-19,2020081901015531,NIL,8,50,200,664.00,"132,800.00"
2020-08-19,2020081901015528,NIL,1,10,190,665.00,"126,350.00"
2020-08-19,2020081901015763,NIL,44,50,"1,022",664.00,"678,608.00"
2020-08-19,2020081901015738,NIL,44,1,400,664.00,"265,600.00"
2020-08-19,2020081901015704,NIL,44,57,200,664.00,"132,800.00"
2020-08-19,2020081901015687,NIL,44,56,378,664.00,"250,992.00"
2020-08-19,2020081901015686,NIL,29,56,122,664.00,"81,008.00"
2020-08-19,2020081901015667,NIL,29,29,50,664.00,"33,200.00"
2020-08-19,2020081901015769,NIL,37,50,100,663.00,"66,300.00"
2020-08-19,2020081901015768,NIL,14,50,50,663.00,"33,150.00"
2020-08-19,2020081901015767,NIL,38,50,100,663.00,"66,300.00"
2020-08-19,2020081901015766,NIL,50,50,20,663.00,"13,260.00"
2020-08-19,2020081901015765,NIL,4,50,"3,005",663.00,"1,992,320.00"
2020-08-19,2020081901015764,NIL,55,50,50,664.00,"33,200.00"
2020-08-19,2020081901015841,NIL,58,3,100,662.00,"66,200.00"
2020-08-19,2020081901015840,NIL,26,3,180,662.00,"119,160.00"
2020-08-19,2020081901015839,NIL,4,3,79,663.00,"52,377.00"
2020-08-19,2020081901015832,NIL,4,52,168,663.00,"111,384.00"
2020-08-19,2020081901015822,NIL,4,50,"1,253",663.00,"830,739.00"
2020-08-19,2020081901015793,NIL,26,11,20,662.00,"13,240.00"
2020-08-19,2020081901015847,NIL,50,3,50,662.00,"33,100.00"
2020-08-19,2020081901015846,NIL,14,3,20,662.00,"13,240.00"
2020-08-19,2020081901015845,NIL,38,3,30,662.00,"19,860.00"
2020-08-19,2020081901015844,NIL,57,3,10,662.00,"6,620.00"
2020-08-19,2020081901015843,NIL,45,3,100,662.00,"66,200.00"
2020-08-19,2020081901015842,NIL,25,3,100,662.00,"66,200.00"
2020-08-19,2020081901015853,NIL,44,3,500,660.00,"330,000.00"
2020-08-19,2020081901015852,NIL,32,3,500,661.00,"330,500.00"
2020-08-19,2020081901015851,NIL,34,3,10,661.00,"6,610.00"
2020-08-19,2020081901015850,NIL,34,3,300,661.00,"198,300.00"
2020-08-19,2020081901015849,NIL,21,3,100,661.00,"66,100.00"
2020-08-19,2020081901015848,NIL,55,3,100,661.00,"66,100.00"
2020-08-19,2020081901015633,NLIC,34,34,336,"1,337.00","449,232.00"
2020-08-19,2020081901015632,NLIC,34,25,24,"1,337.00","32,088.00"
2020-08-19,2020081901015475,NLIC,52,25,100,"1,337.00","133,700.00"
2020-08-19,2020081901015816,NLICL,5,22,79,661.00,"52,219.00"
2020-08-19,2020081901015815,NLICL,55,22,100,662.00,"66,200.00"
2020-08-19,2020081901015653,NLICL,5,54,21,661.00,"13,881.00"
2020-08-19,2020081901015652,NLICL,43,54,200,661.00,"132,200.00"
2020-08-19,2020081901015651,NLICL,5,54,100,662.00,"66,200.00"
2020-08-19,2020081901015650,NLICL,41,54,100,662.00,"66,200.00"
2020-08-19,2020081901015542,NLICL,5,35,27,664.00,"17,928.00"
2020-08-19,2020081901015438,NLICL,5,50,100,664.00,"66,400.00"
2020-08-19,2020081901015649,NLICL,25,54,50,662.00,"33,100.00"
2020-08-19,2020081901015648,NLICL,14,54,"1,000",663.00,"663,000.00"
2020-08-19,2020081901015647,NLICL,5,54,10,663.00,"6,630.00"
2020-08-19,2020081901015646,NLICL,57,54,25,663.00,"16,575.00"
2020-08-19,2020081901015645,NLICL,51,54,10,664.00,"6,640.00"
2020-08-19,2020081901015644,NLICL,5,54,233,664.00,"154,712.00"
2020-08-19,2020081901015595,NMB,42,13,44,408.00,"17,952.00"
2020-08-19,2020081901015594,NMB,54,13,156,408.00,"63,648.00"
2020-08-19,2020081901015586,NMB,54,56,344,408.00,"140,352.00"
2020-08-19,2020081901015585,NMB,39,56,390,408.00,"159,120.00"
2020-08-19,2020081901015584,NMB,45,56,50,408.00,"20,400.00"
2020-08-19,2020081901015583,NMB,6,56,126,408.00,"51,408.00"
2020-08-19,2020081901015582,NMB,28,56,300,408.00,"122,400.00"
2020-08-19,2020081901015581,NMB,50,56,500,408.00,"204,000.00"
2020-08-19,2020081901015580,NMB,41,56,95,408.00,"38,760.00"
2020-08-19,2020081901015579,NMB,40,56,195,408.00,"79,560.00"
2020-08-19,2020081901015456,NMB,40,33,200,408.00,"81,600.00"
2020-08-19,2020081901015553,NMBHF1,13,34,423,10.00,"4,230.00"
2020-08-19,2020081901015809,NMBMF,40,22,50,713.00,"35,650.00"
2020-08-19,2020081901015445,NMFBS,36,48,15,"1,503.00","22,545.00"
2020-08-19,2020081901015810,NRIC,47,44,300,581.00,"174,300.00"
2020-08-19,2020081901015805,NRIC,50,16,40,580.00,"23,200.00"
2020-08-19,2020081901015774,NRIC,49,33,465,580.00,"269,700.00"
2020-08-19,2020081901015773,NRIC,16,33,65,580.00,"37,700.00"
2020-08-19,2020081901015770,NRIC,16,44,40,580.00,"23,200.00"
2020-08-19,2020081901015731,NRIC,16,45,45,580.00,"26,100.00"
2020-08-19,2020081901015394,NRIC,42,57,40,581.00,"23,240.00"
2020-08-19,2020081901015544,NRIC,50,4,20,581.00,"11,620.00"
2020-08-19,2020081901015525,NRIC,50,17,10,581.00,"5,810.00"
2020-08-19,2020081901015524,NRIC,42,17,30,581.00,"17,430.00"
2020-08-19,2020081901015487,NRIC,42,4,10,581.00,"5,810.00"
2020-08-19,2020081901015468,NRIC,42,22,40,582.00,"23,280.00"
2020-08-19,2020081901015395,NRIC,42,4,50,581.00,"29,050.00"
2020-08-19,2020081901015665,NRIC,38,44,20,581.00,"11,620.00"
2020-08-19,2020081901015659,NRIC,38,45,20,581.00,"11,620.00"
2020-08-19,2020081901015658,NRIC,41,45,20,581.00,"11,620.00"
2020-08-19,2020081901015657,NRIC,57,45,100,581.00,"58,100.00"
2020-08-19,2020081901015643,NRIC,41,35,10,581.00,"5,810.00"
2020-08-19,2020081901015545,NRIC,41,4,20,581.00,"11,620.00"
2020-08-19,2020081901015730,NRIC,16,45,130,580.00,"75,400.00"
2020-08-19,2020081901015722,NRIC,8,44,180,581.00,"104,580.00"
2020-08-19,2020081901015702,NRIC,49,44,25,581.00,"14,525.00"
2020-08-19,2020081901015701,NRIC,55,44,340,581.00,"197,540.00"
2020-08-19,2020081901015669,NRIC,55,45,130,581.00,"75,530.00"
2020-08-19,2020081901015666,NRIC,55,44,30,581.00,"17,430.00"
2020-08-19,2020081901015441,NTC,38,7,10,664.00,"6,640.00"
2020-08-19,2020081901015467,NUBL,43,35,15,935.00,"14,025.00"
2020-08-19,2020081901015466,NUBL,17,35,10,935.00,"9,350.00"
2020-08-19,2020081901015465,NUBL,5,35,70,935.00,"65,450.00"
2020-08-19,2020081901015677,OHL,6,10,50,336.00,"16,800.00"
2020-08-19,2020081901015729,PCBL,26,52,80,272.00,"21,760.00"
2020-08-19,2020081901015573,PCBL,10,52,200,272.00,"54,400.00"
2020-08-19,2020081901015572,PCBL,45,52,33,272.00,"8,976.00"
2020-08-19,2020081901015827,PFL,52,16,92,143.00,"13,156.00"
2020-08-19,2020081901015826,PFL,41,16,10,143.00,"1,430.00"
2020-08-19,2020081901015825,PFL,8,16,98,143.00,"14,014.00"
2020-08-19,2020081901015747,PFL,8,16,102,143.00,"14,586.00"
2020-08-19,2020081901015746,PFL,42,16,150,143.00,"21,450.00"
2020-08-19,2020081901015745,PFL,6,16,48,143.00,"6,864.00"
2020-08-19,2020081901015678,PFL,6,51,182,143.00,"26,026.00"
2020-08-19,2020081901015862,PIC,6,58,10,654.00,"6,540.00"
2020-08-19,2020081901015807,PPCL,1,49,20,116.00,"2,320.00"
2020-08-19,2020081901015748,PPCL,32,51,30,114.00,"3,420.00"
2020-08-19,2020081901015727,PPCL,1,41,20,115.00,"2,300.00"
2020-08-19,2020081901015873,PRIN,6,32,40,514.00,"20,560.00"
2020-08-19,2020081901015661,PRIN,6,33,475,514.00,"244,150.00"
2020-08-19,2020081901015541,PRIN,6,51,200,514.00,"102,800.00"
2020-08-19,2020081901015540,PRIN,6,22,350,514.00,"179,900.00"
2020-08-19,2020081901015539,PRIN,6,52,100,514.00,"51,400.00"
2020-08-19,2020081901015430,PRIN,57,25,100,513.00,"51,300.00"
2020-08-19,2020081901015732,PRVU,25,36,50,222.00,"11,100.00"
2020-08-19,2020081901015688,PRVU,51,29,68,223.00,"15,164.00"
2020-08-19,2020081901015502,PRVU,25,48,232,222.00,"51,504.00"
2020-08-19,2020081901015485,PRVU,25,34,240,222.00,"53,280.00"
2020-08-19,2020081901015642,RADHI,37,11,139,177.00,"24,603.00"
2020-08-19,2020081901015641,RADHI,6,11,388,177.00,"68,676.00"
2020-08-19,2020081901015694,RHPL,6,57,30,145.00,"4,350.00"
2020-08-19,2020081901015480,RHPL,6,17,40,145.00,"5,800.00"
2020-08-19,2020081901015460,RHPL,34,56,40,144.00,"5,760.00"
2020-08-19,2020081901015439,RHPL,34,56,40,144.00,"5,760.00"
2020-08-19,2020081901015404,RHPL,34,56,40,144.00,"5,760.00"
2020-08-19,2020081901015410,RSDC,51,48,100,490.00,"49,000.00"
2020-08-19,2020081901015718,SAEF,51,57,"6,900",9.65,"66,585.00"
2020-08-19,2020081901015813,SANIMA,45,35,20,331.00,"6,620.00"
2020-08-19,2020081901015812,SANIMA,41,35,50,331.00,"16,550.00"
2020-08-19,2020081901015811,SANIMA,32,35,36,331.00,"11,916.00"
2020-08-19,2020081901015721,SANIMA,42,58,100,332.00,"33,200.00"
2020-08-19,2020081901015492,SANIMA,22,58,20,332.00,"6,640.00"
2020-08-19,2020081901015526,SAPDBL,44,10,60,119.00,"7,140.00"
2020-08-19,2020081901015660,SBI,1,33,267,406.00,"108,402.00"
2020-08-19,2020081901015792,SBL,3,10,23,293.00,"6,739.00"
2020-08-19,2020081901015789,SBL,17,10,50,293.00,"14,650.00"
2020-08-19,2020081901015720,SBL,53,10,277,293.00,"81,161.00"
2020-08-19,2020081901015710,SBL,53,45,100,293.00,"29,300.00"
2020-08-19,2020081901015638,SBL,53,40,123,293.00,"36,039.00"
2020-08-19,2020081901015474,SBL,42,40,50,293.00,"14,650.00"
2020-08-19,2020081901015473,SBL,6,40,100,293.00,"29,300.00"
2020-08-19,2020081901015472,SBL,17,40,127,293.00,"37,211.00"
2020-08-19,2020081901015443,SCB,55,26,30,638.00,"19,140.00"
2020-08-19,2020081901015864,SDLBSL,7,39,10,870.00,"8,700.00"
2020-08-19,2020081901015817,SDLBSL,53,36,10,871.00,"8,710.00"
2020-08-19,2020081901015798,SDLBSL,28,18,10,872.00,"8,720.00"
2020-08-19,2020081901015776,SDLBSL,28,7,10,872.00,"8,720.00"
2020-08-19,2020081901015775,SDLBSL,28,48,10,872.00,"8,720.00"
2020-08-19,2020081901015762,SDLBSL,28,45,10,872.00,"8,720.00"
2020-08-19,2020081901015420,SDLBSL,7,44,10,870.00,"8,700.00"
2020-08-19,2020081901015412,SDLBSL,28,52,10,871.00,"8,710.00"
2020-08-19,2020081901015408,SDLBSL,7,34,10,870.00,"8,700.00"
2020-08-19,2020081901015401,SDLBSL,7,18,10,870.00,"8,700.00"
2020-08-19,2020081901015393,SDLBSL,7,44,10,870.00,"8,700.00"
2020-08-19,2020081901015484,SDLBSL,28,34,10,874.00,"8,740.00"
2020-08-19,2020081901015483,SDLBSL,28,40,10,874.00,"8,740.00"
2020-08-19,2020081901015461,SDLBSL,34,18,10,871.00,"8,710.00"
2020-08-19,2020081901015457,SDLBSL,34,34,10,871.00,"8,710.00"
2020-08-19,2020081901015455,SDLBSL,58,44,10,871.00,"8,710.00"
2020-08-19,2020081901015423,SDLBSL,49,51,10,871.00,"8,710.00"
2020-08-19,2020081901015637,SDLBSL,28,58,10,872.00,"8,720.00"
2020-08-19,2020081901015630,SDLBSL,28,18,10,872.00,"8,720.00"
2020-08-19,2020081901015556,SDLBSL,34,45,10,871.00,"8,710.00"
2020-08-19,2020081901015552,SDLBSL,34,57,10,871.00,"8,710.00"
2020-08-19,2020081901015506,SDLBSL,34,45,10,871.00,"8,710.00"
2020-08-19,2020081901015493,SDLBSL,34,58,10,871.00,"8,710.00"
2020-08-19,2020081901015737,SDLBSL,28,18,10,872.00,"8,720.00"
2020-08-19,2020081901015728,SDLBSL,28,48,10,872.00,"8,720.00"
2020-08-19,2020081901015682,SDLBSL,28,35,10,872.00,"8,720.00"
2020-08-19,2020081901015679,SDLBSL,28,48,10,872.00,"8,720.00"
2020-08-19,2020081901015675,SDLBSL,28,41,10,872.00,"8,720.00"
2020-08-19,2020081901015663,SDLBSL,28,48,10,872.00,"8,720.00"
2020-08-19,2020081901015523,SHINE,49,42,305,230.00,"70,150.00"
2020-08-19,2020081901015522,SHINE,57,42,100,230.00,"23,000.00"
2020-08-19,2020081901015521,SHINE,29,42,20,230.00,"4,600.00"
2020-08-19,2020081901015520,SHINE,57,42,100,230.00,"23,000.00"
2020-08-19,2020081901015507,SHINE,29,42,10,232.00,"2,320.00"
2020-08-19,2020081901015513,SHINE,32,42,200,230.00,"46,000.00"
2020-08-19,2020081901015512,SHINE,42,42,50,231.00,"11,550.00"
2020-08-19,2020081901015511,SHINE,28,42,25,231.00,"5,775.00"
2020-08-19,2020081901015510,SHINE,22,42,200,231.00,"46,200.00"
2020-08-19,2020081901015509,SHINE,51,42,50,231.00,"11,550.00"
2020-08-19,2020081901015508,SHINE,11,42,30,232.00,"6,960.00"
2020-08-19,2020081901015519,SHINE,5,42,200,230.00,"46,000.00"
2020-08-19,2020081901015518,SHINE,6,42,50,230.00,"11,500.00"
2020-08-19,2020081901015517,SHINE,33,42,250,230.00,"57,500.00"
2020-08-19,2020081901015516,SHINE,20,42,10,230.00,"2,300.00"
2020-08-19,2020081901015515,SHINE,59,42,100,230.00,"23,000.00"
2020-08-19,2020081901015514,SHINE,8,42,300,230.00,"69,000.00"
2020-08-19,2020081901015836,SHIVM,44,14,150,584.00,"87,600.00"
2020-08-19,2020081901015835,SHIVM,44,14,100,584.00,"58,400.00"
2020-08-19,2020081901015834,SHIVM,43,14,100,584.00,"58,400.00"
2020-08-19,2020081901015833,SHIVM,5,14,10,584.00,"5,840.00"
2020-08-19,2020081901015705,SHIVM,44,14,100,585.00,"58,500.00"
2020-08-19,2020081901015664,SHIVM,44,25,150,585.00,"87,750.00"
2020-08-19,2020081901015562,SHIVM,44,25,50,585.00,"29,250.00"
2020-08-19,2020081901015561,SHIVM,44,25,100,585.00,"58,500.00"
2020-08-19,2020081901015560,SHIVM,46,25,100,585.00,"58,500.00"
2020-08-19,2020081901015403,SHL,33,22,100,157.00,"15,700.00"
2020-08-19,2020081901015391,SHPC,25,7,99,223.00,"22,077.00"
2020-08-19,2020081901015390,SHPC,58,7,40,223.00,"8,920.00"
2020-08-19,2020081901015389,SHPC,17,7,11,223.00,"2,453.00"
2020-08-19,2020081901015818,SICL,29,56,20,"1,229.00","24,580.00"
2020-08-19,2020081901015415,SICL,1,29,50,"1,228.00","61,400.00"
2020-08-19,2020081901015422,SICL,5,26,10,"1,229.00","12,290.00"
2020-08-19,2020081901015568,SIFC,43,59,113,150.00,"16,950.00"
2020-08-19,2020081901015567,SIFC,32,59,87,150.00,"13,050.00"
2020-08-19,2020081901015706,SIL,38,53,10,630.00,"6,300.00"
2020-08-19,2020081901015700,SJCL,19,17,10,133.00,"1,330.00"
2020-08-19,2020081901015662,SJCL,19,57,20,133.00,"2,660.00"
2020-08-19,2020081901015406,SJCL,19,45,20,133.00,"2,660.00"
2020-08-19,2020081901015723,SKBBL,55,51,20,"1,258.00","25,160.00"
2020-08-19,2020081901015717,SKBBL,47,13,463,"1,265.00","585,695.00"
2020-08-19,2020081901015716,SKBBL,47,49,100,"1,262.00","126,200.00"
2020-08-19,2020081901015715,SKBBL,47,14,37,"1,260.00","46,620.00"
2020-08-19,2020081901015735,SLBSL,47,52,10,765.00,"7,650.00"
2020-08-19,2020081901015489,SMB,57,45,10,877.00,"8,770.00"
2020-08-19,2020081901015803,SPDL,39,13,195,104.00,"20,280.00"
2020-08-19,2020081901015802,SPDL,34,13,100,104.00,"10,400.00"
2020-08-19,2020081901015801,SPDL,38,13,500,104.00,"52,000.00"
2020-08-19,2020081901015800,SPDL,7,13,205,104.00,"21,320.00"
2020-08-19,2020081901015416,SPDL,34,14,100,106.00,"10,600.00"
2020-08-19,2020081901015558,SRBL,22,52,100,224.00,"22,400.00"
2020-08-19,2020081901015557,SRBL,22,56,100,224.00,"22,400.00"
2020-08-19,2020081901015421,SRBL,8,45,68,223.00,"15,164.00"
2020-08-19,2020081901015409,SRBL,42,56,150,224.00,"33,600.00"
2020-08-19,2020081901015488,STC,34,39,10,"2,721.00","27,210.00"
2020-08-19,2020081901015684,TRH,17,45,200,204.00,"40,800.00"
2020-08-19,2020081901015689,UFL,44,16,38,186.00,"7,068.00"
2020-08-19,2020081901015634,UPPER,36,17,50,219.00,"10,950.00"
2020-08-19,2020081901015626,UPPER,36,35,40,219.00,"8,760.00"
2020-08-19,2020081901015563,UPPER,36,57,50,219.00,"10,950.00"
2020-08-19,2020081901015442,UPPER,36,45,40,219.00,"8,760.00"
2020-08-19,2020081901015530,VLBS,33,57,16,869.00,"13,904.00"
2020-08-19,2020081901015481,VLBS,20,54,60,870.00,"52,200.00"
2020-08-19,2020081901015284,ACLBSL,6,4,20,688.00,"13,760.00"
2020-08-19,2020081901015283,ACLBSL,6,4,100,688.00,"68,800.00"
2020-08-19,2020081901015282,ACLBSL,58,4,140,688.00,"96,320.00"
2020-08-19,2020081901015281,ACLBSL,59,4,50,689.00,"34,450.00"
2020-08-19,2020081901015280,ACLBSL,34,4,30,689.00,"20,670.00"
2020-08-19,2020081901015279,ACLBSL,14,4,160,689.00,"110,240.00"
2020-08-19,2020081901015166,ACLBSL,38,51,10,692.00,"6,920.00"
2020-08-19,2020081901015278,ACLBSL,59,4,50,690.00,"34,500.00"
2020-08-19,2020081901015277,ACLBSL,44,4,50,690.00,"34,500.00"
2020-08-19,2020081901015276,ACLBSL,53,4,200,691.00,"138,200.00"
2020-08-19,2020081901015275,ACLBSL,47,4,100,691.00,"69,100.00"
2020-08-19,2020081901015274,ACLBSL,38,4,10,692.00,"6,920.00"
2020-08-19,2020081901015266,ACLBSL,38,45,10,692.00,"6,920.00"
2020-08-19,2020081901015370,ADBL,14,11,200,408.00,"81,600.00"
2020-08-19,2020081901015363,ADBL,14,41,32,408.00,"13,056.00"
2020-08-19,2020081901015362,ADBL,53,41,500,408.00,"204,000.00"
2020-08-19,2020081901015361,ADBL,45,41,200,408.00,"81,600.00"
2020-08-19,2020081901015360,ADBL,47,41,50,408.00,"20,400.00"
2020-08-19,2020081901015359,ADBL,40,41,100,408.00,"40,800.00"
2020-08-19,2020081901014891,ADBL,32,13,30,408.00,"12,240.00"
2020-08-19,2020081901014890,ADBL,7,13,40,408.00,"16,320.00"
2020-08-19,2020081901015358,ADBL,55,41,100,408.00,"40,800.00"
2020-08-19,2020081901015357,ADBL,14,41,14,408.00,"5,712.00"
2020-08-19,2020081901014892,ADBL,14,13,286,408.00,"116,688.00"
2020-08-19,2020081901014948,AHPC,37,50,100,93.00,"9,300.00"
2020-08-19,2020081901015372,AIL,57,58,10,479.00,"4,790.00"
2020-08-19,2020081901015338,AIL,57,52,10,479.00,"4,790.00"
2020-08-19,2020081901015287,AIL,57,45,10,479.00,"4,790.00"
2020-08-19,2020081901015262,AIL,49,47,10,480.00,"4,800.00"
2020-08-19,2020081901015213,AIL,45,42,10,480.00,"4,800.00"
2020-08-19,2020081901015188,AIL,45,51,10,480.00,"4,800.00"
2020-08-19,2020081901014969,AIL,14,17,10,480.00,"4,800.00"
2020-08-19,2020081901014956,AIL,14,39,10,480.00,"4,800.00"
2020-08-19,2020081901014916,AIL,49,17,10,480.00,"4,800.00"
2020-08-19,2020081901014897,AIL,49,39,10,480.00,"4,800.00"
2020-08-19,2020081901014883,AIL,49,17,10,480.00,"4,800.00"
2020-08-19,2020081901015086,AIL,11,28,20,480.00,"9,600.00"
2020-08-19,2020081901015024,AIL,11,13,10,480.00,"4,800.00"
2020-08-19,2020081901015017,AIL,11,58,10,480.00,"4,800.00"
2020-08-19,2020081901015001,AIL,11,39,10,480.00,"4,800.00"
2020-08-19,2020081901014993,AIL,29,39,10,480.00,"4,800.00"
2020-08-19,2020081901014972,AIL,14,39,10,480.00,"4,800.00"
2020-08-19,2020081901015138,AIL,7,49,10,480.00,"4,800.00"
2020-08-19,2020081901015112,AIL,7,38,90,480.00,"43,200.00"
2020-08-19,2020081901015111,AIL,17,38,20,480.00,"9,600.00"
2020-08-19,2020081901015110,AIL,5,38,100,480.00,"48,000.00"
2020-08-19,2020081901015109,AIL,56,38,70,480.00,"33,600.00"
2020-08-19,2020081901015087,AIL,56,28,30,480.00,"14,400.00"
2020-08-19,2020081901014932,ALBSL,7,34,11,643.00,"7,073.00"
2020-08-19,2020081901014931,ALBSL,7,56,11,643.00,"7,073.00"
2020-08-19,2020081901015150,ALICL,28,18,150,630.00,"94,500.00"
2020-08-19,2020081901014900,ALICL,20,18,50,630.00,"31,500.00"
2020-08-19,2020081901015113,BFC,46,58,10,99.00,990.00
2020-08-19,2020081901015070,BFC,8,44,"1,000",100.00,"100,000.00"
2020-08-19,2020081901015051,BOKL,45,57,53,221.00,"11,713.00"
2020-08-19,2020081901015267,BPCL,38,26,200,358.00,"71,600.00"
2020-08-19,2020081901015364,CBBL,37,34,45,"1,030.00","46,350.00"
2020-08-19,2020081901015190,CBBL,6,26,200,"1,029.00","205,800.00"
2020-08-19,2020081901015123,CBBL,6,39,230,"1,029.00","236,670.00"
2020-08-19,2020081901015122,CBBL,17,39,50,"1,029.00","51,450.00"
2020-08-19,2020081901015121,CBBL,42,39,200,"1,029.00","205,800.00"
2020-08-19,2020081901015120,CBBL,52,39,10,"1,029.00","10,290.00"
2020-08-19,2020081901015119,CBBL,52,39,10,"1,029.00","10,290.00"
2020-08-19,2020081901015253,CBL,45,48,12,142.00,"1,704.00"
2020-08-19,2020081901015239,CBL,6,21,30,143.00,"4,290.00"
2020-08-19,2020081901014975,CBL,45,19,280,142.00,"39,760.00"
2020-08-19,2020081901015099,CCBL,35,34,74,171.00,"12,654.00"
2020-08-19,2020081901015098,CCBL,35,51,126,171.00,"21,546.00"
2020-08-19,2020081901015314,CHCL,38,36,96,384.00,"36,864.00"
2020-08-19,2020081901015288,CHCL,49,36,100,384.00,"38,400.00"
2020-08-19,2020081901015047,CHCL,51,36,300,384.00,"115,200.00"
2020-08-19,2020081901014962,CHCL,45,11,130,385.00,"50,050.00"
2020-08-19,2020081901015374,CIT,55,49,50,"2,885.00","144,250.00"
2020-08-19,2020081901015236,CIT,42,33,10,"2,889.00","28,890.00"
2020-08-19,2020081901015225,CIT,6,34,21,"2,885.00","60,585.00"
2020-08-19,2020081901015224,CIT,40,34,10,"2,886.00","28,860.00"
2020-08-19,2020081901015223,CIT,39,34,50,"2,886.00","144,300.00"
2020-08-19,2020081901014928,CORBL,22,40,400,114.00,"45,600.00"
2020-08-19,2020081901015240,CZBIL,46,45,14,191.00,"2,674.00"
2020-08-19,2020081901014894,CZBIL,45,45,86,191.00,"16,426.00"
2020-08-19,2020081901014893,CZBIL,45,58,"4,914",191.00,"938,574.00"
2020-08-19,2020081901015289,EBL,38,58,100,711.00,"71,100.00"
2020-08-19,2020081901015115,EBL,48,45,100,709.00,"70,900.00"
2020-08-19,2020081901015286,EIC,16,54,100,430.00,"43,000.00"
2020-08-19,2020081901015178,EIC,40,13,780,429.00,"334,620.00"
2020-08-19,2020081901015076,EIC,26,16,50,428.00,"21,400.00"
2020-08-19,2020081901014995,EIC,26,22,20,428.00,"8,560.00"
2020-08-19,2020081901015009,FMDBL,6,33,500,513.00,"256,500.00"
2020-08-19,2020081901015312,GBBL,1,26,250,231.00,"57,750.00"
2020-08-19,2020081901015271,GBBL,29,26,50,231.00,"11,550.00"
2020-08-19,2020081901015242,GBIME,16,51,83,251.00,"20,833.00"
2020-08-19,2020081901015210,GBIME,16,38,100,251.00,"25,100.00"
2020-08-19,2020081901015084,GBIME,16,45,100,251.00,"25,100.00"
2020-08-19,2020081901015053,GBIME,6,44,43,252.00,"10,836.00"
2020-08-19,2020081901014902,GBLBS,1,1,150,460.00,"69,000.00"
2020-08-19,2020081901015371,GILB,53,49,100,"1,149.00","114,900.00"
2020-08-19,2020081901015249,GLBSL,42,57,10,759.00,"7,590.00"
2020-08-19,2020081901015184,GLBSL,42,47,120,759.00,"91,080.00"
2020-08-19,2020081901014915,GLICL,46,7,40,464.00,"18,560.00"
2020-08-19,2020081901015304,HBL,26,13,50,542.00,"27,100.00"
2020-08-19,2020081901015021,HBL,42,13,30,542.00,"16,260.00"
2020-08-19,2020081901015020,HBL,56,13,50,542.00,"27,100.00"
2020-08-19,2020081901015019,HBL,35,13,20,542.00,"10,840.00"
2020-08-19,2020081901014957,HBL,22,36,100,543.00,"54,300.00"
2020-08-19,2020081901014961,HDHPC,35,4,20,91.00,"1,820.00"
2020-08-19,2020081901014960,HDHPC,35,51,50,91.00,"4,550.00"
2020-08-19,2020081901014959,HDHPC,35,41,30,91.00,"2,730.00"
2020-08-19,2020081901015209,HIDCL,6,41,10,129.00,"1,290.00"
2020-08-19,2020081901014881,HIDCL,53,10,93,127.00,"11,811.00"
2020-08-19,2020081901014909,IGI,5,57,100,477.00,"47,700.00"
2020-08-19,2020081901015067,JFL,58,39,170,160.00,"27,200.00"
2020-08-19,2020081901015066,JFL,55,39,100,160.00,"16,000.00"
2020-08-19,2020081901015065,JFL,38,39,100,160.00,"16,000.00"
2020-08-19,2020081901015064,JFL,6,39,30,161.00,"4,830.00"
2020-08-19,2020081901014985,JOSHI,41,47,20,59.00,"1,180.00"
2020-08-19,2020081901015311,KBL,19,42,35,183.00,"6,405.00"
2020-08-19,2020081901015310,KBL,10,42,65,183.00,"11,895.00"
2020-08-19,2020081901015158,KBL,10,11,200,183.00,"36,600.00"
