Date,Transact. No.,Symbol,Buyer,Seller,Quantity,Rate,Amount
2020-03-10,2020031001009139,ADBL,37,54,100,380.00,"38,000.00"
2020-03-10,2020031001008999,ADBL,36,54,50,381.00,"19,050.00"
2020-03-10,2020031001008871,ADBL,36,54,450,381.00,"171,450.00"
2020-03-10,2020031001008870,ADBL,57,54,250,381.00,"95,250.00"
2020-03-10,2020031001008768,AHPC,22,10,858,99.00,"84,942.00"
2020-03-10,2020031001008767,AHPC,36,10,632,99.00,"62,568.00"
2020-03-10,2020031001009064,AKPL,51,58,"3,000",118.00,"354,000.00"
2020-03-10,2020031001009063,AKPL,26,58,300,118.00,"35,400.00"
2020-03-10,2020031001009062,AKPL,47,58,500,119.00,"59,500.00"
2020-03-10,2020031001009061,AKPL,45,58,"5,000",119.00,"595,000.00"
2020-03-10,2020031001009060,AKPL,47,58,200,119.00,"23,800.00"
2020-03-10,2020031001009059,AKPL,45,58,"1,000",119.00,"119,000.00"
2020-03-10,2020031001009052,AKPL,40,58,200,120.00,"24,000.00"
2020-03-10,2020031001009051,AKPL,45,58,121,120.00,"14,520.00"
2020-03-10,2020031001009050,AKPL,36,58,"1,000",120.00,"120,000.00"
2020-03-10,2020031001009049,AKPL,46,58,300,120.00,"36,000.00"
2020-03-10,2020031001009048,AKPL,46,58,322,120.00,"38,640.00"
2020-03-10,2020031001009058,AKPL,45,58,"2,000",119.00,"238,000.00"
2020-03-10,2020031001009057,AKPL,19,58,500,119.00,"59,500.00"
2020-03-10,2020031001009056,AKPL,41,58,"1,000",119.00,"119,000.00"
2020-03-10,2020031001009055,AKPL,45,58,"1,000",119.00,"119,000.00"
2020-03-10,2020031001009054,AKPL,29,58,230,120.00,"27,600.00"
2020-03-10,2020031001009053,AKPL,22,58,30,120.00,"3,600.00"
2020-03-10,2020031001008992,ALICL,58,50,160,541.00,"86,560.00"
2020-03-10,2020031001008991,ALICL,38,50,500,543.00,"271,500.00"
2020-03-10,2020031001008990,ALICL,8,50,300,544.00,"163,200.00"
2020-03-10,2020031001008989,ALICL,57,50,40,544.00,"21,760.00"
2020-03-10,2020031001008924,ALICL,57,29,10,544.00,"5,440.00"
2020-03-10,2020031001008908,ALICL,37,35,200,544.00,"108,800.00"
2020-03-10,2020031001009193,API,25,29,107,126.00,"13,482.00"
2020-03-10,2020031001008938,API,25,58,40,124.00,"4,960.00"
2020-03-10,2020031001008937,API,25,40,700,123.00,"86,100.00"
2020-03-10,2020031001008936,API,25,13,153,123.00,"18,819.00"
2020-03-10,2020031001009224,BFC,6,42,90,100.00,"9,000.00"
2020-03-10,2020031001009223,BFC,8,42,100,100.00,"10,000.00"
2020-03-10,2020031001009111,BOKL,39,41,50,232.00,"11,600.00"
2020-03-10,2020031001009110,BOKL,17,41,950,233.00,"221,350.00"
2020-03-10,2020031001009031,BOKL,53,16,100,234.00,"23,400.00"
2020-03-10,2020031001008995,BOKL,17,25,50,233.00,"11,650.00"
2020-03-10,2020031001008950,BOKL,48,25,200,233.00,"46,600.00"
2020-03-10,2020031001008949,BOKL,48,25,250,233.00,"58,250.00"
2020-03-10,2020031001008890,BOKL,48,33,250,233.00,"58,250.00"
2020-03-10,2020031001008790,BOKL,44,18,500,233.00,"116,500.00"
2020-03-10,2020031001009212,BPCL,33,38,429,340.00,"145,860.00"
2020-03-10,2020031001009211,BPCL,34,38,60,340.00,"20,400.00"
2020-03-10,2020031001009210,BPCL,25,38,100,340.00,"34,000.00"
2020-03-10,2020031001009141,BPCL,36,52,150,340.00,"51,000.00"
2020-03-10,2020031001008973,BPCL,36,16,44,340.00,"14,960.00"
2020-03-10,2020031001008972,BPCL,54,16,50,341.00,"17,050.00"
2020-03-10,2020031001008971,BPCL,57,16,50,341.00,"17,050.00"
2020-03-10,2020031001009124,CBBL,34,50,750,970.00,"727,500.00"
2020-03-10,2020031001009123,CBBL,53,50,100,971.00,"97,100.00"
2020-03-10,2020031001008907,CBBL,34,45,286,970.00,"277,420.00"
2020-03-10,2020031001008906,CBBL,25,45,100,971.00,"97,100.00"
2020-03-10,2020031001008905,CBBL,56,45,10,971.00,"9,710.00"
2020-03-10,2020031001009158,CBL,42,33,549,142.00,"77,958.00"
2020-03-10,2020031001009157,CBL,57,33,200,142.00,"28,400.00"
2020-03-10,2020031001009156,CBL,43,33,200,142.00,"28,400.00"
2020-03-10,2020031001009155,CBL,43,33,51,143.00,"7,293.00"
2020-03-10,2020031001009039,CBL,43,58,249,143.00,"35,607.00"
2020-03-10,2020031001009038,CBL,21,58,200,143.00,"28,600.00"
2020-03-10,2020031001008941,CBL,47,49,500,143.00,"71,500.00"
2020-03-10,2020031001008940,CBL,34,49,500,143.00,"71,500.00"
2020-03-10,2020031001008939,CBL,17,49,530,143.00,"75,790.00"
2020-03-10,2020031001009037,CBL,57,58,100,143.00,"14,300.00"
2020-03-10,2020031001009036,CBL,58,58,50,143.00,"7,150.00"
2020-03-10,2020031001009035,CBL,52,58,"2,401",143.00,"343,343.00"
2020-03-10,2020031001009005,CBL,52,33,599,143.00,"85,657.00"
2020-03-10,2020031001009004,CBL,58,33,401,143.00,"57,343.00"
2020-03-10,2020031001008942,CBL,58,49,599,143.00,"85,657.00"
2020-03-10,2020031001009203,CCBL,45,17,579,174.00,"100,746.00"
2020-03-10,2020031001009202,CCBL,29,17,88,175.00,"15,400.00"
2020-03-10,2020031001009201,CCBL,16,17,85,175.00,"14,875.00"
2020-03-10,2020031001009200,CCBL,13,17,"1,013",176.00,"178,288.00"
2020-03-10,2020031001008985,CCBL,13,18,525,176.00,"92,400.00"
2020-03-10,2020031001008984,CCBL,13,58,462,176.00,"81,312.00"
2020-03-10,2020031001008954,CCBL,45,18,"1,000",175.00,"175,000.00"
2020-03-10,2020031001008953,CCBL,35,18,105,175.00,"18,375.00"
2020-03-10,2020031001008952,CCBL,7,18,500,175.00,"87,500.00"
2020-03-10,2020031001008951,CCBL,29,18,830,175.00,"145,250.00"
2020-03-10,2020031001008960,CCBL,16,18,915,175.00,"160,125.00"
2020-03-10,2020031001008959,CCBL,11,18,200,175.00,"35,000.00"
2020-03-10,2020031001008958,CCBL,6,18,250,175.00,"43,750.00"
2020-03-10,2020031001008957,CCBL,45,18,"3,000",175.00,"525,000.00"
2020-03-10,2020031001008956,CCBL,34,18,100,175.00,"17,500.00"
2020-03-10,2020031001008955,CCBL,57,18,100,175.00,"17,500.00"
2020-03-10,2020031001009237,CIT,42,39,20,"2,526.00","50,520.00"
2020-03-10,2020031001009019,CIT,42,28,165,"2,526.00","416,790.00"
2020-03-10,2020031001008997,CIT,42,44,28,"2,526.00","70,728.00"
2020-03-10,2020031001008987,CIT,42,41,100,"2,526.00","252,600.00"
2020-03-10,2020031001008914,CIT,42,22,50,"2,526.00","126,300.00"
2020-03-10,2020031001008880,CIT,42,49,100,"2,526.00","252,600.00"
2020-03-10,2020031001008800,CIT,42,57,200,"2,526.00","505,200.00"
2020-03-10,2020031001008766,CIT,42,16,200,"2,526.00","505,200.00"
2020-03-10,2020031001008903,CZBIL,32,16,672,192.00,"129,024.00"
2020-03-10,2020031001008902,CZBIL,41,16,50,192.00,"9,600.00"
2020-03-10,2020031001008901,CZBIL,46,16,278,192.00,"53,376.00"
2020-03-10,2020031001009159,DDBL,42,53,230,823.00,"189,290.00"
2020-03-10,2020031001009047,DDBL,42,16,500,823.00,"411,500.00"
2020-03-10,2020031001009033,DDBL,42,39,100,823.00,"82,300.00"
2020-03-10,2020031001008966,DDBL,42,57,155,823.00,"127,565.00"
2020-03-10,2020031001008965,DDBL,42,57,345,823.00,"283,935.00"
2020-03-10,2020031001008833,DDBL,42,29,300,823.00,"246,900.00"
2020-03-10,2020031001008754,DDBL,42,49,15,823.00,"12,345.00"
2020-03-10,2020031001009147,EBL,38,37,100,695.00,"69,500.00"
2020-03-10,2020031001009145,EBL,14,13,50,695.00,"34,750.00"
2020-03-10,2020031001009144,EBL,51,13,49,695.00,"34,055.00"
2020-03-10,2020031001009030,EBL,51,7,26,695.00,"18,070.00"
2020-03-10,2020031001009029,EBL,29,7,10,696.00,"6,960.00"
2020-03-10,2020031001009028,EBL,25,7,65,696.00,"45,240.00"
2020-03-10,2020031001008774,EBL,49,39,135,700.00,"94,500.00"
2020-03-10,2020031001009027,EBL,1,7,699,700.00,"489,300.00"
2020-03-10,2020031001008980,EBL,1,17,301,700.00,"210,700.00"
2020-03-10,2020031001008879,EBL,25,39,335,696.00,"233,160.00"
2020-03-10,2020031001008878,EBL,49,39,165,700.00,"115,500.00"
2020-03-10,2020031001008776,EBL,49,29,200,700.00,"140,000.00"
2020-03-10,2020031001008775,EBL,49,32,500,700.00,"350,000.00"
2020-03-10,2020031001008835,FMDBL,48,21,50,468.00,"23,400.00"
2020-03-10,2020031001008834,FMDBL,43,21,100,469.00,"46,900.00"
2020-03-10,2020031001009021,FOWAD,45,3,150,"1,456.00","218,400.00"
2020-03-10,2020031001009020,FOWAD,34,3,50,"1,456.00","72,800.00"
2020-03-10,2020031001008904,FOWAD,45,39,50,"1,470.00","73,500.00"
2020-03-10,2020031001008981,GBBL,58,45,500,236.00,"118,000.00"
2020-03-10,2020031001008923,GBBL,41,11,100,237.00,"23,700.00"
2020-03-10,2020031001008922,GBBL,42,11,100,237.00,"23,700.00"
2020-03-10,2020031001009131,GBIME,34,14,32,270.00,"8,640.00"
2020-03-10,2020031001009130,GBIME,34,14,300,270.00,"81,000.00"
2020-03-10,2020031001009129,GBIME,13,14,100,270.00,"27,000.00"
2020-03-10,2020031001009128,GBIME,1,14,"1,000",270.00,"270,000.00"
2020-03-10,2020031001009127,GBIME,38,14,200,270.00,"54,000.00"
2020-03-10,2020031001009126,GBIME,43,14,500,270.00,"135,000.00"
2020-03-10,2020031001008765,GBIME,25,6,19,270.00,"5,130.00"
2020-03-10,2020031001009125,GBIME,29,14,363,270.00,"98,010.00"
2020-03-10,2020031001009108,GBIME,29,36,100,270.00,"27,000.00"
2020-03-10,2020031001009088,GBIME,29,25,537,270.00,"144,990.00"
2020-03-10,2020031001009087,GBIME,25,25,244,270.00,"65,880.00"
2020-03-10,2020031001009003,GBIME,25,39,50,270.00,"13,500.00"
2020-03-10,2020031001008996,GBIME,25,16,"1,000",270.00,"270,000.00"
2020-03-10,2020031001009181,GBLBS,4,38,150,473.00,"70,950.00"
2020-03-10,2020031001009162,GBLBS,4,39,55,473.00,"26,015.00"
2020-03-10,2020031001009122,GBLBS,4,6,115,473.00,"54,395.00"
2020-03-10,2020031001009121,GBLBS,32,6,200,473.00,"94,600.00"
2020-03-10,2020031001009120,GBLBS,50,6,85,473.00,"40,205.00"
2020-03-10,2020031001009018,GBLBS,50,45,115,473.00,"54,395.00"
2020-03-10,2020031001008745,GBLBS,54,57,200,474.00,"94,800.00"
2020-03-10,2020031001008983,GBLBS,16,49,500,474.00,"237,000.00"
2020-03-10,2020031001008964,GBLBS,44,59,500,474.00,"237,000.00"
2020-03-10,2020031001008801,GBLBS,44,13,500,474.00,"237,000.00"
2020-03-10,2020031001008794,GBLBS,44,45,500,474.00,"237,000.00"
2020-03-10,2020031001008747,GBLBS,44,57,500,474.00,"237,000.00"
2020-03-10,2020031001008746,GBLBS,1,57,300,474.00,"142,200.00"
2020-03-10,2020031001008825,GMFIL,32,13,10,139.00,"1,390.00"
2020-03-10,2020031001008821,GRDBL,42,5,129,120.00,"15,480.00"
2020-03-10,2020031001009153,HDL,13,41,50,"1,502.00","75,100.00"
2020-03-10,2020031001008977,HDL,5,40,100,"1,501.00","150,100.00"
2020-03-10,2020031001008855,HDL,40,21,500,"1,530.00","765,000.00"
2020-03-10,2020031001008749,HDL,40,7,70,"1,530.00","107,100.00"
2020-03-10,2020031001008748,HDL,40,54,35,"1,530.00","53,550.00"
2020-03-10,2020031001009190,JBBL,35,52,871,180.00,"156,780.00"
2020-03-10,2020031001008843,JBBL,35,44,227,180.00,"40,860.00"
2020-03-10,2020031001008842,JBBL,34,44,"1,000",180.00,"180,000.00"
2020-03-10,2020031001008841,JBBL,17,44,501,180.00,"90,180.00"
2020-03-10,2020031001009075,JFL,56,16,187,172.00,"32,164.00"
2020-03-10,2020031001009074,JFL,45,16,100,172.00,"17,200.00"
2020-03-10,2020031001009077,KBL,43,7,"2,329",199.00,"463,471.00"
2020-03-10,2020031001009046,KBL,28,7,"2,000",199.00,"398,000.00"
2020-03-10,2020031001008967,KBL,13,22,450,198.00,"89,100.00"
2020-03-10,2020031001008771,KBL,38,7,482,199.00,"95,918.00"
2020-03-10,2020031001008770,KBL,49,7,"1,000",199.00,"199,000.00"
2020-03-10,2020031001008769,KBL,17,7,64,200.00,"12,800.00"
2020-03-10,2020031001008762,KBL,17,7,936,200.00,"187,200.00"
2020-03-10,2020031001008761,KBL,39,7,500,200.00,"100,000.00"
2020-03-10,2020031001008760,KBL,17,7,300,200.00,"60,000.00"
2020-03-10,2020031001008759,KBL,43,7,"2,542",200.00,"508,400.00"
2020-03-10,2020031001009199,KMCDB,39,58,40,837.00,"33,480.00"
2020-03-10,2020031001009198,KMCDB,25,58,50,837.00,"41,850.00"
2020-03-10,2020031001009197,KMCDB,41,58,500,839.00,"419,500.00"
2020-03-10,2020031001009196,KMCDB,19,58,40,841.00,"33,640.00"
2020-03-10,2020031001009195,KMCDB,53,58,20,850.00,"17,000.00"
2020-03-10,2020031001009194,KMCDB,54,58,50,853.00,"42,650.00"
2020-03-10,2020031001009100,KMCDB,45,49,20,854.00,"17,080.00"
2020-03-10,2020031001009099,KMCDB,46,49,20,854.00,"17,080.00"
2020-03-10,2020031001008823,KSBBL,41,21,100,157.00,"15,700.00"
2020-03-10,2020031001009161,LBBL,35,43,50,183.00,"9,150.00"
2020-03-10,2020031001009188,LBL,29,16,98,218.00,"21,364.00"
2020-03-10,2020031001009187,LBL,34,16,20,218.00,"4,360.00"
2020-03-10,2020031001008979,LBL,34,14,980,218.00,"213,640.00"
2020-03-10,2020031001008978,LBL,44,14,258,218.00,"56,244.00"
2020-03-10,2020031001008836,LBL,44,38,"1,000",218.00,"218,000.00"
2020-03-10,2020031001008795,LBL,44,17,16,218.00,"3,488.00"
2020-03-10,2020031001009180,LICN,55,26,830,"1,350.00","1,120,500.00"
2020-03-10,2020031001009012,LICN,55,42,170,"1,350.00","229,500.00"
2020-03-10,2020031001009011,LICN,7,42,20,"1,350.00","27,000.00"
2020-03-10,2020031001009010,LICN,22,42,100,"1,350.00","135,000.00"
2020-03-10,2020031001009009,LICN,58,42,50,"1,352.00","67,600.00"
2020-03-10,2020031001008840,LICN,25,50,20,"1,360.00","27,200.00"
2020-03-10,2020031001009174,LLBS,34,21,40,990.00,"39,600.00"
2020-03-10,2020031001009173,LLBS,52,21,60,990.00,"59,400.00"
2020-03-10,2020031001008764,LLBS,52,19,190,990.00,"188,100.00"
2020-03-10,2020031001009152,MBL,11,47,100,227.00,"22,700.00"
2020-03-10,2020031001009151,MBL,21,47,200,227.00,"45,400.00"
2020-03-10,2020031001009150,MBL,35,47,20,227.00,"4,540.00"
2020-03-10,2020031001009149,MBL,34,47,500,227.00,"113,500.00"
2020-03-10,2020031001009148,MBL,41,47,100,227.00,"22,700.00"
2020-03-10,2020031001009138,MBL,41,7,200,227.00,"45,400.00"
2020-03-10,2020031001009137,MBL,42,7,200,227.00,"45,400.00"
2020-03-10,2020031001009136,MBL,13,7,400,227.00,"90,800.00"
2020-03-10,2020031001009025,MBL,17,49,"2,862",230.00,"658,260.00"
2020-03-10,2020031001008803,MBL,6,59,495,231.00,"114,345.00"
2020-03-10,2020031001009084,MDB,4,45,881,360.00,"317,160.00"
2020-03-10,2020031001009238,MEGA,44,41,865,217.00,"187,705.00"
2020-03-10,2020031001009185,MEGA,58,34,500,216.00,"108,000.00"
2020-03-10,2020031001009101,MEGA,58,40,200,216.00,"43,200.00"
2020-03-10,2020031001008974,MEGA,41,41,500,217.00,"108,500.00"
2020-03-10,2020031001008927,MEGA,1,41,135,217.00,"29,295.00"
2020-03-10,2020031001008926,MEGA,1,49,865,217.00,"187,705.00"
2020-03-10,2020031001009002,MFIL,34,41,100,288.00,"28,800.00"
2020-03-10,2020031001009172,MNBBL,42,35,200,322.00,"64,400.00"
2020-03-10,2020031001009098,MNBBL,42,20,500,323.00,"161,500.00"
2020-03-10,2020031001009097,MNBBL,54,20,163,323.00,"52,649.00"
2020-03-10,2020031001009086,MNBBL,4,16,170,324.00,"55,080.00"
2020-03-10,2020031001008969,MNBBL,4,56,500,324.00,"162,000.00"
2020-03-10,2020031001008945,MNBBL,4,45,300,324.00,"97,200.00"
2020-03-10,2020031001008934,MNBBL,4,25,100,324.00,"32,400.00"
2020-03-10,2020031001008859,MNBBL,4,56,830,324.00,"268,920.00"
2020-03-10,2020031001008792,MSMBS,7,44,22,697.00,"15,334.00"
2020-03-10,2020031001009206,NABIL,52,21,100,776.00,"77,600.00"
2020-03-10,2020031001009205,NABIL,46,21,50,778.00,"38,900.00"
2020-03-10,2020031001009204,NABIL,22,21,20,778.00,"15,560.00"
2020-03-10,2020031001009066,NABIL,52,35,40,780.00,"31,200.00"
2020-03-10,2020031001009032,NABIL,52,7,160,780.00,"124,800.00"
2020-03-10,2020031001008947,NABIL,45,59,200,780.00,"156,000.00"
2020-03-10,2020031001008806,NABIL,36,58,366,784.00,"286,944.00"
2020-03-10,2020031001008946,NABIL,37,59,200,780.00,"156,000.00"
2020-03-10,2020031001008896,NABIL,44,6,"1,000",781.00,"781,000.00"
2020-03-10,2020031001008895,NABIL,5,6,500,782.00,"391,000.00"
2020-03-10,2020031001008809,NABIL,51,58,50,784.00,"39,200.00"
2020-03-10,2020031001008808,NABIL,42,58,30,784.00,"23,520.00"
2020-03-10,2020031001008807,NABIL,59,58,100,784.00,"78,400.00"
2020-03-10,2020031001008891,NADEP,41,45,23,633.00,"14,559.00"
2020-03-10,2020031001009143,NBL,7,16,"1,000",270.00,"270,000.00"
2020-03-10,2020031001009142,NBL,17,16,"1,000",271.00,"271,000.00"
2020-03-10,2020031001008988,NBL,43,46,500,272.00,"136,000.00"
2020-03-10,2020031001008925,NBL,43,46,500,272.00,"136,000.00"
2020-03-10,2020031001008822,NBL,7,58,500,270.00,"135,000.00"
2020-03-10,2020031001009234,NCCB,25,1,50,188.00,"9,400.00"
2020-03-10,2020031001009233,NCCB,47,1,300,188.00,"56,400.00"
2020-03-10,2020031001009232,NCCB,45,1,100,188.00,"18,800.00"
2020-03-10,2020031001009231,NCCB,37,1,300,188.00,"56,400.00"
2020-03-10,2020031001009191,NCCB,58,38,10,189.00,"1,890.00"
2020-03-10,2020031001009176,NCCB,59,38,60,189.00,"11,340.00"
2020-03-10,2020031001008815,NCCB,52,50,843,189.00,"159,327.00"
2020-03-10,2020031001008802,NCCB,52,33,777,189.00,"146,853.00"
2020-03-10,2020031001008751,NCCB,52,58,139,189.00,"26,271.00"
2020-03-10,2020031001009175,NCCB,45,38,339,189.00,"64,071.00"
2020-03-10,2020031001008986,NCCB,6,32,100,192.00,"19,200.00"
2020-03-10,2020031001008866,NCCB,58,32,10,192.00,"1,920.00"
2020-03-10,2020031001008818,NCCB,45,42,61,189.00,"11,529.00"
2020-03-10,2020031001008817,NCCB,21,42,30,189.00,"5,670.00"
2020-03-10,2020031001008816,NCCB,52,42,109,189.00,"20,601.00"
2020-03-10,2020031001009239,NIB,6,5,392,400.00,"156,800.00"
2020-03-10,2020031001009114,NIB,6,17,17,400.00,"6,800.00"
2020-03-10,2020031001009073,NIB,6,13,91,400.00,"36,400.00"
2020-03-10,2020031001009072,NIB,21,13,20,400.00,"8,000.00"
2020-03-10,2020031001009071,NIB,25,13,120,400.00,"48,000.00"
2020-03-10,2020031001009070,NIB,50,13,147,400.00,"58,800.00"
2020-03-10,2020031001009069,NIB,42,13,20,400.00,"8,000.00"
2020-03-10,2020031001009068,NIB,47,13,50,400.00,"20,000.00"
2020-03-10,2020031001009067,NIB,51,13,150,400.00,"60,000.00"
2020-03-10,2020031001008888,NIB,51,58,50,400.00,"20,000.00"
2020-03-10,2020031001008887,NIB,37,58,350,400.00,"140,000.00"
2020-03-10,2020031001008793,NIB,37,39,370,400.00,"148,000.00"
2020-03-10,2020031001009220,NIBPO,17,25,100,347.00,"34,700.00"
2020-03-10,2020031001009171,NICA,53,7,145,526.00,"76,270.00"
2020-03-10,2020031001009170,NICA,14,7,300,526.00,"157,800.00"
2020-03-10,2020031001009169,NICA,45,7,200,526.00,"105,200.00"
2020-03-10,2020031001009168,NICA,45,7,500,526.00,"263,000.00"
2020-03-10,2020031001009167,NICA,59,7,90,526.00,"47,340.00"
2020-03-10,2020031001009146,NICA,53,57,500,527.00,"263,500.00"
2020-03-10,2020031001008777,NICA,7,44,400,530.00,"212,000.00"
2020-03-10,2020031001008741,NICA,7,49,100,530.00,"53,000.00"
2020-03-10,2020031001008740,NICA,16,49,200,530.00,"106,000.00"
2020-03-10,2020031001009017,NICA,59,32,10,526.00,"5,260.00"
2020-03-10,2020031001008931,NICA,29,29,300,529.00,"158,700.00"
2020-03-10,2020031001008930,NICA,39,29,50,529.00,"26,450.00"
2020-03-10,2020031001008929,NICA,44,29,30,529.00,"15,870.00"
2020-03-10,2020031001008928,NICA,53,29,211,530.00,"111,830.00"
2020-03-10,2020031001008877,NICA,53,44,289,530.00,"153,170.00"
2020-03-10,2020031001009184,NICL,6,22,200,428.00,"85,600.00"
2020-03-10,2020031001008867,NICL,53,49,107,420.00,"44,940.00"
2020-03-10,2020031001009209,NIL,44,21,175,531.00,"92,925.00"
2020-03-10,2020031001009154,NIL,44,58,200,531.00,"106,200.00"
2020-03-10,2020031001009015,NIL,13,58,200,536.00,"107,200.00"
2020-03-10,2020031001009014,NIL,13,38,500,536.00,"268,000.00"
2020-03-10,2020031001009013,NIL,13,59,24,536.00,"12,864.00"
2020-03-10,2020031001009008,NIL,44,21,625,531.00,"331,875.00"
2020-03-10,2020031001008861,NIL,28,59,500,536.00,"268,000.00"
2020-03-10,2020031001008860,NIL,37,59,170,536.00,"91,120.00"
2020-03-10,2020031001008814,NIL,37,57,30,536.00,"16,080.00"
2020-03-10,2020031001008813,NIL,5,57,110,536.00,"58,960.00"
2020-03-10,2020031001008784,NIL,5,46,200,536.00,"107,200.00"
2020-03-10,2020031001009007,NIL,41,21,500,535.00,"267,500.00"
2020-03-10,2020031001009006,NIL,59,21,25,535.00,"13,375.00"
2020-03-10,2020031001008865,NIL,47,59,50,536.00,"26,800.00"
2020-03-10,2020031001008864,NIL,42,59,500,536.00,"268,000.00"
2020-03-10,2020031001008863,NIL,38,59,50,536.00,"26,800.00"
2020-03-10,2020031001008862,NIL,33,59,50,536.00,"26,800.00"
2020-03-10,2020031001008970,NLG,6,56,50,619.00,"30,950.00"
2020-03-10,2020031001009225,NLIC,55,56,122,"1,148.00","140,056.00"
2020-03-10,2020031001009222,NLIC,50,56,178,"1,148.00","204,344.00"
2020-03-10,2020031001009221,NLIC,50,58,22,"1,148.00","25,256.00"
2020-03-10,2020031001009179,NLIC,44,39,362,"1,149.00","415,938.00"
2020-03-10,2020031001009106,NLIC,42,39,50,"1,149.00","57,450.00"
2020-03-10,2020031001009081,NLIC,56,39,500,"1,150.00","575,000.00"
2020-03-10,2020031001008805,NLIC,10,53,30,"1,166.00","34,980.00"
2020-03-10,2020031001008804,NLIC,22,53,20,"1,166.00","23,320.00"
2020-03-10,2020031001008848,NLIC,55,7,280,"1,160.00","324,800.00"
2020-03-10,2020031001008839,NLIC,55,32,220,"1,160.00","255,200.00"
2020-03-10,2020031001008838,NLIC,35,32,20,"1,160.00","23,200.00"
2020-03-10,2020031001008837,NLIC,14,32,20,"1,163.00","23,260.00"
2020-03-10,2020031001008811,NLIC,49,29,16,"1,165.00","18,640.00"
2020-03-10,2020031001008810,NLIC,10,29,70,"1,166.00","81,620.00"
2020-03-10,2020031001009080,NLIC,7,39,10,"1,150.00","11,500.00"
2020-03-10,2020031001009079,NLIC,10,39,200,"1,150.00","230,000.00"
2020-03-10,2020031001008982,NLIC,44,33,819,"1,150.00","941,850.00"
2020-03-10,2020031001008853,NLIC,55,33,430,"1,150.00","494,500.00"
2020-03-10,2020031001008850,NLIC,55,7,70,"1,150.00","80,500.00"
2020-03-10,2020031001008849,NLIC,45,7,200,"1,157.00","231,400.00"
2020-03-10,2020031001008791,NLICL,45,56,30,645.00,"19,350.00"
2020-03-10,2020031001009186,NMB,6,59,100,423.00,"42,300.00"
2020-03-10,2020031001009107,NMB,6,59,300,426.00,"127,800.00"
2020-03-10,2020031001009083,NMB,6,45,100,426.00,"42,600.00"
2020-03-10,2020031001009082,NMB,6,6,500,423.00,"211,500.00"
2020-03-10,2020031001009001,NMB,17,36,500,423.00,"211,500.00"
2020-03-10,2020031001008976,NMB,57,53,200,425.00,"85,000.00"
2020-03-10,2020031001008756,NMB,51,54,500,424.00,"212,000.00"
2020-03-10,2020031001008755,NMB,49,54,"1,125",425.00,"478,125.00"
2020-03-10,2020031001008750,NMB,49,59,500,425.00,"212,500.00"
2020-03-10,2020031001008948,NMB,38,41,"1,000",425.00,"425,000.00"
2020-03-10,2020031001008910,NMB,44,53,100,426.00,"42,600.00"
2020-03-10,2020031001008909,NMB,38,53,200,426.00,"85,200.00"
2020-03-10,2020031001008889,NMB,38,29,200,426.00,"85,200.00"
2020-03-10,2020031001008758,NMB,41,54,150,419.00,"62,850.00"
2020-03-10,2020031001008757,NMB,57,54,10,420.00,"4,200.00"
2020-03-10,2020031001009230,NMBMF,14,5,22,793.00,"17,446.00"
2020-03-10,2020031001009229,NMBMF,14,5,20,793.00,"15,860.00"
2020-03-10,2020031001008894,NMBMF,49,25,150,794.00,"119,100.00"
2020-03-10,2020031001008893,NMBMF,34,25,65,794.00,"51,610.00"
2020-03-10,2020031001008789,NMBMF,34,25,35,794.00,"27,790.00"
2020-03-10,2020031001008788,NMBMF,41,25,65,796.00,"51,740.00"
2020-03-10,2020031001008787,NMBMF,43,25,100,796.00,"79,600.00"
2020-03-10,2020031001009189,NTC,35,37,100,635.00,"63,500.00"
2020-03-10,2020031001009034,NTC,34,37,20,635.00,"12,700.00"
2020-03-10,2020031001009226,NUBL,42,59,620,957.00,"593,340.00"
2020-03-10,2020031001009119,NUBL,42,39,382,957.00,"365,574.00"
2020-03-10,2020031001009118,NUBL,42,39,118,957.00,"112,926.00"
2020-03-10,2020031001009219,PCBL,58,51,212,289.00,"61,268.00"
2020-03-10,2020031001009218,PCBL,49,51,300,290.00,"87,000.00"
2020-03-10,2020031001009217,PCBL,11,51,100,290.00,"29,000.00"
2020-03-10,2020031001009216,PCBL,11,51,50,290.00,"14,500.00"
2020-03-10,2020031001009215,PCBL,16,51,"1,000",290.00,"290,000.00"
2020-03-10,2020031001009214,PCBL,32,51,100,290.00,"29,000.00"
2020-03-10,2020031001008854,PCBL,6,6,300,290.00,"87,000.00"
2020-03-10,2020031001008847,PCBL,6,32,279,290.00,"80,910.00"
2020-03-10,2020031001008846,PCBL,59,32,500,290.00,"145,000.00"
2020-03-10,2020031001008845,PCBL,39,32,"1,000",290.00,"290,000.00"
2020-03-10,2020031001008844,PCBL,4,32,221,290.00,"64,090.00"
2020-03-10,2020031001009213,PCBL,57,51,238,290.00,"69,020.00"
2020-03-10,2020031001009207,PCBL,57,25,500,290.00,"145,000.00"
2020-03-10,2020031001009085,PCBL,57,18,193,290.00,"55,970.00"
2020-03-10,2020031001008883,PCBL,57,18,69,290.00,"20,010.00"
2020-03-10,2020031001008882,PCBL,6,18,10,290.00,"2,900.00"
2020-03-10,2020031001008881,PCBL,6,18,421,290.00,"122,090.00"
2020-03-10,2020031001008994,PIC,13,57,300,569.00,"170,700.00"
2020-03-10,2020031001008993,PIC,39,38,60,570.00,"34,200.00"
2020-03-10,2020031001009117,PLIC,52,14,184,555.00,"102,120.00"
2020-03-10,2020031001009116,PLIC,45,14,100,555.00,"55,500.00"
2020-03-10,2020031001009115,PLIC,16,14,16,556.00,"8,896.00"
2020-03-10,2020031001008968,PLIC,16,32,11,556.00,"6,116.00"
2020-03-10,2020031001008900,PLIC,16,7,473,556.00,"262,988.00"
2020-03-10,2020031001008899,PLIC,10,7,200,556.00,"111,200.00"
2020-03-10,2020031001008898,PLIC,53,7,50,556.00,"27,800.00"
2020-03-10,2020031001008897,PLIC,34,7,30,556.00,"16,680.00"
2020-03-10,2020031001008858,PLIC,13,42,100,557.00,"55,700.00"
2020-03-10,2020031001008857,PLIC,34,42,100,559.00,"55,900.00"
2020-03-10,2020031001008856,PLIC,41,42,50,559.00,"27,950.00"
2020-03-10,2020031001008824,PPCL,49,16,20,112.00,"2,240.00"
2020-03-10,2020031001009094,PRIN,32,45,20,415.00,"8,300.00"
2020-03-10,2020031001009093,PRIN,50,45,90,415.00,"37,350.00"
2020-03-10,2020031001008963,PRIN,50,39,50,415.00,"20,750.00"
2020-03-10,2020031001008820,PRIN,50,48,360,415.00,"149,400.00"
2020-03-10,2020031001008819,PRIN,19,48,40,415.00,"16,600.00"
2020-03-10,2020031001009183,PRVU,6,4,500,242.00,"121,000.00"
2020-03-10,2020031001009182,PRVU,6,44,500,242.00,"121,000.00"
2020-03-10,2020031001009135,PRVU,6,33,97,241.00,"23,377.00"
2020-03-10,2020031001009134,PRVU,46,33,"1,000",241.00,"241,000.00"
2020-03-10,2020031001009133,PRVU,46,33,500,241.00,"120,500.00"
2020-03-10,2020031001009132,PRVU,35,33,"3,403",242.00,"823,526.00"
2020-03-10,2020031001008763,PRVU,43,58,100,243.00,"24,300.00"
2020-03-10,2020031001008744,PRVU,35,48,"1,000",242.00,"242,000.00"
2020-03-10,2020031001008919,PRVU,35,25,"2,500",242.00,"605,000.00"
2020-03-10,2020031001008892,PRVU,43,58,"1,000",243.00,"243,000.00"
2020-03-10,2020031001008886,PRVU,35,7,90,242.00,"21,780.00"
2020-03-10,2020031001008884,PRVU,53,58,100,243.00,"24,300.00"
2020-03-10,2020031001008872,PRVU,35,59,"1,000",242.00,"242,000.00"
2020-03-10,2020031001008786,PRVU,35,33,"1,383",242.00,"334,686.00"
2020-03-10,2020031001008885,RBCLPO,38,33,20,"8,135.00","162,700.00"
2020-03-10,2020031001009092,RHPL,49,59,"3,000",152.00,"456,000.00"
2020-03-10,2020031001009091,RHPL,22,59,"1,000",152.00,"152,000.00"
2020-03-10,2020031001009090,RHPL,7,59,500,152.00,"76,000.00"
2020-03-10,2020031001009089,RHPL,34,59,470,152.00,"71,440.00"
2020-03-10,2020031001009023,RHPL,34,59,30,152.00,"4,560.00"
2020-03-10,2020031001009192,RSDC,38,29,250,480.00,"120,000.00"
2020-03-10,2020031001008913,RSDC,38,45,55,480.00,"26,400.00"
2020-03-10,2020031001008874,RSDC,38,45,19,480.00,"9,120.00"
2020-03-10,2020031001008873,RSDC,57,45,230,482.00,"110,860.00"
2020-03-10,2020031001008933,SABSL,35,42,10,755.00,"7,550.00"
2020-03-10,2020031001008944,SADBL,47,35,300,157.00,"47,100.00"
2020-03-10,2020031001008943,SADBL,50,35,100,157.00,"15,700.00"
2020-03-10,2020031001008783,SADBL,43,35,250,158.00,"39,500.00"
2020-03-10,2020031001008782,SADBL,41,35,100,158.00,"15,800.00"
2020-03-10,2020031001008781,SADBL,58,35,"1,000",159.00,"159,000.00"
2020-03-10,2020031001008780,SADBL,50,35,100,159.00,"15,900.00"
2020-03-10,2020031001008779,SADBL,28,35,200,160.00,"32,000.00"
2020-03-10,2020031001008778,SADBL,45,35,216,160.00,"34,560.00"
2020-03-10,2020031001009160,SANIMA,42,32,500,343.00,"171,500.00"
2020-03-10,2020031001009078,SANIMA,42,48,200,343.00,"68,600.00"
2020-03-10,2020031001008975,SANIMA,42,14,"1,000",343.00,"343,000.00"
2020-03-10,2020031001008912,SANIMA,42,10,198,343.00,"67,914.00"
2020-03-10,2020031001008911,SANIMA,13,10,802,344.00,"275,888.00"
2020-03-10,2020031001008852,SANIMA,13,46,198,344.00,"68,112.00"
2020-03-10,2020031001008851,SANIMA,36,46,52,345.00,"17,940.00"
2020-03-10,2020031001009235,SBI,49,42,200,419.00,"83,800.00"
2020-03-10,2020031001009105,SBI,49,34,400,419.00,"167,600.00"
2020-03-10,2020031001009104,SBI,58,34,100,419.00,"41,900.00"
2020-03-10,2020031001009096,SBI,46,32,49,419.00,"20,531.00"
2020-03-10,2020031001009095,SBI,25,32,151,420.00,"63,420.00"
2020-03-10,2020031001009076,SBI,39,6,100,425.00,"42,500.00"
2020-03-10,2020031001008935,SBL,17,46,250,302.00,"75,500.00"
2020-03-10,2020031001008869,SBL,6,40,300,303.00,"90,900.00"
2020-03-10,2020031001008868,SBL,25,40,664,303.00,"201,192.00"
2020-03-10,2020031001009140,SCB,34,42,70,632.00,"44,240.00"
2020-03-10,2020031001009103,SCB,42,57,500,630.00,"315,000.00"
2020-03-10,2020031001009026,SCB,42,7,"1,186",630.00,"747,180.00"
2020-03-10,2020031001008932,SCB,43,42,50,632.00,"31,600.00"
2020-03-10,2020031001008832,SCB,41,42,200,632.00,"126,400.00"
2020-03-10,2020031001008831,SCB,17,42,300,632.00,"189,600.00"
2020-03-10,2020031001008772,SHINE,58,57,50,291.00,"14,550.00"
2020-03-10,2020031001008753,SHINE,58,40,"1,611",291.00,"468,801.00"
2020-03-10,2020031001008752,SHINE,58,40,399,291.00,"116,109.00"
2020-03-10,2020031001009228,SHIVM,45,14,900,535.00,"481,500.00"
2020-03-10,2020031001009227,SHIVM,16,14,100,535.00,"53,500.00"
2020-03-10,2020031001009109,SHIVM,48,38,420,536.00,"225,120.00"
2020-03-10,2020031001008876,SHIVM,51,32,50,539.00,"26,950.00"
2020-03-10,2020031001008875,SHIVM,8,32,200,539.00,"107,800.00"
2020-03-10,2020031001008799,SHIVM,41,14,100,540.00,"54,000.00"
2020-03-10,2020031001008798,SHIVM,32,14,500,540.00,"270,000.00"
2020-03-10,2020031001008797,SHIVM,7,14,450,540.00,"243,000.00"
2020-03-10,2020031001008796,SHIVM,17,14,500,541.00,"270,500.00"
2020-03-10,2020031001008743,SHIVM,7,14,50,540.00,"27,000.00"
2020-03-10,2020031001008742,SHIVM,48,14,450,541.00,"243,450.00"
2020-03-10,2020031001009178,SICL,42,48,177,931.00,"164,787.00"
2020-03-10,2020031001009065,SICL,42,32,100,931.00,"93,100.00"
2020-03-10,2020031001009024,SICL,42,7,50,931.00,"46,550.00"
2020-03-10,2020031001009022,SICL,42,48,450,931.00,"418,950.00"
2020-03-10,2020031001009016,SICL,42,43,200,931.00,"186,200.00"
2020-03-10,2020031001009000,SICL,42,20,65,931.00,"60,515.00"
2020-03-10,2020031001008773,SICL,42,20,200,931.00,"186,200.00"
2020-03-10,2020031001009113,SJCL,51,38,90,148.00,"13,320.00"
2020-03-10,2020031001009112,SJCL,43,38,"1,480",148.00,"219,040.00"
2020-03-10,2020031001008826,SJCL,54,8,20,150.00,"3,000.00"
2020-03-10,2020031001008830,SJCL,54,29,20,150.00,"3,000.00"
2020-03-10,2020031001008829,SJCL,54,41,20,150.00,"3,000.00"
2020-03-10,2020031001008828,SJCL,54,13,20,150.00,"3,000.00"
2020-03-10,2020031001008827,SJCL,54,8,20,150.00,"3,000.00"
2020-03-10,2020031001009166,SLBBL,26,48,200,863.00,"172,600.00"
2020-03-10,2020031001009165,SLBBL,45,48,25,865.00,"21,625.00"
2020-03-10,2020031001009164,SLBBL,45,48,300,865.00,"259,500.00"
2020-03-10,2020031001009163,SLBBL,45,48,300,865.00,"259,500.00"
2020-03-10,2020031001008921,SLBBL,37,16,200,865.00,"173,000.00"
2020-03-10,2020031001008920,SLBBL,34,16,500,866.00,"433,000.00"
2020-03-10,2020031001009236,SLICL,44,45,10,428.00,"4,280.00"
2020-03-10,2020031001009102,SLICL,21,42,10,422.00,"4,220.00"
2020-03-10,2020031001008962,SLICL,44,45,10,428.00,"4,280.00"
2020-03-10,2020031001008961,SLICL,44,35,70,424.00,"29,680.00"
2020-03-10,2020031001009208,SRBL,42,45,31,251.00,"7,781.00"
2020-03-10,2020031001009177,SRBL,42,59,101,251.00,"25,351.00"
2020-03-10,2020031001008918,SRBL,42,49,270,251.00,"67,770.00"
2020-03-10,2020031001008917,SRBL,4,49,500,252.00,"126,000.00"
2020-03-10,2020031001008916,SRBL,3,49,50,252.00,"12,600.00"
2020-03-10,2020031001008915,SRBL,4,49,180,252.00,"45,360.00"
2020-03-10,2020031001008812,SRBL,4,13,"1,000",252.00,"252,000.00"
2020-03-10,2020031001008785,SRBL,4,35,50,252.00,"12,600.00"
2020-03-10,2020031001008998,UIC,5,41,10,343.00,"3,430.00"
2020-03-10,2020031001009045,UPPER,42,46,169,230.00,"38,870.00"
2020-03-10,2020031001009044,UPPER,1,46,300,230.00,"69,000.00"
2020-03-10,2020031001009043,UPPER,41,46,750,230.00,"172,500.00"
2020-03-10,2020031001009042,UPPER,10,46,500,230.00,"115,000.00"
2020-03-10,2020031001009041,UPPER,11,46,"1,000",231.00,"231,000.00"
2020-03-10,2020031001009040,UPPER,52,46,45,231.00,"10,395.00"
2020-03-10,2020031001008718,ADBL,36,38,"1,500",382.00,"573,000.00"
2020-03-10,2020031001008630,ADBL,36,18,200,382.00,"76,400.00"
2020-03-10,2020031001008311,ADBL,10,16,548,385.00,"210,980.00"
2020-03-10,2020031001008505,ALBSL,14,6,11,646.00,"7,106.00"
2020-03-10,2020031001008240,ALBSL,14,46,11,646.00,"7,106.00"
2020-03-10,2020031001008574,ALICL,52,36,124,545.00,"67,580.00"
2020-03-10,2020031001008573,ALICL,52,36,376,545.00,"204,920.00"
2020-03-10,2020031001008467,ALICL,52,45,124,545.00,"67,580.00"
2020-03-10,2020031001008378,ALICL,55,59,50,550.00,"27,500.00"
2020-03-10,2020031001008377,ALICL,44,59,100,550.00,"55,000.00"
2020-03-10,2020031001008376,ALICL,40,59,25,550.00,"13,750.00"
2020-03-10,2020031001008316,ALICL,52,46,500,551.00,"275,500.00"
2020-03-10,2020031001008738,API,35,13,47,123.00,"5,781.00"
2020-03-10,2020031001008731,BOKL,29,16,100,234.00,"23,400.00"
2020-03-10,2020031001008723,BOKL,44,6,500,233.00,"116,500.00"
2020-03-10,2020031001008719,BOKL,44,22,343,233.00,"79,919.00"
2020-03-10,2020031001008464,BOKL,52,16,50,234.00,"11,700.00"
2020-03-10,2020031001008463,BOKL,6,16,100,234.00,"23,400.00"
2020-03-10,2020031001008462,BOKL,28,16,200,234.00,"46,800.00"
2020-03-10,2020031001008283,BOKL,28,49,100,235.00,"23,500.00"
2020-03-10,2020031001008461,BOKL,48,16,200,234.00,"46,800.00"
2020-03-10,2020031001008460,BOKL,52,16,100,234.00,"23,400.00"
2020-03-10,2020031001008459,BOKL,33,16,500,234.00,"117,000.00"
2020-03-10,2020031001008458,BOKL,54,16,21,235.00,"4,935.00"
2020-03-10,2020031001008457,BOKL,28,16,451,235.00,"105,985.00"
2020-03-10,2020031001008431,BOKL,28,49,530,235.00,"124,550.00"
2020-03-10,2020031001008651,BPCL,57,16,450,341.00,"153,450.00"
2020-03-10,2020031001008650,BPCL,39,16,50,341.00,"17,050.00"
2020-03-10,2020031001008649,BPCL,59,16,200,342.00,"68,400.00"
2020-03-10,2020031001008648,BPCL,41,16,100,342.00,"34,200.00"
2020-03-10,2020031001008647,BPCL,6,16,200,342.00,"68,400.00"
2020-03-10,2020031001008253,BPCL,25,19,49,343.00,"16,807.00"
2020-03-10,2020031001008252,BPCL,42,19,26,344.00,"8,944.00"
2020-03-10,2020031001008584,CBBL,56,19,90,971.00,"87,390.00"
2020-03-10,2020031001008504,CBBL,56,19,200,980.00,"196,000.00"
2020-03-10,2020031001008496,CBBL,29,50,100,985.00,"98,500.00"
2020-03-10,2020031001008398,CBBL,50,50,285,985.00,"280,725.00"
2020-03-10,2020031001008397,CBBL,50,47,215,985.00,"211,775.00"
2020-03-10,2020031001008375,CBL,17,58,"1,970",143.00,"281,710.00"
2020-03-10,2020031001008374,CBL,43,58,300,143.00,"42,900.00"
2020-03-10,2020031001008373,CBL,42,58,50,143.00,"7,150.00"
2020-03-10,2020031001008372,CBL,39,58,"1,000",143.00,"143,000.00"
2020-03-10,2020031001008277,CBL,39,14,"1,000",143.00,"143,000.00"
2020-03-10,2020031001008705,CCBL,29,45,170,175.00,"29,750.00"
2020-03-10,2020031001008334,CCBL,53,58,200,176.00,"35,200.00"
2020-03-10,2020031001008333,CCBL,50,58,250,176.00,"44,000.00"
2020-03-10,2020031001008332,CCBL,6,58,88,176.00,"15,488.00"
2020-03-10,2020031001008698,CHCL,42,56,500,389.00,"194,500.00"
2020-03-10,2020031001008715,CIT,42,22,100,"2,526.00","252,600.00"
2020-03-10,2020031001008707,CIT,42,54,50,"2,526.00","126,300.00"
2020-03-10,2020031001008619,CIT,42,33,50,"2,526.00","126,300.00"
2020-03-10,2020031001008494,CIT,42,7,20,"2,526.00","50,520.00"
2020-03-10,2020031001008483,CIT,42,54,104,"2,526.00","262,704.00"
2020-03-10,2020031001008442,CIT,42,22,170,"2,526.00","429,420.00"
2020-03-10,2020031001008441,CIT,58,22,200,"2,526.00","505,200.00"
2020-03-10,2020031001008422,CIT,35,35,500,"2,527.00","1,263,500.00"
2020-03-10,2020031001008421,CIT,52,35,30,"2,527.00","75,810.00"
2020-03-10,2020031001008338,CIT,35,54,20,"2,528.00","50,560.00"
2020-03-10,2020031001008735,CZBIL,46,25,60,192.00,"11,520.00"
2020-03-10,2020031001008434,DDBL,42,32,50,823.00,"41,150.00"
2020-03-10,2020031001008433,DDBL,29,32,50,824.00,"41,200.00"
2020-03-10,2020031001008633,EBL,17,39,365,700.00,"255,500.00"
2020-03-10,2020031001008622,EBL,17,58,200,700.00,"140,000.00"
2020-03-10,2020031001008543,EBL,17,44,50,700.00,"35,000.00"
2020-03-10,2020031001008522,EBL,17,7,85,700.00,"59,500.00"
2020-03-10,2020031001008521,EBL,42,7,350,700.00,"245,000.00"
2020-03-10,2020031001008427,EBL,11,42,100,701.00,"70,100.00"
2020-03-10,2020031001008426,EBL,55,42,24,705.00,"16,920.00"
2020-03-10,2020031001008355,EBL,55,43,376,705.00,"265,080.00"
2020-03-10,2020031001008354,EBL,55,26,600,705.00,"423,000.00"
2020-03-10,2020031001008258,EBL,49,26,100,705.00,"70,500.00"
2020-03-10,2020031001008520,EBL,57,7,150,700.00,"105,000.00"
2020-03-10,2020031001008519,EBL,40,7,25,700.00,"17,500.00"
2020-03-10,2020031001008518,EBL,44,7,10,700.00,"7,000.00"
2020-03-10,2020031001008430,EBL,44,42,90,700.00,"63,000.00"
2020-03-10,2020031001008429,EBL,44,42,36,700.00,"25,200.00"
2020-03-10,2020031001008428,EBL,7,42,50,701.00,"35,050.00"
2020-03-10,2020031001008357,EIC,56,21,100,370.00,"37,000.00"
2020-03-10,2020031001008627,FMDBL,39,46,50,477.00,"23,850.00"
2020-03-10,2020031001008356,FMDBL,43,46,50,477.00,"23,850.00"
2020-03-10,2020031001008510,FOWAD,41,58,100,"1,460.00","146,000.00"
2020-03-10,2020031001008509,FOWAD,40,58,100,"1,461.00","146,100.00"
2020-03-10,2020031001008615,GBBL,4,32,137,237.00,"32,469.00"
2020-03-10,2020031001008614,GBBL,7,32,500,237.00,"118,500.00"
2020-03-10,2020031001008613,GBBL,38,32,50,238.00,"11,900.00"
2020-03-10,2020031001008612,GBBL,21,32,"1,000",238.00,"238,000.00"
2020-03-10,2020031001008611,GBBL,59,32,50,238.00,"11,900.00"
2020-03-10,2020031001008610,GBBL,41,32,100,238.00,"23,800.00"
2020-03-10,2020031001008603,GBBL,4,32,143,239.00,"34,177.00"
2020-03-10,2020031001008563,GBBL,4,49,357,239.00,"85,323.00"
2020-03-10,2020031001008562,GBBL,4,49,223,239.00,"53,297.00"
2020-03-10,2020031001008492,GBBL,4,43,277,239.00,"66,203.00"
2020-03-10,2020031001008491,GBBL,4,43,500,239.00,"119,500.00"
2020-03-10,2020031001008609,GBBL,13,32,20,238.00,"4,760.00"
2020-03-10,2020031001008608,GBBL,4,32,500,239.00,"119,500.00"
2020-03-10,2020031001008607,GBBL,4,32,500,239.00,"119,500.00"
2020-03-10,2020031001008606,GBBL,4,32,500,239.00,"119,500.00"
2020-03-10,2020031001008605,GBBL,4,32,500,239.00,"119,500.00"
2020-03-10,2020031001008604,GBBL,4,32,500,239.00,"119,500.00"
2020-03-10,2020031001008704,GBIME,25,38,379,270.00,"102,330.00"
2020-03-10,2020031001008703,GBIME,6,38,121,271.00,"32,791.00"
2020-03-10,2020031001008456,GBIME,11,7,20,275.00,"5,500.00"
2020-03-10,2020031001008273,GBIME,6,20,379,271.00,"102,709.00"
2020-03-10,2020031001008621,GBLBS,45,59,40,475.00,"19,000.00"
2020-03-10,2020031001008620,GBLBS,5,59,590,475.00,"280,250.00"
2020-03-10,2020031001008536,GBLBS,5,52,500,475.00,"237,500.00"
2020-03-10,2020031001008340,GBLBS,5,13,500,475.00,"237,500.00"
2020-03-10,2020031001008435,GLICL,32,49,75,453.00,"33,975.00"
2020-03-10,2020031001008384,GLICL,32,48,25,453.00,"11,325.00"
2020-03-10,2020031001008383,GLICL,45,48,100,453.00,"45,300.00"
2020-03-10,2020031001008382,GLICL,42,48,30,455.00,"13,650.00"
2020-03-10,2020031001008381,GLICL,45,48,20,457.00,"9,140.00"
2020-03-10,2020031001008380,GLICL,55,48,20,461.00,"9,220.00"
2020-03-10,2020031001008379,GLICL,50,48,20,461.00,"9,220.00"
2020-03-10,2020031001008564,GUFL,44,7,10,128.00,"1,280.00"
2020-03-10,2020031001008280,HBL,29,13,100,573.00,"57,300.00"
2020-03-10,2020031001008279,HBL,14,13,50,575.00,"28,750.00"
2020-03-10,2020031001008278,HBL,48,13,15,581.00,"8,715.00"
2020-03-10,2020031001008685,HDL,53,54,200,"1,530.00","306,000.00"
2020-03-10,2020031001008675,HDL,4,54,265,"1,530.00","405,450.00"
2020-03-10,2020031001008662,HDL,40,41,640,"1,543.00","987,520.00"
2020-03-10,2020031001008623,HDL,4,46,50,"1,530.00","76,500.00"
2020-03-10,2020031001008507,HDL,4,54,185,"1,523.00","281,755.00"
2020-03-10,2020031001008454,HDL,53,54,200,"1,523.00","304,600.00"
2020-03-10,2020031001008359,HDL,57,25,20,"1,538.00","30,760.00"
2020-03-10,2020031001008358,HDL,13,25,50,"1,539.00","76,950.00"
2020-03-10,2020031001008447,HDL,55,54,100,"1,530.00","153,000.00"
2020-03-10,2020031001008446,HDL,55,54,100,"1,530.00","153,000.00"
2020-03-10,2020031001008445,HDL,11,54,100,"1,530.00","153,000.00"
2020-03-10,2020031001008444,HDL,4,54,100,"1,531.00","153,100.00"
2020-03-10,2020031001008443,HDL,10,54,70,"1,535.00","107,450.00"
2020-03-10,2020031001008360,HDL,10,25,30,"1,535.00","46,050.00"
2020-03-10,2020031001008453,HDL,7,54,200,"1,523.00","304,600.00"
2020-03-10,2020031001008452,HDL,20,54,20,"1,523.00","30,460.00"
2020-03-10,2020031001008451,HDL,4,54,100,"1,524.00","152,400.00"
2020-03-10,2020031001008450,HDL,11,54,10,"1,524.00","15,240.00"
2020-03-10,2020031001008449,HDL,22,54,10,"1,524.00","15,240.00"
2020-03-10,2020031001008448,HDL,19,54,30,"1,524.00","45,720.00"
2020-03-10,2020031001008558,HIDCL,6,13,502,133.00,"66,766.00"
2020-03-10,2020031001008557,HIDCL,25,13,100,133.00,"13,300.00"
2020-03-10,2020031001008556,HIDCL,51,13,200,133.00,"26,600.00"
2020-03-10,2020031001008555,HIDCL,52,13,500,133.00,"66,500.00"
2020-03-10,2020031001008554,HIDCL,5,13,798,133.00,"106,134.00"
2020-03-10,2020031001008336,HIDCL,5,6,63,134.00,"8,442.00"
2020-03-10,2020031001008335,HIDCL,5,26,"1,067",134.00,"142,978.00"
2020-03-10,2020031001008365,ILBS,39,57,46,740.00,"34,040.00"
2020-03-10,2020031001008364,ILBS,14,57,14,744.00,"10,416.00"
2020-03-10,2020031001008363,ILBS,55,57,20,745.00,"14,900.00"
2020-03-10,2020031001008362,ILBS,57,57,40,745.00,"29,800.00"
2020-03-10,2020031001008361,ILBS,1,57,880,746.00,"656,480.00"
2020-03-10,2020031001008722,JBBL,17,35,140,180.00,"25,200.00"
2020-03-10,2020031001008506,JBBL,17,10,100,180.00,"18,000.00"
2020-03-10,2020031001008368,JBBL,17,6,151,180.00,"27,180.00"
2020-03-10,2020031001008725,KBL,43,25,100,200.00,"20,000.00"
2020-03-10,2020031001008683,KBL,43,45,700,200.00,"140,000.00"
2020-03-10,2020031001008538,KBL,43,49,920,200.00,"184,000.00"
2020-03-10,2020031001008537,KBL,6,49,80,202.00,"16,160.00"
2020-03-10,2020031001008366,KBL,6,33,220,202.00,"44,440.00"
2020-03-10,2020031001008631,KMCDB,44,21,10,855.00,"8,550.00"
2020-03-10,2020031001008347,KMCDB,44,58,65,855.00,"55,575.00"
2020-03-10,2020031001008301,KMCDB,44,48,23,855.00,"19,665.00"
2020-03-10,2020031001008300,KMCDB,46,48,50,857.00,"42,850.00"
2020-03-10,2020031001008299,KMCDB,25,48,17,857.00,"14,569.00"
2020-03-10,2020031001008490,KSBBL,47,35,100,158.00,"15,800.00"
2020-03-10,2020031001008489,KSBBL,47,35,300,158.00,"47,400.00"
2020-03-10,2020031001008488,KSBBL,47,35,500,158.00,"79,000.00"
2020-03-10,2020031001008487,KSBBL,1,35,"1,000",158.00,"158,000.00"
2020-03-10,2020031001008486,KSBBL,41,35,200,159.00,"31,800.00"
2020-03-10,2020031001008485,KSBBL,47,35,300,159.00,"47,700.00"
2020-03-10,2020031001008484,KSBBL,40,35,100,159.00,"15,900.00"
2020-03-10,2020031001008249,KSBBL,41,35,100,160.00,"16,000.00"
2020-03-10,2020031001008248,KSBBL,5,35,"1,456",160.00,"232,960.00"
2020-03-10,2020031001008513,LBBL,35,21,410,183.00,"75,030.00"
2020-03-10,2020031001008512,LBBL,41,21,88,183.00,"16,104.00"
2020-03-10,2020031001008726,LBL,44,21,500,218.00,"109,000.00"
2020-03-10,2020031001008730,LGIL,51,36,50,457.00,"22,850.00"
2020-03-10,2020031001008729,LGIL,42,36,324,457.00,"148,068.00"
2020-03-10,2020031001008697,LGIL,42,44,676,457.00,"308,932.00"
2020-03-10,2020031001008696,LGIL,42,44,324,457.00,"148,068.00"
2020-03-10,2020031001008371,LICN,46,25,42,"1,350.00","56,700.00"
2020-03-10,2020031001008370,LICN,39,25,100,"1,350.00","135,000.00"
2020-03-10,2020031001008369,LICN,35,25,83,"1,350.00","112,050.00"
2020-03-10,2020031001008296,LLBS,52,18,250,990.00,"247,500.00"
2020-03-10,2020031001008295,LLBS,51,18,50,991.00,"49,550.00"
2020-03-10,2020031001008294,LLBS,52,18,50,991.00,"49,550.00"
2020-03-10,2020031001008293,LLBS,57,18,100,992.00,"99,200.00"
2020-03-10,2020031001008292,LLBS,14,18,100,"1,001.00","100,100.00"
2020-03-10,2020031001008291,LLBS,29,18,50,"1,002.00","50,100.00"
2020-03-10,2020031001008542,MBL,6,47,305,231.00,"70,455.00"
2020-03-10,2020031001008339,MBL,17,21,138,228.00,"31,464.00"
2020-03-10,2020031001008702,MEGA,58,58,400,216.00,"86,400.00"
2020-03-10,2020031001008642,MEGA,58,38,500,216.00,"108,000.00"
2020-03-10,2020031001008531,MEGA,58,6,500,216.00,"108,000.00"
2020-03-10,2020031001008517,MEGA,58,25,100,216.00,"21,600.00"
2020-03-10,2020031001008493,MEGA,58,48,300,216.00,"64,800.00"
2020-03-10,2020031001008261,MEGA,58,13,"1,961",216.00,"423,576.00"
2020-03-10,2020031001008260,MEGA,38,13,250,216.00,"54,000.00"
2020-03-10,2020031001008259,MEGA,8,13,208,216.00,"44,928.00"
2020-03-10,2020031001008411,MFIL,39,41,500,288.00,"144,000.00"
2020-03-10,2020031001008410,MFIL,43,41,"2,000",288.00,"576,000.00"
2020-03-10,2020031001008583,MLBL,4,45,914,209.00,"191,026.00"
2020-03-10,2020031001008582,MLBL,46,45,300,209.00,"62,700.00"
2020-03-10,2020031001008581,MLBL,22,45,149,209.00,"31,141.00"
2020-03-10,2020031001008580,MLBL,43,45,137,210.00,"28,770.00"
2020-03-10,2020031001008732,MNBBL,4,32,"2,800",324.00,"907,200.00"
2020-03-10,2020031001008634,MNBBL,4,16,300,324.00,"97,200.00"
2020-03-10,2020031001008425,MNBBL,4,39,"1,980",324.00,"641,520.00"
2020-03-10,2020031001008424,MNBBL,53,39,20,325.00,"6,500.00"
2020-03-10,2020031001008367,MPFL,32,43,10,121.00,"1,210.00"
2020-03-10,2020031001008724,NABIL,58,32,197,785.00,"154,645.00"
2020-03-10,2020031001008681,NABIL,22,32,500,785.00,"392,500.00"
2020-03-10,2020031001008661,NABIL,36,25,50,784.00,"39,200.00"
2020-03-10,2020031001008639,NABIL,36,17,26,784.00,"20,384.00"
2020-03-10,2020031001008529,NABIL,36,7,58,784.00,"45,472.00"
2020-03-10,2020031001008528,NABIL,58,7,50,784.00,"39,200.00"
2020-03-10,2020031001008272,NABIL,17,46,250,786.00,"196,500.00"
2020-03-10,2020031001008263,NABIL,7,22,20,788.00,"15,760.00"
2020-03-10,2020031001008390,NABIL,1,32,100,785.00,"78,500.00"
2020-03-10,2020031001008389,NABIL,52,32,100,785.00,"78,500.00"
2020-03-10,2020031001008388,NABIL,35,32,588,785.00,"461,580.00"
2020-03-10,2020031001008330,NABIL,35,56,212,785.00,"166,420.00"
2020-03-10,2020031001008329,NABIL,17,56,88,786.00,"69,168.00"
2020-03-10,2020031001008310,NABIL,17,6,40,786.00,"31,440.00"
2020-03-10,2020031001008396,NABIL,7,32,500,785.00,"392,500.00"
2020-03-10,2020031001008395,NABIL,49,32,20,785.00,"15,700.00"
2020-03-10,2020031001008394,NABIL,34,32,15,785.00,"11,775.00"
2020-03-10,2020031001008393,NABIL,34,32,100,785.00,"78,500.00"
2020-03-10,2020031001008392,NABIL,48,32,100,785.00,"78,500.00"
2020-03-10,2020031001008391,NABIL,57,32,100,785.00,"78,500.00"
2020-03-10,2020031001008241,NADEP,34,19,100,640.00,"64,000.00"
2020-03-10,2020031001008242,NADEP,50,19,100,637.00,"63,700.00"
2020-03-10,2020031001008680,NBB,41,49,245,212.00,"51,940.00"
2020-03-10,2020031001008679,NBB,49,49,375,212.00,"79,500.00"
2020-03-10,2020031001008678,NBB,45,49,380,212.00,"80,560.00"
2020-03-10,2020031001008635,NBB,45,35,600,212.00,"127,200.00"
2020-03-10,2020031001008432,NBB,45,25,200,212.00,"42,400.00"
2020-03-10,2020031001008268,NBB,45,49,400,212.00,"84,800.00"
2020-03-10,2020031001008646,NBL,8,43,290,269.00,"78,010.00"
2020-03-10,2020031001008645,NBL,38,43,10,269.00,"2,690.00"
2020-03-10,2020031001008644,NBL,34,43,100,269.00,"26,900.00"
2020-03-10,2020031001008643,NBL,6,43,100,270.00,"27,000.00"
2020-03-10,2020031001008503,NBL,44,3,500,270.00,"135,000.00"
2020-03-10,2020031001008302,NBL,7,58,"1,840",271.00,"498,640.00"
2020-03-10,2020031001008638,NCCB,10,25,"1,000",190.00,"190,000.00"
2020-03-10,2020031001008307,NCCB,58,33,10,191.00,"1,910.00"
2020-03-10,2020031001008306,NCCB,58,33,245,190.00,"46,550.00"
2020-03-10,2020031001008305,NCCB,58,33,555,190.00,"105,450.00"
2020-03-10,2020031001008423,NGPL,51,32,450,118.00,"53,100.00"
2020-03-10,2020031001008717,NIB,6,26,71,402.00,"28,542.00"
2020-03-10,2020031001008716,NIB,6,21,29,401.00,"11,629.00"
2020-03-10,2020031001008739,NICA,45,49,100,531.00,"53,100.00"
2020-03-10,2020031001008674,NICA,47,41,500,532.00,"266,000.00"
2020-03-10,2020031001008673,NICA,52,41,10,532.00,"5,320.00"
2020-03-10,2020031001008672,NICA,49,41,100,532.00,"53,200.00"
2020-03-10,2020031001008671,NICA,42,41,"2,500",532.00,"1,330,000.00"
2020-03-10,2020031001008670,NICA,41,41,25,534.00,"13,350.00"
2020-03-10,2020031001008400,NICA,50,14,500,535.00,"267,500.00"
2020-03-10,2020031001008267,NICA,17,25,100,536.00,"53,600.00"
2020-03-10,2020031001008571,NICA,35,57,280,536.00,"150,080.00"
2020-03-10,2020031001008570,NICA,35,43,370,536.00,"198,320.00"
2020-03-10,2020031001008569,NICA,35,18,"1,424",536.00,"763,264.00"
2020-03-10,2020031001008568,NICA,35,6,100,536.00,"53,600.00"
2020-03-10,2020031001008559,NICA,33,32,310,535.00,"165,850.00"
2020-03-10,2020031001008401,NICA,33,14,"1,500",535.00,"802,500.00"
2020-03-10,2020031001008669,NICA,22,41,500,534.00,"267,000.00"
2020-03-10,2020031001008668,NICA,53,41,100,534.00,"53,400.00"
2020-03-10,2020031001008667,NICA,42,41,100,535.00,"53,500.00"
2020-03-10,2020031001008666,NICA,38,41,100,535.00,"53,500.00"
2020-03-10,2020031001008665,NICA,33,41,190,535.00,"101,650.00"
2020-03-10,2020031001008572,NICA,35,45,452,536.00,"242,272.00"
2020-03-10,2020031001008495,NICL,53,56,100,420.00,"42,000.00"
2020-03-10,2020031001008257,NICL,51,45,100,425.00,"42,500.00"
2020-03-10,2020031001008256,NICL,38,45,79,425.00,"33,575.00"
2020-03-10,2020031001008255,NICL,14,45,100,425.00,"42,500.00"
2020-03-10,2020031001008254,NICL,48,45,18,425.00,"7,650.00"
2020-03-10,2020031001008714,NIL,5,42,190,536.00,"101,840.00"
2020-03-10,2020031001008713,NIL,5,42,50,536.00,"26,800.00"
2020-03-10,2020031001008712,NIL,5,42,100,536.00,"53,600.00"
2020-03-10,2020031001008711,NIL,58,42,160,538.00,"86,080.00"
2020-03-10,2020031001008541,NIL,58,33,40,538.00,"21,520.00"
2020-03-10,2020031001008540,NIL,40,33,200,539.00,"107,800.00"
2020-03-10,2020031001008539,NIL,21,33,10,539.00,"5,390.00"
2020-03-10,2020031001008710,NLIC,33,8,50,"1,170.00","58,500.00"
2020-03-10,2020031001008709,NLIC,16,8,200,"1,170.00","234,000.00"
2020-03-10,2020031001008708,NLIC,8,8,100,"1,171.00","117,100.00"
2020-03-10,2020031001008641,NLIC,59,17,100,"1,172.00","117,200.00"
2020-03-10,2020031001008640,NLIC,34,17,200,"1,172.00","234,400.00"
2020-03-10,2020031001008587,NLIC,32,29,50,"1,179.00","58,950.00"
2020-03-10,2020031001008350,NLIC,34,39,20,"1,182.00","23,640.00"
2020-03-10,2020031001008349,NLIC,10,39,109,"1,183.00","128,947.00"
2020-03-10,2020031001008266,NLIC,10,16,191,"1,183.00","225,953.00"
2020-03-10,2020031001008265,NLIC,14,16,10,"1,183.00","11,830.00"
2020-03-10,2020031001008472,NLIC,43,16,100,"1,180.00","118,000.00"
2020-03-10,2020031001008471,NLIC,6,16,50,"1,180.00","59,000.00"
2020-03-10,2020031001008470,NLIC,10,16,200,"1,182.00","236,400.00"
2020-03-10,2020031001008469,NLIC,33,16,100,"1,182.00","118,200.00"
2020-03-10,2020031001008468,NLIC,58,16,225,"1,183.00","266,175.00"
2020-03-10,2020031001008351,NLIC,52,39,96,"1,182.00","113,472.00"
2020-03-10,2020031001008586,NLIC,10,29,100,"1,179.00","117,900.00"
2020-03-10,2020031001008585,NLIC,51,29,50,"1,179.00","58,950.00"
2020-03-10,2020031001008476,NLIC,55,16,200,"1,180.00","236,000.00"
2020-03-10,2020031001008475,NLIC,58,16,20,"1,180.00","23,600.00"
2020-03-10,2020031001008474,NLIC,38,16,100,"1,180.00","118,000.00"
2020-03-10,2020031001008473,NLIC,34,16,200,"1,180.00","236,000.00"
2020-03-10,2020031001008498,NLICL,41,56,25,645.00,"16,125.00"
2020-03-10,2020031001008497,NLICL,41,56,500,645.00,"322,500.00"
2020-03-10,2020031001008420,NLICL,49,32,20,645.00,"12,900.00"
2020-03-10,2020031001008419,NLICL,44,32,"1,000",645.00,"645,000.00"
2020-03-10,2020031001008418,NLICL,6,32,30,645.00,"19,350.00"
2020-03-10,2020031001008417,NLICL,57,32,50,645.00,"32,250.00"
2020-03-10,2020031001008416,NLICL,51,32,50,648.00,"32,400.00"
2020-03-10,2020031001008415,NLICL,52,32,100,648.00,"64,800.00"
2020-03-10,2020031001008414,NLICL,35,32,100,650.00,"65,000.00"
2020-03-10,2020031001008413,NLICL,32,32,100,658.00,"65,800.00"
2020-03-10,2020031001008412,NLICL,44,32,44,658.00,"28,952.00"
2020-03-10,2020031001008734,NMB,49,42,375,425.00,"159,375.00"
2020-03-10,2020031001008733,NMB,49,42,125,425.00,"53,125.00"
2020-03-10,2020031001008699,NMB,49,52,500,425.00,"212,500.00"
2020-03-10,2020031001008682,NMB,38,38,167,426.00,"71,142.00"
2020-03-10,2020031001008657,NMB,49,14,"3,000",425.00,"1,275,000.00"
2020-03-10,2020031001008655,NMB,49,55,375,425.00,"159,375.00"
2020-03-10,2020031001008500,NMB,58,38,300,428.00,"128,400.00"
2020-03-10,2020031001008499,NMB,17,38,353,428.00,"151,084.00"
2020-03-10,2020031001008455,NMB,17,47,300,428.00,"128,400.00"
2020-03-10,2020031001008308,NMB,17,11,20,428.00,"8,560.00"
2020-03-10,2020031001008276,NMB,17,25,327,428.00,"139,956.00"
2020-03-10,2020031001008275,NMB,17,25,305,428.00,"130,540.00"
2020-03-10,2020031001008654,NMB,7,55,500,425.00,"212,500.00"
2020-03-10,2020031001008653,NMB,41,55,50,425.00,"21,250.00"
2020-03-10,2020031001008652,NMB,52,55,45,425.00,"19,125.00"
2020-03-10,2020031001008548,NMB,52,35,200,425.00,"85,000.00"
2020-03-10,2020031001008502,NMB,59,38,300,426.00,"127,800.00"
2020-03-10,2020031001008501,NMB,28,38,880,427.00,"375,760.00"
2020-03-10,2020031001008534,NMBMF,43,25,98,796.00,"78,008.00"
2020-03-10,2020031001008337,NUBL,42,19,482,957.00,"461,274.00"
2020-03-10,2020031001008561,PCBL,4,39,"1,043",290.00,"302,470.00"
2020-03-10,2020031001008466,PIC,39,43,40,570.00,"22,800.00"
2020-03-10,2020031001008465,PIC,6,43,30,570.00,"17,100.00"
2020-03-10,2020031001008695,PLIC,16,7,500,560.00,"280,000.00"
2020-03-10,2020031001008694,PLIC,29,7,400,560.00,"224,000.00"
2020-03-10,2020031001008693,PLIC,45,7,100,560.00,"56,000.00"
2020-03-10,2020031001008692,PLIC,4,7,500,560.00,"280,000.00"
2020-03-10,2020031001008691,PLIC,41,7,250,560.00,"140,000.00"
2020-03-10,2020031001008690,PLIC,3,7,10,565.00,"5,650.00"
2020-03-10,2020031001008618,PLIC,56,32,50,567.00,"28,350.00"
2020-03-10,2020031001008617,PLIC,35,32,100,567.00,"56,700.00"
2020-03-10,2020031001008616,PLIC,45,32,239,567.00,"135,513.00"
2020-03-10,2020031001008532,PLIC,45,38,249,567.00,"141,183.00"
2020-03-10,2020031001008399,PLIC,57,57,585,568.00,"332,280.00"
2020-03-10,2020031001008677,PRIN,19,59,50,415.00,"20,750.00"
2020-03-10,2020031001008676,PRIN,49,59,100,416.00,"41,600.00"
2020-03-10,2020031001008728,PRVU,35,46,624,242.00,"151,008.00"
2020-03-10,2020031001008727,PRVU,42,46,200,242.00,"48,400.00"
2020-03-10,2020031001008632,PRVU,11,58,20,243.00,"4,860.00"
2020-03-10,2020031001008552,PRVU,34,58,600,243.00,"145,800.00"
2020-03-10,2020031001008551,PRVU,57,58,100,243.00,"24,300.00"
2020-03-10,2020031001008550,PRVU,52,58,200,243.00,"48,600.00"
2020-03-10,2020031001008312,PRVU,8,57,438,244.00,"106,872.00"
2020-03-10,2020031001008549,PRVU,50,58,50,243.00,"12,150.00"
2020-03-10,2020031001008353,PRVU,22,29,50,244.00,"12,200.00"
2020-03-10,2020031001008352,PRVU,6,29,518,244.00,"126,392.00"
2020-03-10,2020031001008315,PRVU,6,57,482,244.00,"117,608.00"
2020-03-10,2020031001008314,PRVU,59,57,300,244.00,"73,200.00"
2020-03-10,2020031001008313,PRVU,51,57,100,244.00,"24,400.00"
2020-03-10,2020031001008689,RHPL,59,29,40,153.00,"6,120.00"
2020-03-10,2020031001008688,RHPL,19,29,500,153.00,"76,500.00"
2020-03-10,2020031001008687,RHPL,22,29,400,153.00,"61,200.00"
2020-03-10,2020031001008686,RHPL,42,29,660,153.00,"100,980.00"
2020-03-10,2020031001008438,RHPL,11,39,390,156.00,"60,840.00"
2020-03-10,2020031001008533,RLFL,32,21,10,140.00,"1,400.00"
2020-03-10,2020031001008264,SADBL,42,45,200,161.00,"32,200.00"
2020-03-10,2020031001008626,SANIMA,36,49,"1,448",345.00,"499,560.00"
2020-03-10,2020031001008625,SANIMA,59,49,200,345.00,"69,000.00"
2020-03-10,2020031001008624,SANIMA,34,49,52,345.00,"17,940.00"
2020-03-10,2020031001008579,SANIMA,34,59,448,345.00,"154,560.00"
2020-03-10,2020031001008578,SANIMA,56,59,552,346.00,"190,992.00"
2020-03-10,2020031001008309,SANIMA,56,57,138,346.00,"47,748.00"
2020-03-10,2020031001008282,SANIMA,56,25,210,346.00,"72,660.00"
2020-03-10,2020031001008281,SANIMA,19,25,90,346.00,"31,140.00"
2020-03-10,2020031001008577,SAPDBL,53,18,391,128.00,"50,048.00"
2020-03-10,2020031001008576,SAPDBL,19,18,100,128.00,"12,800.00"
2020-03-10,2020031001008575,SAPDBL,25,18,100,129.00,"12,900.00"
2020-03-10,2020031001008527,SBI,25,41,49,420.00,"20,580.00"
2020-03-10,2020031001008526,SBI,17,41,100,420.00,"42,000.00"
2020-03-10,2020031001008525,SBI,28,41,100,420.00,"42,000.00"
2020-03-10,2020031001008524,SBI,4,41,156,420.00,"65,520.00"
2020-03-10,2020031001008516,SBI,4,13,344,420.00,"144,480.00"
2020-03-10,2020031001008515,SBI,53,13,15,420.00,"6,300.00"
2020-03-10,2020031001008663,SBL,25,11,15,303.00,"4,545.00"
2020-03-10,2020031001008602,SBL,25,33,"1,321",303.00,"400,263.00"
2020-03-10,2020031001008601,SBL,11,33,100,303.00,"30,300.00"
2020-03-10,2020031001008600,SBL,43,33,100,303.00,"30,300.00"
2020-03-10,2020031001008599,SBL,46,33,50,303.00,"15,150.00"
2020-03-10,2020031001008598,SBL,10,33,100,303.00,"30,300.00"
2020-03-10,2020031001008320,SBL,53,13,100,308.00,"30,800.00"
2020-03-10,2020031001008319,SBL,17,13,500,309.00,"154,500.00"
2020-03-10,2020031001008318,SBL,56,13,103,309.00,"31,827.00"
2020-03-10,2020031001008326,SBL,35,13,100,308.00,"30,800.00"
2020-03-10,2020031001008325,SBL,34,13,390,308.00,"120,120.00"
2020-03-10,2020031001008324,SBL,11,13,500,308.00,"154,000.00"
2020-03-10,2020031001008323,SBL,55,13,200,308.00,"61,600.00"
2020-03-10,2020031001008322,SBL,34,13,500,308.00,"154,000.00"
2020-03-10,2020031001008321,SBL,17,13,"2,000",308.00,"616,000.00"
2020-03-10,2020031001008591,SBL,13,33,30,304.00,"9,120.00"
2020-03-10,2020031001008590,SBL,41,33,300,305.00,"91,500.00"
2020-03-10,2020031001008589,SBL,51,33,100,305.00,"30,500.00"
2020-03-10,2020031001008588,SBL,13,33,300,306.00,"91,800.00"
2020-03-10,2020031001008328,SBL,6,13,"1,000",307.00,"307,000.00"
2020-03-10,2020031001008327,SBL,58,13,200,308.00,"61,600.00"
2020-03-10,2020031001008597,SBL,40,33,"1,000",303.00,"303,000.00"
2020-03-10,2020031001008596,SBL,58,33,100,303.00,"30,300.00"
2020-03-10,2020031001008595,SBL,1,33,500,303.00,"151,500.00"
2020-03-10,2020031001008594,SBL,32,33,100,303.00,"30,300.00"
2020-03-10,2020031001008593,SBL,38,33,100,304.00,"30,400.00"
2020-03-10,2020031001008592,SBL,28,33,"5,000",304.00,"1,520,000.00"
2020-03-10,2020031001008660,SCB,17,3,200,632.00,"126,400.00"
2020-03-10,2020031001008508,SCB,38,3,100,632.00,"63,200.00"
2020-03-10,2020031001008409,SCB,50,7,100,640.00,"64,000.00"
2020-03-10,2020031001008408,SCB,22,7,15,640.00,"9,600.00"
2020-03-10,2020031001008407,SCB,26,7,100,640.00,"64,000.00"
2020-03-10,2020031001008406,SCB,49,7,400,640.00,"256,000.00"
2020-03-10,2020031001008405,SCB,45,7,50,641.00,"32,050.00"
2020-03-10,2020031001008404,SCB,38,7,20,642.00,"12,840.00"
2020-03-10,2020031001008403,SCB,48,7,50,644.00,"32,200.00"
2020-03-10,2020031001008298,SCB,48,58,50,644.00,"32,200.00"
2020-03-10,2020031001008297,SCB,33,58,50,645.00,"32,250.00"
2020-03-10,2020031001008737,SDESI,56,45,100,865.00,"86,500.00"
2020-03-10,2020031001008736,SDESI,26,45,10,865.00,"8,650.00"
2020-03-10,2020031001008285,SEF,48,42,"3,900",9.20,"35,880.00"
2020-03-10,2020031001008284,SEF,49,42,600,9.20,"5,520.00"
2020-03-10,2020031001008684,SHINE,58,39,"1,000",291.00,"291,000.00"
2020-03-10,2020031001008271,SHINE,58,21,200,291.00,"58,200.00"
2020-03-10,2020031001008656,SHIVM,22,45,500,542.00,"271,000.00"
2020-03-10,2020031001008567,SHIVM,48,48,50,541.00,"27,050.00"
2020-03-10,2020031001008566,SHIVM,49,48,15,541.00,"8,115.00"
2020-03-10,2020031001008565,SHIVM,48,48,565,542.00,"306,230.00"
2020-03-10,2020031001008560,SHIVM,48,32,50,542.00,"27,100.00"
2020-03-10,2020031001008523,SHIVM,48,7,300,545.00,"163,500.00"
2020-03-10,2020031001008331,SHIVM,22,4,100,545.00,"54,500.00"
2020-03-10,2020031001008304,SHIVM,22,29,85,545.00,"46,325.00"
2020-03-10,2020031001008262,SHIVM,5,7,200,543.00,"108,600.00"
2020-03-10,2020031001008480,SHIVM,48,44,385,542.00,"208,670.00"
2020-03-10,2020031001008479,SHIVM,56,44,100,542.00,"54,200.00"
2020-03-10,2020031001008478,SHIVM,59,44,500,543.00,"271,500.00"
2020-03-10,2020031001008477,SHIVM,5,44,15,543.00,"8,145.00"
2020-03-10,2020031001008386,SHIVM,5,48,285,543.00,"154,755.00"
2020-03-10,2020031001008385,SHIVM,22,48,315,545.00,"171,675.00"
2020-03-10,2020031001008659,SHPC,53,3,100,208.00,"20,800.00"
2020-03-10,2020031001008658,SHPC,52,3,800,208.00,"166,400.00"
2020-03-10,2020031001008317,SHPC,52,46,200,208.00,"41,600.00"
2020-03-10,2020031001008250,SHPC,34,48,"1,000",209.00,"209,000.00"
2020-03-10,2020031001008701,SICL,42,20,125,931.00,"116,375.00"
2020-03-10,2020031001008700,SICL,42,43,500,931.00,"465,500.00"
2020-03-10,2020031001008547,SICL,42,45,44,931.00,"40,964.00"
2020-03-10,2020031001008546,SICL,42,45,56,931.00,"52,136.00"
2020-03-10,2020031001008341,SICL,42,20,100,931.00,"93,100.00"
2020-03-10,2020031001008637,SIL,44,45,100,530.00,"53,000.00"
2020-03-10,2020031001008636,SIL,58,45,20,531.00,"10,620.00"
2020-03-10,2020031001008553,SKBBL,45,42,221,"1,068.00","236,028.00"
2020-03-10,2020031001008246,SLBBL,52,7,50,867.00,"43,350.00"
2020-03-10,2020031001008245,SLBBL,38,7,70,867.00,"60,690.00"
2020-03-10,2020031001008244,SLBBL,29,7,50,868.00,"43,400.00"
2020-03-10,2020031001008243,SLBBL,45,7,22,868.00,"19,096.00"
2020-03-10,2020031001008247,SLBBL,16,7,100,867.00,"86,700.00"
2020-03-10,2020031001008545,SLICL,44,46,124,421.00,"52,204.00"
2020-03-10,2020031001008544,SLICL,26,46,76,422.00,"32,072.00"
2020-03-10,2020031001008514,SLICL,59,35,30,424.00,"12,720.00"
2020-03-10,2020031001008303,SLICL,26,39,348,422.00,"146,856.00"
2020-03-10,2020031001008706,SRBL,4,57,300,252.00,"75,600.00"
2020-03-10,2020031001008664,SRBL,4,58,"2,000",252.00,"504,000.00"
2020-03-10,2020031001008535,SRBL,4,57,500,252.00,"126,000.00"
2020-03-10,2020031001008511,SRBL,4,58,946,252.00,"238,392.00"
2020-03-10,2020031001008482,SRBL,4,58,24,252.00,"6,048.00"
2020-03-10,2020031001008481,SRBL,4,58,"4,976",252.00,"1,253,952.00"
2020-03-10,2020031001008440,SRBL,4,17,24,252.00,"6,048.00"
2020-03-10,2020031001008439,SRBL,34,17,56,252.00,"14,112.00"
2020-03-10,2020031001008387,SRBL,34,14,300,252.00,"75,600.00"
2020-03-10,2020031001008348,SRBL,34,6,"1,000",252.00,"252,000.00"
2020-03-10,2020031001008251,SRBL,34,19,500,252.00,"126,000.00"
2020-03-10,2020031001008629,STC,19,45,20,"2,410.00","48,200.00"
2020-03-10,2020031001008628,STC,25,45,30,"2,410.00","72,300.00"
2020-03-10,2020031001008530,TRH,43,16,100,248.00,"24,800.00"
2020-03-10,2020031001008437,TRH,8,16,300,248.00,"74,400.00"
2020-03-10,2020031001008436,TRH,17,16,500,248.00,"124,000.00"
2020-03-10,2020031001008274,TRH,17,16,860,249.00,"214,140.00"
2020-03-10,2020031001008402,UPPER,52,59,40,231.00,"9,240.00"
2020-03-10,2020031001008346,UPPER,52,8,215,231.00,"49,665.00"
2020-03-10,2020031001008345,UPPER,41,8,"2,500",231.00,"577,500.00"
2020-03-10,2020031001008344,UPPER,53,8,200,231.00,"46,200.00"
2020-03-10,2020031001008343,UPPER,52,8,200,231.00,"46,200.00"
2020-03-10,2020031001008342,UPPER,17,8,265,231.00,"61,215.00"
2020-03-10,2020031001008290,UPPER,25,25,13,235.00,"3,055.00"
2020-03-10,2020031001008289,UPPER,25,33,333,234.00,"77,922.00"
2020-03-10,2020031001008288,UPPER,25,14,580,234.00,"135,720.00"
2020-03-10,2020031001008287,UPPER,25,59,200,233.00,"46,600.00"
2020-03-10,2020031001008286,UPPER,25,38,"1,575",232.00,"365,400.00"
2020-03-10,2020031001008721,WOMI,29,21,46,994.00,"45,724.00"
2020-03-10,2020031001008720,WOMI,38,21,54,999.00,"53,946.00"
2020-03-10,2020031001008270,WOMI,38,10,46,999.00,"45,954.00"
2020-03-10,2020031001008269,WOMI,36,10,21,"1,009.00","21,189.00"
2020-03-10,2020031001007869,ADBL,42,20,100,386.00,"38,600.00"
2020-03-10,2020031001007832,AKPL,46,54,178,120.00,"21,360.00"
2020-03-10,2020031001007831,AKPL,41,54,"1,000",120.00,"120,000.00"
2020-03-10,2020031001007830,AKPL,36,54,"1,000",120.00,"120,000.00"
2020-03-10,2020031001007851,ALICL,45,34,300,552.00,"165,600.00"
2020-03-10,2020031001007842,ALICL,57,36,218,552.00,"120,336.00"
2020-03-10,2020031001007809,ALICL,41,28,50,563.00,"28,150.00"
2020-03-10,2020031001007938,API,35,39,953,123.00,"117,219.00"
2020-03-10,2020031001007937,API,47,39,47,123.00,"5,781.00"
2020-03-10,2020031001008156,BOKL,28,39,53,235.00,"12,455.00"
2020-03-10,2020031001007928,BOKL,28,39,366,235.00,"86,010.00"
2020-03-10,2020031001007927,BOKL,48,39,150,235.00,"35,250.00"
2020-03-10,2020031001007926,BOKL,13,39,171,235.00,"40,185.00"
2020-03-10,2020031001008226,CBBL,55,47,285,985.00,"280,725.00"
2020-03-10,2020031001007835,CBBL,55,18,150,985.00,"147,750.00"
2020-03-10,2020031001007854,CBL,48,32,"2,144",144.00,"308,736.00"
2020-03-10,2020031001007853,CBL,17,32,"4,784",144.00,"688,896.00"
2020-03-10,2020031001007956,CCBL,6,39,112,176.00,"19,712.00"
2020-03-10,2020031001007955,CCBL,51,39,200,176.00,"35,200.00"
2020-03-10,2020031001008041,CFCL,43,35,200,134.00,"26,800.00"
2020-03-10,2020031001008016,CFCL,53,35,926,134.00,"124,084.00"
2020-03-10,2020031001008015,CFCL,17,35,100,134.00,"13,400.00"
2020-03-10,2020031001008014,CFCL,25,35,100,135.00,"13,500.00"
2020-03-10,2020031001008197,CHCL,51,59,135,390.00,"52,650.00"
2020-03-10,2020031001008203,CIT,52,25,50,"2,529.00","126,450.00"
2020-03-10,2020031001008202,CIT,41,25,10,"2,530.00","25,300.00"
2020-03-10,2020031001007838,CIT,7,51,100,"2,530.00","253,000.00"
2020-03-10,2020031001007837,CIT,16,51,60,"2,530.00","151,800.00"
2020-03-10,2020031001007742,CIT,16,42,40,"2,530.00","101,200.00"
2020-03-10,2020031001007741,CIT,32,42,10,"2,535.00","25,350.00"
2020-03-10,2020031001008235,CLBSL,16,19,51,"1,041.00","53,091.00"
2020-03-10,2020031001008234,CLBSL,47,19,19,"1,044.00","19,836.00"
2020-03-10,2020031001008233,CLBSL,19,19,20,"1,049.00","20,980.00"
2020-03-10,2020031001008232,CLBSL,56,19,50,"1,050.00","52,500.00"
2020-03-10,2020031001008231,CLBSL,47,19,50,"1,052.00","52,600.00"
2020-03-10,2020031001008230,CLBSL,22,19,10,"1,060.00","10,600.00"
2020-03-10,2020031001007771,CLBSL,42,38,50,"1,060.00","53,000.00"
2020-03-10,2020031001007770,CLBSL,40,38,747,"1,062.00","793,314.00"
2020-03-10,2020031001008118,CZBIL,46,7,162,192.00,"31,104.00"
2020-03-10,2020031001008117,CZBIL,46,7,300,192.00,"57,600.00"
2020-03-10,2020031001008116,CZBIL,45,7,20,192.00,"3,840.00"
2020-03-10,2020031001008115,CZBIL,40,7,200,193.00,"38,600.00"
2020-03-10,2020031001008114,CZBIL,38,7,200,193.00,"38,600.00"
2020-03-10,2020031001008113,CZBIL,13,7,500,193.00,"96,500.00"
2020-03-10,2020031001007790,CZBIL,34,35,346,193.00,"66,778.00"
2020-03-10,2020031001008112,CZBIL,33,7,500,193.00,"96,500.00"
2020-03-10,2020031001008111,CZBIL,45,7,100,193.00,"19,300.00"
2020-03-10,2020031001008110,CZBIL,58,7,100,193.00,"19,300.00"
2020-03-10,2020031001007793,CZBIL,41,35,50,193.00,"9,650.00"
2020-03-10,2020031001007792,CZBIL,28,35,100,193.00,"19,300.00"
2020-03-10,2020031001007791,CZBIL,42,35,500,193.00,"96,500.00"
2020-03-10,2020031001007940,EBL,11,16,100,702.00,"70,200.00"
2020-03-10,2020031001007859,EBL,44,57,290,700.00,"203,000.00"
2020-03-10,2020031001007858,EBL,45,57,100,702.00,"70,200.00"
2020-03-10,2020031001007857,EBL,29,57,10,704.00,"7,040.00"
2020-03-10,2020031001007894,EDBL,29,58,75,396.00,"29,700.00"
2020-03-10,2020031001007841,EDBL,22,39,100,392.00,"39,200.00"
2020-03-10,2020031001007840,EDBL,45,39,400,395.00,"158,000.00"
2020-03-10,2020031001007811,EIC,21,41,85,376.00,"31,960.00"
2020-03-10,2020031001007987,FMDBL,14,56,194,485.00,"94,090.00"
2020-03-10,2020031001008138,FOWAD,42,45,392,"1,470.00","576,240.00"
2020-03-10,2020031001007935,FOWAD,42,21,155,"1,470.00","227,850.00"
2020-03-10,2020031001007912,FOWAD,42,14,200,"1,470.00","294,000.00"
2020-03-10,2020031001007878,FOWAD,42,39,54,"1,470.00","79,380.00"
2020-03-10,2020031001007746,FOWAD,42,45,199,"1,470.00","292,530.00"
2020-03-10,2020031001007745,FOWAD,42,45,301,"1,470.00","442,470.00"
2020-03-10,2020031001007877,GBBL,43,13,200,240.00,"48,000.00"
2020-03-10,2020031001007876,GBBL,4,13,500,238.00,"119,000.00"
2020-03-10,2020031001007875,GBBL,33,13,500,238.00,"119,000.00"
2020-03-10,2020031001007834,GBBL,4,13,"3,309",240.00,"794,160.00"
2020-03-10,2020031001007826,GBBL,4,57,50,240.00,"12,000.00"
2020-03-10,2020031001008107,GBIME,25,14,"1,308",270.00,"353,160.00"
2020-03-10,2020031001008106,GBIME,39,14,"10,000",270.00,"2,700,000.00"
2020-03-10,2020031001008105,GBIME,45,14,800,270.00,"216,000.00"
2020-03-10,2020031001008104,GBIME,58,14,"1,000",270.00,"270,000.00"
2020-03-10,2020031001008103,GBIME,8,14,500,270.00,"135,000.00"
2020-03-10,2020031001008102,GBIME,47,14,250,271.00,"67,750.00"
2020-03-10,2020031001007959,GBIME,11,38,149,275.00,"40,975.00"
2020-03-10,2020031001007898,GBIME,56,14,500,274.00,"137,000.00"
2020-03-10,2020031001007885,GBIME,56,38,50,275.00,"13,750.00"
2020-03-10,2020031001007829,GBIME,32,38,100,275.00,"27,500.00"
2020-03-10,2020031001008059,GBIME,42,14,400,274.00,"109,600.00"
2020-03-10,2020031001008058,GBIME,36,14,500,274.00,"137,000.00"
2020-03-10,2020031001008057,GBIME,42,14,300,274.00,"82,200.00"
2020-03-10,2020031001008056,GBIME,52,14,"2,000",274.00,"548,000.00"
2020-03-10,2020031001008055,GBIME,52,14,"1,000",274.00,"274,000.00"
2020-03-10,2020031001008054,GBIME,56,14,157,274.00,"43,018.00"
2020-03-10,2020031001008065,GBIME,55,14,100,273.00,"27,300.00"
2020-03-10,2020031001008064,GBIME,29,14,30,273.00,"8,190.00"
2020-03-10,2020031001008063,GBIME,29,14,30,273.00,"8,190.00"
2020-03-10,2020031001008062,GBIME,42,14,"5,000",273.00,"1,365,000.00"
2020-03-10,2020031001008061,GBIME,21,14,50,274.00,"13,700.00"
2020-03-10,2020031001008060,GBIME,35,14,50,274.00,"13,700.00"
2020-03-10,2020031001008071,GBIME,55,14,300,273.00,"81,900.00"
2020-03-10,2020031001008070,GBIME,41,14,"1,000",273.00,"273,000.00"
2020-03-10,2020031001008069,GBIME,52,14,500,273.00,"136,500.00"
2020-03-10,2020031001008068,GBIME,44,14,20,273.00,"5,460.00"
2020-03-10,2020031001008067,GBIME,45,14,500,273.00,"136,500.00"
2020-03-10,2020031001008066,GBIME,46,14,25,273.00,"6,825.00"
2020-03-10,2020031001008077,GBIME,29,14,20,272.00,"5,440.00"
2020-03-10,2020031001008076,GBIME,57,14,100,273.00,"27,300.00"
2020-03-10,2020031001008075,GBIME,45,14,100,273.00,"27,300.00"
2020-03-10,2020031001008074,GBIME,52,14,200,273.00,"54,600.00"
2020-03-10,2020031001008073,GBIME,59,14,100,273.00,"27,300.00"
2020-03-10,2020031001008072,GBIME,3,14,50,273.00,"13,650.00"
2020-03-10,2020031001008083,GBIME,39,14,300,272.00,"81,600.00"
2020-03-10,2020031001008082,GBIME,29,14,10,272.00,"2,720.00"
2020-03-10,2020031001008081,GBIME,34,14,200,272.00,"54,400.00"
2020-03-10,2020031001008080,GBIME,59,14,100,272.00,"27,200.00"
2020-03-10,2020031001008079,GBIME,29,14,"1,000",272.00,"272,000.00"
2020-03-10,2020031001008078,GBIME,25,14,100,272.00,"27,200.00"
2020-03-10,2020031001008089,GBIME,26,14,250,271.00,"67,750.00"
2020-03-10,2020031001008088,GBIME,39,14,200,271.00,"54,200.00"
2020-03-10,2020031001008087,GBIME,49,14,"1,000",271.00,"271,000.00"
2020-03-10,2020031001008086,GBIME,28,14,"5,000",271.00,"1,355,000.00"
2020-03-10,2020031001008085,GBIME,46,14,300,271.00,"81,300.00"
2020-03-10,2020031001008084,GBIME,49,14,500,272.00,"136,000.00"
2020-03-10,2020031001008095,GBIME,29,14,50,271.00,"13,550.00"
2020-03-10,2020031001008094,GBIME,32,14,50,271.00,"13,550.00"
2020-03-10,2020031001008093,GBIME,42,14,200,271.00,"54,200.00"
2020-03-10,2020031001008092,GBIME,25,14,"1,000",271.00,"271,000.00"
2020-03-10,2020031001008091,GBIME,45,14,300,271.00,"81,300.00"
2020-03-10,2020031001008090,GBIME,39,14,200,271.00,"54,200.00"
2020-03-10,2020031001008101,GBIME,35,14,"10,000",271.00,"2,710,000.00"
2020-03-10,2020031001008100,GBIME,32,14,500,271.00,"135,500.00"
2020-03-10,2020031001008099,GBIME,6,14,"1,000",271.00,"271,000.00"
2020-03-10,2020031001008098,GBIME,40,14,"1,000",271.00,"271,000.00"
2020-03-10,2020031001008097,GBIME,34,14,50,271.00,"13,550.00"
2020-03-10,2020031001008096,GBIME,59,14,300,271.00,"81,300.00"
2020-03-10,2020031001008204,GBLBS,5,13,"1,000",475.00,"475,000.00"
2020-03-10,2020031001008157,GBLBS,39,58,500,476.00,"238,000.00"
2020-03-10,2020031001007958,GBLBS,14,18,150,480.00,"72,000.00"
2020-03-10,2020031001007874,GBLBS,39,43,500,476.00,"238,000.00"
2020-03-10,2020031001007774,GBLBS,5,32,400,475.00,"190,000.00"
2020-03-10,2020031001008035,HBL,48,35,85,581.00,"49,385.00"
2020-03-10,2020031001008034,HBL,42,35,15,581.00,"8,715.00"
2020-03-10,2020031001007922,HBL,42,11,20,581.00,"11,620.00"
2020-03-10,2020031001007860,HBL,47,44,300,584.00,"175,200.00"
2020-03-10,2020031001008044,HDL,35,25,70,"1,540.00","107,800.00"
2020-03-10,2020031001008007,HDL,35,25,"1,430","1,540.00","2,202,200.00"
2020-03-10,2020031001008006,HDL,56,25,30,"1,540.00","46,200.00"
2020-03-10,2020031001008005,HDL,46,25,140,"1,541.00","215,740.00"
2020-03-10,2020031001008004,HDL,46,25,60,"1,541.00","92,460.00"
2020-03-10,2020031001008003,HDL,53,25,200,"1,543.00","308,600.00"
2020-03-10,2020031001007764,HDL,40,25,100,"1,580.00","158,000.00"
2020-03-10,2020031001008002,HDL,49,25,50,"1,543.00","77,150.00"
2020-03-10,2020031001007908,HDL,53,21,100,"1,548.00","154,800.00"
2020-03-10,2020031001007893,HDL,38,41,80,"1,549.00","123,920.00"
2020-03-10,2020031001007887,HDL,38,29,20,"1,549.00","30,980.00"
2020-03-10,2020031001007886,HDL,4,29,80,"1,549.00","123,920.00"
2020-03-10,2020031001007839,HDL,34,45,20,"1,550.00","31,000.00"
2020-03-10,2020031001008239,JBBL,17,48,108,180.00,"19,440.00"
2020-03-10,2020031001008238,JBBL,21,48,100,180.00,"18,000.00"
2020-03-10,2020031001007808,JBBL,39,40,"2,000",181.00,"362,000.00"
2020-03-10,2020031001007807,JBBL,58,40,"1,000",181.00,"181,000.00"
2020-03-10,2020031001007806,JBBL,56,40,200,181.00,"36,200.00"
2020-03-10,2020031001007805,JBBL,13,40,20,181.00,"3,620.00"
2020-03-10,2020031001007804,JBBL,42,40,563,181.00,"101,903.00"
2020-03-10,2020031001007993,JSLBB,34,46,10,"1,518.00","15,180.00"
2020-03-10,2020031001008109,KBL,43,14,738,200.00,"147,600.00"
2020-03-10,2020031001008108,KBL,38,14,362,200.00,"72,400.00"
2020-03-10,2020031001007931,KBL,38,14,638,200.00,"127,600.00"
2020-03-10,2020031001007930,KBL,8,14,362,200.00,"72,400.00"
2020-03-10,2020031001007925,KBL,8,14,100,200.00,"20,000.00"
2020-03-10,2020031001007921,KBL,8,14,"1,538",200.00,"307,600.00"
2020-03-10,2020031001007920,KBL,59,14,462,200.00,"92,400.00"
2020-03-10,2020031001008132,KPCL,25,54,10,113.00,"1,130.00"
2020-03-10,2020031001008131,KPCL,25,42,10,112.00,"1,120.00"
2020-03-10,2020031001008130,KPCL,25,21,10,110.00,"1,100.00"
2020-03-10,2020031001008129,KPCL,25,42,10,110.00,"1,100.00"
2020-03-10,2020031001008128,KPCL,25,22,10,110.00,"1,100.00"
2020-03-10,2020031001008121,KPCL,25,26,10,110.00,"1,100.00"
2020-03-10,2020031001008120,KPCL,25,58,10,110.00,"1,100.00"
2020-03-10,2020031001008127,KPCL,25,22,10,110.00,"1,100.00"
2020-03-10,2020031001008126,KPCL,25,22,10,110.00,"1,100.00"
2020-03-10,2020031001008125,KPCL,25,22,10,110.00,"1,100.00"
2020-03-10,2020031001008124,KPCL,25,26,10,110.00,"1,100.00"
2020-03-10,2020031001008123,KPCL,25,22,10,110.00,"1,100.00"
2020-03-10,2020031001008122,KPCL,25,58,10,110.00,"1,100.00"
2020-03-10,2020031001007907,KSBBL,5,14,544,160.00,"87,040.00"
2020-03-10,2020031001007906,KSBBL,48,14,150,160.00,"24,000.00"
2020-03-10,2020031001007905,KSBBL,45,14,500,160.00,"80,000.00"
2020-03-10,2020031001007904,KSBBL,58,14,500,160.00,"80,000.00"
2020-03-10,2020031001007903,KSBBL,33,14,"1,000",160.00,"160,000.00"
2020-03-10,2020031001007902,KSBBL,45,14,"1,000",160.00,"160,000.00"
2020-03-10,2020031001007872,KSBBL,29,3,"1,000",161.00,"161,000.00"
2020-03-10,2020031001007871,KSBBL,33,3,75,161.00,"12,075.00"
2020-03-10,2020031001007897,LBL,44,14,250,218.00,"54,500.00"
2020-03-10,2020031001007896,LBL,59,14,50,219.00,"10,950.00"
2020-03-10,2020031001007895,LBL,21,14,100,219.00,"21,900.00"
2020-03-10,2020031001007983,LGIL,42,22,676,457.00,"308,932.00"
2020-03-10,2020031001007827,LGIL,14,18,200,460.00,"92,000.00"
2020-03-10,2020031001008228,MBL,35,21,62,228.00,"14,136.00"
2020-03-10,2020031001008227,MBL,32,21,300,228.00,"68,400.00"
2020-03-10,2020031001008195,MBL,35,13,38,228.00,"8,664.00"
2020-03-10,2020031001008194,MBL,52,13,100,228.00,"22,800.00"
2020-03-10,2020031001008193,MBL,13,13,30,228.00,"6,840.00"
2020-03-10,2020031001008192,MBL,54,13,100,228.00,"22,800.00"
2020-03-10,2020031001008167,MBL,21,13,600,230.00,"138,000.00"
2020-03-10,2020031001008166,MBL,34,13,60,230.00,"13,800.00"
2020-03-10,2020031001007929,MBL,34,11,20,230.00,"4,600.00"
2020-03-10,2020031001008173,MBL,22,13,160,230.00,"36,800.00"
2020-03-10,2020031001008172,MBL,47,13,100,230.00,"23,000.00"
2020-03-10,2020031001008171,MBL,38,13,"1,000",230.00,"230,000.00"
2020-03-10,2020031001008170,MBL,10,13,"1,000",230.00,"230,000.00"
2020-03-10,2020031001008169,MBL,28,13,100,230.00,"23,000.00"
2020-03-10,2020031001008168,MBL,35,13,100,230.00,"23,000.00"
2020-03-10,2020031001008179,MBL,32,13,100,230.00,"23,000.00"
2020-03-10,2020031001008178,MBL,10,13,"1,000",230.00,"230,000.00"
2020-03-10,2020031001008177,MBL,48,13,200,230.00,"46,000.00"
2020-03-10,2020031001008176,MBL,45,13,50,230.00,"11,500.00"
2020-03-10,2020031001008175,MBL,55,13,250,230.00,"57,500.00"
2020-03-10,2020031001008174,MBL,46,13,200,230.00,"46,000.00"
2020-03-10,2020031001008185,MBL,34,13,117,229.00,"26,793.00"
2020-03-10,2020031001008184,MBL,6,13,100,229.00,"22,900.00"
2020-03-10,2020031001008183,MBL,52,13,45,229.00,"10,305.00"
2020-03-10,2020031001008182,MBL,52,13,"3,000",229.00,"687,000.00"
2020-03-10,2020031001008181,MBL,19,13,200,229.00,"45,800.00"
2020-03-10,2020031001008180,MBL,59,13,100,229.00,"22,900.00"
2020-03-10,2020031001008191,MBL,26,13,"1,000",228.00,"228,000.00"
2020-03-10,2020031001008190,MBL,55,13,300,228.00,"68,400.00"
2020-03-10,2020031001008189,MBL,1,13,500,228.00,"114,000.00"
2020-03-10,2020031001008188,MBL,40,13,50,228.00,"11,400.00"
2020-03-10,2020031001008187,MBL,17,13,200,228.00,"45,600.00"
2020-03-10,2020031001008186,MBL,25,13,200,228.00,"45,600.00"
2020-03-10,2020031001008036,MDB,4,38,"2,119",360.00,"762,840.00"
2020-03-10,2020031001008217,MEGA,8,7,92,216.00,"19,872.00"
2020-03-10,2020031001008216,MEGA,38,7,500,216.00,"108,000.00"
2020-03-10,2020031001008215,MEGA,50,7,"1,000",216.00,"216,000.00"
2020-03-10,2020031001008214,MEGA,50,7,408,216.00,"88,128.00"
2020-03-10,2020031001008206,MEGA,50,14,500,216.00,"108,000.00"
2020-03-10,2020031001008012,MEGA,50,59,92,216.00,"19,872.00"
2020-03-10,2020031001007846,MEGA,42,46,265,217.00,"57,505.00"
2020-03-10,2020031001007845,MEGA,38,46,400,217.00,"86,800.00"
2020-03-10,2020031001007794,MEGA,6,48,140,218.00,"30,520.00"
2020-03-10,2020031001007888,MEGA,40,14,135,217.00,"29,295.00"
2020-03-10,2020031001007881,MEGA,40,43,65,217.00,"14,105.00"
2020-03-10,2020031001007880,MEGA,32,43,435,217.00,"94,395.00"
2020-03-10,2020031001007865,MEGA,32,34,565,217.00,"122,605.00"
2020-03-10,2020031001007864,MEGA,48,34,200,217.00,"43,400.00"
2020-03-10,2020031001007863,MEGA,42,34,235,217.00,"50,995.00"
2020-03-10,2020031001008011,MEGA,7,59,200,216.00,"43,200.00"
2020-03-10,2020031001008010,MEGA,57,59,10,216.00,"2,160.00"
2020-03-10,2020031001008009,MEGA,45,59,115,216.00,"24,840.00"
2020-03-10,2020031001008008,MEGA,26,59,83,216.00,"17,928.00"
2020-03-10,2020031001007951,MEGA,39,49,135,217.00,"29,295.00"
2020-03-10,2020031001007889,MEGA,39,14,865,217.00,"187,705.00"
2020-03-10,2020031001008210,MNBBL,53,25,200,325.00,"65,000.00"
2020-03-10,2020031001008043,MNBBL,53,38,280,325.00,"91,000.00"
2020-03-10,2020031001007988,MNBBL,22,41,"1,000",326.00,"326,000.00"
2020-03-10,2020031001007870,MNBBL,41,32,50,328.00,"16,400.00"
2020-03-10,2020031001007763,MSMBS,43,32,100,710.00,"71,000.00"
2020-03-10,2020031001008219,NABIL,17,58,19,786.00,"14,934.00"
2020-03-10,2020031001008027,NABIL,17,35,103,786.00,"80,958.00"
2020-03-10,2020031001008001,NABIL,35,39,100,785.00,"78,500.00"
2020-03-10,2020031001007998,NABIL,35,41,100,785.00,"78,500.00"
2020-03-10,2020031001007997,NABIL,37,41,100,785.00,"78,500.00"
2020-03-10,2020031001007996,NABIL,52,41,100,785.00,"78,500.00"
2020-03-10,2020031001007796,NABIL,14,13,47,790.00,"37,130.00"
2020-03-10,2020031001007783,NABIL,14,25,61,790.00,"48,190.00"
2020-03-10,2020031001007782,NABIL,21,25,139,790.00,"109,810.00"
2020-03-10,2020031001007769,NABIL,21,46,361,790.00,"285,190.00"
2020-03-10,2020031001007768,NABIL,49,46,39,790.00,"30,810.00"
2020-03-10,2020031001007767,NABIL,33,46,100,790.00,"79,000.00"
2020-03-10,2020031001007802,NABIL,37,13,50,790.00,"39,500.00"
2020-03-10,2020031001007801,NABIL,17,13,50,790.00,"39,500.00"
2020-03-10,2020031001007800,NABIL,42,13,50,790.00,"39,500.00"
2020-03-10,2020031001007799,NABIL,16,13,50,790.00,"39,500.00"
2020-03-10,2020031001007798,NABIL,28,13,100,790.00,"79,000.00"
2020-03-10,2020031001007797,NABIL,53,13,20,790.00,"15,800.00"
2020-03-10,2020031001007943,NABIL,46,22,81,788.00,"63,828.00"
2020-03-10,2020031001007942,NABIL,8,22,106,788.00,"83,528.00"
2020-03-10,2020031001007941,NABIL,8,56,16,788.00,"12,608.00"
2020-03-10,2020031001007936,NABIL,25,21,17,790.00,"13,430.00"
2020-03-10,2020031001007828,NABIL,25,51,50,790.00,"39,500.00"
2020-03-10,2020031001007803,NABIL,25,13,33,790.00,"26,070.00"
2020-03-10,2020031001007995,NABIL,43,41,200,786.00,"157,200.00"
2020-03-10,2020031001007966,NABIL,49,22,50,788.00,"39,400.00"
2020-03-10,2020031001007954,NABIL,22,22,200,786.00,"157,200.00"
2020-03-10,2020031001007953,NABIL,14,22,100,786.00,"78,600.00"
2020-03-10,2020031001007952,NABIL,6,22,30,787.00,"23,610.00"
2020-03-10,2020031001007944,NABIL,14,22,20,788.00,"15,760.00"
2020-03-10,2020031001008119,NBB,45,41,"1,100",212.00,"233,200.00"
2020-03-10,2020031001007861,NBB,45,43,48,212.00,"10,176.00"
2020-03-10,2020031001008201,NBL,7,45,160,271.00,"43,360.00"
2020-03-10,2020031001008200,NBL,51,45,100,271.00,"27,100.00"
2020-03-10,2020031001008199,NBL,42,45,25,271.00,"6,775.00"
2020-03-10,2020031001008198,NBL,8,45,15,271.00,"4,065.00"
2020-03-10,2020031001007939,NBL,53,34,50,272.00,"13,600.00"
2020-03-10,2020031001008212,NCCB,52,21,132,189.00,"24,948.00"
2020-03-10,2020031001008211,NCCB,50,21,18,189.00,"3,402.00"
2020-03-10,2020031001007976,NCCB,50,39,32,189.00,"6,048.00"
2020-03-10,2020031001007975,NCCB,34,39,100,189.00,"18,900.00"
2020-03-10,2020031001007772,NCCB,22,33,"2,000",190.00,"380,000.00"
2020-03-10,2020031001008026,NIB,53,26,250,402.00,"100,500.00"
2020-03-10,2020031001007984,NIB,37,14,20,400.00,"8,000.00"
2020-03-10,2020031001007957,NIB,37,29,150,400.00,"60,000.00"
2020-03-10,2020031001007892,NIB,37,14,110,400.00,"44,000.00"
2020-03-10,2020031001007891,NIB,37,14,90,400.00,"36,000.00"
2020-03-10,2020031001007868,NIB,37,41,100,400.00,"40,000.00"
2020-03-10,2020031001007766,NIB,37,21,10,400.00,"4,000.00"
2020-03-10,2020031001008223,NICA,17,45,900,536.00,"482,400.00"
2020-03-10,2020031001008222,NICA,33,45,100,536.00,"53,600.00"
2020-03-10,2020031001008139,NICA,5,50,901,537.00,"483,837.00"
2020-03-10,2020031001008042,NICA,22,50,100,538.00,"53,800.00"
2020-03-10,2020031001008037,NICA,34,39,90,539.00,"48,510.00"
2020-03-10,2020031001008028,NICA,34,35,110,539.00,"59,290.00"
2020-03-10,2020031001007765,NICA,49,48,20,540.00,"10,800.00"
2020-03-10,2020031001007990,NICA,44,11,15,539.00,"8,085.00"
2020-03-10,2020031001007924,NICA,44,21,85,539.00,"45,815.00"
2020-03-10,2020031001007923,NICA,38,21,415,539.00,"223,685.00"
2020-03-10,2020031001007900,NICA,22,46,180,540.00,"97,200.00"
2020-03-10,2020031001007884,NICA,22,43,20,540.00,"10,800.00"
2020-03-10,2020031001007883,NICA,49,43,480,540.00,"259,200.00"
2020-03-10,2020031001008162,NICL,48,56,482,425.00,"204,850.00"
2020-03-10,2020031001008161,NICL,38,56,50,425.00,"21,250.00"
2020-03-10,2020031001008160,NICL,11,56,20,425.00,"8,500.00"
2020-03-10,2020031001008159,NICL,34,56,448,425.00,"190,400.00"
2020-03-10,2020031001008158,NICL,43,56,"1,000",426.00,"426,000.00"
2020-03-10,2020031001007882,NICL,34,29,250,425.00,"106,250.00"
2020-03-10,2020031001007789,NICL,34,57,"1,000",425.00,"425,000.00"
2020-03-10,2020031001007788,NICL,58,57,"1,000",426.00,"426,000.00"
2020-03-10,2020031001008134,NIL,21,48,40,539.00,"21,560.00"
2020-03-10,2020031001008133,NIL,53,48,460,540.00,"248,400.00"
2020-03-10,2020031001007945,NIL,53,39,40,540.00,"21,600.00"
2020-03-10,2020031001007932,NIL,48,39,60,540.00,"32,400.00"
2020-03-10,2020031001007848,NIL,32,5,23,540.00,"12,420.00"
2020-03-10,2020031001007847,NIL,36,5,77,540.00,"41,580.00"
2020-03-10,2020031001007890,NLBBL,42,41,550,736.00,"404,800.00"
2020-03-10,2020031001007775,NLBBL,42,22,250,736.00,"184,000.00"
2020-03-10,2020031001007919,NLG,42,39,350,612.00,"214,200.00"
2020-03-10,2020031001008236,NLIC,7,54,20,"1,184.00","23,680.00"
2020-03-10,2020031001008155,NLIC,52,54,50,"1,184.00","59,200.00"
2020-03-10,2020031001008154,NLIC,52,54,200,"1,184.00","236,800.00"
2020-03-10,2020031001008153,NLIC,48,54,30,"1,184.00","35,520.00"
2020-03-10,2020031001008152,NLIC,56,54,100,"1,184.00","118,400.00"
2020-03-10,2020031001008151,NLIC,6,54,150,"1,185.00","177,750.00"
2020-03-10,2020031001007756,NLIC,42,22,25,"1,186.00","29,650.00"
2020-03-10,2020031001007755,NLIC,13,22,100,"1,186.00","118,600.00"
2020-03-10,2020031001007754,NLIC,25,22,200,"1,187.00","237,400.00"
2020-03-10,2020031001007910,NLIC,53,29,10,"1,187.00","11,870.00"
2020-03-10,2020031001007909,NLIC,58,29,20,"1,189.00","23,780.00"
2020-03-10,2020031001007899,NLIC,50,33,22,"1,186.00","26,092.00"
2020-03-10,2020031001007784,NLIC,58,35,80,"1,189.00","95,120.00"
2020-03-10,2020031001007758,NLIC,26,35,20,"1,189.00","23,780.00"
2020-03-10,2020031001007757,NLIC,50,22,75,"1,186.00","88,950.00"
2020-03-10,2020031001008050,NLIC,45,38,97,"1,185.00","114,945.00"
2020-03-10,2020031001008049,NLIC,45,38,20,"1,185.00","23,700.00"
2020-03-10,2020031001008048,NLIC,56,38,500,"1,186.00","593,000.00"
2020-03-10,2020031001008047,NLIC,11,38,50,"1,186.00","59,300.00"
2020-03-10,2020031001008046,NLIC,50,38,333,"1,186.00","394,938.00"
2020-03-10,2020031001007911,NLIC,50,29,70,"1,186.00","83,020.00"
2020-03-10,2020031001008150,NLIC,56,54,42,"1,185.00","49,770.00"
2020-03-10,2020031001008149,NLIC,34,54,200,"1,185.00","237,000.00"
2020-03-10,2020031001008148,NLIC,54,54,100,"1,185.00","118,500.00"
2020-03-10,2020031001008147,NLIC,44,54,100,"1,185.00","118,500.00"
2020-03-10,2020031001008146,NLIC,52,54,200,"1,185.00","237,000.00"
2020-03-10,2020031001008145,NLIC,8,54,200,"1,185.00","237,000.00"
2020-03-10,2020031001008237,NMB,17,45,195,428.00,"83,460.00"
2020-03-10,2020031001008013,NMB,28,54,900,427.00,"384,300.00"
2020-03-10,2020031001008000,NMB,28,29,100,427.00,"42,700.00"
2020-03-10,2020031001007855,NMB,28,22,20,427.00,"8,540.00"
2020-03-10,2020031001007777,NMB,28,49,100,427.00,"42,700.00"
2020-03-10,2020031001007752,NMB,52,34,255,425.00,"108,375.00"
2020-03-10,2020031001007751,NMB,29,34,100,427.00,"42,700.00"
2020-03-10,2020031001007750,NMB,8,34,500,427.00,"213,500.00"
2020-03-10,2020031001007749,NMB,28,34,"1,000",427.00,"427,000.00"
2020-03-10,2020031001007748,NMB,28,34,"2,000",427.00,"854,000.00"
2020-03-10,2020031001007747,NMB,52,34,145,427.00,"61,915.00"
2020-03-10,2020031001008209,NMBMF,1,25,200,799.00,"159,800.00"
2020-03-10,2020031001008208,NMBMF,34,25,300,799.00,"239,700.00"
2020-03-10,2020031001007973,NMBMF,43,44,69,800.00,"55,200.00"
2020-03-10,2020031001007965,NMBMF,34,21,200,799.00,"159,800.00"
2020-03-10,2020031001007779,NMBMF,41,44,200,800.00,"160,000.00"
2020-03-10,2020031001007778,NMBMF,59,44,20,811.00,"16,220.00"
2020-03-10,2020031001008207,NTC,53,59,270,634.00,"171,180.00"
2020-03-10,2020031001008025,NTC,44,59,30,634.00,"19,020.00"
2020-03-10,2020031001008024,NTC,55,59,200,634.00,"126,800.00"
2020-03-10,2020031001008023,NTC,53,59,500,635.00,"317,500.00"
2020-03-10,2020031001007862,NTC,33,25,10,646.00,"6,460.00"
2020-03-10,2020031001007934,NUBL,42,39,"1,400",957.00,"1,339,800.00"
2020-03-10,2020031001007933,NUBL,34,39,100,957.00,"95,700.00"
2020-03-10,2020031001007781,NUBL,34,19,100,958.00,"95,800.00"
2020-03-10,2020031001007780,NUBL,48,19,10,960.00,"9,600.00"
2020-03-10,2020031001008137,PCBL,4,50,"3,000",290.00,"870,000.00"
2020-03-10,2020031001007856,PCBL,4,21,10,290.00,"2,900.00"
2020-03-10,2020031001008136,PFL,13,6,916,155.00,"141,980.00"
2020-03-10,2020031001008135,PFL,13,6,117,155.00,"18,135.00"
2020-03-10,2020031001007979,PLIC,57,56,415,568.00,"235,720.00"
2020-03-10,2020031001007978,PLIC,14,56,70,568.00,"39,760.00"
2020-03-10,2020031001007977,PLIC,42,56,15,569.00,"8,535.00"
2020-03-10,2020031001007843,PLIC,14,39,40,569.00,"22,760.00"
2020-03-10,2020031001007761,PLIC,14,42,29,569.00,"16,501.00"
2020-03-10,2020031001008221,PRIN,19,45,60,415.00,"24,900.00"
2020-03-10,2020031001008220,PRIN,13,45,200,415.00,"83,000.00"
2020-03-10,2020031001008052,PRIN,13,59,50,415.00,"20,750.00"
2020-03-10,2020031001008051,PRIN,26,59,150,416.00,"62,400.00"
2020-03-10,2020031001007963,PRIN,26,22,350,416.00,"145,600.00"
2020-03-10,2020031001007962,PRIN,22,22,50,417.00,"20,850.00"
2020-03-10,2020031001007961,PRIN,21,22,100,418.00,"41,800.00"
2020-03-10,2020031001008040,PRVU,8,45,362,244.00,"88,328.00"
2020-03-10,2020031001008039,PRVU,49,45,250,244.00,"61,000.00"
2020-03-10,2020031001008038,PRVU,1,45,48,244.00,"11,712.00"
2020-03-10,2020031001007992,PRVU,1,53,52,244.00,"12,688.00"
2020-03-10,2020031001007991,PRVU,4,53,"2,718",244.00,"663,192.00"
2020-03-10,2020031001007986,PRVU,4,29,"2,000",244.00,"488,000.00"
2020-03-10,2020031001007913,PRVU,4,49,200,244.00,"48,800.00"
2020-03-10,2020031001007836,PRVU,41,53,50,245.00,"12,250.00"
2020-03-10,2020031001008205,RBCL,19,57,10,"9,413.00","94,130.00"
2020-03-10,2020031001008033,RBCL,19,57,20,"9,413.00","188,260.00"
2020-03-10,2020031001008032,RBCL,55,57,10,"9,510.00","95,100.00"
2020-03-10,2020031001008031,RBCL,34,57,10,"9,510.00","95,100.00"
2020-03-10,2020031001008030,RBCL,46,57,10,"9,511.00","95,110.00"
2020-03-10,2020031001008029,RBCL,56,57,27,"9,604.00","259,308.00"
2020-03-10,2020031001007994,RHPL,49,42,40,157.00,"6,280.00"
2020-03-10,2020031001007985,RHPL,11,29,10,156.00,"1,560.00"
2020-03-10,2020031001007981,RHPL,49,29,10,156.00,"1,560.00"
2020-03-10,2020031001007980,RHPL,49,41,30,156.00,"4,680.00"
2020-03-10,2020031001007946,RHPL,43,29,20,156.00,"3,120.00"
2020-03-10,2020031001007849,RHPL,42,42,10,153.00,"1,530.00"
2020-03-10,2020031001007833,RHPL,42,34,140,153.00,"21,420.00"
2020-03-10,2020031001007950,SANIMA,19,14,10,346.00,"3,460.00"
2020-03-10,2020031001007949,SANIMA,17,14,500,346.00,"173,000.00"
2020-03-10,2020031001007948,SANIMA,42,14,490,346.00,"169,540.00"
2020-03-10,2020031001007852,SANIMA,53,47,200,347.00,"69,400.00"
2020-03-10,2020031001007762,SANIMA,42,26,330,346.00,"114,180.00"
2020-03-10,2020031001007753,SANIMA,41,47,50,347.00,"17,350.00"
2020-03-10,2020031001008022,SBI,53,14,120,420.00,"50,400.00"
2020-03-10,2020031001008021,SBI,22,14,200,421.00,"84,200.00"
2020-03-10,2020031001008020,SBI,48,14,100,423.00,"42,300.00"
2020-03-10,2020031001008019,SBI,48,14,20,423.00,"8,460.00"
2020-03-10,2020031001008018,SBI,25,14,50,424.00,"21,200.00"
2020-03-10,2020031001008225,SBL,56,19,397,309.00,"122,673.00"
2020-03-10,2020031001008224,SBL,33,19,50,309.00,"15,450.00"
2020-03-10,2020031001007824,SBL,33,22,150,309.00,"46,350.00"
2020-03-10,2020031001007823,SBL,58,22,100,309.00,"30,900.00"
2020-03-10,2020031001007822,SBL,34,22,48,309.00,"14,832.00"
2020-03-10,2020031001007821,SBL,34,22,500,310.00,"155,000.00"
2020-03-10,2020031001007820,SBL,34,22,100,310.00,"31,000.00"
2020-03-10,2020031001007819,SBL,57,22,50,310.00,"15,500.00"
2020-03-10,2020031001008017,SCB,6,3,200,653.00,"130,600.00"
2020-03-10,2020031001007974,SCB,45,41,100,647.00,"64,700.00"
2020-03-10,2020031001007971,SCB,50,41,100,650.00,"65,000.00"
2020-03-10,2020031001007970,SCB,1,41,100,650.00,"65,000.00"
2020-03-10,2020031001007969,SCB,45,41,100,650.00,"65,000.00"
2020-03-10,2020031001007968,SCB,52,41,50,652.00,"32,600.00"
2020-03-10,2020031001007967,SCB,44,41,30,652.00,"19,560.00"
2020-03-10,2020031001007901,SCB,44,49,20,652.00,"13,040.00"
2020-03-10,2020031001007879,SCB,44,41,50,652.00,"32,600.00"
2020-03-10,2020031001007787,SCB,25,29,500,653.00,"326,500.00"
2020-03-10,2020031001007759,SDESI,26,56,10,865.00,"8,650.00"
2020-03-10,2020031001007947,SHINE,58,53,401,291.00,"116,691.00"
2020-03-10,2020031001007999,SHIVM,58,29,115,545.00,"62,675.00"
2020-03-10,2020031001007917,SHIVM,58,56,95,545.00,"51,775.00"
2020-03-10,2020031001007916,SHIVM,48,56,300,546.00,"163,800.00"
2020-03-10,2020031001007915,SHIVM,37,56,50,550.00,"27,500.00"
2020-03-10,2020031001007914,SHIVM,39,56,55,551.00,"30,305.00"
2020-03-10,2020031001007873,SHIVM,48,6,200,551.00,"110,200.00"
2020-03-10,2020031001007867,SHPC,46,56,500,210.00,"105,000.00"
2020-03-10,2020031001007866,SHPC,11,56,100,210.00,"21,000.00"
2020-03-10,2020031001007786,SHPC,38,56,200,212.00,"42,400.00"
2020-03-10,2020031001007785,SHPC,42,56,"2,513",212.00,"532,756.00"
2020-03-10,2020031001008229,SICL,42,7,200,931.00,"186,200.00"
2020-03-10,2020031001008196,SICL,43,20,375,935.00,"350,625.00"
2020-03-10,2020031001008165,SICL,43,48,60,935.00,"56,100.00"
2020-03-10,2020031001008164,SICL,43,48,220,935.00,"205,700.00"
2020-03-10,2020031001008045,SICL,47,48,123,940.00,"115,620.00"
2020-03-10,2020031001007740,SICL,47,45,100,940.00,"94,000.00"
2020-03-10,2020031001007773,SJCL,43,26,20,148.00,"2,960.00"
2020-03-10,2020031001007760,SJCL,43,28,20,148.00,"2,960.00"
2020-03-10,2020031001007964,SKBBL,45,14,300,"1,068.00","320,400.00"
2020-03-10,2020031001007850,SKBBL,45,22,69,"1,068.00","73,692.00"
2020-03-10,2020031001007982,SLBBL,45,22,50,868.00,"43,400.00"
2020-03-10,2020031001007989,SLICL,26,22,276,422.00,"116,472.00"
2020-03-10,2020031001007960,SLICL,26,46,300,422.00,"126,600.00"
2020-03-10,2020031001007810,SLICL,52,45,22,428.00,"9,416.00"
2020-03-10,2020031001008053,SRBL,34,58,"1,000",252.00,"252,000.00"
2020-03-10,2020031001007972,SRBL,34,21,300,252.00,"75,600.00"
2020-03-10,2020031001007744,SRBL,34,45,200,252.00,"50,400.00"
2020-03-10,2020031001008218,TRH,17,16,100,249.00,"24,900.00"
2020-03-10,2020031001007743,TRH,17,3,540,249.00,"134,460.00"
2020-03-10,2020031001007818,UIC,39,19,150,349.00,"52,350.00"
2020-03-10,2020031001007817,UIC,37,19,100,349.00,"34,900.00"
2020-03-10,2020031001007816,UIC,13,19,200,349.00,"69,800.00"
2020-03-10,2020031001007815,UIC,43,19,55,350.00,"19,250.00"
2020-03-10,2020031001007814,UIC,21,19,150,350.00,"52,500.00"
2020-03-10,2020031001007813,UIC,58,19,50,350.00,"17,500.00"
2020-03-10,2020031001007812,UIC,13,19,200,353.00,"70,600.00"
2020-03-10,2020031001008163,UPPER,17,13,"1,165",231.00,"269,115.00"
2020-03-10,2020031001007844,UPPER,22,38,100,232.00,"23,200.00"
2020-03-10,2020031001007825,UPPER,17,42,50,231.00,"11,550.00"
2020-03-10,2020031001007795,UPPER,17,54,500,231.00,"115,500.00"
2020-03-10,2020031001008213,WOMI,36,7,79,"1,009.00","79,711.00"
2020-03-10,2020031001008144,WOMI,7,7,321,"1,009.00","323,889.00"
2020-03-10,2020031001008143,WOMI,7,14,149,"1,009.00","150,341.00"
2020-03-10,2020031001008142,WOMI,7,45,50,"1,009.00","50,450.00"
2020-03-10,2020031001008141,WOMI,7,42,400,"1,009.00","403,600.00"
2020-03-10,2020031001008140,WOMI,7,29,80,"1,009.00","80,720.00"
2020-03-10,2020031001007918,WOMI,41,29,200,"1,009.00","201,800.00"
2020-03-10,2020031001007776,WOMI,51,29,10,"1,009.00","10,090.00"
2020-03-10,2020031001007620,ADBL,10,52,452,385.00,"174,020.00"
2020-03-10,2020031001007466,ADBL,36,59,100,382.00,"38,200.00"
2020-03-10,2020031001007364,ADBL,36,33,692,382.00,"264,344.00"
2020-03-10,2020031001007270,ADBL,53,33,20,382.00,"7,640.00"
2020-03-10,2020031001007269,ADBL,45,33,100,382.00,"38,200.00"
2020-03-10,2020031001007268,ADBL,37,33,50,382.00,"19,100.00"
2020-03-10,2020031001007458,AHPC,32,28,198,100.00,"19,800.00"
2020-03-10,2020031001007457,AHPC,32,34,572,100.00,"57,200.00"
2020-03-10,2020031001007456,AHPC,32,45,200,100.00,"20,000.00"
2020-03-10,2020031001007455,AHPC,32,53,30,100.00,"3,000.00"
2020-03-10,2020031001007739,AKPL,41,54,50,121.00,"6,050.00"
2020-03-10,2020031001007738,AKPL,42,54,50,121.00,"6,050.00"
2020-03-10,2020031001007560,ALICL,57,5,82,552.00,"45,264.00"
2020-03-10,2020031001007355,ALICL,57,56,247,552.00,"136,344.00"
2020-03-10,2020031001007273,ALICL,8,56,200,552.00,"110,400.00"
2020-03-10,2020031001007261,ALICL,38,38,200,552.00,"110,400.00"
2020-03-10,2020031001007510,API,47,16,453,123.00,"55,719.00"
2020-03-10,2020031001007465,API,51,58,60,124.00,"7,440.00"
2020-03-10,2020031001007407,API,35,51,100,124.00,"12,400.00"
2020-03-10,2020031001007586,BOKL,13,16,136,235.00,"31,960.00"
2020-03-10,2020031001007531,BOKL,13,21,10,235.00,"2,350.00"
2020-03-10,2020031001007679,BPCL,42,52,"1,974",344.00,"679,056.00"
2020-03-10,2020031001007678,BPCL,41,52,100,344.00,"34,400.00"
2020-03-10,2020031001007677,BPCL,42,52,"1,776",344.00,"610,944.00"
2020-03-10,2020031001007398,BPCL,42,18,224,344.00,"77,056.00"
2020-03-10,2020031001007397,BPCL,11,18,20,344.00,"6,880.00"
2020-03-10,2020031001007396,BPCL,53,18,56,349.00,"19,544.00"
2020-03-10,2020031001007381,BPCL,53,29,22,349.00,"7,678.00"
2020-03-10,2020031001007479,CBBL,55,17,65,985.00,"64,025.00"
2020-03-10,2020031001007478,CBBL,57,17,100,990.00,"99,000.00"
2020-03-10,2020031001007477,CBBL,56,17,100,990.00,"99,000.00"
2020-03-10,2020031001007476,CBBL,16,17,25,992.00,"24,800.00"
2020-03-10,2020031001007475,CBBL,38,17,10,992.00,"9,920.00"
2020-03-10,2020031001007474,CBBL,32,17,50,992.00,"49,600.00"
2020-03-10,2020031001007439,CBBL,57,39,50,"1,000.00","50,000.00"
2020-03-10,2020031001007438,CBBL,43,39,100,"1,000.00","100,000.00"
2020-03-10,2020031001007437,CBBL,35,39,350,"1,000.00","350,000.00"
2020-03-10,2020031001007473,CBBL,22,17,10,992.00,"9,920.00"
2020-03-10,2020031001007472,CBBL,41,17,40,996.00,"39,840.00"
2020-03-10,2020031001007471,CBBL,26,17,100,999.00,"99,900.00"
2020-03-10,2020031001007442,CBBL,39,39,500,"1,000.00","500,000.00"
2020-03-10,2020031001007441,CBBL,40,39,200,"1,000.00","200,000.00"
2020-03-10,2020031001007440,CBBL,10,39,50,"1,000.00","50,000.00"
2020-03-10,2020031001007501,CBL,17,51,216,144.00,"31,104.00"
2020-03-10,2020031001007500,CBL,48,51,"3,000",144.00,"432,000.00"
2020-03-10,2020031001007499,CBL,49,51,"1,000",144.00,"144,000.00"
2020-03-10,2020031001007498,CBL,58,51,"3,000",144.00,"432,000.00"
2020-03-10,2020031001007497,CBL,56,51,524,144.00,"75,456.00"
2020-03-10,2020031001007496,CBL,58,51,"5,000",144.00,"720,000.00"
2020-03-10,2020031001007413,CBL,29,59,244,144.00,"35,136.00"
2020-03-10,2020031001007495,CBL,34,51,"1,000",144.00,"144,000.00"
2020-03-10,2020031001007494,CBL,53,51,"1,000",144.00,"144,000.00"
2020-03-10,2020031001007493,CBL,58,51,"2,000",144.00,"288,000.00"
2020-03-10,2020031001007492,CBL,11,51,50,144.00,"7,200.00"
2020-03-10,2020031001007491,CBL,51,51,"3,000",144.00,"432,000.00"
2020-03-10,2020031001007490,CBL,29,51,210,144.00,"30,240.00"
2020-03-10,2020031001007540,CCBL,29,4,"1,000",175.00,"175,000.00"
2020-03-10,2020031001007448,CCBL,45,55,402,176.00,"70,752.00"
2020-03-10,2020031001007406,CHCL,42,8,300,389.00,"116,700.00"
2020-03-10,2020031001007405,CHCL,37,8,100,390.00,"39,000.00"
2020-03-10,2020031001007417,CIT,19,22,100,"2,531.00","253,100.00"
2020-03-10,2020031001007357,CIT,58,51,100,"2,536.00","253,600.00"
2020-03-10,2020031001007356,CIT,39,51,50,"2,540.00","127,000.00"
2020-03-10,2020031001007436,CLBSL,17,40,100,"1,065.00","106,500.00"
2020-03-10,2020031001007730,CZBIL,59,16,70,194.00,"13,580.00"
2020-03-10,2020031001007729,CZBIL,7,16,138,194.00,"26,772.00"
2020-03-10,2020031001007596,CZBIL,7,21,10,194.00,"1,940.00"
2020-03-10,2020031001007731,EBL,53,26,300,705.00,"211,500.00"
2020-03-10,2020031001007624,EBL,53,32,200,705.00,"141,000.00"
2020-03-10,2020031001007412,EBL,56,29,200,706.00,"141,200.00"
2020-03-10,2020031001007570,EDBL,45,39,500,395.00,"197,500.00"
2020-03-10,2020031001007377,EDBL,45,32,100,395.00,"39,500.00"
2020-03-10,2020031001007556,FMDBL,43,46,50,477.00,"23,850.00"
2020-03-10,2020031001007555,FMDBL,58,46,50,477.00,"23,850.00"
2020-03-10,2020031001007554,FMDBL,48,46,100,477.00,"47,700.00"
2020-03-10,2020031001007553,FMDBL,54,46,50,480.00,"24,000.00"
2020-03-10,2020031001007264,FMDBL,45,56,40,485.00,"19,400.00"
2020-03-10,2020031001007722,FOWAD,42,7,50,"1,470.00","73,500.00"
2020-03-10,2020031001007721,FOWAD,41,7,50,"1,471.00","73,550.00"
2020-03-10,2020031001007558,FOWAD,42,45,50,"1,470.00","73,500.00"
2020-03-10,2020031001007557,FOWAD,6,45,50,"1,471.00","73,550.00"
2020-03-10,2020031001007272,FOWAD,6,42,19,"1,475.00","28,025.00"
2020-03-10,2020031001007271,FOWAD,42,46,300,"1,470.00","441,000.00"
2020-03-10,2020031001007604,GBBL,4,35,141,240.00,"33,840.00"
2020-03-10,2020031001007603,GBBL,37,35,59,241.00,"14,219.00"
2020-03-10,2020031001007559,GBBL,37,38,441,241.00,"106,281.00"
2020-03-10,2020031001007451,GBBL,4,1,"1,000",240.00,"240,000.00"
2020-03-10,2020031001007662,GBIME,56,46,343,274.00,"93,982.00"
2020-03-10,2020031001007661,GBIME,14,46,500,274.00,"137,000.00"
2020-03-10,2020031001007660,GBIME,44,46,"1,264",274.00,"346,336.00"
2020-03-10,2020031001007530,GBIME,44,55,230,274.00,"63,020.00"
2020-03-10,2020031001007435,GBIME,32,55,100,275.00,"27,500.00"
2020-03-10,2020031001007434,GBIME,39,55,170,275.00,"46,750.00"
2020-03-10,2020031001007251,GBIME,57,58,100,275.00,"27,500.00"
2020-03-10,2020031001007250,GBIME,35,58,"2,230",275.00,"613,250.00"
2020-03-10,2020031001007248,GBIME,19,43,60,276.00,"16,560.00"
