Date,Transact. No.,Symbol,Buyer,Seller,Quantity,Rate,Amount
2019-04-03,2019040301007176,ADBL,21,25,10,305.00,"3,050.00"
2019-04-03,2019040301007094,ADBL,14,14,73,304.00,"22,192.00"
2019-04-03,2019040301007051,ADBL,14,14,73,304.00,"22,192.00"
2019-04-03,2019040301006873,AHPC,47,28,720,103.00,"74,160.00"
2019-04-03,2019040301007060,AKJCL,52,6,20,80.00,"1,600.00"
2019-04-03,2019040301007121,ALBSL,19,41,10,480.00,"4,800.00"
2019-04-03,2019040301007068,ALBSL,25,18,10,477.00,"4,770.00"
2019-04-03,2019040301007049,ALBSL,25,18,10,477.00,"4,770.00"
2019-04-03,2019040301006851,ALBSL,59,25,10,480.00,"4,800.00"
2019-04-03,2019040301006850,ALBSL,59,44,10,480.00,"4,800.00"
2019-04-03,2019040301006849,ALBSL,59,44,10,480.00,"4,800.00"
2019-04-03,2019040301006736,ALBSL,57,38,20,480.00,"9,600.00"
2019-04-03,2019040301006721,ALBSL,26,55,10,478.00,"4,780.00"
2019-04-03,2019040301006848,ALBSL,59,44,10,480.00,"4,800.00"
2019-04-03,2019040301006847,ALBSL,59,29,10,480.00,"4,800.00"
2019-04-03,2019040301006846,ALBSL,59,38,250,480.00,"120,000.00"
2019-04-03,2019040301006778,ALBSL,6,56,100,478.00,"47,800.00"
2019-04-03,2019040301006777,ALBSL,26,56,30,478.00,"14,340.00"
2019-04-03,2019040301006739,ALBSL,39,38,30,480.00,"14,400.00"
2019-04-03,2019040301007010,ALICL,33,7,10,395.00,"3,950.00"
2019-04-03,2019040301007201,AMFI,45,48,30,650.00,"19,500.00"
2019-04-03,2019040301007200,AMFI,45,48,60,651.00,"39,060.00"
2019-04-03,2019040301007199,AMFI,45,48,20,652.00,"13,040.00"
2019-04-03,2019040301007181,BHBL,57,1,510,157.00,"80,070.00"
2019-04-03,2019040301007180,BHBL,33,1,290,157.00,"45,530.00"
2019-04-03,2019040301007179,BHBL,34,1,200,158.00,"31,600.00"
2019-04-03,2019040301006724,BHBL,33,42,200,157.00,"31,400.00"
2019-04-03,2019040301007183,BOKL,17,49,50,250.00,"12,500.00"
2019-04-03,2019040301007139,BOKL,11,43,176,248.00,"43,648.00"
2019-04-03,2019040301007138,BOKL,58,43,10,248.00,"2,480.00"
2019-04-03,2019040301007137,BOKL,10,43,686,248.00,"170,128.00"
2019-04-03,2019040301007136,BOKL,45,43,200,248.00,"49,600.00"
2019-04-03,2019040301007135,BOKL,41,43,200,248.00,"49,600.00"
2019-04-03,2019040301006734,BOKL,47,49,250,249.00,"62,250.00"
2019-04-03,2019040301006733,BOKL,57,49,100,249.00,"24,900.00"
2019-04-03,2019040301006732,BOKL,47,49,"2,000",249.00,"498,000.00"
2019-04-03,2019040301006731,BOKL,47,49,"2,000",249.00,"498,000.00"
2019-04-03,2019040301006730,BOKL,17,49,217,249.00,"54,033.00"
2019-04-03,2019040301007134,BOKL,41,43,50,248.00,"12,400.00"
2019-04-03,2019040301007133,BOKL,59,43,100,248.00,"24,800.00"
2019-04-03,2019040301007132,BOKL,48,43,20,248.00,"4,960.00"
2019-04-03,2019040301007131,BOKL,14,43,458,248.00,"113,584.00"
2019-04-03,2019040301007031,BOKL,25,54,200,249.00,"49,800.00"
2019-04-03,2019040301006948,BOKL,46,54,300,249.00,"74,700.00"
2019-04-03,2019040301007161,BPCL,5,50,25,361.00,"9,025.00"
2019-04-03,2019040301007092,BPCL,26,1,50,359.00,"17,950.00"
2019-04-03,2019040301007003,BPCL,52,25,20,358.00,"7,160.00"
2019-04-03,2019040301007033,CBL,58,4,500,161.00,"80,500.00"
2019-04-03,2019040301006982,CBL,58,42,200,161.00,"32,200.00"
2019-04-03,2019040301006954,CBL,28,25,200,160.00,"32,000.00"
2019-04-03,2019040301006877,CBL,14,25,250,161.00,"40,250.00"
2019-04-03,2019040301006775,CBL,25,43,500,161.00,"80,500.00"
2019-04-03,2019040301006774,CBL,58,43,193,161.00,"31,073.00"
2019-04-03,2019040301006717,CBL,58,48,"1,400",161.00,"225,400.00"
2019-04-03,2019040301007163,CCBL,33,25,500,168.00,"84,000.00"
2019-04-03,2019040301007109,CCBL,35,39,100,169.00,"16,900.00"
2019-04-03,2019040301006910,CCBL,33,6,"2,968",168.00,"498,624.00"
2019-04-03,2019040301006838,CCBL,33,56,194,168.00,"32,592.00"
2019-04-03,2019040301006757,CCBL,33,39,20,168.00,"3,360.00"
2019-04-03,2019040301006748,CCBL,33,14,97,168.00,"16,296.00"
2019-04-03,2019040301006917,CFCL,33,59,108,107.00,"11,556.00"
2019-04-03,2019040301006827,CFCL,4,41,"1,850",108.00,"199,800.00"
2019-04-03,2019040301006826,CFCL,44,41,"2,000",108.00,"216,000.00"
2019-04-03,2019040301006825,CFCL,57,41,130,108.00,"14,040.00"
2019-04-03,2019040301006771,CHL,13,14,10,103.00,"1,030.00"
2019-04-03,2019040301007069,CHLBS,56,6,10,509.00,"5,090.00"
2019-04-03,2019040301006992,CHLBS,56,34,10,509.00,"5,090.00"
2019-04-03,2019040301006979,CHLBS,56,34,10,509.00,"5,090.00"
2019-04-03,2019040301006963,CHLBS,20,34,10,509.00,"5,090.00"
2019-04-03,2019040301006923,CHLBS,13,35,20,511.00,"10,220.00"
2019-04-03,2019040301007175,CIT,55,5,25,"2,580.00","64,500.00"
2019-04-03,2019040301007174,CIT,5,5,50,"2,580.00","129,000.00"
2019-04-03,2019040301007173,CIT,59,5,15,"2,585.00","38,775.00"
2019-04-03,2019040301007172,CIT,1,5,21,"2,586.00","54,306.00"
2019-04-03,2019040301007171,CIT,16,5,30,"2,586.00","77,580.00"
2019-04-03,2019040301007170,CIT,29,5,40,"2,594.00","103,760.00"
2019-04-03,2019040301007091,CIT,29,54,110,"2,590.00","284,900.00"
2019-04-03,2019040301007090,CIT,46,54,50,"2,591.00","129,550.00"
2019-04-03,2019040301007089,CIT,34,54,20,"2,592.00","51,840.00"
2019-04-03,2019040301007088,CIT,48,54,10,"2,593.00","25,930.00"
2019-04-03,2019040301007100,CZBIL,57,58,10,218.00,"2,180.00"
2019-04-03,2019040301007099,CZBIL,57,3,190,218.00,"41,420.00"
2019-04-03,2019040301007011,CZBIL,25,25,10,217.00,"2,170.00"
2019-04-03,2019040301006922,CZBIL,25,28,501,217.00,"108,717.00"
2019-04-03,2019040301006919,CZBIL,56,3,130,218.00,"28,340.00"
2019-04-03,2019040301006905,CZBIL,56,20,20,218.00,"4,360.00"
2019-04-03,2019040301006904,CZBIL,33,20,480,218.00,"104,640.00"
2019-04-03,2019040301006859,CZBIL,33,25,500,218.00,"109,000.00"
2019-04-03,2019040301006756,DBBL,49,56,35,126.00,"4,410.00"
2019-04-03,2019040301006889,DDBL,7,6,276,583.00,"160,908.00"
2019-04-03,2019040301006888,DDBL,41,6,200,584.00,"116,800.00"
2019-04-03,2019040301006887,DDBL,33,6,140,585.00,"81,900.00"
2019-04-03,2019040301006886,DDBL,17,6,30,585.00,"17,550.00"
2019-04-03,2019040301006885,DDBL,58,6,254,586.00,"148,844.00"
2019-04-03,2019040301007072,FMDBL,25,42,100,370.00,"37,000.00"
2019-04-03,2019040301007071,FMDBL,25,57,230,370.00,"85,100.00"
2019-04-03,2019040301006796,FOWAD,21,52,24,"1,516.00","36,384.00"
2019-04-03,2019040301006795,FOWAD,19,52,15,"1,517.00","22,755.00"
2019-04-03,2019040301006765,FOWAD,45,25,495,"1,510.00","747,450.00"
2019-04-03,2019040301006764,FOWAD,37,25,50,"1,510.00","75,500.00"
2019-04-03,2019040301006763,FOWAD,19,25,250,"1,511.00","377,750.00"
2019-04-03,2019040301006762,FOWAD,42,25,200,"1,511.00","302,200.00"
2019-04-03,2019040301006761,FOWAD,38,25,100,"1,512.00","151,200.00"
2019-04-03,2019040301006760,FOWAD,53,25,85,"1,515.00","128,775.00"
2019-04-03,2019040301006759,FOWAD,41,25,11,"1,516.00","16,676.00"
2019-04-03,2019040301006714,FOWAD,41,42,50,"1,516.00","75,800.00"
2019-04-03,2019040301007189,GBBL,59,59,5,190.00,950.00
2019-04-03,2019040301007187,GBBL,32,34,400,191.00,"76,400.00"
2019-04-03,2019040301007067,GBBL,52,36,20,193.00,"3,860.00"
2019-04-03,2019040301006891,GBBL,52,52,980,192.00,"188,160.00"
2019-04-03,2019040301007190,GBIME,44,20,169,267.00,"45,123.00"
2019-04-03,2019040301007158,GBIME,20,58,169,268.00,"45,292.00"
2019-04-03,2019040301007037,GBIME,44,22,60,267.00,"16,020.00"
2019-04-03,2019040301006944,GBIME,44,45,182,267.00,"48,594.00"
2019-04-03,2019040301006943,GBIME,41,45,33,267.00,"8,811.00"
2019-04-03,2019040301006941,GBIME,41,6,67,267.00,"17,889.00"
2019-04-03,2019040301006915,GBIME,45,6,200,267.00,"53,400.00"
2019-04-03,2019040301006788,GBIME,28,6,233,267.00,"62,211.00"
2019-04-03,2019040301006751,GBIME,28,35,267,267.00,"71,289.00"
2019-04-03,2019040301006750,GBIME,48,35,33,267.00,"8,811.00"
2019-04-03,2019040301006824,GBLBS,58,58,47,445.00,"20,915.00"
2019-04-03,2019040301006823,GBLBS,17,58,100,445.00,"44,500.00"
2019-04-03,2019040301006822,GBLBS,48,58,100,445.00,"44,500.00"
2019-04-03,2019040301006821,GBLBS,39,58,23,445.00,"10,235.00"
2019-04-03,2019040301006820,GBLBS,17,58,100,446.00,"44,600.00"
2019-04-03,2019040301006819,GBLBS,29,58,500,446.00,"223,000.00"
2019-04-03,2019040301006818,GBLBS,1,58,40,447.00,"17,880.00"
2019-04-03,2019040301006817,GBLBS,17,58,100,447.00,"44,700.00"
2019-04-03,2019040301006816,GBLBS,38,58,310,447.00,"138,570.00"
2019-04-03,2019040301006815,GBLBS,58,58,180,448.00,"80,640.00"
2019-04-03,2019040301006792,GBLBS,58,42,100,448.00,"44,800.00"
2019-04-03,2019040301007118,GDBL,25,32,11,189.00,"2,079.00"
2019-04-03,2019040301006989,GFCL,4,6,426,120.00,"51,120.00"
2019-04-03,2019040301006988,GFCL,57,6,120,120.00,"14,400.00"
2019-04-03,2019040301006987,GFCL,4,6,170,120.00,"20,400.00"
2019-04-03,2019040301006986,GFCL,4,6,330,120.00,"39,600.00"
2019-04-03,2019040301006741,GILB,59,37,50,"1,024.00","51,200.00"
2019-04-03,2019040301007029,GLICL,29,35,100,497.00,"49,700.00"
2019-04-03,2019040301007028,GLICL,48,35,100,497.00,"49,700.00"
2019-04-03,2019040301007027,GLICL,58,35,350,497.00,"173,950.00"
2019-04-03,2019040301006773,GLICL,58,58,150,497.00,"74,550.00"
2019-04-03,2019040301006703,GLICL,25,58,450,498.00,"224,100.00"
2019-04-03,2019040301007050,GUFL,58,28,10,110.00,"1,100.00"
2019-04-03,2019040301006909,GUFL,58,28,"2,000",109.00,"218,000.00"
2019-04-03,2019040301006908,GUFL,19,28,500,109.00,"54,500.00"
2019-04-03,2019040301006907,GUFL,58,28,974,109.00,"106,166.00"
2019-04-03,2019040301006743,HBL,25,16,13,472.00,"6,136.00"
2019-04-03,2019040301007076,HDL,45,57,20,"1,340.00","26,800.00"
2019-04-03,2019040301006967,HDL,17,57,50,"1,345.00","67,250.00"
2019-04-03,2019040301007122,HGI,6,50,300,375.00,"112,500.00"
2019-04-03,2019040301007032,HIDCL,34,1,84,139.00,"11,676.00"
2019-04-03,2019040301006878,HIDCL,34,25,56,139.00,"7,784.00"
2019-04-03,2019040301006758,HIDCL,34,25,464,139.00,"64,496.00"
2019-04-03,2019040301007165,ICFC,43,41,109,152.00,"16,568.00"
2019-04-03,2019040301007164,ICFC,52,41,350,153.00,"53,550.00"
2019-04-03,2019040301006999,ICFC,45,41,73,155.00,"11,315.00"
2019-04-03,2019040301006929,JBBL,46,28,100,138.00,"13,800.00"
2019-04-03,2019040301006928,JBBL,46,42,200,138.00,"27,600.00"
2019-04-03,2019040301007074,JBNL,4,43,10,180.00,"1,800.00"
2019-04-03,2019040301006965,JBNL,42,58,550,179.00,"98,450.00"
2019-04-03,2019040301006964,JBNL,4,58,441,179.00,"78,939.00"
2019-04-03,2019040301006942,JBNL,4,34,"1,000",179.00,"179,000.00"
2019-04-03,2019040301006918,JBNL,4,42,200,179.00,"35,800.00"
2019-04-03,2019040301006834,JBNL,4,41,100,179.00,"17,900.00"
2019-04-03,2019040301006831,JBNL,4,32,500,179.00,"89,500.00"
2019-04-03,2019040301006800,JBNL,4,34,700,179.00,"125,300.00"
2019-04-03,2019040301006719,KBBL,35,53,100,212.00,"21,200.00"
2019-04-03,2019040301007108,KBL,58,34,400,243.00,"97,200.00"
2019-04-03,2019040301007107,KBL,28,34,500,243.00,"121,500.00"
2019-04-03,2019040301007106,KBL,58,34,10,244.00,"2,440.00"
2019-04-03,2019040301007105,KBL,4,34,249,244.00,"60,756.00"
2019-04-03,2019040301007055,KBL,4,58,"1,251",244.00,"305,244.00"
2019-04-03,2019040301007054,KBL,42,58,500,244.00,"122,000.00"
2019-04-03,2019040301007053,KBL,1,58,278,244.00,"67,832.00"
2019-04-03,2019040301007034,KBL,1,10,22,244.00,"5,368.00"
2019-04-03,2019040301006735,KPCL,51,7,10,92.00,920.00
2019-04-03,2019040301007103,LBBL,33,41,18,171.00,"3,078.00"
2019-04-03,2019040301007102,LBBL,34,41,200,171.00,"34,200.00"
2019-04-03,2019040301007101,LBBL,25,41,282,171.00,"48,222.00"
2019-04-03,2019040301007066,LBL,55,39,"1,000",203.00,"203,000.00"
2019-04-03,2019040301007013,LBL,34,58,500,202.00,"101,000.00"
2019-04-03,2019040301007009,LBL,32,58,500,202.00,"101,000.00"
2019-04-03,2019040301006799,LGIL,25,39,71,502.00,"35,642.00"
2019-04-03,2019040301006798,LGIL,38,39,30,503.00,"15,090.00"
2019-04-03,2019040301006794,LGIL,28,42,100,504.00,"50,400.00"
2019-04-03,2019040301007129,MBL,17,44,190,231.00,"43,890.00"
2019-04-03,2019040301007128,MBL,28,44,810,231.00,"187,110.00"
2019-04-03,2019040301007073,MBL,44,5,500,232.00,"116,000.00"
2019-04-03,2019040301007006,MBL,26,48,354,233.00,"82,482.00"
2019-04-03,2019040301007005,MBL,26,48,146,233.00,"34,018.00"
2019-04-03,2019040301007001,MBL,54,5,"3,199",232.00,"742,168.00"
2019-04-03,2019040301006770,MBL,16,22,116,232.00,"26,912.00"
2019-04-03,2019040301006769,MBL,43,22,100,232.00,"23,200.00"
2019-04-03,2019040301006729,MBL,35,58,"10,000",232.00,"2,320,000.00"
2019-04-03,2019040301006978,MBL,54,16,"1,801",232.00,"417,832.00"
2019-04-03,2019040301006977,MBL,26,16,"1,000",232.00,"232,000.00"
2019-04-03,2019040301006976,MBL,38,16,"1,184",232.00,"274,688.00"
2019-04-03,2019040301006927,MBL,38,6,200,232.00,"46,400.00"
2019-04-03,2019040301006843,MBL,38,46,616,232.00,"142,912.00"
2019-04-03,2019040301006842,MBL,16,46,384,232.00,"89,088.00"
2019-04-03,2019040301006787,MDB,14,25,379,235.00,"89,065.00"
2019-04-03,2019040301006786,MDB,35,25,143,236.00,"33,748.00"
2019-04-03,2019040301007126,MEGA,48,6,203,165.00,"33,495.00"
2019-04-03,2019040301007125,MEGA,40,6,700,165.00,"115,500.00"
2019-04-03,2019040301007124,MEGA,17,6,100,165.00,"16,500.00"
2019-04-03,2019040301007123,MEGA,16,6,197,165.00,"32,505.00"
2019-04-03,2019040301007025,MEGA,13,6,500,166.00,"83,000.00"
2019-04-03,2019040301006863,MEGA,16,56,125,165.00,"20,625.00"
2019-04-03,2019040301006860,MEGA,32,6,300,166.00,"49,800.00"
2019-04-03,2019040301006783,MERO,5,35,90,557.00,"50,130.00"
2019-04-03,2019040301007040,MLBL,33,32,100,173.00,"17,300.00"
2019-04-03,2019040301007035,MLBL,4,32,10,173.00,"1,730.00"
2019-04-03,2019040301006924,MLBL,50,16,108,172.00,"18,576.00"
2019-04-03,2019040301006720,MLBL,50,49,150,172.00,"25,800.00"
2019-04-03,2019040301007059,MNBBL,28,21,99,346.00,"34,254.00"
2019-04-03,2019040301006814,MNBBL,28,32,35,346.00,"12,110.00"
2019-04-03,2019040301006812,MNBBL,28,6,343,346.00,"118,678.00"
2019-04-03,2019040301006790,MNBBL,28,6,471,346.00,"162,966.00"
2019-04-03,2019040301006789,MNBBL,56,6,62,346.00,"21,452.00"
2019-04-03,2019040301006706,MNBBL,56,42,138,346.00,"47,748.00"
2019-04-03,2019040301006705,MNBBL,56,42,300,346.00,"103,800.00"
2019-04-03,2019040301006704,MNBBL,26,42,62,346.00,"21,452.00"
2019-04-03,2019040301006985,MPFL,32,49,20,152.00,"3,040.00"
2019-04-03,2019040301007008,NABIL,32,29,90,724.00,"65,160.00"
2019-04-03,2019040301007007,NABIL,32,29,50,724.00,"36,200.00"
2019-04-03,2019040301006901,NABIL,1,51,40,725.00,"29,000.00"
2019-04-03,2019040301006862,NABIL,14,45,50,725.00,"36,250.00"
2019-04-03,2019040301007095,NABILP,44,8,"1,200",705.00,"846,000.00"
2019-04-03,2019040301006994,NABILP,44,6,500,705.00,"352,500.00"
2019-04-03,2019040301006811,NABILP,44,7,300,705.00,"211,500.00"
2019-04-03,2019040301006746,NABILP,59,8,500,706.00,"353,000.00"
2019-04-03,2019040301006745,NABILP,32,8,500,706.00,"353,000.00"
2019-04-03,2019040301006744,NABILP,11,8,200,706.00,"141,200.00"
2019-04-03,2019040301006881,NADEP,19,25,10,660.00,"6,600.00"
2019-04-03,2019040301007048,NBB,5,40,150,207.00,"31,050.00"
2019-04-03,2019040301006975,NBB,32,43,100,207.00,"20,700.00"
2019-04-03,2019040301006974,NBB,7,43,722,207.00,"149,454.00"
2019-04-03,2019040301006939,NBB,7,41,50,207.00,"10,350.00"
2019-04-03,2019040301006880,NBB,7,46,300,207.00,"62,100.00"
2019-04-03,2019040301006829,NBB,7,42,200,207.00,"41,400.00"
2019-04-03,2019040301006747,NBB,7,22,78,207.00,"16,146.00"
2019-04-03,2019040301007160,NBL,33,6,100,298.00,"29,800.00"
2019-04-03,2019040301007078,NBL,35,25,200,296.00,"59,200.00"
2019-04-03,2019040301006995,NBL,38,58,"1,650",297.00,"490,050.00"
2019-04-03,2019040301006983,NBL,26,58,350,297.00,"103,950.00"
2019-04-03,2019040301006951,NBL,26,42,100,297.00,"29,700.00"
2019-04-03,2019040301006950,NBL,26,46,50,297.00,"14,850.00"
2019-04-03,2019040301006772,NBL,25,46,450,297.00,"133,650.00"
2019-04-03,2019040301007197,NCCB,33,32,100,223.00,"22,300.00"
2019-04-03,2019040301007196,NCCB,4,25,200,221.00,"44,200.00"
2019-04-03,2019040301007195,NCCB,58,32,50,223.00,"11,150.00"
2019-04-03,2019040301007193,NCCB,58,32,50,223.00,"11,150.00"
2019-04-03,2019040301007169,NCCB,4,32,10,223.00,"2,230.00"
2019-04-03,2019040301007167,NCCB,56,32,10,223.00,"2,230.00"
2019-04-03,2019040301006728,NCCB,17,49,235,220.00,"51,700.00"
2019-04-03,2019040301006727,NCCB,56,49,180,220.00,"39,600.00"
2019-04-03,2019040301006726,NCCB,56,49,25,220.00,"5,500.00"
2019-04-03,2019040301006725,NCCB,28,49,60,220.00,"13,200.00"
2019-04-03,2019040301006723,NCCB,41,7,500,221.00,"110,500.00"
2019-04-03,2019040301006957,NCCB,4,16,500,221.00,"110,500.00"
2019-04-03,2019040301006956,NCCB,4,35,170,221.00,"37,570.00"
2019-04-03,2019040301006940,NCCB,17,42,300,220.00,"66,000.00"
2019-04-03,2019040301006876,NCCB,29,35,330,221.00,"72,930.00"
2019-04-03,2019040301006875,NCCB,29,7,170,221.00,"37,570.00"
2019-04-03,2019040301006839,NCCB,51,7,"1,000",221.00,"221,000.00"
2019-04-03,2019040301007056,NCCB,4,34,"1,000",221.00,"221,000.00"
2019-04-03,2019040301006962,NCCB,4,25,106,221.00,"23,426.00"
2019-04-03,2019040301006961,NCCB,4,59,375,221.00,"82,875.00"
2019-04-03,2019040301006960,NCCB,4,1,300,221.00,"66,300.00"
2019-04-03,2019040301006959,NCCB,4,46,"1,000",221.00,"221,000.00"
2019-04-03,2019040301006958,NCCB,4,55,500,221.00,"110,500.00"
2019-04-03,2019040301007145,NCCB,58,45,394,222.00,"87,468.00"
2019-04-03,2019040301007144,NCCB,58,48,500,222.00,"111,000.00"
2019-04-03,2019040301007143,NCCB,58,55,120,222.00,"26,640.00"
2019-04-03,2019040301007142,NCCB,58,17,266,222.00,"59,052.00"
2019-04-03,2019040301007140,NCCB,4,25,100,221.00,"22,100.00"
2019-04-03,2019040301007064,NCCB,4,45,123,221.00,"27,183.00"
2019-04-03,2019040301007151,NCCB,58,50,200,223.00,"44,600.00"
2019-04-03,2019040301007150,NCCB,58,51,500,223.00,"111,500.00"
2019-04-03,2019040301007149,NCCB,58,46,210,223.00,"46,830.00"
2019-04-03,2019040301007148,NCCB,58,32,"1,000",222.00,"222,000.00"
2019-04-03,2019040301007147,NCCB,58,34,500,222.00,"111,000.00"
2019-04-03,2019040301007146,NCCB,58,26,500,222.00,"111,000.00"
2019-04-03,2019040301007157,NCCB,58,32,700,223.00,"156,100.00"
2019-04-03,2019040301007156,NCCB,58,22,300,223.00,"66,900.00"
2019-04-03,2019040301007155,NCCB,58,17,100,223.00,"22,300.00"
2019-04-03,2019040301007154,NCCB,58,33,100,223.00,"22,300.00"
2019-04-03,2019040301007153,NCCB,58,7,500,223.00,"111,500.00"
2019-04-03,2019040301007152,NCCB,58,41,110,223.00,"24,530.00"
2019-04-03,2019040301006998,NGPL,51,1,317,123.00,"38,991.00"
2019-04-03,2019040301006984,NGPL,51,25,11,123.00,"1,353.00"
2019-04-03,2019040301006921,NGPL,51,36,11,123.00,"1,353.00"
2019-04-03,2019040301006797,NGPL,1,53,10,125.00,"1,250.00"
2019-04-03,2019040301006833,NIB,58,46,37,535.00,"19,795.00"
2019-04-03,2019040301006737,NIB,58,21,46,535.00,"24,610.00"
2019-04-03,2019040301007085,NIBPO,16,6,45,494.00,"22,230.00"
2019-04-03,2019040301006912,NIBPO,26,34,50,491.00,"24,550.00"
2019-04-03,2019040301007202,NICA,49,28,10,436.00,"4,360.00"
2019-04-03,2019040301007191,NICA,56,28,10,436.00,"4,360.00"
2019-04-03,2019040301007188,NICA,16,8,500,435.00,"217,500.00"
2019-04-03,2019040301007141,NICA,16,39,765,435.00,"332,775.00"
2019-04-03,2019040301007075,NICA,13,44,500,436.00,"218,000.00"
2019-04-03,2019040301007070,NICA,16,41,100,435.00,"43,500.00"
2019-04-03,2019040301006968,NICA,50,44,200,436.00,"87,200.00"
2019-04-03,2019040301006955,NICA,5,44,150,436.00,"65,400.00"
2019-04-03,2019040301006718,NICA,11,44,100,436.00,"43,600.00"
2019-04-03,2019040301006711,NICA,57,44,50,436.00,"21,800.00"
2019-04-03,2019040301007192,NICL,29,25,10,383.00,"3,830.00"
2019-04-03,2019040301007162,NICL,42,49,11,376.00,"4,136.00"
2019-04-03,2019040301007116,NICL,42,49,189,376.00,"71,064.00"
2019-04-03,2019040301007115,NICL,42,53,350,375.00,"131,250.00"
2019-04-03,2019040301007114,NICL,42,39,30,373.00,"11,190.00"
2019-04-03,2019040301007113,NICL,42,32,20,372.00,"7,440.00"
2019-04-03,2019040301007112,NICL,42,6,611,371.00,"226,681.00"
2019-04-03,2019040301007026,NICL,29,6,25,371.00,"9,275.00"
2019-04-03,2019040301007127,NLIC,57,7,17,"1,095.00","18,615.00"
2019-04-03,2019040301007002,NLIC,57,56,36,"1,093.00","39,348.00"
2019-04-03,2019040301006953,NLIC,35,56,23,"1,093.00","25,139.00"
2019-04-03,2019040301006926,NLIC,22,56,100,"1,093.00","109,300.00"
2019-04-03,2019040301006861,NLIC,57,56,100,"1,093.00","109,300.00"
2019-04-03,2019040301006768,NLIC,41,56,245,"1,093.00","267,785.00"
2019-04-03,2019040301006740,NLIC,41,56,17,"1,093.00","18,581.00"
2019-04-03,2019040301006722,NLIC,41,35,100,"1,093.00","109,300.00"
2019-04-03,2019040301006710,NLIC,28,56,83,"1,095.00","90,885.00"
2019-04-03,2019040301007036,NLICL,44,44,"1,800",573.00,"1,031,400.00"
2019-04-03,2019040301007182,NMB,14,39,273,338.00,"92,274.00"
2019-04-03,2019040301007159,NMB,14,48,100,337.00,"33,700.00"
2019-04-03,2019040301007130,NMB,19,39,"1,000",338.00,"338,000.00"
2019-04-03,2019040301007120,NMB,14,57,127,337.00,"42,799.00"
2019-04-03,2019040301007119,NMB,34,57,200,337.00,"67,400.00"
2019-04-03,2019040301006981,NMB,26,1,110,337.00,"37,070.00"
2019-04-03,2019040301006980,NMB,26,11,212,337.00,"71,444.00"
2019-04-03,2019040301006925,NMB,44,11,200,337.00,"67,400.00"
2019-04-03,2019040301006841,NMB,14,42,60,336.00,"20,160.00"
2019-04-03,2019040301006712,NMB,14,8,126,336.00,"42,336.00"
2019-04-03,2019040301006947,NNLB,7,58,100,435.00,"43,500.00"
2019-04-03,2019040301006857,NSEWA,11,11,10,515.00,"5,150.00"
2019-04-03,2019040301007030,NTC,28,21,10,684.00,"6,840.00"
2019-04-03,2019040301006766,NTC,33,45,10,683.00,"6,830.00"
2019-04-03,2019040301006755,NTC,33,7,16,683.00,"10,928.00"
2019-04-03,2019040301006754,NTC,33,7,10,683.00,"6,830.00"
2019-04-03,2019040301006911,NUBL,26,42,30,748.00,"22,440.00"
2019-04-03,2019040301006892,NUBL,42,42,30,748.00,"22,440.00"
2019-04-03,2019040301007166,PCBL,44,42,"1,000",324.00,"324,000.00"
2019-04-03,2019040301007024,PCBL,6,48,50,325.00,"16,250.00"
2019-04-03,2019040301007023,PCBL,11,48,100,325.00,"32,500.00"
2019-04-03,2019040301007022,PCBL,44,48,"2,000",325.00,"650,000.00"
2019-04-03,2019040301007021,PCBL,56,48,15,325.00,"4,875.00"
2019-04-03,2019040301007020,PCBL,43,48,848,325.00,"275,600.00"
2019-04-03,2019040301006946,PCBL,26,19,186,326.00,"60,636.00"
2019-04-03,2019040301006945,PCBL,10,19,315,326.00,"102,690.00"
2019-04-03,2019040301006906,PCBL,5,26,200,327.00,"65,400.00"
2019-04-03,2019040301006776,PCBL,10,49,100,326.00,"32,600.00"
2019-04-03,2019040301007019,PCBL,45,48,"1,000",326.00,"326,000.00"
2019-04-03,2019040301007018,PCBL,48,48,100,326.00,"32,600.00"
2019-04-03,2019040301007017,PCBL,59,48,250,326.00,"81,500.00"
2019-04-03,2019040301007016,PCBL,25,48,300,326.00,"97,800.00"
2019-04-03,2019040301007015,PCBL,16,48,"1,479",326.00,"482,154.00"
2019-04-03,2019040301007014,PCBL,26,48,814,326.00,"265,364.00"
2019-04-03,2019040301007012,PIC,6,32,11,"1,018.00","11,198.00"
2019-04-03,2019040301006914,PIC,45,33,10,"1,013.00","10,130.00"
2019-04-03,2019040301006913,PIC,34,33,178,"1,013.00","180,314.00"
2019-04-03,2019040301006864,PIC,57,6,100,"1,014.00","101,400.00"
2019-04-03,2019040301007087,PICL,56,25,12,682.00,"8,184.00"
2019-04-03,2019040301007086,PICL,56,49,288,672.00,"193,536.00"
2019-04-03,2019040301007004,PICL,56,49,813,672.00,"546,336.00"
2019-04-03,2019040301006810,PICL,56,33,288,672.00,"193,536.00"
2019-04-03,2019040301006809,PICL,25,33,100,672.00,"67,200.00"
2019-04-03,2019040301006808,PICL,56,33,112,672.00,"75,264.00"
2019-04-03,2019040301007084,PLIC,28,59,500,450.00,"225,000.00"
2019-04-03,2019040301006896,PLIC,5,42,100,452.00,"45,200.00"
2019-04-03,2019040301006782,PRIN,40,39,150,407.00,"61,050.00"
2019-04-03,2019040301006781,PRIN,59,39,50,408.00,"20,400.00"
2019-04-03,2019040301007178,PRVU,49,34,10,245.00,"2,450.00"
2019-04-03,2019040301007177,PRVU,34,34,100,245.00,"24,500.00"
2019-04-03,2019040301007065,PRVU,40,10,43,244.00,"10,492.00"
2019-04-03,2019040301007046,PRVU,40,36,320,244.00,"78,080.00"
2019-04-03,2019040301007045,PRVU,17,36,"2,000",244.00,"488,000.00"
2019-04-03,2019040301007044,PRVU,17,36,"1,000",244.00,"244,000.00"
2019-04-03,2019040301007043,PRVU,33,36,500,244.00,"122,000.00"
2019-04-03,2019040301007042,PRVU,43,36,180,244.00,"43,920.00"
2019-04-03,2019040301007039,PRVU,43,39,320,244.00,"78,080.00"
2019-04-03,2019040301007038,PRVU,54,39,180,244.00,"43,920.00"
2019-04-03,2019040301006900,PRVU,54,49,100,244.00,"24,400.00"
2019-04-03,2019040301006753,RRHP,45,7,10,93.00,930.00
2019-04-03,2019040301006973,RSDC,58,25,28,363.00,"10,164.00"
2019-04-03,2019040301006972,RSDC,21,25,29,363.00,"10,527.00"
2019-04-03,2019040301006890,RSDC,35,34,142,364.00,"51,688.00"
2019-04-03,2019040301006991,SANIMA,26,58,284,315.00,"89,460.00"
2019-04-03,2019040301006990,SANIMA,26,6,216,315.00,"68,040.00"
2019-04-03,2019040301006902,SANIMA,26,58,500,314.00,"157,000.00"
2019-04-03,2019040301006884,SANIMA,38,43,500,314.00,"157,000.00"
2019-04-03,2019040301006883,SANIMA,50,43,500,314.00,"157,000.00"
2019-04-03,2019040301006882,SANIMA,17,43,"1,000",314.00,"314,000.00"
2019-04-03,2019040301006749,SBI,36,40,636,398.00,"253,128.00"
2019-04-03,2019040301006738,SBI,17,17,367,399.00,"146,433.00"
2019-04-03,2019040301007117,SBL,45,57,191,302.00,"57,682.00"
2019-04-03,2019040301007098,SBL,45,6,261,302.00,"78,822.00"
2019-04-03,2019040301007097,SBL,51,6,200,302.00,"60,400.00"
2019-04-03,2019040301007096,SBL,48,6,500,302.00,"151,000.00"
2019-04-03,2019040301007168,SCB,38,55,100,579.00,"57,900.00"
2019-04-03,2019040301006806,SCB,29,38,360,583.00,"209,880.00"
2019-04-03,2019040301006805,SCB,29,28,40,583.00,"23,320.00"
2019-04-03,2019040301006804,SCB,29,39,100,582.00,"58,200.00"
2019-04-03,2019040301006779,SCB,26,56,10,579.00,"5,790.00"
2019-04-03,2019040301007194,SDESI,33,26,10,545.00,"5,450.00"
2019-04-03,2019040301007077,SHIVM,32,39,50,325.00,"16,250.00"
2019-04-03,2019040301007063,SHIVM,19,42,50,325.00,"16,250.00"
2019-04-03,2019040301006899,SHIVM,48,45,10,324.00,"3,240.00"
2019-04-03,2019040301006898,SHIVM,26,45,100,324.00,"32,400.00"
2019-04-03,2019040301006709,SHIVM,19,50,10,325.00,"3,250.00"
2019-04-03,2019040301006708,SHIVM,19,58,40,325.00,"13,000.00"
2019-04-03,2019040301006897,SHIVM,38,45,10,325.00,"3,250.00"
2019-04-03,2019040301006852,SHIVM,38,50,90,325.00,"29,250.00"
2019-04-03,2019040301006840,SHIVM,59,50,100,325.00,"32,500.00"
2019-04-03,2019040301006803,SHIVM,26,58,100,324.00,"32,400.00"
2019-04-03,2019040301006802,SHIVM,43,58,200,324.00,"64,800.00"
2019-04-03,2019040301006801,SHIVM,8,58,200,324.00,"64,800.00"
2019-04-03,2019040301007000,SHL,29,54,100,209.00,"20,900.00"
2019-04-03,2019040301007062,SHPC,19,1,37,230.00,"8,510.00"
2019-04-03,2019040301007061,SHPC,19,36,393,230.00,"90,390.00"
2019-04-03,2019040301006971,SHPC,19,36,607,230.00,"139,610.00"
2019-04-03,2019040301006970,SHPC,19,7,23,230.00,"5,290.00"
2019-04-03,2019040301006969,SHPC,19,46,170,230.00,"39,100.00"
2019-04-03,2019040301006707,SIC,20,25,50,"1,275.00","63,750.00"
2019-04-03,2019040301006713,SIL,42,49,10,598.00,"5,980.00"
2019-04-03,2019040301007083,SINDU,42,29,100,135.00,"13,500.00"
2019-04-03,2019040301007082,SINDU,42,21,200,133.00,"26,600.00"
2019-04-03,2019040301007081,SINDU,42,29,400,133.00,"53,200.00"
2019-04-03,2019040301007080,SINDU,42,48,700,132.00,"92,400.00"
2019-04-03,2019040301007079,SINDU,42,21,200,131.00,"26,200.00"
2019-04-03,2019040301007052,SKBBL,51,25,46,860.00,"39,560.00"
2019-04-03,2019040301006830,SKBBL,42,6,100,865.00,"86,500.00"
2019-04-03,2019040301006879,SLBBL,29,42,100,492.00,"49,200.00"
2019-04-03,2019040301007047,SLBS,35,34,18,839.00,"15,102.00"
2019-04-03,2019040301006966,SLBSL,45,56,10,680.00,"6,800.00"
2019-04-03,2019040301006938,SLBSL,45,34,10,680.00,"6,800.00"
2019-04-03,2019040301006937,SLBSL,45,34,10,680.00,"6,800.00"
2019-04-03,2019040301006936,SLBSL,45,34,10,680.00,"6,800.00"
2019-04-03,2019040301006935,SLBSL,45,56,10,679.00,"6,790.00"
2019-04-03,2019040301006997,SLICL,51,53,100,526.00,"52,600.00"
2019-04-03,2019040301006996,SLICL,44,53,100,527.00,"52,700.00"
2019-04-03,2019040301006916,SLICL,44,42,100,527.00,"52,700.00"
2019-04-03,2019040301006872,SLICL,51,44,42,526.00,"22,092.00"
2019-04-03,2019040301006871,SLICL,33,44,138,526.00,"72,588.00"
2019-04-03,2019040301007058,SMFDB,45,45,646,601.00,"388,246.00"
2019-04-03,2019040301007057,SMFDB,58,45,20,607.00,"12,140.00"
2019-04-03,2019040301007186,SPDL,45,40,910,101.00,"91,910.00"
2019-04-03,2019040301007185,SPDL,45,40,500,102.00,"51,000.00"
2019-04-03,2019040301007184,SPDL,45,40,78,102.00,"7,956.00"
2019-04-03,2019040301007093,SPDL,33,40,700,103.00,"72,100.00"
2019-04-03,2019040301006836,SRBL,45,58,69,229.00,"15,801.00"
2019-04-03,2019040301006835,SRBL,45,25,53,229.00,"12,137.00"
2019-04-03,2019040301006837,SWBBL,25,34,210,831.00,"174,510.00"
2019-04-03,2019040301007198,UFL,28,32,"2,000",195.00,"390,000.00"
2019-04-03,2019040301006870,UIC,7,36,720,750.00,"540,000.00"
2019-04-03,2019040301006869,UIC,1,36,100,750.00,"75,000.00"
2019-04-03,2019040301006868,UIC,17,36,500,751.00,"375,500.00"
2019-04-03,2019040301006867,UIC,17,36,500,753.00,"376,500.00"
2019-04-03,2019040301006866,UIC,34,36,50,753.00,"37,650.00"
2019-04-03,2019040301006865,UIC,6,36,500,762.00,"381,000.00"
2019-04-03,2019040301006856,UIC,40,36,400,765.00,"306,000.00"
2019-04-03,2019040301006855,UIC,7,36,200,765.00,"153,000.00"
2019-04-03,2019040301006854,UIC,26,36,20,769.00,"15,380.00"
2019-04-03,2019040301006853,UIC,29,36,10,769.00,"7,690.00"
2019-04-03,2019040301007104,UPPER,22,18,50,235.00,"11,750.00"
2019-04-03,2019040301007041,UPPER,22,42,50,235.00,"11,750.00"
2019-04-03,2019040301006993,UPPER,22,46,50,235.00,"11,750.00"
2019-04-03,2019040301006952,UPPER,22,44,50,235.00,"11,750.00"
2019-04-03,2019040301006949,UPPER,4,46,50,235.00,"11,750.00"
2019-04-03,2019040301006934,UPPER,36,26,20,237.00,"4,740.00"
2019-04-03,2019040301006752,UPPER,19,29,10,237.00,"2,370.00"
2019-04-03,2019040301006742,UPPER,47,18,50,236.00,"11,800.00"
2019-04-03,2019040301006716,UPPER,47,18,50,236.00,"11,800.00"
2019-04-03,2019040301006715,UPPER,47,42,50,236.00,"11,800.00"
2019-04-03,2019040301006793,UPPER,47,56,40,236.00,"9,440.00"
2019-04-03,2019040301006791,UPPER,47,14,40,236.00,"9,440.00"
2019-04-03,2019040301006785,UPPER,47,11,50,236.00,"11,800.00"
2019-04-03,2019040301006784,UPPER,47,18,50,236.00,"11,800.00"
2019-04-03,2019040301006780,UPPER,47,4,50,236.00,"11,800.00"
2019-04-03,2019040301006767,UPPER,47,18,40,236.00,"9,440.00"
2019-04-03,2019040301006845,UPPER,47,4,40,236.00,"9,440.00"
2019-04-03,2019040301006844,UPPER,47,18,50,236.00,"11,800.00"
2019-04-03,2019040301006832,UPPER,47,4,40,236.00,"9,440.00"
2019-04-03,2019040301006828,UPPER,47,11,50,236.00,"11,800.00"
2019-04-03,2019040301006813,UPPER,47,18,40,236.00,"9,440.00"
2019-04-03,2019040301006807,UPPER,47,4,40,236.00,"9,440.00"
2019-04-03,2019040301006895,UPPER,48,58,500,236.00,"118,000.00"
2019-04-03,2019040301006894,UPPER,19,58,90,236.00,"21,240.00"
2019-04-03,2019040301006893,UPPER,47,58,140,236.00,"33,040.00"
2019-04-03,2019040301006874,UPPER,47,18,40,236.00,"9,440.00"
2019-04-03,2019040301006858,UPPER,47,41,40,236.00,"9,440.00"
2019-04-03,2019040301006933,UPPER,36,29,40,237.00,"9,480.00"
2019-04-03,2019040301006932,UPPER,36,1,50,237.00,"11,850.00"
2019-04-03,2019040301006931,UPPER,36,29,40,237.00,"9,480.00"
2019-04-03,2019040301006930,UPPER,36,34,50,237.00,"11,850.00"
2019-04-03,2019040301006920,UPPER,56,58,"1,070",236.00,"252,520.00"
2019-04-03,2019040301006903,UPPER,33,58,200,236.00,"47,200.00"
2019-04-03,2019040301007111,VLBS,52,49,12,645.00,"7,740.00"
2019-04-03,2019040301007110,VLBS,52,49,12,645.00,"7,740.00"
2019-04-03,2019040301006698,ADBL,57,49,200,302.00,"60,400.00"
2019-04-03,2019040301006514,ADBL,57,43,122,302.00,"36,844.00"
2019-04-03,2019040301006513,ADBL,57,43,"1,000",302.00,"302,000.00"
2019-04-03,2019040301006512,ADBL,41,43,20,302.00,"6,040.00"
2019-04-03,2019040301006511,ADBL,42,43,731,302.00,"220,762.00"
2019-04-03,2019040301006510,ADBL,45,43,100,302.00,"30,200.00"
2019-04-03,2019040301006503,ADBL,32,43,200,303.00,"60,600.00"
2019-04-03,2019040301006256,ADBL,36,25,406,305.00,"123,830.00"
2019-04-03,2019040301006509,ADBL,14,43,500,302.00,"151,000.00"
2019-04-03,2019040301006508,ADBL,1,43,77,302.00,"23,254.00"
2019-04-03,2019040301006507,ADBL,8,43,100,303.00,"30,300.00"
2019-04-03,2019040301006506,ADBL,48,43,500,303.00,"151,500.00"
2019-04-03,2019040301006505,ADBL,49,43,50,303.00,"15,150.00"
2019-04-03,2019040301006504,ADBL,37,43,100,303.00,"30,300.00"
2019-04-03,2019040301006701,AHPC,1,28,280,103.00,"28,840.00"
2019-04-03,2019040301006700,AHPC,1,48,720,103.00,"74,160.00"
2019-04-03,2019040301006421,AHPC,35,48,"1,000",103.00,"103,000.00"
2019-04-03,2019040301006420,AHPC,52,48,"1,000",103.00,"103,000.00"
2019-04-03,2019040301006419,AHPC,39,48,200,103.00,"20,600.00"
2019-04-03,2019040301006418,AHPC,42,48,"1,000",103.00,"103,000.00"
2019-04-03,2019040301006417,AHPC,46,48,80,103.00,"8,240.00"
2019-04-03,2019040301006620,ALBSL,41,59,10,479.00,"4,790.00"
2019-04-03,2019040301006619,ALBSL,41,59,10,479.00,"4,790.00"
2019-04-03,2019040301006618,ALBSL,41,55,10,479.00,"4,790.00"
2019-04-03,2019040301006617,ALBSL,41,55,10,479.00,"4,790.00"
2019-04-03,2019040301006616,ALBSL,41,55,10,479.00,"4,790.00"
2019-04-03,2019040301006615,ALBSL,41,55,10,479.00,"4,790.00"
2019-04-03,2019040301006614,ALBSL,41,55,10,479.00,"4,790.00"
2019-04-03,2019040301006613,ALBSL,41,55,10,479.00,"4,790.00"
2019-04-03,2019040301006612,ALBSL,41,55,10,479.00,"4,790.00"
2019-04-03,2019040301006405,ALICL,28,36,650,390.00,"253,500.00"
2019-04-03,2019040301006404,ALICL,48,36,10,390.00,"3,900.00"
2019-04-03,2019040301006403,ALICL,16,36,250,390.00,"97,500.00"
2019-04-03,2019040301006402,ALICL,17,36,90,390.00,"35,100.00"
2019-04-03,2019040301006347,ALICL,25,40,100,393.00,"39,300.00"
2019-04-03,2019040301006528,AMFI,45,34,10,652.00,"6,520.00"
2019-04-03,2019040301006321,AMFI,25,25,10,655.00,"6,550.00"
2019-04-03,2019040301006384,API,25,13,50,136.00,"6,800.00"
2019-04-03,2019040301006481,BHBL,28,28,270,158.00,"42,660.00"
2019-04-03,2019040301006533,BOKL,17,49,200,250.00,"50,000.00"
2019-04-03,2019040301006406,BOKL,17,59,178,249.00,"44,322.00"
2019-04-03,2019040301006397,BOKL,17,59,605,249.00,"150,645.00"
2019-04-03,2019040301006396,BOKL,57,59,40,249.00,"9,960.00"
2019-04-03,2019040301006362,BOKL,41,49,50,250.00,"12,500.00"
2019-04-03,2019040301006359,BOKL,56,49,10,250.00,"2,500.00"
2019-04-03,2019040301006277,BOKL,41,49,50,250.00,"12,500.00"
2019-04-03,2019040301006250,BOKL,41,49,50,250.00,"12,500.00"
2019-04-03,2019040301006229,BOKL,41,49,50,250.00,"12,500.00"
2019-04-03,2019040301006448,BPCL,52,33,12,358.00,"4,296.00"
2019-04-03,2019040301006447,BPCL,7,50,489,361.00,"176,529.00"
2019-04-03,2019040301006446,BPCL,7,52,11,361.00,"3,971.00"
2019-04-03,2019040301006251,BPCL,52,36,110,358.00,"39,380.00"
2019-04-03,2019040301006233,BPCL,52,46,37,358.00,"13,246.00"
2019-04-03,2019040301006232,BPCL,16,46,20,358.00,"7,160.00"
2019-04-03,2019040301006231,BPCL,59,46,37,358.00,"13,246.00"
2019-04-03,2019040301006230,BPCL,1,46,56,359.00,"20,104.00"
2019-04-03,2019040301006665,CBBL,49,34,100,895.00,"89,500.00"
2019-04-03,2019040301006664,CBBL,1,34,20,896.00,"17,920.00"
2019-04-03,2019040301006663,CBBL,59,34,20,898.00,"17,960.00"
2019-04-03,2019040301006589,CBL,58,53,"1,907",161.00,"307,027.00"
2019-04-03,2019040301006588,CBL,38,53,93,161.00,"14,973.00"
2019-04-03,2019040301006379,CBL,38,34,150,161.00,"24,150.00"
2019-04-03,2019040301006652,CCBL,25,39,100,169.00,"16,900.00"
2019-04-03,2019040301006550,CCBL,33,43,797,168.00,"133,896.00"
2019-04-03,2019040301006549,CCBL,42,43,100,168.00,"16,800.00"
2019-04-03,2019040301006548,CCBL,44,43,200,168.00,"33,600.00"
2019-04-03,2019040301006547,CCBL,5,43,903,168.00,"151,704.00"
2019-04-03,2019040301006499,CCBL,5,57,45,168.00,"7,560.00"
2019-04-03,2019040301006466,CCBL,5,14,52,168.00,"8,736.00"
2019-04-03,2019040301006465,CCBL,33,14,45,168.00,"7,560.00"
2019-04-03,2019040301006426,CCBL,33,56,115,168.00,"19,320.00"
2019-04-03,2019040301006400,CCBL,33,34,84,168.00,"14,112.00"
2019-04-03,2019040301006317,CCBL,33,14,15,168.00,"2,520.00"
2019-04-03,2019040301006248,CCBL,33,14,78,168.00,"13,104.00"
2019-04-03,2019040301006527,CHCL,34,42,20,504.00,"10,080.00"
2019-04-03,2019040301006484,CHCL,42,32,40,505.00,"20,200.00"
2019-04-03,2019040301006392,CHCL,42,58,400,505.00,"202,000.00"
2019-04-03,2019040301006391,CHCL,42,46,60,504.00,"30,240.00"
2019-04-03,2019040301006313,CHCL,37,41,50,503.00,"25,150.00"
2019-04-03,2019040301006308,CHCL,37,49,189,503.00,"95,067.00"
2019-04-03,2019040301006307,CHCL,35,49,11,503.00,"5,533.00"
2019-04-03,2019040301006280,CHCL,35,14,89,503.00,"44,767.00"
2019-04-03,2019040301006483,CHL,13,14,34,103.00,"3,502.00"
2019-04-03,2019040301006357,CHL,13,14,34,103.00,"3,502.00"
2019-04-03,2019040301006677,CHLBS,20,45,10,509.00,"5,090.00"
2019-04-03,2019040301006569,CHLBS,51,51,10,510.00,"5,100.00"
2019-04-03,2019040301006546,CHLBS,51,51,10,510.00,"5,100.00"
2019-04-03,2019040301006290,CHLBS,56,37,10,515.00,"5,150.00"
2019-04-03,2019040301006289,CHLBS,56,41,10,515.00,"5,150.00"
2019-04-03,2019040301006288,CHLBS,56,32,10,513.00,"5,130.00"
2019-04-03,2019040301006281,CHLBS,56,44,10,510.00,"5,100.00"
2019-04-03,2019040301006287,CHLBS,56,44,10,513.00,"5,130.00"
2019-04-03,2019040301006286,CHLBS,56,7,10,511.00,"5,110.00"
2019-04-03,2019040301006285,CHLBS,56,7,10,511.00,"5,110.00"
2019-04-03,2019040301006284,CHLBS,56,14,10,511.00,"5,110.00"
2019-04-03,2019040301006283,CHLBS,56,14,10,511.00,"5,110.00"
2019-04-03,2019040301006282,CHLBS,56,28,10,510.00,"5,100.00"
2019-04-03,2019040301006621,CIT,46,48,50,"2,591.00","129,550.00"
2019-04-03,2019040301006522,CIT,43,33,50,"2,600.00","130,000.00"
2019-04-03,2019040301006521,CIT,22,33,28,"2,600.00","72,800.00"
2019-04-03,2019040301006223,CIT,22,34,42,"2,600.00","109,200.00"
2019-04-03,2019040301006222,CIT,37,34,100,"2,600.00","260,000.00"
2019-04-03,2019040301006221,CIT,16,34,58,"2,601.00","150,858.00"
2019-04-03,2019040301006212,CIT,16,34,22,"2,601.00","57,222.00"
2019-04-03,2019040301006211,CIT,25,34,20,"2,601.00","52,020.00"
2019-04-03,2019040301006210,CIT,10,34,38,"2,601.00","98,838.00"
2019-04-03,2019040301006209,CIT,16,34,100,"2,602.00","260,200.00"
2019-04-03,2019040301006208,CIT,43,34,20,"2,605.00","52,100.00"
2019-04-03,2019040301006489,CZBIL,33,51,10,218.00,"2,180.00"
2019-04-03,2019040301006455,CZBIL,33,21,10,218.00,"2,180.00"
2019-04-03,2019040301006399,CZBIL,25,44,803,218.00,"175,054.00"
2019-04-03,2019040301006398,CZBIL,25,58,514,218.00,"112,052.00"
2019-04-03,2019040301006393,CZBIL,25,58,500,218.00,"109,000.00"
2019-04-03,2019040301006381,CZBIL,25,58,500,218.00,"109,000.00"
2019-04-03,2019040301006257,CZBIL,25,36,168,217.00,"36,456.00"
2019-04-03,2019040301006414,DBBL,58,19,952,126.00,"119,952.00"
2019-04-03,2019040301006368,DBBL,58,56,14,126.00,"1,764.00"
2019-04-03,2019040301006607,DDBL,58,14,73,586.00,"42,778.00"
2019-04-03,2019040301006606,DDBL,46,14,40,586.00,"23,440.00"
2019-04-03,2019040301006279,EBL,25,7,20,592.00,"11,840.00"
2019-04-03,2019040301006276,EBL,11,7,80,593.00,"47,440.00"
2019-04-03,2019040301006255,EBL,11,39,20,593.00,"11,860.00"
2019-04-03,2019040301006681,FOWAD,45,45,15,"1,517.00","22,755.00"
2019-04-03,2019040301006409,FOWAD,41,33,100,"1,516.00","151,600.00"
2019-04-03,2019040301006388,FOWAD,41,33,39,"1,516.00","59,124.00"
2019-04-03,2019040301006387,FOWAD,21,33,21,"1,516.00","31,836.00"
2019-04-03,2019040301006336,FOWAD,46,33,30,"1,517.00","45,510.00"
2019-04-03,2019040301006335,FOWAD,19,33,10,"1,517.00","15,170.00"
2019-04-03,2019040301006670,GBBL,32,34,500,191.00,"95,500.00"
2019-04-03,2019040301006572,GBBL,32,49,100,191.00,"19,100.00"
2019-04-03,2019040301006571,GBBL,40,49,50,191.00,"9,550.00"
2019-04-03,2019040301006372,GBBL,40,19,50,191.00,"9,550.00"
2019-04-03,2019040301006371,GBBL,35,19,300,191.00,"57,300.00"
2019-04-03,2019040301006370,GBBL,45,19,650,191.00,"124,150.00"
2019-04-03,2019040301006474,GBIME,48,54,67,267.00,"17,889.00"
2019-04-03,2019040301006473,GBIME,11,54,30,267.00,"8,010.00"
2019-04-03,2019040301006472,GBIME,28,54,500,267.00,"133,500.00"
2019-04-03,2019040301006471,GBIME,32,54,103,267.00,"27,501.00"
2019-04-03,2019040301006493,GBLBS,58,14,10,448.00,"4,480.00"
2019-04-03,2019040301006383,GBLBS,58,14,10,448.00,"4,480.00"
2019-04-03,2019040301006559,GDBL,26,49,100,188.00,"18,800.00"
2019-04-03,2019040301006413,GDBL,38,32,20,189.00,"3,780.00"
2019-04-03,2019040301006702,GLICL,26,58,50,499.00,"24,950.00"
2019-04-03,2019040301006485,GLICL,10,47,67,500.00,"33,500.00"
2019-04-03,2019040301006366,GRDBL,56,42,162,105.00,"17,010.00"
2019-04-03,2019040301006365,GRDBL,42,42,50,105.00,"5,250.00"
2019-04-03,2019040301006604,HBL,28,32,44,468.00,"20,592.00"
2019-04-03,2019040301006558,HBL,52,32,100,469.00,"46,900.00"
2019-04-03,2019040301006557,HBL,19,32,200,469.00,"93,800.00"
2019-04-03,2019040301006252,HBL,57,38,633,469.00,"296,877.00"
2019-04-03,2019040301006457,HIDCL,34,33,11,139.00,"1,529.00"
2019-04-03,2019040301006519,HPPL,13,4,10,183.00,"1,830.00"
2019-04-03,2019040301006438,HPPL,35,57,10,185.00,"1,850.00"
2019-04-03,2019040301006425,HPPL,45,57,20,185.00,"3,700.00"
2019-04-03,2019040301006411,HPPL,45,57,20,185.00,"3,700.00"
2019-04-03,2019040301006401,HPPL,45,57,10,185.00,"1,850.00"
2019-04-03,2019040301006294,ICFC,45,36,"1,707",154.00,"262,878.00"
2019-04-03,2019040301006293,ICFC,34,36,100,155.00,"15,500.00"
2019-04-03,2019040301006495,JBBL,45,56,39,137.00,"5,343.00"
2019-04-03,2019040301006494,JBBL,14,56,53,137.00,"7,261.00"
2019-04-03,2019040301006591,JBNL,4,47,59,179.00,"10,561.00"
2019-04-03,2019040301006452,JBNL,4,25,500,179.00,"89,500.00"
2019-04-03,2019040301006408,JBNL,33,56,75,178.00,"13,350.00"
2019-04-03,2019040301006337,JBNL,33,14,11,178.00,"1,958.00"
2019-04-03,2019040301006605,KBBL,26,53,100,212.00,"21,200.00"
2019-04-03,2019040301006464,KBL,4,58,"1,000",245.00,"245,000.00"
2019-04-03,2019040301006463,KBL,11,58,43,245.00,"10,535.00"
2019-04-03,2019040301006319,KMFL,34,17,33,815.00,"26,895.00"
2019-04-03,2019040301006318,KMFL,34,56,13,810.00,"10,530.00"
2019-04-03,2019040301006575,KNBL,39,36,500,126.00,"63,000.00"
2019-04-03,2019040301006567,KNBL,39,59,500,125.00,"62,500.00"
2019-04-03,2019040301006566,KNBL,39,36,100,125.00,"12,500.00"
2019-04-03,2019040301006496,KPCL,39,51,10,93.00,930.00
2019-04-03,2019040301006314,KRBL,33,54,10,99.00,990.00
2019-04-03,2019040301006687,KSBBL,35,6,113,141.00,"15,933.00"
2019-04-03,2019040301006686,KSBBL,43,6,50,141.00,"7,050.00"
2019-04-03,2019040301006685,KSBBL,1,6,200,141.00,"28,200.00"
2019-04-03,2019040301006684,KSBBL,48,6,500,141.00,"70,500.00"
2019-04-03,2019040301006683,KSBBL,36,6,"1,000",141.00,"141,000.00"
2019-04-03,2019040301006682,KSBBL,32,6,326,141.00,"45,966.00"
2019-04-03,2019040301006529,KSBBL,32,14,55,141.00,"7,755.00"
2019-04-03,2019040301006456,KSBBL,49,46,100,142.00,"14,200.00"
2019-04-03,2019040301006451,KSBBL,49,46,100,142.00,"14,200.00"
2019-04-03,2019040301006445,KSBBL,49,46,100,142.00,"14,200.00"
2019-04-03,2019040301006697,LBL,48,43,871,200.00,"174,200.00"
2019-04-03,2019040301006696,LBL,48,43,"1,000",200.00,"200,000.00"
2019-04-03,2019040301006695,LBL,39,43,200,200.00,"40,000.00"
2019-04-03,2019040301006694,LBL,35,43,"1,000",200.00,"200,000.00"
2019-04-03,2019040301006693,LBL,49,43,20,200.00,"4,000.00"
2019-04-03,2019040301006692,LBL,14,43,100,200.00,"20,000.00"
2019-04-03,2019040301006343,LBL,19,39,500,202.00,"101,000.00"
2019-04-03,2019040301006596,LBL,14,43,200,201.00,"40,200.00"
2019-04-03,2019040301006595,LBL,19,43,500,201.00,"100,500.00"
2019-04-03,2019040301006594,LBL,11,43,200,201.00,"40,200.00"
2019-04-03,2019040301006593,LBL,21,43,50,202.00,"10,100.00"
2019-04-03,2019040301006691,LBL,52,43,559,200.00,"111,800.00"
2019-04-03,2019040301006690,LBL,42,43,250,201.00,"50,250.00"
2019-04-03,2019040301006689,LBL,42,42,50,201.00,"10,050.00"
2019-04-03,2019040301006688,LBL,38,42,50,201.00,"10,050.00"
2019-04-03,2019040301006598,LBL,38,43,250,201.00,"50,250.00"
2019-04-03,2019040301006597,LBL,38,43,300,201.00,"60,300.00"
2019-04-03,2019040301006490,LICN,7,53,100,"1,508.00","150,800.00"
2019-04-03,2019040301006203,LLBS,10,29,24,753.00,"18,072.00"
2019-04-03,2019040301006650,MBL,17,48,200,233.00,"46,600.00"
2019-04-03,2019040301006356,MBL,43,39,500,233.00,"116,500.00"
2019-04-03,2019040301006355,MBL,45,39,500,233.00,"116,500.00"
2019-04-03,2019040301006228,MBL,43,52,"1,000",233.00,"233,000.00"
2019-04-03,2019040301006227,MBL,43,22,500,233.00,"116,500.00"
2019-04-03,2019040301006226,MBL,43,11,400,233.00,"93,200.00"
2019-04-03,2019040301006315,MDB,35,26,157,236.00,"37,052.00"
2019-04-03,2019040301006640,MEGA,16,42,150,165.00,"24,750.00"
2019-04-03,2019040301006639,MEGA,54,42,50,166.00,"8,300.00"
2019-04-03,2019040301006551,MEGA,32,1,200,166.00,"33,200.00"
2019-04-03,2019040301006544,MEGA,16,56,28,165.00,"4,620.00"
2019-04-03,2019040301006543,MEGA,34,56,20,165.00,"3,300.00"
2019-04-03,2019040301006542,MEGA,57,56,69,165.00,"11,385.00"
2019-04-03,2019040301006469,MEGA,57,33,11,165.00,"1,815.00"
2019-04-03,2019040301006316,MEGA,57,38,"2,030",166.00,"336,980.00"
2019-04-03,2019040301006270,MEGA,17,17,1,163.00,163.00
2019-04-03,2019040301006261,MEGA,32,16,168,166.00,"27,888.00"
2019-04-03,2019040301006207,MLBL,50,14,43,172.00,"7,396.00"
2019-04-03,2019040301006206,MLBL,50,6,158,172.00,"27,176.00"
2019-04-03,2019040301006205,MLBL,50,35,31,172.00,"5,332.00"
2019-04-03,2019040301006204,MLBL,50,51,350,172.00,"60,200.00"
2019-04-03,2019040301006655,MMFDB,53,34,76,910.00,"69,160.00"
2019-04-03,2019040301006654,MMFDB,17,34,100,911.00,"91,100.00"
2019-04-03,2019040301006653,MMFDB,57,34,60,912.00,"54,720.00"
2019-04-03,2019040301006675,MNBBL,26,42,38,346.00,"13,148.00"
2019-04-03,2019040301006674,MNBBL,6,42,62,346.00,"21,452.00"
2019-04-03,2019040301006656,NABIL,32,42,50,724.00,"36,200.00"
2019-04-03,2019040301006540,NADEP,19,17,10,660.00,"6,600.00"
2019-04-03,2019040301006236,NADEP,25,25,10,659.00,"6,590.00"
2019-04-03,2019040301006662,NBB,7,25,150,207.00,"31,050.00"
2019-04-03,2019040301006645,NBB,5,22,280,208.00,"58,240.00"
2019-04-03,2019040301006644,NBB,5,41,100,208.00,"20,800.00"
2019-04-03,2019040301006518,NBB,17,22,54,208.00,"11,232.00"
2019-04-03,2019040301006517,NBB,17,25,146,208.00,"30,368.00"
2019-04-03,2019040301006462,NBB,7,25,500,207.00,"103,500.00"
2019-04-03,2019040301006219,NBB,58,52,"1,000",207.00,"207,000.00"
2019-04-03,2019040301006669,NBL,19,6,30,298.00,"8,940.00"
2019-04-03,2019040301006453,NBL,25,48,50,297.00,"14,850.00"
2019-04-03,2019040301006444,NBL,33,3,100,297.00,"29,700.00"
2019-04-03,2019040301006378,NBL,17,36,"2,000",297.00,"594,000.00"
2019-04-03,2019040301006353,NBL,25,36,300,297.00,"89,100.00"
2019-04-03,2019040301006265,NBL,5,36,20,297.00,"5,940.00"
2019-04-03,2019040301006264,NBL,57,36,580,297.00,"172,260.00"
2019-04-03,2019040301006216,NBL,57,48,400,297.00,"118,800.00"
2019-04-03,2019040301006213,NBL,57,46,20,297.00,"5,940.00"
2019-04-03,2019040301006561,NCCB,28,56,29,220.00,"6,380.00"
2019-04-03,2019040301006376,NCCB,29,7,330,221.00,"72,930.00"
2019-04-03,2019040301006375,NCCB,29,19,250,221.00,"55,250.00"
2019-04-03,2019040301006354,NCCB,36,19,500,221.00,"110,500.00"
2019-04-03,2019040301006346,NCCB,16,19,270,221.00,"59,670.00"
2019-04-03,2019040301006340,NCCB,16,45,"1,000",221.00,"221,000.00"
2019-04-03,2019040301006311,NCCB,16,32,730,221.00,"161,330.00"
2019-04-03,2019040301006310,NCCB,4,32,270,221.00,"59,670.00"
2019-04-03,2019040301006297,NCCB,4,42,150,221.00,"33,150.00"
2019-04-03,2019040301006225,NCCB,4,19,580,221.00,"128,180.00"
2019-04-03,2019040301006224,NCCB,49,19,420,221.00,"92,820.00"
2019-04-03,2019040301006590,NHPC,56,34,100,72.00,"7,200.00"
2019-04-03,2019040301006622,NIB,58,49,150,535.00,"80,250.00"
2019-04-03,2019040301006560,NIB,59,35,110,536.00,"58,960.00"
2019-04-03,2019040301006556,NIB,33,49,50,538.00,"26,900.00"
2019-04-03,2019040301006369,NIB,59,57,37,536.00,"19,832.00"
2019-04-03,2019040301006361,NIB,34,49,89,538.00,"47,882.00"
2019-04-03,2019040301006360,NIB,34,6,111,537.00,"59,607.00"
2019-04-03,2019040301006358,NIB,59,29,241,536.00,"129,176.00"
2019-04-03,2019040301006235,NIB,59,49,100,536.00,"53,600.00"
2019-04-03,2019040301006625,NIBPO,8,6,385,492.00,"189,420.00"
2019-04-03,2019040301006407,NIBPO,8,39,115,492.00,"56,580.00"
2019-04-03,2019040301006390,NIBPO,20,39,500,493.00,"246,500.00"
2019-04-03,2019040301006389,NIBPO,41,39,450,494.00,"222,300.00"
2019-04-03,2019040301006585,NICA,42,39,170,437.00,"74,290.00"
2019-04-03,2019040301006584,NICA,42,52,80,436.00,"34,880.00"
2019-04-03,2019040301006568,NICA,42,52,30,436.00,"13,080.00"
2019-04-03,2019040301006526,NICA,16,54,131,435.00,"56,985.00"
2019-04-03,2019040301006525,NICA,17,54,200,435.00,"87,000.00"
2019-04-03,2019040301006480,NICA,22,58,10,436.00,"4,360.00"
2019-04-03,2019040301006479,NICA,45,58,10,436.00,"4,360.00"
2019-04-03,2019040301006478,NICA,43,58,10,436.00,"4,360.00"
2019-04-03,2019040301006437,NICA,43,47,100,436.00,"43,600.00"
2019-04-03,2019040301006432,NICA,43,35,200,436.00,"87,200.00"
2019-04-03,2019040301006348,NICA,43,14,20,436.00,"8,720.00"
2019-04-03,2019040301006262,NICA,43,21,115,436.00,"50,140.00"
2019-04-03,2019040301006443,NIL,29,46,"1,600",518.00,"828,800.00"
2019-04-03,2019040301006442,NIL,35,46,10,522.00,"5,220.00"
2019-04-03,2019040301006476,NLG,56,42,50,796.00,"39,800.00"
2019-04-03,2019040301006651,NLIC,41,1,40,"1,093.00","43,720.00"
2019-04-03,2019040301006641,NLIC,41,6,98,"1,093.00","107,114.00"
2019-04-03,2019040301006412,NLIC,57,34,17,"1,092.00","18,564.00"
2019-04-03,2019040301006275,NLIC,17,17,1,"1,070.00","1,070.00"
2019-04-03,2019040301006272,NLIC,28,56,17,"1,091.00","18,547.00"
2019-04-03,2019040301006218,NLIC,51,56,17,"1,090.00","18,530.00"
2019-04-03,2019040301006249,NLICL,35,17,10,580.00,"5,800.00"
2019-04-03,2019040301006243,NLICL,25,58,100,575.00,"57,500.00"
2019-04-03,2019040301006242,NLICL,25,39,195,575.00,"112,125.00"
2019-04-03,2019040301006220,NLICL,25,19,16,574.00,"9,184.00"
2019-04-03,2019040301006666,NMB,28,11,83,337.00,"27,971.00"
2019-04-03,2019040301006608,NMB,28,21,17,337.00,"5,729.00"
2019-04-03,2019040301006586,NMB,29,8,162,337.00,"54,594.00"
2019-04-03,2019040301006565,NMB,29,33,15,337.00,"5,055.00"
2019-04-03,2019040301006467,NMB,29,41,101,337.00,"34,037.00"
2019-04-03,2019040301006449,NMB,29,41,22,337.00,"7,414.00"
2019-04-03,2019040301006300,NMB,14,8,15,337.00,"5,055.00"
2019-04-03,2019040301006299,NMB,1,8,200,337.00,"67,400.00"
2019-04-03,2019040301006253,NMB,35,6,500,337.00,"168,500.00"
2019-04-03,2019040301006325,NMB,33,8,300,336.00,"100,800.00"
2019-04-03,2019040301006324,NMB,39,8,25,336.00,"8,400.00"
2019-04-03,2019040301006323,NMB,42,8,300,336.00,"100,800.00"
2019-04-03,2019040301006322,NMB,38,8,"1,448",336.00,"486,528.00"
2019-04-03,2019040301006302,NMB,14,8,200,337.00,"67,400.00"
2019-04-03,2019040301006301,NMB,51,8,100,337.00,"33,700.00"
2019-04-03,2019040301006334,NMB,14,36,572,336.00,"192,192.00"
2019-04-03,2019040301006330,NMB,14,8,307,336.00,"103,152.00"
2019-04-03,2019040301006329,NMB,11,8,100,336.00,"33,600.00"
2019-04-03,2019040301006328,NMB,53,8,200,336.00,"67,200.00"
2019-04-03,2019040301006327,NMB,38,8,100,336.00,"33,600.00"
2019-04-03,2019040301006326,NMB,45,8,500,336.00,"168,000.00"
2019-04-03,2019040301006338,NNLB,7,58,100,433.00,"43,300.00"
2019-04-03,2019040301006345,NNLB,7,25,100,434.00,"43,400.00"
2019-04-03,2019040301006344,NNLB,7,17,30,434.00,"13,020.00"
2019-04-03,2019040301006673,NSEWA,1,44,10,505.00,"5,050.00"
2019-04-03,2019040301006658,NSEWA,1,44,10,505.00,"5,050.00"
2019-04-03,2019040301006642,NSEWA,1,44,10,505.00,"5,050.00"
2019-04-03,2019040301006623,NSEWA,1,44,10,505.00,"5,050.00"
2019-04-03,2019040301006574,NSEWA,1,44,10,505.00,"5,050.00"
2019-04-03,2019040301006298,NSEWA,25,25,10,508.00,"5,080.00"
2019-04-03,2019040301006680,NTC,49,44,190,677.00,"128,630.00"
2019-04-03,2019040301006320,NTC,33,44,10,684.00,"6,840.00"
2019-04-03,2019040301006296,NTC,26,44,200,678.00,"135,600.00"
2019-04-03,2019040301006676,OHL,42,50,10,441.00,"4,410.00"
2019-04-03,2019040301006659,PCBL,10,14,99,326.00,"32,274.00"
2019-04-03,2019040301006657,PCBL,18,25,200,327.00,"65,400.00"
2019-04-03,2019040301006637,PCBL,10,56,17,326.00,"5,542.00"
2019-04-03,2019040301006592,PCBL,14,49,10,328.00,"3,280.00"
2019-04-03,2019040301006470,PCBL,10,49,120,326.00,"39,120.00"
2019-04-03,2019040301006450,PCBL,45,49,80,327.00,"26,160.00"
2019-04-03,2019040301006234,PIC,38,34,11,"1,014.00","11,154.00"
2019-04-03,2019040301006610,PICL,47,42,10,683.00,"6,830.00"
2019-04-03,2019040301006309,PLIC,35,42,20,455.00,"9,100.00"
2019-04-03,2019040301006292,PLIC,28,25,150,453.00,"67,950.00"
2019-04-03,2019040301006271,PLIC,28,6,356,452.00,"160,912.00"
2019-04-03,2019040301006260,PLIC,35,6,20,452.00,"9,040.00"
2019-04-03,2019040301006515,PMHPL,28,51,10,111.00,"1,110.00"
2019-04-03,2019040301006482,PMHPL,22,41,10,110.00,"1,100.00"
2019-04-03,2019040301006564,PRIN,40,58,21,407.00,"8,547.00"
2019-04-03,2019040301006563,PRIN,42,58,500,409.00,"204,500.00"
2019-04-03,2019040301006562,PRIN,43,58,20,409.00,"8,180.00"
2019-04-03,2019040301006587,PRVU,28,34,100,245.00,"24,500.00"
2019-04-03,2019040301006541,PRVU,54,44,900,244.00,"219,600.00"
2019-04-03,2019040301006537,PRVU,34,34,"4,600",245.00,"1,127,000.00"
2019-04-03,2019040301006536,PRVU,34,44,400,245.00,"98,000.00"
2019-04-03,2019040301006459,PRVU,56,43,500,244.00,"122,000.00"
2019-04-03,2019040301006436,PRVU,20,6,480,245.00,"117,600.00"
2019-04-03,2019040301006424,PRVU,29,6,20,245.00,"4,900.00"
2019-04-03,2019040301006534,PRVU,54,39,120,244.00,"29,280.00"
2019-04-03,2019040301006532,PRVU,38,44,200,245.00,"49,000.00"
2019-04-03,2019040301006516,PRVU,57,44,400,245.00,"98,000.00"
2019-04-03,2019040301006468,PRVU,20,58,350,245.00,"85,750.00"
2019-04-03,2019040301006461,PRVU,54,43,700,244.00,"170,800.00"
2019-04-03,2019040301006460,PRVU,57,43,200,244.00,"48,800.00"
2019-04-03,2019040301006492,RADHI,50,37,11,168.00,"1,848.00"
2019-04-03,2019040301006491,RADHI,50,38,11,168.00,"1,848.00"
2019-04-03,2019040301006599,RBCL,52,34,20,"9,100.00","182,000.00"
2019-04-03,2019040301006524,RBCL,45,21,23,"9,100.00","209,300.00"
2019-04-03,2019040301006545,RHPC,55,1,100,95.00,"9,500.00"
2019-04-03,2019040301006269,RMDC,41,36,100,530.00,"53,000.00"
2019-04-03,2019040301006520,RRHP,45,51,10,93.00,930.00
2019-04-03,2019040301006523,RSDC,35,34,100,364.00,"36,400.00"
2019-04-03,2019040301006342,RSDC,41,34,50,364.00,"18,200.00"
2019-04-03,2019040301006278,RSDC,17,17,1,356.00,356.00
2019-04-03,2019040301006374,SADBL,33,47,35,147.00,"5,145.00"
2019-04-03,2019040301006373,SADBL,33,28,84,147.00,"12,348.00"
2019-04-03,2019040301006364,SADBL,33,28,116,147.00,"17,052.00"
2019-04-03,2019040301006363,SADBL,33,45,430,147.00,"63,210.00"
2019-04-03,2019040301006312,SADBL,33,14,100,146.00,"14,600.00"
2019-04-03,2019040301006611,SANIMA,19,6,284,315.00,"89,460.00"
2019-04-03,2019040301006531,SANIMA,17,13,600,316.00,"189,600.00"
2019-04-03,2019040301006530,SANIMA,17,42,400,316.00,"126,400.00"
2019-04-03,2019040301006454,SANIMA,19,34,400,315.00,"126,000.00"
2019-04-03,2019040301006433,SANIMA,19,51,316,315.00,"99,540.00"
2019-04-03,2019040301006377,SANIMA,41,51,50,315.00,"15,750.00"
2019-04-03,2019040301006352,SANIMA,28,51,134,315.00,"42,210.00"
2019-04-03,2019040301006215,SANIMA,28,51,16,315.00,"5,040.00"
2019-04-03,2019040301006332,SBBLJ,50,1,"1,000",201.00,"201,000.00"
2019-04-03,2019040301006331,SBBLJ,50,35,400,201.00,"80,400.00"
2019-04-03,2019040301006241,SBBLJ,17,1,200,200.00,"40,000.00"
2019-04-03,2019040301006240,SBBLJ,17,28,300,200.00,"60,000.00"
2019-04-03,2019040301006239,SBBLJ,17,17,500,199.00,"99,500.00"
2019-04-03,2019040301006624,SBI,17,42,133,399.00,"53,067.00"
2019-04-03,2019040301006291,SBI,26,37,12,400.00,"4,800.00"
2019-04-03,2019040301006609,SBL,45,57,250,303.00,"75,750.00"
2019-04-03,2019040301006570,SBL,35,42,164,302.00,"49,528.00"
2019-04-03,2019040301006441,SBL,35,43,"1,525",302.00,"460,550.00"
2019-04-03,2019040301006440,SBL,34,43,500,302.00,"151,000.00"
2019-04-03,2019040301006439,SBL,50,43,975,302.00,"294,450.00"
2019-04-03,2019040301006423,SBL,34,8,950,303.00,"287,850.00"
2019-04-03,2019040301006410,SBL,41,8,50,303.00,"15,150.00"
2019-04-03,2019040301006386,SBL,50,37,25,302.00,"7,550.00"
2019-04-03,2019040301006385,SBL,17,37,75,302.00,"22,650.00"
2019-04-03,2019040301006341,SBL,17,1,25,302.00,"7,550.00"
2019-04-03,2019040301006274,SBL,17,36,100,302.00,"30,200.00"
2019-04-03,2019040301006601,SCB,26,42,60,579.00,"34,740.00"
2019-04-03,2019040301006600,SCB,11,42,40,580.00,"23,200.00"
2019-04-03,2019040301006382,SCB,11,56,10,580.00,"5,800.00"
2019-04-03,2019040301006303,SCB,50,28,10,583.00,"5,830.00"
2019-04-03,2019040301006246,SCB,26,56,10,579.00,"5,790.00"
2019-04-03,2019040301006660,SDESI,28,37,68,540.00,"36,720.00"
2019-04-03,2019040301006295,SDESI,17,17,1,530.00,530.00
2019-04-03,2019040301006678,SHIVM,35,14,50,324.00,"16,200.00"
2019-04-03,2019040301006668,SHIVM,22,32,50,325.00,"16,250.00"
2019-04-03,2019040301006497,SHIVM,28,39,41,325.00,"13,325.00"
2019-04-03,2019040301006477,SHIVM,35,32,50,324.00,"16,200.00"
2019-04-03,2019040301006416,SHIVM,35,32,10,324.00,"3,240.00"
2019-04-03,2019040301006415,SHIVM,58,32,40,324.00,"12,960.00"
2019-04-03,2019040301006258,SHIVM,49,21,20,325.00,"6,500.00"
2019-04-03,2019040301006245,SHIVM,49,41,50,325.00,"16,250.00"
2019-04-03,2019040301006244,SHIVM,49,42,50,325.00,"16,250.00"
2019-04-03,2019040301006217,SHIVM,49,41,50,325.00,"16,250.00"
2019-04-03,2019040301006339,SHIVM,37,58,100,325.00,"32,500.00"
2019-04-03,2019040301006306,SHIVM,16,58,100,325.00,"32,500.00"
2019-04-03,2019040301006305,SHIVM,26,58,"1,000",325.00,"325,000.00"
2019-04-03,2019040301006304,SHIVM,32,58,620,325.00,"201,500.00"
2019-04-03,2019040301006268,SHIVM,32,41,50,325.00,"16,250.00"
2019-04-03,2019040301006259,SHIVM,32,21,30,325.00,"9,750.00"
2019-04-03,2019040301006649,SHL,56,54,"1,374",205.00,"281,670.00"
2019-04-03,2019040301006648,SHL,35,54,100,205.00,"20,500.00"
2019-04-03,2019040301006647,SHL,42,54,100,206.00,"20,600.00"
2019-04-03,2019040301006646,SHL,1,54,100,206.00,"20,600.00"
2019-04-03,2019040301006573,SHL,39,56,133,207.00,"27,531.00"
2019-04-03,2019040301006498,SHPC,42,46,30,230.00,"6,900.00"
2019-04-03,2019040301006267,SHPC,42,50,110,228.00,"25,080.00"
2019-04-03,2019040301006266,SHPC,14,50,90,229.00,"20,610.00"
2019-04-03,2019040301006254,SHPC,14,1,10,229.00,"2,290.00"
2019-04-03,2019040301006435,SIC,41,7,35,"1,265.00","44,275.00"
2019-04-03,2019040301006434,SIC,25,7,20,"1,265.00","25,300.00"
2019-04-03,2019040301006672,SINDU,42,29,100,133.00,"13,300.00"
2019-04-03,2019040301006603,SINDU,42,57,500,131.00,"65,500.00"
2019-04-03,2019040301006602,SINDU,42,29,500,131.00,"65,500.00"
2019-04-03,2019040301006583,SINDU,42,17,10,130.00,"1,300.00"
2019-04-03,2019040301006582,SINDU,42,21,100,130.00,"13,000.00"
2019-04-03,2019040301006581,SINDU,42,21,500,129.00,"64,500.00"
2019-04-03,2019040301006333,SINDU,42,29,50,128.00,"6,400.00"
2019-04-03,2019040301006580,SINDU,42,39,200,129.00,"25,800.00"
2019-04-03,2019040301006579,SINDU,42,1,"1,000",128.00,"128,000.00"
2019-04-03,2019040301006578,SINDU,42,59,100,128.00,"12,800.00"
2019-04-03,2019040301006577,SINDU,42,53,480,128.00,"61,440.00"
2019-04-03,2019040301006576,SINDU,42,29,333,128.00,"42,624.00"
2019-04-03,2019040301006535,SINDU,47,29,200,128.00,"25,600.00"
2019-04-03,2019040301006502,SLBBL,10,42,70,486.00,"34,020.00"
2019-04-03,2019040301006501,SLBBL,26,42,20,490.00,"9,800.00"
2019-04-03,2019040301006500,SLBBL,45,42,10,491.00,"4,910.00"
2019-04-03,2019040301006671,SLBSL,50,32,50,676.00,"33,800.00"
2019-04-03,2019040301006661,SLICL,33,42,40,526.00,"21,040.00"
2019-04-03,2019040301006643,SLICL,17,44,20,528.00,"10,560.00"
2019-04-03,2019040301006380,SLICL,33,33,33,526.00,"17,358.00"
2019-04-03,2019040301006367,SLICL,33,33,34,526.00,"17,884.00"
2019-04-03,2019040301006667,SMB,45,17,10,615.00,"6,150.00"
2019-04-03,2019040301006422,SPDL,33,40,500,104.00,"52,000.00"
2019-04-03,2019040301006638,SRBL,5,58,327,230.00,"75,210.00"
2019-04-03,2019040301006351,SRBL,49,26,900,230.00,"207,000.00"
2019-04-03,2019040301006350,SRBL,49,55,"5,000",230.00,"1,150,000.00"
2019-04-03,2019040301006349,SRBL,49,28,985,230.00,"226,550.00"
2019-04-03,2019040301006273,SRBL,56,39,118,228.00,"26,904.00"
2019-04-03,2019040301006487,SWBBL,25,50,40,831.00,"33,240.00"
2019-04-03,2019040301006699,UPPER,47,18,50,236.00,"11,800.00"
2019-04-03,2019040301006679,UPPER,47,18,50,236.00,"11,800.00"
2019-04-03,2019040301006636,UPPER,33,14,40,236.00,"9,440.00"
2019-04-03,2019040301006635,UPPER,33,19,50,236.00,"11,800.00"
2019-04-03,2019040301006634,UPPER,33,19,40,236.00,"9,440.00"
2019-04-03,2019040301006633,UPPER,33,14,50,236.00,"11,800.00"
2019-04-03,2019040301006238,UPPER,19,18,23,236.00,"5,428.00"
2019-04-03,2019040301006237,UPPER,40,18,27,236.00,"6,372.00"
2019-04-03,2019040301006214,UPPER,40,7,40,236.00,"9,440.00"
2019-04-03,2019040301006428,UPPER,51,18,50,236.00,"11,800.00"
2019-04-03,2019040301006427,UPPER,51,18,33,236.00,"7,788.00"
2019-04-03,2019040301006395,UPPER,4,56,30,235.00,"7,050.00"
2019-04-03,2019040301006394,UPPER,8,56,20,235.00,"4,700.00"
2019-04-03,2019040301006263,UPPER,8,56,50,235.00,"11,750.00"
2019-04-03,2019040301006247,UPPER,19,18,17,236.00,"4,012.00"
2019-04-03,2019040301006486,UPPER,4,21,97,235.00,"22,795.00"
2019-04-03,2019040301006475,UPPER,4,41,50,235.00,"11,750.00"
2019-04-03,2019040301006458,UPPER,4,32,50,235.00,"11,750.00"
2019-04-03,2019040301006431,UPPER,51,18,21,236.00,"4,956.00"
2019-04-03,2019040301006430,UPPER,51,18,50,236.00,"11,800.00"
2019-04-03,2019040301006429,UPPER,51,18,40,236.00,"9,440.00"
2019-04-03,2019040301006538,UPPER,4,51,40,235.00,"9,400.00"
2019-04-03,2019040301006488,UPPER,4,32,40,235.00,"9,400.00"
2019-04-03,2019040301006626,UPPER,33,18,29,236.00,"6,844.00"
2019-04-03,2019040301006555,UPPER,40,18,11,236.00,"2,596.00"
2019-04-03,2019040301006554,UPPER,40,18,50,236.00,"11,800.00"
2019-04-03,2019040301006553,UPPER,40,18,19,236.00,"4,484.00"
2019-04-03,2019040301006552,UPPER,40,19,40,236.00,"9,440.00"
2019-04-03,2019040301006539,UPPER,4,21,40,235.00,"9,400.00"
2019-04-03,2019040301006632,UPPER,33,51,72,236.00,"16,992.00"
2019-04-03,2019040301006631,UPPER,33,18,50,236.00,"11,800.00"
2019-04-03,2019040301006630,UPPER,33,51,72,236.00,"16,992.00"
2019-04-03,2019040301006629,UPPER,33,40,550,236.00,"129,800.00"
2019-04-03,2019040301006628,UPPER,33,18,50,236.00,"11,800.00"
2019-04-03,2019040301006627,UPPER,33,51,50,236.00,"11,800.00"
2019-04-03,2019040301006177,ADBL,36,47,67,305.00,"20,435.00"
2019-04-03,2019040301006176,ADBL,36,38,557,305.00,"169,885.00"
2019-04-03,2019040301006175,ADBL,36,49,29,305.00,"8,845.00"
2019-04-03,2019040301006174,ADBL,36,33,"1,000",305.00,"305,000.00"
2019-04-03,2019040301006173,ADBL,36,53,211,305.00,"64,355.00"
2019-04-03,2019040301006172,ADBL,36,33,17,304.00,"5,168.00"
2019-04-03,2019040301006171,ADBL,36,43,"1,000",304.00,"304,000.00"
2019-04-03,2019040301005766,ADBL,1,43,165,304.00,"50,160.00"
2019-04-03,2019040301005765,ADBL,51,43,500,304.00,"152,000.00"
2019-04-03,2019040301005764,ADBL,20,43,100,304.00,"30,400.00"
2019-04-03,2019040301005935,AKJCL,52,42,10,80.00,800.00
2019-04-03,2019040301006195,ALBSL,26,56,10,478.00,"4,780.00"
2019-04-03,2019040301006163,ALBSL,26,32,180,478.00,"86,040.00"
2019-04-03,2019040301006160,ALBSL,26,49,10,478.00,"4,780.00"
2019-04-03,2019040301006099,ALBSL,26,28,10,478.00,"4,780.00"
2019-04-03,2019040301006049,ALBSL,26,29,150,478.00,"71,700.00"
2019-04-03,2019040301005956,ALBSL,26,49,10,478.00,"4,780.00"
2019-04-03,2019040301005774,ALBSL,26,40,10,478.00,"4,780.00"
2019-04-03,2019040301005941,ALBSL,26,36,10,478.00,"4,780.00"
2019-04-03,2019040301005922,ALBSL,26,42,10,478.00,"4,780.00"
2019-04-03,2019040301005898,ALBSL,26,42,10,478.00,"4,780.00"
2019-04-03,2019040301005872,ALBSL,20,55,10,479.00,"4,790.00"
2019-04-03,2019040301005871,ALBSL,20,55,10,479.00,"4,790.00"
2019-04-03,2019040301005799,ALBSL,26,40,10,478.00,"4,780.00"
2019-04-03,2019040301005796,ALICL,17,36,310,390.00,"120,900.00"
2019-04-03,2019040301005795,ALICL,52,36,100,390.00,"39,000.00"
2019-04-03,2019040301005794,ALICL,16,36,454,390.00,"177,060.00"
2019-04-03,2019040301005793,ALICL,45,36,136,393.00,"53,448.00"
2019-04-03,2019040301005734,ALICL,45,34,147,393.00,"57,771.00"
2019-04-03,2019040301005713,ALICL,45,44,476,392.00,"186,592.00"
2019-04-03,2019040301006033,AMFI,45,16,10,651.00,"6,510.00"
2019-04-03,2019040301005965,AMFI,45,44,10,651.00,"6,510.00"
2019-04-03,2019040301005913,API,43,22,"1,000",135.00,"135,000.00"
2019-04-03,2019040301006144,BHBL,28,28,500,159.00,"79,500.00"
2019-04-03,2019040301006080,BHBL,26,59,500,162.00,"81,000.00"
2019-04-03,2019040301006079,BHBL,26,59,643,162.00,"104,166.00"
2019-04-03,2019040301006017,BHBL,26,1,20,161.00,"3,220.00"
2019-04-03,2019040301005821,BHBL,28,20,100,158.00,"15,800.00"
2019-04-03,2019040301005976,BOKL,37,49,"1,000",250.00,"250,000.00"
2019-04-03,2019040301005961,BOKL,39,49,400,250.00,"100,000.00"
2019-04-03,2019040301005882,BOKL,57,44,400,251.00,"100,400.00"
2019-04-03,2019040301005862,BOKL,57,58,60,249.00,"14,940.00"
2019-04-03,2019040301005845,BOKL,47,49,"2,000",250.00,"500,000.00"
2019-04-03,2019040301005787,BOKL,1,49,100,250.00,"25,000.00"
2019-04-03,2019040301005706,BOKL,10,10,"1,000",250.00,"250,000.00"
2019-04-03,2019040301005705,BOKL,10,45,27,250.00,"6,750.00"
2019-04-03,2019040301005704,BOKL,10,57,137,250.00,"34,250.00"
2019-04-03,2019040301006164,BPCL,1,7,22,359.00,"7,898.00"
2019-04-03,2019040301006104,BPCL,1,44,11,359.00,"3,949.00"
2019-04-03,2019040301006077,BPCL,1,7,22,359.00,"7,898.00"
2019-04-03,2019040301005975,BPCL,1,7,22,359.00,"7,898.00"
2019-04-03,2019040301005874,BPCL,1,14,12,359.00,"4,308.00"
2019-04-03,2019040301005858,BPCL,1,7,22,359.00,"7,898.00"
2019-04-03,2019040301006202,CBBL,59,42,30,898.00,"26,940.00"
2019-04-03,2019040301006065,CBBL,49,34,100,899.00,"89,900.00"
2019-04-03,2019040301006046,CBBL,49,38,100,899.00,"89,900.00"
2019-04-03,2019040301006185,CBL,38,13,100,162.00,"16,200.00"
2019-04-03,2019040301005950,CBL,38,50,107,161.00,"17,227.00"
2019-04-03,2019040301005918,CBL,28,46,50,160.00,"8,000.00"
2019-04-03,2019040301005860,CBL,58,43,"3,500",161.00,"563,500.00"
2019-04-03,2019040301005725,CBL,16,43,"1,000",161.00,"161,000.00"
2019-04-03,2019040301005724,CBL,29,43,"2,000",161.00,"322,000.00"
2019-04-03,2019040301005723,CBL,40,43,500,161.00,"80,500.00"
2019-04-03,2019040301005722,CBL,56,43,"4,000",161.00,"644,000.00"
2019-04-03,2019040301005721,CBL,25,43,500,161.00,"80,500.00"
2019-04-03,2019040301005720,CBL,58,43,500,161.00,"80,500.00"
2019-04-03,2019040301005719,CBL,58,43,754,161.00,"121,394.00"
2019-04-03,2019040301005901,CCBL,33,46,50,168.00,"8,400.00"
2019-04-03,2019040301005852,CCBL,33,46,50,168.00,"8,400.00"
2019-04-03,2019040301005772,CCBL,45,37,1,169.00,169.00
2019-04-03,2019040301005771,CCBL,45,28,189,169.00,"31,941.00"
2019-04-03,2019040301005730,CCBL,41,28,300,169.00,"50,700.00"
2019-04-03,2019040301005729,CCBL,10,28,100,169.00,"16,900.00"
2019-04-03,2019040301006093,CHCL,49,58,"1,000",504.00,"504,000.00"
2019-04-03,2019040301006092,CHCL,44,58,50,504.00,"25,200.00"
2019-04-03,2019040301006091,CHCL,50,58,50,505.00,"25,250.00"
2019-04-03,2019040301005823,CHCL,6,41,100,506.00,"50,600.00"
2019-04-03,2019040301006061,CHLBS,57,35,56,508.00,"28,448.00"
2019-04-03,2019040301006060,CHLBS,8,35,10,508.00,"5,080.00"
2019-04-03,2019040301006059,CHLBS,56,35,40,509.00,"20,360.00"
2019-04-03,2019040301005798,DBBL,58,50,34,126.00,"4,284.00"
2019-04-03,2019040301005797,DBBL,59,50,500,126.00,"63,000.00"
2019-04-03,2019040301006040,DDBL,28,10,86,588.00,"50,568.00"
2019-04-03,2019040301006039,DDBL,28,45,10,587.00,"5,870.00"
2019-04-03,2019040301005923,DHPL,19,19,10,88.00,880.00
2019-04-03,2019040301006133,EBL,25,42,100,592.00,"59,200.00"
2019-04-03,2019040301006002,EBL,36,34,18,598.00,"10,764.00"
2019-04-03,2019040301005841,EBL,38,47,350,594.00,"207,900.00"
2019-04-03,2019040301005838,EBL,38,47,150,594.00,"89,100.00"
2019-04-03,2019040301005827,EBL,37,47,50,595.00,"29,750.00"
2019-04-03,2019040301005817,EBL,6,47,32,596.00,"19,072.00"
2019-04-03,2019040301005791,EBL,6,47,69,596.00,"41,124.00"
2019-04-03,2019040301005767,EBL,6,47,100,596.00,"59,600.00"
2019-04-03,2019040301005728,EBL,1,34,150,598.00,"89,700.00"
2019-04-03,2019040301006004,FOWAD,19,42,90,"1,517.00","136,530.00"
2019-04-03,2019040301006003,FOWAD,18,42,10,"1,517.00","15,170.00"
2019-04-03,2019040301005850,FOWAD,18,44,10,"1,517.00","15,170.00"
2019-04-03,2019040301005873,GBIME,32,46,10,267.00,"2,670.00"
2019-04-03,2019040301005818,GBIME,32,50,187,267.00,"49,929.00"
2019-04-03,2019040301005786,GBLBS,39,58,80,450.00,"36,000.00"
2019-04-03,2019040301005785,GBLBS,39,39,20,449.00,"8,980.00"
2019-04-03,2019040301005972,GFCL,22,22,100,122.00,"12,200.00"
2019-04-03,2019040301005757,GLICL,10,46,60,500.00,"30,000.00"
2019-04-03,2019040301005756,GLICL,10,49,60,500.00,"30,000.00"
2019-04-03,2019040301006044,HBL,46,16,15,472.00,"7,080.00"
2019-04-03,2019040301006029,HBL,4,3,50,470.00,"23,500.00"
2019-04-03,2019040301006180,HGI,41,50,20,375.00,"7,500.00"
2019-04-03,2019040301006107,HPPL,45,59,10,185.00,"1,850.00"
2019-04-03,2019040301006105,JBNL,33,58,"2,471",178.00,"439,838.00"
2019-04-03,2019040301005936,JBNL,33,46,20,178.00,"3,560.00"
2019-04-03,2019040301005890,JBNL,33,39,"1,330",178.00,"236,740.00"
2019-04-03,2019040301005889,JBNL,42,39,125,178.00,"22,250.00"
2019-04-03,2019040301005888,JBNL,54,39,200,178.00,"35,600.00"
2019-04-03,2019040301005887,JBNL,50,39,17,179.00,"3,043.00"
2019-04-03,2019040301005886,JBNL,29,39,116,179.00,"20,764.00"
2019-04-03,2019040301005830,JBNL,29,50,384,179.00,"68,736.00"
2019-04-03,2019040301005829,JBNL,49,50,200,179.00,"35,800.00"
2019-04-03,2019040301005828,JBNL,4,50,175,179.00,"31,325.00"
2019-04-03,2019040301005749,KBBL,41,59,100,211.00,"21,100.00"
2019-04-03,2019040301005805,KMFL,45,49,30,815.00,"24,450.00"
2019-04-03,2019040301005938,KPCL,39,42,10,93.00,930.00
2019-04-03,2019040301005968,KSBBL,32,46,50,141.00,"7,050.00"
2019-04-03,2019040301005937,KSBBL,32,49,25,141.00,"3,525.00"
2019-04-03,2019040301005917,KSBBL,32,25,50,141.00,"7,050.00"
2019-04-03,2019040301005915,KSBBL,32,49,17,141.00,"2,397.00"
2019-04-03,2019040301005900,KSBBL,32,25,422,141.00,"59,502.00"
2019-04-03,2019040301005896,KSBBL,32,49,17,141.00,"2,397.00"
2019-04-03,2019040301005853,KSBBL,38,46,308,142.00,"43,736.00"
2019-04-03,2019040301005837,KSBBL,38,17,107,142.00,"15,194.00"
2019-04-03,2019040301005802,KSBBL,38,53,435,142.00,"61,770.00"
2019-04-03,2019040301005801,KSBBL,46,53,450,142.00,"63,900.00"
2019-04-03,2019040301005712,KSBBL,46,17,550,142.00,"78,100.00"
2019-04-03,2019040301005711,KSBBL,43,17,200,142.00,"28,400.00"
2019-04-03,2019040301005902,LBBL,34,58,200,172.00,"34,400.00"
2019-04-03,2019040301006139,LBL,52,16,30,200.00,"6,000.00"
2019-04-03,2019040301006001,LBL,38,39,500,201.00,"100,500.00"
2019-04-03,2019040301005966,LBL,32,50,390,202.00,"78,780.00"
2019-04-03,2019040301005861,LBL,22,39,500,201.00,"100,500.00"
2019-04-03,2019040301005784,LBL,52,39,411,200.00,"82,200.00"
2019-04-03,2019040301005783,LBL,43,39,"2,000",200.00,"400,000.00"
2019-04-03,2019040301005759,LBL,47,39,100,202.00,"20,200.00"
2019-04-03,2019040301005758,LBL,48,39,467,202.00,"94,334.00"
2019-04-03,2019040301005776,LBL,42,39,100,201.00,"20,100.00"
2019-04-03,2019040301005775,LBL,48,39,500,201.00,"100,500.00"
2019-04-03,2019040301005763,LBL,5,39,500,202.00,"101,000.00"
2019-04-03,2019040301005762,LBL,45,39,200,202.00,"40,400.00"
2019-04-03,2019040301005761,LBL,32,39,"1,000",202.00,"202,000.00"
2019-04-03,2019040301005760,LBL,32,39,200,202.00,"40,400.00"
2019-04-03,2019040301005782,LBL,42,39,100,200.00,"20,000.00"
2019-04-03,2019040301005781,LBL,42,39,10,200.00,"2,000.00"
2019-04-03,2019040301005780,LBL,41,39,200,200.00,"40,000.00"
2019-04-03,2019040301005779,LBL,56,39,25,200.00,"5,000.00"
2019-04-03,2019040301005778,LBL,32,39,100,201.00,"20,100.00"
2019-04-03,2019040301005777,LBL,26,39,500,201.00,"100,500.00"
2019-04-03,2019040301006098,LEMF,57,26,"5,000",8.03,"40,150.00"
2019-04-03,2019040301006097,LEMF,57,26,"3,000",8.03,"24,090.00"
2019-04-03,2019040301006168,LGIL,38,16,20,503.00,"10,060.00"
2019-04-03,2019040301006167,LGIL,57,16,50,503.00,"25,150.00"
2019-04-03,2019040301006166,LGIL,19,16,30,503.00,"15,090.00"
2019-04-03,2019040301005912,LLBS,10,44,13,753.00,"9,789.00"
2019-04-03,2019040301006169,MBL,57,58,"1,000",232.00,"232,000.00"
2019-04-03,2019040301005869,MBL,26,11,100,233.00,"23,300.00"
2019-04-03,2019040301005731,MBL,26,34,100,233.00,"23,300.00"
2019-04-03,2019040301006123,MDB,28,25,11,237.00,"2,607.00"
2019-04-03,2019040301006157,MEGA,57,16,200,166.00,"33,200.00"
2019-04-03,2019040301006118,MEGA,32,13,"1,000",166.00,"166,000.00"
2019-04-03,2019040301006085,MEGA,57,34,92,165.00,"15,180.00"
2019-04-03,2019040301006032,MEGA,57,46,24,165.00,"3,960.00"
2019-04-03,2019040301005980,MEGA,57,46,20,165.00,"3,300.00"
2019-04-03,2019040301005883,MEGA,32,16,232,166.00,"38,512.00"
2019-04-03,2019040301005863,MEGA,32,46,40,166.00,"6,640.00"
2019-04-03,2019040301005753,MEGA,32,43,728,166.00,"120,848.00"
2019-04-03,2019040301005752,MEGA,29,43,"1,772",166.00,"294,152.00"
2019-04-03,2019040301005737,MEGA,26,43,100,167.00,"16,700.00"
2019-04-03,2019040301005844,MLBL,4,50,334,171.00,"57,114.00"
2019-04-03,2019040301006142,MMFDB,57,42,40,912.00,"36,480.00"
2019-04-03,2019040301006141,MMFDB,57,42,10,915.00,"9,150.00"
2019-04-03,2019040301005994,MNBBL,4,14,50,347.00,"17,350.00"
2019-04-03,2019040301005974,MNBBL,41,14,23,347.00,"7,981.00"
2019-04-03,2019040301005921,MNBBL,56,14,20,347.00,"6,940.00"
2019-04-03,2019040301005848,MNBBL,6,50,89,346.00,"30,794.00"
2019-04-03,2019040301005984,MSLB,52,44,15,"1,226.00","18,390.00"
2019-04-03,2019040301005851,MSMBS,5,44,11,515.00,"5,665.00"
2019-04-03,2019040301005946,NABIL,5,3,100,726.00,"72,600.00"
2019-04-03,2019040301005945,NABIL,5,56,50,725.00,"36,250.00"
2019-04-03,2019040301005944,NABIL,14,3,70,724.00,"50,680.00"
2019-04-03,2019040301005943,NABIL,6,3,100,724.00,"72,400.00"
2019-04-03,2019040301006198,NBB,50,48,98,207.00,"20,286.00"
2019-04-03,2019040301006197,NBB,41,48,400,207.00,"82,800.00"
2019-04-03,2019040301005904,NBB,48,48,46,207.00,"9,522.00"
2019-04-03,2019040301005822,NBB,48,39,500,207.00,"103,500.00"
2019-04-03,2019040301006031,NBB,7,48,500,207.00,"103,500.00"
2019-04-03,2019040301005909,NBB,7,48,856,207.00,"177,192.00"
2019-04-03,2019040301005908,NBB,41,48,"1,500",207.00,"310,500.00"
2019-04-03,2019040301005907,NBB,10,48,100,207.00,"20,700.00"
2019-04-03,2019040301005906,NBB,44,48,500,207.00,"103,500.00"
2019-04-03,2019040301005905,NBB,42,48,"1,000",207.00,"207,000.00"
2019-04-03,2019040301006069,NBBL,42,35,40,615.00,"24,600.00"
2019-04-03,2019040301006068,NBBL,42,47,37,610.00,"22,570.00"
2019-04-03,2019040301006062,NBBL,42,6,42,604.00,"25,368.00"
2019-04-03,2019040301006184,NBL,8,46,100,297.00,"29,700.00"
2019-04-03,2019040301006128,NBL,26,46,"1,000",297.00,"297,000.00"
2019-04-03,2019040301006127,NBL,8,46,"1,000",297.00,"297,000.00"
2019-04-03,2019040301006126,NBL,35,46,50,297.00,"14,850.00"
2019-04-03,2019040301006125,NBL,47,46,"2,000",297.00,"594,000.00"
2019-04-03,2019040301006124,NBL,35,46,830,297.00,"246,510.00"
2019-04-03,2019040301006096,NBL,35,33,10,297.00,"2,970.00"
2019-04-03,2019040301005856,NBL,35,36,"3,000",297.00,"891,000.00"
2019-04-03,2019040301005855,NBL,35,50,200,297.00,"59,400.00"
2019-04-03,2019040301005738,NBL,35,39,960,297.00,"285,120.00"
2019-04-03,2019040301006191,NCCB,49,17,580,221.00,"128,180.00"
2019-04-03,2019040301006190,NCCB,42,17,920,221.00,"203,320.00"
2019-04-03,2019040301006187,NCCB,6,17,34,222.00,"7,548.00"
2019-04-03,2019040301006186,NCCB,6,46,166,222.00,"36,852.00"
2019-04-03,2019040301006102,NCCB,42,21,100,221.00,"22,100.00"
2019-04-03,2019040301006025,NCCB,42,6,300,221.00,"66,300.00"
2019-04-03,2019040301005925,NCCB,56,46,300,221.00,"66,300.00"
2019-04-03,2019040301005924,NCCB,35,46,"6,820",221.00,"1,507,220.00"
2019-04-03,2019040301005891,NCCB,4,46,"1,000",222.00,"222,000.00"
2019-04-03,2019040301005868,NCCB,35,58,100,221.00,"22,100.00"
2019-04-03,2019040301006024,NCCB,42,46,500,221.00,"110,500.00"
2019-04-03,2019040301006012,NCCB,42,57,280,221.00,"61,880.00"
2019-04-03,2019040301006011,NCCB,56,57,"1,720",221.00,"380,120.00"
2019-04-03,2019040301005964,NCCB,56,35,400,221.00,"88,400.00"
2019-04-03,2019040301005927,NCCB,56,46,"1,880",221.00,"415,480.00"
2019-04-03,2019040301005926,NCCB,11,46,"1,000",221.00,"221,000.00"
2019-04-03,2019040301006122,NGPL,51,59,11,123.00,"1,353.00"
2019-04-03,2019040301006193,NIB,59,57,12,536.00,"6,432.00"
2019-04-03,2019040301006192,NIB,26,57,25,536.00,"13,400.00"
2019-04-03,2019040301006170,NIB,26,7,37,536.00,"19,832.00"
2019-04-03,2019040301006154,NIB,45,49,928,538.00,"499,264.00"
2019-04-03,2019040301006153,NIB,45,19,37,538.00,"19,906.00"
2019-04-03,2019040301006152,NIB,45,36,23,538.00,"12,374.00"
2019-04-03,2019040301006145,NIB,45,49,79,537.00,"42,423.00"
2019-04-03,2019040301006083,NIB,26,7,37,536.00,"19,832.00"
2019-04-03,2019040301006036,NIB,6,49,18,537.00,"9,666.00"
2019-04-03,2019040301005993,NIB,26,7,37,536.00,"19,832.00"
2019-04-03,2019040301005864,NIB,26,7,37,536.00,"19,832.00"
2019-04-03,2019040301005751,NIB,26,44,37,536.00,"19,832.00"
2019-04-03,2019040301006151,NIB,45,33,27,538.00,"14,526.00"
2019-04-03,2019040301006150,NIB,45,33,27,538.00,"14,526.00"
2019-04-03,2019040301006149,NIB,45,41,130,538.00,"69,940.00"
2019-04-03,2019040301006148,NIB,45,32,100,538.00,"53,800.00"
2019-04-03,2019040301006147,NIB,45,6,149,537.00,"80,013.00"
2019-04-03,2019040301006146,NIB,45,11,500,537.00,"268,500.00"
2019-04-03,2019040301006156,NIBPO,20,6,400,493.00,"197,200.00"
2019-04-03,2019040301006155,NIBPO,16,6,100,494.00,"49,400.00"
2019-04-03,2019040301006140,NICA,8,46,"1,000",437.00,"437,000.00"
2019-04-03,2019040301006095,NICA,43,16,55,436.00,"23,980.00"
2019-04-03,2019040301006076,NICA,43,48,90,436.00,"39,240.00"
2019-04-03,2019040301006075,NICA,43,57,300,436.00,"130,800.00"
2019-04-03,2019040301006022,NICA,43,11,526,435.00,"228,810.00"
2019-04-03,2019040301005971,NICA,45,11,474,435.00,"206,190.00"
2019-04-03,2019040301005715,NICA,33,41,470,434.00,"203,980.00"
2019-04-03,2019040301005714,NICA,42,41,100,435.00,"43,500.00"
2019-04-03,2019040301005811,NICA,8,49,61,437.00,"26,657.00"
2019-04-03,2019040301005810,NICA,8,38,113,436.00,"49,268.00"
2019-04-03,2019040301005809,NICA,8,3,58,436.00,"25,288.00"
2019-04-03,2019040301005808,NICA,8,39,310,436.00,"135,160.00"
2019-04-03,2019040301005807,NICA,8,6,63,436.00,"27,468.00"
2019-04-03,2019040301005806,NICA,8,22,54,436.00,"23,544.00"
2019-04-03,2019040301005970,NICA,45,42,26,435.00,"11,310.00"
2019-04-03,2019040301005816,NICA,8,41,100,437.00,"43,700.00"
2019-04-03,2019040301005815,NICA,8,34,300,437.00,"131,100.00"
2019-04-03,2019040301005814,NICA,8,8,300,437.00,"131,100.00"
2019-04-03,2019040301005813,NICA,8,25,500,437.00,"218,500.00"
2019-04-03,2019040301005812,NICA,8,35,200,437.00,"87,400.00"
2019-04-03,2019040301006161,NICL,42,20,150,370.00,"55,500.00"
2019-04-03,2019040301005880,NICL,40,51,100,370.00,"37,000.00"
2019-04-03,2019040301006010,NIL,29,58,400,518.00,"207,200.00"
2019-04-03,2019040301006009,NIL,45,58,200,520.00,"104,000.00"
2019-04-03,2019040301006008,NIL,35,58,300,520.00,"156,000.00"
2019-04-03,2019040301006007,NIL,35,58,100,520.00,"52,000.00"
2019-04-03,2019040301005867,NIL,16,16,700,521.00,"364,700.00"
2019-04-03,2019040301006178,NLBBL,4,21,50,455.00,"22,750.00"
2019-04-03,2019040301005996,NLBBL,32,32,174,451.00,"78,474.00"
2019-04-03,2019040301006019,NLG,36,58,52,800.00,"41,600.00"
2019-04-03,2019040301006018,NLG,6,58,250,801.00,"200,250.00"
2019-04-03,2019040301005857,NLG,43,44,20,804.00,"16,080.00"
2019-04-03,2019040301006134,NLIC,19,19,17,"1,091.00","18,547.00"
2019-04-03,2019040301006116,NLIC,29,45,10,"1,091.00","10,910.00"
2019-04-03,2019040301006115,NLIC,14,45,100,"1,091.00","109,100.00"
2019-04-03,2019040301006114,NLIC,19,45,300,"1,091.00","327,300.00"
2019-04-03,2019040301006113,NLIC,57,45,100,"1,092.00","109,200.00"
2019-04-03,2019040301006112,NLIC,22,45,100,"1,093.00","109,300.00"
2019-04-03,2019040301006005,NLIC,47,7,17,"1,095.00","18,615.00"
2019-04-03,2019040301005885,NLIC,47,33,163,"1,095.00","178,485.00"
2019-04-03,2019040301005884,NLIC,16,33,73,"1,095.00","79,935.00"
2019-04-03,2019040301005881,NLIC,16,7,17,"1,095.00","18,615.00"
2019-04-03,2019040301005859,NLIC,6,44,16,"1,095.00","17,520.00"
2019-04-03,2019040301005846,NLIC,6,11,199,"1,095.00","217,905.00"
2019-04-03,2019040301006111,NLIC,44,45,100,"1,094.00","109,400.00"
2019-04-03,2019040301006110,NLIC,28,45,200,"1,094.00","218,800.00"
2019-04-03,2019040301006109,NLIC,34,45,50,"1,094.00","54,700.00"
2019-04-03,2019040301006108,NLIC,47,45,36,"1,095.00","39,420.00"
2019-04-03,2019040301006106,NLIC,47,7,17,"1,095.00","18,615.00"
2019-04-03,2019040301006057,NLIC,47,45,17,"1,095.00","18,615.00"
2019-04-03,2019040301006189,NMB,35,50,115,337.00,"38,755.00"
2019-04-03,2019040301006117,NMB,35,52,"1,000",337.00,"337,000.00"
2019-04-03,2019040301006058,NMB,35,33,28,337.00,"9,436.00"
2019-04-03,2019040301005983,NMB,35,42,10,337.00,"3,370.00"
2019-04-03,2019040301005847,NMB,22,39,300,338.00,"101,400.00"
2019-04-03,2019040301005833,NMB,35,39,228,337.00,"76,836.00"
2019-04-03,2019040301005832,NMB,45,39,500,337.00,"168,500.00"
2019-04-03,2019040301005831,NMB,19,39,72,337.00,"24,264.00"
2019-04-03,2019040301006188,NSEWA,1,7,10,505.00,"5,050.00"
2019-04-03,2019040301006067,NTC,33,52,10,685.00,"6,850.00"
2019-04-03,2019040301006066,NTC,33,44,140,678.00,"94,920.00"
2019-04-03,2019040301006052,NTC,50,44,200,678.00,"135,600.00"
2019-04-03,2019040301006051,NTC,47,44,100,678.00,"67,800.00"
2019-04-03,2019040301005790,NUBL,6,41,100,750.00,"75,000.00"
2019-04-03,2019040301005952,OHL,28,55,100,437.00,"43,700.00"
2019-04-03,2019040301005718,OHL,28,40,103,437.00,"45,011.00"
2019-04-03,2019040301005717,OHL,34,40,100,437.00,"43,700.00"
2019-04-03,2019040301005716,OHL,28,40,68,438.00,"29,784.00"
2019-04-03,2019040301006132,PCBL,16,42,100,327.00,"32,700.00"
2019-04-03,2019040301006131,PCBL,16,5,41,327.00,"13,407.00"
2019-04-03,2019040301006130,PCBL,16,51,100,327.00,"32,700.00"
2019-04-03,2019040301006129,PCBL,16,38,280,327.00,"91,560.00"
2019-04-03,2019040301006094,PCBL,10,16,11,326.00,"3,586.00"
2019-04-03,2019040301005954,PCBL,10,50,"1,338",326.00,"436,188.00"
2019-04-03,2019040301005910,PCBL,6,43,50,326.00,"16,300.00"
2019-04-03,2019040301005895,PCBL,6,44,50,326.00,"16,300.00"
2019-04-03,2019040301005894,PCBL,6,44,50,326.00,"16,300.00"
2019-04-03,2019040301005840,PCBL,6,39,50,326.00,"16,300.00"
2019-04-03,2019040301005839,PCBL,42,39,443,326.00,"144,418.00"
2019-04-03,2019040301005953,PCBL,10,50,"1,050",326.00,"342,300.00"
2019-04-03,2019040301005934,PCBL,43,38,220,327.00,"71,940.00"
2019-04-03,2019040301005933,PCBL,43,6,"1,000",327.00,"327,000.00"
2019-04-03,2019040301005932,PCBL,43,25,100,327.00,"32,700.00"
2019-04-03,2019040301005931,PCBL,43,52,680,327.00,"222,360.00"
2019-04-03,2019040301005911,PCBL,10,43,"1,950",326.00,"635,700.00"
2019-04-03,2019040301006194,PIC,34,7,11,"1,013.00","11,143.00"
2019-04-03,2019040301006084,PIC,7,53,180,"1,014.00","182,520.00"
2019-04-03,2019040301006078,PIC,35,53,20,"1,014.00","20,280.00"
2019-04-03,2019040301005741,PIC,21,33,50,"1,014.00","50,700.00"
2019-04-03,2019040301005740,PIC,42,33,100,"1,014.00","101,400.00"
2019-04-03,2019040301005739,PIC,6,33,89,"1,015.00","90,335.00"
2019-04-03,2019040301005843,PLIC,39,25,50,451.00,"22,550.00"
2019-04-03,2019040301005743,PLIC,21,37,77,453.00,"34,881.00"
2019-04-03,2019040301005742,PLIC,21,37,169,453.00,"76,557.00"
2019-04-03,2019040301005903,PMHPL,22,34,10,111.00,"1,110.00"
2019-04-03,2019040301005708,PMHPL,13,7,10,109.00,"1,090.00"
2019-04-03,2019040301005982,PRIN,43,25,200,409.00,"81,800.00"
2019-04-03,2019040301005747,PRIN,43,25,780,409.00,"319,020.00"
2019-04-03,2019040301005746,PRIN,56,25,200,410.00,"82,000.00"
2019-04-03,2019040301005745,PRIN,21,25,20,410.00,"8,200.00"
2019-04-03,2019040301006136,PRVU,35,52,100,245.00,"24,500.00"
2019-04-03,2019040301005991,PRVU,43,34,500,245.00,"122,500.00"
2019-04-03,2019040301005990,PRVU,4,34,"1,000",245.00,"245,000.00"
2019-04-03,2019040301005989,PRVU,43,34,500,245.00,"122,500.00"
2019-04-03,2019040301005988,PRVU,26,34,"1,000",245.00,"245,000.00"
2019-04-03,2019040301005987,PRVU,7,34,"1,000",245.00,"245,000.00"
2019-04-03,2019040301005986,PRVU,34,34,104,245.00,"25,480.00"
2019-04-03,2019040301005773,PRVU,34,46,"1,500",245.00,"367,500.00"
2019-04-03,2019040301005879,RBCL,45,22,17,"9,100.00","154,700.00"
2019-04-03,2019040301006158,SADBL,49,8,300,145.00,"43,500.00"
2019-04-03,2019040301005999,SADBL,49,46,50,145.00,"7,250.00"
2019-04-03,2019040301005998,SAEF,47,1,"4,500",9.09,"40,905.00"
2019-04-03,2019040301005940,SANIMA,28,46,20,315.00,"6,300.00"
2019-04-03,2019040301005820,SANIMA,28,58,140,315.00,"44,100.00"
2019-04-03,2019040301005803,SANIMA,28,57,300,315.00,"94,500.00"
2019-04-03,2019040301006162,SBI,26,16,38,400.00,"15,200.00"
2019-04-03,2019040301005744,SBI,40,26,500,400.00,"200,000.00"
2019-04-03,2019040301006201,SBL,35,17,100,303.00,"30,300.00"
2019-04-03,2019040301006200,SBL,36,17,100,303.00,"30,300.00"
2019-04-03,2019040301006199,SBL,54,17,"1,000",303.00,"303,000.00"
2019-04-03,2019040301005849,SBL,54,39,500,303.00,"151,500.00"
2019-04-03,2019040301005792,SBL,13,43,800,304.00,"243,200.00"
2019-04-03,2019040301005770,SBL,13,25,200,304.00,"60,800.00"
2019-04-03,2019040301006138,SCB,26,42,20,579.00,"11,580.00"
2019-04-03,2019040301006137,SCB,38,42,80,580.00,"46,400.00"
2019-04-03,2019040301006082,SCB,38,59,20,580.00,"11,600.00"
2019-04-03,2019040301006047,SCB,4,3,50,581.00,"29,050.00"
2019-04-03,2019040301005703,SDESI,33,34,198,540.00,"106,920.00"
2019-04-03,2019040301006165,SFFIL,52,17,500,215.00,"107,500.00"
2019-04-03,2019040301006159,SHIVM,49,42,50,325.00,"16,250.00"
2019-04-03,2019040301006143,SHIVM,49,42,50,325.00,"16,250.00"
2019-04-03,2019040301006135,SHIVM,49,42,50,325.00,"16,250.00"
2019-04-03,2019040301006120,SHIVM,49,42,50,325.00,"16,250.00"
2019-04-03,2019040301006103,SHIVM,49,42,50,325.00,"16,250.00"
2019-04-03,2019040301006073,SHIVM,49,8,80,325.00,"26,000.00"
2019-04-03,2019040301005992,SHIVM,59,21,50,325.00,"16,250.00"
2019-04-03,2019040301005979,SHIVM,59,21,30,325.00,"9,750.00"
2019-04-03,2019040301005978,SHIVM,43,21,20,325.00,"6,500.00"
2019-04-03,2019040301005973,SHIVM,43,21,50,325.00,"16,250.00"
2019-04-03,2019040301005854,SHIVM,19,49,100,326.00,"32,600.00"
2019-04-03,2019040301006035,SHIVM,59,21,50,325.00,"16,250.00"
2019-04-03,2019040301006030,SHIVM,59,21,50,325.00,"16,250.00"
2019-04-03,2019040301006023,SHIVM,59,21,50,325.00,"16,250.00"
2019-04-03,2019040301006020,SHIVM,59,19,50,325.00,"16,250.00"
2019-04-03,2019040301006013,SHIVM,59,21,50,325.00,"16,250.00"
2019-04-03,2019040301006000,SHIVM,59,21,50,325.00,"16,250.00"
2019-04-03,2019040301006072,SHIVM,26,8,500,325.00,"162,500.00"
2019-04-03,2019040301006071,SHIVM,59,8,420,325.00,"136,500.00"
2019-04-03,2019040301006070,SHIVM,59,21,50,325.00,"16,250.00"
2019-04-03,2019040301006063,SHIVM,59,21,50,325.00,"16,250.00"
2019-04-03,2019040301006053,SHIVM,59,21,50,325.00,"16,250.00"
2019-04-03,2019040301006043,SHIVM,59,21,50,325.00,"16,250.00"
2019-04-03,2019040301006181,SHPC,14,42,100,229.00,"22,900.00"
2019-04-03,2019040301005893,SHPC,14,53,200,229.00,"45,800.00"
2019-04-03,2019040301005819,SINDU,26,29,17,128.00,"2,176.00"
2019-04-03,2019040301005732,SLBBL,14,45,40,495.00,"19,800.00"
2019-04-03,2019040301005733,SLBBL,14,55,60,495.00,"29,700.00"
2019-04-03,2019040301005710,SLBS,19,35,18,850.00,"15,300.00"
2019-04-03,2019040301006074,SLBSL,25,44,10,678.00,"6,780.00"
2019-04-03,2019040301005930,SLBSL,25,40,10,678.00,"6,780.00"
2019-04-03,2019040301005870,SLBSL,25,41,10,678.00,"6,780.00"
2019-04-03,2019040301005736,SLBSL,25,33,10,678.00,"6,780.00"
2019-04-03,2019040301006119,SLICL,51,6,77,527.00,"40,579.00"
2019-04-03,2019040301005920,SLICL,51,44,10,527.00,"5,270.00"
2019-04-03,2019040301005919,SLICL,29,44,10,527.00,"5,270.00"
2019-04-03,2019040301005955,SMATA,52,44,10,"1,203.00","12,030.00"
2019-04-03,2019040301005948,SMB,14,44,10,615.00,"6,150.00"
2019-04-03,2019040301006183,SRBL,45,57,320,229.00,"73,280.00"
2019-04-03,2019040301006182,SRBL,45,1,58,229.00,"13,282.00"
2019-04-03,2019040301005866,SRBL,56,50,128,228.00,"29,184.00"
2019-04-03,2019040301005865,SRBL,16,50,38,228.00,"8,664.00"
2019-04-03,2019040301005899,UMHL,42,7,14,115.00,"1,610.00"
2019-04-03,2019040301006196,UPPER,40,18,50,236.00,"11,800.00"
2019-04-03,2019040301006179,UPPER,40,46,60,236.00,"14,160.00"
2019-04-03,2019040301006121,UPPER,40,7,50,236.00,"11,800.00"
2019-04-03,2019040301006101,UPPER,40,38,40,236.00,"9,440.00"
2019-04-03,2019040301006100,UPPER,40,34,293,236.00,"69,148.00"
2019-04-03,2019040301006090,UPPER,25,18,40,236.00,"9,440.00"
2019-04-03,2019040301005727,UPPER,44,42,50,236.00,"11,800.00"
2019-04-03,2019040301005726,UPPER,44,18,40,236.00,"9,440.00"
2019-04-03,2019040301005709,UPPER,44,18,40,236.00,"9,440.00"
2019-04-03,2019040301005707,UPPER,44,28,500,236.00,"118,000.00"
2019-04-03,2019040301005755,UPPER,44,44,40,236.00,"9,440.00"
2019-04-03,2019040301005754,UPPER,44,18,50,236.00,"11,800.00"
2019-04-03,2019040301005750,UPPER,44,44,40,236.00,"9,440.00"
2019-04-03,2019040301005748,UPPER,44,18,50,236.00,"11,800.00"
2019-04-03,2019040301005735,UPPER,44,18,50,236.00,"11,800.00"
2019-04-03,2019040301005804,UPPER,44,44,40,236.00,"9,440.00"
2019-04-03,2019040301005800,UPPER,44,42,50,236.00,"11,800.00"
2019-04-03,2019040301005789,UPPER,44,18,40,236.00,"9,440.00"
2019-04-03,2019040301005788,UPPER,44,44,40,236.00,"9,440.00"
2019-04-03,2019040301005769,UPPER,44,18,40,236.00,"9,440.00"
2019-04-03,2019040301005768,UPPER,44,44,50,236.00,"11,800.00"
2019-04-03,2019040301005836,UPPER,26,18,40,236.00,"9,440.00"
2019-04-03,2019040301005835,UPPER,26,44,25,236.00,"5,900.00"
2019-04-03,2019040301005834,UPPER,48,44,25,236.00,"5,900.00"
2019-04-03,2019040301005826,UPPER,48,44,50,236.00,"11,800.00"
2019-04-03,2019040301005825,UPPER,48,18,25,236.00,"5,900.00"
2019-04-03,2019040301005824,UPPER,44,18,15,236.00,"3,540.00"
2019-04-03,2019040301005892,UPPER,44,42,50,236.00,"11,800.00"
2019-04-03,2019040301005878,UPPER,44,44,50,236.00,"11,800.00"
2019-04-03,2019040301005877,UPPER,44,42,50,236.00,"11,800.00"
2019-04-03,2019040301005876,UPPER,44,18,50,236.00,"11,800.00"
2019-04-03,2019040301005875,UPPER,44,44,50,236.00,"11,800.00"
2019-04-03,2019040301005842,UPPER,26,44,35,236.00,"8,260.00"
2019-04-03,2019040301005939,UPPER,44,38,40,236.00,"9,440.00"
2019-04-03,2019040301005929,UPPER,44,38,40,236.00,"9,440.00"
2019-04-03,2019040301005928,UPPER,44,44,50,236.00,"11,800.00"
2019-04-03,2019040301005916,UPPER,44,38,50,236.00,"11,800.00"
2019-04-03,2019040301005914,UPPER,44,7,40,236.00,"9,440.00"
2019-04-03,2019040301005958,UPPER,44,38,50,236.00,"11,800.00"
2019-04-03,2019040301005957,UPPER,44,42,40,236.00,"9,440.00"
2019-04-03,2019040301005951,UPPER,44,38,50,236.00,"11,800.00"
2019-04-03,2019040301005949,UPPER,44,42,40,236.00,"9,440.00"
2019-04-03,2019040301005947,UPPER,44,44,50,236.00,"11,800.00"
2019-04-03,2019040301005942,UPPER,44,38,40,236.00,"9,440.00"
2019-04-03,2019040301005969,UPPER,44,42,40,236.00,"9,440.00"
2019-04-03,2019040301005967,UPPER,44,38,40,236.00,"9,440.00"
2019-04-03,2019040301005963,UPPER,44,42,40,236.00,"9,440.00"
2019-04-03,2019040301005962,UPPER,44,38,50,236.00,"11,800.00"
2019-04-03,2019040301005960,UPPER,44,35,40,236.00,"9,440.00"
2019-04-03,2019040301005959,UPPER,44,44,50,236.00,"11,800.00"
2019-04-03,2019040301006006,UPPER,44,16,50,236.00,"11,800.00"
2019-04-03,2019040301005997,UPPER,44,38,40,236.00,"9,440.00"
2019-04-03,2019040301005995,UPPER,44,18,50,236.00,"11,800.00"
2019-04-03,2019040301005985,UPPER,44,16,40,236.00,"9,440.00"
2019-04-03,2019040301005981,UPPER,44,38,40,236.00,"9,440.00"
2019-04-03,2019040301005977,UPPER,44,16,40,236.00,"9,440.00"
2019-04-03,2019040301006027,UPPER,44,38,50,236.00,"11,800.00"
2019-04-03,2019040301006026,UPPER,44,16,50,236.00,"11,800.00"
2019-04-03,2019040301006021,UPPER,44,38,40,236.00,"9,440.00"
2019-04-03,2019040301006016,UPPER,44,7,50,236.00,"11,800.00"
2019-04-03,2019040301006015,UPPER,44,16,50,236.00,"11,800.00"
2019-04-03,2019040301006014,UPPER,44,18,50,236.00,"11,800.00"
2019-04-03,2019040301006042,UPPER,44,48,40,236.00,"9,440.00"
2019-04-03,2019040301006041,UPPER,44,18,50,236.00,"11,800.00"
2019-04-03,2019040301006038,UPPER,44,38,50,236.00,"11,800.00"
2019-04-03,2019040301006037,UPPER,44,25,50,236.00,"11,800.00"
2019-04-03,2019040301006034,UPPER,44,38,50,236.00,"11,800.00"
2019-04-03,2019040301006028,UPPER,44,18,50,236.00,"11,800.00"
2019-04-03,2019040301006056,UPPER,34,25,40,236.00,"9,440.00"
2019-04-03,2019040301006055,UPPER,34,38,20,236.00,"4,720.00"
2019-04-03,2019040301006054,UPPER,44,38,30,236.00,"7,080.00"
2019-04-03,2019040301006050,UPPER,44,18,50,236.00,"11,800.00"
2019-04-03,2019040301006048,UPPER,44,38,40,236.00,"9,440.00"
2019-04-03,2019040301006045,UPPER,44,25,40,236.00,"9,440.00"
2019-04-03,2019040301006089,UPPER,25,38,40,236.00,"9,440.00"
2019-04-03,2019040301006088,UPPER,25,38,40,236.00,"9,440.00"
2019-04-03,2019040301006087,UPPER,25,25,97,236.00,"22,892.00"
2019-04-03,2019040301006086,UPPER,25,18,10,236.00,"2,360.00"
2019-04-03,2019040301006081,UPPER,8,44,50,235.00,"11,750.00"
2019-04-03,2019040301006064,UPPER,34,18,40,236.00,"9,440.00"
2019-04-03,2019040301005897,VLBS,32,44,12,633.00,"7,596.00"
2019-04-03,2019040301005692,ALBSL,20,42,10,479.00,"4,790.00"
2019-04-03,2019040301005691,ALBSL,20,40,10,479.00,"4,790.00"
2019-04-03,2019040301005690,ALBSL,20,40,10,479.00,"4,790.00"
2019-04-03,2019040301005665,ALBSL,26,38,10,478.00,"4,780.00"
2019-04-03,2019040301005656,ALBSL,26,38,10,478.00,"4,780.00"
2019-04-03,2019040301005636,ALBSL,26,38,10,478.00,"4,780.00"
2019-04-03,2019040301005539,ALBSL,6,40,10,479.00,"4,790.00"
2019-04-03,2019040301005533,ALBSL,6,40,10,479.00,"4,790.00"
2019-04-03,2019040301005526,ALBSL,6,40,10,479.00,"4,790.00"
2019-04-03,2019040301005212,ALBSL,6,26,10,479.00,"4,790.00"
2019-04-03,2019040301005209,ALBSL,42,46,10,479.00,"4,790.00"
2019-04-03,2019040301005585,ALBSL,6,38,10,479.00,"4,790.00"
2019-04-03,2019040301005583,ALBSL,6,40,10,479.00,"4,790.00"
2019-04-03,2019040301005576,ALBSL,6,40,10,479.00,"4,790.00"
2019-04-03,2019040301005575,ALBSL,6,44,10,479.00,"4,790.00"
2019-04-03,2019040301005559,ALBSL,6,40,10,479.00,"4,790.00"
2019-04-03,2019040301005544,ALBSL,6,40,10,479.00,"4,790.00"
2019-04-03,2019040301005625,ALBSL,26,38,10,478.00,"4,780.00"
2019-04-03,2019040301005610,ALBSL,6,38,10,479.00,"4,790.00"
2019-04-03,2019040301005600,ALBSL,6,38,10,479.00,"4,790.00"
2019-04-03,2019040301005599,ALBSL,6,40,10,479.00,"4,790.00"
2019-04-03,2019040301005594,ALBSL,6,38,10,479.00,"4,790.00"
2019-04-03,2019040301005589,ALBSL,6,40,10,479.00,"4,790.00"
2019-04-03,2019040301005689,ALICL,17,44,500,391.00,"195,500.00"
2019-04-03,2019040301005676,ALICL,45,34,10,393.00,"3,930.00"
2019-04-03,2019040301005565,ALICL,16,37,46,390.00,"17,940.00"
2019-04-03,2019040301005564,ALICL,48,37,10,390.00,"3,900.00"
2019-04-03,2019040301005563,ALICL,52,37,100,390.00,"39,000.00"
2019-04-03,2019040301005562,ALICL,43,37,22,391.00,"8,602.00"
2019-04-03,2019040301005489,ALICL,43,36,20,391.00,"7,820.00"
2019-04-03,2019040301005420,ALICL,25,44,24,394.00,"9,456.00"
2019-04-03,2019040301005392,API,58,29,18,134.00,"2,412.00"
2019-04-03,2019040301005501,BARUN,26,39,"1,000",98.00,"98,000.00"
2019-04-03,2019040301005500,BARUN,26,19,100,98.00,"9,800.00"
2019-04-03,2019040301005499,BARUN,26,19,50,98.00,"4,900.00"
2019-04-03,2019040301005208,BARUN,17,36,250,97.00,"24,250.00"
2019-04-03,2019040301005641,BHBL,28,41,130,158.00,"20,540.00"
2019-04-03,2019040301005551,BHBL,32,22,700,159.00,"111,300.00"
2019-04-03,2019040301005367,BHBL,28,22,300,159.00,"47,700.00"
2019-04-03,2019040301005229,BHBL,28,26,200,159.00,"31,800.00"
2019-04-03,2019040301005613,BOKL,1,57,50,250.00,"12,500.00"
2019-04-03,2019040301005612,BOKL,49,57,50,250.00,"12,500.00"
2019-04-03,2019040301005611,BOKL,21,57,263,250.00,"65,750.00"
2019-04-03,2019040301005572,BOKL,21,40,137,250.00,"34,250.00"
2019-04-03,2019040301005571,BOKL,26,40,"1,500",250.00,"375,000.00"
2019-04-03,2019040301005570,BOKL,26,40,363,250.00,"90,750.00"
2019-04-03,2019040301005538,BOKL,57,44,100,251.00,"25,100.00"
2019-04-03,2019040301005376,BOKL,37,44,500,251.00,"125,500.00"
2019-04-03,2019040301005375,BOKL,47,44,"1,500",251.00,"376,500.00"
2019-04-03,2019040301005365,BOKL,1,29,40,252.00,"10,080.00"
2019-04-03,2019040301005238,BOKL,47,39,500,251.00,"125,500.00"
2019-04-03,2019040301005245,BPCL,33,14,10,360.00,"3,600.00"
2019-04-03,2019040301005666,CBBL,34,28,25,900.00,"22,500.00"
2019-04-03,2019040301005653,CBL,58,41,29,161.00,"4,669.00"
2019-04-03,2019040301005602,CBL,58,34,52,161.00,"8,372.00"
2019-04-03,2019040301005568,CBL,42,13,92,162.00,"14,904.00"
2019-04-03,2019040301005567,CBL,42,54,408,162.00,"66,096.00"
2019-04-03,2019040301005549,CBL,45,54,92,162.00,"14,904.00"
2019-04-03,2019040301005536,CBL,45,6,98,162.00,"15,876.00"
2019-04-03,2019040301005432,CBL,58,53,50,162.00,"8,100.00"
2019-04-03,2019040301005418,CBL,58,53,"1,000",162.00,"162,000.00"
2019-04-03,2019040301005384,CBL,58,16,100,162.00,"16,200.00"
2019-04-03,2019040301005383,CBL,58,38,35,162.00,"5,670.00"
2019-04-03,2019040301005269,CBL,28,50,"3,000",162.00,"486,000.00"
2019-04-03,2019040301005268,CBL,28,33,658,162.00,"106,596.00"
2019-04-03,2019040301005535,CBL,58,6,402,162.00,"65,124.00"
2019-04-03,2019040301005509,CBL,58,36,598,162.00,"96,876.00"
2019-04-03,2019040301005508,CBL,58,36,"1,000",162.00,"162,000.00"
2019-04-03,2019040301005507,CBL,58,36,332,162.00,"53,784.00"
2019-04-03,2019040301005503,CBL,58,51,48,162.00,"7,776.00"
2019-04-03,2019040301005480,CBL,58,1,182,162.00,"29,484.00"
2019-04-03,2019040301005661,CCBL,33,41,53,169.00,"8,957.00"
2019-04-03,2019040301005514,CCBL,33,36,"2,272",169.00,"383,968.00"
2019-04-03,2019040301005513,CCBL,52,36,100,169.00,"16,900.00"
2019-04-03,2019040301005512,CCBL,16,36,37,169.00,"6,253.00"
2019-04-03,2019040301005687,CFCL,58,39,200,109.00,"21,800.00"
2019-04-03,2019040301005490,CHCL,16,56,16,505.00,"8,080.00"
2019-04-03,2019040301005455,CHCL,33,56,200,505.00,"101,000.00"
2019-04-03,2019040301005322,CHCL,44,41,50,506.00,"25,300.00"
2019-04-03,2019040301005584,CHLBS,56,45,10,509.00,"5,090.00"
2019-04-03,2019040301005498,CHLBS,39,39,10,509.00,"5,090.00"
2019-04-03,2019040301005484,CHLBS,39,39,10,509.00,"5,090.00"
2019-04-03,2019040301005479,CHLBS,39,39,10,509.00,"5,090.00"
2019-04-03,2019040301005471,CHLBS,39,39,10,509.00,"5,090.00"
2019-04-03,2019040301005465,CHLBS,39,39,10,509.00,"5,090.00"
2019-04-03,2019040301005263,CHLBS,8,28,10,508.00,"5,080.00"
2019-04-03,2019040301005381,CIT,16,49,20,"2,615.00","52,300.00"
2019-04-03,2019040301005380,CIT,16,51,29,"2,610.00","75,690.00"
2019-04-03,2019040301005495,CLBSL,25,48,43,580.00,"24,940.00"
2019-04-03,2019040301005591,CZBIL,25,45,147,217.00,"31,899.00"
2019-04-03,2019040301005590,CZBIL,14,45,353,217.00,"76,601.00"
2019-04-03,2019040301005453,CZBIL,14,1,147,217.00,"31,899.00"
2019-04-03,2019040301005452,CZBIL,34,1,10,217.00,"2,170.00"
2019-04-03,2019040301005213,CZBIL,17,39,606,217.00,"131,502.00"
2019-04-03,2019040301005451,CZBIL,1,1,130,217.00,"28,210.00"
2019-04-03,2019040301005331,CZBIL,1,56,70,217.00,"15,190.00"
2019-04-03,2019040301005330,CZBIL,29,56,80,217.00,"17,360.00"
2019-04-03,2019040301005214,CZBIL,29,39,420,217.00,"91,140.00"
2019-04-03,2019040301005264,DBBL,49,45,200,127.00,"25,400.00"
2019-04-03,2019040301005366,EBL,36,36,32,597.00,"19,104.00"
2019-04-03,2019040301005345,EBL,36,36,700,597.00,"417,900.00"
2019-04-03,2019040301005313,EBL,6,16,49,596.00,"29,204.00"
2019-04-03,2019040301005312,EBL,38,16,51,596.00,"30,396.00"
2019-04-03,2019040301005230,EBL,49,49,7,593.00,"4,151.00"
2019-04-03,2019040301005598,EIC,42,49,15,860.00,"12,900.00"
2019-04-03,2019040301005658,FOWAD,34,48,10,"1,530.00","15,300.00"
2019-04-03,2019040301005558,GBBL,26,17,19,192.00,"3,648.00"
2019-04-03,2019040301005348,GBBL,45,4,250,191.00,"47,750.00"
2019-04-03,2019040301005427,GBIME,28,58,200,268.00,"53,600.00"
2019-04-03,2019040301005204,GBIME,39,48,10,267.00,"2,670.00"
2019-04-03,2019040301005608,GBLBS,17,39,100,448.00,"44,800.00"
2019-04-03,2019040301005607,GBLBS,6,39,80,448.00,"35,840.00"
2019-04-03,2019040301005606,GBLBS,25,39,30,448.00,"13,440.00"
2019-04-03,2019040301005605,GBLBS,17,39,120,449.00,"53,880.00"
2019-04-03,2019040301005596,GBLBS,6,58,20,450.00,"9,000.00"
2019-04-03,2019040301005457,GLICL,26,25,150,499.00,"74,850.00"
