Date,Transact. No.,Symbol,Buyer,Seller,Quantity,Rate,Amount
2020-10-18,2020101803006809,ALBSL,25,14,50,800.00,"40,000.00"
2020-10-18,2020101804000016,BOKLPO,14,43,"176,256",140.11,"24,695,228.16"
2020-10-18,2020101803006811,CBBL,53,18,50,"1,107.00","55,350.00"
2020-10-18,2020101804000045,CCBLPO,34,37,"19,322",112.00,"2,164,064.00"
2020-10-18,2020101804000044,CCBLPO,34,37,"38,706",112.00,"4,335,072.00"
2020-10-18,2020101803006962,CIT,41,16,10,"3,531.00","35,310.00"
2020-10-18,2020101803006910,CIT,41,25,100,"3,539.00","353,900.00"
2020-10-18,2020101803006860,CIT,33,50,30,"3,538.00","106,140.00"
2020-10-18,2020101803006859,CIT,33,45,10,"3,538.00","35,380.00"
2020-10-18,2020101803006802,CIT,3,28,15,"3,530.00","52,950.00"
2020-10-18,2020101803006753,CIT,45,56,14,"3,530.00","49,420.00"
2020-10-18,2020101803006752,CIT,45,42,85,"3,529.00","299,965.00"
2020-10-18,2020101803006737,CIT,53,42,15,"3,530.00","52,950.00"
2020-10-18,2020101803006736,CIT,45,42,50,"3,530.00","176,500.00"
2020-10-18,2020101803006730,CIT,10,52,126,"3,537.00","445,662.00"
2020-10-18,2020101803006952,CLBSL,25,34,10,700.00,"7,000.00"
2020-10-18,2020101803006861,CLBSL,13,29,10,691.00,"6,910.00"
2020-10-18,2020101804000087,CMF1,32,45,300,9.55,"2,865.00"
2020-10-18,2020101804000037,CMF1,34,26,100,9.74,974.00
2020-10-18,2020101803006742,CORBL,41,45,50,197.00,"9,850.00"
2020-10-18,2020101803006864,DDBL,49,25,40,847.00,"33,880.00"
2020-10-18,2020101803006729,DDBL,19,25,10,847.00,"8,470.00"
2020-10-18,2020101803006961,FMDBL,57,45,30,561.00,"16,830.00"
2020-10-18,2020101803006879,FMDBL,57,56,60,562.00,"33,720.00"
2020-10-18,2020101803006992,FMDBL,44,45,17,560.00,"9,520.00"
2020-10-18,2020101803006988,FMDBL,6,45,50,561.00,"28,050.00"
2020-10-18,2020101803006797,FOWAD,17,41,49,"1,530.00","74,970.00"
2020-10-18,2020101803006948,GBBL,14,4,200,258.00,"51,600.00"
2020-10-18,2020101803006938,GBBL,4,59,50,259.00,"12,950.00"
2020-10-18,2020101803006937,GBBL,4,49,823,259.00,"213,157.00"
2020-10-18,2020101804000190,GIC,5,34,10,404.00,"4,040.00"
2020-10-18,2020101804000178,GIC,5,6,10,404.00,"4,040.00"
2020-10-18,2020101804000177,GIC,5,6,10,404.00,"4,040.00"
2020-10-18,2020101804000140,GIC,5,52,10,404.00,"4,040.00"
2020-10-18,2020101804000127,GIC,5,6,10,404.00,"4,040.00"
2020-10-18,2020101804000117,GIC,5,34,10,404.00,"4,040.00"
2020-10-18,2020101804000018,GIC,48,34,10,403.00,"4,030.00"
2020-10-18,2020101804000017,GIC,52,3,10,396.00,"3,960.00"
2020-10-18,2020101804000015,GIC,20,8,10,389.00,"3,890.00"
2020-10-18,2020101804000014,GIC,40,1,10,382.00,"3,820.00"
2020-10-18,2020101804000006,GIC,58,58,10,375.00,"3,750.00"
2020-10-18,2020101804000002,GIC,58,37,2,375.00,750.00
2020-10-18,2020101804000071,GIC,5,17,10,404.00,"4,040.00"
2020-10-18,2020101804000067,GIC,5,42,10,404.00,"4,040.00"
2020-10-18,2020101804000042,GIC,5,41,10,404.00,"4,040.00"
2020-10-18,2020101804000040,GIC,5,7,10,404.00,"4,040.00"
2020-10-18,2020101804000038,GIC,5,29,10,404.00,"4,040.00"
2020-10-18,2020101804000023,GIC,5,49,10,404.00,"4,040.00"
2020-10-18,2020101804000111,GIC,5,20,10,404.00,"4,040.00"
2020-10-18,2020101804000108,GIC,5,20,10,404.00,"4,040.00"
2020-10-18,2020101804000101,GIC,5,32,10,404.00,"4,040.00"
2020-10-18,2020101804000097,GIC,5,44,10,404.00,"4,040.00"
2020-10-18,2020101804000083,GIC,5,58,10,404.00,"4,040.00"
2020-10-18,2020101804000080,GIC,5,42,10,404.00,"4,040.00"
2020-10-18,2020101804000091,GIMES1,45,14,"1,500",9.70,"14,550.00"
2020-10-18,2020101804000069,GIMES1,8,45,500,9.71,"4,855.00"
2020-10-18,2020101803006765,GLICL,38,45,200,601.00,"120,200.00"
2020-10-18,2020101803006764,GLICL,1,45,100,601.00,"60,100.00"
2020-10-18,2020101803006919,GMFBS,25,47,10,836.00,"8,360.00"
2020-10-18,2020101803006918,GMFBS,25,6,10,826.00,"8,260.00"
2020-10-18,2020101803006878,GMFBS,25,41,30,825.00,"24,750.00"
2020-10-18,2020101803006877,GMFBS,25,57,50,823.00,"41,150.00"
2020-10-18,2020101803006876,GMFBS,25,28,10,821.00,"8,210.00"
2020-10-18,2020101803006875,GMFBS,25,36,10,821.00,"8,210.00"
2020-10-18,2020101803006801,GMFBS,25,54,10,820.00,"8,200.00"
2020-10-18,2020101803006800,GMFBS,25,11,10,820.00,"8,200.00"
2020-10-18,2020101803006799,GMFBS,25,16,10,820.00,"8,200.00"
2020-10-18,2020101803006798,GMFBS,25,16,10,820.00,"8,200.00"
2020-10-18,2020101803006727,GMFBS,25,44,10,813.00,"8,130.00"
2020-10-18,2020101803006726,GMFBS,25,25,10,813.00,"8,130.00"
2020-10-18,2020101803006928,GMFIL,28,57,100,169.00,"16,900.00"
2020-10-18,2020101803006927,GMFIL,28,57,100,169.00,"16,900.00"
2020-10-18,2020101803006751,GMFIL,28,50,400,169.00,"67,600.00"
2020-10-18,2020101803006750,GMFIL,52,50,100,169.00,"16,900.00"
2020-10-18,2020101803006996,GRDBL,34,55,50,149.00,"7,450.00"
2020-10-18,2020101803006986,GRDBL,34,6,20,147.00,"2,940.00"
2020-10-18,2020101803006985,GRDBL,35,6,150,147.00,"22,050.00"
2020-10-18,2020101803006984,GRDBL,34,6,100,148.00,"14,800.00"
2020-10-18,2020101803006983,GRDBL,33,6,100,148.00,"14,800.00"
2020-10-18,2020101803006939,GRDBL,29,4,500,148.00,"74,000.00"
2020-10-18,2020101804000001,HBLPO,40,43,"815,172",300.00,"244,551,600.00"
2020-10-18,2020101803006873,HIDCL,5,33,10,181.00,"1,810.00"
2020-10-18,2020101803006820,HIDCL,8,45,50,180.00,"9,000.00"
2020-10-18,2020101803006771,HIDCL,8,40,500,180.00,"90,000.00"
2020-10-18,2020101803006770,HIDCL,5,40,500,180.00,"90,000.00"
2020-10-18,2020101803006987,ICFC,50,22,30,280.00,"8,400.00"
2020-10-18,2020101803006973,ICFC,6,6,10,281.00,"2,810.00"
2020-10-18,2020101803006966,ICFC,50,59,100,280.00,"28,000.00"
2020-10-18,2020101803006959,ICFC,50,52,"1,000",280.00,"280,000.00"
2020-10-18,2020101803006953,ICFC,50,40,105,280.00,"29,400.00"
2020-10-18,2020101803006942,ICFC,50,45,100,280.00,"28,000.00"
2020-10-18,2020101803006768,ICFC,47,25,300,280.00,"84,000.00"
2020-10-18,2020101803006754,ICFC,50,19,350,280.00,"98,000.00"
2020-10-18,2020101803006712,ICFC,50,58,"1,650",280.00,"462,000.00"
2020-10-18,2020101803006934,ICFC,50,38,50,280.00,"14,000.00"
2020-10-18,2020101803006932,ICFC,50,22,56,280.00,"15,680.00"
2020-10-18,2020101803006931,ICFC,47,22,124,280.00,"34,720.00"
2020-10-18,2020101803006881,ICFC,47,26,76,280.00,"21,280.00"
2020-10-18,2020101803006831,ICFC,5,6,10,281.00,"2,810.00"
2020-10-18,2020101803006830,ICFC,5,25,50,280.00,"14,000.00"
2020-10-18,2020101803006825,ILBS,28,57,28,810.00,"22,680.00"
2020-10-18,2020101803006991,JBBL,52,49,200,204.00,"40,800.00"
2020-10-18,2020101803006981,JBBL,28,49,500,204.00,"102,000.00"
2020-10-18,2020101803006980,JBBL,52,49,"1,000",204.00,"204,000.00"
2020-10-18,2020101803006979,JBBL,41,49,250,204.00,"51,000.00"
2020-10-18,2020101803006978,JBBL,52,49,50,204.00,"10,200.00"
2020-10-18,2020101803006977,JBBL,58,49,"1,000",204.00,"204,000.00"
2020-10-18,2020101803006872,JBBL,45,42,50,204.00,"10,200.00"
2020-10-18,2020101803006774,JBBL,42,49,70,204.00,"14,280.00"
2020-10-18,2020101803006976,JBBL,52,49,379,204.00,"77,316.00"
2020-10-18,2020101803006956,JBBL,52,49,121,204.00,"24,684.00"
2020-10-18,2020101803006955,JBBL,22,49,50,204.00,"10,200.00"
2020-10-18,2020101803006954,JBBL,28,49,829,204.00,"169,116.00"
2020-10-18,2020101803006949,JBBL,28,52,71,204.00,"14,484.00"
2020-10-18,2020101803006880,JBBL,28,40,100,204.00,"20,400.00"
2020-10-18,2020101803006958,JSLBB,14,48,10,"1,310.00","13,100.00"
2020-10-18,2020101803006999,KMCDB,41,41,30,725.00,"21,750.00"
2020-10-18,2020101803006998,KMCDB,41,48,50,723.00,"36,150.00"
2020-10-18,2020101803006854,KSBBL,34,14,300,217.00,"65,100.00"
2020-10-18,2020101803006807,KSBBL,34,21,230,220.00,"50,600.00"
2020-10-18,2020101803006806,KSBBL,34,25,500,220.00,"110,000.00"
2020-10-18,2020101803006805,KSBBL,34,32,270,218.00,"58,860.00"
2020-10-18,2020101803006804,KSBBL,34,28,"1,000",218.00,"218,000.00"
2020-10-18,2020101803006792,LBBL,17,40,"5,000",212.00,"1,060,000.00"
2020-10-18,2020101803006767,LBBL,54,34,600,211.00,"126,600.00"
2020-10-18,2020101803006734,LBBL,54,1,400,211.00,"84,400.00"
2020-10-18,2020101803006922,LBBL,25,14,50,211.00,"10,550.00"
2020-10-18,2020101803006921,LBBL,48,14,500,211.00,"105,500.00"
2020-10-18,2020101803006917,LBBL,32,34,100,212.00,"21,200.00"
2020-10-18,2020101803006793,LBBL,17,50,100,212.00,"21,200.00"
2020-10-18,2020101804000053,LEMF,34,43,"5,850",9.00,"52,650.00"
2020-10-18,2020101803006941,LLBS,49,16,10,"1,095.00","10,950.00"
2020-10-18,2020101804000173,LUK,51,58,"1,900",9.00,"17,100.00"
2020-10-18,2020101804000172,LUK,51,20,"1,000",9.00,"9,000.00"
2020-10-18,2020101804000171,LUK,51,58,100,9.00,900.00
2020-10-18,2020101804000170,LUK,51,36,"4,500",8.97,"40,365.00"
2020-10-18,2020101804000169,LUK,51,58,100,8.94,894.00
2020-10-18,2020101804000168,LUK,51,52,200,8.93,"1,786.00"
2020-10-18,2020101804000068,LUK,53,54,100,8.76,876.00
2020-10-18,2020101804000043,LUK,42,45,300,8.89,"2,667.00"
2020-10-18,2020101804000020,LUK,53,54,500,8.92,"4,460.00"
2020-10-18,2020101804000013,LUK,42,58,100,9.10,910.00
2020-10-18,2020101804000103,LUK,1,7,200,8.77,"1,754.00"
2020-10-18,2020101804000095,LUK,53,35,"1,000",8.76,"8,760.00"
2020-10-18,2020101804000094,LUK,7,35,100,8.77,877.00
2020-10-18,2020101804000086,LUK,34,58,200,8.80,"1,760.00"
2020-10-18,2020101804000082,LUK,53,35,"1,000",8.76,"8,760.00"
2020-10-18,2020101804000073,LUK,53,35,"1,300",8.76,"11,388.00"
2020-10-18,2020101803006909,MDB,45,43,113,369.00,"41,697.00"
2020-10-18,2020101803006826,MDB,45,28,500,369.00,"184,500.00"
2020-10-18,2020101803006817,MDB,40,43,300,367.00,"110,100.00"
2020-10-18,2020101803006795,MDB,40,13,10,367.00,"3,670.00"
2020-10-18,2020101803006794,MDB,57,13,100,367.00,"36,700.00"
2020-10-18,2020101803006725,MDB,13,43,100,368.00,"36,800.00"
2020-10-18,2020101803006724,MDB,7,43,100,368.00,"36,800.00"
2020-10-18,2020101803006723,MDB,42,43,400,368.00,"147,200.00"
2020-10-18,2020101803006722,MDB,13,43,100,368.00,"36,800.00"
2020-10-18,2020101803006721,MDB,58,43,50,368.00,"18,400.00"
2020-10-18,2020101803006720,MDB,57,43,100,368.00,"36,800.00"
2020-10-18,2020101803006863,MFIL,44,34,543,315.00,"171,045.00"
2020-10-18,2020101803006862,MFIL,26,34,100,315.00,"31,500.00"
2020-10-18,2020101803006837,MFIL,55,25,100,318.00,"31,800.00"
2020-10-18,2020101803006733,MFIL,51,34,100,316.00,"31,600.00"
2020-10-18,2020101803006732,MFIL,58,34,100,316.00,"31,600.00"
2020-10-18,2020101803006731,MFIL,55,34,57,316.00,"18,012.00"
2020-10-18,2020101803006745,MLBBL,42,6,46,739.00,"33,994.00"
2020-10-18,2020101803006995,MLBL,17,45,200,222.00,"44,400.00"
2020-10-18,2020101803006957,MLBL,17,47,101,222.00,"22,422.00"
2020-10-18,2020101803006968,MMFDB,50,26,19,873.00,"16,587.00"
2020-10-18,2020101803007014,MNBBL,48,1,10,352.00,"3,520.00"
2020-10-18,2020101803007009,MNBBL,20,48,62,351.00,"21,762.00"
2020-10-18,2020101803007008,MNBBL,13,48,20,351.00,"7,020.00"
2020-10-18,2020101803007007,MNBBL,21,48,80,351.00,"28,080.00"
2020-10-18,2020101803007006,MNBBL,32,48,200,351.00,"70,200.00"
2020-10-18,2020101803007005,MNBBL,32,48,138,351.00,"48,438.00"
2020-10-18,2020101803006895,MNBBL,13,1,100,352.00,"35,200.00"
2020-10-18,2020101803006865,MNBBL,22,1,50,352.00,"17,600.00"
2020-10-18,2020101803006719,NADEP,45,45,806,652.00,"525,512.00"
2020-10-18,2020101803006718,NADEP,44,45,67,653.00,"43,751.00"
2020-10-18,2020101803006717,NADEP,17,45,19,653.00,"12,407.00"
2020-10-18,2020101803006716,NADEP,5,45,58,654.00,"37,932.00"
2020-10-18,2020101803006715,NADEP,37,45,50,655.00,"32,750.00"
2020-10-18,2020101804000156,NBF2,34,50,"1,500",8.95,"13,425.00"
2020-10-18,2020101804000130,NBF2,34,41,"1,500",8.95,"13,425.00"
2020-10-18,2020101804000128,NBF2,34,41,100,9.00,900.00
2020-10-18,2020101804000116,NBF2,34,58,500,8.95,"4,475.00"
2020-10-18,2020101804000115,NBF2,17,58,500,8.96,"4,480.00"
2020-10-18,2020101804000092,NBF2,34,34,150,8.95,"1,342.50"
2020-10-18,2020101804000039,NBF2,16,42,200,8.85,"1,770.00"
2020-10-18,2020101804000060,NBF2,34,42,"3,200",9.10,"29,120.00"
2020-10-18,2020101804000059,NBF2,34,52,650,9.10,"5,915.00"
2020-10-18,2020101804000049,NBF2,11,51,500,9.00,"4,500.00"
2020-10-18,2020101804000048,NBF2,11,47,200,9.00,"1,800.00"
2020-10-18,2020101804000047,NBF2,11,17,200,8.89,"1,778.00"
2020-10-18,2020101804000166,NEF,11,43,339,8.90,"3,017.10"
2020-10-18,2020101804000158,NEF,11,57,"3,541",8.90,"31,514.90"
2020-10-18,2020101804000154,NEF,34,26,"10,585",8.95,"94,735.75"
2020-10-18,2020101804000148,NEF,34,10,"3,380",8.95,"30,251.00"
2020-10-18,2020101804000145,NEF,34,11,"1,207",8.95,"10,802.65"
2020-10-18,2020101804000137,NEF,34,11,"1,207",8.95,"10,802.65"
2020-10-18,2020101804000022,NEF,42,26,100,9.15,915.00
2020-10-18,2020101804000062,NEF,34,14,"1,207",8.99,"10,850.93"
2020-10-18,2020101804000031,NEF,16,16,966,8.82,"8,520.12"
2020-10-18,2020101804000030,NEF,16,13,"3,414",8.82,"30,111.48"
2020-10-18,2020101804000029,NEF,42,13,"3,000",8.83,"26,490.00"
2020-10-18,2020101804000028,NEF,43,13,500,8.99,"4,495.00"
2020-10-18,2020101804000027,NEF,45,13,"10,000",9.00,"90,000.00"
2020-10-18,2020101804000136,NEF,34,13,"2,414",8.95,"21,605.30"
2020-10-18,2020101804000129,NEF,34,41,100,9.00,900.00
2020-10-18,2020101804000121,NEF,8,1,100,8.97,897.00
2020-10-18,2020101804000118,NEF,14,41,100,9.00,900.00
2020-10-18,2020101804000104,NEF,34,7,724,8.95,"6,479.80"
2020-10-18,2020101804000099,NEF,34,35,483,8.95,"4,322.85"
2020-10-18,2020101803006963,NFS,13,57,50,313.00,"15,650.00"
2020-10-18,2020101803006894,NFS,38,33,300,316.00,"94,800.00"
2020-10-18,2020101803006890,NFS,36,34,40,313.00,"12,520.00"
2020-10-18,2020101803006889,NFS,45,34,200,314.00,"62,800.00"
2020-10-18,2020101803006888,NFS,56,34,50,314.00,"15,700.00"
2020-10-18,2020101803006887,NFS,42,34,100,314.00,"31,400.00"
2020-10-18,2020101803006886,NFS,57,34,50,315.00,"15,750.00"
2020-10-18,2020101803006885,NFS,45,34,10,315.00,"3,150.00"
2020-10-18,2020101803006884,NFS,49,34,50,315.00,"15,750.00"
2020-10-18,2020101804000161,NIBLPF,28,26,"10,000",8.95,"89,500.00"
2020-10-18,2020101804000160,NIBLPF,45,26,"9,798",8.95,"87,692.10"
2020-10-18,2020101804000159,NIBLPF,45,26,"4,483",8.96,"40,167.68"
2020-10-18,2020101804000152,NIBLPF,45,52,"4,254",8.96,"38,115.84"
2020-10-18,2020101804000146,NIBLPF,45,11,"1,263",8.96,"11,316.48"
2020-10-18,2020101804000064,NIBLPF,56,50,"2,525",8.96,"22,624.00"
2020-10-18,2020101804000026,NIBLPF,56,43,"3,440",9.00,"30,960.00"
2020-10-18,2020101804000025,NIBLPF,56,42,505,9.00,"4,545.00"
2020-10-18,2020101804000004,NIBLPF,45,38,202,8.95,"1,807.90"
2020-10-18,2020101804000189,NIBPO,17,49,150,363.00,"54,450.00"
2020-10-18,2020101804000188,NIBPO,17,6,200,362.00,"72,400.00"
2020-10-18,2020101804000090,NIBPO,38,49,294,363.00,"106,722.00"
2020-10-18,2020101804000089,NIBPO,38,44,206,362.00,"74,572.00"
2020-10-18,2020101804000085,NIBPO,4,4,8,355.00,"2,840.00"
2020-10-18,2020101804000186,NIBSF1,49,36,"10,000",9.76,"97,600.00"
2020-10-18,2020101804000185,NIBSF1,28,36,"1,000",9.76,"9,760.00"
2020-10-18,2020101804000184,NIBSF1,25,36,"2,000",9.77,"19,540.00"
2020-10-18,2020101804000003,NIBSF1,57,57,"1,000",9.95,"9,950.00"
2020-10-18,2020101804000133,NICBF,22,41,"1,000",9.00,"9,000.00"
2020-10-18,2020101804000124,NICBF,22,28,200,9.00,"1,800.00"
2020-10-18,2020101804000052,NICBF,34,42,500,9.10,"4,550.00"
2020-10-18,2020101804000051,NICBF,34,42,200,9.00,"1,800.00"
2020-10-18,2020101804000024,NICBF,39,58,800,8.92,"7,136.00"
2020-10-18,2020101804000153,NICGF,38,43,"1,000",9.47,"9,470.00"
2020-10-18,2020101804000131,NICGF,38,53,"1,000",9.42,"9,420.00"
2020-10-18,2020101804000113,NICGF,38,44,100,9.42,942.00
2020-10-18,2020101804000096,NICGF,38,56,"2,500",9.42,"23,550.00"
2020-10-18,2020101804000072,NICGF,48,7,100,9.40,940.00
2020-10-18,2020101803006969,NLBBL,19,33,10,730.00,"7,300.00"
2020-10-18,2020101803006740,NLBBL,20,6,100,722.00,"72,200.00"
2020-10-18,2020101803006739,NLBBL,21,6,50,722.00,"36,100.00"
2020-10-18,2020101803006738,NLBBL,6,6,200,722.00,"144,400.00"
2020-10-18,2020101803007000,NLIC,28,49,13,"1,368.00","17,784.00"
2020-10-18,2020101803006832,NLIC,51,49,10,"1,368.00","13,680.00"
2020-10-18,2020101803006829,NLICL,14,57,75,746.00,"55,950.00"
2020-10-18,2020101803006828,NLICL,14,41,25,746.00,"18,650.00"
2020-10-18,2020101804000181,NMB50,45,13,"10,000",9.02,"90,200.00"
2020-10-18,2020101804000180,NMB50,16,13,"5,000",9.05,"45,250.00"
2020-10-18,2020101804000179,NMB50,6,13,"1,800",9.10,"16,380.00"
2020-10-18,2020101804000125,NMB50,6,28,200,9.10,"1,820.00"
2020-10-18,2020101804000005,NMB50,17,58,100,9.20,920.00
2020-10-18,2020101804000149,NMBHF1,45,10,"3,155",9.18,"28,962.90"
2020-10-18,2020101804000147,NMBHF1,45,11,806,9.18,"7,399.08"
2020-10-18,2020101804000138,NMBHF1,45,11,"1,577",9.18,"14,476.86"
2020-10-18,2020101804000135,NMBHF1,38,25,588,9.30,"5,468.40"
2020-10-18,2020101804000122,NMBHF1,38,14,"4,412",9.30,"41,031.60"
2020-10-18,2020101804000105,NMBHF1,21,41,"1,664",9.20,"15,308.80"
2020-10-18,2020101804000088,NMBHF1,6,50,"1,577",9.17,"14,461.09"
2020-10-18,2020101804000084,NMBHF1,6,58,832,9.17,"7,629.44"
2020-10-18,2020101804000055,NMBHF1,34,17,"5,000",9.34,"46,700.00"
2020-10-18,2020101804000054,NMBHF1,34,13,"1,000",9.34,"9,340.00"
2020-10-18,2020101803006858,NMFBS,22,52,40,"1,499.00","59,960.00"
2020-10-18,2020101803006857,NMFBS,41,52,10,"1,499.00","14,990.00"
2020-10-18,2020101803006714,NMFBS,22,1,33,"1,500.00","49,500.00"
2020-10-18,2020101803006713,NMFBS,36,1,15,"1,500.00","22,500.00"
2020-10-18,2020101803006997,NRIC,36,57,35,850.00,"29,750.00"
2020-10-18,2020101803006972,NRIC,36,49,10,850.00,"8,500.00"
2020-10-18,2020101803006970,NRIC,36,41,75,850.00,"63,750.00"
2020-10-18,2020101803006960,NRIC,36,22,10,850.00,"8,500.00"
2020-10-18,2020101803006943,NRIC,36,38,100,850.00,"85,000.00"
2020-10-18,2020101803006924,NRIC,36,52,100,850.00,"85,000.00"
2020-10-18,2020101803006744,NRIC,45,21,40,850.00,"34,000.00"
2020-10-18,2020101803006778,NRIC,49,21,50,850.00,"42,500.00"
2020-10-18,2020101803006777,NRIC,45,21,299,850.00,"254,150.00"
2020-10-18,2020101803006766,NRIC,32,57,70,851.00,"59,570.00"
2020-10-18,2020101803006762,NRIC,58,57,20,851.00,"17,020.00"
2020-10-18,2020101803006748,NRIC,45,58,40,850.00,"34,000.00"
2020-10-18,2020101803006747,NRIC,45,58,40,850.00,"34,000.00"
2020-10-18,2020101803006784,NRIC,16,21,50,850.00,"42,500.00"
2020-10-18,2020101803006783,NRIC,17,21,50,850.00,"42,500.00"
2020-10-18,2020101803006782,NRIC,35,21,30,850.00,"25,500.00"
2020-10-18,2020101803006781,NRIC,29,21,100,850.00,"85,000.00"
2020-10-18,2020101803006780,NRIC,4,21,200,850.00,"170,000.00"
2020-10-18,2020101803006779,NRIC,1,21,50,850.00,"42,500.00"
2020-10-18,2020101803006790,NRIC,28,21,41,850.00,"34,850.00"
2020-10-18,2020101803006789,NRIC,42,21,10,850.00,"8,500.00"
2020-10-18,2020101803006788,NRIC,28,21,50,850.00,"42,500.00"
2020-10-18,2020101803006787,NRIC,40,21,100,850.00,"85,000.00"
2020-10-18,2020101803006786,NRIC,17,21,60,850.00,"51,000.00"
2020-10-18,2020101803006785,NRIC,16,21,30,850.00,"25,500.00"
2020-10-18,2020101803006900,NRIC,45,57,20,850.00,"17,000.00"
2020-10-18,2020101803006899,NRIC,36,57,200,850.00,"170,000.00"
2020-10-18,2020101803006898,NRIC,57,57,20,850.00,"17,000.00"
2020-10-18,2020101803006897,NRIC,16,57,30,850.00,"25,500.00"
2020-10-18,2020101803006896,NRIC,28,57,659,850.00,"560,150.00"
2020-10-18,2020101803006827,NRIC,28,49,300,850.00,"255,000.00"
2020-10-18,2020101803006906,NRIC,36,57,251,850.00,"213,350.00"
2020-10-18,2020101803006905,NRIC,21,57,350,850.00,"297,500.00"
2020-10-18,2020101803006904,NRIC,11,57,20,850.00,"17,000.00"
2020-10-18,2020101803006903,NRIC,41,57,100,850.00,"85,000.00"
2020-10-18,2020101803006902,NRIC,52,57,30,850.00,"25,500.00"
2020-10-18,2020101803006901,NRIC,16,57,20,850.00,"17,000.00"
2020-10-18,2020101803006994,NRN,32,29,10,346.00,"3,460.00"
2020-10-18,2020101803006965,NRN,32,45,200,346.00,"69,200.00"
2020-10-18,2020101803006944,NRN,32,29,10,346.00,"3,460.00"
2020-10-18,2020101803006923,NUBL,58,34,50,961.00,"48,050.00"
2020-10-18,2020101803006874,PFL,26,1,10,183.00,"1,830.00"
2020-10-18,2020101803007004,PLIC,7,49,"2,417",641.00,"1,549,297.00"
2020-10-18,2020101803007003,PLIC,7,45,10,640.00,"6,400.00"
2020-10-18,2020101803006833,PLIC,20,45,45,638.00,"28,710.00"
2020-10-18,2020101803006982,PROFL,33,3,200,133.00,"26,600.00"
2020-10-18,2020101804000063,RBCLPO,7,17,10,"10,149.00","101,490.00"
2020-10-18,2020101804000050,RBCLPO,32,14,10,"10,149.00","101,490.00"
2020-10-18,2020101804000036,RBCLPO,56,7,40,"9,950.00","398,000.00"
2020-10-18,2020101804000035,RBCLPO,46,7,10,"10,000.00","100,000.00"
2020-10-18,2020101804000034,RBCLPO,32,7,20,"10,005.00","200,100.00"
2020-10-18,2020101804000033,RBCLPO,32,7,20,"10,006.00","200,120.00"
2020-10-18,2020101804000032,RBCLPO,54,17,50,"10,110.00","505,500.00"
2020-10-18,2020101803006964,RLFL,34,48,10,170.00,"1,700.00"
2020-10-18,2020101803006947,RLFL,41,13,400,168.00,"67,200.00"
2020-10-18,2020101803006893,RLFL,34,48,10,170.00,"1,700.00"
2020-10-18,2020101803006892,RLFL,35,48,240,170.00,"40,800.00"
2020-10-18,2020101803006773,RLFL,41,25,70,168.00,"11,760.00"
2020-10-18,2020101803006772,RLFL,5,25,30,168.00,"5,040.00"
2020-10-18,2020101803007012,RLI,29,19,10,593.00,"5,930.00"
2020-10-18,2020101803007011,RLI,29,13,10,593.00,"5,930.00"
2020-10-18,2020101803007010,RLI,29,19,10,593.00,"5,930.00"
2020-10-18,2020101803006989,RLI,25,44,10,592.00,"5,920.00"
2020-10-18,2020101803006945,RLI,25,44,10,592.00,"5,920.00"
2020-10-18,2020101803006933,RLI,25,45,10,592.00,"5,920.00"
2020-10-18,2020101803006707,RLI,43,34,20,592.00,"11,840.00"
2020-10-18,2020101803006735,RLI,22,33,50,593.00,"29,650.00"
2020-10-18,2020101803006728,RLI,1,35,110,592.00,"65,120.00"
2020-10-18,2020101803006711,RLI,1,34,97,592.00,"57,424.00"
2020-10-18,2020101803006710,RLI,58,34,30,592.00,"17,760.00"
2020-10-18,2020101803006709,RLI,51,34,100,592.00,"59,200.00"
2020-10-18,2020101803006708,RLI,52,34,50,592.00,"29,600.00"
2020-10-18,2020101803006776,RLI,1,8,10,592.00,"5,920.00"
2020-10-18,2020101803006775,RLI,1,44,10,592.00,"5,920.00"
2020-10-18,2020101803006769,RLI,1,8,10,592.00,"5,920.00"
2020-10-18,2020101803006763,RLI,1,8,10,592.00,"5,920.00"
2020-10-18,2020101803006761,RLI,1,44,10,592.00,"5,920.00"
2020-10-18,2020101803006746,RLI,1,17,10,592.00,"5,920.00"
2020-10-18,2020101803006838,RLI,11,33,85,592.00,"50,320.00"
2020-10-18,2020101803006824,RLI,11,8,10,592.00,"5,920.00"
2020-10-18,2020101803006818,RLI,11,17,10,592.00,"5,920.00"
2020-10-18,2020101803006808,RLI,1,44,10,592.00,"5,920.00"
2020-10-18,2020101803006796,RLI,1,52,10,592.00,"5,920.00"
2020-10-18,2020101803006791,RLI,1,17,10,592.00,"5,920.00"
2020-10-18,2020101803006844,RLI,57,33,20,592.00,"11,840.00"
2020-10-18,2020101803006843,RLI,19,33,50,592.00,"29,600.00"
2020-10-18,2020101803006842,RLI,5,33,500,592.00,"296,000.00"
2020-10-18,2020101803006841,RLI,37,33,100,592.00,"59,200.00"
2020-10-18,2020101803006840,RLI,26,33,100,592.00,"59,200.00"
2020-10-18,2020101803006839,RLI,42,33,50,592.00,"29,600.00"
2020-10-18,2020101803006850,RLI,51,33,10,592.00,"5,920.00"
2020-10-18,2020101803006849,RLI,52,33,10,592.00,"5,920.00"
2020-10-18,2020101803006848,RLI,47,33,100,592.00,"59,200.00"
2020-10-18,2020101803006847,RLI,52,33,100,592.00,"59,200.00"
2020-10-18,2020101803006846,RLI,32,33,10,592.00,"5,920.00"
2020-10-18,2020101803006845,RLI,43,33,200,592.00,"118,400.00"
2020-10-18,2020101803006908,RLI,43,44,10,592.00,"5,920.00"
2020-10-18,2020101803006883,RLI,43,22,10,592.00,"5,920.00"
2020-10-18,2020101803006882,RLI,43,8,10,592.00,"5,920.00"
2020-10-18,2020101803006871,RLI,43,44,10,592.00,"5,920.00"
2020-10-18,2020101803006856,RLI,52,8,10,592.00,"5,920.00"
2020-10-18,2020101803006855,RLI,52,17,10,592.00,"5,920.00"
2020-10-18,2020101803006916,RLI,25,41,70,592.00,"41,440.00"
2020-10-18,2020101803006915,RLI,57,41,10,592.00,"5,920.00"
2020-10-18,2020101803006914,RLI,35,41,20,592.00,"11,840.00"
2020-10-18,2020101803006913,RLI,49,41,40,592.00,"23,680.00"
2020-10-18,2020101803006912,RLI,35,41,70,592.00,"41,440.00"
2020-10-18,2020101803006911,RLI,43,8,10,592.00,"5,920.00"
2020-10-18,2020101803006810,RMDC,14,43,167,856.00,"142,952.00"
2020-10-18,2020101803006993,RSDC,29,49,405,538.00,"217,890.00"
2020-10-18,2020101803006971,RSDC,22,59,105,537.00,"56,385.00"
2020-10-18,2020101803006853,RSDC,22,32,37,537.00,"19,869.00"
2020-10-18,2020101803006852,RSDC,6,32,17,537.00,"9,129.00"
2020-10-18,2020101803006851,RSDC,13,32,20,537.00,"10,740.00"
2020-10-18,2020101803006950,SABSL,44,42,10,850.00,"8,500.00"
2020-10-18,2020101803006936,SABSL,44,35,11,845.00,"9,295.00"
2020-10-18,2020101803006935,SABSL,44,29,100,838.00,"83,800.00"
2020-10-18,2020101803006920,SABSL,17,29,200,838.00,"167,600.00"
2020-10-18,2020101803006891,SADBL,32,26,40,179.00,"7,160.00"
2020-10-18,2020101803006749,SADBL,54,26,10,179.00,"1,790.00"
2020-10-18,2020101804000192,SAEF,5,36,"3,000",10.42,"31,260.00"
2020-10-18,2020101804000191,SAEF,59,36,"5,000",10.43,"52,150.00"
2020-10-18,2020101804000187,SAEF,59,7,"10,000",10.48,"104,800.00"
2020-10-18,2020101804000176,SAEF,59,7,300,10.44,"3,132.00"
2020-10-18,2020101804000174,SAEF,22,7,300,10.47,"3,141.00"
2020-10-18,2020101804000164,SAEF,34,7,"2,000",10.47,"20,940.00"
2020-10-18,2020101804000010,SAEF,42,7,"5,000",10.60,"53,000.00"
2020-10-18,2020101804000009,SAEF,42,4,500,10.60,"5,300.00"
2020-10-18,2020101804000007,SAEF,42,58,"1,000",10.58,"10,580.00"
2020-10-18,2020101804000056,SAEF,34,58,500,10.48,"5,240.00"
2020-10-18,2020101804000046,SAEF,32,7,"5,000",10.40,"52,000.00"
2020-10-18,2020101804000041,SAEF,34,7,100,10.53,"1,053.00"
2020-10-18,2020101804000019,SAEF,53,39,"1,500",10.55,"15,825.00"
2020-10-18,2020101804000012,SAEF,53,7,"1,500",10.60,"15,900.00"
2020-10-18,2020101804000011,SAEF,42,36,"1,000",10.60,"10,600.00"
2020-10-18,2020101804000109,SAEF,51,51,"1,000",10.43,"10,430.00"
2020-10-18,2020101804000074,SAEF,33,59,500,10.40,"5,200.00"
2020-10-18,2020101804000066,SAEF,32,59,500,10.40,"5,200.00"
2020-10-18,2020101804000065,SAEF,52,59,100,10.40,"1,040.00"
2020-10-18,2020101804000058,SAEF,34,52,"2,800",10.50,"29,400.00"
2020-10-18,2020101804000057,SAEF,34,7,"5,000",10.49,"52,450.00"
2020-10-18,2020101804000155,SAEF,38,7,"3,000",10.47,"31,410.00"
2020-10-18,2020101804000144,SAEF,38,45,"1,000",10.43,"10,430.00"
2020-10-18,2020101804000143,SAEF,38,26,500,10.43,"5,215.00"
2020-10-18,2020101804000142,SAEF,5,26,500,10.42,"5,210.00"
2020-10-18,2020101804000123,SAEF,5,6,"1,500",10.42,"15,630.00"
2020-10-18,2020101804000119,SAEF,51,7,"9,000",10.43,"93,870.00"
2020-10-18,2020101803006803,SAPDBL,51,16,202,160.00,"32,320.00"
2020-10-18,2020101803006951,SDLBSL,52,13,10,810.00,"8,100.00"
2020-10-18,2020101804000182,SEF,28,48,500,9.32,"4,660.00"
2020-10-18,2020101804000175,SEF,48,26,"3,600",9.36,"33,696.00"
2020-10-18,2020101804000150,SEF,48,11,"1,000",9.36,"9,360.00"
2020-10-18,2020101804000141,SEF,48,52,"2,000",9.36,"18,720.00"
2020-10-18,2020101804000139,SEF,48,11,"1,000",9.36,"9,360.00"
2020-10-18,2020101804000132,SEF,48,16,"5,000",9.36,"46,800.00"
2020-10-18,2020101804000100,SEF,43,35,500,9.39,"4,695.00"
2020-10-18,2020101804000077,SEF,56,57,"5,000",9.39,"46,950.00"
2020-10-18,2020101804000076,SEF,56,41,"2,000",9.39,"18,780.00"
2020-10-18,2020101804000075,SEF,56,58,500,9.38,"4,690.00"
2020-10-18,2020101804000120,SEF,48,16,"5,000",9.36,"46,800.00"
2020-10-18,2020101804000112,SEF,48,16,"5,000",9.36,"46,800.00"
2020-10-18,2020101804000110,SEF,48,49,500,9.36,"4,680.00"
2020-10-18,2020101804000107,SEF,48,14,"1,000",9.36,"9,360.00"
2020-10-18,2020101804000106,SEF,48,39,"5,000",9.36,"46,800.00"
2020-10-18,2020101804000102,SEF,48,28,900,9.36,"8,424.00"
2020-10-18,2020101803006836,SFCL,1,50,819,135.00,"110,565.00"
2020-10-18,2020101803006835,SFCL,25,50,100,135.00,"13,500.00"
2020-10-18,2020101803006834,SFCL,53,50,71,135.00,"9,585.00"
2020-10-18,2020101804000183,SFMF,28,22,200,9.30,"1,860.00"
2020-10-18,2020101804000126,SFMF,28,28,200,9.30,"1,860.00"
2020-10-18,2020101804000098,SFMF,28,29,"1,000",9.30,"9,300.00"
2020-10-18,2020101804000081,SFMF,28,13,600,9.30,"5,580.00"
2020-10-18,2020101803006926,SHINE,45,51,50,261.00,"13,050.00"
2020-10-18,2020101803006925,SHINE,45,32,40,261.00,"10,440.00"
2020-10-18,2020101803006907,SHINE,51,32,50,261.00,"13,050.00"
2020-10-18,2020101803006760,SHINE,6,48,86,260.00,"22,360.00"
2020-10-18,2020101803006759,SHINE,32,48,20,260.00,"5,200.00"
2020-10-18,2020101803006758,SHINE,32,48,200,260.00,"52,000.00"
2020-10-18,2020101803006757,SHINE,45,48,500,260.00,"130,000.00"
2020-10-18,2020101803006756,SHINE,10,48,100,260.00,"26,000.00"
2020-10-18,2020101803006755,SHINE,45,48,94,260.00,"24,440.00"
2020-10-18,2020101804000093,SHINEP,33,35,"31,609",177.00,"5,594,793.00"
2020-10-18,2020101803006819,SHL,6,44,100,184.00,"18,400.00"
2020-10-18,2020101803006946,SKBBL,14,41,63,"1,353.00","85,239.00"
2020-10-18,2020101803006940,SKBBL,32,41,67,"1,353.00","90,651.00"
2020-10-18,2020101803006823,SLBBL,13,29,50,832.00,"41,600.00"
2020-10-18,2020101803006822,SLBBL,7,29,100,832.00,"83,200.00"
2020-10-18,2020101803006821,SLBBL,45,29,11,833.00,"9,163.00"
2020-10-18,2020101803007013,SLICL,57,20,200,596.00,"119,200.00"
2020-10-18,2020101803006812,SLICL,53,20,300,596.00,"178,800.00"
2020-10-18,2020101803006867,SLICL,57,20,20,596.00,"11,920.00"
2020-10-18,2020101803006866,SLICL,35,20,250,596.00,"149,000.00"
2020-10-18,2020101803006816,SLICL,35,20,250,596.00,"149,000.00"
2020-10-18,2020101803006815,SLICL,6,20,"1,000",596.00,"596,000.00"
2020-10-18,2020101803006814,SLICL,16,20,200,596.00,"119,200.00"
2020-10-18,2020101803006813,SLICL,4,20,250,596.00,"149,000.00"
2020-10-18,2020101803006967,SLICL,45,20,200,596.00,"119,200.00"
2020-10-18,2020101803006930,SLICL,11,54,40,595.00,"23,800.00"
2020-10-18,2020101803006929,SLICL,14,54,10,595.00,"5,950.00"
2020-10-18,2020101803006870,SLICL,14,20,90,595.00,"53,550.00"
2020-10-18,2020101803006869,SLICL,41,20,200,595.00,"119,000.00"
2020-10-18,2020101803006868,SLICL,58,20,100,595.00,"59,500.00"
2020-10-18,2020101804000134,SRBLD83,26,35,50,"1,040.00","52,000.00"
2020-10-18,2020101804000061,SRBLD83,19,34,40,"1,025.00","41,000.00"
2020-10-18,2020101804000167,STC,26,34,70,"3,500.00","245,000.00"
2020-10-18,2020101804000165,STC,26,3,75,"3,500.00","262,500.00"
2020-10-18,2020101804000163,STC,26,3,125,"3,500.00","437,500.00"
2020-10-18,2020101804000162,STC,26,14,50,"3,500.00","175,000.00"
2020-10-18,2020101804000157,STC,26,40,10,"3,500.00","35,000.00"
2020-10-18,2020101804000151,STC,26,33,10,"3,495.00","34,950.00"
2020-10-18,2020101804000114,STC,26,28,75,"3,450.00","258,750.00"
2020-10-18,2020101804000079,STC,3,34,10,"3,450.00","34,500.00"
2020-10-18,2020101804000078,STC,3,17,90,"3,450.00","310,500.00"
2020-10-18,2020101804000070,STC,56,52,10,"3,445.00","34,450.00"
2020-10-18,2020101804000008,STC,35,17,10,"3,450.00","34,500.00"
2020-10-18,2020101803006974,SWBBL,38,18,32,"1,236.00","39,552.00"
2020-10-18,2020101803006741,SWBBL,37,18,10,"1,235.00","12,350.00"
2020-10-18,2020101803007002,SWBBL,38,18,18,"1,239.00","22,302.00"
2020-10-18,2020101803007001,SWBBL,38,49,30,"1,239.00","37,170.00"
2020-10-18,2020101803006975,SWBBL,38,18,20,"1,238.00","24,760.00"
2020-10-18,2020101803006990,UFL,25,25,500,240.00,"120,000.00"
2020-10-18,2020101804000021,UFLPO,28,17,"58,924",107.00,"6,304,868.00"
2020-10-18,2020101803006621,ALICL,49,57,170,706.00,"120,020.00"
2020-10-18,2020101803006620,ALICL,44,57,370,706.00,"261,220.00"
2020-10-18,2020101803006619,ALICL,57,57,500,707.00,"353,500.00"
2020-10-18,2020101803006618,ALICL,16,57,10,708.00,"7,080.00"
2020-10-18,2020101803006626,BFC,42,40,140,138.00,"19,320.00"
2020-10-18,2020101803006625,BFC,58,40,200,138.00,"27,600.00"
2020-10-18,2020101803006624,BFC,55,40,260,138.00,"35,880.00"
2020-10-18,2020101803006541,BFC,55,34,240,138.00,"33,120.00"
2020-10-18,2020101803006540,BFC,4,34,260,138.00,"35,880.00"
2020-10-18,2020101803006533,BFC,4,48,20,138.00,"2,760.00"
2020-10-18,2020101803006511,BFC,33,1,100,139.00,"13,900.00"
2020-10-18,2020101803006416,BFC,20,1,10,139.00,"1,390.00"
2020-10-18,2020101803006217,BFC,4,25,111,138.00,"15,318.00"
2020-10-18,2020101803006595,CBBL,14,25,50,"1,108.00","55,400.00"
2020-10-18,2020101803006257,CBBL,53,45,11,"1,110.00","12,210.00"
2020-10-18,2020101803006539,CFCL,11,49,100,160.00,"16,000.00"
2020-10-18,2020101803006687,CIT,45,48,50,"3,530.00","176,500.00"
2020-10-18,2020101803006651,CIT,10,52,14,"3,537.00","49,518.00"
2020-10-18,2020101803006617,CIT,10,7,50,"3,530.00","176,500.00"
2020-10-18,2020101803006616,CIT,10,57,36,"3,530.00","127,080.00"
2020-10-18,2020101803006615,CIT,41,57,48,"3,526.00","169,248.00"
2020-10-18,2020101803006613,CIT,45,57,144,"3,530.00","508,320.00"
2020-10-18,2020101803006378,CIT,57,11,10,"3,530.00","35,300.00"
2020-10-18,2020101803006377,CIT,34,11,20,"3,530.00","70,600.00"
2020-10-18,2020101803006236,CIT,34,41,10,"3,530.00","35,300.00"
2020-10-18,2020101803006235,CIT,34,41,25,"3,530.00","88,250.00"
2020-10-18,2020101803006612,CIT,45,57,56,"3,530.00","197,680.00"
2020-10-18,2020101803006587,CIT,26,57,39,"3,530.00","137,670.00"
2020-10-18,2020101803006475,CIT,41,48,13,"3,526.00","45,838.00"
2020-10-18,2020101803006474,CIT,19,48,10,"3,527.00","35,270.00"
2020-10-18,2020101803006436,CIT,53,11,20,"3,527.00","70,540.00"
2020-10-18,2020101803006435,CIT,41,11,100,"3,528.00","352,800.00"
2020-10-18,2020101803006632,CLBSL,34,29,10,694.00,"6,940.00"
2020-10-18,2020101803006213,CORBL,35,43,100,195.00,"19,500.00"
2020-10-18,2020101803006482,DDBL,22,8,45,841.00,"37,845.00"
2020-10-18,2020101803006481,DDBL,42,8,30,841.00,"25,230.00"
2020-10-18,2020101803006480,DDBL,5,8,25,841.00,"21,025.00"
2020-10-18,2020101803006390,DDBL,5,55,35,841.00,"29,435.00"
2020-10-18,2020101803006389,DDBL,43,55,67,841.00,"56,347.00"
2020-10-18,2020101803006305,DDBL,43,39,33,841.00,"27,753.00"
2020-10-18,2020101803006292,DDBL,3,39,50,845.00,"42,250.00"
2020-10-18,2020101803006291,DDBL,49,39,430,845.00,"363,350.00"
2020-10-18,2020101803006272,DDBL,49,14,10,845.00,"8,450.00"
2020-10-18,2020101803006298,DDBL,44,39,20,842.00,"16,840.00"
2020-10-18,2020101803006297,DDBL,53,39,25,843.00,"21,075.00"
2020-10-18,2020101803006296,DDBL,59,39,100,843.00,"84,300.00"
2020-10-18,2020101803006295,DDBL,49,39,500,844.00,"422,000.00"
2020-10-18,2020101803006294,DDBL,34,39,10,844.00,"8,440.00"
2020-10-18,2020101803006293,DDBL,44,39,15,844.00,"12,660.00"
2020-10-18,2020101803006304,DDBL,38,39,60,841.00,"50,460.00"
2020-10-18,2020101803006303,DDBL,1,39,30,842.00,"25,260.00"
2020-10-18,2020101803006302,DDBL,39,39,115,842.00,"96,830.00"
2020-10-18,2020101803006301,DDBL,45,39,15,842.00,"12,630.00"
2020-10-18,2020101803006300,DDBL,1,39,40,842.00,"33,680.00"
2020-10-18,2020101803006299,DDBL,19,39,300,842.00,"252,600.00"
2020-10-18,2020101803006207,EDBL,25,35,10,315.00,"3,150.00"
2020-10-18,2020101803006686,FMDBL,20,56,40,562.00,"22,480.00"
2020-10-18,2020101803006693,FOWAD,29,7,1,"1,526.00","1,526.00"
2020-10-18,2020101803006692,FOWAD,29,37,29,"1,526.00","44,254.00"
2020-10-18,2020101803006572,GBBL,26,17,94,258.00,"24,252.00"
2020-10-18,2020101803006571,GBBL,39,17,200,258.00,"51,600.00"
2020-10-18,2020101803006570,GBBL,58,17,206,258.00,"53,148.00"
2020-10-18,2020101803006555,GBBL,58,17,12,258.00,"3,096.00"
2020-10-18,2020101803006461,GBBL,58,45,82,258.00,"21,156.00"
2020-10-18,2020101803006460,GBBL,49,45,50,258.00,"12,900.00"
2020-10-18,2020101803006459,GBBL,42,45,90,258.00,"23,220.00"
2020-10-18,2020101803006458,GBBL,42,45,430,258.00,"110,940.00"
2020-10-18,2020101803006439,GBBL,42,4,100,258.00,"25,800.00"
2020-10-18,2020101803006285,GBBL,42,49,100,259.00,"25,900.00"
2020-10-18,2020101803006284,GBBL,17,49,577,259.00,"149,443.00"
2020-10-18,2020101803006239,GBBL,17,29,35,259.00,"9,065.00"
2020-10-18,2020101803006631,GBLBS,49,4,10,507.00,"5,070.00"
2020-10-18,2020101803006558,GBLBS,49,51,90,507.00,"45,630.00"
2020-10-18,2020101803006529,GBLBS,41,51,10,507.00,"5,070.00"
2020-10-18,2020101803006316,GBLBS,49,38,500,507.00,"253,500.00"
2020-10-18,2020101803006315,GBLBS,49,50,80,507.00,"40,560.00"
2020-10-18,2020101803006270,GBLBS,44,36,500,506.00,"253,000.00"
2020-10-18,2020101803006220,GBLBS,44,36,465,506.00,"235,290.00"
2020-10-18,2020101803006219,GBLBS,1,36,135,506.00,"68,310.00"
2020-10-18,2020101803006314,GFCL,58,39,500,189.00,"94,500.00"
2020-10-18,2020101803006672,GGBSL,17,54,20,785.00,"15,700.00"
2020-10-18,2020101803006660,GGBSL,35,21,10,776.00,"7,760.00"
2020-10-18,2020101803006524,GGBSL,37,29,10,777.00,"7,770.00"
2020-10-18,2020101803006671,GILB,44,10,11,"1,242.00","13,662.00"
2020-10-18,2020101803006601,GLICL,26,51,95,602.00,"57,190.00"
2020-10-18,2020101803006600,GLICL,26,38,30,602.00,"18,060.00"
2020-10-18,2020101803006525,GLICL,42,38,20,602.00,"12,040.00"
2020-10-18,2020101803006310,GLICL,29,47,35,603.00,"21,105.00"
2020-10-18,2020101803006476,GMFBS,41,29,10,808.00,"8,080.00"
2020-10-18,2020101803006523,GMFIL,26,17,200,169.00,"33,800.00"
2020-10-18,2020101803006522,GMFIL,54,17,500,169.00,"84,500.00"
2020-10-18,2020101803006521,GMFIL,44,17,300,169.00,"50,700.00"
2020-10-18,2020101803006274,GMFIL,26,19,250,170.00,"42,500.00"
2020-10-18,2020101803006273,GMFIL,44,19,240,170.00,"40,800.00"
2020-10-18,2020101803006232,GMFIL,44,49,50,170.00,"8,500.00"
2020-10-18,2020101803006638,GRDBL,45,55,10,149.00,"1,490.00"
2020-10-18,2020101803006665,HIDCL,5,33,20,181.00,"3,620.00"
2020-10-18,2020101803006437,HIDCL,14,18,250,180.00,"45,000.00"
2020-10-18,2020101803006385,HIDCL,14,8,500,180.00,"90,000.00"
2020-10-18,2020101803006372,HIDCL,51,8,500,180.00,"90,000.00"
2020-10-18,2020101803006371,HIDCL,5,8,850,180.00,"153,000.00"
2020-10-18,2020101803006370,HIDCL,33,8,60,180.00,"10,800.00"
2020-10-18,2020101803006369,HIDCL,49,8,710,180.00,"127,800.00"
2020-10-18,2020101803006348,HIDCL,49,45,290,180.00,"52,200.00"
2020-10-18,2020101803006347,HIDCL,6,45,10,180.00,"1,800.00"
2020-10-18,2020101803006227,HIDCL,14,33,"1,693",181.00,"306,433.00"
2020-10-18,2020101803006691,ICFC,50,58,350,280.00,"98,000.00"
2020-10-18,2020101803006628,ICFC,5,6,100,281.00,"28,100.00"
2020-10-18,2020101803006598,ICFC,38,45,50,280.00,"14,000.00"
2020-10-18,2020101803006569,ICFC,50,45,50,280.00,"14,000.00"
2020-10-18,2020101803006567,ICFC,50,13,50,280.00,"14,000.00"
2020-10-18,2020101803006566,ICFC,50,58,"1,900",280.00,"532,000.00"
2020-10-18,2020101803006215,ICFC,56,1,30,280.00,"8,400.00"
2020-10-18,2020101803006210,ICFC,50,22,500,280.00,"140,000.00"
2020-10-18,2020101803006209,ICFC,50,58,500,280.00,"140,000.00"
2020-10-18,2020101803006265,ICFC,57,8,363,280.00,"101,640.00"
2020-10-18,2020101803006264,ICFC,57,58,30,280.00,"8,400.00"
2020-10-18,2020101803006238,ICFC,33,58,"1,970",280.00,"551,600.00"
2020-10-18,2020101803006230,ICFC,33,34,"2,000",280.00,"560,000.00"
2020-10-18,2020101803006218,ICFC,33,34,"1,030",280.00,"288,400.00"
2020-10-18,2020101803006216,ICFC,56,34,970,280.00,"271,600.00"
2020-10-18,2020101803006335,ICFC,34,29,232,279.00,"64,728.00"
2020-10-18,2020101803006312,ICFC,57,29,"1,000",279.00,"279,000.00"
2020-10-18,2020101803006287,ICFC,56,22,"1,000",279.00,"279,000.00"
2020-10-18,2020101803006269,ICFC,42,29,150,279.00,"41,850.00"
2020-10-18,2020101803006267,ICFC,57,58,437,280.00,"122,360.00"
2020-10-18,2020101803006266,ICFC,57,38,200,280.00,"56,000.00"
2020-10-18,2020101803006426,ICFC,50,29,124,280.00,"34,720.00"
2020-10-18,2020101803006425,ICFC,50,34,"2,000",280.00,"560,000.00"
2020-10-18,2020101803006424,ICFC,50,58,563,280.00,"157,640.00"
2020-10-18,2020101803006379,ICFC,34,53,57,279.00,"15,903.00"
2020-10-18,2020101803006368,ICFC,34,40,129,279.00,"35,991.00"
2020-10-18,2020101803006357,ICFC,38,58,"1,000",280.00,"280,000.00"
2020-10-18,2020101803006534,ICFC,5,58,100,280.00,"28,000.00"
2020-10-18,2020101803006510,ICFC,50,41,92,280.00,"25,760.00"
2020-10-18,2020101803006438,ICFC,50,41,88,280.00,"24,640.00"
2020-10-18,2020101803006429,ICFC,50,11,25,280.00,"7,000.00"
2020-10-18,2020101803006428,ICFC,50,34,"2,000",280.00,"560,000.00"
2020-10-18,2020101803006427,ICFC,50,58,200,280.00,"56,000.00"
2020-10-18,2020101803006477,ILBS,52,56,11,804.00,"8,844.00"
2020-10-18,2020101803006338,ILBS,17,6,16,805.00,"12,880.00"
2020-10-18,2020101803006250,ILBS,52,1,15,804.00,"12,060.00"
2020-10-18,2020101803006674,JBBL,38,45,57,205.00,"11,685.00"
2020-10-18,2020101803006583,JBBL,42,56,417,204.00,"85,068.00"
2020-10-18,2020101803006582,JBBL,28,56,463,204.00,"94,452.00"
2020-10-18,2020101803006581,JBBL,28,17,500,204.00,"102,000.00"
2020-10-18,2020101803006559,JBBL,6,45,10,205.00,"2,050.00"
2020-10-18,2020101803006552,JBBL,28,42,200,204.00,"40,800.00"
2020-10-18,2020101803006322,JBBL,57,45,200,205.00,"41,000.00"
2020-10-18,2020101803006321,JBBL,48,45,23,205.00,"4,715.00"
2020-10-18,2020101803006320,JBBL,52,45,205,205.00,"42,025.00"
2020-10-18,2020101803006536,JBBL,28,42,10,204.00,"2,040.00"
2020-10-18,2020101803006506,JBBL,28,42,22,204.00,"4,488.00"
2020-10-18,2020101803006405,JBBL,28,53,305,204.00,"62,220.00"
2020-10-18,2020101803006404,JBBL,41,53,100,204.00,"20,400.00"
2020-10-18,2020101803006403,JBBL,52,53,95,204.00,"19,380.00"
2020-10-18,2020101803006355,JBBL,52,39,300,204.00,"61,200.00"
2020-10-18,2020101803006659,JFL,17,42,50,211.00,"10,550.00"
2020-10-18,2020101803006657,JFL,36,28,765,212.00,"162,180.00"
2020-10-18,2020101803006656,JFL,36,28,"1,000",212.00,"212,000.00"
2020-10-18,2020101803006655,JFL,36,28,235,212.00,"49,820.00"
2020-10-18,2020101803006406,JFL,17,14,15,211.00,"3,165.00"
2020-10-18,2020101803006282,JFL,17,21,299,211.00,"63,089.00"
2020-10-18,2020101803006574,KMCDB,25,48,40,722.00,"28,880.00"
2020-10-18,2020101803006432,KMCDB,25,36,10,722.00,"7,220.00"
2020-10-18,2020101803006413,KMCDB,25,19,10,721.00,"7,210.00"
2020-10-18,2020101803006412,KMCDB,25,52,10,721.00,"7,210.00"
2020-10-18,2020101803006313,KMCDB,25,29,10,717.00,"7,170.00"
2020-10-18,2020101803006468,KRBL,49,49,20,144.00,"2,880.00"
2020-10-18,2020101803006599,KSBBL,34,34,500,217.00,"108,500.00"
2020-10-18,2020101803006557,KSBBL,59,19,500,218.00,"109,000.00"
2020-10-18,2020101803006478,KSBBL,41,50,"2,000",218.00,"436,000.00"
2020-10-18,2020101803006467,KSBBL,57,50,50,218.00,"10,900.00"
2020-10-18,2020101803006466,KSBBL,34,50,"1,000",218.00,"218,000.00"
2020-10-18,2020101803006465,KSBBL,6,50,250,218.00,"54,500.00"
2020-10-18,2020101803006339,KSBBL,34,57,"1,973",219.00,"432,087.00"
2020-10-18,2020101803006464,KSBBL,57,50,100,218.00,"21,800.00"
2020-10-18,2020101803006463,KSBBL,21,50,500,218.00,"109,000.00"
2020-10-18,2020101803006462,KSBBL,34,50,563,218.00,"122,734.00"
2020-10-18,2020101803006350,KSBBL,34,57,"1,437",218.00,"313,266.00"
2020-10-18,2020101803006341,KSBBL,26,57,300,219.00,"65,700.00"
2020-10-18,2020101803006340,KSBBL,40,57,300,219.00,"65,700.00"
2020-10-18,2020101803006663,LBBL,41,1,100,211.00,"21,100.00"
2020-10-18,2020101803006611,LBBL,44,13,200,211.00,"42,200.00"
2020-10-18,2020101803006610,LBBL,44,1,100,211.00,"21,100.00"
2020-10-18,2020101803006286,LBBL,57,3,500,211.00,"105,500.00"
2020-10-18,2020101803006212,LBBL,13,38,146,211.00,"30,806.00"
2020-10-18,2020101803006497,LICN,25,5,12,"1,479.00","17,748.00"
2020-10-18,2020101803006382,LICN,14,50,118,"1,475.00","174,050.00"
2020-10-18,2020101803006381,LICN,14,50,20,"1,475.00","29,500.00"
2020-10-18,2020101803006352,LICN,37,50,10,"1,476.00","14,760.00"
2020-10-18,2020101803006383,LLBS,55,21,30,"1,085.00","32,550.00"
2020-10-18,2020101803006365,LLBS,55,21,69,"1,085.00","74,865.00"
2020-10-18,2020101803006364,LLBS,25,21,10,"1,089.00","10,890.00"
2020-10-18,2020101803006363,LLBS,20,21,100,"1,089.00","108,900.00"
2020-10-18,2020101803006362,LLBS,37,21,50,"1,093.00","54,650.00"
2020-10-18,2020101803006361,LLBS,49,21,100,"1,094.00","109,400.00"
2020-10-18,2020101803006229,LLBS,18,21,100,"1,098.00","109,800.00"
2020-10-18,2020101803006228,LLBS,18,21,70,"1,098.00","76,860.00"
2020-10-18,2020101803006608,MDB,13,10,100,369.00,"36,900.00"
2020-10-18,2020101803006607,MDB,58,10,275,369.00,"101,475.00"
2020-10-18,2020101803006623,MERO,16,45,45,722.00,"32,490.00"
2020-10-18,2020101803006622,MERO,54,45,20,723.00,"14,460.00"
2020-10-18,2020101803006594,MERO,17,29,200,725.00,"145,000.00"
2020-10-18,2020101803006593,MERO,17,19,20,725.00,"14,500.00"
2020-10-18,2020101803006263,MERO,37,25,18,723.00,"13,014.00"
2020-10-18,2020101803006505,MERO,37,52,59,723.00,"42,657.00"
2020-10-18,2020101803006504,MERO,35,52,100,723.00,"72,300.00"
2020-10-18,2020101803006503,MERO,28,52,100,724.00,"72,400.00"
2020-10-18,2020101803006470,MERO,44,29,100,724.00,"72,400.00"
2020-10-18,2020101803006602,MFIL,58,34,100,317.00,"31,700.00"
2020-10-18,2020101803006508,MFIL,47,25,100,317.00,"31,700.00"
2020-10-18,2020101803006446,MFIL,55,37,100,316.00,"31,600.00"
2020-10-18,2020101803006417,MFIL,55,34,200,316.00,"63,200.00"
2020-10-18,2020101803006520,MLBL,4,47,13,223.00,"2,899.00"
2020-10-18,2020101803006519,MLBL,48,47,10,223.00,"2,230.00"
2020-10-18,2020101803006330,MLBL,8,45,258,223.00,"57,534.00"
2020-10-18,2020101803006222,MLBL,8,1,50,223.00,"11,150.00"
2020-10-18,2020101803006518,MLBL,8,47,376,223.00,"83,848.00"
2020-10-18,2020101803006387,MLBL,8,39,180,223.00,"40,140.00"
2020-10-18,2020101803006556,MMFDB,45,8,123,869.00,"106,887.00"
2020-10-18,2020101803006673,MNBBL,41,6,200,352.00,"70,400.00"
2020-10-18,2020101803006606,MNBBL,32,17,62,351.00,"21,762.00"
2020-10-18,2020101803006605,MNBBL,32,17,200,351.00,"70,200.00"
2020-10-18,2020101803006343,MNBBL,34,13,163,352.00,"57,376.00"
2020-10-18,2020101803006604,MNBBL,32,17,200,351.00,"70,200.00"
2020-10-18,2020101803006603,MNBBL,59,17,38,351.00,"13,338.00"
2020-10-18,2020101803006586,MNBBL,44,42,30,352.00,"10,560.00"
2020-10-18,2020101803006585,MNBBL,44,7,100,352.00,"35,200.00"
2020-10-18,2020101803006584,MNBBL,44,49,163,352.00,"57,376.00"
2020-10-18,2020101803006344,MNBBL,34,49,837,352.00,"294,624.00"
2020-10-18,2020101803006401,NFS,35,48,100,314.00,"31,400.00"
2020-10-18,2020101803006324,NFS,40,37,350,315.00,"110,250.00"
2020-10-18,2020101803006690,NLBBL,51,6,10,723.00,"7,230.00"
2020-10-18,2020101803006689,NLBBL,38,6,500,723.00,"361,500.00"
2020-10-18,2020101803006678,NLBBL,34,6,300,724.00,"217,200.00"
2020-10-18,2020101803006669,NLBBL,19,6,55,725.00,"39,875.00"
2020-10-18,2020101803006281,NLBBL,19,42,45,725.00,"32,625.00"
2020-10-18,2020101803006661,NLIC,16,57,22,"1,367.00","30,074.00"
2020-10-18,2020101803006649,NLIC,16,35,67,"1,367.00","91,589.00"
2020-10-18,2020101803006648,NLIC,45,35,26,"1,367.00","35,542.00"
2020-10-18,2020101803006580,NLIC,45,47,24,"1,367.00","32,808.00"
2020-10-18,2020101803006579,NLIC,43,47,55,"1,367.00","75,185.00"
2020-10-18,2020101803006495,NLIC,42,49,20,"1,368.00","27,360.00"
2020-10-18,2020101803006328,NLIC,45,18,10,"1,369.00","13,690.00"
2020-10-18,2020101803006327,NLIC,6,18,55,"1,369.00","75,295.00"
2020-10-18,2020101803006326,NLIC,6,10,174,"1,369.00","238,206.00"
2020-10-18,2020101803006318,NLIC,6,5,54,"1,369.00","73,926.00"
2020-10-18,2020101803006420,NLIC,6,33,50,"1,368.00","68,400.00"
2020-10-18,2020101803006374,NLIC,42,35,100,"1,369.00","136,900.00"
2020-10-18,2020101803006356,NLIC,53,5,24,"1,368.00","32,832.00"
2020-10-18,2020101803006337,NLIC,49,35,22,"1,369.00","30,118.00"
2020-10-18,2020101803006336,NLIC,47,35,20,"1,369.00","27,380.00"
2020-10-18,2020101803006329,NLIC,49,18,10,"1,369.00","13,690.00"
2020-10-18,2020101803006488,NLIC,45,49,15,"1,368.00","20,520.00"
2020-10-18,2020101803006487,NLIC,16,49,200,"1,368.00","273,600.00"
2020-10-18,2020101803006486,NLIC,51,49,10,"1,368.00","13,680.00"
2020-10-18,2020101803006485,NLIC,53,49,93,"1,368.00","127,224.00"
2020-10-18,2020101803006431,NLIC,53,54,18,"1,368.00","24,624.00"
2020-10-18,2020101803006421,NLIC,53,33,150,"1,368.00","205,200.00"
2020-10-18,2020101803006494,NLIC,6,49,100,"1,368.00","136,800.00"
2020-10-18,2020101803006493,NLIC,47,49,10,"1,368.00","13,680.00"
2020-10-18,2020101803006492,NLIC,13,49,100,"1,368.00","136,800.00"
2020-10-18,2020101803006491,NLIC,55,49,37,"1,368.00","50,616.00"
2020-10-18,2020101803006490,NLIC,42,49,28,"1,368.00","38,304.00"
2020-10-18,2020101803006489,NLIC,41,49,100,"1,368.00","136,800.00"
2020-10-18,2020101803006636,NLICL,28,25,100,745.00,"74,500.00"
2020-10-18,2020101803006514,NLICL,54,35,100,745.00,"74,500.00"
2020-10-18,2020101803006433,NLICL,56,16,220,745.00,"163,900.00"
2020-10-18,2020101803006309,NLICL,58,16,10,745.00,"7,450.00"
2020-10-18,2020101803006647,NMBMF,14,49,23,780.00,"17,940.00"
2020-10-18,2020101803006646,NMBMF,35,49,10,780.00,"7,800.00"
2020-10-18,2020101803006645,NMBMF,33,49,15,780.00,"11,700.00"
2020-10-18,2020101803006644,NMBMF,59,49,14,780.00,"10,920.00"
2020-10-18,2020101803006681,NRIC,45,55,81,850.00,"68,850.00"
2020-10-18,2020101803006680,NRIC,29,55,919,850.00,"781,150.00"
2020-10-18,2020101803006662,NRIC,29,49,10,850.00,"8,500.00"
2020-10-18,2020101803006643,NRIC,29,55,171,850.00,"145,350.00"
2020-10-18,2020101803006642,NRIC,14,55,20,850.00,"17,000.00"
2020-10-18,2020101803006641,NRIC,41,55,50,850.00,"42,500.00"
2020-10-18,2020101803006223,NRIC,3,45,100,851.00,"85,100.00"
2020-10-18,2020101803006247,NRIC,52,58,30,851.00,"25,530.00"
2020-10-18,2020101803006242,NRIC,8,58,10,851.00,"8,510.00"
2020-10-18,2020101803006237,NRIC,8,3,40,851.00,"34,040.00"
2020-10-18,2020101803006226,NRIC,59,28,50,850.00,"42,500.00"
2020-10-18,2020101803006225,NRIC,59,28,60,850.00,"51,000.00"
2020-10-18,2020101803006224,NRIC,3,28,390,851.00,"331,890.00"
2020-10-18,2020101803006261,NRIC,59,21,50,850.00,"42,500.00"
2020-10-18,2020101803006259,NRIC,32,57,50,851.00,"42,550.00"
2020-10-18,2020101803006258,NRIC,32,29,50,851.00,"42,550.00"
2020-10-18,2020101803006252,NRIC,3,52,15,851.00,"12,765.00"
2020-10-18,2020101803006251,NRIC,3,6,20,851.00,"17,020.00"
2020-10-18,2020101803006248,NRIC,52,6,20,851.00,"17,020.00"
2020-10-18,2020101803006418,NRIC,58,57,300,851.00,"255,300.00"
2020-10-18,2020101803006393,NRIC,59,58,40,850.00,"34,000.00"
2020-10-18,2020101803006354,NRIC,59,29,40,850.00,"34,000.00"
2020-10-18,2020101803006332,NRIC,59,48,40,850.00,"34,000.00"
2020-10-18,2020101803006311,NRIC,59,34,40,850.00,"34,000.00"
2020-10-18,2020101803006283,NRIC,3,38,5,851.00,"4,255.00"
2020-10-18,2020101803006452,NRIC,39,54,20,850.00,"17,000.00"
2020-10-18,2020101803006451,NRIC,21,54,44,850.00,"37,400.00"
2020-10-18,2020101803006450,NRIC,29,54,"1,000",850.00,"850,000.00"
2020-10-18,2020101803006449,NRIC,33,54,50,850.00,"42,500.00"
2020-10-18,2020101803006448,NRIC,8,54,300,850.00,"255,000.00"
2020-10-18,2020101803006447,NRIC,59,54,240,850.00,"204,000.00"
2020-10-18,2020101803006483,NRIC,42,29,40,850.00,"34,000.00"
2020-10-18,2020101803006472,NRIC,42,35,300,850.00,"255,000.00"
2020-10-18,2020101803006456,NRIC,42,54,276,850.00,"234,600.00"
2020-10-18,2020101803006455,NRIC,13,54,10,850.00,"8,500.00"
2020-10-18,2020101803006454,NRIC,34,54,10,850.00,"8,500.00"
2020-10-18,2020101803006453,NRIC,57,54,50,850.00,"42,500.00"
2020-10-18,2020101803006640,NRIC,42,55,254,850.00,"215,900.00"
2020-10-18,2020101803006576,NRIC,7,57,300,851.00,"255,300.00"
2020-10-18,2020101803006546,NRIC,42,29,40,850.00,"34,000.00"
2020-10-18,2020101803006500,NRIC,7,57,"1,000",851.00,"851,000.00"
2020-10-18,2020101803006496,NRIC,42,37,50,850.00,"42,500.00"
2020-10-18,2020101803006484,NRIC,42,58,40,850.00,"34,000.00"
2020-10-18,2020101803006677,NRN,52,8,50,347.00,"17,350.00"
2020-10-18,2020101803006676,NRN,58,8,50,347.00,"17,350.00"
2020-10-18,2020101803006675,NRN,49,8,100,347.00,"34,700.00"
2020-10-18,2020101803006664,NRN,41,41,10,347.00,"3,470.00"
2020-10-18,2020101803006578,NRN,41,47,10,347.00,"3,470.00"
2020-10-18,2020101803006565,NRN,41,47,10,347.00,"3,470.00"
2020-10-18,2020101803006319,NRN,41,34,10,347.00,"3,470.00"
2020-10-18,2020101803006317,NRN,41,41,10,347.00,"3,470.00"
2020-10-18,2020101803006221,NRN,41,38,10,347.00,"3,470.00"
2020-10-18,2020101803006211,NRN,41,7,10,347.00,"3,470.00"
2020-10-18,2020101803006562,NRN,41,21,10,347.00,"3,470.00"
2020-10-18,2020101803006538,NRN,17,21,10,348.00,"3,480.00"
2020-10-18,2020101803006537,NRN,17,13,10,348.00,"3,480.00"
2020-10-18,2020101803006373,NRN,41,7,10,347.00,"3,470.00"
2020-10-18,2020101803006358,NRN,41,51,10,347.00,"3,470.00"
2020-10-18,2020101803006349,NRN,41,45,10,347.00,"3,470.00"
2020-10-18,2020101803006307,NUBL,13,50,40,960.00,"38,400.00"
2020-10-18,2020101803006306,NUBL,34,50,10,960.00,"9,600.00"
2020-10-18,2020101803006501,OHL,14,34,50,376.00,"18,800.00"
2020-10-18,2020101803006652,PFL,58,41,100,182.00,"18,200.00"
2020-10-18,2020101803006391,PFL,48,10,439,180.00,"79,020.00"
2020-10-18,2020101803006384,PFL,37,10,61,180.00,"10,980.00"
2020-10-18,2020101803006353,PFL,33,41,14,179.00,"2,506.00"
2020-10-18,2020101803006564,PLIC,47,45,17,640.00,"10,880.00"
2020-10-18,2020101803006563,PLIC,47,45,38,640.00,"24,320.00"
2020-10-18,2020101803006407,PLIC,47,11,12,640.00,"7,680.00"
2020-10-18,2020101803006614,RLFL,21,14,"1,000",169.00,"169,000.00"
2020-10-18,2020101803006271,RLFL,48,48,10,170.00,"1,700.00"
2020-10-18,2020101803006706,RLI,41,34,200,592.00,"118,400.00"
2020-10-18,2020101803006705,RLI,58,34,150,592.00,"88,800.00"
2020-10-18,2020101803006704,RLI,47,34,20,592.00,"11,840.00"
2020-10-18,2020101803006703,RLI,50,34,261,592.00,"154,512.00"
2020-10-18,2020101803006702,RLI,11,34,20,592.00,"11,840.00"
2020-10-18,2020101803006701,RLI,11,34,30,592.00,"17,760.00"
2020-10-18,2020101803006249,RLI,19,41,10,592.00,"5,920.00"
2020-10-18,2020101803006246,RLI,19,35,10,592.00,"5,920.00"
2020-10-18,2020101803006244,RLI,19,14,10,592.00,"5,920.00"
2020-10-18,2020101803006243,RLI,19,6,10,592.00,"5,920.00"
2020-10-18,2020101803006278,RLI,14,3,10,593.00,"5,930.00"
2020-10-18,2020101803006277,RLI,14,17,10,593.00,"5,930.00"
2020-10-18,2020101803006276,RLI,14,43,10,593.00,"5,930.00"
2020-10-18,2020101803006275,RLI,14,58,10,593.00,"5,930.00"
2020-10-18,2020101803006268,RLI,19,29,10,592.00,"5,920.00"
2020-10-18,2020101803006262,RLI,19,42,10,592.00,"5,920.00"
2020-10-18,2020101803006325,RLI,43,34,10,592.00,"5,920.00"
2020-10-18,2020101803006323,RLI,43,14,10,592.00,"5,920.00"
2020-10-18,2020101803006308,RLI,42,38,10,592.00,"5,920.00"
2020-10-18,2020101803006288,RLI,19,25,10,592.00,"5,920.00"
2020-10-18,2020101803006280,RLI,19,25,10,592.00,"5,920.00"
2020-10-18,2020101803006279,RLI,14,33,60,593.00,"35,580.00"
2020-10-18,2020101803006367,RLI,43,35,110,592.00,"65,120.00"
2020-10-18,2020101803006366,RLI,3,33,10,593.00,"5,930.00"
2020-10-18,2020101803006359,RLI,43,32,10,592.00,"5,920.00"
2020-10-18,2020101803006351,RLI,43,35,10,592.00,"5,920.00"
2020-10-18,2020101803006346,RLI,43,47,10,592.00,"5,920.00"
2020-10-18,2020101803006345,RLI,43,3,10,592.00,"5,920.00"
2020-10-18,2020101803006414,RLI,35,33,100,593.00,"59,300.00"
2020-10-18,2020101803006409,RLI,43,58,10,592.00,"5,920.00"
2020-10-18,2020101803006408,RLI,43,58,10,592.00,"5,920.00"
2020-10-18,2020101803006398,RLI,43,29,10,592.00,"5,920.00"
2020-10-18,2020101803006386,RLI,43,25,10,592.00,"5,920.00"
2020-10-18,2020101803006375,RLI,43,29,10,592.00,"5,920.00"
2020-10-18,2020101803006479,RLI,43,51,10,592.00,"5,920.00"
2020-10-18,2020101803006471,RLI,43,45,10,592.00,"5,920.00"
2020-10-18,2020101803006469,RLI,43,22,10,592.00,"5,920.00"
2020-10-18,2020101803006457,RLI,43,57,10,592.00,"5,920.00"
2020-10-18,2020101803006444,RLI,55,33,10,593.00,"5,930.00"
2020-10-18,2020101803006434,RLI,17,33,60,593.00,"35,580.00"
2020-10-18,2020101803006513,RLI,47,33,100,593.00,"59,300.00"
2020-10-18,2020101803006509,RLI,55,33,200,593.00,"118,600.00"
2020-10-18,2020101803006507,RLI,43,58,10,592.00,"5,920.00"
2020-10-18,2020101803006502,RLI,43,29,10,592.00,"5,920.00"
2020-10-18,2020101803006499,RLI,43,44,10,592.00,"5,920.00"
2020-10-18,2020101803006498,RLI,43,56,10,592.00,"5,920.00"
2020-10-18,2020101803006561,RLI,55,33,10,593.00,"5,930.00"
2020-10-18,2020101803006547,RLI,43,45,10,592.00,"5,920.00"
2020-10-18,2020101803006535,RLI,43,21,10,592.00,"5,920.00"
2020-10-18,2020101803006532,RLI,43,47,10,592.00,"5,920.00"
2020-10-18,2020101803006517,RLI,58,33,10,593.00,"5,930.00"
2020-10-18,2020101803006515,RLI,43,44,10,592.00,"5,920.00"
2020-10-18,2020101803006654,RLI,43,44,10,592.00,"5,920.00"
2020-10-18,2020101803006639,RLI,43,44,10,592.00,"5,920.00"
2020-10-18,2020101803006627,RLI,43,21,10,592.00,"5,920.00"
2020-10-18,2020101803006596,RLI,16,33,500,593.00,"296,500.00"
2020-10-18,2020101803006573,RLI,43,6,10,592.00,"5,920.00"
2020-10-18,2020101803006568,RLI,43,29,10,592.00,"5,920.00"
2020-10-18,2020101803006694,RLI,43,34,60,592.00,"35,520.00"
2020-10-18,2020101803006688,RLI,43,44,10,592.00,"5,920.00"
2020-10-18,2020101803006683,RLI,43,36,10,592.00,"5,920.00"
2020-10-18,2020101803006682,RLI,43,49,10,592.00,"5,920.00"
2020-10-18,2020101803006670,RLI,43,43,10,592.00,"5,920.00"
2020-10-18,2020101803006658,RLI,43,17,10,592.00,"5,920.00"
2020-10-18,2020101803006700,RLI,11,34,30,592.00,"17,760.00"
2020-10-18,2020101803006699,RLI,34,34,20,592.00,"11,840.00"
2020-10-18,2020101803006698,RLI,42,34,25,592.00,"14,800.00"
2020-10-18,2020101803006697,RLI,17,34,20,592.00,"11,840.00"
2020-10-18,2020101803006696,RLI,58,34,100,592.00,"59,200.00"
2020-10-18,2020101803006695,RLI,25,34,100,592.00,"59,200.00"
2020-10-18,2020101803006685,RMDC,49,45,90,852.00,"76,680.00"
2020-10-18,2020101803006684,RMDC,47,45,10,852.00,"8,520.00"
2020-10-18,2020101803006597,RMDC,14,43,333,856.00,"285,048.00"
2020-10-18,2020101803006637,RSDC,34,59,41,538.00,"22,058.00"
2020-10-18,2020101803006633,RSDC,29,32,20,539.00,"10,780.00"
2020-10-18,2020101803006392,RSDC,34,29,14,538.00,"7,532.00"
2020-10-18,2020101803006245,RSDC,26,32,20,539.00,"10,780.00"
2020-10-18,2020101803006231,RSDC,26,32,30,539.00,"16,170.00"
2020-10-18,2020101803006668,SADBL,38,48,50,178.00,"8,900.00"
2020-10-18,2020101803006667,SADBL,22,48,250,178.00,"44,500.00"
2020-10-18,2020101803006666,SADBL,55,48,700,178.00,"124,600.00"
2020-10-18,2020101803006609,SADBL,54,26,10,179.00,"1,790.00"
2020-10-18,2020101803006592,SADBL,55,34,300,178.00,"53,400.00"
2020-10-18,2020101803006591,SADBL,41,34,100,178.00,"17,800.00"
2020-10-18,2020101803006396,SADBL,26,58,100,179.00,"17,900.00"
2020-10-18,2020101803006395,SADBL,56,58,20,179.00,"3,580.00"
2020-10-18,2020101803006394,SADBL,41,58,82,179.00,"14,678.00"
2020-10-18,2020101803006241,SADBL,32,45,10,180.00,"1,800.00"
2020-10-18,2020101803006240,SADBL,32,58,490,180.00,"88,200.00"
2020-10-18,2020101803006548,SADBL,22,48,150,179.00,"26,850.00"
2020-10-18,2020101803006528,SADBL,22,58,100,179.00,"17,900.00"
2020-10-18,2020101803006527,SADBL,44,58,400,179.00,"71,600.00"
2020-10-18,2020101803006423,SADBL,44,34,600,179.00,"107,400.00"
2020-10-18,2020101803006422,SADBL,17,34,400,179.00,"71,600.00"
2020-10-18,2020101803006397,SADBL,17,58,598,179.00,"107,042.00"
2020-10-18,2020101803006590,SADBL,28,34,300,178.00,"53,400.00"
2020-10-18,2020101803006589,SADBL,34,34,50,178.00,"8,900.00"
2020-10-18,2020101803006588,SADBL,14,34,250,178.00,"44,500.00"
2020-10-18,2020101803006551,SADBL,14,48,250,178.00,"44,500.00"
2020-10-18,2020101803006550,SADBL,38,48,100,179.00,"17,900.00"
2020-10-18,2020101803006549,SADBL,21,48,500,179.00,"89,500.00"
2020-10-18,2020101803006473,SAPDBL,55,16,10,160.00,"1,600.00"
2020-10-18,2020101803006653,SDLBSL,52,49,10,810.00,"8,100.00"
2020-10-18,2020101803006526,SDLBSL,26,58,10,809.00,"8,090.00"
2020-10-18,2020101803006331,SDLBSL,26,34,10,809.00,"8,090.00"
2020-10-18,2020101803006443,SFCL,53,50,929,135.00,"125,415.00"
2020-10-18,2020101803006442,SFCL,56,50,30,136.00,"4,080.00"
2020-10-18,2020101803006441,SFCL,51,50,100,136.00,"13,600.00"
2020-10-18,2020101803006342,SFCL,51,34,100,136.00,"13,600.00"
2020-10-18,2020101803006531,SHINE,45,50,406,260.00,"105,560.00"
2020-10-18,2020101803006530,SHINE,13,50,44,260.00,"11,440.00"
2020-10-18,2020101803006402,SHINE,13,29,121,260.00,"31,460.00"
2020-10-18,2020101803006380,SHINE,57,50,50,261.00,"13,050.00"
2020-10-18,2020101803006260,SHL,47,44,120,184.00,"22,080.00"
2020-10-18,2020101803006635,SIFC,17,39,199,193.00,"38,407.00"
2020-10-18,2020101803006634,SIFC,17,42,200,192.00,"38,400.00"
2020-10-18,2020101803006334,SIFC,45,39,200,191.00,"38,200.00"
2020-10-18,2020101803006333,SIFC,51,39,200,191.00,"38,200.00"
2020-10-18,2020101803006440,SINDU,25,43,100,155.00,"15,500.00"
2020-10-18,2020101803006388,SINDU,22,50,100,155.00,"15,500.00"
2020-10-18,2020101803006234,SINDU,4,50,200,154.00,"30,800.00"
2020-10-18,2020101803006233,SINDU,42,50,100,154.00,"15,400.00"
2020-10-18,2020101803006415,SKBBL,20,36,100,"1,352.00","135,200.00"
2020-10-18,2020101803006376,SKBBL,14,19,137,"1,351.00","185,087.00"
2020-10-18,2020101803006208,SKBBL,36,41,100,"1,353.00","135,300.00"
2020-10-18,2020101803006679,SLBBL,17,47,25,835.00,"20,875.00"
2020-10-18,2020101803006411,SLBBL,45,1,90,833.00,"74,970.00"
2020-10-18,2020101803006410,SLBBL,36,1,10,833.00,"8,330.00"
2020-10-18,2020101803006560,SLBS,45,55,20,914.00,"18,280.00"
2020-10-18,2020101803006554,SLICL,42,6,34,597.00,"20,298.00"
2020-10-18,2020101803006553,SLICL,35,6,340,597.00,"202,980.00"
2020-10-18,2020101803006430,SLICL,56,6,50,598.00,"29,900.00"
2020-10-18,2020101803006400,SLICL,55,20,500,598.00,"299,000.00"
2020-10-18,2020101803006399,SLICL,55,20,500,598.00,"299,000.00"
2020-10-18,2020101803006256,SLICL,35,11,160,597.00,"95,520.00"
2020-10-18,2020101803006255,SLICL,44,11,840,597.00,"501,480.00"
2020-10-18,2020101803006214,SLICL,38,26,150,598.00,"89,700.00"
2020-10-18,2020101803006575,SMB,34,43,10,820.00,"8,200.00"
2020-10-18,2020101803006545,SMB,34,13,11,815.00,"8,965.00"
2020-10-18,2020101803006544,SMB,34,25,76,814.00,"61,864.00"
2020-10-18,2020101803006543,SMB,34,54,11,811.00,"8,921.00"
2020-10-18,2020101803006542,SMB,34,50,11,811.00,"8,921.00"
2020-10-18,2020101803006650,SWBBL,37,5,16,"1,235.00","19,760.00"
2020-10-18,2020101803006577,SWBBL,37,18,100,"1,235.00","123,500.00"
2020-10-18,2020101803006516,SWBBL,47,18,20,"1,236.00","24,720.00"
2020-10-18,2020101803006512,SWBBL,47,25,32,"1,236.00","39,552.00"
2020-10-18,2020101803006445,SWBBL,37,47,52,"1,235.00","64,220.00"
2020-10-18,2020101803006360,SWBBL,37,10,26,"1,235.00","32,110.00"
2020-10-18,2020101803006630,TRH,57,48,60,242.00,"14,520.00"
2020-10-18,2020101803006629,TRH,17,48,140,242.00,"33,880.00"
2020-10-18,2020101803006419,UFL,48,57,180,239.00,"43,020.00"
2020-10-18,2020101803006254,UFL,8,33,70,239.00,"16,730.00"
2020-10-18,2020101803006253,UFL,19,33,200,239.00,"47,800.00"
2020-10-18,2020101803006290,VLBS,55,16,90,903.00,"81,270.00"
2020-10-18,2020101803006289,VLBS,55,14,10,902.00,"9,020.00"
2020-10-18,2020101803006125,ALBSL,25,42,11,800.00,"8,800.00"
2020-10-18,2020101803006058,ALBSL,3,3,1,786.00,786.00
2020-10-18,2020101803006002,ALBSL,3,25,1,784.00,784.00
2020-10-18,2020101803005924,ALBSL,25,57,90,800.00,"72,000.00"
2020-10-18,2020101803005923,ALBSL,13,57,10,801.00,"8,010.00"
2020-10-18,2020101803006149,ALICL,44,50,130,706.00,"91,780.00"
2020-10-18,2020101803006148,ALICL,36,50,200,706.00,"141,200.00"
2020-10-18,2020101803006106,ALICL,57,4,100,707.00,"70,700.00"
2020-10-18,2020101803005915,ALICL,5,50,170,708.00,"120,360.00"
2020-10-18,2020101803005912,ALICL,57,50,500,707.00,"353,500.00"
2020-10-18,2020101803005911,ALICL,57,50,500,707.00,"353,500.00"
2020-10-18,2020101803005818,ALICL,44,58,25,707.00,"17,675.00"
2020-10-18,2020101803005809,ALICL,44,58,25,707.00,"17,675.00"
2020-10-18,2020101803005760,ALICL,44,48,100,707.00,"70,700.00"
2020-10-18,2020101803006158,BFC,4,57,109,138.00,"15,042.00"
2020-10-18,2020101803006157,BFC,19,57,50,138.00,"6,900.00"
2020-10-18,2020101803006156,BFC,49,57,100,138.00,"13,800.00"
2020-10-18,2020101803006155,BFC,16,57,250,138.00,"34,500.00"
2020-10-18,2020101803006154,BFC,19,57,491,138.00,"67,758.00"
2020-10-18,2020101803005816,BFC,32,1,12,139.00,"1,668.00"
2020-10-18,2020101803005838,CBBL,4,4,5,"1,107.00","5,535.00"
2020-10-18,2020101803005984,CFCL,34,41,20,160.00,"3,200.00"
2020-10-18,2020101803005913,CFCL,33,29,30,161.00,"4,830.00"
2020-10-18,2020101803005996,CIT,17,45,85,"3,525.00","299,625.00"
2020-10-18,2020101803005995,CIT,16,45,65,"3,525.00","229,125.00"
2020-10-18,2020101803005954,CIT,16,45,10,"3,525.00","35,250.00"
2020-10-18,2020101803005919,CIT,16,47,25,"3,530.00","88,250.00"
2020-10-18,2020101803005856,CIT,45,47,30,"3,530.00","105,900.00"
2020-10-18,2020101803005826,CIT,56,47,45,"3,530.00","158,850.00"
2020-10-18,2020101803005756,CLBSL,25,32,10,699.00,"6,990.00"
2020-10-18,2020101803006049,DDBL,49,34,60,845.00,"50,700.00"
2020-10-18,2020101803006043,DDBL,58,34,20,845.00,"16,900.00"
2020-10-18,2020101803006042,DDBL,21,34,100,845.00,"84,500.00"
2020-10-18,2020101803006041,DDBL,51,34,30,845.00,"25,350.00"
2020-10-18,2020101803006040,DDBL,4,34,60,846.00,"50,760.00"
2020-10-18,2020101803006039,DDBL,45,34,30,846.00,"25,380.00"
2020-10-18,2020101803005926,DDBL,51,16,30,846.00,"25,380.00"
2020-10-18,2020101803005709,EDBL,7,55,13,310.00,"4,030.00"
2020-10-18,2020101803005708,EDBL,7,55,160,310.00,"49,600.00"
2020-10-18,2020101803006165,FMDBL,38,49,763,558.00,"425,754.00"
2020-10-18,2020101803006164,FMDBL,49,49,200,559.00,"111,800.00"
2020-10-18,2020101803006163,FMDBL,13,49,12,559.00,"6,708.00"
2020-10-18,2020101803006108,FMDBL,13,16,18,559.00,"10,062.00"
2020-10-18,2020101803006107,FMDBL,33,16,83,559.00,"46,397.00"
2020-10-18,2020101803006079,FMDBL,25,16,29,560.00,"16,240.00"
2020-10-18,2020101803006061,FMDBL,25,5,71,560.00,"39,760.00"
2020-10-18,2020101803006060,FMDBL,52,5,29,560.00,"16,240.00"
2020-10-18,2020101803006004,FMDBL,14,45,100,561.00,"56,100.00"
2020-10-18,2020101803005767,FMDBL,13,28,80,561.00,"44,880.00"
2020-10-18,2020101803005723,FMDBL,38,28,20,561.00,"11,220.00"
2020-10-18,2020101803005983,FOWAD,37,37,20,"1,526.00","30,520.00"
2020-10-18,2020101803006183,GBBL,29,49,40,260.00,"10,400.00"
2020-10-18,2020101803005918,GBBL,17,50,227,259.00,"58,793.00"
2020-10-18,2020101803005885,GBBL,14,49,20,260.00,"5,200.00"
2020-10-18,2020101803005790,GBBL,17,26,200,259.00,"51,800.00"
2020-10-18,2020101803005783,GBBL,17,5,501,259.00,"129,759.00"
2020-10-18,2020101803005782,GBBL,17,49,460,259.00,"119,140.00"
2020-10-18,2020101803006088,GBLBS,49,34,115,507.00,"58,305.00"
2020-10-18,2020101803006028,GBLBS,6,34,185,507.00,"93,795.00"
2020-10-18,2020101803005956,GBLBS,6,51,15,507.00,"7,605.00"
2020-10-18,2020101803005832,GBLBS,14,25,15,508.00,"7,620.00"
2020-10-18,2020101803005831,GBLBS,14,54,15,508.00,"7,620.00"
2020-10-18,2020101803005830,GBLBS,14,38,20,508.00,"10,160.00"
2020-10-18,2020101803005930,GFCL,34,49,250,188.00,"47,000.00"
2020-10-18,2020101803005813,GGBSL,37,46,10,780.00,"7,800.00"
2020-10-18,2020101803006027,GLBSL,43,4,10,701.00,"7,010.00"
2020-10-18,2020101803006003,GLBSL,43,4,30,701.00,"21,030.00"
2020-10-18,2020101803005774,GLBSL,14,34,300,701.00,"210,300.00"
2020-10-18,2020101803005771,GLBSL,43,34,30,701.00,"21,030.00"
2020-10-18,2020101803005754,GLBSL,43,34,30,701.00,"21,030.00"
2020-10-18,2020101803006186,GLICL,26,45,100,600.00,"60,000.00"
2020-10-18,2020101803006131,GLICL,3,58,25,602.00,"15,050.00"
2020-10-18,2020101803006130,GLICL,3,21,500,602.00,"301,000.00"
2020-10-18,2020101803006129,GLICL,3,48,430,602.00,"258,860.00"
2020-10-18,2020101803006128,GLICL,3,10,50,601.00,"30,050.00"
2020-10-18,2020101803005872,GLICL,13,32,20,601.00,"12,020.00"
2020-10-18,2020101803005871,GLICL,13,10,50,601.00,"30,050.00"
2020-10-18,2020101803005925,GMFBS,43,46,10,807.00,"8,070.00"
2020-10-18,2020101803005717,GRDBL,50,7,75,147.00,"11,025.00"
2020-10-18,2020101803005716,GRDBL,43,7,200,147.00,"29,400.00"
2020-10-18,2020101803005715,GRDBL,32,7,50,147.00,"7,350.00"
2020-10-18,2020101803006168,HIDCL,14,39,200,181.00,"36,200.00"
2020-10-18,2020101803006137,HIDCL,5,19,50,182.00,"9,100.00"
2020-10-18,2020101803006072,HIDCL,14,35,107,181.00,"19,367.00"
2020-10-18,2020101803006070,HIDCL,5,14,100,181.00,"18,100.00"
2020-10-18,2020101803006001,HIDCL,44,35,143,181.00,"25,883.00"
2020-10-18,2020101803005978,HIDCL,44,55,95,181.00,"17,195.00"
2020-10-18,2020101803005847,HIDCL,5,6,"1,000",180.00,"180,000.00"
2020-10-18,2020101803005846,HIDCL,11,6,328,180.00,"59,040.00"
2020-10-18,2020101803005835,HIDCL,11,34,172,180.00,"30,960.00"
2020-10-18,2020101803005812,HIDCL,6,49,10,181.00,"1,810.00"
2020-10-18,2020101803005977,HIDCL,44,5,83,181.00,"15,023.00"
2020-10-18,2020101803005976,HIDCL,44,49,679,181.00,"122,899.00"
2020-10-18,2020101803005931,HIDCL,51,45,31,180.00,"5,580.00"
2020-10-18,2020101803005905,HIDCL,41,49,100,181.00,"18,100.00"
2020-10-18,2020101803005876,HIDCL,26,49,"1,000",181.00,"181,000.00"
2020-10-18,2020101803005848,HIDCL,51,6,172,180.00,"30,960.00"
2020-10-18,2020101803006200,ICFC,50,34,"2,000",280.00,"560,000.00"
2020-10-18,2020101803006199,ICFC,50,58,"2,000",280.00,"560,000.00"
2020-10-18,2020101803006177,ICFC,42,22,450,279.00,"125,550.00"
2020-10-18,2020101803006171,ICFC,47,22,20,278.00,"5,560.00"
2020-10-18,2020101803006138,ICFC,50,11,150,278.00,"41,700.00"
2020-10-18,2020101803006117,ICFC,50,8,"1,196",278.00,"332,488.00"
2020-10-18,2020101803005775,ICFC,56,34,"2,000",280.00,"560,000.00"
2020-10-18,2020101803005734,ICFC,32,29,76,281.00,"21,356.00"
2020-10-18,2020101803005733,ICFC,32,22,500,280.00,"140,000.00"
2020-10-18,2020101803005732,ICFC,32,29,100,280.00,"28,000.00"
2020-10-18,2020101803005731,ICFC,32,58,"1,324",280.00,"370,720.00"
2020-10-18,2020101803005718,ICFC,56,29,"1,000",279.00,"279,000.00"
2020-10-18,2020101803005933,ICFC,20,58,300,279.00,"83,700.00"
2020-10-18,2020101803005891,ICFC,50,34,"2,000",280.00,"560,000.00"
2020-10-18,2020101803005890,ICFC,50,58,"1,480",280.00,"414,400.00"
2020-10-18,2020101803005864,ICFC,10,58,20,280.00,"5,600.00"
2020-10-18,2020101803005861,ICFC,4,43,480,279.00,"133,920.00"
2020-10-18,2020101803005843,ICFC,4,39,20,279.00,"5,580.00"
2020-10-18,2020101803006116,ICFC,16,8,20,278.00,"5,560.00"
2020-10-18,2020101803006067,ICFC,3,22,50,279.00,"13,950.00"
2020-10-18,2020101803006046,ICFC,3,42,400,279.00,"111,600.00"
2020-10-18,2020101803005982,ICFC,3,1,50,279.00,"13,950.00"
2020-10-18,2020101803005949,ICFC,45,34,300,279.00,"83,700.00"
2020-10-18,2020101803005948,ICFC,20,34,700,279.00,"195,300.00"
2020-10-18,2020101803006121,ILBS,52,59,11,804.00,"8,844.00"
2020-10-18,2020101803006091,ILBS,52,45,24,804.00,"19,296.00"
2020-10-18,2020101803006090,ILBS,43,45,39,804.00,"31,356.00"
2020-10-18,2020101803005886,ILBS,43,20,11,804.00,"8,844.00"
2020-10-18,2020101803006185,JBBL,52,19,50,205.00,"10,250.00"
2020-10-18,2020101803006184,JBBL,52,10,871,205.00,"178,555.00"
2020-10-18,2020101803006153,JBBL,36,10,129,205.00,"26,445.00"
2020-10-18,2020101803006152,JBBL,36,58,361,205.00,"74,005.00"
2020-10-18,2020101803006151,JBBL,36,17,10,205.00,"2,050.00"
2020-10-18,2020101803006112,JBBL,57,17,90,205.00,"18,450.00"
2020-10-18,2020101803005889,JBBL,55,28,46,205.00,"9,430.00"
2020-10-18,2020101803005888,JBBL,33,28,954,205.00,"195,570.00"
2020-10-18,2020101803005772,JBBL,33,46,46,205.00,"9,430.00"
2020-10-18,2020101803005928,JBBL,22,28,300,205.00,"61,500.00"
2020-10-18,2020101803005910,JBBL,22,47,50,205.00,"10,250.00"
2020-10-18,2020101803005909,JBBL,22,10,297,205.00,"60,885.00"
2020-10-18,2020101803005908,JBBL,57,10,50,205.00,"10,250.00"
2020-10-18,2020101803005907,JBBL,1,10,200,205.00,"41,000.00"
2020-10-18,2020101803005906,JBBL,55,10,454,205.00,"93,070.00"
2020-10-18,2020101803006010,JBBL,53,21,18,204.00,"3,672.00"
2020-10-18,2020101803005993,JBBL,28,45,67,205.00,"13,735.00"
2020-10-18,2020101803005960,JBBL,28,45,353,205.00,"72,365.00"
2020-10-18,2020101803005959,JBBL,28,45,200,205.00,"41,000.00"
2020-10-18,2020101803005940,JBBL,28,52,147,205.00,"30,135.00"
2020-10-18,2020101803005934,JBBL,22,52,"1,853",205.00,"379,865.00"
2020-10-18,2020101803006111,JBBL,57,26,10,205.00,"2,050.00"
2020-10-18,2020101803006104,JBBL,52,26,200,205.00,"41,000.00"
2020-10-18,2020101803006082,JBBL,52,34,427,204.00,"87,108.00"
2020-10-18,2020101803006081,JBBL,41,34,20,204.00,"4,080.00"
2020-10-18,2020101803006080,JBBL,42,34,818,204.00,"166,872.00"
2020-10-18,2020101803006011,JBBL,42,21,182,204.00,"37,128.00"
2020-10-18,2020101803006206,JFL,17,38,"1,100",211.00,"232,100.00"
2020-10-18,2020101803006178,JFL,55,28,165,212.00,"34,980.00"
2020-10-18,2020101803005810,JFL,17,28,400,212.00,"84,800.00"
2020-10-18,2020101803005738,JFL,55,28,"2,500",212.00,"530,000.00"
2020-10-18,2020101803006193,KMCDB,25,35,660,717.00,"473,220.00"
2020-10-18,2020101803006192,KMCDB,14,35,40,718.00,"28,720.00"
2020-10-18,2020101803006132,KMCDB,11,41,10,720.00,"7,200.00"
2020-10-18,2020101803006087,KMCDB,11,39,10,720.00,"7,200.00"
2020-10-18,2020101803005808,KRBL,59,55,100,142.00,"14,200.00"
2020-10-18,2020101803005764,KRBL,1,55,100,143.00,"14,300.00"
2020-10-18,2020101803005763,KRBL,10,55,68,143.00,"9,724.00"
2020-10-18,2020101803006119,KSBBL,45,51,80,220.00,"17,600.00"
2020-10-18,2020101803006118,KSBBL,45,50,950,220.00,"209,000.00"
2020-10-18,2020101803006022,KSBBL,45,50,50,220.00,"11,000.00"
2020-10-18,2020101803005957,KSBBL,41,13,"1,000",220.00,"220,000.00"
2020-10-18,2020101803005914,KSBBL,34,34,"1,000",220.00,"220,000.00"
2020-10-18,2020101803005755,KSBBL,57,34,500,220.00,"110,000.00"
2020-10-18,2020101803005736,KSBBL,34,26,27,219.00,"5,913.00"
2020-10-18,2020101803005735,KSBBL,32,26,79,219.00,"17,301.00"
2020-10-18,2020101803006203,LBBL,17,38,254,211.00,"53,594.00"
2020-10-18,2020101803006173,LBBL,36,34,400,212.00,"84,800.00"
2020-10-18,2020101803006172,LBBL,36,10,100,212.00,"21,200.00"
2020-10-18,2020101803006170,LBBL,17,34,"1,000",211.00,"211,000.00"
2020-10-18,2020101803005986,LBBL,38,29,38,211.00,"8,018.00"
2020-10-18,2020101803005985,LBBL,5,29,100,211.00,"21,100.00"
2020-10-18,2020101803006166,LBBL,17,59,150,211.00,"31,650.00"
2020-10-18,2020101803006123,LBBL,17,19,596,211.00,"125,756.00"
2020-10-18,2020101803006122,LBBL,38,19,40,211.00,"8,440.00"
2020-10-18,2020101803005973,LICN,14,5,10,"1,479.00","14,790.00"
2020-10-18,2020101803005796,LICN,56,54,131,"1,474.00","193,094.00"
2020-10-18,2020101803005920,LLBS,18,55,30,"1,098.00","32,940.00"
2020-10-18,2020101803005958,MERO,10,10,1,709.00,709.00
2020-10-18,2020101803005713,MERO,14,50,50,723.00,"36,150.00"
2020-10-18,2020101803005712,MERO,38,50,10,724.00,"7,240.00"
2020-10-18,2020101803005711,MERO,39,50,10,724.00,"7,240.00"
2020-10-18,2020101803005710,MERO,34,50,93,724.00,"67,332.00"
2020-10-18,2020101803005870,MERO,37,45,23,723.00,"16,629.00"
2020-10-18,2020101803005869,MERO,3,45,13,723.00,"9,399.00"
2020-10-18,2020101803005828,MERO,3,50,87,723.00,"62,901.00"
2020-10-18,2020101803005714,MERO,51,50,250,723.00,"180,750.00"
2020-10-18,2020101803005837,MFIL,55,38,180,316.00,"56,880.00"
2020-10-18,2020101803006202,MLBL,8,59,200,223.00,"44,600.00"
2020-10-18,2020101803006161,MLBL,8,42,46,223.00,"10,258.00"
2020-10-18,2020101803005967,MLBL,8,43,500,223.00,"111,500.00"
2020-10-18,2020101803005966,MLBL,8,21,430,223.00,"95,890.00"
2020-10-18,2020101803005965,MLBL,8,38,460,223.00,"102,580.00"
2020-10-18,2020101803005929,MLBL,6,38,10,223.00,"2,230.00"
2020-10-18,2020101803005820,MLBL,17,8,498,222.00,"110,556.00"
2020-10-18,2020101803006071,MMFDB,50,26,11,873.00,"9,603.00"
2020-10-18,2020101803005903,MMFDB,38,5,156,868.00,"135,408.00"
2020-10-18,2020101803005893,MMFDB,38,39,56,868.00,"48,608.00"
2020-10-18,2020101803006191,MNBBL,33,57,464,352.00,"163,328.00"
2020-10-18,2020101803006190,MNBBL,33,42,150,352.00,"52,800.00"
2020-10-18,2020101803005770,MNBBL,4,4,2,352.00,704.00
2020-10-18,2020101803005759,MNBBL,33,49,273,352.00,"96,096.00"
2020-10-18,2020101803005757,MNBBL,49,49,"14,000",350.00,"4,900,000.00"
2020-10-18,2020101803005963,MNBBL,34,10,300,352.00,"105,600.00"
2020-10-18,2020101803005962,MNBBL,34,49,252,352.00,"88,704.00"
2020-10-18,2020101803005927,MNBBL,14,49,10,352.00,"3,520.00"
2020-10-18,2020101803005894,MNBBL,22,49,20,352.00,"7,040.00"
2020-10-18,2020101803005821,MNBBL,26,49,40,352.00,"14,080.00"
2020-10-18,2020101803005805,MNBBL,38,49,20,352.00,"7,040.00"
2020-10-18,2020101803006052,MNBBL,32,45,186,351.00,"65,286.00"
2020-10-18,2020101803006051,MNBBL,34,45,402,352.00,"141,504.00"
2020-10-18,2020101803005969,MNBBL,34,46,26,352.00,"9,152.00"
2020-10-18,2020101803005964,MNBBL,34,21,20,352.00,"7,040.00"
2020-10-18,2020101803006055,MNBBL,59,45,12,351.00,"4,212.00"
2020-10-18,2020101803006054,MNBBL,32,45,200,351.00,"70,200.00"
2020-10-18,2020101803006053,MNBBL,32,45,200,351.00,"70,200.00"
2020-10-18,2020101803006083,MSMBS,43,45,50,671.00,"33,550.00"
2020-10-18,2020101803006196,NFS,14,37,50,315.00,"15,750.00"
2020-10-18,2020101803006109,NFS,34,26,20,312.00,"6,240.00"
2020-10-18,2020101803006086,NFS,58,48,20,317.00,"6,340.00"
2020-10-18,2020101803005939,NFS,38,37,100,317.00,"31,700.00"
2020-10-18,2020101803005865,NFS,34,6,20,312.00,"6,240.00"
2020-10-18,2020101803005855,NFS,34,49,148,312.00,"46,176.00"
2020-10-18,2020101803005740,NFS,29,38,200,314.00,"62,800.00"
2020-10-18,2020101803005739,NFS,1,38,413,315.00,"130,095.00"
2020-10-18,2020101803005746,NFS,8,38,100,313.00,"31,300.00"
2020-10-18,2020101803005745,NFS,14,38,30,313.00,"9,390.00"
2020-10-18,2020101803005744,NFS,58,38,500,314.00,"157,000.00"
2020-10-18,2020101803005743,NFS,38,38,10,314.00,"3,140.00"
2020-10-18,2020101803005742,NFS,57,38,40,314.00,"12,560.00"
2020-10-18,2020101803005741,NFS,20,38,250,314.00,"78,500.00"
2020-10-18,2020101803005765,NFS,38,38,160,312.00,"49,920.00"
2020-10-18,2020101803005751,NFS,6,38,100,313.00,"31,300.00"
2020-10-18,2020101803005750,NFS,49,38,200,313.00,"62,600.00"
2020-10-18,2020101803005749,NFS,57,38,40,313.00,"12,520.00"
2020-10-18,2020101803005748,NFS,58,38,50,313.00,"15,650.00"
2020-10-18,2020101803005747,NFS,42,38,10,313.00,"3,130.00"
2020-10-18,2020101803005849,NFS,57,49,200,312.00,"62,400.00"
2020-10-18,2020101803005815,NFS,10,49,20,312.00,"6,240.00"
2020-10-18,2020101803005804,NFS,34,49,312,312.00,"97,344.00"
2020-10-18,2020101803005792,NFS,38,49,160,312.00,"49,920.00"
2020-10-18,2020101803005787,NFS,14,49,20,312.00,"6,240.00"
2020-10-18,2020101803005786,NFS,38,49,140,312.00,"43,680.00"
2020-10-18,2020101803006167,NLIC,6,45,50,"1,369.00","68,450.00"
2020-10-18,2020101803006160,NLIC,19,4,26,"1,370.00","35,620.00"
2020-10-18,2020101803006159,NLIC,19,37,14,"1,370.00","19,180.00"
2020-10-18,2020101803006136,NLIC,6,40,22,"1,369.00","30,118.00"
2020-10-18,2020101803006114,NLIC,5,37,200,"1,370.00","274,000.00"
2020-10-18,2020101803006096,NLIC,32,37,53,"1,370.00","72,610.00"
2020-10-18,2020101803005761,NLIC,33,46,25,"1,368.00","34,200.00"
2020-10-18,2020101803005935,NLIC,6,41,27,"1,370.00","36,990.00"
2020-10-18,2020101803005873,NLIC,6,45,35,"1,369.00","47,915.00"
2020-10-18,2020101803005854,NLIC,37,45,15,"1,369.00","20,535.00"
2020-10-18,2020101803005853,NLIC,37,25,15,"1,369.00","20,535.00"
2020-10-18,2020101803005845,NLIC,53,41,15,"1,368.00","20,520.00"
2020-10-18,2020101803005844,NLIC,34,41,10,"1,368.00","13,680.00"
2020-10-18,2020101803006095,NLIC,6,19,100,"1,369.00","136,900.00"
2020-10-18,2020101803006085,NLIC,52,37,100,"1,370.00","137,000.00"
2020-10-18,2020101803006030,NLIC,6,46,10,"1,369.00","13,690.00"
2020-10-18,2020101803006000,NLIC,54,37,100,"1,370.00","137,000.00"
2020-10-18,2020101803005991,NLIC,14,37,10,"1,370.00","13,700.00"
2020-10-18,2020101803005936,NLIC,6,37,23,"1,370.00","31,510.00"
2020-10-18,2020101803006146,NLICL,38,17,155,742.00,"115,010.00"
2020-10-18,2020101803006145,NLICL,44,17,"1,155",743.00,"858,165.00"
2020-10-18,2020101803006127,NLICL,47,16,40,744.00,"29,760.00"
2020-10-18,2020101803006126,NLICL,6,16,80,744.00,"59,520.00"
2020-10-18,2020101803006059,NLICL,6,42,20,744.00,"14,880.00"
2020-10-18,2020101803005834,NLICL,56,16,304,745.00,"226,480.00"
2020-10-18,2020101803005807,NLICL,38,16,300,742.00,"222,600.00"
2020-10-18,2020101803006048,NMBMF,52,49,32,783.00,"25,056.00"
2020-10-18,2020101803005947,NMBMF,52,59,18,783.00,"14,094.00"
2020-10-18,2020101803005785,NMBMF,33,49,131,783.00,"102,573.00"
2020-10-18,2020101803005722,NMBMF,33,7,19,783.00,"14,877.00"
2020-10-18,2020101803006205,NRIC,3,49,10,851.00,"8,510.00"
2020-10-18,2020101803006201,NRIC,3,39,500,851.00,"425,500.00"
2020-10-18,2020101803006189,NRIC,3,38,35,851.00,"29,785.00"
2020-10-18,2020101803006188,NRIC,21,38,100,851.00,"85,100.00"
2020-10-18,2020101803006187,NRIC,49,38,65,851.00,"55,315.00"
2020-10-18,2020101803006113,NRIC,49,34,10,851.00,"8,510.00"
2020-10-18,2020101803005788,NRIC,38,11,40,851.00,"34,040.00"
2020-10-18,2020101803005781,NRIC,38,58,40,851.00,"34,040.00"
2020-10-18,2020101803005780,NRIC,38,37,40,851.00,"34,040.00"
2020-10-18,2020101803005762,NRIC,7,46,15,851.00,"12,765.00"
2020-10-18,2020101803005707,NRIC,56,46,55,851.00,"46,805.00"
2020-10-18,2020101803005817,NRIC,3,7,40,852.00,"34,080.00"
2020-10-18,2020101803005814,NRIC,38,37,50,851.00,"42,550.00"
2020-10-18,2020101803005811,NRIC,38,11,40,851.00,"34,040.00"
2020-10-18,2020101803005800,NRIC,38,11,40,851.00,"34,040.00"
2020-10-18,2020101803005797,NRIC,38,35,200,851.00,"170,200.00"
2020-10-18,2020101803005795,NRIC,38,37,40,851.00,"34,040.00"
2020-10-18,2020101803005842,NRIC,38,51,30,851.00,"25,530.00"
2020-10-18,2020101803005836,NRIC,38,51,40,851.00,"34,040.00"
2020-10-18,2020101803005829,NRIC,38,37,40,851.00,"34,040.00"
2020-10-18,2020101803005827,NRIC,38,51,30,851.00,"25,530.00"
2020-10-18,2020101803005823,NRIC,38,3,40,851.00,"34,040.00"
2020-10-18,2020101803005822,NRIC,38,37,40,851.00,"34,040.00"
2020-10-18,2020101803005866,NRIC,38,57,40,851.00,"34,040.00"
2020-10-18,2020101803005862,NRIC,38,51,30,851.00,"25,530.00"
2020-10-18,2020101803005860,NRIC,57,58,70,852.00,"59,640.00"
2020-10-18,2020101803005859,NRIC,57,7,40,852.00,"34,080.00"
2020-10-18,2020101803005858,NRIC,38,37,40,851.00,"34,040.00"
2020-10-18,2020101803005850,NRIC,38,51,30,851.00,"25,530.00"
2020-10-18,2020101803005916,NRIC,56,3,10,851.00,"8,510.00"
2020-10-18,2020101803005896,NRIC,56,37,10,851.00,"8,510.00"
2020-10-18,2020101803005895,NRIC,38,37,30,851.00,"25,530.00"
2020-10-18,2020101803005892,NRIC,38,4,40,851.00,"34,040.00"
2020-10-18,2020101803005884,NRIC,38,37,40,851.00,"34,040.00"
2020-10-18,2020101803005868,NRIC,38,37,40,851.00,"34,040.00"
2020-10-18,2020101803005971,NRIC,42,51,30,851.00,"25,530.00"
2020-10-18,2020101803005946,NRIC,54,57,20,852.00,"17,040.00"
2020-10-18,2020101803005945,NRIC,54,45,40,852.00,"34,080.00"
2020-10-18,2020101803005944,NRIC,54,43,40,852.00,"34,080.00"
2020-10-18,2020101803005943,NRIC,54,53,100,852.00,"85,200.00"
2020-10-18,2020101803005917,NRIC,42,3,30,851.00,"25,530.00"
2020-10-18,2020101803006006,NRIC,3,54,40,851.00,"34,040.00"
2020-10-18,2020101803006005,NRIC,45,54,40,851.00,"34,040.00"
2020-10-18,2020101803005998,NRIC,58,57,30,852.00,"25,560.00"
2020-10-18,2020101803005997,NRIC,58,25,40,852.00,"34,080.00"
2020-10-18,2020101803005979,NRIC,37,37,8,851.00,"6,808.00"
2020-10-18,2020101803005972,NRIC,45,51,10,851.00,"8,510.00"
2020-10-18,2020101803006066,NRIC,49,36,30,851.00,"25,530.00"
2020-10-18,2020101803006065,NRIC,49,29,200,851.00,"170,200.00"
2020-10-18,2020101803006050,NRIC,59,46,10,850.00,"8,500.00"
2020-10-18,2020101803006047,NRIC,59,45,200,850.00,"170,000.00"
2020-10-18,2020101803006033,NRIC,13,54,40,851.00,"34,040.00"
2020-10-18,2020101803006025,NRIC,13,21,30,851.00,"25,530.00"
2020-10-18,2020101803006089,NRIC,22,57,50,852.00,"42,600.00"
2020-10-18,2020101803006084,NRIC,42,57,100,852.00,"85,200.00"
2020-10-18,2020101803006074,NRIC,49,3,40,851.00,"34,040.00"
2020-10-18,2020101803006073,NRIC,49,54,115,851.00,"97,865.00"
2020-10-18,2020101803006069,NRIC,49,58,40,851.00,"34,040.00"
2020-10-18,2020101803006068,NRIC,42,57,100,852.00,"85,200.00"
2020-10-18,2020101803006204,NRN,41,58,10,347.00,"3,470.00"
2020-10-18,2020101803006175,NRN,41,58,60,347.00,"20,820.00"
2020-10-18,2020101803006120,NRN,41,34,10,347.00,"3,470.00"
2020-10-18,2020101803006076,NRN,41,21,10,347.00,"3,470.00"
2020-10-18,2020101803006063,NRN,38,45,10,347.00,"3,470.00"
2020-10-18,2020101803006035,NRN,38,7,10,347.00,"3,470.00"
2020-10-18,2020101803005753,NRN,13,43,10,349.00,"3,490.00"
2020-10-18,2020101803005752,NRN,13,55,10,349.00,"3,490.00"
2020-10-18,2020101803005737,NRN,13,7,10,349.00,"3,490.00"
2020-10-18,2020101803005725,NRN,13,55,10,349.00,"3,490.00"
2020-10-18,2020101803005724,NRN,13,28,10,349.00,"3,490.00"
2020-10-18,2020101803005863,NRN,13,16,10,349.00,"3,490.00"
2020-10-18,2020101803005857,NRN,13,28,10,349.00,"3,490.00"
2020-10-18,2020101803005851,NRN,13,16,10,349.00,"3,490.00"
2020-10-18,2020101803005791,NRN,13,58,10,349.00,"3,490.00"
2020-10-18,2020101803005776,NRN,13,44,10,349.00,"3,490.00"
2020-10-18,2020101803005768,NRN,13,55,10,349.00,"3,490.00"
2020-10-18,2020101803006034,NRN,38,58,10,347.00,"3,470.00"
2020-10-18,2020101803005942,NRN,57,8,50,349.00,"17,450.00"
2020-10-18,2020101803005941,NRN,13,8,270,349.00,"94,230.00"
2020-10-18,2020101803005904,NRN,13,16,10,349.00,"3,490.00"
2020-10-18,2020101803005898,NRN,13,16,10,349.00,"3,490.00"
2020-10-18,2020101803005867,NRN,13,7,10,349.00,"3,490.00"
2020-10-18,2020101803005840,NSEWA,50,13,10,671.00,"6,710.00"
2020-10-18,2020101803005839,NSEWA,50,55,10,670.00,"6,700.00"
2020-10-18,2020101803005779,NTC,21,5,90,700.00,"63,000.00"
2020-10-18,2020101803005778,NTC,10,5,10,700.00,"7,000.00"
2020-10-18,2020101803006174,NUBL,34,11,10,960.00,"9,600.00"
2020-10-18,2020101803006194,PLIC,47,49,50,641.00,"32,050.00"
2020-10-18,2020101803006077,PROFL,16,57,100,132.00,"13,200.00"
2020-10-18,2020101803005950,PROFL,46,57,400,132.00,"52,800.00"
2020-10-18,2020101803005937,PROFL,46,43,400,132.00,"52,800.00"
2020-10-18,2020101803006176,RLFL,5,57,270,168.00,"45,360.00"
2020-10-18,2020101803005992,RLFL,42,57,390,169.00,"65,910.00"
2020-10-18,2020101803006169,RLI,19,45,10,592.00,"5,920.00"
2020-10-18,2020101803006133,RLI,19,34,10,592.00,"5,920.00"
2020-10-18,2020101803006115,RLI,19,7,10,592.00,"5,920.00"
2020-10-18,2020101803006101,RLI,51,17,10,593.00,"5,930.00"
2020-10-18,2020101803006100,RLI,51,17,10,593.00,"5,930.00"
2020-10-18,2020101803006099,RLI,51,58,10,593.00,"5,930.00"
2020-10-18,2020101803005729,RLI,38,26,100,593.00,"59,300.00"
2020-10-18,2020101803005728,RLI,42,26,25,593.00,"14,825.00"
2020-10-18,2020101803005727,RLI,33,26,190,593.00,"112,670.00"
2020-10-18,2020101803005726,RLI,3,58,10,594.00,"5,940.00"
2020-10-18,2020101803005721,RLI,33,3,10,593.00,"5,930.00"
2020-10-18,2020101803005777,RLI,5,28,10,593.00,"5,930.00"
2020-10-18,2020101803005773,RLI,5,7,10,593.00,"5,930.00"
2020-10-18,2020101803005769,RLI,5,58,10,593.00,"5,930.00"
2020-10-18,2020101803005766,RLI,5,44,10,593.00,"5,930.00"
2020-10-18,2020101803005758,RLI,5,22,10,593.00,"5,930.00"
2020-10-18,2020101803005730,RLI,5,26,195,593.00,"115,635.00"
2020-10-18,2020101803005833,RLI,49,3,10,593.00,"5,930.00"
2020-10-18,2020101803005819,RLI,5,55,10,593.00,"5,930.00"
2020-10-18,2020101803005806,RLI,5,41,10,593.00,"5,930.00"
2020-10-18,2020101803005794,RLI,5,44,10,593.00,"5,930.00"
2020-10-18,2020101803005793,RLI,5,42,10,593.00,"5,930.00"
2020-10-18,2020101803005784,RLI,5,57,10,593.00,"5,930.00"
2020-10-18,2020101803005897,RLI,42,3,10,593.00,"5,930.00"
2020-10-18,2020101803005887,RLI,49,22,10,593.00,"5,930.00"
2020-10-18,2020101803005875,RLI,49,58,10,593.00,"5,930.00"
2020-10-18,2020101803005874,RLI,49,11,10,593.00,"5,930.00"
2020-10-18,2020101803005852,RLI,49,7,10,593.00,"5,930.00"
2020-10-18,2020101803005841,RLI,3,34,10,594.00,"5,940.00"
2020-10-18,2020101803005953,RLI,55,49,30,593.00,"17,790.00"
2020-10-18,2020101803005952,RLI,3,49,10,593.00,"5,930.00"
2020-10-18,2020101803005951,RLI,42,49,50,593.00,"29,650.00"
2020-10-18,2020101803005938,RLI,42,46,10,593.00,"5,930.00"
2020-10-18,2020101803005921,RLI,42,22,10,593.00,"5,930.00"
2020-10-18,2020101803005902,RLI,42,46,10,593.00,"5,930.00"
2020-10-18,2020101803006007,RLI,13,17,10,593.00,"5,930.00"
2020-10-18,2020101803005990,RLI,13,58,10,593.00,"5,930.00"
2020-10-18,2020101803005989,RLI,13,6,10,593.00,"5,930.00"
2020-10-18,2020101803005988,RLI,13,58,10,593.00,"5,930.00"
2020-10-18,2020101803005987,RLI,13,45,10,593.00,"5,930.00"
2020-10-18,2020101803005961,RLI,19,7,10,592.00,"5,920.00"
2020-10-18,2020101803006017,RLI,16,58,10,594.00,"5,940.00"
2020-10-18,2020101803006016,RLI,16,22,10,594.00,"5,940.00"
2020-10-18,2020101803006015,RLI,16,58,10,594.00,"5,940.00"
2020-10-18,2020101803006014,RLI,16,52,10,594.00,"5,940.00"
2020-10-18,2020101803006013,RLI,16,58,10,594.00,"5,940.00"
2020-10-18,2020101803006012,RLI,16,47,10,594.00,"5,940.00"
2020-10-18,2020101803006026,RLI,13,34,10,593.00,"5,930.00"
2020-10-18,2020101803006024,RLI,13,7,10,593.00,"5,930.00"
2020-10-18,2020101803006021,RLI,16,58,10,594.00,"5,940.00"
2020-10-18,2020101803006020,RLI,16,22,10,594.00,"5,940.00"
2020-10-18,2020101803006019,RLI,16,58,10,594.00,"5,940.00"
2020-10-18,2020101803006018,RLI,16,58,10,594.00,"5,940.00"
2020-10-18,2020101803006062,RLI,19,46,10,592.00,"5,920.00"
2020-10-18,2020101803006057,RLI,19,21,10,592.00,"5,920.00"
2020-10-18,2020101803006056,RLI,19,8,10,592.00,"5,920.00"
2020-10-18,2020101803006037,RLI,19,7,10,592.00,"5,920.00"
2020-10-18,2020101803006036,RLI,19,45,10,592.00,"5,920.00"
2020-10-18,2020101803006031,RLI,19,51,10,592.00,"5,920.00"
2020-10-18,2020101803006098,RLI,51,17,10,593.00,"5,930.00"
2020-10-18,2020101803006097,RLI,3,46,10,593.00,"5,930.00"
2020-10-18,2020101803006094,RLI,19,42,50,592.00,"29,600.00"
2020-10-18,2020101803006078,RLI,19,17,10,592.00,"5,920.00"
2020-10-18,2020101803006075,RLI,19,42,10,592.00,"5,920.00"
2020-10-18,2020101803006064,RLI,19,7,10,592.00,"5,920.00"
2020-10-18,2020101803006182,RMDC,14,19,35,856.00,"29,960.00"
2020-10-18,2020101803006181,RMDC,14,35,20,856.00,"17,120.00"
2020-10-18,2020101803006180,RMDC,14,57,559,856.00,"478,504.00"
2020-10-18,2020101803006179,RMDC,14,17,53,854.00,"45,262.00"
2020-10-18,2020101803006141,RMDC,11,34,44,853.00,"37,532.00"
2020-10-18,2020101803006140,RMDC,13,34,60,853.00,"51,180.00"
2020-10-18,2020101803005825,RMDC,46,13,16,853.00,"13,648.00"
2020-10-18,2020101803005824,RMDC,35,13,10,854.00,"8,540.00"
2020-10-18,2020101803006195,RSDC,29,32,15,539.00,"8,085.00"
2020-10-18,2020101803006139,RSDC,13,32,41,539.00,"22,099.00"
2020-10-18,2020101803005922,RSDC,41,39,10,540.00,"5,400.00"
2020-10-18,2020101803005970,SABSL,44,29,56,844.00,"47,264.00"
2020-10-18,2020101803006150,SADBL,54,58,10,180.00,"1,800.00"
2020-10-18,2020101803006110,SADBL,41,32,31,179.00,"5,549.00"
2020-10-18,2020101803006103,SADBL,41,45,37,179.00,"6,623.00"
2020-10-18,2020101803006102,SADBL,35,45,20,179.00,"3,580.00"
2020-10-18,2020101803005968,SADBL,13,29,"1,000",180.00,"180,000.00"
2020-10-18,2020101803005801,SADBL,17,17,"1,002",180.00,"180,360.00"
2020-10-18,2020101803005719,SADBL,55,17,100,180.00,"18,000.00"
2020-10-18,2020101803006045,SAPDBL,41,16,146,160.00,"23,360.00"
2020-10-18,2020101803006044,SAPDBL,41,45,54,160.00,"8,640.00"
2020-10-18,2020101803005994,SAPDBL,1,50,41,159.00,"6,519.00"
2020-10-18,2020101803006162,SDLBSL,18,50,100,810.00,"81,000.00"
2020-10-18,2020101803006134,SDLBSL,21,26,10,809.00,"8,090.00"
2020-10-18,2020101803006124,SDLBSL,21,26,10,809.00,"8,090.00"
2020-10-18,2020101803006147,SFCL,34,25,60,138.00,"8,280.00"
2020-10-18,2020101803005901,SFCL,26,39,200,137.00,"27,400.00"
2020-10-18,2020101803006197,SHINE,29,32,40,262.00,"10,480.00"
2020-10-18,2020101803006038,SHINE,33,32,10,262.00,"2,620.00"
2020-10-18,2020101803005999,SHINE,45,6,900,261.00,"234,900.00"
2020-10-18,2020101803005932,SHINE,41,6,100,261.00,"26,100.00"
2020-10-18,2020101803005900,SHINE,13,50,15,260.00,"3,900.00"
2020-10-18,2020101803005899,SHINE,8,50,485,260.00,"126,100.00"
2020-10-18,2020101803005955,SIFC,45,57,200,192.00,"38,400.00"
2020-10-18,2020101803005975,SKBBL,38,7,40,"1,352.00","54,080.00"
2020-10-18,2020101803005974,SKBBL,38,6,90,"1,352.00","121,680.00"
2020-10-18,2020101803005877,SKBBL,14,25,57,"1,351.00","77,007.00"
2020-10-18,2020101803006008,SLBBL,49,47,30,835.00,"25,050.00"
2020-10-18,2020101803006009,SLBS,51,10,38,913.00,"34,694.00"
2020-10-18,2020101803006198,SLBSL,58,22,54,775.00,"41,850.00"
2020-10-18,2020101803006032,SLICL,44,4,150,597.00,"89,550.00"
2020-10-18,2020101803006029,SLICL,55,39,100,598.00,"59,800.00"
2020-10-18,2020101803005882,SLICL,44,44,10,597.00,"5,970.00"
2020-10-18,2020101803005881,SLICL,14,44,100,597.00,"59,700.00"
2020-10-18,2020101803005880,SLICL,51,44,50,597.00,"29,850.00"
2020-10-18,2020101803005879,SLICL,35,44,340,597.00,"202,980.00"
2020-10-18,2020101803005878,SLICL,17,44,500,598.00,"299,000.00"
2020-10-18,2020101803005803,SLICL,55,21,30,598.00,"17,940.00"
2020-10-18,2020101803005802,SLICL,55,4,60,598.00,"35,880.00"
2020-10-18,2020101803005799,SLICL,35,29,160,597.00,"95,520.00"
2020-10-18,2020101803005798,SLICL,44,29,140,597.00,"83,580.00"
2020-10-18,2020101803005981,SMFBS,7,48,33,946.00,"31,218.00"
2020-10-18,2020101803005980,SMFBS,57,48,10,947.00,"9,470.00"
2020-10-18,2020101803006144,SWBBL,51,13,96,"1,235.00","118,560.00"
2020-10-18,2020101803006143,SWBBL,38,13,660,"1,235.00","815,100.00"
2020-10-18,2020101803006142,SWBBL,13,13,30,"1,236.00","37,080.00"
2020-10-18,2020101803006135,TRH,17,57,100,242.00,"24,200.00"
2020-10-18,2020101803006023,TRH,17,57,500,242.00,"121,000.00"
2020-10-18,2020101803005883,TRH,17,57,400,242.00,"96,800.00"
2020-10-18,2020101803005789,TRH,17,7,70,242.00,"16,940.00"
2020-10-18,2020101803005720,TRH,1,26,500,243.00,"121,500.00"
2020-10-18,2020101803006105,UFL,45,58,30,242.00,"7,260.00"
2020-10-18,2020101803006093,UFL,48,10,20,240.00,"4,800.00"
2020-10-18,2020101803006092,UFL,38,10,180,240.00,"43,200.00"
2020-10-18,2020101803005209,ALBSL,25,21,11,800.00,"8,800.00"
2020-10-18,2020101803005637,ALICL,44,21,345,707.00,"243,915.00"
2020-10-18,2020101803005636,ALICL,36,21,100,707.00,"70,700.00"
2020-10-18,2020101803005635,ALICL,57,21,500,708.00,"354,000.00"
2020-10-18,2020101803005372,ALICL,44,58,200,709.00,"141,800.00"
2020-10-18,2020101803005371,ALICL,44,4,100,709.00,"70,900.00"
2020-10-18,2020101803005663,BFC,41,1,500,139.00,"69,500.00"
2020-10-18,2020101803005607,BFC,8,1,90,139.00,"12,510.00"
2020-10-18,2020101803005401,BFC,8,5,100,139.00,"13,900.00"
2020-10-18,2020101803005472,CBBL,53,39,125,"1,108.00","138,500.00"
2020-10-18,2020101803005356,CBBL,47,4,25,"1,108.00","27,700.00"
2020-10-18,2020101803005355,CBBL,41,4,50,"1,108.00","55,400.00"
2020-10-18,2020101803005290,CBBL,53,47,100,"1,110.00","111,000.00"
2020-10-18,2020101803005654,CIT,5,34,13,"3,522.00","45,786.00"
2020-10-18,2020101803005653,CIT,41,34,100,"3,523.00","352,300.00"
2020-10-18,2020101803005582,CIT,10,6,69,"3,526.00","243,294.00"
2020-10-18,2020101803005566,CIT,41,34,100,"3,523.00","352,300.00"
2020-10-18,2020101803005536,CIT,36,6,11,"3,526.00","38,786.00"
2020-10-18,2020101803005524,CIT,48,13,100,"3,524.00","352,400.00"
2020-10-18,2020101803005391,CIT,26,6,20,"3,528.00","70,560.00"
2020-10-18,2020101803005266,CIT,5,38,10,"3,530.00","35,300.00"
2020-10-18,2020101803005639,CLBSL,1,16,200,692.00,"138,400.00"
2020-10-18,2020101803005494,DDBL,18,3,145,844.00,"122,380.00"
2020-10-18,2020101803005493,DDBL,42,3,10,845.00,"8,450.00"
2020-10-18,2020101803005689,EDBL,25,55,200,311.00,"62,200.00"
2020-10-18,2020101803005482,EDBL,25,55,537,312.00,"167,544.00"
2020-10-18,2020101803005476,EDBL,49,55,40,312.00,"12,480.00"
2020-10-18,2020101803005678,GBBL,42,46,240,258.00,"61,920.00"
2020-10-18,2020101803005677,GBBL,35,46,100,258.00,"25,800.00"
2020-10-18,2020101803005676,GBBL,57,46,50,258.00,"12,900.00"
2020-10-18,2020101803005675,GBBL,34,46,10,258.00,"2,580.00"
2020-10-18,2020101803005674,GBBL,38,46,100,258.00,"25,800.00"
2020-10-18,2020101803005673,GBBL,4,46,50,258.00,"12,900.00"
2020-10-18,2020101803005283,GBBL,26,49,100,259.00,"25,900.00"
2020-10-18,2020101803005282,GBBL,6,49,990,259.00,"256,410.00"
2020-10-18,2020101803005277,GBBL,55,49,200,260.00,"52,000.00"
2020-10-18,2020101803005267,GBBL,6,58,10,259.00,"2,590.00"
2020-10-18,2020101803005265,GBBL,48,49,400,260.00,"104,000.00"
2020-10-18,2020101803005289,GBBL,38,49,50,259.00,"12,950.00"
2020-10-18,2020101803005288,GBBL,42,49,50,259.00,"12,950.00"
2020-10-18,2020101803005287,GBBL,3,49,200,259.00,"51,800.00"
2020-10-18,2020101803005286,GBBL,58,49,20,259.00,"5,180.00"
2020-10-18,2020101803005285,GBBL,49,49,100,259.00,"25,900.00"
2020-10-18,2020101803005284,GBBL,47,49,30,259.00,"7,770.00"
2020-10-18,2020101803005672,GBBL,1,46,500,258.00,"129,000.00"
2020-10-18,2020101803005671,GBBL,49,46,100,258.00,"25,800.00"
2020-10-18,2020101803005670,GBBL,22,46,150,258.00,"38,700.00"
2020-10-18,2020101803005669,GBBL,39,46,200,258.00,"51,600.00"
2020-10-18,2020101803005373,GBBL,45,58,100,258.00,"25,800.00"
2020-10-18,2020101803005367,GBBL,45,4,80,258.00,"20,640.00"
2020-10-18,2020101803005684,GBLBS,34,38,10,508.00,"5,080.00"
2020-10-18,2020101803005540,GBLBS,17,38,470,508.00,"238,760.00"
2020-10-18,2020101803005539,GBLBS,17,34,30,508.00,"15,240.00"
2020-10-18,2020101803005506,GBLBS,1,50,15,506.00,"7,590.00"
2020-10-18,2020101803005376,GBLBS,1,46,250,506.00,"126,500.00"
2020-10-18,2020101803005309,GBLBS,29,25,15,507.00,"7,605.00"
2020-10-18,2020101803005259,GBLBS,1,46,100,506.00,"50,600.00"
2020-10-18,2020101803005603,GLBSL,1,17,10,700.00,"7,000.00"
2020-10-18,2020101803005452,GLBSL,47,13,10,692.00,"6,920.00"
2020-10-18,2020101803005594,GLICL,26,28,200,600.00,"120,000.00"
2020-10-18,2020101803005424,GMFBS,43,58,10,807.00,"8,070.00"
2020-10-18,2020101803005662,GMFIL,44,46,110,170.00,"18,700.00"
2020-10-18,2020101803005325,GRDBL,33,7,100,148.00,"14,800.00"
2020-10-18,2020101803005324,GRDBL,42,7,185,148.00,"27,380.00"
2020-10-18,2020101803005323,GRDBL,49,7,20,148.00,"2,960.00"
2020-10-18,2020101803005322,GRDBL,53,7,100,148.00,"14,800.00"
2020-10-18,2020101803005321,GRDBL,21,7,20,148.00,"2,960.00"
2020-10-18,2020101803005320,GRDBL,45,7,200,148.00,"29,600.00"
2020-10-18,2020101803005319,GRDBL,17,7,100,148.00,"14,800.00"
2020-10-18,2020101803005318,GRDBL,59,7,500,148.00,"74,000.00"
2020-10-18,2020101803005317,GRDBL,26,7,100,148.00,"14,800.00"
2020-10-18,2020101803005300,GRDBL,53,7,50,150.00,"7,500.00"
2020-10-18,2020101803005299,GRDBL,11,7,"1,000",150.00,"150,000.00"
2020-10-18,2020101803005261,GUFL,41,33,30,145.00,"4,350.00"
2020-10-18,2020101803005619,HIDCL,5,14,500,180.00,"90,000.00"
2020-10-18,2020101803005618,HIDCL,5,14,"1,000",180.00,"180,000.00"
2020-10-18,2020101803005593,HIDCL,47,49,211,181.00,"38,191.00"
2020-10-18,2020101803005592,HIDCL,47,5,289,181.00,"52,309.00"
2020-10-18,2020101803005591,HIDCL,58,5,11,181.00,"1,991.00"
2020-10-18,2020101803005298,HIDCL,59,26,118,179.00,"21,122.00"
2020-10-18,2020101803005260,HIDCL,5,58,13,180.00,"2,340.00"
2020-10-18,2020101803005297,HIDCL,17,26,100,179.00,"17,900.00"
2020-10-18,2020101803005296,HIDCL,41,26,69,179.00,"12,351.00"
2020-10-18,2020101803005295,HIDCL,3,26,300,179.00,"53,700.00"
2020-10-18,2020101803005294,HIDCL,38,26,350,180.00,"63,000.00"
2020-10-18,2020101803005293,HIDCL,11,26,100,180.00,"18,000.00"
2020-10-18,2020101803005292,HIDCL,5,26,763,180.00,"137,340.00"
2020-10-18,2020101803005659,ICFC,42,58,676,280.00,"189,280.00"
2020-10-18,2020101803005658,ICFC,42,44,124,280.00,"34,720.00"
2020-10-18,2020101803005657,ICFC,42,29,100,279.00,"27,900.00"
2020-10-18,2020101803005656,ICFC,42,43,100,278.00,"27,800.00"
2020-10-18,2020101803005649,ICFC,19,29,100,276.00,"27,600.00"
2020-10-18,2020101803005604,ICFC,47,29,100,276.00,"27,600.00"
2020-10-18,2020101803005274,ICFC,5,43,35,284.00,"9,940.00"
2020-10-18,2020101803005242,ICFC,56,43,15,284.00,"4,260.00"
2020-10-18,2020101803005316,ICFC,5,11,141,285.00,"40,185.00"
2020-10-18,2020101803005315,ICFC,5,25,100,285.00,"28,500.00"
2020-10-18,2020101803005314,ICFC,5,13,105,285.00,"29,925.00"
2020-10-18,2020101803005313,ICFC,5,7,154,285.00,"43,890.00"
2020-10-18,2020101803005276,ICFC,5,7,246,285.00,"70,110.00"
2020-10-18,2020101803005275,ICFC,5,34,219,285.00,"62,415.00"
2020-10-18,2020101803005580,ICFC,58,43,500,277.00,"138,500.00"
2020-10-18,2020101803005579,ICFC,7,43,44,277.00,"12,188.00"
2020-10-18,2020101803005511,ICFC,49,43,490,277.00,"135,730.00"
2020-10-18,2020101803005448,ICFC,38,17,676,280.00,"189,280.00"
2020-10-18,2020101803005399,ICFC,49,34,10,277.00,"2,770.00"
2020-10-18,2020101803005358,ICFC,58,19,158,280.00,"44,240.00"
2020-10-18,2020101803005631,ILBS,52,6,234,805.00,"188,370.00"
2020-10-18,2020101803005547,ILBS,52,58,11,805.00,"8,855.00"
2020-10-18,2020101803005510,ILBS,3,3,11,806.00,"8,866.00"
2020-10-18,2020101803005468,ILBS,52,13,11,805.00,"8,855.00"
2020-10-18,2020101803005357,ILBS,3,3,1,790.00,790.00
2020-10-18,2020101803005281,ILBS,3,58,1,800.00,800.00
2020-10-18,2020101803005627,JBBL,34,50,50,206.00,"10,300.00"
2020-10-18,2020101803005565,JBBL,53,6,32,204.00,"6,528.00"
2020-10-18,2020101803005564,JBBL,52,6,968,204.00,"197,472.00"
2020-10-18,2020101803005563,JBBL,32,6,"1,000",204.00,"204,000.00"
2020-10-18,2020101803005538,JBBL,17,52,300,205.00,"61,500.00"
2020-10-18,2020101803005348,JBBL,52,49,"1,000",205.00,"205,000.00"
2020-10-18,2020101803005347,JBBL,52,54,"1,000",205.00,"205,000.00"
2020-10-18,2020101803005346,JBBL,52,56,100,205.00,"20,500.00"
