Date,Transact. No.,Symbol,Buyer,Seller,Quantity,Rate,Amount
2019-11-20,2019112001005195,ADBL,38,22,131,416.00,"54,496.00"
2019-11-20,2019112001005194,ADBL,38,22,169,416.00,"70,304.00"
2019-11-20,2019112001004920,ADBL,38,14,331,416.00,"137,696.00"
2019-11-20,2019112001004919,ADBL,38,14,"1,000",416.00,"416,000.00"
2019-11-20,2019112001004918,ADBL,58,14,500,416.00,"208,000.00"
2019-11-20,2019112001004917,ADBL,38,14,169,416.00,"70,304.00"
2019-11-20,2019112001005284,AKPL,34,38,200,115.00,"23,000.00"
2019-11-20,2019112001005283,AKPL,25,38,200,115.00,"23,000.00"
2019-11-20,2019112001005282,AKPL,57,38,500,115.00,"57,500.00"
2019-11-20,2019112001005281,AKPL,21,38,640,115.00,"73,600.00"
2019-11-20,2019112001005280,AKPL,1,38,"1,000",115.00,"115,000.00"
2019-11-20,2019112001005279,AKPL,33,38,400,116.00,"46,400.00"
2019-11-20,2019112001005278,AKPL,8,38,200,116.00,"23,200.00"
2019-11-20,2019112001005277,AKPL,34,38,200,116.00,"23,200.00"
2019-11-20,2019112001005276,AKPL,10,38,191,116.00,"22,156.00"
2019-11-20,2019112001005089,ALBSL,57,29,10,401.00,"4,010.00"
2019-11-20,2019112001005088,ALBSL,57,44,10,398.00,"3,980.00"
2019-11-20,2019112001005151,ALICL,49,21,10,314.00,"3,140.00"
2019-11-20,2019112001005133,ALICL,28,25,364,316.00,"115,024.00"
2019-11-20,2019112001005131,ALICL,49,21,10,314.00,"3,140.00"
2019-11-20,2019112001005090,API,25,50,50,104.00,"5,200.00"
2019-11-20,2019112001004956,API,25,50,20,104.00,"2,080.00"
2019-11-20,2019112001004924,API,6,50,500,104.00,"52,000.00"
2019-11-20,2019112001004923,API,41,50,200,104.00,"20,800.00"
2019-11-20,2019112001004922,API,42,50,30,104.00,"3,120.00"
2019-11-20,2019112001004889,BFC,49,21,15,90.00,"1,350.00"
2019-11-20,2019112001004888,BFC,42,21,10,90.00,900.00
2019-11-20,2019112001004977,BOKL,42,39,30,217.00,"6,510.00"
2019-11-20,2019112001004942,BOKL,35,16,100,216.00,"21,600.00"
2019-11-20,2019112001005240,BPCL,26,36,56,347.00,"19,432.00"
2019-11-20,2019112001005239,BPCL,47,36,22,347.00,"7,634.00"
2019-11-20,2019112001005238,BPCL,33,36,100,347.00,"34,700.00"
2019-11-20,2019112001005254,CBBL,19,57,200,970.00,"194,000.00"
2019-11-20,2019112001005237,CBBL,1,57,169,971.00,"164,099.00"
2019-11-20,2019112001005100,CBBL,1,22,31,970.00,"30,070.00"
2019-11-20,2019112001005035,CBBL,1,22,284,970.00,"275,480.00"
2019-11-20,2019112001004935,CBBL,1,51,16,970.00,"15,520.00"
2019-11-20,2019112001004891,CBBL,58,51,18,970.00,"17,460.00"
2019-11-20,2019112001004875,CBBL,58,52,12,970.00,"11,640.00"
2019-11-20,2019112001004874,CBBL,36,52,100,970.00,"97,000.00"
2019-11-20,2019112001005266,CBL,49,22,171,137.00,"23,427.00"
2019-11-20,2019112001005265,CBL,33,22,300,137.00,"41,100.00"
2019-11-20,2019112001005264,CBL,42,22,200,137.00,"27,400.00"
2019-11-20,2019112001005263,CBL,51,22,229,137.00,"31,373.00"
2019-11-20,2019112001005156,CBL,43,32,10,138.00,"1,380.00"
2019-11-20,2019112001004908,CBL,51,48,200,137.00,"27,400.00"
2019-11-20,2019112001005249,CCBL,59,33,300,163.00,"48,900.00"
2019-11-20,2019112001005184,CCBL,22,33,15,163.00,"2,445.00"
2019-11-20,2019112001004951,CCBL,56,28,948,163.00,"154,524.00"
2019-11-20,2019112001004892,CCBL,48,4,100,162.00,"16,200.00"
2019-11-20,2019112001004872,CCBL,32,28,52,163.00,"8,476.00"
2019-11-20,2019112001004855,CCBL,32,50,448,163.00,"73,024.00"
2019-11-20,2019112001004854,CCBL,39,50,100,163.00,"16,300.00"
2019-11-20,2019112001004853,CCBL,16,50,200,163.00,"32,600.00"
2019-11-20,2019112001004852,CCBL,16,50,"1,000",163.00,"163,000.00"
2019-11-20,2019112001004851,CCBL,45,50,123,163.00,"20,049.00"
2019-11-20,2019112001004886,CHCL,6,36,400,350.00,"140,000.00"
2019-11-20,2019112001005203,CIT,19,26,10,"1,750.00","17,500.00"
2019-11-20,2019112001005314,CZBIL,6,17,500,184.00,"92,000.00"
2019-11-20,2019112001004849,CZBIL,42,17,51,184.00,"9,384.00"
2019-11-20,2019112001004848,CZBIL,49,17,100,184.00,"18,400.00"
2019-11-20,2019112001004847,CZBIL,7,17,76,184.00,"13,984.00"
2019-11-20,2019112001005177,DDBL,6,4,100,726.00,"72,600.00"
2019-11-20,2019112001005091,DDBL,35,4,20,727.00,"14,540.00"
2019-11-20,2019112001005063,DDBL,6,6,34,726.00,"24,684.00"
2019-11-20,2019112001005062,DDBL,28,22,100,725.00,"72,500.00"
2019-11-20,2019112001005082,EBL,49,14,200,555.00,"111,000.00"
2019-11-20,2019112001005080,EBL,49,34,20,555.00,"11,100.00"
2019-11-20,2019112001005079,EBL,49,39,300,555.00,"166,500.00"
2019-11-20,2019112001005070,EBL,39,35,50,553.00,"27,650.00"
2019-11-20,2019112001005218,FMDBL,29,47,100,305.00,"30,500.00"
2019-11-20,2019112001005137,FOWAD,26,52,44,"1,323.00","58,212.00"
2019-11-20,2019112001005136,FOWAD,16,52,16,"1,335.00","21,360.00"
2019-11-20,2019112001004912,FOWAD,19,22,12,"1,340.00","16,080.00"
2019-11-20,2019112001004911,FOWAD,19,56,19,"1,340.00","25,460.00"
2019-11-20,2019112001004910,FOWAD,19,25,19,"1,339.00","25,441.00"
2019-11-20,2019112001005318,GBBL,45,49,968,225.00,"217,800.00"
2019-11-20,2019112001004960,GBLBS,21,19,156,296.00,"46,176.00"
2019-11-20,2019112001004959,GBLBS,57,19,100,296.00,"29,600.00"
2019-11-20,2019112001004958,GBLBS,43,19,400,297.00,"118,800.00"
2019-11-20,2019112001004957,GBLBS,8,19,10,297.00,"2,970.00"
2019-11-20,2019112001005320,GILB,36,8,13,733.00,"9,529.00"
2019-11-20,2019112001004955,GLBSL,6,21,10,401.00,"4,010.00"
2019-11-20,2019112001004838,GLICL,25,25,10,357.00,"3,570.00"
2019-11-20,2019112001005152,GMFBS,35,16,30,500.00,"15,000.00"
2019-11-20,2019112001004882,GMFBS,35,45,10,500.00,"5,000.00"
2019-11-20,2019112001004881,GMFBS,35,58,10,500.00,"5,000.00"
2019-11-20,2019112001005242,HBL,25,8,10,490.00,"4,900.00"
2019-11-20,2019112001005175,HDL,19,7,20,"1,760.00","35,200.00"
2019-11-20,2019112001005174,HDL,32,7,200,"1,760.00","352,000.00"
2019-11-20,2019112001005173,HDL,7,7,50,"1,761.00","88,050.00"
2019-11-20,2019112001005172,HDL,22,7,30,"1,761.00","52,830.00"
2019-11-20,2019112001005171,HDL,35,7,50,"1,762.00","88,100.00"
2019-11-20,2019112001005170,HDL,45,7,10,"1,763.00","17,630.00"
2019-11-20,2019112001004897,HDL,47,14,30,"1,766.00","52,980.00"
2019-11-20,2019112001005169,HDL,26,7,50,"1,763.00","88,150.00"
2019-11-20,2019112001005168,HDL,55,7,20,"1,764.00","35,280.00"
2019-11-20,2019112001005167,HDL,21,7,50,"1,764.00","88,200.00"
2019-11-20,2019112001005166,HDL,35,7,10,"1,764.00","17,640.00"
2019-11-20,2019112001004941,HDL,22,35,137,"1,765.00","241,805.00"
2019-11-20,2019112001004898,HDL,55,14,17,"1,766.00","30,022.00"
2019-11-20,2019112001005253,HGI,34,34,190,243.00,"46,170.00"
2019-11-20,2019112001005112,HGI,25,34,60,243.00,"14,580.00"
2019-11-20,2019112001005226,HIDCL,58,14,11,130.00,"1,430.00"
2019-11-20,2019112001005225,HIDCL,34,14,500,130.00,"65,000.00"
2019-11-20,2019112001005224,HIDCL,34,14,100,130.00,"13,000.00"
2019-11-20,2019112001005223,HIDCL,34,14,200,130.00,"26,000.00"
2019-11-20,2019112001005222,HIDCL,19,14,890,130.00,"115,700.00"
2019-11-20,2019112001005221,HIDCL,19,14,200,131.00,"26,200.00"
2019-11-20,2019112001005220,HIDCL,55,14,99,131.00,"12,969.00"
2019-11-20,2019112001004845,JBBL,39,58,249,162.00,"40,338.00"
2019-11-20,2019112001004839,JOSHI,49,19,20,60.00,"1,200.00"
2019-11-20,2019112001005036,KKHC,32,57,10,50.00,500.00
2019-11-20,2019112001004932,KSBBL,45,38,100,135.00,"13,500.00"
2019-11-20,2019112001005230,LBBL,46,1,380,169.00,"64,220.00"
2019-11-20,2019112001005145,LBBL,46,53,64,169.00,"10,816.00"
2019-11-20,2019112001005144,LBBL,55,53,180,169.00,"30,420.00"
2019-11-20,2019112001005143,LBBL,57,53,15,169.00,"2,535.00"
2019-11-20,2019112001005142,LBBL,1,53,41,169.00,"6,929.00"
2019-11-20,2019112001005141,LBBL,35,53,500,169.00,"84,500.00"
2019-11-20,2019112001004880,LBBL,1,50,459,169.00,"77,571.00"
2019-11-20,2019112001004879,LBBL,32,50,429,169.00,"72,501.00"
2019-11-20,2019112001005325,LBL,40,32,"1,000",217.00,"217,000.00"
2019-11-20,2019112001005191,LBL,37,40,150,217.00,"32,550.00"
2019-11-20,2019112001005044,LBL,14,40,150,217.00,"32,550.00"
2019-11-20,2019112001005061,LGIL,49,34,245,315.00,"77,175.00"
2019-11-20,2019112001005060,LGIL,49,34,255,315.00,"80,325.00"
2019-11-20,2019112001004970,LGIL,25,34,30,316.00,"9,480.00"
2019-11-20,2019112001005232,LICN,26,59,50,955.00,"47,750.00"
2019-11-20,2019112001005231,LICN,7,59,50,956.00,"47,800.00"
2019-11-20,2019112001005219,LICN,14,59,20,969.00,"19,380.00"
2019-11-20,2019112001005066,LICN,25,25,10,988.00,"9,880.00"
2019-11-20,2019112001005135,MBL,47,32,74,221.00,"16,354.00"
2019-11-20,2019112001005134,MBL,38,32,26,221.00,"5,746.00"
2019-11-20,2019112001005185,MEGA,43,8,10,185.00,"1,850.00"
2019-11-20,2019112001005077,MEGA,49,42,100,184.00,"18,400.00"
2019-11-20,2019112001005045,MEGA,49,5,116,184.00,"21,344.00"
2019-11-20,2019112001004883,MERO,43,16,38,417.00,"15,846.00"
2019-11-20,2019112001005324,MLBL,32,52,"1,000",176.00,"176,000.00"
2019-11-20,2019112001005229,MNBBL,16,49,"1,000",314.00,"314,000.00"
2019-11-20,2019112001005155,MNBBL,16,25,455,314.00,"142,870.00"
2019-11-20,2019112001004832,MNBBL,41,52,130,315.00,"40,950.00"
2019-11-20,2019112001004831,MNBBL,41,49,370,315.00,"116,550.00"
2019-11-20,2019112001005132,MNBBL,19,49,297,314.00,"93,258.00"
2019-11-20,2019112001004980,MNBBL,13,52,20,315.00,"6,300.00"
2019-11-20,2019112001005322,NABIL,6,58,"19,385",750.00,"14,538,750.00"
2019-11-20,2019112001005321,NABIL,6,58,615,750.00,"461,250.00"
2019-11-20,2019112001005313,NABIL,43,58,125,750.00,"93,750.00"
2019-11-20,2019112001005312,NABIL,41,58,20,750.00,"15,000.00"
2019-11-20,2019112001005311,NABIL,34,58,300,750.00,"225,000.00"
2019-11-20,2019112001005310,NABIL,56,58,40,750.00,"30,000.00"
2019-11-20,2019112001005291,NABIL,11,58,100,753.00,"75,300.00"
2019-11-20,2019112001005243,NABIL,50,8,29,754.00,"21,866.00"
2019-11-20,2019112001005115,NABIL,14,43,100,755.00,"75,500.00"
2019-11-20,2019112001004843,NABIL,39,43,200,755.00,"151,000.00"
2019-11-20,2019112001005297,NABIL,32,58,100,753.00,"75,300.00"
2019-11-20,2019112001005296,NABIL,55,58,400,753.00,"301,200.00"
2019-11-20,2019112001005295,NABIL,44,58,100,753.00,"75,300.00"
2019-11-20,2019112001005294,NABIL,45,58,200,753.00,"150,600.00"
2019-11-20,2019112001005293,NABIL,28,58,150,753.00,"112,950.00"
2019-11-20,2019112001005292,NABIL,32,58,25,753.00,"18,825.00"
2019-11-20,2019112001005303,NABIL,41,58,"1,000",751.00,"751,000.00"
2019-11-20,2019112001005302,NABIL,56,58,40,752.00,"30,080.00"
2019-11-20,2019112001005301,NABIL,28,58,100,752.00,"75,200.00"
2019-11-20,2019112001005300,NABIL,50,58,40,752.00,"30,080.00"
2019-11-20,2019112001005299,NABIL,58,58,80,752.00,"60,160.00"
2019-11-20,2019112001005298,NABIL,32,58,100,753.00,"75,300.00"
2019-11-20,2019112001005309,NABIL,49,58,"1,000",750.00,"750,000.00"
2019-11-20,2019112001005308,NABIL,55,58,400,750.00,"300,000.00"
2019-11-20,2019112001005307,NABIL,49,58,"1,000",750.00,"750,000.00"
2019-11-20,2019112001005306,NABIL,22,58,40,750.00,"30,000.00"
2019-11-20,2019112001005305,NABIL,56,58,15,750.00,"11,250.00"
2019-11-20,2019112001005304,NABIL,21,58,10,751.00,"7,510.00"
2019-11-20,2019112001005316,NBB,10,32,80,203.00,"16,240.00"
2019-11-20,2019112001005288,NBB,35,58,300,204.00,"61,200.00"
2019-11-20,2019112001005105,NBB,10,44,54,203.00,"10,962.00"
2019-11-20,2019112001005078,NBB,10,10,80,203.00,"16,240.00"
2019-11-20,2019112001005068,NBB,10,25,56,203.00,"11,368.00"
2019-11-20,2019112001005067,NBB,53,25,78,203.00,"15,834.00"
2019-11-20,2019112001004949,NBB,53,25,72,203.00,"14,616.00"
2019-11-20,2019112001004948,NBB,52,25,200,203.00,"40,600.00"
2019-11-20,2019112001004947,NBB,25,25,30,203.00,"6,090.00"
2019-11-20,2019112001005287,NBL,52,17,300,317.00,"95,100.00"
2019-11-20,2019112001005233,NBL,3,17,20,317.00,"6,340.00"
2019-11-20,2019112001005217,NBL,6,46,167,317.00,"52,939.00"
2019-11-20,2019112001005189,NBL,17,46,90,317.00,"28,530.00"
2019-11-20,2019112001005159,NBL,14,46,43,317.00,"13,631.00"
2019-11-20,2019112001005158,NBL,14,17,957,317.00,"303,369.00"
2019-11-20,2019112001004931,NBL,40,17,100,317.00,"31,700.00"
2019-11-20,2019112001004926,NBL,14,17,313,317.00,"99,221.00"
2019-11-20,2019112001004902,NBL,14,47,"1,687",317.00,"534,779.00"
2019-11-20,2019112001004868,NBL,33,14,150,316.00,"47,400.00"
2019-11-20,2019112001004841,NBL,51,47,300,317.00,"95,100.00"
2019-11-20,2019112001004974,NBL,16,10,427,316.00,"134,932.00"
2019-11-20,2019112001004973,NBL,51,10,500,316.00,"158,000.00"
2019-11-20,2019112001004972,NBL,43,10,200,316.00,"63,200.00"
2019-11-20,2019112001004971,NBL,33,10,50,316.00,"15,800.00"
2019-11-20,2019112001004943,NBL,51,17,100,317.00,"31,700.00"
2019-11-20,2019112001004940,NBL,3,17,30,317.00,"9,510.00"
2019-11-20,2019112001005328,NCCB,33,46,140,201.00,"28,140.00"
2019-11-20,2019112001005327,NCCB,58,46,10,201.00,"2,010.00"
2019-11-20,2019112001005326,NCCB,58,43,115,200.00,"23,000.00"
2019-11-20,2019112001005083,NCCB,4,43,285,200.00,"57,000.00"
2019-11-20,2019112001005257,NGPL,7,51,200,109.00,"21,800.00"
2019-11-20,2019112001005256,NGPL,34,51,"1,000",109.00,"109,000.00"
2019-11-20,2019112001005255,NGPL,43,51,155,109.00,"16,895.00"
2019-11-20,2019112001005227,NGPL,43,17,25,109.00,"2,725.00"
2019-11-20,2019112001005126,NIB,22,25,85,423.00,"35,955.00"
2019-11-20,2019112001005125,NIB,25,25,125,424.00,"53,000.00"
2019-11-20,2019112001005055,NIB,41,25,90,426.00,"38,340.00"
2019-11-20,2019112001005054,NIB,41,41,10,426.00,"4,260.00"
2019-11-20,2019112001005028,NIB,21,11,9,417.00,"3,753.00"
2019-11-20,2019112001004979,NIB,16,53,140,425.00,"59,500.00"
2019-11-20,2019112001005260,NIBPO,25,51,10,389.00,"3,890.00"
2019-11-20,2019112001004877,NIBPO,55,4,80,385.00,"30,800.00"
2019-11-20,2019112001005236,NICA,42,45,50,410.00,"20,500.00"
2019-11-20,2019112001005235,NICA,32,45,73,410.00,"29,930.00"
2019-11-20,2019112001005147,NICA,32,45,500,410.00,"205,000.00"
2019-11-20,2019112001005116,NICA,32,16,150,410.00,"61,500.00"
2019-11-20,2019112001005153,NICL,25,45,10,254.00,"2,540.00"
2019-11-20,2019112001005130,NICL,6,25,88,251.00,"22,088.00"
2019-11-20,2019112001005129,NICL,13,25,28,251.00,"7,028.00"
2019-11-20,2019112001005178,NIL,53,48,100,377.00,"37,700.00"
2019-11-20,2019112001005319,NLBBL,50,22,20,500.00,"10,000.00"
2019-11-20,2019112001005048,NLBBL,50,1,200,500.00,"100,000.00"
2019-11-20,2019112001005049,NLG,42,49,23,523.00,"12,029.00"
2019-11-20,2019112001005323,NLIC,55,39,100,794.00,"79,400.00"
2019-11-20,2019112001005202,NLIC,55,39,220,793.00,"174,460.00"
2019-11-20,2019112001005201,NLIC,32,39,80,793.00,"63,440.00"
2019-11-20,2019112001005146,NLIC,32,44,19,793.00,"15,067.00"
2019-11-20,2019112001004934,NLIC,32,44,100,793.00,"79,300.00"
2019-11-20,2019112001004925,NLIC,55,52,22,792.00,"17,424.00"
2019-11-20,2019112001004909,NLIC,32,44,298,793.00,"236,314.00"
2019-11-20,2019112001004905,NLIC,55,52,22,792.00,"17,424.00"
2019-11-20,2019112001004895,NLIC,38,44,602,793.00,"477,386.00"
2019-11-20,2019112001004893,NLIC,55,52,22,792.00,"17,424.00"
2019-11-20,2019112001005289,NLICL,38,56,30,424.00,"12,720.00"
2019-11-20,2019112001005214,NMB,49,32,500,386.00,"193,000.00"
2019-11-20,2019112001005199,NMB,49,32,418,386.00,"161,348.00"
2019-11-20,2019112001005198,NMB,5,32,50,386.00,"19,300.00"
2019-11-20,2019112001005197,NMB,34,32,13,386.00,"5,018.00"
2019-11-20,2019112001005196,NMB,13,32,19,386.00,"7,334.00"
2019-11-20,2019112001005050,NMB,8,4,100,387.00,"38,700.00"
2019-11-20,2019112001004884,NMB,22,48,130,386.00,"50,180.00"
2019-11-20,2019112001004870,NMB,22,4,50,386.00,"19,300.00"
2019-11-20,2019112001004964,NMB,32,4,75,386.00,"28,950.00"
2019-11-20,2019112001004963,NMB,8,4,200,386.00,"77,200.00"
2019-11-20,2019112001004962,NMB,19,4,100,386.00,"38,600.00"
2019-11-20,2019112001004961,NMB,22,4,444,386.00,"171,384.00"
2019-11-20,2019112001004946,NMB,22,10,"1,000",386.00,"386,000.00"
2019-11-20,2019112001004896,NMB,22,16,100,386.00,"38,600.00"
2019-11-20,2019112001005033,NMB,13,4,69,387.00,"26,703.00"
2019-11-20,2019112001005032,NMB,13,55,931,387.00,"360,297.00"
2019-11-20,2019112001004976,NMB,6,4,20,387.00,"7,740.00"
2019-11-20,2019112001004967,NMB,13,4,81,386.00,"31,266.00"
2019-11-20,2019112001004966,NMB,1,4,500,386.00,"193,000.00"
2019-11-20,2019112001004965,NMB,8,4,100,386.00,"38,600.00"
2019-11-20,2019112001005104,NMFBS,57,10,50,"1,721.00","86,050.00"
2019-11-20,2019112001005103,NMFBS,19,10,20,"1,724.00","34,480.00"
2019-11-20,2019112001005102,NMFBS,35,10,10,"1,725.00","17,250.00"
2019-11-20,2019112001004873,NSEWA,19,25,10,382.00,"3,820.00"
2019-11-20,2019112001005315,NTC,49,50,460,623.00,"286,580.00"
2019-11-20,2019112001005037,NTC,25,33,40,628.00,"25,120.00"
2019-11-20,2019112001005034,NTC,49,42,50,623.00,"31,150.00"
2019-11-20,2019112001005043,NUBL,41,6,60,892.00,"53,520.00"
2019-11-20,2019112001005005,NUBL,45,6,200,893.00,"178,600.00"
2019-11-20,2019112001005207,OHL,44,44,100,413.00,"41,300.00"
2019-11-20,2019112001005187,OHL,44,44,100,413.00,"41,300.00"
2019-11-20,2019112001005176,OHL,44,44,100,413.00,"41,300.00"
2019-11-20,2019112001005148,OHL,44,44,100,413.00,"41,300.00"
2019-11-20,2019112001005128,OHL,44,44,100,413.00,"41,300.00"
2019-11-20,2019112001004829,OHL,38,50,100,412.00,"41,200.00"
2019-11-20,2019112001005069,OHL,44,14,100,414.00,"41,400.00"
2019-11-20,2019112001005064,OHL,44,14,100,414.00,"41,400.00"
2019-11-20,2019112001005047,OHL,44,14,100,414.00,"41,400.00"
2019-11-20,2019112001005117,OHL,44,44,100,413.00,"41,300.00"
2019-11-20,2019112001005111,OHL,44,44,100,413.00,"41,300.00"
2019-11-20,2019112001005107,OHL,44,44,200,413.00,"82,600.00"
2019-11-20,2019112001005106,OHL,44,44,100,413.00,"41,300.00"
2019-11-20,2019112001005213,PCBL,39,58,"1,000",276.00,"276,000.00"
2019-11-20,2019112001005212,PCBL,39,35,"1,506",276.00,"415,656.00"
2019-11-20,2019112001005081,PCBL,58,35,60,276.00,"16,560.00"
2019-11-20,2019112001005046,PCBL,33,35,100,276.00,"27,600.00"
2019-11-20,2019112001004834,PCBL,40,4,32,275.00,"8,800.00"
2019-11-20,2019112001005269,PFL,13,39,200,135.00,"27,000.00"
2019-11-20,2019112001005215,PFL,32,47,13,136.00,"1,768.00"
2019-11-20,2019112001005234,PIC,57,20,100,350.00,"35,000.00"
2019-11-20,2019112001005317,PICL,44,10,120,394.00,"47,280.00"
2019-11-20,2019112001005211,PICL,34,10,100,394.00,"39,400.00"
2019-11-20,2019112001005210,PICL,44,38,300,390.00,"117,000.00"
2019-11-20,2019112001005209,PICL,56,38,50,390.00,"19,500.00"
2019-11-20,2019112001005041,PICL,56,10,10,394.00,"3,940.00"
2019-11-20,2019112001005251,PLIC,45,4,385,307.00,"118,195.00"
2019-11-20,2019112001005250,PLIC,45,4,15,307.00,"4,605.00"
2019-11-20,2019112001005026,PLIC,45,43,30,307.00,"9,210.00"
2019-11-20,2019112001004916,PLIC,25,4,300,308.00,"92,400.00"
2019-11-20,2019112001004915,PLIC,25,38,30,308.00,"9,240.00"
2019-11-20,2019112001004833,PLIC,45,38,20,308.00,"6,160.00"
2019-11-20,2019112001005101,PRIN,42,56,100,311.00,"31,100.00"
2019-11-20,2019112001004938,PRIN,45,57,100,311.00,"31,100.00"
2019-11-20,2019112001005275,PRVU,4,49,350,229.00,"80,150.00"
2019-11-20,2019112001004840,PRVU,37,17,500,229.00,"114,500.00"
2019-11-20,2019112001005027,PRVU,37,42,200,229.00,"45,800.00"
2019-11-20,2019112001005020,PRVU,37,51,873,230.00,"200,790.00"
2019-11-20,2019112001005019,PRVU,37,44,500,230.00,"115,000.00"
2019-11-20,2019112001005018,PRVU,37,19,300,230.00,"69,000.00"
2019-11-20,2019112001005017,PRVU,37,17,200,230.00,"46,000.00"
2019-11-20,2019112001005016,PRVU,37,50,127,230.00,"29,210.00"
2019-11-20,2019112001005073,PRVU,38,38,84,229.00,"19,236.00"
2019-11-20,2019112001005072,PRVU,37,38,214,229.00,"49,006.00"
2019-11-20,2019112001005039,PRVU,38,51,"1,500",230.00,"345,000.00"
2019-11-20,2019112001005075,PRVU,4,38,"2,102",229.00,"481,358.00"
2019-11-20,2019112001005074,PRVU,39,38,100,229.00,"22,900.00"
2019-11-20,2019112001005099,RADHI,19,34,100,145.00,"14,500.00"
2019-11-20,2019112001005023,RBCL,41,56,15,"8,087.00","121,305.00"
2019-11-20,2019112001005015,RBCLPO,55,10,10,"7,220.00","72,200.00"
2019-11-20,2019112001005014,RBCLPO,32,10,10,"7,220.00","72,200.00"
2019-11-20,2019112001005013,RBCLPO,19,10,10,"7,225.00","72,250.00"
2019-11-20,2019112001005012,RBCLPO,19,10,10,"7,230.00","72,300.00"
2019-11-20,2019112001005241,RHPL,55,19,30,164.00,"4,920.00"
2019-11-20,2019112001004858,RHPL,55,39,10,164.00,"1,640.00"
2019-11-20,2019112001004857,RHPL,39,39,30,165.00,"4,950.00"
2019-11-20,2019112001005273,RSDC,43,41,40,284.00,"11,360.00"
2019-11-20,2019112001005272,RSDC,17,41,50,284.00,"14,200.00"
2019-11-20,2019112001005271,RSDC,8,41,50,284.00,"14,200.00"
2019-11-20,2019112001005270,RSDC,37,41,100,284.00,"28,400.00"
2019-11-20,2019112001005290,SABSL,22,34,50,546.00,"27,300.00"
2019-11-20,2019112001005274,SABSL,57,13,29,547.00,"15,863.00"
2019-11-20,2019112001005208,SABSL,19,22,10,545.00,"5,450.00"
2019-11-20,2019112001005206,SABSL,42,58,20,545.00,"10,900.00"
2019-11-20,2019112001005205,SABSL,42,58,20,545.00,"10,900.00"
2019-11-20,2019112001005200,SABSL,59,1,95,545.00,"51,775.00"
2019-11-20,2019112001004830,SABSL,36,47,10,546.00,"5,460.00"
2019-11-20,2019112001004859,SABSL,36,21,10,546.00,"5,460.00"
2019-11-20,2019112001004850,SABSL,36,39,10,546.00,"5,460.00"
2019-11-20,2019112001004846,SABSL,36,21,10,546.00,"5,460.00"
2019-11-20,2019112001004844,SABSL,29,39,10,546.00,"5,460.00"
2019-11-20,2019112001004842,SABSL,29,51,90,546.00,"49,140.00"
2019-11-20,2019112001004837,SABSL,57,39,10,545.00,"5,450.00"
2019-11-20,2019112001004887,SABSL,17,33,10,547.00,"5,470.00"
2019-11-20,2019112001004885,SABSL,57,21,10,545.00,"5,450.00"
2019-11-20,2019112001004871,SABSL,59,21,10,546.00,"5,460.00"
2019-11-20,2019112001004867,SABSL,36,21,10,546.00,"5,460.00"
2019-11-20,2019112001004866,SABSL,36,39,10,546.00,"5,460.00"
2019-11-20,2019112001004860,SABSL,36,57,10,546.00,"5,460.00"
2019-11-20,2019112001004907,SABSL,1,6,10,545.00,"5,450.00"
2019-11-20,2019112001004906,SABSL,1,38,10,545.00,"5,450.00"
2019-11-20,2019112001004901,SABSL,1,52,100,545.00,"54,500.00"
2019-11-20,2019112001004900,SABSL,57,52,50,545.00,"27,250.00"
2019-11-20,2019112001004899,SABSL,13,52,50,546.00,"27,300.00"
2019-11-20,2019112001004894,SABSL,57,21,10,545.00,"5,450.00"
2019-11-20,2019112001004953,SABSL,1,32,10,546.00,"5,460.00"
2019-11-20,2019112001004945,SABSL,45,38,10,544.00,"5,440.00"
2019-11-20,2019112001004944,SABSL,1,6,70,545.00,"38,150.00"
2019-11-20,2019112001004933,SABSL,45,38,10,544.00,"5,440.00"
2019-11-20,2019112001004914,SABSL,22,6,100,545.00,"54,500.00"
2019-11-20,2019112001004913,SABSL,1,6,80,545.00,"43,600.00"
2019-11-20,2019112001005052,SABSL,19,29,10,546.00,"5,460.00"
2019-11-20,2019112001005025,SABSL,1,5,10,546.00,"5,460.00"
2019-11-20,2019112001005024,SABSL,1,13,10,546.00,"5,460.00"
2019-11-20,2019112001004969,SABSL,29,13,20,546.00,"10,920.00"
2019-11-20,2019112001004968,SABSL,29,47,10,545.00,"5,450.00"
2019-11-20,2019112001004954,SABSL,1,13,20,546.00,"10,920.00"
2019-11-20,2019112001005087,SABSL,59,47,10,545.00,"5,450.00"
2019-11-20,2019112001005076,SABSL,45,22,10,546.00,"5,460.00"
2019-11-20,2019112001005058,SABSL,59,21,15,545.00,"8,175.00"
2019-11-20,2019112001005057,SABSL,42,21,20,545.00,"10,900.00"
2019-11-20,2019112001005056,SABSL,19,21,60,545.00,"32,700.00"
2019-11-20,2019112001005053,SABSL,19,5,10,546.00,"5,460.00"
2019-11-20,2019112001005154,SABSL,59,22,10,545.00,"5,450.00"
2019-11-20,2019112001005124,SABSL,59,22,10,545.00,"5,450.00"
2019-11-20,2019112001005114,SABSL,11,13,21,547.00,"11,487.00"
2019-11-20,2019112001005113,SABSL,11,59,10,547.00,"5,470.00"
2019-11-20,2019112001005095,SABSL,1,7,10,546.00,"5,460.00"
2019-11-20,2019112001005094,SABSL,1,57,50,546.00,"27,300.00"
2019-11-20,2019112001005192,SABSL,59,56,10,545.00,"5,450.00"
2019-11-20,2019112001005188,SABSL,59,47,10,545.00,"5,450.00"
2019-11-20,2019112001005183,SABSL,59,56,10,545.00,"5,450.00"
2019-11-20,2019112001005182,SABSL,59,59,10,545.00,"5,450.00"
2019-11-20,2019112001005164,SABSL,59,59,10,545.00,"5,450.00"
2019-11-20,2019112001005157,SABSL,59,56,10,545.00,"5,450.00"
2019-11-20,2019112001005286,SANIMA,58,54,10,306.00,"3,060.00"
2019-11-20,2019112001005285,SANIMA,58,54,10,305.00,"3,050.00"
2019-11-20,2019112001005248,SANIMA,36,54,80,305.00,"24,400.00"
2019-11-20,2019112001005247,SANIMA,38,54,100,305.00,"30,500.00"
2019-11-20,2019112001005246,SANIMA,34,54,50,305.00,"15,250.00"
2019-11-20,2019112001005245,SANIMA,39,54,598,305.00,"182,390.00"
2019-11-20,2019112001005150,SANIMA,47,54,32,306.00,"9,792.00"
2019-11-20,2019112001005149,SANIMA,47,5,168,306.00,"51,408.00"
2019-11-20,2019112001004890,SANIMA,1,54,100,306.00,"30,600.00"
2019-11-20,2019112001004856,SANIMA,45,54,30,306.00,"9,180.00"
2019-11-20,2019112001005186,SAPDBL,10,7,137,121.00,"16,577.00"
2019-11-20,2019112001005086,SAPDBL,44,46,10,120.00,"1,200.00"
2019-11-20,2019112001005085,SAPDBL,36,46,10,120.00,"1,200.00"
2019-11-20,2019112001005084,SAPDBL,45,46,35,120.00,"4,200.00"
2019-11-20,2019112001004978,SAPDBL,10,7,200,121.00,"24,200.00"
2019-11-20,2019112001005261,SBI,49,43,200,391.00,"78,200.00"
2019-11-20,2019112001005252,SBI,49,34,29,391.00,"11,339.00"
2019-11-20,2019112001005123,SBI,49,57,100,392.00,"39,200.00"
2019-11-20,2019112001005122,SBI,49,14,140,392.00,"54,880.00"
2019-11-20,2019112001005121,SBI,49,13,500,392.00,"196,000.00"
2019-11-20,2019112001005120,SBI,49,43,200,392.00,"78,400.00"
2019-11-20,2019112001005119,SBI,49,39,92,391.00,"35,972.00"
2019-11-20,2019112001005118,SBI,49,47,588,391.00,"229,908.00"
2019-11-20,2019112001005038,SBI,6,47,40,391.00,"15,640.00"
2019-11-20,2019112001005042,SBL,52,42,100,283.00,"28,300.00"
2019-11-20,2019112001005244,SCB,41,17,30,550.00,"16,500.00"
2019-11-20,2019112001005059,SCB,14,17,50,550.00,"27,500.00"
2019-11-20,2019112001005190,SDESI,54,7,11,641.00,"7,051.00"
2019-11-20,2019112001005010,SDESI,54,36,23,641.00,"14,743.00"
2019-11-20,2019112001004878,SDESI,54,36,23,641.00,"14,743.00"
2019-11-20,2019112001005127,SFFIL,14,54,80,168.00,"13,440.00"
2019-11-20,2019112001005204,SHIVM,7,37,160,419.00,"67,040.00"
2019-11-20,2019112001005180,SHIVM,17,37,100,416.00,"41,600.00"
2019-11-20,2019112001005179,SHIVM,16,37,740,416.00,"307,840.00"
2019-11-20,2019112001005163,SHIVM,16,37,120,416.00,"49,920.00"
2019-11-20,2019112001005162,SHIVM,10,37,200,417.00,"83,400.00"
2019-11-20,2019112001005161,SHIVM,29,37,70,417.00,"29,190.00"
2019-11-20,2019112001005071,SHIVM,42,37,10,419.00,"4,190.00"
2019-11-20,2019112001004927,SHIVM,46,37,100,419.00,"41,900.00"
2019-11-20,2019112001005139,SHL,34,4,200,211.00,"42,200.00"
2019-11-20,2019112001005138,SHL,57,4,100,211.00,"21,100.00"
2019-11-20,2019112001005181,SHPC,46,46,100,186.00,"18,600.00"
2019-11-20,2019112001004904,SICL,26,56,122,739.00,"90,158.00"
2019-11-20,2019112001004903,SICL,22,56,65,739.00,"48,035.00"
2019-11-20,2019112001005092,SIL,38,50,30,369.00,"11,070.00"
2019-11-20,2019112001004876,SIL,42,50,100,369.00,"36,900.00"
2019-11-20,2019112001005160,SINDU,49,58,749,120.00,"89,880.00"
2019-11-20,2019112001005262,SJCL,40,19,20,157.00,"3,140.00"
2019-11-20,2019112001005065,SJCL,35,35,20,159.00,"3,180.00"
2019-11-20,2019112001005031,SJCL,10,21,10,159.00,"1,590.00"
2019-11-20,2019112001004982,SJCL,10,39,20,158.00,"3,160.00"
2019-11-20,2019112001004981,SJCL,10,57,740,158.00,"116,920.00"
2019-11-20,2019112001004930,SJCL,56,57,10,158.00,"1,580.00"
2019-11-20,2019112001004921,SJCL,40,56,10,157.00,"1,570.00"
2019-11-20,2019112001004869,SJCL,40,26,30,157.00,"4,710.00"
2019-11-20,2019112001004865,SJCL,40,39,20,157.00,"3,140.00"
2019-11-20,2019112001004988,SJCL,10,34,10,158.00,"1,580.00"
2019-11-20,2019112001004987,SJCL,10,39,10,158.00,"1,580.00"
2019-11-20,2019112001004986,SJCL,10,39,10,158.00,"1,580.00"
2019-11-20,2019112001004985,SJCL,10,39,20,158.00,"3,160.00"
2019-11-20,2019112001004984,SJCL,10,39,10,158.00,"1,580.00"
2019-11-20,2019112001004983,SJCL,10,39,20,158.00,"3,160.00"
2019-11-20,2019112001004994,SJCL,10,39,20,158.00,"3,160.00"
2019-11-20,2019112001004993,SJCL,10,39,20,158.00,"3,160.00"
2019-11-20,2019112001004992,SJCL,10,39,20,158.00,"3,160.00"
2019-11-20,2019112001004991,SJCL,10,39,20,158.00,"3,160.00"
2019-11-20,2019112001004990,SJCL,10,39,10,158.00,"1,580.00"
2019-11-20,2019112001004989,SJCL,10,39,20,158.00,"3,160.00"
2019-11-20,2019112001005000,SJCL,10,28,10,158.00,"1,580.00"
2019-11-20,2019112001004999,SJCL,10,44,"1,020",158.00,"161,160.00"
2019-11-20,2019112001004998,SJCL,10,50,20,158.00,"3,160.00"
2019-11-20,2019112001004997,SJCL,10,39,10,158.00,"1,580.00"
2019-11-20,2019112001004996,SJCL,10,39,20,158.00,"3,160.00"
2019-11-20,2019112001004995,SJCL,10,39,20,158.00,"3,160.00"
2019-11-20,2019112001005030,SJCL,10,21,10,159.00,"1,590.00"
2019-11-20,2019112001005029,SJCL,10,49,20,159.00,"3,180.00"
2019-11-20,2019112001005004,SJCL,10,28,10,158.00,"1,580.00"
2019-11-20,2019112001005003,SJCL,10,28,10,158.00,"1,580.00"
2019-11-20,2019112001005002,SJCL,10,28,10,158.00,"1,580.00"
2019-11-20,2019112001005001,SJCL,10,28,10,158.00,"1,580.00"
2019-11-20,2019112001005216,SKBBL,39,4,22,930.00,"20,460.00"
2019-11-20,2019112001005040,SKBBL,42,44,200,937.00,"187,400.00"
2019-11-20,2019112001005258,SLBBL,33,52,50,608.00,"30,400.00"
2019-11-20,2019112001005140,SLBBL,45,5,20,608.00,"12,160.00"
2019-11-20,2019112001005093,SLBBL,45,25,76,608.00,"46,208.00"
2019-11-20,2019112001004939,SLICL,38,51,100,256.00,"25,600.00"
2019-11-20,2019112001004836,SMFBS,6,28,200,795.00,"159,000.00"
2019-11-20,2019112001005193,SRBL,6,13,50,211.00,"10,550.00"
2019-11-20,2019112001005051,SRBL,6,25,99,211.00,"20,889.00"
2019-11-20,2019112001005098,SWBBL,43,22,170,921.00,"156,570.00"
2019-11-20,2019112001005097,SWBBL,36,22,30,923.00,"27,690.00"
2019-11-20,2019112001005096,SWBBL,43,22,100,925.00,"92,500.00"
2019-11-20,2019112001005009,SWBBL,43,39,300,925.00,"277,500.00"
2019-11-20,2019112001005008,SWBBL,21,39,50,925.00,"46,250.00"
2019-11-20,2019112001005007,SWBBL,28,39,100,927.00,"92,700.00"
2019-11-20,2019112001005006,SWBBL,39,39,50,928.00,"46,400.00"
2019-11-20,2019112001004835,TMDBL,14,58,50,144.00,"7,200.00"
2019-11-20,2019112001005259,UMHL,45,43,66,102.00,"6,732.00"
2019-11-20,2019112001005165,UMHL,45,22,20,102.00,"2,040.00"
2019-11-20,2019112001004937,UPCL,26,56,50,73.00,"3,650.00"
2019-11-20,2019112001004936,UPCL,56,57,50,74.00,"3,700.00"
2019-11-20,2019112001005267,UPPER,45,22,300,227.00,"68,100.00"
2019-11-20,2019112001005228,UPPER,25,28,20,228.00,"4,560.00"
2019-11-20,2019112001005110,UPPER,50,25,38,226.00,"8,588.00"
2019-11-20,2019112001005109,UPPER,50,25,195,226.00,"44,070.00"
2019-11-20,2019112001004862,UPPER,45,1,350,227.00,"79,450.00"
2019-11-20,2019112001004861,UPPER,45,45,177,227.00,"40,179.00"
2019-11-20,2019112001004952,UPPER,45,56,50,227.00,"11,350.00"
2019-11-20,2019112001004950,UPPER,56,39,50,228.00,"11,400.00"
2019-11-20,2019112001004929,UPPER,59,39,40,228.00,"9,120.00"
2019-11-20,2019112001004928,UPPER,59,39,40,228.00,"9,120.00"
2019-11-20,2019112001004864,UPPER,45,36,100,227.00,"22,700.00"
2019-11-20,2019112001004863,UPPER,45,3,350,227.00,"79,450.00"
2019-11-20,2019112001005108,UPPER,45,25,23,227.00,"5,221.00"
2019-11-20,2019112001005022,UPPER,8,28,10,228.00,"2,280.00"
2019-11-20,2019112001005021,UPPER,8,28,10,228.00,"2,280.00"
2019-11-20,2019112001005011,UPPER,45,25,50,227.00,"11,350.00"
2019-11-20,2019112001004975,UPPER,41,39,50,228.00,"11,400.00"
2019-11-20,2019112001005268,VLBS,55,22,100,589.00,"58,900.00"
2019-11-20,2019112001004816,ADBL,47,37,30,417.00,"12,510.00"
2019-11-20,2019112001004784,ADBL,38,4,50,416.00,"20,800.00"
2019-11-20,2019112001004606,ADBL,38,14,281,416.00,"116,896.00"
2019-11-20,2019112001004605,ADBL,38,14,"1,000",416.00,"416,000.00"
2019-11-20,2019112001004604,ADBL,26,14,150,416.00,"62,400.00"
2019-11-20,2019112001004603,ADBL,38,14,569,416.00,"236,704.00"
2019-11-20,2019112001004408,ADBL,38,14,431,416.00,"179,296.00"
2019-11-20,2019112001004407,ADBL,5,14,200,416.00,"83,200.00"
2019-11-20,2019112001004406,ADBL,38,14,"1,000",416.00,"416,000.00"
2019-11-20,2019112001004405,ADBL,38,14,369,416.00,"153,504.00"
2019-11-20,2019112001004815,AKBSL,7,42,40,435.00,"17,400.00"
2019-11-20,2019112001004669,AKBSL,7,35,10,432.00,"4,320.00"
2019-11-20,2019112001004644,AKBSL,7,35,10,432.00,"4,320.00"
2019-11-20,2019112001004592,AKBSL,7,16,10,432.00,"4,320.00"
2019-11-20,2019112001004588,AKBSL,7,16,10,432.00,"4,320.00"
2019-11-20,2019112001004485,AKBSL,7,45,100,435.00,"43,500.00"
2019-11-20,2019112001004484,AKBSL,7,3,30,435.00,"13,050.00"
2019-11-20,2019112001004752,AKJCL,35,45,30,55.00,"1,650.00"
2019-11-20,2019112001004685,AKPL,25,44,13,119.00,"1,547.00"
2019-11-20,2019112001004674,AKPL,25,25,10,118.00,"1,180.00"
2019-11-20,2019112001004394,AKPL,10,49,84,116.00,"9,744.00"
2019-11-20,2019112001004370,AKPL,10,22,168,116.00,"19,488.00"
2019-11-20,2019112001004342,ALBSL,57,46,110,398.00,"43,780.00"
2019-11-20,2019112001004762,API,25,41,50,105.00,"5,250.00"
2019-11-20,2019112001004699,API,42,50,520,104.00,"54,080.00"
2019-11-20,2019112001004673,API,42,51,"1,000",104.00,"104,000.00"
2019-11-20,2019112001004672,API,42,41,450,104.00,"46,800.00"
2019-11-20,2019112001004560,API,25,41,40,104.00,"4,160.00"
2019-11-20,2019112001004557,API,38,25,50,103.00,"5,150.00"
2019-11-20,2019112001004556,API,51,25,100,103.00,"10,300.00"
2019-11-20,2019112001004555,API,25,25,50,103.00,"5,150.00"
2019-11-20,2019112001004463,API,40,43,18,102.00,"1,836.00"
2019-11-20,2019112001004596,BOKL,41,39,110,217.00,"23,870.00"
2019-11-20,2019112001004534,BOKL,35,1,190,216.00,"41,040.00"
2019-11-20,2019112001004533,BOKL,7,1,10,216.00,"2,160.00"
2019-11-20,2019112001004451,BOKL,7,43,290,216.00,"62,640.00"
2019-11-20,2019112001004450,BOKL,18,43,100,216.00,"21,600.00"
2019-11-20,2019112001004449,BOKL,44,43,10,216.00,"2,160.00"
2019-11-20,2019112001004417,BOKL,34,39,31,217.00,"6,727.00"
2019-11-20,2019112001004416,BOKL,34,39,69,217.00,"14,973.00"
2019-11-20,2019112001004590,BPCL,56,36,11,348.00,"3,828.00"
2019-11-20,2019112001004587,BPCL,33,56,11,347.00,"3,817.00"
2019-11-20,2019112001004771,CBBL,45,58,200,973.00,"194,600.00"
2019-11-20,2019112001004668,CBBL,36,14,59,969.00,"57,171.00"
2019-11-20,2019112001004570,CBBL,49,54,150,972.00,"145,800.00"
2019-11-20,2019112001004787,CBL,51,57,58,137.00,"7,946.00"
2019-11-20,2019112001004584,CCBL,45,17,877,163.00,"142,951.00"
2019-11-20,2019112001004583,CCBL,58,17,980,163.00,"159,740.00"
2019-11-20,2019112001004582,CCBL,16,17,143,163.00,"23,309.00"
2019-11-20,2019112001004446,CFCL,44,28,100,110.00,"11,000.00"
2019-11-20,2019112001004445,CFCL,32,28,296,111.00,"32,856.00"
2019-11-20,2019112001004354,CHCL,48,11,461,350.00,"161,350.00"
2019-11-20,2019112001004353,CHCL,39,11,554,350.00,"193,900.00"
2019-11-20,2019112001004600,CIT,7,44,30,"1,755.00","52,650.00"
2019-11-20,2019112001004368,CIT,26,6,13,"1,760.00","22,880.00"
2019-11-20,2019112001004367,CIT,26,46,18,"1,760.00","31,680.00"
2019-11-20,2019112001004366,CIT,26,33,19,"1,760.00","33,440.00"
2019-11-20,2019112001004678,CZBIL,7,6,124,184.00,"22,816.00"
2019-11-20,2019112001004677,CZBIL,48,6,100,184.00,"18,400.00"
2019-11-20,2019112001004676,CZBIL,48,6,100,184.00,"18,400.00"
2019-11-20,2019112001004617,CZBIL,45,29,100,185.00,"18,500.00"
2019-11-20,2019112001004714,DBBL,28,54,"1,466",122.00,"178,852.00"
2019-11-20,2019112001004713,DBBL,51,54,34,122.00,"4,148.00"
2019-11-20,2019112001004403,DBBL,29,46,200,123.00,"24,600.00"
2019-11-20,2019112001004593,DDBL,35,4,39,727.00,"28,353.00"
2019-11-20,2019112001004712,EBL,39,44,200,555.00,"111,000.00"
2019-11-20,2019112001004711,EBL,39,46,198,555.00,"109,890.00"
2019-11-20,2019112001004710,EBL,39,57,100,555.00,"55,500.00"
2019-11-20,2019112001004777,GBBL,45,58,64,225.00,"14,400.00"
2019-11-20,2019112001004776,GBBL,1,58,37,225.00,"8,325.00"
2019-11-20,2019112001004716,GBBL,1,14,63,225.00,"14,175.00"
2019-11-20,2019112001004540,GBBL,13,58,300,226.00,"67,800.00"
2019-11-20,2019112001004384,GBLBS,8,7,290,297.00,"86,130.00"
2019-11-20,2019112001004383,GBLBS,42,7,10,297.00,"2,970.00"
2019-11-20,2019112001004382,GBLBS,42,7,50,297.00,"14,850.00"
2019-11-20,2019112001004355,GBLBS,13,19,50,298.00,"14,900.00"
2019-11-20,2019112001004586,GGBSL,36,36,10,576.00,"5,760.00"
2019-11-20,2019112001004369,GILB,6,16,10,746.00,"7,460.00"
2019-11-20,2019112001004336,HBL,44,49,20,482.00,"9,640.00"
2019-11-20,2019112001004335,HBL,3,49,150,482.00,"72,300.00"
2019-11-20,2019112001004334,HBL,50,49,10,484.00,"4,840.00"
2019-11-20,2019112001004333,HBL,14,49,58,485.00,"28,130.00"
2019-11-20,2019112001004708,HDL,16,35,30,"1,774.00","53,220.00"
2019-11-20,2019112001004707,HDL,16,33,200,"1,773.00","354,600.00"
2019-11-20,2019112001004706,HDL,16,34,70,"1,773.00","124,110.00"
2019-11-20,2019112001004738,HIDCL,55,14,140,131.00,"18,340.00"
2019-11-20,2019112001004737,HIDCL,18,14,500,131.00,"65,500.00"
2019-11-20,2019112001004736,HIDCL,56,14,200,131.00,"26,200.00"
2019-11-20,2019112001004735,HIDCL,25,14,100,131.00,"13,100.00"
2019-11-20,2019112001004734,HIDCL,39,14,60,131.00,"7,860.00"
2019-11-20,2019112001004796,ICFC,57,57,49,160.00,"7,840.00"
2019-11-20,2019112001004810,ILBS,41,10,10,481.00,"4,810.00"
2019-11-20,2019112001004809,ILBS,41,7,20,481.00,"9,620.00"
2019-11-20,2019112001004808,ILBS,41,58,40,481.00,"19,240.00"
2019-11-20,2019112001004789,ILBS,41,53,200,480.00,"96,000.00"
2019-11-20,2019112001004788,ILBS,41,44,10,480.00,"4,800.00"
2019-11-20,2019112001004623,ILBS,25,35,10,477.00,"4,770.00"
2019-11-20,2019112001004542,ILBS,25,21,10,477.00,"4,770.00"
2019-11-20,2019112001004332,ILBS,25,42,10,477.00,"4,770.00"
2019-11-20,2019112001004763,JBBL,39,56,10,162.00,"1,620.00"
2019-11-20,2019112001004667,JBBL,39,56,41,162.00,"6,642.00"
2019-11-20,2019112001004666,JBBL,39,19,200,162.00,"32,400.00"
2019-11-20,2019112001004773,JOSHI,3,19,110,61.00,"6,710.00"
2019-11-20,2019112001004597,JOSHI,56,6,20,62.00,"1,240.00"
2019-11-20,2019112001004594,JOSHI,3,56,20,61.00,"1,220.00"
2019-11-20,2019112001004554,JOSHI,3,33,20,61.00,"1,220.00"
2019-11-20,2019112001004794,KBL,13,4,260,179.00,"46,540.00"
2019-11-20,2019112001004722,KBL,13,14,150,179.00,"26,850.00"
2019-11-20,2019112001004561,KBL,22,56,455,180.00,"81,900.00"
2019-11-20,2019112001004537,KBL,38,56,45,180.00,"8,100.00"
2019-11-20,2019112001004811,KKHC,36,57,10,51.00,510.00
2019-11-20,2019112001004792,KRBL,56,17,20,100.00,"2,000.00"
2019-11-20,2019112001004807,KSBBL,38,4,47,135.00,"6,345.00"
2019-11-20,2019112001004805,KSBBL,38,57,200,135.00,"27,000.00"
2019-11-20,2019112001004819,LBBL,32,4,17,169.00,"2,873.00"
2019-11-20,2019112001004705,LBBL,32,1,254,169.00,"42,926.00"
2019-11-20,2019112001004704,LBBL,25,1,200,169.00,"33,800.00"
2019-11-20,2019112001004703,LBBL,33,1,"1,000",169.00,"169,000.00"
2019-11-20,2019112001004702,LBBL,39,1,300,169.00,"50,700.00"
2019-11-20,2019112001004352,LBBL,56,8,16,169.00,"2,704.00"
2019-11-20,2019112001004701,LBBL,14,1,100,169.00,"16,900.00"
2019-11-20,2019112001004700,LBBL,59,1,176,169.00,"29,744.00"
2019-11-20,2019112001004657,LBBL,59,6,24,169.00,"4,056.00"
2019-11-20,2019112001004656,LBBL,56,6,16,169.00,"2,704.00"
2019-11-20,2019112001004499,LBBL,56,1,300,170.00,"51,000.00"
2019-11-20,2019112001004513,LBL,38,32,117,217.00,"25,389.00"
2019-11-20,2019112001004675,LICN,58,59,100,970.00,"97,000.00"
2019-11-20,2019112001004579,LICN,25,14,10,989.00,"9,890.00"
2019-11-20,2019112001004569,LICN,34,34,12,972.00,"11,664.00"
2019-11-20,2019112001004684,MBL,38,14,74,221.00,"16,354.00"
2019-11-20,2019112001004683,MBL,57,14,89,221.00,"19,669.00"
2019-11-20,2019112001004420,MDB,38,28,42,238.00,"9,996.00"
2019-11-20,2019112001004413,MDB,48,28,30,239.00,"7,170.00"
2019-11-20,2019112001004412,MDB,7,28,300,239.00,"71,700.00"
2019-11-20,2019112001004411,MDB,53,28,"1,000",240.00,"240,000.00"
2019-11-20,2019112001004473,MEGA,17,8,60,185.00,"11,100.00"
2019-11-20,2019112001004363,MEGA,49,8,102,184.00,"18,768.00"
2019-11-20,2019112001004476,MEGA,17,8,755,185.00,"139,675.00"
2019-11-20,2019112001004475,MEGA,17,6,85,185.00,"15,725.00"
2019-11-20,2019112001004474,MEGA,17,57,100,185.00,"18,500.00"
2019-11-20,2019112001004791,MERO,54,33,50,417.00,"20,850.00"
2019-11-20,2019112001004790,MERO,45,33,104,417.00,"43,368.00"
2019-11-20,2019112001004756,MERO,45,33,36,417.00,"15,012.00"
2019-11-20,2019112001004755,MERO,14,33,150,417.00,"62,550.00"
2019-11-20,2019112001004754,MERO,29,33,29,417.00,"12,093.00"
2019-11-20,2019112001004753,MERO,44,33,85,418.00,"35,530.00"
2019-11-20,2019112001004374,MERO,41,19,160,419.00,"67,040.00"
2019-11-20,2019112001004373,MERO,50,19,50,420.00,"21,000.00"
2019-11-20,2019112001004744,MERO,44,42,15,418.00,"6,270.00"
2019-11-20,2019112001004743,MERO,42,42,18,418.00,"7,524.00"
2019-11-20,2019112001004572,MERO,36,50,253,419.00,"106,007.00"
2019-11-20,2019112001004571,MERO,58,50,40,420.00,"16,800.00"
2019-11-20,2019112001004376,MERO,42,19,32,418.00,"13,376.00"
2019-11-20,2019112001004375,MERO,39,19,58,418.00,"24,244.00"
2019-11-20,2019112001004548,MFIL,43,28,990,128.00,"126,720.00"
2019-11-20,2019112001004547,MFIL,43,28,"1,000",128.00,"128,000.00"
2019-11-20,2019112001004546,MFIL,43,19,500,128.00,"64,000.00"
2019-11-20,2019112001004545,MFIL,43,47,200,127.00,"25,400.00"
2019-11-20,2019112001004488,MFIL,32,28,"1,000",126.00,"126,000.00"
2019-11-20,2019112001004622,MHNL,51,40,60,82.00,"4,920.00"
2019-11-20,2019112001004532,MHNL,45,40,98,81.00,"7,938.00"
2019-11-20,2019112001004742,MNBBL,52,49,30,315.00,"9,450.00"
2019-11-20,2019112001004415,MNBBL,19,49,100,315.00,"31,500.00"
2019-11-20,2019112001004679,MSLB,1,42,18,860.00,"15,480.00"
2019-11-20,2019112001004633,MSLB,1,42,26,860.00,"22,360.00"
2019-11-20,2019112001004543,MSLB,1,48,105,860.00,"90,300.00"
2019-11-20,2019112001004749,NABIL,19,8,400,754.00,"301,600.00"
2019-11-20,2019112001004748,NABIL,11,8,42,754.00,"31,668.00"
2019-11-20,2019112001004732,NABIL,11,41,58,754.00,"43,732.00"
2019-11-20,2019112001004731,NABIL,59,41,10,754.00,"7,540.00"
2019-11-20,2019112001004730,NABIL,25,41,100,754.00,"75,400.00"
2019-11-20,2019112001004530,NABIL,22,8,15,755.00,"11,325.00"
2019-11-20,2019112001004460,NABIL,22,28,85,755.00,"64,175.00"
2019-11-20,2019112001004452,NABIL,22,28,100,755.00,"75,500.00"
2019-11-20,2019112001004348,NABIL,26,8,40,755.00,"30,200.00"
2019-11-20,2019112001004648,NADEP,48,45,20,395.00,"7,900.00"
2019-11-20,2019112001004639,NADEP,48,44,10,395.00,"3,950.00"
2019-11-20,2019112001004638,NADEP,48,44,10,395.00,"3,950.00"
2019-11-20,2019112001004772,NBB,29,58,200,204.00,"40,800.00"
2019-11-20,2019112001004770,NBB,1,58,255,204.00,"52,020.00"
2019-11-20,2019112001004694,NBB,1,14,45,204.00,"9,180.00"
2019-11-20,2019112001004635,NBB,46,39,500,205.00,"102,500.00"
2019-11-20,2019112001004800,NBL,42,47,250,317.00,"79,250.00"
2019-11-20,2019112001004799,NBL,51,47,200,317.00,"63,400.00"
2019-11-20,2019112001004798,NBL,14,47,563,317.00,"178,471.00"
2019-11-20,2019112001004785,NBL,14,17,"1,500",317.00,"475,500.00"
2019-11-20,2019112001004774,NBL,14,49,62,317.00,"19,654.00"
2019-11-20,2019112001004747,NBL,16,10,20,318.00,"6,360.00"
2019-11-20,2019112001004441,NBL,10,17,"1,000",317.00,"317,000.00"
2019-11-20,2019112001004379,NBL,49,44,150,317.00,"47,550.00"
2019-11-20,2019112001004362,NBL,10,44,850,317.00,"269,450.00"
2019-11-20,2019112001004361,NBL,10,37,150,317.00,"47,550.00"
2019-11-20,2019112001004729,NBL,51,10,100,318.00,"31,800.00"
2019-11-20,2019112001004691,NBL,42,10,600,318.00,"190,800.00"
2019-11-20,2019112001004628,NBL,44,10,200,318.00,"63,600.00"
2019-11-20,2019112001004498,NBL,14,44,875,317.00,"277,375.00"
2019-11-20,2019112001004493,NBL,13,44,100,317.00,"31,700.00"
2019-11-20,2019112001004492,NBL,25,44,25,317.00,"7,925.00"
2019-11-20,2019112001004822,NCCB,45,43,"1,000",200.00,"200,000.00"
2019-11-20,2019112001004806,NCCB,57,43,50,200.00,"10,000.00"
2019-11-20,2019112001004489,NCCB,42,8,51,200.00,"10,200.00"
2019-11-20,2019112001004717,NGPL,13,48,150,110.00,"16,500.00"
2019-11-20,2019112001004343,NGPL,19,48,200,110.00,"22,000.00"
2019-11-20,2019112001004494,NHDL,55,41,20,101.00,"2,020.00"
2019-11-20,2019112001004465,NHDL,55,51,50,103.00,"5,150.00"
2019-11-20,2019112001004431,NHDL,55,41,20,105.00,"2,100.00"
2019-11-20,2019112001004430,NHDL,35,41,20,106.00,"2,120.00"
2019-11-20,2019112001004440,NHPC,32,34,278,50.00,"13,900.00"
2019-11-20,2019112001004439,NHPC,56,34,377,50.00,"18,850.00"
2019-11-20,2019112001004438,NHPC,56,34,500,50.00,"25,000.00"
2019-11-20,2019112001004437,NHPC,14,34,200,51.00,"10,200.00"
2019-11-20,2019112001004436,NHPC,35,34,100,51.00,"5,100.00"
2019-11-20,2019112001004435,NHPC,57,34,50,51.00,"2,550.00"
2019-11-20,2019112001004483,NIB,16,56,117,425.00,"49,725.00"
2019-11-20,2019112001004482,NIB,16,46,500,425.00,"212,500.00"
2019-11-20,2019112001004481,NIB,16,55,44,425.00,"18,700.00"
2019-11-20,2019112001004480,NIB,16,42,200,424.00,"84,800.00"
2019-11-20,2019112001004479,NIB,16,22,192,424.00,"81,408.00"
2019-11-20,2019112001004478,NIB,16,47,30,423.00,"12,690.00"
2019-11-20,2019112001004477,NIB,16,17,"2,242",423.00,"948,366.00"
2019-11-20,2019112001004404,NIB,28,54,176,422.00,"74,272.00"
2019-11-20,2019112001004399,NIBPO,55,36,667,385.00,"256,795.00"
2019-11-20,2019112001004398,NIBPO,28,36,500,386.00,"193,000.00"
2019-11-20,2019112001004397,NIBPO,28,36,500,386.00,"193,000.00"
2019-11-20,2019112001004396,NIBPO,28,36,333,386.00,"128,538.00"
2019-11-20,2019112001004573,NIBSF1,21,34,"1,000",8.48,"8,480.00"
2019-11-20,2019112001004786,NICA,32,28,477,410.00,"195,570.00"
2019-11-20,2019112001004598,NICA,28,54,633,409.00,"258,897.00"
2019-11-20,2019112001004574,NICA,34,54,200,409.00,"81,800.00"
2019-11-20,2019112001004509,NICA,22,10,10,407.00,"4,070.00"
2019-11-20,2019112001004508,NICA,25,10,490,407.00,"199,430.00"
2019-11-20,2019112001004503,NICA,55,54,200,409.00,"81,800.00"
2019-11-20,2019112001004339,NICA,51,32,50,410.00,"20,500.00"
2019-11-20,2019112001004338,NICA,41,32,38,410.00,"15,580.00"
2019-11-20,2019112001004502,NICA,25,39,10,407.00,"4,070.00"
2019-11-20,2019112001004395,NICA,44,28,50,410.00,"20,500.00"
2019-11-20,2019112001004381,NICA,22,45,50,409.00,"20,450.00"
2019-11-20,2019112001004344,NICA,32,28,403,410.00,"165,230.00"
2019-11-20,2019112001004341,NICA,32,32,397,410.00,"162,770.00"
2019-11-20,2019112001004340,NICA,17,32,50,410.00,"20,500.00"
2019-11-20,2019112001004660,NICL,13,10,22,251.00,"5,522.00"
2019-11-20,2019112001004761,NIL,13,43,50,377.00,"18,850.00"
2019-11-20,2019112001004721,NLBBL,57,25,78,500.00,"39,000.00"
2019-11-20,2019112001004720,NLBBL,49,25,16,501.00,"8,016.00"
2019-11-20,2019112001004814,NLG,25,25,10,522.00,"5,220.00"
2019-11-20,2019112001004610,NLIC,32,28,102,793.00,"80,886.00"
2019-11-20,2019112001004609,NLIC,32,44,100,792.00,"79,200.00"
2019-11-20,2019112001004602,NLIC,55,22,37,791.00,"29,267.00"
2019-11-20,2019112001004429,NLIC,32,54,51,790.00,"40,290.00"
2019-11-20,2019112001004414,NLIC,32,58,250,790.00,"197,500.00"
2019-11-20,2019112001004750,NLICL,25,56,100,424.00,"42,400.00"
2019-11-20,2019112001004486,NLICL,26,35,17,425.00,"7,225.00"
2019-11-20,2019112001004468,NLICL,26,59,90,425.00,"38,250.00"
2019-11-20,2019112001004467,NLICL,26,8,353,424.00,"149,672.00"
2019-11-20,2019112001004442,NLICL,1,56,100,423.00,"42,300.00"
2019-11-20,2019112001004827,NMB,22,4,100,386.00,"38,600.00"
2019-11-20,2019112001004795,NMB,41,4,150,387.00,"58,050.00"
2019-11-20,2019112001004793,NMB,42,4,100,387.00,"38,700.00"
2019-11-20,2019112001004759,NMB,56,4,124,387.00,"47,988.00"
2019-11-20,2019112001004758,NMB,56,41,100,387.00,"38,700.00"
2019-11-20,2019112001004740,NMB,11,4,30,387.00,"11,610.00"
2019-11-20,2019112001004443,NMB,32,54,148,385.00,"56,980.00"
2019-11-20,2019112001004402,NMB,32,42,74,385.00,"28,490.00"
2019-11-20,2019112001004389,NMB,32,54,190,385.00,"73,150.00"
2019-11-20,2019112001004372,NMB,32,21,88,385.00,"33,880.00"
2019-11-20,2019112001004371,NMB,25,21,212,385.00,"81,620.00"
2019-11-20,2019112001004349,NMB,25,22,76,385.00,"29,260.00"
2019-11-20,2019112001004551,NMB,8,55,"1,149",386.00,"443,514.00"
2019-11-20,2019112001004497,NMB,40,55,300,386.00,"115,800.00"
2019-11-20,2019112001004462,NMB,29,55,10,386.00,"3,860.00"
2019-11-20,2019112001004454,NMB,13,55,41,386.00,"15,826.00"
2019-11-20,2019112001004453,NMB,13,45,59,386.00,"22,774.00"
2019-11-20,2019112001004444,NMB,13,54,13,385.00,"5,005.00"
2019-11-20,2019112001004688,NMB,8,44,507,387.00,"196,209.00"
2019-11-20,2019112001004687,NMB,8,51,100,387.00,"38,700.00"
2019-11-20,2019112001004686,NMB,8,45,14,387.00,"5,418.00"
2019-11-20,2019112001004681,NMB,22,41,176,386.00,"67,936.00"
2019-11-20,2019112001004680,NMB,32,41,100,386.00,"38,600.00"
2019-11-20,2019112001004552,NMB,8,16,200,386.00,"77,200.00"
2019-11-20,2019112001004698,NMB,8,4,29,387.00,"11,223.00"
2019-11-20,2019112001004697,NMB,8,42,50,387.00,"19,350.00"
2019-11-20,2019112001004696,NMB,8,13,800,387.00,"309,600.00"
2019-11-20,2019112001004695,NMB,8,4,371,387.00,"143,577.00"
2019-11-20,2019112001004690,NMB,8,4,629,387.00,"243,423.00"
2019-11-20,2019112001004689,NMB,8,21,12,387.00,"4,644.00"
2019-11-20,2019112001004745,NTC,25,50,40,629.00,"25,160.00"
2019-11-20,2019112001004358,NTC,59,16,10,629.00,"6,290.00"
2019-11-20,2019112001004357,NTC,59,32,15,624.00,"9,360.00"
2019-11-20,2019112001004400,NUBL,21,50,57,893.00,"50,901.00"
2019-11-20,2019112001004728,OHL,38,33,100,412.00,"41,200.00"
2019-11-20,2019112001004775,PCBL,40,57,14,275.00,"3,850.00"
2019-11-20,2019112001004665,PCBL,34,35,334,276.00,"92,184.00"
2019-11-20,2019112001004664,PCBL,34,6,145,276.00,"40,020.00"
2019-11-20,2019112001004663,PCBL,34,38,34,276.00,"9,384.00"
2019-11-20,2019112001004662,PCBL,34,32,"1,000",276.00,"276,000.00"
2019-11-20,2019112001004661,PCBL,34,58,487,276.00,"134,412.00"
2019-11-20,2019112001004581,PCBL,19,58,119,276.00,"32,844.00"
2019-11-20,2019112001004580,PCBL,19,5,131,276.00,"36,156.00"
2019-11-20,2019112001004670,PFL,59,47,70,136.00,"9,520.00"
2019-11-20,2019112001004378,PFL,13,51,204,136.00,"27,744.00"
2019-11-20,2019112001004377,PFL,13,21,13,136.00,"1,768.00"
2019-11-20,2019112001004461,PIC,37,43,34,354.00,"12,036.00"
2019-11-20,2019112001004659,PLIC,45,4,155,307.00,"47,585.00"
2019-11-20,2019112001004658,PLIC,19,4,145,307.00,"44,515.00"
2019-11-20,2019112001004392,PLIC,49,4,22,306.00,"6,732.00"
2019-11-20,2019112001004391,PLIC,45,4,200,306.00,"61,200.00"
2019-11-20,2019112001004390,PLIC,14,4,80,307.00,"24,560.00"
2019-11-20,2019112001004725,PPCL,56,56,10,103.00,"1,030.00"
2019-11-20,2019112001004626,PPCL,36,36,10,104.00,"1,040.00"
2019-11-20,2019112001004601,PPCL,56,56,10,103.00,"1,030.00"
2019-11-20,2019112001004380,PPCL,56,56,10,103.00,"1,030.00"
2019-11-20,2019112001004541,PROFL,19,35,20,96.00,"1,920.00"
2019-11-20,2019112001004768,PRVU,33,50,73,230.00,"16,790.00"
2019-11-20,2019112001004767,PRVU,33,14,200,230.00,"46,000.00"
2019-11-20,2019112001004766,PRVU,33,34,110,230.00,"25,300.00"
2019-11-20,2019112001004765,PRVU,33,32,30,230.00,"6,900.00"
2019-11-20,2019112001004764,PRVU,33,53,100,230.00,"23,000.00"
2019-11-20,2019112001004723,PRVU,37,11,50,229.00,"11,450.00"
2019-11-20,2019112001004531,PRVU,37,36,36,229.00,"8,244.00"
2019-11-20,2019112001004506,PRVU,4,36,"2,935",229.00,"672,115.00"
2019-11-20,2019112001004505,PRVU,4,8,65,229.00,"14,885.00"
2019-11-20,2019112001004410,PRVU,4,8,600,229.00,"137,400.00"
2019-11-20,2019112001004401,PRVU,49,17,236,228.00,"53,808.00"
2019-11-20,2019112001004620,RBCL,32,56,50,"8,140.00","407,000.00"
2019-11-20,2019112001004616,RBCL,44,56,20,"8,141.00","162,820.00"
2019-11-20,2019112001004655,RHPC,19,42,469,70.00,"32,830.00"
2019-11-20,2019112001004654,RHPC,37,42,500,70.00,"35,000.00"
2019-11-20,2019112001004653,RHPC,13,42,50,70.00,"3,500.00"
2019-11-20,2019112001004652,RHPC,14,42,100,70.00,"7,000.00"
2019-11-20,2019112001004651,RHPC,14,42,100,70.00,"7,000.00"
2019-11-20,2019112001004650,RHPC,37,42,181,70.00,"12,670.00"
2019-11-20,2019112001004643,RHPC,47,42,100,71.00,"7,100.00"
2019-11-20,2019112001004642,RHPC,32,42,"1,000",71.00,"71,000.00"
2019-11-20,2019112001004641,RHPC,22,42,300,71.00,"21,300.00"
2019-11-20,2019112001004640,RHPC,1,42,200,72.00,"14,400.00"
2019-11-20,2019112001004599,RHPC,34,48,136,72.00,"9,792.00"
2019-11-20,2019112001004802,RHPL,56,59,20,166.00,"3,320.00"
2019-11-20,2019112001004801,RHPL,56,21,10,166.00,"1,660.00"
2019-11-20,2019112001004797,RHPL,39,56,30,165.00,"4,950.00"
2019-11-20,2019112001004733,RHPL,39,1,40,165.00,"6,600.00"
2019-11-20,2019112001004608,RHPL,55,56,40,164.00,"6,560.00"
2019-11-20,2019112001004607,RHPL,56,44,40,165.00,"6,600.00"
2019-11-20,2019112001004419,RHPL,56,40,30,164.00,"4,920.00"
2019-11-20,2019112001004418,RHPL,43,56,30,163.00,"4,890.00"
2019-11-20,2019112001004519,RHPL,40,39,40,165.00,"6,600.00"
2019-11-20,2019112001004518,RHPL,40,34,30,165.00,"4,950.00"
2019-11-20,2019112001004517,RHPL,40,44,40,164.00,"6,560.00"
2019-11-20,2019112001004516,RHPL,40,40,10,164.00,"1,640.00"
2019-11-20,2019112001004514,RHPL,43,21,40,163.00,"6,520.00"
2019-11-20,2019112001004448,RHPL,40,40,5,164.00,820.00
2019-11-20,2019112001004525,RHPL,40,44,40,165.00,"6,600.00"
2019-11-20,2019112001004524,RHPL,40,58,10,165.00,"1,650.00"
2019-11-20,2019112001004523,RHPL,40,39,10,165.00,"1,650.00"
2019-11-20,2019112001004522,RHPL,40,39,50,165.00,"8,250.00"
2019-11-20,2019112001004521,RHPL,40,39,40,165.00,"6,600.00"
2019-11-20,2019112001004520,RHPL,40,39,50,165.00,"8,250.00"
2019-11-20,2019112001004558,RHPL,43,21,40,163.00,"6,520.00"
2019-11-20,2019112001004550,RHPL,43,21,10,163.00,"1,630.00"
2019-11-20,2019112001004549,RHPL,40,21,30,165.00,"4,950.00"
2019-11-20,2019112001004528,RHPL,40,44,40,165.00,"6,600.00"
2019-11-20,2019112001004527,RHPL,40,36,30,165.00,"4,950.00"
2019-11-20,2019112001004526,RHPL,40,36,30,165.00,"4,950.00"
2019-11-20,2019112001004783,RMDC,22,43,200,594.00,"118,800.00"
2019-11-20,2019112001004682,RMDC,22,33,100,594.00,"59,400.00"
2019-11-20,2019112001004615,RRHP,56,56,10,100.00,"1,000.00"
2019-11-20,2019112001004826,RSDC,17,41,10,289.00,"2,890.00"
2019-11-20,2019112001004825,RSDC,34,41,50,289.00,"14,450.00"
2019-11-20,2019112001004824,RSDC,56,41,70,290.00,"20,300.00"
2019-11-20,2019112001004782,RSDC,42,41,50,291.00,"14,550.00"
2019-11-20,2019112001004781,RSDC,6,41,60,291.00,"17,460.00"
2019-11-20,2019112001004780,RSDC,40,41,10,291.00,"2,910.00"
2019-11-20,2019112001004779,RSDC,57,41,10,292.00,"2,920.00"
2019-11-20,2019112001004387,RSDC,42,33,11,296.00,"3,256.00"
2019-11-20,2019112001004386,RSDC,42,35,39,295.00,"11,505.00"
2019-11-20,2019112001004828,SABSL,36,56,10,546.00,"5,460.00"
2019-11-20,2019112001004821,SABSL,56,33,10,547.00,"5,470.00"
2019-11-20,2019112001004820,SABSL,36,47,10,546.00,"5,460.00"
2019-11-20,2019112001004813,SABSL,36,51,10,546.00,"5,460.00"
2019-11-20,2019112001004812,SABSL,36,21,10,546.00,"5,460.00"
2019-11-20,2019112001004803,SABSL,36,51,10,546.00,"5,460.00"
2019-11-20,2019112001004331,SABSL,57,1,10,545.00,"5,450.00"
2019-11-20,2019112001004424,SABSL,19,42,10,547.00,"5,470.00"
2019-11-20,2019112001004423,SABSL,19,42,10,547.00,"5,470.00"
2019-11-20,2019112001004422,SABSL,40,20,10,546.00,"5,460.00"
2019-11-20,2019112001004347,SABSL,40,47,10,546.00,"5,460.00"
2019-11-20,2019112001004346,SABSL,40,47,10,546.00,"5,460.00"
2019-11-20,2019112001004345,SABSL,40,47,10,546.00,"5,460.00"
2019-11-20,2019112001004471,SABSL,58,41,10,547.00,"5,470.00"
2019-11-20,2019112001004466,SABSL,19,50,50,547.00,"27,350.00"
2019-11-20,2019112001004428,SABSL,19,5,50,547.00,"27,350.00"
2019-11-20,2019112001004427,SABSL,19,19,10,547.00,"5,470.00"
2019-11-20,2019112001004426,SABSL,19,42,10,547.00,"5,470.00"
2019-11-20,2019112001004425,SABSL,19,19,10,547.00,"5,470.00"
2019-11-20,2019112001004500,SABSL,17,13,10,548.00,"5,480.00"
2019-11-20,2019112001004495,SABSL,19,20,10,547.00,"5,470.00"
2019-11-20,2019112001004491,SABSL,19,58,10,547.00,"5,470.00"
2019-11-20,2019112001004490,SABSL,40,20,10,546.00,"5,460.00"
2019-11-20,2019112001004487,SABSL,40,41,10,546.00,"5,460.00"
2019-11-20,2019112001004472,SABSL,58,20,10,547.00,"5,470.00"
2019-11-20,2019112001004564,SABSL,36,13,10,548.00,"5,480.00"
2019-11-20,2019112001004563,SABSL,36,13,10,548.00,"5,480.00"
2019-11-20,2019112001004562,SABSL,36,29,40,547.00,"21,880.00"
2019-11-20,2019112001004529,SABSL,19,29,20,547.00,"10,940.00"
2019-11-20,2019112001004504,SABSL,19,50,50,547.00,"27,350.00"
2019-11-20,2019112001004501,SABSL,19,20,10,547.00,"5,470.00"
2019-11-20,2019112001004585,SABSL,42,1,10,547.00,"5,470.00"
2019-11-20,2019112001004576,SABSL,40,7,10,548.00,"5,480.00"
2019-11-20,2019112001004568,SABSL,36,8,10,548.00,"5,480.00"
2019-11-20,2019112001004567,SABSL,36,8,10,548.00,"5,480.00"
2019-11-20,2019112001004566,SABSL,36,35,10,548.00,"5,480.00"
2019-11-20,2019112001004565,SABSL,36,13,10,548.00,"5,480.00"
2019-11-20,2019112001004632,SABSL,42,44,10,547.00,"5,470.00"
2019-11-20,2019112001004625,SABSL,42,44,10,547.00,"5,470.00"
2019-11-20,2019112001004621,SABSL,56,35,10,548.00,"5,480.00"
2019-11-20,2019112001004619,SABSL,42,56,10,547.00,"5,470.00"
2019-11-20,2019112001004618,SABSL,36,35,10,548.00,"5,480.00"
2019-11-20,2019112001004614,SABSL,42,49,10,547.00,"5,470.00"
2019-11-20,2019112001004693,SABSL,19,37,10,547.00,"5,470.00"
2019-11-20,2019112001004692,SABSL,19,29,10,547.00,"5,470.00"
2019-11-20,2019112001004671,SABSL,19,44,10,547.00,"5,470.00"
2019-11-20,2019112001004646,SABSL,19,7,60,547.00,"32,820.00"
2019-11-20,2019112001004645,SABSL,42,7,40,547.00,"21,880.00"
2019-11-20,2019112001004637,SABSL,42,44,10,547.00,"5,470.00"
2019-11-20,2019112001004769,SABSL,36,42,10,546.00,"5,460.00"
2019-11-20,2019112001004760,SABSL,36,36,100,546.00,"54,600.00"
2019-11-20,2019112001004757,SABSL,36,1,75,546.00,"40,950.00"
2019-11-20,2019112001004741,SABSL,36,42,90,546.00,"49,140.00"
2019-11-20,2019112001004718,SABSL,36,37,10,546.00,"5,460.00"
2019-11-20,2019112001004709,SABSL,19,44,10,547.00,"5,470.00"
2019-11-20,2019112001004496,SADBL,32,38,231,137.00,"31,647.00"
2019-11-20,2019112001004727,SANIMA,39,14,116,305.00,"35,380.00"
2019-11-20,2019112001004393,SANIMA,39,22,100,305.00,"30,500.00"
2019-11-20,2019112001004823,SBI,57,47,108,391.00,"42,228.00"
2019-11-20,2019112001004507,SBL,20,44,200,284.00,"56,800.00"
2019-11-20,2019112001004739,SCB,41,17,27,550.00,"14,850.00"
2019-11-20,2019112001004577,SCB,57,17,25,550.00,"13,750.00"
2019-11-20,2019112001004631,SEF,3,28,300,8.85,"2,655.00"
2019-11-20,2019112001004511,SEF,3,48,"20,000",8.80,"176,000.00"
2019-11-20,2019112001004818,SFFIL,6,54,100,168.00,"16,800.00"
2019-11-20,2019112001004817,SFFIL,13,54,20,168.00,"3,360.00"
2019-11-20,2019112001004627,SHIVM,35,45,100,417.00,"41,700.00"
2019-11-20,2019112001004624,SHIVM,49,45,500,417.00,"208,500.00"
2019-11-20,2019112001004612,SHIVM,16,35,140,416.00,"58,240.00"
2019-11-20,2019112001004611,SHIVM,58,35,100,416.00,"41,600.00"
2019-11-20,2019112001004578,SHIVM,42,26,25,415.00,"10,375.00"
2019-11-20,2019112001004553,SHIVM,42,25,40,415.00,"16,600.00"
2019-11-20,2019112001004385,SHL,37,58,300,211.00,"63,300.00"
2019-11-20,2019112001004458,SHPC,48,46,951,185.00,"175,935.00"
2019-11-20,2019112001004457,SHPC,6,46,549,185.00,"101,565.00"
2019-11-20,2019112001004456,SHPC,13,46,200,186.00,"37,200.00"
2019-11-20,2019112001004804,SIL,25,25,10,369.00,"3,690.00"
2019-11-20,2019112001004469,SIL,56,25,10,362.00,"3,620.00"
2019-11-20,2019112001004388,SINDU,59,58,10,122.00,"1,220.00"
2019-11-20,2019112001004715,SJCL,40,41,20,157.00,"3,140.00"
2019-11-20,2019112001004630,SJCL,40,56,20,157.00,"3,140.00"
2019-11-20,2019112001004629,SJCL,56,57,20,158.00,"3,160.00"
2019-11-20,2019112001004591,SJCL,40,44,20,157.00,"3,140.00"
2019-11-20,2019112001004589,SJCL,39,57,100,158.00,"15,800.00"
2019-11-20,2019112001004559,SJCL,40,40,20,157.00,"3,140.00"
2019-11-20,2019112001004351,SJCL,40,28,20,156.00,"3,120.00"
2019-11-20,2019112001004337,SJCL,40,59,20,156.00,"3,120.00"
2019-11-20,2019112001004330,SJCL,59,44,20,157.00,"3,140.00"
2019-11-20,2019112001004434,SJCL,56,44,20,157.00,"3,140.00"
2019-11-20,2019112001004433,SJCL,7,56,10,156.00,"1,560.00"
2019-11-20,2019112001004432,SJCL,40,56,10,156.00,"1,560.00"
2019-11-20,2019112001004356,SJCL,14,19,20,157.00,"3,140.00"
2019-11-20,2019112001004544,SJCL,7,21,20,156.00,"3,120.00"
2019-11-20,2019112001004535,SJCL,7,21,20,156.00,"3,120.00"
2019-11-20,2019112001004512,SJCL,7,21,20,156.00,"3,120.00"
2019-11-20,2019112001004470,SLBBL,55,42,100,607.00,"60,700.00"
2019-11-20,2019112001004359,SLBBL,37,40,100,605.00,"60,500.00"
2019-11-20,2019112001004724,SLBSL,11,42,40,712.00,"28,480.00"
2019-11-20,2019112001004719,SLBSL,29,42,20,713.00,"14,260.00"
2019-11-20,2019112001004360,SLBSL,59,59,10,714.00,"7,140.00"
2019-11-20,2019112001004539,SMATA,41,22,10,528.00,"5,280.00"
2019-11-20,2019112001004536,SMATA,41,45,20,525.00,"10,500.00"
2019-11-20,2019112001004746,SMFBS,28,28,50,796.00,"39,800.00"
2019-11-20,2019112001004510,SMFBS,28,33,50,796.00,"39,800.00"
2019-11-20,2019112001004409,SMFBS,28,33,50,796.00,"39,800.00"
2019-11-20,2019112001004329,SMFDB,1,17,72,502.00,"36,144.00"
2019-11-20,2019112001004751,SPDL,45,45,88,85.00,"7,480.00"
2019-11-20,2019112001004726,SPDL,45,45,71,85.00,"6,035.00"
2019-11-20,2019112001004613,SRBL,33,38,890,212.00,"188,680.00"
2019-11-20,2019112001004421,SRBL,6,22,301,211.00,"63,511.00"
2019-11-20,2019112001004636,SWBBL,33,44,80,932.00,"74,560.00"
2019-11-20,2019112001004575,SWBBL,39,17,13,928.00,"12,064.00"
2019-11-20,2019112001004464,TRH,32,6,10,260.00,"2,600.00"
2019-11-20,2019112001004778,UPCL,52,57,20,74.00,"1,480.00"
2019-11-20,2019112001004634,UPCL,56,56,50,74.00,"3,700.00"
2019-11-20,2019112001004447,UPCL,56,56,50,74.00,"3,700.00"
2019-11-20,2019112001004649,UPPER,56,45,50,227.00,"11,350.00"
2019-11-20,2019112001004647,UPPER,50,56,50,226.00,"11,300.00"
2019-11-20,2019112001004595,UPPER,39,45,100,227.00,"22,700.00"
2019-11-20,2019112001004538,UPPER,50,21,40,226.00,"9,040.00"
2019-11-20,2019112001004515,UPPER,50,21,50,226.00,"11,300.00"
2019-11-20,2019112001004459,UPPER,50,56,50,226.00,"11,300.00"
2019-11-20,2019112001004455,UPPER,56,45,50,227.00,"11,350.00"
2019-11-20,2019112001004365,UPPER,50,59,50,226.00,"11,300.00"
2019-11-20,2019112001004364,UPPER,59,45,50,227.00,"11,350.00"
2019-11-20,2019112001004350,UPPER,50,54,40,226.00,"9,040.00"
2019-11-20,2019112001004208,ADBL,38,42,160,416.00,"66,560.00"
2019-11-20,2019112001004121,ADBL,38,56,45,416.00,"18,720.00"
2019-11-20,2019112001004039,ADBL,38,59,13,416.00,"5,408.00"
2019-11-20,2019112001004211,AHPC,57,40,705,95.00,"66,975.00"
2019-11-20,2019112001003865,AHPC,57,37,"1,930",95.00,"183,350.00"
2019-11-20,2019112001003838,AHPC,28,37,10,96.00,960.00
2019-11-20,2019112001004148,AKBSL,43,17,100,431.00,"43,100.00"
2019-11-20,2019112001003989,AKBSL,43,39,10,431.00,"4,310.00"
2019-11-20,2019112001003920,AKBSL,43,58,10,431.00,"4,310.00"
2019-11-20,2019112001003892,AKBSL,43,18,10,431.00,"4,310.00"
2019-11-20,2019112001003855,AKBSL,43,17,100,431.00,"43,100.00"
2019-11-20,2019112001004158,AKJCL,11,45,20,55.00,"1,100.00"
2019-11-20,2019112001003887,AKJCL,11,33,60,55.00,"3,300.00"
2019-11-20,2019112001004171,AKPL,52,39,130,117.00,"15,210.00"
2019-11-20,2019112001004066,AKPL,10,19,57,116.00,"6,612.00"
2019-11-20,2019112001004065,AKPL,51,19,50,116.00,"5,800.00"
2019-11-20,2019112001004064,AKPL,14,19,190,116.00,"22,040.00"
2019-11-20,2019112001004202,ALBSL,14,38,10,396.00,"3,960.00"
2019-11-20,2019112001004037,ALBSL,32,17,70,396.00,"27,720.00"
2019-11-20,2019112001003986,ALBSL,57,39,10,399.00,"3,990.00"
2019-11-20,2019112001004036,ALBSL,14,17,200,397.00,"79,400.00"
2019-11-20,2019112001004035,ALBSL,32,17,30,397.00,"11,910.00"
2019-11-20,2019112001004034,ALBSL,40,17,30,397.00,"11,910.00"
2019-11-20,2019112001004033,ALBSL,40,17,20,397.00,"7,940.00"
2019-11-20,2019112001004032,ALBSL,22,17,50,398.00,"19,900.00"
2019-11-20,2019112001004021,ALBSL,57,17,140,399.00,"55,860.00"
2019-11-20,2019112001003951,ALICL,49,1,850,315.00,"267,750.00"
2019-11-20,2019112001003950,ALICL,49,16,"1,000",314.00,"314,000.00"
2019-11-20,2019112001004182,API,40,42,"1,579",102.00,"161,058.00"
2019-11-20,2019112001004181,API,1,42,300,102.00,"30,600.00"
2019-11-20,2019112001004180,API,51,42,"1,000",102.00,"102,000.00"
2019-11-20,2019112001004179,API,13,42,100,102.00,"10,200.00"
2019-11-20,2019112001004178,API,51,42,21,102.00,"2,142.00"
2019-11-20,2019112001004221,BPCL,44,44,3,341.00,"1,023.00"
2019-11-20,2019112001004217,BPCL,33,42,118,347.00,"40,946.00"
2019-11-20,2019112001004082,BPCL,33,56,11,347.00,"3,817.00"
2019-11-20,2019112001004069,BPCL,56,36,11,348.00,"3,828.00"
2019-11-20,2019112001004207,CBBL,49,58,220,970.00,"213,400.00"
2019-11-20,2019112001004119,CBBL,39,58,80,970.00,"77,600.00"
2019-11-20,2019112001003996,CBBL,19,42,80,968.00,"77,440.00"
2019-11-20,2019112001004288,CBL,29,48,94,138.00,"12,972.00"
2019-11-20,2019112001004254,CBL,29,19,41,138.00,"5,658.00"
2019-11-20,2019112001004252,CBL,29,42,186,138.00,"25,668.00"
2019-11-20,2019112001004111,CBL,57,42,100,139.00,"13,900.00"
2019-11-20,2019112001004307,CCBL,16,48,200,163.00,"32,600.00"
2019-11-20,2019112001003932,CCBL,32,52,85,164.00,"13,940.00"
2019-11-20,2019112001003894,CCBL,16,42,50,163.00,"8,150.00"
2019-11-20,2019112001004283,CHCL,22,22,"1,730",351.00,"607,230.00"
2019-11-20,2019112001004282,CHCL,17,22,250,351.00,"87,750.00"
2019-11-20,2019112001004281,CHCL,56,22,900,351.00,"315,900.00"
2019-11-20,2019112001004280,CHCL,13,22,125,351.00,"43,875.00"
2019-11-20,2019112001004257,CHCL,13,35,52,352.00,"18,304.00"
2019-11-20,2019112001004256,CHCL,16,35,157,352.00,"55,264.00"
2019-11-20,2019112001003962,CHCL,16,50,47,352.00,"16,544.00"
2019-11-20,2019112001003899,CZBIL,29,29,442,185.00,"81,770.00"
2019-11-20,2019112001003898,CZBIL,29,29,58,185.00,"10,730.00"
2019-11-20,2019112001003832,CZBIL,58,29,10,185.00,"1,850.00"
2019-11-20,2019112001004206,DBBL,29,25,78,123.00,"9,594.00"
2019-11-20,2019112001004112,DBBL,57,25,922,123.00,"113,406.00"
2019-11-20,2019112001004087,EBL,35,28,90,552.00,"49,680.00"
2019-11-20,2019112001003895,EBL,41,21,371,551.00,"204,421.00"
2019-11-20,2019112001003876,EBL,41,51,889,551.00,"489,839.00"
2019-11-20,2019112001003875,EBL,6,51,111,551.00,"61,161.00"
2019-11-20,2019112001003861,EBL,6,51,"1,000",551.00,"551,000.00"
2019-11-20,2019112001003854,EBL,6,51,239,551.00,"131,689.00"
2019-11-20,2019112001004193,EIC,6,49,50,218.00,"10,900.00"
2019-11-20,2019112001004128,EIC,41,17,100,216.00,"21,600.00"
2019-11-20,2019112001004127,EIC,17,17,100,216.00,"21,600.00"
2019-11-20,2019112001004126,EIC,44,17,70,216.00,"15,120.00"
2019-11-20,2019112001004125,EIC,34,17,100,217.00,"21,700.00"
2019-11-20,2019112001004124,EIC,22,17,200,217.00,"43,400.00"
2019-11-20,2019112001004123,EIC,45,17,20,217.00,"4,340.00"
2019-11-20,2019112001004116,FMDBL,46,47,100,305.00,"30,500.00"
2019-11-20,2019112001004115,FMDBL,55,47,100,305.00,"30,500.00"
2019-11-20,2019112001004026,GBBL,45,34,499,225.00,"112,275.00"
2019-11-20,2019112001003948,GBBL,38,58,50,226.00,"11,300.00"
2019-11-20,2019112001004219,GBLBS,19,42,85,300.00,"25,500.00"
2019-11-20,2019112001004218,GBLBS,19,45,15,300.00,"4,500.00"
2019-11-20,2019112001003931,GBLBS,42,25,50,298.00,"14,900.00"
2019-11-20,2019112001003930,GBLBS,8,25,410,298.00,"122,180.00"
2019-11-20,2019112001003929,GBLBS,28,25,81,299.00,"24,219.00"
2019-11-20,2019112001003928,GBLBS,8,25,170,299.00,"50,830.00"
2019-11-20,2019112001004314,GGBSL,36,57,10,576.00,"5,760.00"
2019-11-20,2019112001003852,GGBSL,36,20,10,576.00,"5,760.00"
2019-11-20,2019112001004184,GLBSL,56,56,10,401.00,"4,010.00"
2019-11-20,2019112001004264,GLICL,49,42,104,350.00,"36,400.00"
2019-11-20,2019112001004242,GLICL,48,42,100,350.00,"35,000.00"
2019-11-20,2019112001004241,GLICL,54,42,300,350.00,"105,000.00"
2019-11-20,2019112001004240,GLICL,58,42,300,350.00,"105,000.00"
2019-11-20,2019112001004239,GLICL,29,42,40,350.00,"14,000.00"
2019-11-20,2019112001004238,GLICL,35,42,50,351.00,"17,550.00"
2019-11-20,2019112001004237,GLICL,49,42,50,352.00,"17,600.00"
2019-11-20,2019112001004236,GLICL,42,42,50,352.00,"17,600.00"
2019-11-20,2019112001004143,GMFBS,13,39,30,495.00,"14,850.00"
2019-11-20,2019112001004142,GMFBS,38,39,40,495.00,"19,800.00"
2019-11-20,2019112001004141,GMFBS,39,39,10,496.00,"4,960.00"
2019-11-20,2019112001004113,GMFBS,39,42,10,496.00,"4,960.00"
2019-11-20,2019112001004029,GMFBS,39,56,10,496.00,"4,960.00"
2019-11-20,2019112001004028,GMFBS,58,1,10,500.00,"5,000.00"
2019-11-20,2019112001003998,GMFBS,39,17,50,496.00,"24,800.00"
2019-11-20,2019112001004049,HBL,14,59,12,485.00,"5,820.00"
2019-11-20,2019112001004122,HDL,35,7,50,"1,765.00","88,250.00"
2019-11-20,2019112001004110,HDL,22,7,13,"1,765.00","22,945.00"
2019-11-20,2019112001004083,HDL,1,7,12,"1,765.00","21,180.00"
2019-11-20,2019112001003946,HIDCL,25,48,61,131.00,"7,991.00"
2019-11-20,2019112001003927,HIDCL,19,42,110,130.00,"14,300.00"
2019-11-20,2019112001004047,HPPL,45,19,240,133.00,"31,920.00"
2019-11-20,2019112001004038,HPPL,40,19,40,134.00,"5,360.00"
2019-11-20,2019112001004322,ILBS,25,42,10,477.00,"4,770.00"
2019-11-20,2019112001004312,ILBS,59,59,10,478.00,"4,780.00"
2019-11-20,2019112001004205,ILBS,56,56,10,478.00,"4,780.00"
2019-11-20,2019112001004166,ILBS,25,21,10,477.00,"4,770.00"
2019-11-20,2019112001004145,ILBS,1,58,90,481.00,"43,290.00"
2019-11-20,2019112001004144,ILBS,1,38,10,480.00,"4,800.00"
2019-11-20,2019112001003862,ILBS,25,58,10,477.00,"4,770.00"
2019-11-20,2019112001003918,JBBL,32,42,34,161.00,"5,474.00"
2019-11-20,2019112001003917,JBBL,35,42,469,161.00,"75,509.00"
2019-11-20,2019112001003844,JBBL,35,5,31,161.00,"4,991.00"
2019-11-20,2019112001003843,JBBL,17,5,100,161.00,"16,100.00"
2019-11-20,2019112001004220,JOSHI,56,56,20,60.00,"1,200.00"
2019-11-20,2019112001004135,KBL,13,19,85,179.00,"15,215.00"
2019-11-20,2019112001004263,KKHC,49,13,10,50.00,500.00
2019-11-20,2019112001003858,LBL,22,32,200,217.00,"43,400.00"
2019-11-20,2019112001003857,LBL,45,32,43,217.00,"9,331.00"
2019-11-20,2019112001004302,LGIL,49,42,80,315.00,"25,200.00"
2019-11-20,2019112001003864,LGIL,49,50,"2,665",315.00,"839,475.00"
2019-11-20,2019112001004311,LICN,25,59,100,953.00,"95,300.00"
2019-11-20,2019112001004310,LICN,14,59,11,953.00,"10,483.00"
2019-11-20,2019112001004309,LICN,45,59,100,954.00,"95,400.00"
2019-11-20,2019112001004308,LICN,20,59,10,957.00,"9,570.00"
2019-11-20,2019112001004276,LICN,25,59,"1,000",955.00,"955,000.00"
2019-11-20,2019112001004275,LICN,20,59,100,956.00,"95,600.00"
2019-11-20,2019112001004274,LICN,40,59,40,956.00,"38,240.00"
2019-11-20,2019112001004273,LICN,25,59,30,959.00,"28,770.00"
2019-11-20,2019112001004272,LICN,25,59,100,971.00,"97,100.00"
2019-11-20,2019112001003874,LICN,20,14,50,972.00,"48,600.00"
2019-11-20,2019112001003873,LICN,25,14,100,972.00,"97,200.00"
2019-11-20,2019112001004163,MBL,22,46,25,223.00,"5,575.00"
2019-11-20,2019112001004162,MBL,22,58,50,223.00,"11,150.00"
2019-11-20,2019112001004161,MBL,22,22,100,223.00,"22,300.00"
2019-11-20,2019112001003926,MEGA,49,50,313,184.00,"57,592.00"
2019-11-20,2019112001004093,MEGA,49,21,104,184.00,"19,136.00"
2019-11-20,2019112001004061,MEGA,49,11,15,184.00,"2,760.00"
2019-11-20,2019112001004183,MEGA,49,42,100,184.00,"18,400.00"
2019-11-20,2019112001004235,MEGA,49,11,15,184.00,"2,760.00"
2019-11-20,2019112001003883,MFIL,43,19,490,128.00,"62,720.00"
2019-11-20,2019112001003882,MFIL,43,28,"1,500",128.00,"192,000.00"
2019-11-20,2019112001004011,MHNL,47,59,45,80.00,"3,600.00"
2019-11-20,2019112001004201,MLBL,1,52,473,174.00,"82,302.00"
2019-11-20,2019112001004200,MLBL,32,52,300,174.00,"52,200.00"
2019-11-20,2019112001004199,MLBL,59,52,"1,000",174.00,"174,000.00"
2019-11-20,2019112001004198,MLBL,59,52,"1,000",174.00,"174,000.00"
2019-11-20,2019112001004197,MLBL,28,52,27,174.00,"4,698.00"
2019-11-20,2019112001004196,MLBL,47,52,200,175.00,"35,000.00"
2019-11-20,2019112001003907,MLBL,40,52,338,175.00,"59,150.00"
2019-11-20,2019112001003906,MLBL,49,52,500,175.00,"87,500.00"
2019-11-20,2019112001003905,MLBL,56,52,200,175.00,"35,000.00"
2019-11-20,2019112001003904,MLBL,59,52,500,175.00,"87,500.00"
2019-11-20,2019112001003903,MLBL,32,52,500,176.00,"88,000.00"
2019-11-20,2019112001003902,MLBL,59,52,939,176.00,"165,264.00"
2019-11-20,2019112001004173,MLBL,52,52,"10,000",172.00,"1,720,000.00"
2019-11-20,2019112001003912,MLBL,28,52,173,174.00,"30,102.00"
2019-11-20,2019112001003911,MLBL,49,52,"1,000",174.00,"174,000.00"
2019-11-20,2019112001003910,MLBL,32,52,500,174.00,"87,000.00"
2019-11-20,2019112001003909,MLBL,56,52,200,175.00,"35,000.00"
2019-11-20,2019112001003908,MLBL,40,52,150,175.00,"26,250.00"
2019-11-20,2019112001004279,MNBBL,11,49,668,314.00,"209,752.00"
2019-11-20,2019112001004262,MNBBL,11,17,152,314.00,"47,728.00"
2019-11-20,2019112001004261,MNBBL,5,17,100,314.00,"31,400.00"
2019-11-20,2019112001004260,MNBBL,35,17,180,314.00,"56,520.00"
2019-11-20,2019112001004052,MSMBS,39,17,50,462.00,"23,100.00"
2019-11-20,2019112001004051,MSMBS,32,17,100,462.00,"46,200.00"
2019-11-20,2019112001004050,MSMBS,55,17,60,465.00,"27,900.00"
2019-11-20,2019112001004246,NABIL,26,19,60,755.00,"45,300.00"
2019-11-20,2019112001004008,NABIL,13,8,500,755.00,"377,500.00"
2019-11-20,2019112001004007,NABIL,40,8,170,755.00,"128,350.00"
2019-11-20,2019112001004313,NADEP,44,8,10,393.00,"3,930.00"
2019-11-20,2019112001004304,NADEP,48,8,10,392.00,"3,920.00"
2019-11-20,2019112001004063,NADEP,44,45,20,392.00,"7,840.00"
2019-11-20,2019112001004165,NBB,10,39,500,205.00,"102,500.00"
2019-11-20,2019112001004188,NBL,5,37,50,317.00,"15,850.00"
2019-11-20,2019112001004187,NBL,5,17,260,317.00,"82,420.00"
2019-11-20,2019112001004175,NBL,21,17,50,317.00,"15,850.00"
2019-11-20,2019112001004149,NBL,55,17,300,317.00,"95,100.00"
2019-11-20,2019112001004078,NBL,10,17,90,317.00,"28,530.00"
2019-11-20,2019112001004059,NBL,8,17,800,317.00,"253,600.00"
2019-11-20,2019112001003957,NBL,58,17,790,317.00,"250,430.00"
2019-11-20,2019112001003956,NBL,8,17,710,317.00,"225,070.00"
2019-11-20,2019112001003850,NBL,40,10,50,318.00,"15,900.00"
2019-11-20,2019112001003994,NBL,8,38,150,317.00,"47,550.00"
2019-11-20,2019112001003969,NBL,8,17,790,317.00,"250,430.00"
2019-11-20,2019112001003968,NBL,14,17,710,317.00,"225,070.00"
2019-11-20,2019112001003961,NBL,14,17,290,317.00,"91,930.00"
2019-11-20,2019112001003960,NBL,14,17,"1,000",317.00,"317,000.00"
2019-11-20,2019112001003959,NBL,58,17,210,317.00,"66,570.00"
2019-11-20,2019112001004040,NBL,38,28,190,317.00,"60,230.00"
2019-11-20,2019112001004031,NBL,5,28,10,317.00,"3,170.00"
2019-11-20,2019112001004024,NBL,5,39,240,317.00,"76,080.00"
2019-11-20,2019112001004023,NBL,7,39,600,317.00,"190,200.00"
2019-11-20,2019112001004022,NBL,8,39,60,317.00,"19,020.00"
2019-11-20,2019112001004010,NBL,8,39,"1,000",317.00,"317,000.00"
2019-11-20,2019112001004316,NCCB,4,44,215,200.00,"43,000.00"
2019-11-20,2019112001004266,NCCB,25,44,100,200.00,"20,000.00"
2019-11-20,2019112001004265,NCCB,13,44,685,200.00,"137,000.00"
2019-11-20,2019112001004195,NCCB,13,11,21,200.00,"4,200.00"
2019-11-20,2019112001004151,NCCB,13,19,63,200.00,"12,600.00"
2019-11-20,2019112001004114,NCCB,13,22,"1,000",200.00,"200,000.00"
2019-11-20,2019112001004080,NCCB,13,43,"1,000",200.00,"200,000.00"
2019-11-20,2019112001003987,NCCB,13,13,231,200.00,"46,200.00"
2019-11-20,2019112001004321,NGPL,19,46,300,110.00,"33,000.00"
2019-11-20,2019112001004251,NGPL,51,48,200,110.00,"22,000.00"
2019-11-20,2019112001004255,NHDL,35,39,20,107.00,"2,140.00"
2019-11-20,2019112001004232,NHDL,42,56,500,108.00,"54,000.00"
2019-11-20,2019112001004231,NHDL,42,56,500,108.00,"54,000.00"
2019-11-20,2019112001004170,NHDL,49,39,90,109.00,"9,810.00"
2019-11-20,2019112001004130,NHDL,49,42,10,111.00,"1,110.00"
2019-11-20,2019112001004247,NIBPO,28,50,167,386.00,"64,462.00"
2019-11-20,2019112001003835,NIBSF1,20,49,"1,000",8.32,"8,320.00"
2019-11-20,2019112001004306,NICA,41,14,162,410.00,"66,420.00"
2019-11-20,2019112001004305,NICA,13,14,450,410.00,"184,500.00"
2019-11-20,2019112001004292,NICA,13,28,750,410.00,"307,500.00"
2019-11-20,2019112001004291,NICA,36,28,50,410.00,"20,500.00"
2019-11-20,2019112001004290,NICA,48,28,200,410.00,"82,000.00"
2019-11-20,2019112001004289,NICA,48,58,300,410.00,"123,000.00"
2019-11-20,2019112001004278,NICA,11,28,10,411.00,"4,110.00"
2019-11-20,2019112001004249,NICA,49,28,60,411.00,"24,660.00"
2019-11-20,2019112001003830,NICA,49,14,340,411.00,"139,740.00"
2019-11-20,2019112001003829,NICA,16,14,160,411.00,"65,760.00"
2019-11-20,2019112001004086,NICGF,22,6,500,8.80,"4,400.00"
2019-11-20,2019112001004176,NICL,43,17,240,250.00,"60,000.00"
2019-11-20,2019112001004075,NICL,28,17,96,250.00,"24,000.00"
2019-11-20,2019112001004074,NICL,44,17,500,250.00,"125,000.00"
2019-11-20,2019112001004073,NICL,26,17,30,251.00,"7,530.00"
2019-11-20,2019112001004072,NICL,56,17,10,252.00,"2,520.00"
2019-11-20,2019112001004071,NICL,11,17,27,252.00,"6,804.00"
2019-11-20,2019112001004070,NICL,36,17,19,252.00,"4,788.00"
2019-11-20,2019112001003997,NLBBL,57,42,22,500.00,"11,000.00"
2019-11-20,2019112001004077,NLIC,16,45,186,790.00,"146,940.00"
2019-11-20,2019112001003995,NLIC,29,22,90,789.00,"71,010.00"
2019-11-20,2019112001003934,NLIC,25,42,22,789.00,"17,358.00"
2019-11-20,2019112001003921,NLIC,19,22,20,788.00,"15,760.00"
2019-11-20,2019112001003867,NLIC,40,45,14,790.00,"11,060.00"
2019-11-20,2019112001003866,NLIC,40,38,86,788.00,"67,768.00"
2019-11-20,2019112001003972,NLICL,39,47,55,417.00,"22,935.00"
2019-11-20,2019112001003954,NLICL,39,47,20,417.00,"8,340.00"
2019-11-20,2019112001003953,NLICL,50,47,10,418.00,"4,180.00"
2019-11-20,2019112001003952,NLICL,1,47,25,418.00,"10,450.00"
2019-11-20,2019112001004192,NMB,50,45,51,386.00,"19,686.00"
2019-11-20,2019112001004157,NMB,50,55,79,386.00,"30,494.00"
2019-11-20,2019112001004156,NMB,45,55,200,386.00,"77,200.00"
2019-11-20,2019112001004155,NMB,52,55,300,386.00,"115,800.00"
2019-11-20,2019112001004154,NMB,22,55,121,386.00,"46,706.00"
2019-11-20,2019112001004147,NMB,22,6,879,386.00,"339,294.00"
2019-11-20,2019112001004146,NMB,5,6,121,386.00,"46,706.00"
2019-11-20,2019112001003848,NMB,25,42,12,385.00,"4,620.00"
2019-11-20,2019112001003847,NMB,58,42,103,385.00,"39,655.00"
2019-11-20,2019112001003837,NMB,55,42,50,386.00,"19,300.00"
2019-11-20,2019112001003831,NMB,55,32,"1,419",386.00,"547,734.00"
2019-11-20,2019112001004293,NMBMF,57,38,70,479.00,"33,530.00"
2019-11-20,2019112001003897,NNLB,58,17,12,455.00,"5,460.00"
2019-11-20,2019112001003896,NNLB,1,17,40,456.00,"18,240.00"
2019-11-20,2019112001004030,NTC,29,32,50,623.00,"31,150.00"
2019-11-20,2019112001004025,NTC,16,32,100,623.00,"62,300.00"
2019-11-20,2019112001004014,NTC,41,32,10,624.00,"6,240.00"
2019-11-20,2019112001004013,NTC,26,32,15,624.00,"9,360.00"
2019-11-20,2019112001004012,NTC,26,17,185,624.00,"115,440.00"
2019-11-20,2019112001003947,NTC,48,50,500,625.00,"312,500.00"
2019-11-20,2019112001004017,OHL,38,45,100,412.00,"41,200.00"
2019-11-20,2019112001004212,PCBL,40,19,64,275.00,"17,600.00"
2019-11-20,2019112001004085,PCBL,32,58,200,276.00,"55,200.00"
2019-11-20,2019112001004084,PCBL,32,58,200,276.00,"55,200.00"
2019-11-20,2019112001003976,PCBL,41,58,200,276.00,"55,200.00"
2019-11-20,2019112001004138,PFL,13,41,26,135.00,"3,510.00"
2019-11-20,2019112001004137,PIC,5,56,65,351.00,"22,815.00"
2019-11-20,2019112001004109,PLIC,29,38,150,308.00,"46,200.00"
2019-11-20,2019112001004317,PRVU,35,8,300,229.00,"68,700.00"
2019-11-20,2019112001004191,PRVU,49,19,36,228.00,"8,208.00"
2019-11-20,2019112001004190,PRVU,51,8,35,229.00,"8,015.00"
2019-11-20,2019112001004189,PRVU,51,45,25,229.00,"5,725.00"
2019-11-20,2019112001004004,PRVU,49,42,175,228.00,"39,900.00"
2019-11-20,2019112001003846,PRVU,40,45,25,229.00,"5,725.00"
2019-11-20,2019112001003845,PRVU,40,45,75,229.00,"17,175.00"
2019-11-20,2019112001004003,PRVU,4,42,25,228.00,"5,700.00"
2019-11-20,2019112001003967,PRVU,4,17,975,228.00,"222,300.00"
2019-11-20,2019112001003966,PRVU,13,17,350,228.00,"79,800.00"
2019-11-20,2019112001003965,PRVU,6,17,250,228.00,"57,000.00"
2019-11-20,2019112001003964,PRVU,52,17,50,228.00,"11,400.00"
2019-11-20,2019112001003963,PRVU,4,17,375,228.00,"85,500.00"
2019-11-20,2019112001004194,RADHI,41,34,11,146.00,"1,606.00"
2019-11-20,2019112001004131,RADHI,19,41,11,145.00,"1,595.00"
2019-11-20,2019112001004303,RBCL,34,56,25,"8,200.00","205,000.00"
2019-11-20,2019112001003859,RBCL,34,36,20,"8,200.00","164,000.00"
2019-11-20,2019112001004320,RHPC,32,48,"1,800",71.00,"127,800.00"
2019-11-20,2019112001004318,RHPC,37,8,19,70.00,"1,330.00"
2019-11-20,2019112001004277,RHPC,51,48,200,71.00,"14,200.00"
2019-11-20,2019112001004001,RHPC,11,48,300,70.00,"21,000.00"
2019-11-20,2019112001004000,RHPC,4,48,232,70.00,"16,240.00"
2019-11-20,2019112001003913,RHPC,11,48,200,71.00,"14,200.00"
2019-11-20,2019112001003999,RHPC,28,48,600,70.00,"42,000.00"
2019-11-20,2019112001003978,RHPC,28,17,400,70.00,"28,000.00"
2019-11-20,2019112001003977,RHPC,52,17,100,70.00,"7,000.00"
2019-11-20,2019112001003916,RHPC,19,48,800,70.00,"56,000.00"
2019-11-20,2019112001003915,RHPC,11,48,500,70.00,"35,000.00"
2019-11-20,2019112001003914,RHPC,59,48,288,70.00,"20,160.00"
2019-11-20,2019112001004319,RHPL,59,59,40,164.00,"6,560.00"
2019-11-20,2019112001004169,RHPL,6,40,25,164.00,"4,100.00"
2019-11-20,2019112001004168,RHPL,6,51,30,164.00,"4,920.00"
2019-11-20,2019112001004167,RHPL,6,51,20,164.00,"3,280.00"
2019-11-20,2019112001004160,RHPL,43,39,40,163.00,"6,520.00"
2019-11-20,2019112001004140,RHPL,49,51,10,164.00,"1,640.00"
2019-11-20,2019112001004055,RHPL,39,42,40,165.00,"6,600.00"
2019-11-20,2019112001004054,RHPL,39,40,10,165.00,"1,650.00"
2019-11-20,2019112001004053,RHPL,39,17,60,165.00,"9,900.00"
2019-11-20,2019112001003982,RHPL,52,40,30,164.00,"4,920.00"
2019-11-20,2019112001003944,RHPL,52,40,30,164.00,"4,920.00"
2019-11-20,2019112001003853,RHPL,52,40,30,164.00,"4,920.00"
2019-11-20,2019112001004132,RHPL,49,51,30,164.00,"4,920.00"
2019-11-20,2019112001004118,RHPL,49,51,10,164.00,"1,640.00"
2019-11-20,2019112001004117,RHPL,58,51,20,164.00,"3,280.00"
2019-11-20,2019112001004058,RHPL,58,56,30,164.00,"4,920.00"
2019-11-20,2019112001004057,RHPL,39,34,10,165.00,"1,650.00"
2019-11-20,2019112001004056,RHPL,39,49,40,165.00,"6,600.00"
2019-11-20,2019112001003900,RRHP,57,20,10,99.00,990.00
2019-11-20,2019112001003886,RRHP,57,20,10,99.00,990.00
2019-11-20,2019112001003881,RRHP,57,20,10,99.00,990.00
2019-11-20,2019112001003872,RRHP,57,20,10,99.00,990.00
2019-11-20,2019112001003863,RRHP,57,20,10,99.00,990.00
2019-11-20,2019112001004300,SABSL,40,47,10,546.00,"5,460.00"
2019-11-20,2019112001004299,SABSL,40,47,10,546.00,"5,460.00"
2019-11-20,2019112001004298,SABSL,40,47,10,546.00,"5,460.00"
2019-11-20,2019112001004297,SABSL,40,44,10,546.00,"5,460.00"
2019-11-20,2019112001004287,SABSL,14,47,10,546.00,"5,460.00"
2019-11-20,2019112001004286,SABSL,14,39,10,546.00,"5,460.00"
2019-11-20,2019112001003893,SABSL,40,39,10,547.00,"5,470.00"
2019-11-20,2019112001003885,SABSL,26,39,10,546.00,"5,460.00"
2019-11-20,2019112001003878,SABSL,26,39,10,546.00,"5,460.00"
2019-11-20,2019112001003860,SABSL,26,39,10,546.00,"5,460.00"
2019-11-20,2019112001003980,SABSL,40,39,10,547.00,"5,470.00"
2019-11-20,2019112001003970,SABSL,40,33,10,547.00,"5,470.00"
2019-11-20,2019112001003936,SABSL,52,13,10,548.00,"5,480.00"
2019-11-20,2019112001003935,SABSL,52,13,10,548.00,"5,480.00"
2019-11-20,2019112001003919,SABSL,40,39,10,547.00,"5,470.00"
2019-11-20,2019112001003901,SABSL,40,58,10,547.00,"5,470.00"
2019-11-20,2019112001004042,SABSL,26,39,10,546.00,"5,460.00"
2019-11-20,2019112001004041,SABSL,6,5,50,547.00,"27,350.00"
2019-11-20,2019112001004020,SABSL,40,5,40,547.00,"21,880.00"
2019-11-20,2019112001004016,SABSL,58,13,10,548.00,"5,480.00"
2019-11-20,2019112001004015,SABSL,58,13,10,548.00,"5,480.00"
2019-11-20,2019112001004006,SABSL,40,33,10,547.00,"5,470.00"
2019-11-20,2019112001004153,SABSL,36,39,10,546.00,"5,460.00"
2019-11-20,2019112001004152,SABSL,36,39,10,546.00,"5,460.00"
2019-11-20,2019112001004068,SABSL,36,39,10,546.00,"5,460.00"
2019-11-20,2019112001004045,SABSL,36,7,30,546.00,"16,380.00"
2019-11-20,2019112001004044,SABSL,51,7,40,546.00,"21,840.00"
2019-11-20,2019112001004043,SABSL,26,7,130,546.00,"70,980.00"
2019-11-20,2019112001004285,SABSL,14,47,10,546.00,"5,460.00"
2019-11-20,2019112001004284,SABSL,14,39,10,546.00,"5,460.00"
2019-11-20,2019112001004230,SABSL,36,47,10,546.00,"5,460.00"
2019-11-20,2019112001004228,SABSL,36,39,10,546.00,"5,460.00"
2019-11-20,2019112001004209,SABSL,36,39,10,546.00,"5,460.00"
2019-11-20,2019112001004172,SABSL,36,39,10,546.00,"5,460.00"
2019-11-20,2019112001004096,SANIMA,39,17,728,305.00,"222,040.00"
2019-11-20,2019112001004095,SANIMA,42,17,500,305.00,"152,500.00"
2019-11-20,2019112001004094,SANIMA,32,17,69,305.00,"21,045.00"
2019-11-20,2019112001003925,SANIMA,35,17,20,306.00,"6,120.00"
2019-11-20,2019112001003924,SANIMA,50,17,50,306.00,"15,300.00"
2019-11-20,2019112001003923,SANIMA,35,17,50,306.00,"15,300.00"
2019-11-20,2019112001003922,SANIMA,49,17,83,306.00,"25,398.00"
2019-11-20,2019112001003856,SANIMA,40,44,150,307.00,"46,050.00"
2019-11-20,2019112001004294,SBL,28,44,200,284.00,"56,800.00"
2019-11-20,2019112001003975,SBL,52,13,54,283.00,"15,282.00"
2019-11-20,2019112001003974,SBL,42,13,400,283.00,"113,200.00"
2019-11-20,2019112001003973,SBL,32,13,46,283.00,"13,018.00"
2019-11-20,2019112001004296,SCB,42,17,100,550.00,"55,000.00"
2019-11-20,2019112001004234,SCB,41,17,30,550.00,"16,500.00"
2019-11-20,2019112001004233,SCB,41,54,20,550.00,"11,000.00"
2019-11-20,2019112001004203,SCB,41,54,20,550.00,"11,000.00"
2019-11-20,2019112001004134,SCB,45,41,20,549.00,"10,980.00"
2019-11-20,2019112001004133,SCB,45,22,200,549.00,"109,800.00"
2019-11-20,2019112001003992,SCB,16,54,50,550.00,"27,500.00"
2019-11-20,2019112001003991,SCB,16,34,100,550.00,"55,000.00"
2019-11-20,2019112001004295,SDESI,33,22,100,643.00,"64,300.00"
2019-11-20,2019112001003871,SDESI,33,42,11,643.00,"7,073.00"
2019-11-20,2019112001003870,SDESI,33,51,579,643.00,"372,297.00"
2019-11-20,2019112001003869,SDESI,33,6,100,642.00,"64,200.00"
2019-11-20,2019112001003851,SDESI,33,22,296,640.00,"189,440.00"
2019-11-20,2019112001003849,SDESI,44,22,54,640.00,"34,560.00"
2019-11-20,2019112001004227,SHIVM,21,45,310,414.00,"128,340.00"
2019-11-20,2019112001004226,SHIVM,22,45,200,415.00,"83,000.00"
2019-11-20,2019112001004225,SHIVM,25,45,50,415.00,"20,750.00"
2019-11-20,2019112001004224,SHIVM,58,45,200,415.00,"83,000.00"
2019-11-20,2019112001004223,SHIVM,58,45,220,415.00,"91,300.00"
2019-11-20,2019112001004222,SHIVM,35,45,20,416.00,"8,320.00"
2019-11-20,2019112001003841,SHIVM,21,36,100,417.00,"41,700.00"
2019-11-20,2019112001003840,SHIVM,5,36,40,417.00,"16,680.00"
2019-11-20,2019112001003839,SHIVM,47,36,100,417.00,"41,700.00"
2019-11-20,2019112001004090,SHIVM,21,32,20,417.00,"8,340.00"
2019-11-20,2019112001004089,SHIVM,21,32,100,417.00,"41,700.00"
2019-11-20,2019112001004088,SHIVM,3,32,90,417.00,"37,530.00"
2019-11-20,2019112001004067,SHIVM,42,32,10,418.00,"4,180.00"
2019-11-20,2019112001003955,SHIVM,22,46,40,419.00,"16,760.00"
2019-11-20,2019112001003842,SHIVM,3,36,110,417.00,"45,870.00"
2019-11-20,2019112001004101,SHIVM,36,45,30,416.00,"12,480.00"
2019-11-20,2019112001004100,SHIVM,34,45,100,416.00,"41,600.00"
2019-11-20,2019112001004099,SHIVM,35,45,50,416.00,"20,800.00"
2019-11-20,2019112001004098,SHIVM,7,45,200,416.00,"83,200.00"
2019-11-20,2019112001004097,SHIVM,22,45,70,417.00,"29,190.00"
2019-11-20,2019112001004091,SHIVM,22,32,30,417.00,"12,510.00"
2019-11-20,2019112001004107,SHIVM,58,45,280,415.00,"116,200.00"
2019-11-20,2019112001004106,SHIVM,58,45,500,415.00,"207,500.00"
2019-11-20,2019112001004105,SHIVM,52,45,200,415.00,"83,000.00"
2019-11-20,2019112001004104,SHIVM,7,45,40,415.00,"16,600.00"
2019-11-20,2019112001004103,SHIVM,54,45,200,415.00,"83,000.00"
2019-11-20,2019112001004102,SHIVM,21,45,30,416.00,"12,480.00"
2019-11-20,2019112001004327,SHL,13,58,100,210.00,"21,000.00"
2019-11-20,2019112001004326,SHL,45,58,100,210.00,"21,000.00"
2019-11-20,2019112001004325,SHL,36,58,100,210.00,"21,000.00"
2019-11-20,2019112001004324,SHL,19,58,100,210.00,"21,000.00"
2019-11-20,2019112001004323,SHL,56,58,100,210.00,"21,000.00"
2019-11-20,2019112001003990,SHL,56,48,100,210.00,"21,000.00"
2019-11-20,2019112001003942,SHL,55,17,500,210.00,"105,000.00"
2019-11-20,2019112001003941,SHL,44,17,"1,150",210.00,"241,500.00"
2019-11-20,2019112001003940,SHL,7,17,100,210.00,"21,000.00"
2019-11-20,2019112001003939,SHL,6,17,200,210.00,"42,000.00"
2019-11-20,2019112001003938,SHL,58,17,250,210.00,"52,500.00"
2019-11-20,2019112001003937,SHL,17,17,100,210.00,"21,000.00"
2019-11-20,2019112001004245,SHPC,6,17,451,185.00,"83,435.00"
2019-11-20,2019112001004244,SHPC,8,17,100,186.00,"18,600.00"
2019-11-20,2019112001004005,SIC,17,42,100,450.00,"45,000.00"
2019-11-20,2019112001004315,SIFC,38,50,95,148.00,"14,060.00"
2019-11-20,2019112001004150,SIFC,45,50,200,148.00,"29,600.00"
2019-11-20,2019112001004019,SIFC,28,50,500,148.00,"74,000.00"
2019-11-20,2019112001004018,SIFC,43,50,500,148.00,"74,000.00"
2019-11-20,2019112001004002,SIFC,34,50,490,150.00,"73,500.00"
2019-11-20,2019112001003993,SINDU,55,58,"1,000",120.00,"120,000.00"
2019-11-20,2019112001004301,SJCL,40,28,20,156.00,"3,120.00"
2019-11-20,2019112001004271,SJCL,40,28,20,156.00,"3,120.00"
2019-11-20,2019112001004269,SJCL,40,28,20,156.00,"3,120.00"
2019-11-20,2019112001004268,SJCL,40,28,20,156.00,"3,120.00"
2019-11-20,2019112001004267,SJCL,40,28,20,156.00,"3,120.00"
2019-11-20,2019112001004259,SJCL,40,28,10,156.00,"1,560.00"
2019-11-20,2019112001003890,SJCL,39,36,20,157.00,"3,140.00"
2019-11-20,2019112001003889,SJCL,39,21,10,157.00,"1,570.00"
2019-11-20,2019112001003888,SJCL,38,40,30,156.00,"4,680.00"
2019-11-20,2019112001003877,SJCL,38,28,20,156.00,"3,120.00"
2019-11-20,2019112001003868,SJCL,38,40,10,156.00,"1,560.00"
2019-11-20,2019112001003836,SJCL,38,28,20,156.00,"3,120.00"
2019-11-20,2019112001003958,SJCL,38,28,20,156.00,"3,120.00"
2019-11-20,2019112001003949,SJCL,38,28,20,156.00,"3,120.00"
2019-11-20,2019112001003943,SJCL,38,28,20,156.00,"3,120.00"
2019-11-20,2019112001003933,SJCL,38,28,20,156.00,"3,120.00"
2019-11-20,2019112001003891,SJCL,39,36,20,157.00,"3,140.00"
2019-11-20,2019112001004027,SJCL,38,28,20,156.00,"3,120.00"
2019-11-20,2019112001004009,SJCL,38,28,20,156.00,"3,120.00"
2019-11-20,2019112001003988,SJCL,38,28,20,156.00,"3,120.00"
2019-11-20,2019112001003985,SJCL,38,17,"1,460",156.00,"227,760.00"
2019-11-20,2019112001003984,SJCL,38,40,10,156.00,"1,560.00"
2019-11-20,2019112001003979,SJCL,38,28,20,156.00,"3,120.00"
2019-11-20,2019112001004108,SJCL,39,28,20,157.00,"3,140.00"
2019-11-20,2019112001004060,SJCL,39,28,20,157.00,"3,140.00"
2019-11-20,2019112001004048,SJCL,39,28,20,157.00,"3,140.00"
2019-11-20,2019112001004046,SJCL,39,45,20,157.00,"3,140.00"
2019-11-20,2019112001004174,SJCL,38,28,20,156.00,"3,120.00"
2019-11-20,2019112001004164,SJCL,38,28,20,156.00,"3,120.00"
2019-11-20,2019112001004159,SJCL,38,28,20,156.00,"3,120.00"
2019-11-20,2019112001004139,SJCL,38,39,20,156.00,"3,120.00"
2019-11-20,2019112001004136,SJCL,38,28,20,156.00,"3,120.00"
2019-11-20,2019112001004120,SJCL,38,28,20,156.00,"3,120.00"
2019-11-20,2019112001004229,SJCL,20,28,20,156.00,"3,120.00"
2019-11-20,2019112001004216,SJCL,38,28,20,156.00,"3,120.00"
2019-11-20,2019112001004210,SJCL,38,28,20,156.00,"3,120.00"
2019-11-20,2019112001004204,SJCL,38,28,20,156.00,"3,120.00"
2019-11-20,2019112001004185,SJCL,38,28,10,156.00,"1,560.00"
2019-11-20,2019112001004258,SJCL,40,28,20,156.00,"3,120.00"
2019-11-20,2019112001004253,SJCL,40,40,20,156.00,"3,120.00"
2019-11-20,2019112001004250,SJCL,20,28,20,156.00,"3,120.00"
2019-11-20,2019112001004248,SJCL,20,28,20,156.00,"3,120.00"
2019-11-20,2019112001004243,SJCL,20,28,20,156.00,"3,120.00"
2019-11-20,2019112001003945,SKBBL,7,4,200,931.00,"186,200.00"
2019-11-20,2019112001004270,SLBBL,48,52,150,606.00,"90,900.00"
2019-11-20,2019112001004215,SLBBL,37,1,234,605.00,"141,570.00"
2019-11-20,2019112001004214,SLBBL,17,1,20,605.00,"12,100.00"
2019-11-20,2019112001004213,SLBBL,28,1,146,605.00,"88,330.00"
2019-11-20,2019112001004186,SLBBL,50,52,50,606.00,"30,300.00"
2019-11-20,2019112001004129,SLBBL,44,42,50,606.00,"30,300.00"
2019-11-20,2019112001003983,SLICL,50,11,10,254.00,"2,540.00"
2019-11-20,2019112001003884,SLICL,40,44,100,257.00,"25,700.00"
2019-11-20,2019112001003880,SMFBS,28,28,10,798.00,"7,980.00"
2019-11-20,2019112001004328,SMFDB,29,17,30,505.00,"15,150.00"
2019-11-20,2019112001003879,SRBL,40,38,100,212.00,"21,200.00"
2019-11-20,2019112001003834,TRH,35,6,20,261.00,"5,220.00"
2019-11-20,2019112001003833,TRH,57,6,10,261.00,"2,610.00"
2019-11-20,2019112001004177,UPPER,29,45,200,227.00,"45,400.00"
2019-11-20,2019112001003981,UPPER,50,51,50,226.00,"11,300.00"
2019-11-20,2019112001003971,UPPER,50,57,20,226.00,"4,520.00"
2019-11-20,2019112001004092,UPPER,50,19,20,226.00,"4,520.00"
2019-11-20,2019112001004081,UPPER,50,59,72,226.00,"16,272.00"
2019-11-20,2019112001004079,UPPER,50,19,200,226.00,"45,200.00"
2019-11-20,2019112001004076,UPPER,50,50,40,226.00,"9,040.00"
2019-11-20,2019112001004062,UPPER,39,45,90,227.00,"20,430.00"
2019-11-20,2019112001003824,ADBL,57,56,20,417.00,"8,340.00"
2019-11-20,2019112001003691,ADBL,49,56,294,417.00,"122,598.00"
2019-11-20,2019112001003690,ADBL,49,50,15,417.00,"6,255.00"
2019-11-20,2019112001003472,ADBL,45,57,56,417.00,"23,352.00"
2019-11-20,2019112001003344,ADBL,38,47,21,416.00,"8,736.00"
2019-11-20,2019112001003805,AHPC,57,22,365,95.00,"34,675.00"
2019-11-20,2019112001003804,AHPC,7,22,135,95.00,"12,825.00"
2019-11-20,2019112001003625,AKBSL,43,20,10,431.00,"4,310.00"
2019-11-20,2019112001003614,AKBSL,43,20,10,431.00,"4,310.00"
2019-11-20,2019112001003798,AKJCL,11,43,10,55.00,550.00
2019-11-20,2019112001003662,AKPL,14,38,10,116.00,"1,160.00"
2019-11-20,2019112001003443,AKPL,8,38,800,117.00,"93,600.00"
2019-11-20,2019112001003442,AKPL,45,38,500,117.00,"58,500.00"
2019-11-20,2019112001003714,ALICL,49,49,265,311.00,"82,415.00"
2019-11-20,2019112001003471,ALICL,49,43,401,311.00,"124,711.00"
2019-11-20,2019112001003470,ALICL,45,43,200,312.00,"62,400.00"
2019-11-20,2019112001003469,ALICL,58,43,99,312.00,"30,888.00"
2019-11-20,2019112001003402,ALICL,8,37,51,314.00,"16,014.00"
2019-11-20,2019112001003717,API,59,59,29,103.00,"2,987.00"
2019-11-20,2019112001003707,API,52,41,10,104.00,"1,040.00"
2019-11-20,2019112001003696,API,34,41,160,103.00,"16,480.00"
2019-11-20,2019112001003693,API,38,41,100,103.00,"10,300.00"
2019-11-20,2019112001003655,API,4,41,50,103.00,"5,150.00"
2019-11-20,2019112001003573,BOKL,21,39,16,217.00,"3,472.00"
2019-11-20,2019112001003491,BOKL,44,44,157,216.00,"33,912.00"
2019-11-20,2019112001003490,BOKL,58,44,10,216.00,"2,160.00"
2019-11-20,2019112001003742,BPCL,50,36,50,348.00,"17,400.00"
2019-11-20,2019112001003667,BPCL,33,38,22,347.00,"7,634.00"
2019-11-20,2019112001003528,BPCL,33,29,11,347.00,"3,817.00"
2019-11-20,2019112001003503,BPCL,33,36,27,347.00,"9,369.00"
2019-11-20,2019112001003502,BPCL,34,36,50,347.00,"17,350.00"
2019-11-20,2019112001003501,BPCL,56,36,123,347.00,"42,681.00"
2019-11-20,2019112001003657,CBBL,8,45,10,969.00,"9,690.00"
2019-11-20,2019112001003754,CBL,29,50,179,138.00,"24,702.00"
2019-11-20,2019112001003753,CBL,11,50,22,138.00,"3,036.00"
2019-11-20,2019112001003478,CBL,11,6,478,138.00,"65,964.00"
2019-11-20,2019112001003477,CBL,47,6,22,138.00,"3,036.00"
2019-11-20,2019112001003794,CCBL,40,52,100,164.00,"16,400.00"
2019-11-20,2019112001003556,CCBL,16,49,107,163.00,"17,441.00"
2019-11-20,2019112001003530,CCBL,29,34,300,164.00,"49,200.00"
2019-11-20,2019112001003438,CCBL,29,58,96,164.00,"15,744.00"
2019-11-20,2019112001003709,CFCL,32,50,204,111.00,"22,644.00"
2019-11-20,2019112001003708,CFCL,28,50,397,111.00,"44,067.00"
2019-11-20,2019112001003737,CHCL,5,50,100,352.00,"35,200.00"
2019-11-20,2019112001003439,CZBIL,40,34,100,184.00,"18,400.00"
2019-11-20,2019112001003797,DBBL,57,50,78,123.00,"9,594.00"
2019-11-20,2019112001003483,DDBL,35,29,11,727.00,"7,997.00"
2019-11-20,2019112001003335,DDBL,18,14,50,731.00,"36,550.00"
2019-11-20,2019112001003593,EBL,33,51,200,552.00,"110,400.00"
2019-11-20,2019112001003364,EBL,38,51,500,552.00,"276,000.00"
2019-11-20,2019112001003363,EBL,41,51,50,552.00,"27,600.00"
2019-11-20,2019112001003362,EBL,39,51,10,552.00,"5,520.00"
2019-11-20,2019112001003361,EBL,50,51,16,552.00,"8,832.00"
2019-11-20,2019112001003461,FMDBL,19,53,200,305.00,"61,000.00"
2019-11-20,2019112001003392,FOWAD,56,36,33,"1,348.00","44,484.00"
2019-11-20,2019112001003391,FOWAD,56,57,17,"1,347.00","22,899.00"
2019-11-20,2019112001003741,GBBL,42,58,200,226.00,"45,200.00"
2019-11-20,2019112001003704,GBBL,45,33,501,225.00,"112,725.00"
2019-11-20,2019112001003721,GBLBS,43,42,10,300.00,"3,000.00"
2019-11-20,2019112001003808,GGBSL,36,25,10,576.00,"5,760.00"
2019-11-20,2019112001003488,GGBSL,36,13,10,576.00,"5,760.00"
2019-11-20,2019112001003815,GLBSL,1,20,10,397.00,"3,970.00"
2019-11-20,2019112001003679,GLBSL,32,16,10,395.00,"3,950.00"
2019-11-20,2019112001003358,GMFBS,39,28,10,496.00,"4,960.00"
2019-11-20,2019112001003736,GRDBL,59,59,50,102.00,"5,100.00"
2019-11-20,2019112001003816,GUFL,44,45,500,110.00,"55,000.00"
2019-11-20,2019112001003384,HBL,14,45,50,485.00,"24,250.00"
2019-11-20,2019112001003383,HBL,35,45,20,485.00,"9,700.00"
2019-11-20,2019112001003382,HBL,16,45,271,485.00,"131,435.00"
2019-11-20,2019112001003513,HDL,21,35,50,"1,763.00","88,150.00"
2019-11-20,2019112001003512,HDL,35,35,100,"1,763.00","176,300.00"
2019-11-20,2019112001003511,HDL,44,35,20,"1,763.00","35,260.00"
2019-11-20,2019112001003510,HDL,45,35,100,"1,764.00","176,400.00"
2019-11-20,2019112001003509,HDL,35,35,10,"1,764.00","17,640.00"
2019-11-20,2019112001003508,HDL,22,35,20,"1,764.00","35,280.00"
2019-11-20,2019112001003507,HDL,41,35,50,"1,765.00","88,250.00"
2019-11-20,2019112001003506,HDL,5,35,50,"1,765.00","88,250.00"
2019-11-20,2019112001003437,HDL,13,14,20,"1,770.00","35,400.00"
2019-11-20,2019112001003436,HDL,35,14,13,"1,770.00","23,010.00"
2019-11-20,2019112001003434,HDL,16,7,70,"1,771.00","123,970.00"
2019-11-20,2019112001003466,HGI,48,43,50,239.00,"11,950.00"
2019-11-20,2019112001003465,HGI,42,43,100,239.00,"23,900.00"
2019-11-20,2019112001003464,HGI,16,43,50,240.00,"12,000.00"
2019-11-20,2019112001003738,HIDCL,29,38,162,131.00,"21,222.00"
2019-11-20,2019112001003727,HPPL,18,21,10,136.00,"1,360.00"
2019-11-20,2019112001003726,HPPL,18,21,10,136.00,"1,360.00"
2019-11-20,2019112001003725,HPPL,18,55,10,135.00,"1,350.00"
2019-11-20,2019112001003724,HPPL,18,35,10,135.00,"1,350.00"
2019-11-20,2019112001003723,HPPL,18,17,20,135.00,"2,700.00"
2019-11-20,2019112001003692,HPPL,40,38,10,134.00,"1,340.00"
2019-11-20,2019112001003645,HURJA,22,20,20,101.00,"2,020.00"
2019-11-20,2019112001003640,HURJA,22,20,20,101.00,"2,020.00"
2019-11-20,2019112001003515,HURJA,6,16,10,103.00,"1,030.00"
2019-11-20,2019112001003457,HURJA,6,19,20,103.00,"2,060.00"
2019-11-20,2019112001003812,ICFC,10,1,250,162.00,"40,500.00"
2019-11-20,2019112001003676,ILBS,25,28,10,477.00,"4,770.00"
2019-11-20,2019112001003666,ILBS,57,20,10,476.00,"4,760.00"
2019-11-20,2019112001003664,ILBS,57,28,10,476.00,"4,760.00"
2019-11-20,2019112001003661,ILBS,57,20,10,476.00,"4,760.00"
2019-11-20,2019112001003653,ILBS,57,28,10,476.00,"4,760.00"
2019-11-20,2019112001003634,ILBS,57,28,10,476.00,"4,760.00"
2019-11-20,2019112001003620,ILBS,57,28,10,476.00,"4,760.00"
2019-11-20,2019112001003591,ILBS,57,28,10,476.00,"4,760.00"
2019-11-20,2019112001003575,ILBS,57,28,10,476.00,"4,760.00"
2019-11-20,2019112001003561,ILBS,57,28,10,476.00,"4,760.00"
2019-11-20,2019112001003468,ILBS,57,4,10,476.00,"4,760.00"
2019-11-20,2019112001003462,ILBS,40,28,10,475.00,"4,750.00"
2019-11-20,2019112001003360,JBBL,26,56,10,162.00,"1,620.00"
2019-11-20,2019112001003526,JFL,35,52,20,194.00,"3,880.00"
2019-11-20,2019112001003394,JFL,58,47,10,193.00,"1,930.00"
2019-11-20,2019112001003803,JOSHI,7,43,20,59.00,"1,180.00"
2019-11-20,2019112001003440,JOSHI,56,56,20,60.00,"1,200.00"
2019-11-20,2019112001003818,KSBBL,38,5,253,135.00,"34,155.00"
2019-11-20,2019112001003817,KSBBL,51,5,36,135.00,"4,860.00"
2019-11-20,2019112001003740,KSBBL,51,13,145,135.00,"19,575.00"
2019-11-20,2019112001003497,KSBBL,51,14,319,135.00,"43,065.00"
2019-11-20,2019112001003496,KSBBL,50,14,681,135.00,"91,935.00"
2019-11-20,2019112001003731,LBBL,32,1,50,170.00,"8,500.00"
2019-11-20,2019112001003571,LBL,45,32,41,217.00,"8,897.00"
2019-11-20,2019112001003444,LBL,45,19,16,217.00,"3,472.00"
2019-11-20,2019112001003489,MDB,18,17,125,243.00,"30,375.00"
2019-11-20,2019112001003747,MEGA,59,8,110,185.00,"20,350.00"
2019-11-20,2019112001003745,MEGA,49,59,110,184.00,"20,240.00"
2019-11-20,2019112001003532,MEGA,22,8,830,185.00,"153,550.00"
2019-11-20,2019112001003531,MEGA,22,44,170,185.00,"31,450.00"
2019-11-20,2019112001003823,MLBL,59,52,61,176.00,"10,736.00"
2019-11-20,2019112001003822,MLBL,6,52,"2,000",176.00,"352,000.00"
2019-11-20,2019112001003821,MLBL,59,52,789,176.00,"138,864.00"
2019-11-20,2019112001003820,MLBL,47,52,150,177.00,"26,550.00"
2019-11-20,2019112001003762,MLBL,59,52,211,176.00,"37,136.00"
