Date,Transact. No.,Symbol,Buyer,Seller,Quantity,Rate,Amount
2019-09-10,2019091001006503,ADBL,14,44,"1,000",418.00,"418,000.00"
2019-09-10,2019091001006476,ADBL,55,44,200,418.00,"83,600.00"
2019-09-10,2019091001006348,ADBL,45,44,20,418.00,"8,360.00"
2019-09-10,2019091001006335,ADBL,46,17,50,417.00,"20,850.00"
2019-09-10,2019091001006334,ADBL,35,17,50,417.00,"20,850.00"
2019-09-10,2019091001006320,ADBL,35,17,50,417.00,"20,850.00"
2019-09-10,2019091001006319,ADBL,43,17,50,417.00,"20,850.00"
2019-09-10,2019091001006263,ADBL,13,45,225,417.00,"93,825.00"
2019-09-10,2019091001006442,AHPC,45,46,10,99.00,990.00
2019-09-10,2019091001006620,AKBSL,34,45,10,466.00,"4,660.00"
2019-09-10,2019091001006619,AKBSL,34,11,10,466.00,"4,660.00"
2019-09-10,2019091001006554,AKBSL,57,41,10,463.00,"4,630.00"
2019-09-10,2019091001006478,AKBSL,57,6,170,465.00,"79,050.00"
2019-09-10,2019091001006477,AKBSL,57,6,10,464.00,"4,640.00"
2019-09-10,2019091001006450,AKBSL,57,58,10,463.00,"4,630.00"
2019-09-10,2019091001006198,AKBSL,57,21,10,463.00,"4,630.00"
2019-09-10,2019091001006196,AKBSL,57,38,10,463.00,"4,630.00"
2019-09-10,2019091001006193,AKBSL,57,39,10,463.00,"4,630.00"
2019-09-10,2019091001006151,AKBSL,57,16,10,463.00,"4,630.00"
2019-09-10,2019091001006140,AKBSL,57,16,10,463.00,"4,630.00"
2019-09-10,2019091001006135,AKBSL,57,16,10,463.00,"4,630.00"
2019-09-10,2019091001006346,AKBSL,42,38,10,462.00,"4,620.00"
2019-09-10,2019091001006310,AKBSL,42,47,10,462.00,"4,620.00"
2019-09-10,2019091001006296,AKBSL,42,47,10,462.00,"4,620.00"
2019-09-10,2019091001006259,AKBSL,57,6,120,463.00,"55,560.00"
2019-09-10,2019091001006244,AKBSL,57,18,10,463.00,"4,630.00"
2019-09-10,2019091001006225,AKBSL,57,18,10,463.00,"4,630.00"
2019-09-10,2019091001006446,AKBSL,57,55,10,463.00,"4,630.00"
2019-09-10,2019091001006435,AKBSL,57,54,10,463.00,"4,630.00"
2019-09-10,2019091001006415,AKBSL,57,6,68,463.00,"31,484.00"
2019-09-10,2019091001006403,AKBSL,50,6,12,463.00,"5,556.00"
2019-09-10,2019091001006385,AKBSL,42,58,10,462.00,"4,620.00"
2019-09-10,2019091001006378,AKBSL,42,58,10,462.00,"4,620.00"
2019-09-10,2019091001006557,ALBSL,41,25,80,439.00,"35,120.00"
2019-09-10,2019091001006569,ALICL,20,21,100,320.00,"32,000.00"
2019-09-10,2019091001006521,ALICL,20,48,280,320.00,"89,600.00"
2019-09-10,2019091001006445,ALICL,20,34,176,320.00,"56,320.00"
2019-09-10,2019091001006351,ALICL,20,36,100,320.00,"32,000.00"
2019-09-10,2019091001006224,ALICL,20,34,342,320.00,"109,440.00"
2019-09-10,2019091001006631,API,25,34,42,112.00,"4,704.00"
2019-09-10,2019091001006626,API,48,1,39,111.00,"4,329.00"
2019-09-10,2019091001006519,API,45,34,100,112.00,"11,200.00"
2019-09-10,2019091001006518,API,37,34,208,112.00,"23,296.00"
2019-09-10,2019091001006375,API,25,34,50,113.00,"5,650.00"
2019-09-10,2019091001006317,API,37,38,292,112.00,"32,704.00"
2019-09-10,2019091001006221,API,25,34,50,113.00,"5,650.00"
2019-09-10,2019091001006170,API,37,38,500,112.00,"56,000.00"
2019-09-10,2019091001006134,BOKL,40,58,99,255.00,"25,245.00"
2019-09-10,2019091001006133,BOKL,40,58,51,255.00,"13,005.00"
2019-09-10,2019091001006606,CBBL,44,53,40,979.00,"39,160.00"
2019-09-10,2019091001006580,CBBL,44,32,60,981.00,"58,860.00"
2019-09-10,2019091001006579,CBBL,44,52,100,981.00,"98,100.00"
2019-09-10,2019091001006568,CBBL,44,52,100,980.00,"98,000.00"
2019-09-10,2019091001006156,CBBL,44,22,100,980.00,"98,000.00"
2019-09-10,2019091001006155,CBBL,44,51,50,980.00,"49,000.00"
2019-09-10,2019091001006147,CBBL,44,25,100,978.00,"97,800.00"
2019-09-10,2019091001006536,CBL,43,56,10,146.00,"1,460.00"
2019-09-10,2019091001006371,CBL,44,25,200,145.00,"29,000.00"
2019-09-10,2019091001006370,CBL,44,32,60,145.00,"8,700.00"
2019-09-10,2019091001006369,CBL,44,13,"2,000",145.00,"290,000.00"
2019-09-10,2019091001006262,CBL,6,45,258,144.00,"37,152.00"
2019-09-10,2019091001006261,CBL,49,45,"1,000",144.00,"144,000.00"
2019-09-10,2019091001006260,CBL,1,45,222,144.00,"31,968.00"
2019-09-10,2019091001006202,CBL,26,32,250,145.00,"36,250.00"
2019-09-10,2019091001006187,CBL,1,13,278,144.00,"40,032.00"
2019-09-10,2019091001006186,CBL,35,13,100,144.00,"14,400.00"
2019-09-10,2019091001006185,CBL,45,13,16,144.00,"2,304.00"
2019-09-10,2019091001006593,CCBL,49,57,80,158.00,"12,640.00"
2019-09-10,2019091001006470,CCBL,3,57,20,159.00,"3,180.00"
2019-09-10,2019091001006469,CCBL,3,59,80,159.00,"12,720.00"
2019-09-10,2019091001006243,CCBL,49,59,100,158.00,"15,800.00"
2019-09-10,2019091001006206,CCBL,49,59,140,158.00,"22,120.00"
2019-09-10,2019091001006153,CEFL,28,4,100,102.00,"10,200.00"
2019-09-10,2019091001006474,CHCL,28,49,164,436.00,"71,504.00"
2019-09-10,2019091001006432,CHCL,28,50,100,436.00,"43,600.00"
2019-09-10,2019091001006376,CHCL,28,49,198,436.00,"86,328.00"
2019-09-10,2019091001006592,CIT,10,49,65,"1,863.00","121,095.00"
2019-09-10,2019091001006576,CIT,19,10,5,"1,863.00","9,315.00"
2019-09-10,2019091001006575,CIT,37,10,35,"1,863.00","65,205.00"
2019-09-10,2019091001006574,CIT,57,10,10,"1,864.00","18,640.00"
2019-09-10,2019091001006410,CIT,37,49,65,"1,863.00","121,095.00"
2019-09-10,2019091001006238,CIT,35,49,35,"1,863.00","65,205.00"
2019-09-10,2019091001006623,CZBIL,42,28,200,222.00,"44,400.00"
2019-09-10,2019091001006622,CZBIL,48,28,300,222.00,"66,600.00"
2019-09-10,2019091001006490,CZBIL,41,34,20,223.00,"4,460.00"
2019-09-10,2019091001006448,CZBIL,48,34,200,223.00,"44,600.00"
2019-09-10,2019091001006323,CZBIL,32,48,450,222.00,"99,900.00"
2019-09-10,2019091001006303,CZBIL,49,34,64,223.00,"14,272.00"
2019-09-10,2019091001006257,CZBIL,49,38,40,223.00,"8,920.00"
2019-09-10,2019091001006256,CZBIL,49,7,600,223.00,"133,800.00"
2019-09-10,2019091001006255,CZBIL,49,34,400,223.00,"89,200.00"
2019-09-10,2019091001006254,CZBIL,49,46,96,223.00,"21,408.00"
2019-09-10,2019091001006227,CZBIL,45,52,100,222.00,"22,200.00"
2019-09-10,2019091001006199,CZBIL,41,52,100,222.00,"22,200.00"
2019-09-10,2019091001006565,DDBL,35,51,70,710.00,"49,700.00"
2019-09-10,2019091001006564,DDBL,7,51,10,710.00,"7,100.00"
2019-09-10,2019091001006563,DDBL,53,51,200,711.00,"142,200.00"
2019-09-10,2019091001006562,DDBL,14,51,100,711.00,"71,100.00"
2019-09-10,2019091001006561,DDBL,44,51,50,711.00,"35,550.00"
2019-09-10,2019091001006560,DDBL,19,51,100,713.00,"71,300.00"
2019-09-10,2019091001006325,DDBL,38,51,145,719.00,"104,255.00"
2019-09-10,2019091001006305,DDBL,38,51,185,719.00,"133,015.00"
2019-09-10,2019091001006304,DDBL,38,6,40,715.00,"28,600.00"
2019-09-10,2019091001006559,DDBL,35,51,200,713.00,"142,600.00"
2019-09-10,2019091001006558,DDBL,47,51,100,714.00,"71,400.00"
2019-09-10,2019091001006379,DDBL,38,57,101,720.00,"72,720.00"
2019-09-10,2019091001006349,DDBL,38,57,140,720.00,"100,800.00"
2019-09-10,2019091001006336,DDBL,38,57,135,720.00,"97,200.00"
2019-09-10,2019091001006326,DDBL,38,57,55,720.00,"39,600.00"
2019-09-10,2019091001006167,EBL,13,25,150,598.00,"89,700.00"
2019-09-10,2019091001006166,EBL,47,25,50,599.00,"29,950.00"
2019-09-10,2019091001006612,FMDBL,37,58,100,373.00,"37,300.00"
2019-09-10,2019091001006510,FMDBL,22,39,200,374.00,"74,800.00"
2019-09-10,2019091001006311,FOWAD,49,1,20,"1,292.00","25,840.00"
2019-09-10,2019091001006444,GBBL,3,45,30,213.00,"6,390.00"
2019-09-10,2019091001006353,GBBL,53,53,4,209.00,836.00
2019-09-10,2019091001006427,GBLBS,19,4,100,331.00,"33,100.00"
2019-09-10,2019091001006426,GBLBS,4,4,100,331.00,"33,100.00"
2019-09-10,2019091001006425,GBLBS,18,4,427,331.00,"141,337.00"
2019-09-10,2019091001006424,GBLBS,56,4,250,331.00,"82,750.00"
2019-09-10,2019091001006290,GBLBS,18,26,73,331.00,"24,163.00"
2019-09-10,2019091001006289,GBLBS,42,26,20,333.00,"6,660.00"
2019-09-10,2019091001006200,GBLBS,42,13,130,333.00,"43,290.00"
2019-09-10,2019091001006154,GDBL,53,53,15,207.00,"3,105.00"
2019-09-10,2019091001006312,GHL,51,38,20,68.00,"1,360.00"
2019-09-10,2019091001006157,GIMES1,37,39,"2,000",6.97,"13,940.00"
2019-09-10,2019091001006177,GLBSL,6,18,10,460.00,"4,600.00"
2019-09-10,2019091001006324,GLICL,48,58,14,383.00,"5,362.00"
2019-09-10,2019091001006253,GLICL,22,32,76,380.00,"28,880.00"
2019-09-10,2019091001006252,GLICL,25,32,10,380.00,"3,800.00"
2019-09-10,2019091001006251,GLICL,44,32,10,380.00,"3,800.00"
2019-09-10,2019091001006250,GLICL,59,32,100,380.00,"38,000.00"
2019-09-10,2019091001006249,GLICL,58,32,200,381.00,"76,200.00"
2019-09-10,2019091001006248,GLICL,25,32,10,382.00,"3,820.00"
2019-09-10,2019091001006487,GMFBS,39,10,150,497.00,"74,550.00"
2019-09-10,2019091001006373,GMFBS,39,10,250,497.00,"124,250.00"
2019-09-10,2019091001006372,GMFBS,34,10,100,497.00,"49,700.00"
2019-09-10,2019091001006573,HBL,14,42,42,526.00,"22,092.00"
2019-09-10,2019091001006382,HGI,47,17,500,284.00,"142,000.00"
2019-09-10,2019091001006365,HGI,47,33,915,284.00,"259,860.00"
2019-09-10,2019091001006364,HGI,47,33,100,284.00,"28,400.00"
2019-09-10,2019091001006363,HGI,47,33,25,284.00,"7,100.00"
2019-09-10,2019091001006362,HGI,47,33,500,284.00,"142,000.00"
2019-09-10,2019091001006361,HGI,52,33,200,285.00,"57,000.00"
2019-09-10,2019091001006360,HGI,17,33,50,285.00,"14,250.00"
2019-09-10,2019091001006359,HGI,22,33,50,285.00,"14,250.00"
2019-09-10,2019091001006358,HGI,42,33,50,285.00,"14,250.00"
2019-09-10,2019091001006357,HGI,39,33,110,285.00,"31,350.00"
2019-09-10,2019091001006192,HIDCL,41,8,56,137.00,"7,672.00"
2019-09-10,2019091001006433,IGI,39,28,60,326.00,"19,560.00"
2019-09-10,2019091001006383,ILBS,32,45,10,436.00,"4,360.00"
2019-09-10,2019091001006367,ILBS,32,45,10,436.00,"4,360.00"
2019-09-10,2019091001006347,ILBS,32,35,10,436.00,"4,360.00"
2019-09-10,2019091001006345,ILBS,32,18,10,436.00,"4,360.00"
2019-09-10,2019091001006313,ILBS,32,18,10,436.00,"4,360.00"
2019-09-10,2019091001006298,ILBS,32,18,10,436.00,"4,360.00"
2019-09-10,2019091001006611,JBBL,49,46,20,160.00,"3,200.00"
2019-09-10,2019091001006589,JBBL,49,14,250,157.00,"39,250.00"
2019-09-10,2019091001006472,JBBL,13,13,137,158.00,"21,646.00"
2019-09-10,2019091001006315,JBBL,38,13,213,158.00,"33,654.00"
2019-09-10,2019091001006314,JBBL,38,45,166,158.00,"26,228.00"
2019-09-10,2019091001006184,JBBL,49,42,12,157.00,"1,884.00"
2019-09-10,2019091001006628,JFL,39,5,219,200.00,"43,800.00"
2019-09-10,2019091001006627,JFL,39,38,31,200.00,"6,200.00"
2019-09-10,2019091001006485,JFL,57,36,273,198.00,"54,054.00"
2019-09-10,2019091001006484,JFL,42,36,200,198.00,"39,600.00"
2019-09-10,2019091001006483,JFL,6,36,200,198.00,"39,600.00"
2019-09-10,2019091001006482,JFL,45,36,300,198.00,"59,400.00"
2019-09-10,2019091001006406,JFL,13,50,200,199.00,"39,800.00"
2019-09-10,2019091001006405,JFL,45,50,30,199.00,"5,970.00"
2019-09-10,2019091001006404,JFL,57,50,400,199.00,"79,600.00"
2019-09-10,2019091001006380,JFL,7,5,500,200.00,"100,000.00"
2019-09-10,2019091001006350,JFL,57,38,200,199.00,"39,800.00"
2019-09-10,2019091001006481,JFL,59,36,500,198.00,"99,000.00"
2019-09-10,2019091001006480,JFL,45,36,150,198.00,"29,700.00"
2019-09-10,2019091001006479,JFL,20,36,500,198.00,"99,000.00"
2019-09-10,2019091001006409,JFL,38,50,100,199.00,"19,900.00"
2019-09-10,2019091001006408,JFL,29,50,60,199.00,"11,940.00"
2019-09-10,2019091001006407,JFL,25,50,100,199.00,"19,900.00"
2019-09-10,2019091001006366,JOSHI,7,38,20,61.00,"1,220.00"
2019-09-10,2019091001006264,KADBL,38,38,684,177.00,"121,068.00"
2019-09-10,2019091001006183,KADBL,38,38,684,177.00,"121,068.00"
2019-09-10,2019091001006621,KBL,51,44,50,203.00,"10,150.00"
2019-09-10,2019091001006543,KBL,17,44,50,203.00,"10,150.00"
2019-09-10,2019091001006295,KBL,14,44,"1,000",203.00,"203,000.00"
2019-09-10,2019091001006294,KBL,14,43,500,203.00,"101,500.00"
2019-09-10,2019091001006293,KBL,14,34,570,203.00,"115,710.00"
2019-09-10,2019091001006144,KBL,42,35,50,202.00,"10,100.00"
2019-09-10,2019091001006143,KBL,34,35,100,202.00,"20,200.00"
2019-09-10,2019091001006142,KBL,43,35,500,202.00,"101,000.00"
2019-09-10,2019091001006141,KBL,42,35,350,202.00,"70,700.00"
2019-09-10,2019091001006352,LBBL,58,44,250,173.00,"43,250.00"
2019-09-10,2019091001006524,LBL,3,34,70,213.00,"14,910.00"
2019-09-10,2019091001006571,LGIL,33,34,330,372.00,"122,760.00"
2019-09-10,2019091001006553,LGIL,33,22,170,372.00,"63,240.00"
2019-09-10,2019091001006240,LLBS,28,58,30,720.00,"21,600.00"
2019-09-10,2019091001006239,LLBS,28,32,20,720.00,"14,400.00"
2019-09-10,2019091001006504,MBL,49,57,100,251.00,"25,100.00"
2019-09-10,2019091001006374,MBL,49,14,400,251.00,"100,400.00"
2019-09-10,2019091001006139,MBL,49,51,500,251.00,"125,500.00"
2019-09-10,2019091001006610,MEGA,44,48,320,196.00,"62,720.00"
2019-09-10,2019091001006609,MEGA,35,48,680,196.00,"133,280.00"
2019-09-10,2019091001006284,MEGA,35,16,320,196.00,"62,720.00"
2019-09-10,2019091001006283,MEGA,45,16,100,196.00,"19,600.00"
2019-09-10,2019091001006282,MEGA,45,16,300,196.00,"58,800.00"
2019-09-10,2019091001006281,MEGA,25,16,100,196.00,"19,600.00"
2019-09-10,2019091001006280,MEGA,25,16,180,196.00,"35,280.00"
2019-09-10,2019091001006555,MEGA,43,44,10,197.00,"1,970.00"
2019-09-10,2019091001006520,MERO,19,45,30,558.00,"16,740.00"
2019-09-10,2019091001006162,MERO,33,34,104,555.00,"57,720.00"
2019-09-10,2019091001006161,MERO,33,34,200,555.00,"111,000.00"
2019-09-10,2019091001006160,MERO,26,34,50,557.00,"27,850.00"
2019-09-10,2019091001006608,MHNL,33,52,100,88.00,"8,800.00"
2019-09-10,2019091001006607,MHNL,33,59,100,88.00,"8,800.00"
2019-09-10,2019091001006473,MLBBL,26,14,41,440.00,"18,040.00"
2019-09-10,2019091001006418,MLBL,59,13,476,211.00,"100,436.00"
2019-09-10,2019091001006401,MLBL,59,35,53,211.00,"11,183.00"
2019-09-10,2019091001006329,MNBBL,36,59,"1,050",312.00,"327,600.00"
2019-09-10,2019091001006328,MNBBL,25,59,160,312.00,"49,920.00"
2019-09-10,2019091001006327,MNBBL,33,59,36,313.00,"11,268.00"
2019-09-10,2019091001006600,NABIL,39,59,50,769.00,"38,450.00"
2019-09-10,2019091001006599,NABIL,33,59,300,769.00,"230,700.00"
2019-09-10,2019091001006441,NABIL,33,45,313,769.00,"240,697.00"
2019-09-10,2019091001006440,NABIL,37,45,500,769.00,"384,500.00"
2019-09-10,2019091001006439,NABIL,25,45,16,770.00,"12,320.00"
2019-09-10,2019091001006438,NABIL,37,45,150,770.00,"115,500.00"
2019-09-10,2019091001006437,NABIL,41,45,121,770.00,"93,170.00"
2019-09-10,2019091001006436,NABIL,33,45,100,771.00,"77,100.00"
2019-09-10,2019091001006502,NADEP,45,8,20,435.00,"8,700.00"
2019-09-10,2019091001006501,NADEP,45,8,30,435.00,"13,050.00"
2019-09-10,2019091001006159,NADEP,10,45,40,442.00,"17,680.00"
2019-09-10,2019091001006169,NADEP,52,35,20,440.00,"8,800.00"
2019-09-10,2019091001006494,NADEP,10,8,40,438.00,"17,520.00"
2019-09-10,2019091001006493,NADEP,43,8,50,438.00,"21,900.00"
2019-09-10,2019091001006492,NADEP,43,8,50,438.00,"21,900.00"
2019-09-10,2019091001006491,NADEP,41,8,40,439.00,"17,560.00"
2019-09-10,2019091001006500,NADEP,43,8,100,435.00,"43,500.00"
2019-09-10,2019091001006499,NADEP,59,8,200,436.00,"87,200.00"
2019-09-10,2019091001006498,NADEP,38,8,100,436.00,"43,600.00"
2019-09-10,2019091001006497,NADEP,39,8,30,436.00,"13,080.00"
2019-09-10,2019091001006496,NADEP,28,8,100,437.00,"43,700.00"
2019-09-10,2019091001006495,NADEP,16,8,310,437.00,"135,470.00"
2019-09-10,2019091001006395,NBB,44,49,"1,902",208.00,"395,616.00"
2019-09-10,2019091001006394,NBB,32,49,300,208.00,"62,400.00"
2019-09-10,2019091001006393,NBB,40,49,157,208.00,"32,656.00"
2019-09-10,2019091001006392,NBB,34,49,500,209.00,"104,500.00"
2019-09-10,2019091001006138,NBB,56,1,69,209.00,"14,421.00"
2019-09-10,2019091001006391,NBB,39,49,500,209.00,"104,500.00"
2019-09-10,2019091001006390,NBB,56,49,541,209.00,"113,069.00"
2019-09-10,2019091001006602,NBL,6,7,200,317.00,"63,400.00"
2019-09-10,2019091001006534,NBL,17,25,90,318.00,"28,620.00"
2019-09-10,2019091001006533,NBL,17,33,660,318.00,"209,880.00"
2019-09-10,2019091001006292,NBL,35,33,75,318.00,"23,850.00"
2019-09-10,2019091001006630,NCCB,58,17,10,202.00,"2,020.00"
2019-09-10,2019091001006547,NCCB,3,49,800,201.00,"160,800.00"
2019-09-10,2019091001006219,NIB,54,8,100,450.00,"45,000.00"
2019-09-10,2019091001006218,NIB,43,8,30,450.00,"13,500.00"
2019-09-10,2019091001006217,NIB,57,8,"1,000",450.00,"450,000.00"
2019-09-10,2019091001006216,NIB,42,8,10,450.00,"4,500.00"
2019-09-10,2019091001006215,NIB,40,8,896,451.00,"404,096.00"
2019-09-10,2019091001006132,NIB,40,50,44,451.00,"19,844.00"
2019-09-10,2019091001006629,NICA,46,33,13,448.00,"5,824.00"
2019-09-10,2019091001006588,NICA,39,36,230,443.00,"101,890.00"
2019-09-10,2019091001006587,NICA,56,36,50,443.00,"22,150.00"
2019-09-10,2019091001006586,NICA,34,36,50,443.00,"22,150.00"
2019-09-10,2019091001006585,NICA,38,36,50,443.00,"22,150.00"
2019-09-10,2019091001006584,NICA,22,36,560,443.00,"248,080.00"
2019-09-10,2019091001006212,NICA,26,32,20,443.00,"8,860.00"
2019-09-10,2019091001006211,NICA,33,32,170,443.00,"75,310.00"
2019-09-10,2019091001006210,NICA,52,32,100,444.00,"44,400.00"
2019-09-10,2019091001006583,NICA,20,36,10,444.00,"4,440.00"
2019-09-10,2019091001006582,NICA,47,36,50,444.00,"22,200.00"
2019-09-10,2019091001006542,NICA,47,49,250,444.00,"111,000.00"
2019-09-10,2019091001006541,NICA,17,49,50,445.00,"22,250.00"
2019-09-10,2019091001006214,NICA,22,32,440,443.00,"194,920.00"
2019-09-10,2019091001006213,NICA,46,32,100,443.00,"44,300.00"
2019-09-10,2019091001006486,NICL,43,34,10,276.00,"2,760.00"
2019-09-10,2019091001006209,NICL,52,38,247,273.00,"67,431.00"
2019-09-10,2019091001006208,NICL,42,38,23,275.00,"6,325.00"
2019-09-10,2019091001006577,NIL,39,41,10,382.00,"3,820.00"
2019-09-10,2019091001006356,NIL,41,51,390,379.00,"147,810.00"
2019-09-10,2019091001006355,NIL,38,51,10,379.00,"3,790.00"
2019-09-10,2019091001006354,NIL,21,51,100,379.00,"37,900.00"
2019-09-10,2019091001006309,NIL,35,38,160,380.00,"60,800.00"
2019-09-10,2019091001006308,NIL,37,38,100,380.00,"38,000.00"
2019-09-10,2019091001006307,NIL,19,38,500,380.00,"190,000.00"
2019-09-10,2019091001006306,NIL,54,38,400,380.00,"152,000.00"
2019-09-10,2019091001006203,NIL,17,38,50,382.00,"19,100.00"
2019-09-10,2019091001006545,NLBBL,53,44,140,508.00,"71,120.00"
2019-09-10,2019091001006544,NLBBL,45,44,50,509.00,"25,450.00"
2019-09-10,2019091001006299,NLBBL,34,45,13,517.00,"6,721.00"
2019-09-10,2019091001006527,NLG,6,14,10,580.00,"5,800.00"
2019-09-10,2019091001006526,NLG,6,52,50,577.00,"28,850.00"
2019-09-10,2019091001006525,NLG,6,38,100,575.00,"57,500.00"
2019-09-10,2019091001006146,NLG,19,52,65,572.00,"37,180.00"
2019-09-10,2019091001006145,NLG,42,52,10,574.00,"5,740.00"
2019-09-10,2019091001006581,NLIC,4,54,50,790.00,"39,500.00"
2019-09-10,2019091001006513,NLIC,50,54,500,790.00,"395,000.00"
2019-09-10,2019091001006512,NLIC,42,54,11,790.00,"8,690.00"
2019-09-10,2019091001006509,NLIC,42,4,89,790.00,"70,310.00"
2019-09-10,2019091001006508,NLIC,34,4,50,790.00,"39,500.00"
2019-09-10,2019091001006507,NLIC,45,4,150,790.00,"118,500.00"
2019-09-10,2019091001006268,NLIC,6,58,150,790.00,"118,500.00"
2019-09-10,2019091001006267,NLIC,51,58,30,790.00,"23,700.00"
2019-09-10,2019091001006266,NLIC,34,58,20,791.00,"15,820.00"
2019-09-10,2019091001006265,NLIC,36,58,14,791.00,"11,074.00"
2019-09-10,2019091001006274,NLIC,42,58,200,790.00,"158,000.00"
2019-09-10,2019091001006273,NLIC,26,58,100,790.00,"79,000.00"
2019-09-10,2019091001006272,NLIC,58,58,134,790.00,"105,860.00"
2019-09-10,2019091001006271,NLIC,48,58,30,790.00,"23,700.00"
2019-09-10,2019091001006270,NLIC,32,58,200,790.00,"158,000.00"
2019-09-10,2019091001006269,NLIC,11,58,10,790.00,"7,900.00"
2019-09-10,2019091001006506,NLIC,55,4,183,790.00,"144,570.00"
2019-09-10,2019091001006505,NLIC,10,4,28,790.00,"22,120.00"
2019-09-10,2019091001006278,NLIC,10,58,22,790.00,"17,380.00"
2019-09-10,2019091001006277,NLIC,14,58,50,790.00,"39,500.00"
2019-09-10,2019091001006276,NLIC,28,58,30,790.00,"23,700.00"
2019-09-10,2019091001006275,NLIC,41,58,10,790.00,"7,900.00"
2019-09-10,2019091001006614,NLICL,39,41,10,503.00,"5,030.00"
2019-09-10,2019091001006613,NLICL,39,7,249,500.00,"124,500.00"
2019-09-10,2019091001006572,NLICL,39,7,10,500.00,"5,000.00"
2019-09-10,2019091001006514,NLICL,43,7,11,500.00,"5,500.00"
2019-09-10,2019091001006173,NLICL,35,45,81,495.00,"40,095.00"
2019-09-10,2019091001006172,NLICL,1,45,19,495.00,"9,405.00"
2019-09-10,2019091001006165,NLICL,1,16,18,495.00,"8,910.00"
2019-09-10,2019091001006237,NMBSF1,28,5,"4,000",11.20,"44,800.00"
2019-09-10,2019091001006236,NMBSF1,28,17,"1,100",11.20,"12,320.00"
2019-09-10,2019091001006517,NMFBS,28,18,64,"1,539.00","98,496.00"
2019-09-10,2019091001006516,NMFBS,58,18,100,"1,540.00","154,000.00"
2019-09-10,2019091001006515,NMFBS,34,18,10,"1,541.00","15,410.00"
2019-09-10,2019091001006598,NTC,44,57,300,630.00,"189,000.00"
2019-09-10,2019091001006597,NTC,44,28,90,630.00,"56,700.00"
2019-09-10,2019091001006233,NTC,44,48,58,629.00,"36,482.00"
2019-09-10,2019091001006232,NTC,44,46,90,628.00,"56,520.00"
2019-09-10,2019091001006389,NTC,43,28,10,630.00,"6,300.00"
2019-09-10,2019091001006258,NTC,33,28,100,630.00,"63,000.00"
2019-09-10,2019091001006235,NTC,44,56,100,629.00,"62,900.00"
2019-09-10,2019091001006234,NTC,44,56,100,629.00,"62,900.00"
2019-09-10,2019091001006195,NUBL,45,1,20,836.00,"16,720.00"
2019-09-10,2019091001006550,OHL,26,37,50,530.00,"26,500.00"
2019-09-10,2019091001006535,PCBL,14,39,26,268.00,"6,968.00"
2019-09-10,2019091001006384,PCBL,14,39,"1,145",268.00,"306,860.00"
2019-09-10,2019091001006578,PFL,3,29,68,135.00,"9,180.00"
2019-09-10,2019091001006231,PIC,36,35,35,400.00,"14,000.00"
2019-09-10,2019091001006230,PIC,36,21,20,400.00,"8,000.00"
2019-09-10,2019091001006229,PIC,36,45,45,399.00,"17,955.00"
2019-09-10,2019091001006190,PIC,42,34,95,398.00,"37,810.00"
2019-09-10,2019091001006189,PIC,50,34,11,398.00,"4,378.00"
2019-09-10,2019091001006188,PIC,42,34,10,398.00,"3,980.00"
2019-09-10,2019091001006182,PLIC,43,26,91,394.00,"35,854.00"
2019-09-10,2019091001006181,PLIC,46,26,20,394.00,"7,880.00"
2019-09-10,2019091001006180,PLIC,29,26,40,395.00,"15,800.00"
2019-09-10,2019091001006179,PLIC,41,26,20,395.00,"7,900.00"
2019-09-10,2019091001006178,PLIC,52,26,40,395.00,"15,800.00"
2019-09-10,2019091001006332,PRIN,1,7,21,315.00,"6,615.00"
2019-09-10,2019091001006331,PRIN,59,7,10,315.00,"3,150.00"
2019-09-10,2019091001006204,PRIN,36,25,100,320.00,"32,000.00"
2019-09-10,2019091001006594,PRVU,36,57,30,262.00,"7,860.00"
2019-09-10,2019091001006511,PRVU,45,50,250,261.00,"65,250.00"
2019-09-10,2019091001006423,PRVU,21,49,253,260.00,"65,780.00"
2019-09-10,2019091001006422,PRVU,48,49,150,260.00,"39,000.00"
2019-09-10,2019091001006421,PRVU,54,49,500,260.00,"130,000.00"
2019-09-10,2019091001006420,PRVU,40,49,100,260.00,"26,000.00"
2019-09-10,2019091001006419,PRVU,57,49,72,261.00,"18,792.00"
2019-09-10,2019091001006247,PRVU,57,48,428,261.00,"111,708.00"
2019-09-10,2019091001006223,PRVU,40,48,500,261.00,"130,500.00"
2019-09-10,2019091001006222,PRVU,39,48,"1,072",261.00,"279,792.00"
2019-09-10,2019091001006220,PRVU,39,55,428,261.00,"111,708.00"
2019-09-10,2019091001006400,RADHI,20,35,11,134.00,"1,474.00"
2019-09-10,2019091001006399,RADHI,20,35,11,134.00,"1,474.00"
2019-09-10,2019091001006398,RADHI,20,35,11,134.00,"1,474.00"
2019-09-10,2019091001006397,RADHI,20,35,11,134.00,"1,474.00"
2019-09-10,2019091001006396,RADHI,20,35,11,134.00,"1,474.00"
2019-09-10,2019091001006194,RADHI,19,35,11,132.00,"1,452.00"
2019-09-10,2019091001006603,RHPL,40,35,40,161.00,"6,440.00"
2019-09-10,2019091001006570,RHPL,40,44,40,161.00,"6,440.00"
2019-09-10,2019091001006546,RHPL,40,44,40,161.00,"6,440.00"
2019-09-10,2019091001006523,RHPL,40,44,10,161.00,"1,610.00"
2019-09-10,2019091001006522,RHPL,18,44,30,161.00,"4,830.00"
2019-09-10,2019091001006489,RHPL,18,44,20,161.00,"3,220.00"
2019-09-10,2019091001006316,RHPL,19,44,40,161.00,"6,440.00"
2019-09-10,2019091001006279,RHPL,19,44,40,161.00,"6,440.00"
2019-09-10,2019091001006241,RHPL,19,44,40,161.00,"6,440.00"
2019-09-10,2019091001006197,RHPL,19,44,40,161.00,"6,440.00"
2019-09-10,2019091001006168,RHPL,19,44,40,161.00,"6,440.00"
2019-09-10,2019091001006152,RHPL,19,44,40,161.00,"6,440.00"
2019-09-10,2019091001006488,RHPL,19,44,20,161.00,"3,220.00"
2019-09-10,2019091001006471,RHPL,19,44,30,161.00,"4,830.00"
2019-09-10,2019091001006447,RHPL,19,44,40,161.00,"6,440.00"
2019-09-10,2019091001006434,RHPL,19,45,40,161.00,"6,440.00"
2019-09-10,2019091001006402,RHPL,19,44,40,161.00,"6,440.00"
2019-09-10,2019091001006368,RHPL,19,44,40,161.00,"6,440.00"
2019-09-10,2019091001006150,RMDC,50,34,46,655.00,"30,130.00"
2019-09-10,2019091001006330,RRHP,47,35,10,103.00,"1,030.00"
2019-09-10,2019091001006176,RSDC,25,13,142,338.00,"47,996.00"
2019-09-10,2019091001006175,RSDC,25,25,63,338.00,"21,294.00"
2019-09-10,2019091001006443,SABSL,28,45,10,489.00,"4,890.00"
2019-09-10,2019091001006431,SABSL,57,45,10,488.00,"4,880.00"
2019-09-10,2019091001006414,SABSL,57,45,10,488.00,"4,880.00"
2019-09-10,2019091001006388,SABSL,49,6,200,489.00,"97,800.00"
2019-09-10,2019091001006387,SABSL,49,6,100,489.00,"48,900.00"
2019-09-10,2019091001006386,SABSL,49,6,180,489.00,"88,020.00"
2019-09-10,2019091001006226,SABSL,1,16,10,489.00,"4,890.00"
2019-09-10,2019091001006201,SABSL,1,16,10,489.00,"4,890.00"
2019-09-10,2019091001006191,SABSL,1,16,10,489.00,"4,890.00"
2019-09-10,2019091001006171,SABSL,1,16,10,489.00,"4,890.00"
2019-09-10,2019091001006381,SABSL,57,45,10,488.00,"4,880.00"
2019-09-10,2019091001006302,SABSL,45,6,100,489.00,"48,900.00"
2019-09-10,2019091001006301,SABSL,1,6,20,489.00,"9,780.00"
2019-09-10,2019091001006285,SABSL,1,16,10,489.00,"4,890.00"
2019-09-10,2019091001006245,SABSL,1,16,10,489.00,"4,890.00"
2019-09-10,2019091001006242,SABSL,1,8,10,489.00,"4,890.00"
2019-09-10,2019091001006449,SANIMA,51,32,150,352.00,"52,800.00"
2019-09-10,2019091001006430,SANIMA,7,57,704,353.00,"248,512.00"
2019-09-10,2019091001006429,SANIMA,7,37,346,353.00,"122,138.00"
2019-09-10,2019091001006428,SANIMA,7,1,50,353.00,"17,650.00"
2019-09-10,2019091001006333,SANIMA,51,43,185,352.00,"65,120.00"
2019-09-10,2019091001006552,SBI,45,48,"1,078",426.00,"459,228.00"
2019-09-10,2019091001006551,SBI,13,48,40,427.00,"17,080.00"
2019-09-10,2019091001006590,SBL,34,52,122,314.00,"38,308.00"
2019-09-10,2019091001006416,SBL,36,49,"2,446",312.00,"763,152.00"
2019-09-10,2019091001006343,SBL,34,49,200,312.00,"62,400.00"
2019-09-10,2019091001006342,SBL,16,49,"2,000",312.00,"624,000.00"
2019-09-10,2019091001006341,SBL,45,49,20,312.00,"6,240.00"
2019-09-10,2019091001006340,SBL,16,49,874,312.00,"272,688.00"
2019-09-10,2019091001006339,SBL,47,49,50,313.00,"15,650.00"
2019-09-10,2019091001006338,SBL,32,49,"1,500",313.00,"469,500.00"
2019-09-10,2019091001006337,SBL,44,49,410,313.00,"128,330.00"
2019-09-10,2019091001006318,SBL,34,52,78,314.00,"24,492.00"
2019-09-10,2019091001006618,SCB,42,34,195,588.00,"114,660.00"
2019-09-10,2019091001006617,SCB,45,34,25,588.00,"14,700.00"
2019-09-10,2019091001006616,SCB,36,34,10,589.00,"5,890.00"
2019-09-10,2019091001006615,SCB,58,34,500,589.00,"294,500.00"
2019-09-10,2019091001006455,SCB,52,48,100,591.00,"59,100.00"
2019-09-10,2019091001006454,SCB,6,48,20,592.00,"11,840.00"
2019-09-10,2019091001006453,SCB,34,48,30,592.00,"17,760.00"
2019-09-10,2019091001006452,SCB,51,48,100,595.00,"59,500.00"
2019-09-10,2019091001006451,SCB,42,48,50,595.00,"29,750.00"
2019-09-10,2019091001006461,SCB,25,48,500,590.00,"295,000.00"
2019-09-10,2019091001006460,SCB,44,48,50,590.00,"29,500.00"
2019-09-10,2019091001006459,SCB,21,48,80,590.00,"47,200.00"
2019-09-10,2019091001006458,SCB,1,48,10,590.00,"5,900.00"
2019-09-10,2019091001006457,SCB,26,48,50,590.00,"29,500.00"
2019-09-10,2019091001006456,SCB,36,48,50,591.00,"29,550.00"
2019-09-10,2019091001006467,SCB,36,48,15,589.00,"8,835.00"
2019-09-10,2019091001006466,SCB,21,48,100,589.00,"58,900.00"
2019-09-10,2019091001006465,SCB,42,48,235,590.00,"138,650.00"
2019-09-10,2019091001006464,SCB,45,48,100,590.00,"59,000.00"
2019-09-10,2019091001006463,SCB,32,48,200,590.00,"118,000.00"
2019-09-10,2019091001006462,SCB,43,48,100,590.00,"59,000.00"
2019-09-10,2019091001006475,SCB,21,48,95,588.00,"55,860.00"
2019-09-10,2019091001006468,SCB,39,48,25,589.00,"14,725.00"
2019-09-10,2019091001006205,SDESI,45,40,23,604.00,"13,892.00"
2019-09-10,2019091001006537,SFFIL,45,6,450,250.00,"112,500.00"
2019-09-10,2019091001006164,SHINE,57,45,765,253.00,"193,545.00"
2019-09-10,2019091001006163,SHINE,57,21,125,253.00,"31,625.00"
2019-09-10,2019091001006605,SHIVM,10,34,100,530.00,"53,000.00"
2019-09-10,2019091001006228,SHIVM,29,17,50,528.00,"26,400.00"
2019-09-10,2019091001006137,SICL,33,34,81,748.00,"60,588.00"
2019-09-10,2019091001006539,SINDU,21,44,600,126.00,"75,600.00"
2019-09-10,2019091001006538,SINDU,34,44,200,127.00,"25,400.00"
2019-09-10,2019091001006149,SINDU,56,44,100,128.00,"12,800.00"
2019-09-10,2019091001006624,SJCL,42,48,20,177.00,"3,540.00"
2019-09-10,2019091001006604,SJCL,42,44,10,177.00,"1,770.00"
2019-09-10,2019091001006596,SJCL,42,48,410,177.00,"72,570.00"
2019-09-10,2019091001006595,SJCL,38,48,90,177.00,"15,930.00"
2019-09-10,2019091001006207,SJCL,29,44,20,177.00,"3,540.00"
2019-09-10,2019091001006174,SJCL,29,44,20,177.00,"3,540.00"
2019-09-10,2019091001006158,SJCL,29,44,20,177.00,"3,540.00"
2019-09-10,2019091001006136,SJCL,29,44,20,177.00,"3,540.00"
2019-09-10,2019091001006246,SJCL,29,44,20,177.00,"3,540.00"
2019-09-10,2019091001006412,SJCL,38,44,10,177.00,"1,770.00"
2019-09-10,2019091001006411,SJCL,29,44,10,177.00,"1,770.00"
2019-09-10,2019091001006377,SJCL,29,44,20,177.00,"3,540.00"
2019-09-10,2019091001006344,SJCL,29,44,20,177.00,"3,540.00"
2019-09-10,2019091001006291,SJCL,29,44,20,177.00,"3,540.00"
2019-09-10,2019091001006556,SKBBL,58,58,475,945.00,"448,875.00"
2019-09-10,2019091001006549,SLBBL,43,53,100,550.00,"55,000.00"
2019-09-10,2019091001006548,SLBBL,44,53,150,550.00,"82,500.00"
2019-09-10,2019091001006532,SLBBL,44,53,300,551.00,"165,300.00"
2019-09-10,2019091001006531,SLBBL,33,53,50,551.00,"27,550.00"
2019-09-10,2019091001006530,SLBBL,25,53,50,552.00,"27,600.00"
2019-09-10,2019091001006529,SLBBL,25,53,50,552.00,"27,600.00"
2019-09-10,2019091001006528,SLBBL,20,53,160,553.00,"88,480.00"
2019-09-10,2019091001006300,SLBSL,33,58,10,718.00,"7,180.00"
2019-09-10,2019091001006148,SLBSL,33,17,20,718.00,"14,360.00"
2019-09-10,2019091001006567,SMATA,45,28,150,"1,265.00","189,750.00"
2019-09-10,2019091001006566,SMATA,45,28,25,"1,265.00","31,625.00"
2019-09-10,2019091001006625,SMFBS,34,14,10,810.00,"8,100.00"
2019-09-10,2019091001006591,SWBBL,41,14,10,913.00,"9,130.00"
2019-09-10,2019091001006540,TRH,7,11,20,287.00,"5,740.00"
2019-09-10,2019091001006322,TRH,17,13,345,285.00,"98,325.00"
2019-09-10,2019091001006321,TRH,44,13,155,287.00,"44,485.00"
2019-09-10,2019091001006601,UPPER,42,25,100,240.00,"24,000.00"
2019-09-10,2019091001006288,UPPER,42,42,270,240.00,"64,800.00"
2019-09-10,2019091001006287,UPPER,36,42,200,240.00,"48,000.00"
2019-09-10,2019091001006286,UPPER,59,42,20,240.00,"4,800.00"
2019-09-10,2019091001006417,UPPER,56,1,20,242.00,"4,840.00"
2019-09-10,2019091001006413,UPPER,25,1,20,242.00,"4,840.00"
2019-09-10,2019091001006297,UPPER,42,8,50,240.00,"12,000.00"
2019-09-10,2019091001005997,ADBL,13,53,10,417.00,"4,170.00"
2019-09-10,2019091001005989,ADBL,6,44,100,418.00,"41,800.00"
2019-09-10,2019091001005934,ADBL,13,53,10,417.00,"4,170.00"
2019-09-10,2019091001005700,ADBL,13,10,100,417.00,"41,700.00"
2019-09-10,2019091001006099,AKBSL,57,6,300,465.00,"139,500.00"
2019-09-10,2019091001006098,AKBSL,57,13,10,465.00,"4,650.00"
2019-09-10,2019091001006097,AKBSL,57,44,10,465.00,"4,650.00"
2019-09-10,2019091001006096,AKBSL,57,13,10,465.00,"4,650.00"
2019-09-10,2019091001006095,AKBSL,57,43,10,465.00,"4,650.00"
2019-09-10,2019091001006094,AKBSL,57,43,10,465.00,"4,650.00"
2019-09-10,2019091001005679,AKBSL,42,13,10,462.00,"4,620.00"
2019-09-10,2019091001005661,AKBSL,42,3,10,462.00,"4,620.00"
2019-09-10,2019091001005657,AKBSL,42,47,10,462.00,"4,620.00"
2019-09-10,2019091001005655,AKBSL,42,3,10,462.00,"4,620.00"
2019-09-10,2019091001005650,AKBSL,42,39,10,462.00,"4,620.00"
2019-09-10,2019091001005648,AKBSL,42,3,10,462.00,"4,620.00"
2019-09-10,2019091001005702,AKBSL,42,38,10,462.00,"4,620.00"
2019-09-10,2019091001005701,AKBSL,42,13,10,462.00,"4,620.00"
2019-09-10,2019091001005692,AKBSL,42,38,10,462.00,"4,620.00"
2019-09-10,2019091001005690,AKBSL,42,47,10,462.00,"4,620.00"
2019-09-10,2019091001005688,AKBSL,42,47,10,462.00,"4,620.00"
2019-09-10,2019091001005685,AKBSL,42,38,10,462.00,"4,620.00"
2019-09-10,2019091001005730,AKBSL,42,47,10,462.00,"4,620.00"
2019-09-10,2019091001005725,AKBSL,42,47,10,462.00,"4,620.00"
2019-09-10,2019091001005724,AKBSL,42,8,10,462.00,"4,620.00"
2019-09-10,2019091001005716,AKBSL,42,47,10,462.00,"4,620.00"
2019-09-10,2019091001005704,AKBSL,42,47,10,462.00,"4,620.00"
2019-09-10,2019091001005703,AKBSL,42,8,10,462.00,"4,620.00"
2019-09-10,2019091001005831,AKBSL,42,32,10,462.00,"4,620.00"
2019-09-10,2019091001005819,AKBSL,42,39,10,462.00,"4,620.00"
2019-09-10,2019091001005812,AKBSL,42,51,10,462.00,"4,620.00"
2019-09-10,2019091001005781,AKBSL,42,58,10,462.00,"4,620.00"
2019-09-10,2019091001005739,AKBSL,42,47,10,462.00,"4,620.00"
2019-09-10,2019091001005736,AKBSL,42,8,10,462.00,"4,620.00"
2019-09-10,2019091001005870,AKBSL,42,39,10,462.00,"4,620.00"
2019-09-10,2019091001005855,AKBSL,42,8,10,462.00,"4,620.00"
2019-09-10,2019091001005845,AKBSL,42,39,10,462.00,"4,620.00"
2019-09-10,2019091001005838,AKBSL,42,32,10,462.00,"4,620.00"
2019-09-10,2019091001005836,AKBSL,42,51,10,462.00,"4,620.00"
2019-09-10,2019091001005832,AKBSL,42,39,10,462.00,"4,620.00"
2019-09-10,2019091001005947,AKBSL,57,38,10,463.00,"4,630.00"
2019-09-10,2019091001005933,AKBSL,42,8,10,462.00,"4,620.00"
2019-09-10,2019091001005920,AKBSL,42,8,10,462.00,"4,620.00"
2019-09-10,2019091001005919,AKBSL,42,47,10,462.00,"4,620.00"
2019-09-10,2019091001005892,AKBSL,42,49,10,462.00,"4,620.00"
2019-09-10,2019091001005887,AKBSL,42,3,10,462.00,"4,620.00"
2019-09-10,2019091001005953,AKBSL,57,58,10,464.00,"4,640.00"
2019-09-10,2019091001005952,AKBSL,57,58,10,464.00,"4,640.00"
2019-09-10,2019091001005951,AKBSL,57,58,10,464.00,"4,640.00"
2019-09-10,2019091001005950,AKBSL,57,58,10,464.00,"4,640.00"
2019-09-10,2019091001005949,AKBSL,57,44,10,463.00,"4,630.00"
2019-09-10,2019091001005948,AKBSL,57,38,10,463.00,"4,630.00"
2019-09-10,2019091001006033,AKBSL,42,29,10,462.00,"4,620.00"
2019-09-10,2019091001006026,AKBSL,42,58,10,462.00,"4,620.00"
2019-09-10,2019091001005975,AKBSL,42,58,10,462.00,"4,620.00"
2019-09-10,2019091001005963,AKBSL,57,8,10,464.00,"4,640.00"
2019-09-10,2019091001005962,AKBSL,57,51,10,464.00,"4,640.00"
2019-09-10,2019091001005954,AKBSL,57,38,10,464.00,"4,640.00"
2019-09-10,2019091001006093,AKBSL,57,43,10,465.00,"4,650.00"
2019-09-10,2019091001006080,AKBSL,42,49,10,462.00,"4,620.00"
2019-09-10,2019091001006076,AKBSL,42,16,10,462.00,"4,620.00"
2019-09-10,2019091001006056,AKBSL,42,16,10,462.00,"4,620.00"
2019-09-10,2019091001006048,AKBSL,42,29,10,462.00,"4,620.00"
2019-09-10,2019091001006040,AKBSL,42,49,10,462.00,"4,620.00"
2019-09-10,2019091001005862,AKPL,55,37,985,140.00,"137,900.00"
2019-09-10,2019091001005636,AKPL,16,55,"1,179",138.00,"162,702.00"
2019-09-10,2019091001005635,AKPL,41,55,57,138.00,"7,866.00"
2019-09-10,2019091001006119,ALICL,53,53,27,320.00,"8,640.00"
2019-09-10,2019091001006045,ALICL,22,34,200,320.00,"64,000.00"
2019-09-10,2019091001006044,ALICL,45,34,577,320.00,"184,640.00"
2019-09-10,2019091001005969,ALICL,45,52,300,320.00,"96,000.00"
2019-09-10,2019091001005847,ALICL,45,34,"1,105",320.00,"353,600.00"
2019-09-10,2019091001005846,ALICL,58,34,10,321.00,"3,210.00"
2019-09-10,2019091001006027,API,25,34,50,113.00,"5,650.00"
2019-09-10,2019091001005851,API,13,34,200,112.00,"22,400.00"
2019-09-10,2019091001005850,API,56,34,100,112.00,"11,200.00"
2019-09-10,2019091001005659,API,56,44,100,112.00,"11,200.00"
2019-09-10,2019091001005658,API,6,44,50,112.00,"5,600.00"
2019-09-10,2019091001005956,BFC,8,37,500,91.00,"45,500.00"
2019-09-10,2019091001006126,BOKL,40,35,123,255.00,"31,365.00"
2019-09-10,2019091001006013,BOKL,40,40,26,255.00,"6,630.00"
2019-09-10,2019091001006012,BOKL,34,40,274,255.00,"69,870.00"
2019-09-10,2019091001005879,BOKL,34,34,226,255.00,"57,630.00"
2019-09-10,2019091001005878,BOKL,52,34,200,255.00,"51,000.00"
2019-09-10,2019091001005877,BOKL,56,34,500,255.00,"127,500.00"
2019-09-10,2019091001005876,BOKL,52,34,50,255.00,"12,750.00"
2019-09-10,2019091001005875,BOKL,34,34,200,256.00,"51,200.00"
2019-09-10,2019091001005874,BOKL,46,34,200,256.00,"51,200.00"
2019-09-10,2019091001005873,BOKL,59,34,100,256.00,"25,600.00"
2019-09-10,2019091001005872,BOKL,38,34,56,258.00,"14,448.00"
2019-09-10,2019091001005935,BPCL,55,46,500,377.00,"188,500.00"
2019-09-10,2019091001005634,CBBL,44,52,100,980.00,"98,000.00"
2019-09-10,2019091001005941,CBL,32,32,100,145.00,"14,500.00"
2019-09-10,2019091001005896,CBL,45,34,84,144.00,"12,096.00"
2019-09-10,2019091001005895,CBL,39,34,500,144.00,"72,000.00"
2019-09-10,2019091001005894,CBL,21,34,500,144.00,"72,000.00"
2019-09-10,2019091001005893,CBL,51,34,25,144.00,"3,600.00"
2019-09-10,2019091001005890,CBL,51,52,75,144.00,"10,800.00"
2019-09-10,2019091001005889,CBL,14,52,200,144.00,"28,800.00"
2019-09-10,2019091001005888,CBL,57,52,492,144.00,"70,848.00"
2019-09-10,2019091001005848,CBL,7,48,200,145.00,"29,000.00"
2019-09-10,2019091001005898,CCBL,49,6,192,158.00,"30,336.00"
2019-09-10,2019091001005826,CCBL,49,48,21,158.00,"3,318.00"
2019-09-10,2019091001005726,CCBL,25,59,20,159.00,"3,180.00"
2019-09-10,2019091001005914,CFCL,55,34,864,107.00,"92,448.00"
2019-09-10,2019091001005913,CFCL,53,34,500,107.00,"53,500.00"
2019-09-10,2019091001006131,CHCL,28,36,50,436.00,"21,800.00"
2019-09-10,2019091001006047,CHCL,28,39,55,436.00,"23,980.00"
2019-09-10,2019091001005959,CHCL,22,49,500,438.00,"219,000.00"
2019-09-10,2019091001005714,CHCL,22,49,311,438.00,"136,218.00"
2019-09-10,2019091001006130,CIT,13,49,200,"1,863.00","372,600.00"
2019-09-10,2019091001006073,CIT,19,45,15,"1,863.00","27,945.00"
2019-09-10,2019091001006055,CIT,33,45,50,"1,865.00","93,250.00"
2019-09-10,2019091001005645,CMF1,47,40,500,9.55,"4,775.00"
2019-09-10,2019091001006100,CZBIL,47,58,"2,000",222.00,"444,000.00"
2019-09-10,2019091001005971,CZBIL,58,46,500,223.00,"111,500.00"
2019-09-10,2019091001005955,CZBIL,56,59,40,222.00,"8,880.00"
2019-09-10,2019091001005849,CZBIL,22,46,20,223.00,"4,460.00"
2019-09-10,2019091001005709,CZBIL,41,46,10,223.00,"2,230.00"
2019-09-10,2019091001005708,CZBIL,41,59,50,222.00,"11,100.00"
2019-09-10,2019091001005810,DBBL,26,34,150,131.00,"19,650.00"
2019-09-10,2019091001005809,DBBL,51,34,28,131.00,"3,668.00"
2019-09-10,2019091001006125,DDBL,50,6,10,718.00,"7,180.00"
2019-09-10,2019091001006071,DDBL,6,13,50,719.00,"35,950.00"
2019-09-10,2019091001006006,EBL,43,41,100,600.00,"60,000.00"
2019-09-10,2019091001006005,EBL,41,41,20,600.00,"12,000.00"
2019-09-10,2019091001006004,EBL,25,41,50,600.00,"30,000.00"
2019-09-10,2019091001006003,EBL,40,41,24,601.00,"14,424.00"
2019-09-10,2019091001005867,FMDBL,37,39,120,373.00,"44,760.00"
2019-09-10,2019091001005866,FMDBL,41,39,250,373.00,"93,250.00"
2019-09-10,2019091001005865,FMDBL,42,39,50,374.00,"18,700.00"
2019-09-10,2019091001005864,FMDBL,22,39,200,374.00,"74,800.00"
2019-09-10,2019091001005863,FMDBL,47,39,20,375.00,"7,500.00"
2019-09-10,2019091001005823,FMDBL,51,14,200,376.00,"75,200.00"
2019-09-10,2019091001005791,FOWAD,50,32,25,"1,295.00","32,375.00"
2019-09-10,2019091001005957,GBBL,59,45,60,213.00,"12,780.00"
2019-09-10,2019091001005779,GBBL,49,43,49,212.00,"10,388.00"
2019-09-10,2019091001005748,GBBL,49,11,36,212.00,"7,632.00"
2019-09-10,2019091001005747,GBBL,49,11,162,212.00,"34,344.00"
2019-09-10,2019091001006078,GDBL,41,7,100,206.00,"20,600.00"
2019-09-10,2019091001006050,GDBL,45,7,70,207.00,"14,490.00"
2019-09-10,2019091001006049,GDBL,39,7,95,207.00,"19,665.00"
2019-09-10,2019091001006017,GDBL,39,37,90,207.00,"18,630.00"
2019-09-10,2019091001005965,GDBL,39,53,15,207.00,"3,105.00"
2019-09-10,2019091001005678,GLICL,58,58,100,383.00,"38,300.00"
2019-09-10,2019091001005677,GLICL,58,58,100,383.00,"38,300.00"
2019-09-10,2019091001005676,GLICL,34,58,100,383.00,"38,300.00"
2019-09-10,2019091001005675,GLICL,39,58,30,383.00,"11,490.00"
2019-09-10,2019091001005765,GMFBS,20,10,50,500.00,"25,000.00"
2019-09-10,2019091001005764,GMFBS,46,10,40,500.00,"20,000.00"
2019-09-10,2019091001005763,GMFBS,34,10,50,501.00,"25,050.00"
2019-09-10,2019091001005762,GMFBS,41,10,100,501.00,"50,100.00"
2019-09-10,2019091001005647,GRDBL,7,20,300,106.00,"31,800.00"
2019-09-10,2019091001005759,HBL,14,58,380,525.00,"199,500.00"
2019-09-10,2019091001005695,HBL,46,58,20,525.00,"10,500.00"
2019-09-10,2019091001005694,HBL,13,58,100,525.00,"52,500.00"
2019-09-10,2019091001005656,HBL,57,42,58,526.00,"30,508.00"
2019-09-10,2019091001006023,HGI,39,34,590,285.00,"168,150.00"
2019-09-10,2019091001006022,HGI,48,34,20,285.00,"5,700.00"
2019-09-10,2019091001006021,HGI,32,34,50,285.00,"14,250.00"
2019-09-10,2019091001006020,HGI,56,34,100,286.00,"28,600.00"
2019-09-10,2019091001006019,HGI,8,34,20,286.00,"5,720.00"
2019-09-10,2019091001006018,HGI,58,34,80,287.00,"22,960.00"
2019-09-10,2019091001005999,HGI,58,58,70,287.00,"20,090.00"
2019-09-10,2019091001005998,HGI,41,58,10,288.00,"2,880.00"
2019-09-10,2019091001006072,HIDCL,32,57,61,136.00,"8,296.00"
2019-09-10,2019091001006053,HIDCL,8,37,30,136.00,"4,080.00"
2019-09-10,2019091001006052,HIDCL,57,37,63,136.00,"8,568.00"
2019-09-10,2019091001005939,HIDCL,17,8,100,137.00,"13,700.00"
2019-09-10,2019091001006075,ICFC,38,49,100,161.00,"16,100.00"
2019-09-10,2019091001005802,ICFC,45,29,181,160.00,"28,960.00"
2019-09-10,2019091001006124,JBBL,49,52,880,157.00,"138,160.00"
2019-09-10,2019091001005958,JBBL,45,45,200,158.00,"31,600.00"
2019-09-10,2019091001005932,JBBL,56,45,200,158.00,"31,600.00"
2019-09-10,2019091001005931,JBBL,7,45,434,158.00,"68,572.00"
2019-09-10,2019091001005737,JFL,7,5,32,200.00,"6,400.00"
2019-09-10,2019091001005710,JFL,7,58,650,200.00,"130,000.00"
2019-09-10,2019091001005687,JFL,7,45,100,200.00,"20,000.00"
2019-09-10,2019091001005686,JFL,7,37,218,200.00,"43,600.00"
2019-09-10,2019091001005868,KBL,22,34,20,203.00,"4,060.00"
2019-09-10,2019091001005746,KBL,42,43,33,202.00,"6,666.00"
2019-09-10,2019091001005738,KBL,25,34,20,203.00,"4,060.00"
2019-09-10,2019091001005722,KBL,42,43,102,202.00,"20,604.00"
2019-09-10,2019091001006051,KSBBL,21,58,11,140.00,"1,540.00"
2019-09-10,2019091001005927,KSBBL,21,40,300,140.00,"42,000.00"
2019-09-10,2019091001005745,LBBL,44,48,201,172.00,"34,572.00"
2019-09-10,2019091001005744,LBBL,39,48,100,172.00,"17,200.00"
2019-09-10,2019091001005743,LBBL,29,48,140,172.00,"24,080.00"
2019-09-10,2019091001005946,LBL,40,34,200,213.00,"42,600.00"
2019-09-10,2019091001005945,LBL,34,34,10,213.00,"2,130.00"
2019-09-10,2019091001005929,LBL,34,42,100,213.00,"21,300.00"
2019-09-10,2019091001005843,LBL,34,48,51,213.00,"10,863.00"
2019-09-10,2019091001005908,LGIL,43,42,50,373.00,"18,650.00"
2019-09-10,2019091001005900,MDB,43,52,150,243.00,"36,450.00"
2019-09-10,2019091001005840,MEGA,45,57,80,196.00,"15,680.00"
2019-09-10,2019091001005761,MEGA,45,42,20,196.00,"3,920.00"
2019-09-10,2019091001005760,MEGA,51,42,80,196.00,"15,680.00"
2019-09-10,2019091001005842,MEGA,25,57,20,196.00,"3,920.00"
2019-09-10,2019091001005841,MEGA,32,57,100,196.00,"19,600.00"
2019-09-10,2019091001005815,MFIL,32,1,205,126.00,"25,830.00"
2019-09-10,2019091001005814,MFIL,40,1,100,126.00,"12,600.00"
2019-09-10,2019091001006085,MHNL,33,59,60,87.00,"5,220.00"
2019-09-10,2019091001006084,MHNL,33,42,40,86.00,"3,440.00"
2019-09-10,2019091001006083,MHNL,33,42,40,86.00,"3,440.00"
2019-09-10,2019091001006082,MHNL,33,4,30,85.00,"2,550.00"
2019-09-10,2019091001006081,MHNL,33,21,40,85.00,"3,400.00"
2019-09-10,2019091001005804,MLBL,22,35,65,211.00,"13,715.00"
2019-09-10,2019091001005803,MLBL,22,11,150,211.00,"31,650.00"
2019-09-10,2019091001005719,MLBL,52,51,343,210.00,"72,030.00"
2019-09-10,2019091001005718,MLBL,14,51,"1,000",210.00,"210,000.00"
2019-09-10,2019091001005717,MLBL,14,51,657,210.00,"137,970.00"
2019-09-10,2019091001006079,MSLB,29,21,17,925.00,"15,725.00"
2019-09-10,2019091001006010,NABIL,41,19,142,770.00,"109,340.00"
2019-09-10,2019091001006009,NABIL,39,19,228,771.00,"175,788.00"
2019-09-10,2019091001006008,NABIL,6,19,130,773.00,"100,490.00"
2019-09-10,2019091001005833,NABIL,11,39,10,772.00,"7,720.00"
2019-09-10,2019091001005806,NABIL,11,36,40,772.00,"30,880.00"
2019-09-10,2019091001005793,NABIL,41,26,94,770.00,"72,380.00"
2019-09-10,2019091001005790,NABIL,25,36,10,772.00,"7,720.00"
2019-09-10,2019091001005778,NABIL,41,26,143,770.00,"110,110.00"
2019-09-10,2019091001005777,NABIL,46,26,100,770.00,"77,000.00"
2019-09-10,2019091001005776,NABIL,59,26,80,770.00,"61,600.00"
2019-09-10,2019091001005775,NABIL,26,26,122,770.00,"93,940.00"
2019-09-10,2019091001006070,NADEP,52,38,80,440.00,"35,200.00"
2019-09-10,2019091001006069,NADEP,29,38,10,440.00,"4,400.00"
2019-09-10,2019091001006068,NADEP,3,38,30,440.00,"13,200.00"
2019-09-10,2019091001006067,NADEP,45,38,10,441.00,"4,410.00"
2019-09-10,2019091001006035,NADEP,41,45,20,442.00,"8,840.00"
2019-09-10,2019091001006034,NADEP,10,45,40,443.00,"17,720.00"
2019-09-10,2019091001005981,NBB,56,40,390,209.00,"81,510.00"
2019-09-10,2019091001006054,NBL,6,33,100,318.00,"31,800.00"
2019-09-10,2019091001006038,NBL,17,39,250,317.00,"79,250.00"
2019-09-10,2019091001006037,NBL,17,39,700,317.00,"221,900.00"
2019-09-10,2019091001005792,NBL,17,38,200,317.00,"63,400.00"
2019-09-10,2019091001005749,NBL,17,42,100,317.00,"31,700.00"
2019-09-10,2019091001005917,NCCB,56,57,50,201.00,"10,050.00"
2019-09-10,2019091001005916,NCCB,3,57,120,201.00,"24,120.00"
2019-09-10,2019091001005712,NEF,28,46,119,8.07,960.33
2019-09-10,2019091001005711,NEF,28,46,172,8.07,"1,388.04"
2019-09-10,2019091001006001,NIB,40,52,16,451.00,"7,216.00"
2019-09-10,2019091001006000,NIB,42,52,156,452.00,"70,512.00"
2019-09-10,2019091001005928,NIB,42,50,44,452.00,"19,888.00"
2019-09-10,2019091001005922,NIB,40,50,44,451.00,"19,844.00"
2019-09-10,2019091001005899,NIB,14,7,26,452.00,"11,752.00"
2019-09-10,2019091001005830,NIB,25,11,10,455.00,"4,550.00"
2019-09-10,2019091001005649,NIB,14,32,44,452.00,"19,888.00"
2019-09-10,2019091001006118,NICA,49,48,50,444.00,"22,200.00"
2019-09-10,2019091001006117,NICA,17,48,20,444.00,"8,880.00"
2019-09-10,2019091001006116,NICA,45,48,30,444.00,"13,320.00"
2019-09-10,2019091001006115,NICA,59,48,250,444.00,"111,000.00"
2019-09-10,2019091001006114,NICA,59,48,250,444.00,"111,000.00"
2019-09-10,2019091001006113,NICA,34,48,200,444.00,"88,800.00"
2019-09-10,2019091001005783,NICA,5,49,44,446.00,"19,624.00"
2019-09-10,2019091001005766,NICA,5,49,110,446.00,"49,060.00"
2019-09-10,2019091001005638,NICA,17,49,17,447.00,"7,599.00"
2019-09-10,2019091001005853,NICA,35,49,26,446.00,"11,596.00"
2019-09-10,2019091001005825,NICA,52,49,100,446.00,"44,600.00"
2019-09-10,2019091001005822,NICA,35,49,10,446.00,"4,460.00"
2019-09-10,2019091001005786,NICA,28,49,100,446.00,"44,600.00"
2019-09-10,2019091001005785,NICA,45,49,120,446.00,"53,520.00"
2019-09-10,2019091001005784,NICA,46,49,500,446.00,"223,000.00"
2019-09-10,2019091001005938,NICA,17,37,100,447.00,"44,700.00"
2019-09-10,2019091001005937,NICA,17,39,500,447.00,"223,500.00"
2019-09-10,2019091001005936,NICA,17,41,97,447.00,"43,359.00"
2019-09-10,2019091001005918,NICA,32,42,16,446.00,"7,136.00"
2019-09-10,2019091001005897,NICA,32,32,3,446.00,"1,338.00"
2019-09-10,2019091001005854,NICA,35,42,24,446.00,"10,704.00"
2019-09-10,2019091001006106,NICA,33,48,"1,000",445.00,"445,000.00"
2019-09-10,2019091001006105,NICA,33,48,"1,000",445.00,"445,000.00"
2019-09-10,2019091001006104,NICA,33,48,"1,000",445.00,"445,000.00"
2019-09-10,2019091001006103,NICA,45,48,"1,500",445.00,"667,500.00"
2019-09-10,2019091001006102,NICA,28,48,50,446.00,"22,300.00"
2019-09-10,2019091001006101,NICA,32,48,23,446.00,"10,258.00"
2019-09-10,2019091001006112,NICA,44,48,200,444.00,"88,800.00"
2019-09-10,2019091001006111,NICA,21,48,87,444.00,"38,628.00"
2019-09-10,2019091001006110,NICA,10,48,100,444.00,"44,400.00"
2019-09-10,2019091001006109,NICA,11,48,146,444.00,"64,824.00"
2019-09-10,2019091001006108,NICA,7,48,300,445.00,"133,500.00"
2019-09-10,2019091001006107,NICA,8,48,500,445.00,"222,500.00"
2019-09-10,2019091001005642,NICL,53,40,250,275.00,"68,750.00"
2019-09-10,2019091001005641,NICL,56,40,107,277.00,"29,639.00"
2019-09-10,2019091001006011,NIL,42,21,100,382.00,"38,200.00"
2019-09-10,2019091001006007,NLBBL,34,25,10,517.00,"5,170.00"
2019-09-10,2019091001005689,NLBBL,34,26,277,517.00,"143,209.00"
2019-09-10,2019091001005640,NLBBL,38,45,50,518.00,"25,900.00"
2019-09-10,2019091001005813,NLG,19,45,25,575.00,"14,375.00"
2019-09-10,2019091001005988,NLIC,10,4,496,792.00,"392,832.00"
2019-09-10,2019091001005987,NLIC,10,4,145,792.00,"114,840.00"
2019-09-10,2019091001005986,NLIC,45,4,114,793.00,"90,402.00"
2019-09-10,2019091001005985,NLIC,35,4,70,793.00,"55,510.00"
2019-09-10,2019091001005984,NLIC,58,4,15,793.00,"11,895.00"
2019-09-10,2019091001005983,NLIC,25,4,10,793.00,"7,930.00"
2019-09-10,2019091001005982,NLIC,16,4,50,793.00,"39,650.00"
2019-09-10,2019091001005885,NLIC,19,42,25,794.00,"19,850.00"
2019-09-10,2019091001005884,NLIC,32,42,16,794.00,"12,704.00"
2019-09-10,2019091001005995,NLICL,1,25,128,495.00,"63,360.00"
2019-09-10,2019091001005994,NLICL,37,25,200,495.00,"99,000.00"
2019-09-10,2019091001005993,NLICL,14,25,30,495.00,"14,850.00"
2019-09-10,2019091001005992,NLICL,43,25,100,495.00,"49,500.00"
2019-09-10,2019091001005991,NLICL,49,25,100,496.00,"49,600.00"
2019-09-10,2019091001005990,NLICL,39,25,142,496.00,"70,432.00"
2019-09-10,2019091001005734,NLICL,39,35,100,496.00,"49,600.00"
2019-09-10,2019091001005808,NMBMF,57,57,46,"1,060.00","48,760.00"
2019-09-10,2019091001005807,NMBMF,1,57,10,"1,065.00","10,650.00"
2019-09-10,2019091001005921,NTC,43,37,190,627.00,"119,130.00"
2019-09-10,2019091001005839,NTC,43,34,25,627.00,"15,675.00"
2019-09-10,2019091001006024,NUBL,6,32,50,848.00,"42,400.00"
2019-09-10,2019091001005818,NUBL,45,45,356,836.00,"297,616.00"
2019-09-10,2019091001005799,NUBL,14,45,100,840.00,"84,000.00"
2019-09-10,2019091001005798,NUBL,22,45,100,841.00,"84,100.00"
2019-09-10,2019091001005797,NUBL,5,45,60,841.00,"50,460.00"
2019-09-10,2019091001005970,PCBL,14,34,355,268.00,"95,140.00"
2019-09-10,2019091001005964,PCBL,14,34,500,268.00,"134,000.00"
2019-09-10,2019091001005907,PCBL,38,39,200,268.00,"53,600.00"
2019-09-10,2019091001005906,PCBL,14,39,896,268.00,"240,128.00"
2019-09-10,2019091001005905,PCBL,35,39,100,268.00,"26,800.00"
2019-09-10,2019091001005904,PCBL,32,39,500,268.00,"134,000.00"
2019-09-10,2019091001005662,PCBL,38,48,100,270.00,"27,000.00"
2019-09-10,2019091001005903,PCBL,50,39,133,268.00,"35,644.00"
2019-09-10,2019091001005772,PCBL,50,48,67,268.00,"17,956.00"
2019-09-10,2019091001005771,PCBL,14,48,52,268.00,"13,936.00"
2019-09-10,2019091001005770,PCBL,51,48,100,269.00,"26,900.00"
2019-09-10,2019091001005769,PCBL,25,48,100,269.00,"26,900.00"
2019-09-10,2019091001005768,PCBL,39,48,118,269.00,"31,742.00"
2019-09-10,2019091001005681,PIC,42,38,20,398.00,"7,960.00"
2019-09-10,2019091001005967,PPCL,14,56,10,98.00,980.00
2019-09-10,2019091001005643,PPCL,14,4,30,98.00,"2,940.00"
2019-09-10,2019091001005979,PRIN,59,34,390,315.00,"122,850.00"
2019-09-10,2019091001005978,PRIN,13,34,60,316.00,"18,960.00"
2019-09-10,2019091001005977,PRIN,6,34,50,318.00,"15,900.00"
2019-09-10,2019091001005976,PRIN,10,34,90,318.00,"28,620.00"
2019-09-10,2019091001005742,PRIN,10,37,10,318.00,"3,180.00"
2019-09-10,2019091001005741,PRIN,41,37,90,318.00,"28,620.00"
2019-09-10,2019091001006064,PROFL,16,34,477,98.00,"46,746.00"
2019-09-10,2019091001006063,PROFL,5,34,23,98.00,"2,254.00"
2019-09-10,2019091001006074,PRVU,39,34,"1,000",261.00,"261,000.00"
2019-09-10,2019091001006061,PRVU,39,35,500,261.00,"130,500.00"
2019-09-10,2019091001006060,PRVU,37,35,"1,000",261.00,"261,000.00"
2019-09-10,2019091001006059,PRVU,49,35,300,261.00,"78,300.00"
2019-09-10,2019091001006058,PRVU,52,35,200,261.00,"52,200.00"
2019-09-10,2019091001005774,PRVU,33,52,46,262.00,"12,052.00"
2019-09-10,2019091001005773,PRVU,40,52,66,262.00,"17,292.00"
2019-09-10,2019091001005828,PRVU,39,42,25,262.00,"6,550.00"
2019-09-10,2019091001005827,PRVU,33,42,54,262.00,"14,148.00"
2019-09-10,2019091001005966,RBCL,58,33,10,"8,850.00","88,500.00"
2019-09-10,2019091001005943,RBCLPO,17,33,10,"7,751.00","77,510.00"
2019-09-10,2019091001005926,RBCLPO,56,8,10,"7,801.00","78,010.00"
2019-09-10,2019091001005925,RBCLPO,45,8,10,"7,805.00","78,050.00"
2019-09-10,2019091001005751,RBCLPO,49,17,10,"7,839.00","78,390.00"
2019-09-10,2019091001005750,RBCLPO,49,17,10,"7,839.00","78,390.00"
2019-09-10,2019091001005729,RBCLPO,21,33,10,"7,840.00","78,400.00"
2019-09-10,2019091001005728,RBCLPO,11,33,20,"7,850.00","157,000.00"
2019-09-10,2019091001005886,RHPC,22,8,20,83.00,"1,660.00"
2019-09-10,2019091001006128,RHPL,47,16,20,162.00,"3,240.00"
2019-09-10,2019091001006127,RHPL,47,20,80,162.00,"12,960.00"
2019-09-10,2019091001006123,RHPL,19,44,40,161.00,"6,440.00"
2019-09-10,2019091001006065,RHPL,19,44,40,161.00,"6,440.00"
2019-09-10,2019091001006043,RHPL,38,20,20,162.00,"3,240.00"
2019-09-10,2019091001006042,RHPL,38,45,40,162.00,"6,480.00"
2019-09-10,2019091001005660,RHPL,43,44,40,163.00,"6,520.00"
2019-09-10,2019091001005646,RHPL,43,44,40,163.00,"6,520.00"
2019-09-10,2019091001005639,RHPL,43,39,40,163.00,"6,520.00"
2019-09-10,2019091001005670,RHPL,37,34,500,162.00,"81,000.00"
2019-09-10,2019091001005669,RHPL,58,34,300,162.00,"48,600.00"
2019-09-10,2019091001005668,RHPL,1,34,100,162.00,"16,200.00"
2019-09-10,2019091001005667,RHPL,58,34,50,162.00,"8,100.00"
2019-09-10,2019091001005666,RHPL,42,34,250,163.00,"40,750.00"
2019-09-10,2019091001005665,RHPL,43,34,610,163.00,"99,430.00"
2019-09-10,2019091001005713,RHPL,38,39,40,162.00,"6,480.00"
2019-09-10,2019091001005693,RHPL,18,44,40,161.00,"6,440.00"
2019-09-10,2019091001005674,RHPL,18,34,110,161.00,"17,710.00"
2019-09-10,2019091001005673,RHPL,17,34,500,161.00,"80,500.00"
2019-09-10,2019091001005672,RHPL,19,34,200,161.00,"32,200.00"
2019-09-10,2019091001005671,RHPL,40,34,30,161.00,"4,830.00"
2019-09-10,2019091001005820,RHPL,18,44,40,161.00,"6,440.00"
2019-09-10,2019091001005796,RHPL,18,28,20,161.00,"3,220.00"
2019-09-10,2019091001005795,RHPL,38,28,20,162.00,"3,240.00"
2019-09-10,2019091001005782,RHPL,38,57,50,162.00,"8,100.00"
2019-09-10,2019091001005720,RHPL,38,44,40,162.00,"6,480.00"
2019-09-10,2019091001005715,RHPL,38,7,40,162.00,"6,480.00"
2019-09-10,2019091001005902,RHPL,19,48,40,161.00,"6,440.00"
2019-09-10,2019091001005901,RHPL,19,44,40,161.00,"6,440.00"
2019-09-10,2019091001005852,RHPL,19,44,40,161.00,"6,440.00"
2019-09-10,2019091001005835,RHPL,19,16,150,161.00,"24,150.00"
2019-09-10,2019091001005834,RHPL,18,16,250,161.00,"40,250.00"
2019-09-10,2019091001005824,RHPL,18,28,40,161.00,"6,440.00"
2019-09-10,2019091001006041,RHPL,38,57,40,162.00,"6,480.00"
2019-09-10,2019091001006031,RHPL,19,44,40,161.00,"6,440.00"
2019-09-10,2019091001006030,RHPL,19,49,40,161.00,"6,440.00"
2019-09-10,2019091001005980,RHPL,19,44,40,161.00,"6,440.00"
2019-09-10,2019091001005960,RHPL,19,44,40,161.00,"6,440.00"
2019-09-10,2019091001005930,RHPL,19,44,40,161.00,"6,440.00"
2019-09-10,2019091001006122,RMDC,33,51,41,654.00,"26,814.00"
2019-09-10,2019091001005733,RSDC,43,48,14,339.00,"4,746.00"
2019-09-10,2019091001006057,SABSL,1,49,10,489.00,"4,890.00"
2019-09-10,2019091001005821,SABSL,5,49,10,489.00,"4,890.00"
2019-09-10,2019091001005801,SABSL,38,58,10,490.00,"4,900.00"
2019-09-10,2019091001005767,SABSL,38,47,10,490.00,"4,900.00"
2019-09-10,2019091001005758,SABSL,38,47,10,490.00,"4,900.00"
2019-09-10,2019091001005699,SABSL,38,6,70,490.00,"34,300.00"
2019-09-10,2019091001005698,SABSL,5,6,20,491.00,"9,820.00"
2019-09-10,2019091001005697,SABSL,6,6,90,491.00,"44,190.00"
2019-09-10,2019091001005696,SABSL,38,6,20,491.00,"9,820.00"
2019-09-10,2019091001006028,SANIMA,7,43,90,352.00,"31,680.00"
2019-09-10,2019091001005972,SANIMA,7,52,230,352.00,"80,960.00"
2019-09-10,2019091001005944,SANIMA,7,21,180,352.00,"63,360.00"
2019-09-10,2019091001005817,SANIMA,7,45,500,352.00,"176,000.00"
2019-09-10,2019091001005816,SANIMA,14,45,200,352.00,"70,400.00"
2019-09-10,2019091001005780,SANIMA,14,42,100,352.00,"35,200.00"
2019-09-10,2019091001005732,SBI,34,25,150,429.00,"64,350.00"
2019-09-10,2019091001005731,SBI,34,25,19,429.00,"8,151.00"
2019-09-10,2019091001006066,SBL,34,52,72,314.00,"22,608.00"
2019-09-10,2019091001005923,SBL,44,49,"1,000",313.00,"313,000.00"
2019-09-10,2019091001005912,SBL,44,49,590,313.00,"184,670.00"
2019-09-10,2019091001005911,SBL,26,49,43,313.00,"13,459.00"
2019-09-10,2019091001005910,SBL,18,49,150,314.00,"47,100.00"
2019-09-10,2019091001005909,SBL,26,49,117,314.00,"36,738.00"
2019-09-10,2019091001005871,SBL,26,48,22,314.00,"6,908.00"
2019-09-10,2019091001005727,SBL,26,11,134,314.00,"42,076.00"
2019-09-10,2019091001006087,SCB,41,34,20,600.00,"12,000.00"
2019-09-10,2019091001006086,SCB,44,34,250,600.00,"150,000.00"
2019-09-10,2019091001005844,SCB,44,42,50,600.00,"30,000.00"
2019-09-10,2019091001005861,SDESI,18,43,20,600.00,"12,000.00"
2019-09-10,2019091001005860,SDESI,21,43,100,600.00,"60,000.00"
2019-09-10,2019091001005859,SDESI,19,43,20,600.00,"12,000.00"
2019-09-10,2019091001005858,SDESI,38,43,30,601.00,"18,030.00"
2019-09-10,2019091001005857,SDESI,49,43,50,601.00,"30,050.00"
2019-09-10,2019091001005856,SDESI,14,43,30,602.00,"18,060.00"
2019-09-10,2019091001005755,SDESI,38,35,100,608.00,"60,800.00"
2019-09-10,2019091001005754,SDESI,35,35,23,609.00,"14,007.00"
2019-09-10,2019091001005753,SDESI,43,35,200,609.00,"121,800.00"
2019-09-10,2019091001005752,SDESI,48,35,20,609.00,"12,180.00"
2019-09-10,2019091001005837,SHINE,57,32,209,252.00,"52,668.00"
2019-09-10,2019091001006121,SHIVM,29,10,130,528.00,"68,640.00"
2019-09-10,2019091001006120,SHIVM,46,10,70,529.00,"37,030.00"
2019-09-10,2019091001005996,SHIVM,46,20,30,529.00,"15,870.00"
2019-09-10,2019091001005961,SHIVM,29,20,20,530.00,"10,600.00"
2019-09-10,2019091001005882,SHIVM,29,45,80,530.00,"42,400.00"
2019-09-10,2019091001005881,SHIVM,52,45,20,530.00,"10,600.00"
2019-09-10,2019091001005880,SHIVM,52,45,400,530.00,"212,000.00"
2019-09-10,2019091001005794,SHPC,45,37,"1,000",207.00,"207,000.00"
2019-09-10,2019091001006077,SJCL,29,44,20,177.00,"3,540.00"
2019-09-10,2019091001006036,SJCL,29,44,20,177.00,"3,540.00"
2019-09-10,2019091001006029,SJCL,29,46,10,177.00,"1,770.00"
2019-09-10,2019091001006014,SJCL,29,49,20,177.00,"3,540.00"
2019-09-10,2019091001006002,SJCL,29,44,20,177.00,"3,540.00"
2019-09-10,2019091001005968,SJCL,29,44,20,177.00,"3,540.00"
2019-09-10,2019091001005680,SJCL,16,44,10,177.00,"1,770.00"
2019-09-10,2019091001005651,SJCL,16,44,20,177.00,"3,540.00"
2019-09-10,2019091001005644,SJCL,16,39,20,177.00,"3,540.00"
2019-09-10,2019091001005637,SJCL,16,44,20,177.00,"3,540.00"
2019-09-10,2019091001005721,SJCL,16,39,20,177.00,"3,540.00"
2019-09-10,2019091001005707,SJCL,38,44,10,178.00,"1,780.00"
2019-09-10,2019091001005706,SJCL,38,7,20,178.00,"3,560.00"
2019-09-10,2019091001005691,SJCL,38,46,20,178.00,"3,560.00"
2019-09-10,2019091001005683,SJCL,38,48,20,178.00,"3,560.00"
2019-09-10,2019091001005682,SJCL,38,38,20,178.00,"3,560.00"
2019-09-10,2019091001005829,SJCL,16,44,20,177.00,"3,540.00"
2019-09-10,2019091001005811,SJCL,16,28,20,177.00,"3,540.00"
2019-09-10,2019091001005800,SJCL,16,44,20,177.00,"3,540.00"
2019-09-10,2019091001005940,SJCL,29,44,20,177.00,"3,540.00"
2019-09-10,2019091001005915,SJCL,16,44,20,177.00,"3,540.00"
2019-09-10,2019091001005891,SJCL,16,48,20,177.00,"3,540.00"
2019-09-10,2019091001005883,SJCL,16,44,20,177.00,"3,540.00"
2019-09-10,2019091001006092,SKBBL,35,45,115,942.00,"108,330.00"
2019-09-10,2019091001006091,SKBBL,45,45,"1,000",943.00,"943,000.00"
2019-09-10,2019091001006090,SKBBL,47,45,50,945.00,"47,250.00"
2019-09-10,2019091001006089,SKBBL,36,45,50,946.00,"47,300.00"
2019-09-10,2019091001006088,SKBBL,26,45,100,950.00,"95,000.00"
2019-09-10,2019091001006046,SKBBL,26,14,200,950.00,"190,000.00"
2019-09-10,2019091001005805,SLBBL,20,39,40,553.00,"22,120.00"
2019-09-10,2019091001005789,SLBBL,56,39,160,555.00,"88,800.00"
2019-09-10,2019091001005788,SLBBL,56,49,90,555.00,"49,950.00"
2019-09-10,2019091001005787,SLBBL,56,19,50,555.00,"27,750.00"
2019-09-10,2019091001005705,SLBBL,46,49,10,555.00,"5,550.00"
2019-09-10,2019091001005757,SLICL,21,34,500,285.00,"142,500.00"
2019-09-10,2019091001005756,SLICL,45,34,50,286.00,"14,300.00"
2019-09-10,2019091001005684,SLICL,21,1,280,285.00,"79,800.00"
2019-09-10,2019091001005664,SLICL,21,47,145,285.00,"41,325.00"
2019-09-10,2019091001006129,SMB,19,29,10,449.00,"4,490.00"
2019-09-10,2019091001006062,SPARS,39,20,15,582.00,"8,730.00"
2019-09-10,2019091001006032,SPARS,14,20,25,583.00,"14,575.00"
2019-09-10,2019091001005869,SPARS,14,38,10,583.00,"5,830.00"
2019-09-10,2019091001005633,SPDL,7,56,10,70.00,700.00
2019-09-10,2019091001005974,SRBL,55,14,410,230.00,"94,300.00"
2019-09-10,2019091001005740,SRBL,34,44,100,229.00,"22,900.00"
2019-09-10,2019091001005723,SRBL,34,45,28,229.00,"6,412.00"
2019-09-10,2019091001006039,TRH,44,45,335,287.00,"96,145.00"
2019-09-10,2019091001006025,TRH,58,45,165,289.00,"47,685.00"
2019-09-10,2019091001006016,UIC,48,38,196,277.00,"54,292.00"
2019-09-10,2019091001006015,UIC,48,32,210,275.00,"57,750.00"
2019-09-10,2019091001005735,UIC,56,46,100,275.00,"27,500.00"
2019-09-10,2019091001005654,UNHPL,17,4,50,55.00,"2,750.00"
2019-09-10,2019091001005663,UPCL,52,4,50,77.00,"3,850.00"
2019-09-10,2019091001005973,UPPER,45,42,10,241.00,"2,410.00"
2019-09-10,2019091001005942,UPPER,45,38,50,241.00,"12,050.00"
2019-09-10,2019091001005924,UPPER,45,38,40,241.00,"9,640.00"
2019-09-10,2019091001005653,UPPER,38,38,50,241.00,"12,050.00"
2019-09-10,2019091001005652,UPPER,38,13,52,241.00,"12,532.00"
2019-09-10,2019091001005632,UPPER,59,22,50,240.00,"12,000.00"
2019-09-10,2019091001005612,ADBL,38,44,200,418.00,"83,600.00"
2019-09-10,2019091001005611,ADBL,49,44,"3,000",418.00,"1,254,000.00"
2019-09-10,2019091001005610,ADBL,38,44,30,418.00,"12,540.00"
2019-09-10,2019091001005443,ADBL,38,50,100,418.00,"41,800.00"
2019-09-10,2019091001005395,ADBL,38,16,11,418.00,"4,598.00"
2019-09-10,2019091001005317,ADBL,38,41,59,418.00,"24,662.00"
2019-09-10,2019091001005316,ADBL,14,41,21,418.00,"8,778.00"
2019-09-10,2019091001005295,ADBL,14,45,318,418.00,"132,924.00"
2019-09-10,2019091001005185,ADBL,14,13,152,418.00,"63,536.00"
2019-09-10,2019091001005624,AKBSL,42,17,10,462.00,"4,620.00"
2019-09-10,2019091001005604,AKBSL,42,3,10,462.00,"4,620.00"
2019-09-10,2019091001005594,AKBSL,42,3,10,462.00,"4,620.00"
2019-09-10,2019091001005544,AKBSL,42,3,10,462.00,"4,620.00"
2019-09-10,2019091001005539,AKBSL,42,35,10,462.00,"4,620.00"
2019-09-10,2019091001005537,AKBSL,42,16,10,462.00,"4,620.00"
2019-09-10,2019091001005206,AKBSL,48,44,10,463.00,"4,630.00"
2019-09-10,2019091001005182,AKBSL,42,8,10,462.00,"4,620.00"
2019-09-10,2019091001005171,AKBSL,16,44,10,463.00,"4,630.00"
2019-09-10,2019091001005166,AKBSL,42,29,10,462.00,"4,620.00"
2019-09-10,2019091001005163,AKBSL,42,29,10,462.00,"4,620.00"
2019-09-10,2019091001005155,AKBSL,42,29,10,462.00,"4,620.00"
2019-09-10,2019091001005212,AKBSL,48,48,10,464.00,"4,640.00"
2019-09-10,2019091001005211,AKBSL,48,48,10,464.00,"4,640.00"
2019-09-10,2019091001005210,AKBSL,48,48,10,464.00,"4,640.00"
2019-09-10,2019091001005209,AKBSL,48,44,10,463.00,"4,630.00"
2019-09-10,2019091001005208,AKBSL,48,44,10,463.00,"4,630.00"
2019-09-10,2019091001005207,AKBSL,48,44,10,463.00,"4,630.00"
2019-09-10,2019091001005218,AKBSL,48,48,10,464.00,"4,640.00"
2019-09-10,2019091001005217,AKBSL,48,48,10,464.00,"4,640.00"
2019-09-10,2019091001005216,AKBSL,48,48,10,464.00,"4,640.00"
2019-09-10,2019091001005215,AKBSL,48,48,10,464.00,"4,640.00"
2019-09-10,2019091001005214,AKBSL,48,48,10,464.00,"4,640.00"
2019-09-10,2019091001005213,AKBSL,48,48,10,464.00,"4,640.00"
2019-09-10,2019091001005268,AKBSL,42,47,10,462.00,"4,620.00"
2019-09-10,2019091001005223,AKBSL,48,48,10,464.00,"4,640.00"
2019-09-10,2019091001005222,AKBSL,48,48,10,464.00,"4,640.00"
2019-09-10,2019091001005221,AKBSL,48,48,10,464.00,"4,640.00"
2019-09-10,2019091001005220,AKBSL,48,48,10,464.00,"4,640.00"
2019-09-10,2019091001005219,AKBSL,48,48,10,464.00,"4,640.00"
2019-09-10,2019091001005367,AKBSL,42,51,10,462.00,"4,620.00"
2019-09-10,2019091001005365,AKBSL,42,48,10,462.00,"4,620.00"
2019-09-10,2019091001005323,AKBSL,42,36,10,462.00,"4,620.00"
2019-09-10,2019091001005311,AKBSL,42,20,10,462.00,"4,620.00"
2019-09-10,2019091001005281,AKBSL,42,47,10,462.00,"4,620.00"
2019-09-10,2019091001005276,AKBSL,42,47,10,462.00,"4,620.00"
2019-09-10,2019091001005536,AKBSL,42,3,10,462.00,"4,620.00"
2019-09-10,2019091001005525,AKBSL,42,3,10,462.00,"4,620.00"
2019-09-10,2019091001005514,AKBSL,42,3,10,462.00,"4,620.00"
2019-09-10,2019091001005499,AKBSL,42,46,10,462.00,"4,620.00"
2019-09-10,2019091001005493,AKBSL,42,21,10,462.00,"4,620.00"
2019-09-10,2019091001005420,AKBSL,42,58,10,462.00,"4,620.00"
2019-09-10,2019091001005623,AKPL,34,55,500,139.00,"69,500.00"
2019-09-10,2019091001005622,AKPL,49,55,300,139.00,"41,700.00"
2019-09-10,2019091001005621,AKPL,56,55,100,139.00,"13,900.00"
2019-09-10,2019091001005620,AKPL,8,55,100,139.00,"13,900.00"
2019-09-10,2019091001005619,AKPL,22,55,100,140.00,"14,000.00"
2019-09-10,2019091001005618,AKPL,37,55,81,140.00,"11,340.00"
2019-09-10,2019091001005433,ALBSL,38,38,10,441.00,"4,410.00"
2019-09-10,2019091001005386,ALBSL,57,58,25,440.00,"11,000.00"
2019-09-10,2019091001005349,ALBSL,32,25,20,444.00,"8,880.00"
2019-09-10,2019091001005204,ALBSL,32,42,10,444.00,"4,440.00"
2019-09-10,2019091001005184,ALBSL,57,25,45,440.00,"19,800.00"
2019-09-10,2019091001005442,ALICL,45,57,18,320.00,"5,760.00"
2019-09-10,2019091001005410,ALICL,19,36,34,321.00,"10,914.00"
2019-09-10,2019091001005396,ALICL,19,36,66,321.00,"21,186.00"
2019-09-10,2019091001005394,ALICL,19,49,34,321.00,"10,914.00"
2019-09-10,2019091001005436,API,6,25,500,112.00,"56,000.00"
2019-09-10,2019091001005150,API,25,34,50,113.00,"5,650.00"
2019-09-10,2019091001005339,BOKL,38,45,114,258.00,"29,412.00"
2019-09-10,2019091001005325,BOKL,38,59,30,258.00,"7,740.00"
2019-09-10,2019091001005324,BOKL,17,59,70,258.00,"18,060.00"
2019-09-10,2019091001005496,BPCL,42,41,50,375.00,"18,750.00"
2019-09-10,2019091001005495,BPCL,25,41,50,376.00,"18,800.00"
2019-09-10,2019091001005188,BPCL,42,8,11,375.00,"4,125.00"
2019-09-10,2019091001005251,CBBL,44,50,100,980.00,"98,000.00"
2019-09-10,2019091001005250,CBBL,6,50,100,980.00,"98,000.00"
2019-09-10,2019091001005486,CBL,25,45,400,145.00,"58,000.00"
2019-09-10,2019091001005485,CBL,33,45,500,145.00,"72,500.00"
2019-09-10,2019091001005484,CBL,33,45,500,145.00,"72,500.00"
2019-09-10,2019091001005483,CBL,42,45,82,145.00,"11,890.00"
2019-09-10,2019091001005482,CBL,34,45,38,145.00,"5,510.00"
2019-09-10,2019091001005419,CBL,34,49,42,145.00,"6,090.00"
2019-09-10,2019091001005368,CBL,6,13,20,146.00,"2,920.00"
2019-09-10,2019091001005343,CBL,50,13,200,146.00,"29,200.00"
2019-09-10,2019091001005291,CBL,34,51,38,145.00,"5,510.00"
2019-09-10,2019091001005568,CCBL,49,7,500,158.00,"79,000.00"
2019-09-10,2019091001005561,CFCL,59,28,"1,500",109.00,"163,500.00"
2019-09-10,2019091001005550,CFCL,58,28,100,110.00,"11,000.00"
2019-09-10,2019091001005549,CFCL,1,28,"1,000",110.00,"110,000.00"
2019-09-10,2019091001005548,CFCL,43,28,200,111.00,"22,200.00"
2019-09-10,2019091001005547,CFCL,1,28,200,111.00,"22,200.00"
2019-09-10,2019091001005546,CFCL,25,28,190,111.00,"21,090.00"
2019-09-10,2019091001005545,CFCL,1,28,431,111.00,"47,841.00"
2019-09-10,2019091001005463,CFCL,32,41,300,112.00,"33,600.00"
2019-09-10,2019091001005267,CHCL,22,6,100,438.00,"43,800.00"
2019-09-10,2019091001005143,CHCL,28,8,35,440.00,"15,400.00"
2019-09-10,2019091001005142,CHCL,28,36,265,439.00,"116,335.00"
2019-09-10,2019091001005590,CZBIL,48,59,250,222.00,"55,500.00"
2019-09-10,2019091001005236,CZBIL,41,46,20,223.00,"4,460.00"
2019-09-10,2019091001005235,CZBIL,41,55,30,222.00,"6,660.00"
2019-09-10,2019091001005149,CZBIL,32,59,200,222.00,"44,400.00"
2019-09-10,2019091001005148,CZBIL,47,59,100,222.00,"22,200.00"
2019-09-10,2019091001005503,EBL,58,25,330,602.00,"198,660.00"
2019-09-10,2019091001005332,EBL,38,25,100,602.00,"60,200.00"
2019-09-10,2019091001005305,EBL,38,38,100,602.00,"60,200.00"
2019-09-10,2019091001005177,EBL,40,25,76,601.00,"45,676.00"
2019-09-10,2019091001005202,EIC,38,17,200,290.00,"58,000.00"
2019-09-10,2019091001005201,EIC,57,17,30,290.00,"8,700.00"
2019-09-10,2019091001005445,FOWAD,50,41,25,"1,295.00","32,375.00"
2019-09-10,2019091001005203,FOWAD,36,47,11,"1,305.00","14,355.00"
2019-09-10,2019091001005165,FOWAD,36,59,19,"1,305.00","24,795.00"
2019-09-10,2019091001005242,GBBL,49,38,39,212.00,"8,268.00"
2019-09-10,2019091001005241,GBBL,45,38,60,213.00,"12,780.00"
2019-09-10,2019091001005462,GBLBS,38,38,15,333.00,"4,995.00"
2019-09-10,2019091001005389,GBLBS,14,48,15,331.00,"4,965.00"
2019-09-10,2019091001005307,GBLBS,57,44,15,332.00,"4,980.00"
2019-09-10,2019091001005157,GBLBS,57,38,15,332.00,"4,980.00"
2019-09-10,2019091001005615,GFCL,59,11,"1,500",135.00,"202,500.00"
2019-09-10,2019091001005614,GFCL,59,11,500,136.00,"68,000.00"
2019-09-10,2019091001005613,GFCL,59,11,"1,500",136.00,"204,000.00"
2019-09-10,2019091001005555,GFCL,40,1,100,137.00,"13,700.00"
2019-09-10,2019091001005464,GHL,51,4,30,68.00,"2,040.00"
2019-09-10,2019091001005528,GLICL,34,21,50,383.00,"19,150.00"
2019-09-10,2019091001005527,GLICL,57,21,100,384.00,"38,400.00"
2019-09-10,2019091001005509,GLICL,54,17,403,385.00,"155,155.00"
2019-09-10,2019091001005454,GLICL,54,38,504,385.00,"194,040.00"
2019-09-10,2019091001005393,GLICL,54,52,93,385.00,"35,805.00"
2019-09-10,2019091001005392,GLICL,48,52,36,385.00,"13,860.00"
2019-09-10,2019091001005341,GLICL,46,40,12,386.00,"4,632.00"
2019-09-10,2019091001005320,GLICL,46,42,20,386.00,"7,720.00"
2019-09-10,2019091001005162,GLICL,52,58,20,388.00,"7,760.00"
2019-09-10,2019091001005136,GLICL,6,52,50,389.00,"19,450.00"
2019-09-10,2019091001005363,GLICL,48,40,24,385.00,"9,240.00"
2019-09-10,2019091001005362,GLICL,42,40,20,385.00,"7,700.00"
2019-09-10,2019091001005361,GLICL,58,40,50,385.00,"19,250.00"
2019-09-10,2019091001005360,GLICL,6,40,75,386.00,"28,950.00"
2019-09-10,2019091001005359,GLICL,48,40,31,386.00,"11,966.00"
2019-09-10,2019091001005342,GLICL,48,40,68,386.00,"26,248.00"
2019-09-10,2019091001005474,HBL,57,58,42,526.00,"22,092.00"
2019-09-10,2019091001005473,HBL,14,58,"1,008",526.00,"530,208.00"
2019-09-10,2019091001005587,HIDCL,26,8,240,137.00,"32,880.00"
2019-09-10,2019091001005586,HIDCL,7,8,10,137.00,"1,370.00"
2019-09-10,2019091001005585,HIDCL,26,8,33,137.00,"4,521.00"
2019-09-10,2019091001005333,HIDCL,26,35,61,137.00,"8,357.00"
2019-09-10,2019091001005388,HPPL,53,38,20,143.00,"2,860.00"
2019-09-10,2019091001005178,HPPL,53,38,10,143.00,"1,430.00"
2019-09-10,2019091001005334,ICFC,45,39,129,160.00,"20,640.00"
2019-09-10,2019091001005467,IGI,39,14,300,326.00,"97,800.00"
2019-09-10,2019091001005337,IGI,39,48,111,326.00,"36,186.00"
2019-09-10,2019091001005336,IGI,52,48,119,326.00,"38,794.00"
2019-09-10,2019091001005335,IGI,45,48,20,327.00,"6,540.00"
2019-09-10,2019091001005554,ILBS,32,58,40,439.00,"17,560.00"
2019-09-10,2019091001005553,ILBS,32,35,10,438.00,"4,380.00"
2019-09-10,2019091001005422,ILBS,32,51,10,437.00,"4,370.00"
2019-09-10,2019091001005225,ILBS,38,42,10,439.00,"4,390.00"
2019-09-10,2019091001005224,ILBS,6,38,10,438.00,"4,380.00"
2019-09-10,2019091001005322,JFL,6,37,100,200.00,"20,000.00"
2019-09-10,2019091001005196,JFL,7,37,61,200.00,"12,200.00"
2019-09-10,2019091001005168,JFL,7,5,500,200.00,"100,000.00"
2019-09-10,2019091001005593,JOSHI,7,4,20,60.00,"1,200.00"
2019-09-10,2019091001005543,KBL,42,7,15,202.00,"3,030.00"
2019-09-10,2019091001005542,KBL,58,7,485,202.00,"97,970.00"
2019-09-10,2019091001005446,KBL,58,21,15,202.00,"3,030.00"
2019-09-10,2019091001005400,KBL,58,48,500,202.00,"101,000.00"
2019-09-10,2019091001005399,KBL,26,48,500,202.00,"101,000.00"
2019-09-10,2019091001005381,KBL,6,34,20,203.00,"4,060.00"
2019-09-10,2019091001005353,KBL,50,34,200,203.00,"40,600.00"
2019-09-10,2019091001005282,KBL,26,39,500,202.00,"101,000.00"
2019-09-10,2019091001005186,KBL,33,34,50,203.00,"10,150.00"
2019-09-10,2019091001005524,KPCL,39,38,10,78.00,780.00
2019-09-10,2019091001005286,KPCL,45,28,10,79.00,790.00
2019-09-10,2019091001005285,KPCL,45,28,10,79.00,790.00
2019-09-10,2019091001005243,KPCL,39,38,10,78.00,780.00
2019-09-10,2019091001005294,KSBBL,14,40,500,140.00,"70,000.00"
2019-09-10,2019091001005293,KSBBL,46,40,200,140.00,"28,000.00"
2019-09-10,2019091001005385,LBBL,44,44,50,173.00,"8,650.00"
2019-09-10,2019091001005384,LBBL,14,44,"1,000",173.00,"173,000.00"
2019-09-10,2019091001005383,LBBL,33,44,74,173.00,"12,802.00"
2019-09-10,2019091001005161,LBBL,33,7,226,173.00,"39,098.00"
2019-09-10,2019091001005160,LBBL,22,7,13,173.00,"2,249.00"
2019-09-10,2019091001005600,LBL,34,7,239,213.00,"50,907.00"
2019-09-10,2019091001005599,LBL,1,7,11,214.00,"2,354.00"
2019-09-10,2019091001005248,LGIL,58,48,50,375.00,"18,750.00"
2019-09-10,2019091001005471,LICN,11,22,20,"1,001.00","20,020.00"
2019-09-10,2019091001005631,MEGA,51,7,20,196.00,"3,920.00"
2019-09-10,2019091001005630,MEGA,6,7,100,196.00,"19,600.00"
2019-09-10,2019091001005629,MEGA,29,7,380,196.00,"74,480.00"
2019-09-10,2019091001005180,MEGA,59,44,52,197.00,"10,244.00"
2019-09-10,2019091001005179,MEGA,58,44,904,197.00,"178,088.00"
2019-09-10,2019091001005304,MEGA,33,39,202,197.00,"39,794.00"
2019-09-10,2019091001005303,MEGA,58,39,100,197.00,"19,700.00"
2019-09-10,2019091001005302,MEGA,45,39,500,197.00,"98,500.00"
2019-09-10,2019091001005301,MEGA,3,39,50,197.00,"9,850.00"
2019-09-10,2019091001005300,MEGA,59,39,48,197.00,"9,456.00"
2019-09-10,2019091001005370,MEGA,51,44,100,197.00,"19,700.00"
2019-09-10,2019091001005369,MEGA,33,44,98,197.00,"19,306.00"
2019-09-10,2019091001005541,MEGA,29,42,120,196.00,"23,520.00"
2019-09-10,2019091001005540,MEGA,25,42,80,196.00,"15,680.00"
2019-09-10,2019091001005470,MLBBL,5,48,53,441.00,"23,373.00"
2019-09-10,2019091001005280,MLBBL,58,48,99,445.00,"44,055.00"
2019-09-10,2019091001005237,MLBL,14,38,43,210.00,"9,030.00"
2019-09-10,2019091001005273,MNBBL,25,51,40,312.00,"12,480.00"
2019-09-10,2019091001005272,MNBBL,26,51,60,313.00,"18,780.00"
2019-09-10,2019091001005266,MNBBL,58,25,43,315.00,"13,545.00"
2019-09-10,2019091001005264,MNBBL,58,38,72,315.00,"22,680.00"
2019-09-10,2019091001005263,MNBBL,52,38,30,315.00,"9,450.00"
2019-09-10,2019091001005275,MSLB,29,59,26,925.00,"24,050.00"
2019-09-10,2019091001005416,NABIL,26,39,178,770.00,"137,060.00"
2019-09-10,2019091001005415,NABIL,1,39,100,771.00,"77,100.00"
2019-09-10,2019091001005414,NABIL,35,39,100,771.00,"77,100.00"
2019-09-10,2019091001005413,NABIL,14,39,80,772.00,"61,760.00"
2019-09-10,2019091001005412,NABIL,59,39,50,772.00,"38,600.00"
2019-09-10,2019091001005318,NABIL,43,13,20,773.00,"15,460.00"
2019-09-10,2019091001005159,NABIL,49,26,150,774.00,"116,100.00"
2019-09-10,2019091001005158,NABIL,35,26,105,774.00,"81,270.00"
2019-09-10,2019091001005147,NABIL,35,26,50,774.00,"38,700.00"
2019-09-10,2019091001005146,NABIL,45,26,150,775.00,"116,250.00"
2019-09-10,2019091001005145,NABIL,45,39,100,775.00,"77,500.00"
2019-09-10,2019091001005538,NADEP,26,8,100,443.00,"44,300.00"
2019-09-10,2019091001005134,NAGRO,25,22,10,778.00,"7,780.00"
2019-09-10,2019091001005472,NBB,33,49,10,210.00,"2,100.00"
2019-09-10,2019091001005354,NBB,33,49,200,210.00,"42,000.00"
2019-09-10,2019091001005310,NBB,33,38,290,210.00,"60,900.00"
2019-09-10,2019091001005309,NBB,58,38,200,210.00,"42,000.00"
2019-09-10,2019091001005308,NBB,7,38,10,211.00,"2,110.00"
2019-09-10,2019091001005453,NBL,50,54,30,318.00,"9,540.00"
2019-09-10,2019091001005452,NBL,50,50,220,318.00,"69,960.00"
2019-09-10,2019091001005377,NBL,56,50,780,318.00,"248,040.00"
2019-09-10,2019091001005376,NBL,56,48,220,318.00,"69,960.00"
2019-09-10,2019091001005331,NBL,44,48,100,318.00,"31,800.00"
2019-09-10,2019091001005330,NBL,32,48,60,318.00,"19,080.00"
2019-09-10,2019091001005329,NBL,40,48,570,318.00,"181,260.00"
2019-09-10,2019091001005328,NBL,58,48,50,318.00,"15,900.00"
2019-09-10,2019091001005321,NBL,58,45,100,318.00,"31,800.00"
2019-09-10,2019091001005278,NBL,58,59,50,318.00,"15,900.00"
2019-09-10,2019091001005261,NBL,34,32,100,318.00,"31,800.00"
2019-09-10,2019091001005609,NCCB,3,3,380,201.00,"76,380.00"
2019-09-10,2019091001005608,NCCB,3,3,120,201.00,"24,120.00"
2019-09-10,2019091001005513,NCCB,3,45,"1,870",201.00,"375,870.00"
2019-09-10,2019091001005500,NCCB,3,49,10,201.00,"2,010.00"
2019-09-10,2019091001005405,NCCB,44,41,250,201.00,"50,250.00"
2019-09-10,2019091001005397,NCCB,44,41,250,201.00,"50,250.00"
2019-09-10,2019091001005133,NCCB,44,7,450,201.00,"90,450.00"
2019-09-10,2019091001005480,NGPL,13,45,453,98.00,"44,394.00"
2019-09-10,2019091001005479,NGPL,47,45,"1,000",98.00,"98,000.00"
2019-09-10,2019091001005478,NGPL,1,45,200,99.00,"19,800.00"
2019-09-10,2019091001005477,NGPL,48,45,300,100.00,"30,000.00"
2019-09-10,2019091001005476,NGPL,45,45,20,100.00,"2,000.00"
2019-09-10,2019091001005475,NGPL,56,45,17,100.00,"1,700.00"
2019-09-10,2019091001005605,NIB,14,21,10,452.00,"4,520.00"
2019-09-10,2019091001005451,NIB,14,49,30,452.00,"13,560.00"
2019-09-10,2019091001005450,NIB,43,49,100,452.00,"45,200.00"
2019-09-10,2019091001005449,NIB,8,49,70,452.00,"31,640.00"
2019-09-10,2019091001005434,NIB,49,1,20,453.00,"9,060.00"
2019-09-10,2019091001005366,NIB,11,1,50,453.00,"22,650.00"
2019-09-10,2019091001005238,NIB,8,46,30,452.00,"13,560.00"
2019-09-10,2019091001005603,NICA,17,47,193,447.00,"86,271.00"
2019-09-10,2019091001005602,NICA,14,47,17,447.00,"7,599.00"
2019-09-10,2019091001005552,NICA,14,49,83,447.00,"37,101.00"
2019-09-10,2019091001005530,NICA,14,43,100,447.00,"44,700.00"
2019-09-10,2019091001005518,NICA,57,43,100,447.00,"44,700.00"
2019-09-10,2019091001005497,NICA,22,43,300,447.00,"134,100.00"
2019-09-10,2019091001005431,NICA,22,43,300,447.00,"134,100.00"
2019-09-10,2019091001005430,NICA,6,43,100,447.00,"44,700.00"
2019-09-10,2019091001005429,NICA,40,43,200,447.00,"89,400.00"
2019-09-10,2019091001005246,NICA,33,49,50,448.00,"22,400.00"
2019-09-10,2019091001005245,NICA,6,49,100,448.00,"44,800.00"
2019-09-10,2019091001005569,NICL,48,22,100,278.00,"27,800.00"
2019-09-10,2019091001005152,NIL,38,54,44,385.00,"16,940.00"
2019-09-10,2019091001005151,NIL,38,41,26,384.00,"9,984.00"
2019-09-10,2019091001005357,NLBBL,38,45,150,518.00,"77,700.00"
2019-09-10,2019091001005192,NLG,14,45,50,575.00,"28,750.00"
2019-09-10,2019091001005183,NLG,19,45,25,577.00,"14,425.00"
2019-09-10,2019091001005492,NLIC,32,4,97,794.00,"77,018.00"
2019-09-10,2019091001005491,NLIC,55,4,65,794.00,"51,610.00"
2019-09-10,2019091001005490,NLIC,22,4,100,794.00,"79,400.00"
2019-09-10,2019091001005489,NLIC,14,4,50,794.00,"39,700.00"
2019-09-10,2019091001005488,NLIC,28,4,200,794.00,"158,800.00"
2019-09-10,2019091001005487,NLIC,36,4,38,794.00,"30,172.00"
2019-09-10,2019091001005173,NLIC,17,28,270,796.00,"214,920.00"
2019-09-10,2019091001005154,NLIC,17,58,34,796.00,"27,064.00"
2019-09-10,2019091001005153,NLIC,50,58,93,796.00,"74,028.00"
2019-09-10,2019091001005190,NLIC,6,28,82,796.00,"65,272.00"
2019-09-10,2019091001005189,NLIC,42,28,35,796.00,"27,860.00"
2019-09-10,2019091001005181,NLIC,42,35,28,796.00,"22,288.00"
2019-09-10,2019091001005176,NLIC,42,17,37,796.00,"29,452.00"
2019-09-10,2019091001005175,NLIC,42,17,30,796.00,"23,880.00"
2019-09-10,2019091001005174,NLIC,17,17,196,796.00,"156,016.00"
2019-09-10,2019091001005257,NLIC,38,4,78,795.00,"62,010.00"
2019-09-10,2019091001005256,NLIC,44,4,990,795.00,"787,050.00"
2019-09-10,2019091001005254,NLIC,44,46,10,795.00,"7,950.00"
2019-09-10,2019091001005240,NLIC,40,28,50,796.00,"39,800.00"
2019-09-10,2019091001005226,NLIC,45,35,28,795.00,"22,260.00"
2019-09-10,2019091001005205,NLIC,45,11,22,795.00,"17,490.00"
2019-09-10,2019091001005469,NLIC,37,28,50,796.00,"39,800.00"
2019-09-10,2019091001005347,NLIC,42,38,50,795.00,"39,750.00"
2019-09-10,2019091001005283,NLIC,40,38,18,795.00,"14,310.00"
2019-09-10,2019091001005260,NLIC,40,4,32,795.00,"25,440.00"
2019-09-10,2019091001005259,NLIC,48,4,50,795.00,"39,750.00"
2019-09-10,2019091001005258,NLIC,34,4,150,795.00,"119,250.00"
2019-09-10,2019091001005468,NLICL,39,48,50,496.00,"24,800.00"
2019-09-10,2019091001005364,NLICL,39,50,108,496.00,"53,568.00"
2019-09-10,2019091001005350,NLICL,28,25,500,497.00,"248,500.00"
2019-09-10,2019091001005299,NLICL,57,25,50,498.00,"24,900.00"
2019-09-10,2019091001005298,NLICL,43,25,350,498.00,"174,300.00"
2019-09-10,2019091001005297,NLICL,43,25,50,499.00,"24,950.00"
2019-09-10,2019091001005138,NMBSF1,28,17,"4,000",11.20,"44,800.00"
2019-09-10,2019091001005403,NTC,35,48,100,629.00,"62,900.00"
2019-09-10,2019091001005566,OHL,47,38,23,525.00,"12,075.00"
2019-09-10,2019091001005565,OHL,36,38,30,526.00,"15,780.00"
2019-09-10,2019091001005564,OHL,57,38,100,526.00,"52,600.00"
2019-09-10,2019091001005289,OHL,42,38,10,536.00,"5,360.00"
2019-09-10,2019091001005563,OHL,50,38,37,526.00,"19,462.00"
2019-09-10,2019091001005562,OHL,22,38,50,526.00,"26,300.00"
2019-09-10,2019091001005432,OHL,57,25,40,535.00,"21,400.00"
2019-09-10,2019091001005427,PFL,3,48,39,133.00,"5,187.00"
2019-09-10,2019091001005170,PIC,18,45,20,399.00,"7,980.00"
2019-09-10,2019091001005169,PIC,34,45,35,399.00,"13,965.00"
2019-09-10,2019091001005535,PMHPL,56,38,10,97.00,970.00
2019-09-10,2019091001005249,PMHPL,56,38,10,97.00,970.00
2019-09-10,2019091001005137,PPCL,14,21,10,98.00,980.00
2019-09-10,2019091001005438,PRIN,41,51,10,318.00,"3,180.00"
2019-09-10,2019091001005356,PROFL,5,56,77,98.00,"7,546.00"
2019-09-10,2019091001005617,PRVU,40,50,134,262.00,"35,108.00"
2019-09-10,2019091001005616,PRVU,10,50,366,262.00,"95,892.00"
2019-09-10,2019091001005591,PRVU,10,37,100,262.00,"26,200.00"
2019-09-10,2019091001005379,PRVU,34,36,100,262.00,"26,200.00"
2019-09-10,2019091001005378,PRVU,39,36,"1,551",262.00,"406,362.00"
2019-09-10,2019091001005346,PRVU,39,36,449,262.00,"117,638.00"
2019-09-10,2019091001005345,PRVU,58,36,551,262.00,"144,362.00"
2019-09-10,2019091001005534,PRVU,10,7,534,262.00,"139,908.00"
2019-09-10,2019091001005533,PRVU,28,7,116,262.00,"30,392.00"
2019-09-10,2019091001005380,PRVU,28,36,384,262.00,"100,608.00"
2019-09-10,2019091001005627,RHPL,43,44,40,163.00,"6,520.00"
2019-09-10,2019091001005626,RHPL,43,11,60,163.00,"9,780.00"
2019-09-10,2019091001005597,RHPL,43,39,40,163.00,"6,520.00"
2019-09-10,2019091001005592,RHPL,43,44,40,163.00,"6,520.00"
2019-09-10,2019091001005551,RHPL,43,44,40,163.00,"6,520.00"
2019-09-10,2019091001005526,RHPL,43,44,40,163.00,"6,520.00"
2019-09-10,2019091001005167,RHPL,35,44,10,165.00,"1,650.00"
2019-09-10,2019091001005164,RHPL,53,44,40,164.00,"6,560.00"
2019-09-10,2019091001005144,RHPL,53,44,40,164.00,"6,560.00"
2019-09-10,2019091001005135,RHPL,53,44,40,164.00,"6,560.00"
2019-09-10,2019091001005265,RHPL,53,44,40,164.00,"6,560.00"
2019-09-10,2019091001005255,RHPL,53,38,50,164.00,"8,200.00"
2019-09-10,2019091001005252,RHPL,53,44,40,164.00,"6,560.00"
2019-09-10,2019091001005247,RHPL,53,48,40,164.00,"6,560.00"
2019-09-10,2019091001005239,RHPL,53,44,40,164.00,"6,560.00"
2019-09-10,2019091001005191,RHPL,53,44,40,164.00,"6,560.00"
2019-09-10,2019091001005338,RHPL,53,44,40,164.00,"6,560.00"
2019-09-10,2019091001005315,RHPL,53,44,40,164.00,"6,560.00"
2019-09-10,2019091001005296,RHPL,53,44,40,164.00,"6,560.00"
2019-09-10,2019091001005279,RHPL,53,44,40,164.00,"6,560.00"
2019-09-10,2019091001005271,RHPL,53,46,10,164.00,"1,640.00"
2019-09-10,2019091001005269,RHPL,53,48,40,164.00,"6,560.00"
2019-09-10,2019091001005417,RHPL,53,35,120,164.00,"19,680.00"
2019-09-10,2019091001005407,RHPL,53,34,40,164.00,"6,560.00"
2019-09-10,2019091001005406,RHPL,53,19,30,164.00,"4,920.00"
2019-09-10,2019091001005401,RHPL,53,44,40,164.00,"6,560.00"
2019-09-10,2019091001005372,RHPL,53,44,40,164.00,"6,560.00"
2019-09-10,2019091001005351,RHPL,53,44,40,164.00,"6,560.00"
2019-09-10,2019091001005494,RHPL,40,39,40,163.00,"6,520.00"
2019-09-10,2019091001005481,RHPL,40,44,40,163.00,"6,520.00"
2019-09-10,2019091001005459,RHPL,40,44,40,163.00,"6,520.00"
2019-09-10,2019091001005435,RHPL,40,58,10,163.00,"1,630.00"
2019-09-10,2019091001005428,RHPL,40,44,40,163.00,"6,520.00"
2019-09-10,2019091001005418,RHPL,16,35,500,164.00,"82,000.00"
2019-09-10,2019091001005512,RHPL,43,39,10,163.00,"1,630.00"
2019-09-10,2019091001005511,RHPL,1,39,30,163.00,"4,890.00"
2019-09-10,2019091001005508,RHPL,1,44,20,163.00,"3,260.00"
2019-09-10,2019091001005507,RHPL,40,44,20,163.00,"3,260.00"
2019-09-10,2019091001005504,RHPL,40,21,10,163.00,"1,630.00"
2019-09-10,2019091001005502,RHPL,35,44,10,165.00,"1,650.00"
2019-09-10,2019091001005588,RRHP,47,38,10,103.00,"1,030.00"
2019-09-10,2019091001005262,RRHP,47,38,10,103.00,"1,030.00"
2019-09-10,2019091001005195,RRHP,47,8,10,103.00,"1,030.00"
2019-09-10,2019091001005375,RSDC,43,16,11,339.00,"3,729.00"
2019-09-10,2019091001005510,SABSL,38,21,10,491.00,"4,910.00"
2019-09-10,2019091001005460,SABSL,33,35,10,492.00,"4,920.00"
2019-09-10,2019091001005458,SABSL,33,8,10,492.00,"4,920.00"
2019-09-10,2019091001005444,SABSL,33,35,10,492.00,"4,920.00"
2019-09-10,2019091001005441,SABSL,33,8,10,492.00,"4,920.00"
2019-09-10,2019091001005439,SABSL,33,19,10,492.00,"4,920.00"
2019-09-10,2019091001005132,SABSL,38,47,10,491.00,"4,910.00"
2019-09-10,2019091001005228,SABSL,48,48,10,494.00,"4,940.00"
2019-09-10,2019091001005227,SABSL,48,48,10,494.00,"4,940.00"
2019-09-10,2019091001005194,SABSL,53,38,10,492.00,"4,920.00"
2019-09-10,2019091001005193,SABSL,53,47,10,492.00,"4,920.00"
2019-09-10,2019091001005187,SABSL,53,47,10,492.00,"4,920.00"
2019-09-10,2019091001005140,SABSL,38,47,10,491.00,"4,910.00"
2019-09-10,2019091001005234,SABSL,48,48,10,494.00,"4,940.00"
2019-09-10,2019091001005233,SABSL,48,48,10,494.00,"4,940.00"
2019-09-10,2019091001005232,SABSL,48,48,10,494.00,"4,940.00"
2019-09-10,2019091001005231,SABSL,48,48,10,494.00,"4,940.00"
2019-09-10,2019091001005230,SABSL,48,48,10,494.00,"4,940.00"
2019-09-10,2019091001005229,SABSL,48,48,10,494.00,"4,940.00"
2019-09-10,2019091001005374,SABSL,53,8,10,492.00,"4,920.00"
2019-09-10,2019091001005373,SABSL,53,35,10,492.00,"4,920.00"
2019-09-10,2019091001005355,SABSL,53,8,10,492.00,"4,920.00"
2019-09-10,2019091001005348,SABSL,53,8,10,492.00,"4,920.00"
2019-09-10,2019091001005312,SABSL,53,47,10,492.00,"4,920.00"
2019-09-10,2019091001005292,SABSL,53,8,10,492.00,"4,920.00"
2019-09-10,2019091001005424,SABSL,33,35,10,492.00,"4,920.00"
2019-09-10,2019091001005423,SABSL,33,8,10,492.00,"4,920.00"
2019-09-10,2019091001005404,SABSL,33,35,10,492.00,"4,920.00"
2019-09-10,2019091001005398,SABSL,33,8,10,492.00,"4,920.00"
2019-09-10,2019091001005390,SABSL,33,35,10,492.00,"4,920.00"
2019-09-10,2019091001005382,SABSL,53,47,10,492.00,"4,920.00"
2019-09-10,2019091001005465,SANIMA,14,45,200,352.00,"70,400.00"
2019-09-10,2019091001005455,SANIMA,14,22,300,352.00,"105,600.00"
2019-09-10,2019091001005288,SANIMA,18,29,198,352.00,"69,696.00"
2019-09-10,2019091001005287,SANIMA,22,29,50,352.00,"17,600.00"
2019-09-10,2019091001005461,SBL,26,17,505,314.00,"158,570.00"
2019-09-10,2019091001005277,SBL,26,29,207,314.00,"64,998.00"
2019-09-10,2019091001005440,SCB,58,13,17,600.00,"10,200.00"
2019-09-10,2019091001005584,SDESI,6,35,50,610.00,"30,500.00"
2019-09-10,2019091001005583,SDESI,57,35,50,610.00,"30,500.00"
2019-09-10,2019091001005582,SDESI,1,35,10,610.00,"6,100.00"
2019-09-10,2019091001005581,SDESI,33,35,50,610.00,"30,500.00"
2019-09-10,2019091001005580,SDESI,52,35,30,610.00,"18,300.00"
2019-09-10,2019091001005579,SDESI,38,35,13,610.00,"7,930.00"
2019-09-10,2019091001005572,SDESI,1,35,50,613.00,"30,650.00"
2019-09-10,2019091001005571,SDESI,34,35,30,615.00,"18,450.00"
2019-09-10,2019091001005578,SDESI,45,35,50,611.00,"30,550.00"
2019-09-10,2019091001005577,SDESI,35,35,70,611.00,"42,770.00"
2019-09-10,2019091001005576,SDESI,45,35,100,611.00,"61,100.00"
2019-09-10,2019091001005575,SDESI,29,35,25,611.00,"15,275.00"
2019-09-10,2019091001005574,SDESI,16,35,16,611.00,"9,776.00"
2019-09-10,2019091001005573,SDESI,44,35,300,612.00,"183,600.00"
2019-09-10,2019091001005409,SEF,3,58,"2,000",8.90,"17,800.00"
2019-09-10,2019091001005529,SHIVM,39,48,450,531.00,"238,950.00"
2019-09-10,2019091001005523,SHIVM,39,48,550,531.00,"292,050.00"
2019-09-10,2019091001005522,SHIVM,41,48,100,532.00,"53,200.00"
2019-09-10,2019091001005521,SHIVM,4,48,50,532.00,"26,600.00"
2019-09-10,2019091001005520,SHIVM,45,48,300,533.00,"159,900.00"
2019-09-10,2019091001005519,SHIVM,45,38,100,533.00,"53,300.00"
2019-09-10,2019091001005426,SHIVM,45,48,100,533.00,"53,300.00"
2019-09-10,2019091001005425,SHIVM,52,48,200,534.00,"106,800.00"
2019-09-10,2019091001005314,SHPC,45,37,920,207.00,"190,440.00"
2019-09-10,2019091001005313,SHPC,45,37,80,207.00,"16,560.00"
2019-09-10,2019091001005607,SJCL,16,39,20,177.00,"3,540.00"
2019-09-10,2019091001005601,SJCL,16,44,20,177.00,"3,540.00"
2019-09-10,2019091001005567,SJCL,16,44,20,177.00,"3,540.00"
2019-09-10,2019091001005156,SJCL,52,44,20,179.00,"3,580.00"
2019-09-10,2019091001005139,SJCL,55,44,20,179.00,"3,580.00"
2019-09-10,2019091001005199,SJCL,52,44,10,179.00,"1,790.00"
2019-09-10,2019091001005198,SJCL,59,34,20,180.00,"3,600.00"
2019-09-10,2019091001005197,SJCL,59,44,20,180.00,"3,600.00"
2019-09-10,2019091001005172,SJCL,52,44,20,179.00,"3,580.00"
2019-09-10,2019091001005284,SJCL,16,44,20,179.00,"3,580.00"
2019-09-10,2019091001005274,SJCL,16,38,20,179.00,"3,580.00"
2019-09-10,2019091001005270,SJCL,16,44,20,179.00,"3,580.00"
2019-09-10,2019091001005253,SJCL,16,44,20,179.00,"3,580.00"
2019-09-10,2019091001005244,SJCL,16,44,10,179.00,"1,790.00"
2019-09-10,2019091001005200,SJCL,16,44,10,179.00,"1,790.00"
2019-09-10,2019091001005290,SJCL,16,50,400,179.00,"71,600.00"
2019-09-10,2019091001005358,SJCL,45,44,20,177.00,"3,540.00"
2019-09-10,2019091001005344,SJCL,45,44,20,177.00,"3,540.00"
2019-09-10,2019091001005319,SJCL,45,44,20,177.00,"3,540.00"
2019-09-10,2019091001005306,SJCL,45,44,10,177.00,"1,770.00"
2019-09-10,2019091001005447,SJCL,21,59,20,179.00,"3,580.00"
2019-09-10,2019091001005437,SJCL,45,44,20,177.00,"3,540.00"
2019-09-10,2019091001005421,SJCL,1,19,20,178.00,"3,560.00"
2019-09-10,2019091001005411,SJCL,1,38,10,178.00,"1,780.00"
2019-09-10,2019091001005408,SJCL,1,44,20,178.00,"3,560.00"
2019-09-10,2019091001005387,SJCL,45,44,20,177.00,"3,540.00"
2019-09-10,2019091001005506,SJCL,16,16,160,177.00,"28,320.00"
2019-09-10,2019091001005505,SJCL,45,16,840,177.00,"148,680.00"
2019-09-10,2019091001005501,SJCL,45,39,20,177.00,"3,540.00"
2019-09-10,2019091001005498,SJCL,45,44,10,177.00,"1,770.00"
2019-09-10,2019091001005466,SJCL,45,44,20,177.00,"3,540.00"
2019-09-10,2019091001005448,SJCL,21,36,"1,040",179.00,"186,160.00"
2019-09-10,2019091001005532,SJCL,16,44,20,177.00,"3,540.00"
2019-09-10,2019091001005517,SJCL,16,21,10,177.00,"1,770.00"
2019-09-10,2019091001005516,SJCL,16,39,20,177.00,"3,540.00"
2019-09-10,2019091001005515,SJCL,16,44,20,177.00,"3,540.00"
2019-09-10,2019091001005625,SLBSL,19,55,20,719.00,"14,380.00"
2019-09-10,2019091001005598,SLICL,21,49,60,285.00,"17,100.00"
2019-09-10,2019091001005457,SLICL,21,49,15,285.00,"4,275.00"
2019-09-10,2019091001005456,SLICL,28,49,45,285.00,"12,825.00"
2019-09-10,2019091001005531,SMFBS,39,39,10,805.00,"8,050.00"
2019-09-10,2019091001005391,SMFBS,11,51,10,801.00,"8,010.00"
2019-09-10,2019091001005352,SMFBS,45,38,10,801.00,"8,010.00"
2019-09-10,2019091001005570,SMFDB,43,16,11,530.00,"5,830.00"
2019-09-10,2019091001005402,SPARS,14,51,10,583.00,"5,830.00"
2019-09-10,2019091001005141,SPARS,39,17,10,582.00,"5,820.00"
2019-09-10,2019091001005371,SRBL,40,49,109,230.00,"25,070.00"
2019-09-10,2019091001005560,UFL,39,48,264,178.00,"46,992.00"
2019-09-10,2019091001005559,UFL,40,48,200,178.00,"35,600.00"
2019-09-10,2019091001005558,UFL,45,48,166,178.00,"29,548.00"
2019-09-10,2019091001005557,UFL,44,48,300,179.00,"53,700.00"
2019-09-10,2019091001005556,UFL,39,48,50,179.00,"8,950.00"
2019-09-10,2019091001005628,UPPER,59,39,40,240.00,"9,600.00"
2019-09-10,2019091001005606,UPPER,59,22,50,240.00,"12,000.00"
2019-09-10,2019091001005596,UPPER,59,22,40,240.00,"9,600.00"
2019-09-10,2019091001005595,UPPER,32,22,10,240.00,"2,400.00"
2019-09-10,2019091001005589,UPPER,32,22,50,240.00,"12,000.00"
2019-09-10,2019091001005326,UPPER,37,38,25,241.00,"6,025.00"
2019-09-10,2019091001005340,UPPER,32,51,40,240.00,"9,600.00"
2019-09-10,2019091001005327,UPPER,58,38,15,241.00,"3,615.00"
2019-09-10,2019091001005102,ADBL,14,58,310,418.00,"129,580.00"
2019-09-10,2019091001005101,ADBL,14,58,199,418.00,"83,182.00"
2019-09-10,2019091001005041,ADBL,32,58,100,418.00,"41,800.00"
2019-09-10,2019091001005040,ADBL,6,58,100,418.00,"41,800.00"
2019-09-10,2019091001005039,ADBL,14,58,601,418.00,"251,218.00"
2019-09-10,2019091001005019,ADBL,14,6,150,418.00,"62,700.00"
2019-09-10,2019091001004880,ADBL,14,41,127,418.00,"53,086.00"
2019-09-10,2019091001004718,ADBL,14,45,108,418.00,"45,144.00"
2019-09-10,2019091001004717,ADBL,14,32,14,418.00,"5,852.00"
2019-09-10,2019091001005060,AHPC,34,42,53,97.00,"5,141.00"
2019-09-10,2019091001005114,AKBSL,42,1,10,462.00,"4,620.00"
2019-09-10,2019091001005108,AKBSL,42,39,10,462.00,"4,620.00"
2019-09-10,2019091001005025,AKBSL,42,39,10,462.00,"4,620.00"
2019-09-10,2019091001005009,AKBSL,42,51,10,462.00,"4,620.00"
2019-09-10,2019091001004960,AKBSL,38,39,10,462.00,"4,620.00"
2019-09-10,2019091001004959,AKBSL,16,38,10,461.00,"4,610.00"
2019-09-10,2019091001004656,AKBSL,16,44,10,460.00,"4,600.00"
2019-09-10,2019091001004655,AKBSL,40,21,10,463.00,"4,630.00"
2019-09-10,2019091001004653,AKBSL,16,44,10,460.00,"4,600.00"
2019-09-10,2019091001004642,AKBSL,50,44,10,460.00,"4,600.00"
2019-09-10,2019091001004633,AKBSL,50,10,10,460.00,"4,600.00"
2019-09-10,2019091001004702,AKBSL,16,47,10,460.00,"4,600.00"
2019-09-10,2019091001004697,AKBSL,16,42,10,460.00,"4,600.00"
2019-09-10,2019091001004689,AKBSL,16,42,10,460.00,"4,600.00"
2019-09-10,2019091001004682,AKBSL,16,42,10,460.00,"4,600.00"
2019-09-10,2019091001004671,AKBSL,16,42,10,460.00,"4,600.00"
2019-09-10,2019091001004662,AKBSL,16,44,10,460.00,"4,600.00"
2019-09-10,2019091001004732,AKBSL,16,7,10,464.00,"4,640.00"
2019-09-10,2019091001004731,AKBSL,16,6,10,463.00,"4,630.00"
2019-09-10,2019091001004730,AKBSL,8,20,10,460.00,"4,600.00"
2019-09-10,2019091001004728,AKBSL,8,47,10,460.00,"4,600.00"
2019-09-10,2019091001004715,AKBSL,16,47,10,460.00,"4,600.00"
2019-09-10,2019091001004707,AKBSL,16,47,10,460.00,"4,600.00"
2019-09-10,2019091001004738,AKBSL,16,44,10,465.00,"4,650.00"
2019-09-10,2019091001004737,AKBSL,16,44,10,465.00,"4,650.00"
2019-09-10,2019091001004736,AKBSL,16,44,10,465.00,"4,650.00"
2019-09-10,2019091001004735,AKBSL,16,44,10,465.00,"4,650.00"
2019-09-10,2019091001004734,AKBSL,16,43,10,465.00,"4,650.00"
2019-09-10,2019091001004733,AKBSL,16,45,10,464.00,"4,640.00"
2019-09-10,2019091001004744,AKBSL,16,44,10,465.00,"4,650.00"
2019-09-10,2019091001004743,AKBSL,16,44,10,465.00,"4,650.00"
2019-09-10,2019091001004742,AKBSL,16,44,10,465.00,"4,650.00"
2019-09-10,2019091001004741,AKBSL,16,44,10,465.00,"4,650.00"
2019-09-10,2019091001004740,AKBSL,16,44,10,465.00,"4,650.00"
2019-09-10,2019091001004739,AKBSL,16,44,10,465.00,"4,650.00"
2019-09-10,2019091001004819,AKBSL,16,45,10,461.00,"4,610.00"
2019-09-10,2019091001004813,AKBSL,16,45,10,461.00,"4,610.00"
2019-09-10,2019091001004798,AKBSL,16,45,10,461.00,"4,610.00"
2019-09-10,2019091001004788,AKBSL,16,45,10,461.00,"4,610.00"
2019-09-10,2019091001004778,AKBSL,16,10,10,461.00,"4,610.00"
2019-09-10,2019091001004745,AKBSL,16,56,10,465.00,"4,650.00"
2019-09-10,2019091001004919,AKBSL,42,38,10,462.00,"4,620.00"
2019-09-10,2019091001004916,AKBSL,42,38,10,462.00,"4,620.00"
2019-09-10,2019091001004911,AKBSL,42,38,10,462.00,"4,620.00"
2019-09-10,2019091001004903,AKBSL,16,57,10,461.00,"4,610.00"
2019-09-10,2019091001004864,AKBSL,16,20,10,461.00,"4,610.00"
2019-09-10,2019091001004824,AKBSL,16,45,10,461.00,"4,610.00"
2019-09-10,2019091001004944,AKBSL,16,38,10,461.00,"4,610.00"
2019-09-10,2019091001004934,AKBSL,16,38,10,461.00,"4,610.00"
2019-09-10,2019091001004933,AKBSL,16,38,10,461.00,"4,610.00"
2019-09-10,2019091001004931,AKBSL,16,38,10,461.00,"4,610.00"
2019-09-10,2019091001004926,AKBSL,42,39,10,462.00,"4,620.00"
2019-09-10,2019091001004925,AKBSL,42,38,10,462.00,"4,620.00"
2019-09-10,2019091001004789,AKJCL,33,26,20,59.00,"1,180.00"
2019-09-10,2019091001004912,AKPL,22,49,81,141.00,"11,421.00"
2019-09-10,2019091001004800,AKPL,22,49,84,140.00,"11,760.00"
2019-09-10,2019091001004748,AKPL,22,49,81,140.00,"11,340.00"
2019-09-10,2019091001004726,AKPL,22,49,84,140.00,"11,760.00"
2019-09-10,2019091001004725,AKPL,22,49,81,140.00,"11,340.00"
2019-09-10,2019091001004724,AKPL,22,49,81,140.00,"11,340.00"
2019-09-10,2019091001004635,AKPL,22,58,"2,000",142.00,"284,000.00"
2019-09-10,2019091001005011,ALBSL,57,48,10,440.00,"4,400.00"
2019-09-10,2019091001004961,ALBSL,57,17,10,440.00,"4,400.00"
2019-09-10,2019091001004751,ALBSL,6,25,15,446.00,"6,690.00"
2019-09-10,2019091001004750,ALBSL,6,51,20,446.00,"8,920.00"
2019-09-10,2019091001004749,ALBSL,6,43,10,446.00,"4,460.00"
2019-09-10,2019091001004953,ALICL,49,36,100,323.00,"32,300.00"
2019-09-10,2019091001004649,ALICL,36,42,13,320.00,"4,160.00"
2019-09-10,2019091001004663,API,25,34,50,113.00,"5,650.00"
2019-09-10,2019091001004910,BARUN,1,42,10,90.00,900.00
2019-09-10,2019091001005130,BOKL,17,54,30,258.00,"7,740.00"
2019-09-10,2019091001004899,BOKL,57,54,70,258.00,"18,060.00"
2019-09-10,2019091001004722,BOKL,42,48,100,258.00,"25,800.00"
2019-09-10,2019091001004721,BOKL,42,6,140,258.00,"36,120.00"
2019-09-10,2019091001004990,BPCL,44,59,500,376.00,"188,000.00"
2019-09-10,2019091001004930,BPCL,44,59,100,377.00,"37,700.00"
2019-09-10,2019091001004929,BPCL,33,59,165,377.00,"62,205.00"
2019-09-10,2019091001004928,BPCL,7,59,10,377.00,"3,770.00"
2019-09-10,2019091001004902,BPCL,14,38,110,380.00,"41,800.00"
2019-09-10,2019091001004861,BPCL,44,38,200,380.00,"76,000.00"
2019-09-10,2019091001004766,BPCL,44,38,300,380.00,"114,000.00"
2019-09-10,2019091001004756,BPCL,44,38,200,380.00,"76,000.00"
2019-09-10,2019091001004755,BPCL,44,49,300,380.00,"114,000.00"
2019-09-10,2019091001004729,BPCL,22,49,100,380.00,"38,000.00"
2019-09-10,2019091001004705,BPCL,33,11,11,377.00,"4,147.00"
2019-09-10,2019091001005085,CBBL,44,42,100,981.00,"98,100.00"
2019-09-10,2019091001005079,CBBL,44,32,100,981.00,"98,100.00"
2019-09-10,2019091001004976,CBBL,48,38,15,982.00,"14,730.00"
2019-09-10,2019091001005008,CBL,34,37,82,145.00,"11,890.00"
2019-09-10,2019091001004985,CBL,53,37,398,145.00,"57,710.00"
2019-09-10,2019091001004984,CBL,53,42,207,145.00,"30,015.00"
2019-09-10,2019091001004874,CBL,53,45,395,145.00,"57,275.00"
2019-09-10,2019091001004860,CBL,40,45,200,145.00,"29,000.00"
2019-09-10,2019091001004859,CBL,34,45,405,145.00,"58,725.00"
2019-09-10,2019091001004810,CBL,34,42,95,145.00,"13,775.00"
2019-09-10,2019091001004809,CBL,44,42,112,145.00,"16,240.00"
2019-09-10,2019091001004709,CBL,38,13,386,146.00,"56,356.00"
2019-09-10,2019091001004708,CBL,38,35,150,146.00,"21,900.00"
2019-09-10,2019091001004989,CCBL,49,42,109,158.00,"17,222.00"
2019-09-10,2019091001004924,CCBL,19,59,100,159.00,"15,900.00"
2019-09-10,2019091001004815,CCBL,49,42,106,158.00,"16,748.00"
2019-09-10,2019091001004703,CCBL,49,43,300,158.00,"47,400.00"
2019-09-10,2019091001004672,CCBL,49,33,300,158.00,"47,400.00"
2019-09-10,2019091001004659,CCBL,39,22,147,159.00,"23,373.00"
2019-09-10,2019091001004658,CCBL,39,8,612,159.00,"97,308.00"
2019-09-10,2019091001004644,CCBL,14,8,500,159.00,"79,500.00"
2019-09-10,2019091001004823,CHCL,22,42,89,438.00,"38,982.00"
2019-09-10,2019091001004822,CHCL,22,42,10,439.00,"4,390.00"
2019-09-10,2019091001004747,CHCL,22,56,90,439.00,"39,510.00"
2019-09-10,2019091001004746,CHCL,22,56,10,439.00,"4,390.00"
2019-09-10,2019091001005107,CZBIL,17,46,100,223.00,"22,300.00"
2019-09-10,2019091001005073,CZBIL,45,46,100,223.00,"22,300.00"
2019-09-10,2019091001005072,CZBIL,18,46,24,223.00,"5,352.00"
2019-09-10,2019091001005071,CZBIL,45,46,130,223.00,"28,990.00"
2019-09-10,2019091001005037,CZBIL,45,18,60,223.00,"13,380.00"
2019-09-10,2019091001004808,CZBIL,45,42,10,223.00,"2,230.00"
2019-09-10,2019091001004797,CZBIL,33,18,40,224.00,"8,960.00"
2019-09-10,2019091001004796,CZBIL,33,42,10,224.00,"2,240.00"
2019-09-10,2019091001004762,CZBIL,42,42,490,224.00,"109,760.00"
2019-09-10,2019091001004761,CZBIL,42,47,10,224.00,"2,240.00"
2019-09-10,2019091001004660,CZBIL,33,25,500,224.00,"112,000.00"
2019-09-10,2019091001005084,DBBL,51,32,"2,500",131.00,"327,500.00"
