Date,Transact. No.,Symbol,Buyer,Seller,Quantity,Rate,Amount
2019-09-17,2019091701007073,ADBL,45,28,10,418.00,"4,180.00"
2019-09-17,2019091701006937,ADBL,13,42,182,415.00,"75,530.00"
2019-09-17,2019091701006936,ADBL,44,42,300,415.00,"124,500.00"
2019-09-17,2019091701006935,ADBL,44,42,518,416.00,"215,488.00"
2019-09-17,2019091701006878,ADBL,44,55,100,416.00,"41,600.00"
2019-09-17,2019091701006845,ADBL,44,42,"1,000",416.00,"416,000.00"
2019-09-17,2019091701006834,ADBL,44,42,382,416.00,"158,912.00"
2019-09-17,2019091701006833,ADBL,51,42,200,416.00,"83,200.00"
2019-09-17,2019091701006832,ADBL,39,42,418,416.00,"173,888.00"
2019-09-17,2019091701006768,ADBL,38,57,500,417.00,"208,500.00"
2019-09-17,2019091701006676,ADBL,34,25,779,417.00,"324,843.00"
2019-09-17,2019091701006693,AHPC,26,43,50,99.00,"4,950.00"
2019-09-17,2019091701006680,AHPC,26,8,12,99.00,"1,188.00"
2019-09-17,2019091701007116,AKBSL,18,50,10,427.00,"4,270.00"
2019-09-17,2019091701007081,AKBSL,39,51,20,421.00,"8,420.00"
2019-09-17,2019091701007068,AKBSL,34,50,10,427.00,"4,270.00"
2019-09-17,2019091701007063,AKBSL,39,47,10,421.00,"4,210.00"
2019-09-17,2019091701007047,AKBSL,26,47,10,420.00,"4,200.00"
2019-09-17,2019091701007033,AKBSL,26,47,10,420.00,"4,200.00"
2019-09-17,2019091701006800,AKBSL,52,41,10,424.00,"4,240.00"
2019-09-17,2019091701006715,AKBSL,1,1,10,422.00,"4,220.00"
2019-09-17,2019091701006672,AKBSL,1,1,10,422.00,"4,220.00"
2019-09-17,2019091701006929,AKBSL,26,49,10,420.00,"4,200.00"
2019-09-17,2019091701006829,AKBSL,26,11,10,420.00,"4,200.00"
2019-09-17,2019091701006826,AKBSL,34,50,10,427.00,"4,270.00"
2019-09-17,2019091701006803,AKBSL,52,13,10,425.00,"4,250.00"
2019-09-17,2019091701006802,AKBSL,52,49,10,425.00,"4,250.00"
2019-09-17,2019091701006801,AKBSL,52,49,10,425.00,"4,250.00"
2019-09-17,2019091701007110,AKPL,41,14,300,141.00,"42,300.00"
2019-09-17,2019091701006786,AKPL,41,1,500,139.00,"69,500.00"
2019-09-17,2019091701007089,ALBSL,16,37,10,428.00,"4,280.00"
2019-09-17,2019091701007004,ALBSL,16,49,10,428.00,"4,280.00"
2019-09-17,2019091701006928,API,25,56,50,119.00,"5,950.00"
2019-09-17,2019091701006905,API,25,39,100,117.00,"11,700.00"
2019-09-17,2019091701006904,API,25,54,100,117.00,"11,700.00"
2019-09-17,2019091701006903,API,25,25,250,117.00,"29,250.00"
2019-09-17,2019091701006882,API,25,25,50,117.00,"5,850.00"
2019-09-17,2019091701006855,API,25,41,100,116.00,"11,600.00"
2019-09-17,2019091701006798,API,38,39,100,115.00,"11,500.00"
2019-09-17,2019091701006644,API,44,52,100,115.00,"11,500.00"
2019-09-17,2019091701006643,API,44,25,300,115.00,"34,500.00"
2019-09-17,2019091701006642,API,44,51,"2,000",115.00,"230,000.00"
2019-09-17,2019091701006854,API,25,38,300,116.00,"34,800.00"
2019-09-17,2019091701006853,API,25,41,300,116.00,"34,800.00"
2019-09-17,2019091701006852,API,25,38,327,116.00,"37,932.00"
2019-09-17,2019091701006851,API,25,39,500,116.00,"58,000.00"
2019-09-17,2019091701006850,API,25,39,270,115.00,"31,050.00"
2019-09-17,2019091701006799,API,38,39,230,115.00,"26,450.00"
2019-09-17,2019091701006762,BARUN,56,56,10,88.00,880.00
2019-09-17,2019091701006807,BBC,6,38,10,"1,407.00","14,070.00"
2019-09-17,2019091701006997,BOKL,45,32,220,257.00,"56,540.00"
2019-09-17,2019091701006970,BPCL,33,22,10,367.00,"3,670.00"
2019-09-17,2019091701006696,BPCL,52,49,22,362.00,"7,964.00"
2019-09-17,2019091701007107,CBBL,34,44,10,970.00,"9,700.00"
2019-09-17,2019091701007106,CBBL,34,44,10,970.00,"9,700.00"
2019-09-17,2019091701007024,CCBL,16,10,87,158.00,"13,746.00"
2019-09-17,2019091701006950,CCBL,42,52,10,159.00,"1,590.00"
2019-09-17,2019091701006781,CCBL,16,57,13,158.00,"2,054.00"
2019-09-17,2019091701007100,CHCL,28,8,449,423.00,"189,927.00"
2019-09-17,2019091701007099,CHCL,45,8,400,424.00,"169,600.00"
2019-09-17,2019091701007098,CHCL,49,8,50,424.00,"21,200.00"
2019-09-17,2019091701007097,CHCL,50,8,10,424.00,"4,240.00"
2019-09-17,2019091701007096,CHCL,21,8,91,424.00,"38,584.00"
2019-09-17,2019091701007057,CIT,13,8,266,"1,792.00","476,672.00"
2019-09-17,2019091701007055,CIT,49,49,20,"1,814.00","36,280.00"
2019-09-17,2019091701007005,CIT,13,21,160,"1,792.00","286,720.00"
2019-09-17,2019091701006889,CLBSL,6,11,11,490.00,"5,390.00"
2019-09-17,2019091701007054,CZBIL,55,25,150,200.00,"30,000.00"
2019-09-17,2019091701006765,CZBIL,14,25,200,200.00,"40,000.00"
2019-09-17,2019091701006641,CZBIL,5,20,300,199.00,"59,700.00"
2019-09-17,2019091701006640,CZBIL,5,45,217,199.00,"43,183.00"
2019-09-17,2019091701006639,CZBIL,5,58,188,199.00,"37,412.00"
2019-09-17,2019091701006721,DBBL,20,49,500,128.00,"64,000.00"
2019-09-17,2019091701006678,DBBL,52,49,500,128.00,"64,000.00"
2019-09-17,2019091701006638,DBBL,51,49,500,128.00,"64,000.00"
2019-09-17,2019091701006695,DDBL,49,4,77,715.00,"55,055.00"
2019-09-17,2019091701006821,DHPL,7,50,"1,000",53.00,"53,000.00"
2019-09-17,2019091701006820,DHPL,7,22,500,53.00,"26,500.00"
2019-09-17,2019091701007058,EBL,10,57,20,570.00,"11,400.00"
2019-09-17,2019091701006926,EBL,42,57,60,570.00,"34,200.00"
2019-09-17,2019091701006925,EBL,42,48,40,569.00,"22,760.00"
2019-09-17,2019091701006969,EIC,50,26,10,270.00,"2,700.00"
2019-09-17,2019091701006910,EIC,3,26,50,270.00,"13,500.00"
2019-09-17,2019091701007101,FMDBL,49,52,10,379.00,"3,790.00"
2019-09-17,2019091701006848,FOWAD,47,50,100,"1,255.00","125,500.00"
2019-09-17,2019091701006847,FOWAD,47,50,100,"1,256.00","125,600.00"
2019-09-17,2019091701006846,FOWAD,34,50,40,"1,260.00","50,400.00"
2019-09-17,2019091701006900,GBLBS,18,21,300,328.00,"98,400.00"
2019-09-17,2019091701006883,GBLBS,19,21,300,328.00,"98,400.00"
2019-09-17,2019091701006775,GBLBS,19,21,172,328.00,"56,416.00"
2019-09-17,2019091701006774,GBLBS,19,26,128,328.00,"41,984.00"
2019-09-17,2019091701007034,GFCL,59,11,60,136.00,"8,160.00"
2019-09-17,2019091701007080,GILB,14,7,10,686.00,"6,860.00"
2019-09-17,2019091701006967,GLICL,34,38,150,368.00,"55,200.00"
2019-09-17,2019091701006927,GLICL,6,38,50,368.00,"18,400.00"
2019-09-17,2019091701007046,HBL,42,57,75,500.00,"37,500.00"
2019-09-17,2019091701007045,HBL,42,59,25,500.00,"12,500.00"
2019-09-17,2019091701007108,HDL,58,53,20,"1,504.00","30,080.00"
2019-09-17,2019091701006813,HDL,38,39,25,"1,499.00","37,475.00"
2019-09-17,2019091701006745,HDL,58,39,10,"1,499.00","14,990.00"
2019-09-17,2019091701006819,HGI,59,55,70,265.00,"18,550.00"
2019-09-17,2019091701006818,HGI,33,55,180,265.00,"47,700.00"
2019-09-17,2019091701006817,HGI,36,55,100,268.00,"26,800.00"
2019-09-17,2019091701006816,HGI,58,55,50,270.00,"13,500.00"
2019-09-17,2019091701007088,HIDCL,6,39,11,136.00,"1,496.00"
2019-09-17,2019091701006764,HIDCL,50,55,545,134.00,"73,030.00"
2019-09-17,2019091701006737,HIDCL,47,55,63,135.00,"8,505.00"
2019-09-17,2019091701006812,HPPL,45,36,300,136.00,"40,800.00"
2019-09-17,2019091701006728,IGI,38,35,50,295.00,"14,750.00"
2019-09-17,2019091701006727,IGI,49,35,100,295.00,"29,500.00"
2019-09-17,2019091701006726,IGI,6,35,50,295.00,"14,750.00"
2019-09-17,2019091701006682,ILBS,57,8,10,439.00,"4,390.00"
2019-09-17,2019091701006681,ILBS,57,22,80,439.00,"35,120.00"
2019-09-17,2019091701006653,ILBS,54,22,20,439.00,"8,780.00"
2019-09-17,2019091701006793,JFL,20,32,10,199.00,"1,990.00"
2019-09-17,2019091701007126,KBL,25,39,10,185.00,"1,850.00"
2019-09-17,2019091701006915,KBL,36,8,200,184.00,"36,800.00"
2019-09-17,2019091701006914,KBL,36,34,500,184.00,"92,000.00"
2019-09-17,2019091701006913,KBL,36,51,100,184.00,"18,400.00"
2019-09-17,2019091701006912,KBL,36,48,200,184.00,"36,800.00"
2019-09-17,2019091701006911,KBL,36,44,828,184.00,"152,352.00"
2019-09-17,2019091701006709,KBL,10,44,500,184.00,"92,000.00"
2019-09-17,2019091701006844,KSBBL,14,21,100,142.00,"14,200.00"
2019-09-17,2019091701007043,LBBL,33,45,10,174.00,"1,740.00"
2019-09-17,2019091701007009,LBBL,57,45,20,174.00,"3,480.00"
2019-09-17,2019091701007008,LBBL,49,45,40,174.00,"6,960.00"
2019-09-17,2019091701007109,LBL,34,25,10,216.00,"2,160.00"
2019-09-17,2019091701007094,LBL,32,25,10,216.00,"2,160.00"
2019-09-17,2019091701007030,LBL,13,11,100,215.00,"21,500.00"
2019-09-17,2019091701007029,LBL,13,50,90,215.00,"19,350.00"
2019-09-17,2019091701006648,LBL,32,50,10,215.00,"2,150.00"
2019-09-17,2019091701006849,LGIL,53,44,700,356.00,"249,200.00"
2019-09-17,2019091701007025,LLBS,18,45,50,679.00,"33,950.00"
2019-09-17,2019091701006828,LLBS,18,35,38,679.00,"25,802.00"
2019-09-17,2019091701006797,MBL,35,35,2,250.00,500.00
2019-09-17,2019091701006735,MBL,16,11,500,251.00,"125,500.00"
2019-09-17,2019091701007121,MEGA,50,34,27,195.00,"5,265.00"
2019-09-17,2019091701007111,MEGA,43,36,10,197.00,"1,970.00"
2019-09-17,2019091701006675,MEGA,50,36,100,196.00,"19,600.00"
2019-09-17,2019091701006674,MEGA,50,49,"1,000",196.00,"196,000.00"
2019-09-17,2019091701006670,MEGA,50,10,450,195.00,"87,750.00"
2019-09-17,2019091701006636,MEGA,50,16,154,195.00,"30,030.00"
2019-09-17,2019091701006635,MEGA,36,16,100,195.00,"19,500.00"
2019-09-17,2019091701006941,MEGA,50,36,100,196.00,"19,600.00"
2019-09-17,2019091701006886,MEGA,43,36,10,197.00,"1,970.00"
2019-09-17,2019091701007050,MEGA,38,49,130,196.00,"25,480.00"
2019-09-17,2019091701007049,MEGA,50,49,345,196.00,"67,620.00"
2019-09-17,2019091701007048,MEGA,50,49,800,196.00,"156,800.00"
2019-09-17,2019091701006995,MEGA,43,36,10,197.00,"1,970.00"
2019-09-17,2019091701006946,MLBL,33,17,10,214.00,"2,140.00"
2019-09-17,2019091701007056,MNBBL,32,52,150,307.00,"46,050.00"
2019-09-17,2019091701006767,MNBBL,19,34,100,308.00,"30,800.00"
2019-09-17,2019091701006755,MNBBL,48,34,18,310.00,"5,580.00"
2019-09-17,2019091701006754,MNBBL,48,19,200,310.00,"62,000.00"
2019-09-17,2019091701006661,MNBBL,57,44,100,308.00,"30,800.00"
2019-09-17,2019091701007093,NABIL,58,5,500,750.00,"375,000.00"
2019-09-17,2019091701007066,NABIL,32,5,10,752.00,"7,520.00"
2019-09-17,2019091701007042,NABIL,42,5,100,750.00,"75,000.00"
2019-09-17,2019091701007041,NABIL,34,5,50,750.00,"37,500.00"
2019-09-17,2019091701007040,NABIL,5,5,100,750.00,"75,000.00"
2019-09-17,2019091701007039,NABIL,19,5,40,750.00,"30,000.00"
2019-09-17,2019091701006751,NABIL,49,4,50,755.00,"37,750.00"
2019-09-17,2019091701006750,NABIL,55,4,18,755.00,"13,590.00"
2019-09-17,2019091701006719,NABIL,32,44,10,758.00,"7,580.00"
2019-09-17,2019091701006671,NABIL,55,5,82,755.00,"61,910.00"
2019-09-17,2019091701006655,NABIL,41,5,10,756.00,"7,560.00"
2019-09-17,2019091701006634,NABIL,52,5,20,757.00,"15,140.00"
2019-09-17,2019091701006981,NABIL,56,5,40,752.00,"30,080.00"
2019-09-17,2019091701006980,NABIL,34,5,10,752.00,"7,520.00"
2019-09-17,2019091701006979,NABIL,34,5,10,752.00,"7,520.00"
2019-09-17,2019091701006978,NABIL,34,5,10,752.00,"7,520.00"
2019-09-17,2019091701006827,NABIL,5,4,100,754.00,"75,400.00"
2019-09-17,2019091701006752,NABIL,26,4,70,754.00,"52,780.00"
2019-09-17,2019091701007038,NABIL,29,5,100,750.00,"75,000.00"
2019-09-17,2019091701007037,NABIL,38,5,50,750.00,"37,500.00"
2019-09-17,2019091701007036,NABIL,19,5,100,750.00,"75,000.00"
2019-09-17,2019091701007002,NABIL,42,5,25,751.00,"18,775.00"
2019-09-17,2019091701007001,NABIL,39,5,300,751.00,"225,300.00"
2019-09-17,2019091701007000,NABIL,53,5,50,751.00,"37,550.00"
2019-09-17,2019091701007087,NADEP,32,48,10,414.00,"4,140.00"
2019-09-17,2019091701007069,NADEP,49,49,5,410.00,"2,050.00"
2019-09-17,2019091701007059,NADEP,58,17,20,411.00,"8,220.00"
2019-09-17,2019091701007103,NBB,33,32,10,213.00,"2,130.00"
2019-09-17,2019091701006942,NBB,57,5,56,212.00,"11,872.00"
2019-09-17,2019091701006907,NBB,34,57,149,211.00,"31,439.00"
2019-09-17,2019091701007077,NBL,37,28,825,317.00,"261,525.00"
2019-09-17,2019091701007044,NBL,42,28,"2,000",317.00,"634,000.00"
2019-09-17,2019091701006924,NBL,43,28,10,317.00,"3,170.00"
2019-09-17,2019091701006876,NBL,37,42,175,315.00,"55,125.00"
2019-09-17,2019091701006875,NBL,36,42,500,315.00,"157,500.00"
2019-09-17,2019091701006874,NBL,14,42,100,315.00,"31,500.00"
2019-09-17,2019091701006873,NBL,6,42,125,315.00,"39,375.00"
2019-09-17,2019091701006872,NBL,29,42,100,315.00,"31,500.00"
2019-09-17,2019091701006782,NBL,45,47,160,316.00,"50,560.00"
2019-09-17,2019091701006769,NBL,3,28,50,317.00,"15,850.00"
2019-09-17,2019091701006732,NBL,17,25,200,316.00,"63,200.00"
2019-09-17,2019091701006731,NBL,45,25,340,316.00,"107,440.00"
2019-09-17,2019091701007129,NCCB,33,35,10,199.00,"1,990.00"
2019-09-17,2019091701007127,NCCB,58,35,10,199.00,"1,990.00"
2019-09-17,2019091701006866,NCCB,36,35,100,199.00,"19,900.00"
2019-09-17,2019091701006758,NCCB,58,35,10,199.00,"1,990.00"
2019-09-17,2019091701006744,NCCB,46,5,32,196.00,"6,272.00"
2019-09-17,2019091701006743,NCCB,32,5,100,196.00,"19,600.00"
2019-09-17,2019091701006663,NCCB,49,35,80,199.00,"15,920.00"
2019-09-17,2019091701006662,NCCB,49,49,420,199.00,"83,580.00"
2019-09-17,2019091701006706,NCCB,45,5,200,197.00,"39,400.00"
2019-09-17,2019091701006705,NCCB,34,5,"1,000",197.00,"197,000.00"
2019-09-17,2019091701006704,NCCB,36,5,100,197.00,"19,700.00"
2019-09-17,2019091701006692,NCCB,6,5,500,198.00,"99,000.00"
2019-09-17,2019091701006691,NCCB,7,5,"1,000",198.00,"198,000.00"
2019-09-17,2019091701006690,NCCB,38,5,100,198.00,"19,800.00"
2019-09-17,2019091701006742,NCCB,34,5,100,196.00,"19,600.00"
2019-09-17,2019091701006741,NCCB,58,5,"1,000",196.00,"196,000.00"
2019-09-17,2019091701006740,NCCB,40,5,300,196.00,"58,800.00"
2019-09-17,2019091701006739,NCCB,40,5,53,196.00,"10,388.00"
2019-09-17,2019091701006724,NCCB,48,5,700,197.00,"137,900.00"
2019-09-17,2019091701006707,NCCB,48,5,300,197.00,"59,100.00"
2019-09-17,2019091701006906,NEF,7,58,"2,414",7.85,"18,949.90"
2019-09-17,2019091701006790,NHDL,22,56,10,93.00,930.00
2019-09-17,2019091701007062,NIB,32,38,100,442.00,"44,200.00"
2019-09-17,2019091701006999,NIB,22,38,10,442.00,"4,420.00"
2019-09-17,2019091701006824,NIB,32,38,10,442.00,"4,420.00"
2019-09-17,2019091701006789,NIB,54,11,100,440.00,"44,000.00"
2019-09-17,2019091701006720,NIB,1,1,9,433.00,"3,897.00"
2019-09-17,2019091701006633,NIB,32,6,495,441.00,"218,295.00"
2019-09-17,2019091701006689,NIBSF1,58,51,"1,000",8.85,"8,850.00"
2019-09-17,2019091701007071,NICL,43,56,10,277.00,"2,770.00"
2019-09-17,2019091701007070,NICL,43,19,31,276.00,"8,556.00"
2019-09-17,2019091701007032,NICL,39,32,30,275.00,"8,250.00"
2019-09-17,2019091701007031,NICL,39,37,50,275.00,"13,750.00"
2019-09-17,2019091701007028,NICL,17,11,50,270.00,"13,500.00"
2019-09-17,2019091701006951,NICL,43,32,10,275.00,"2,750.00"
2019-09-17,2019091701006920,NIL,45,51,442,368.00,"162,656.00"
2019-09-17,2019091701006901,NLBBL,34,28,10,520.00,"5,200.00"
2019-09-17,2019091701006843,NLBBL,34,14,100,513.00,"51,300.00"
2019-09-17,2019091701006757,NLBBL,53,45,100,512.00,"51,200.00"
2019-09-17,2019091701006756,NLBBL,53,28,100,512.00,"51,200.00"
2019-09-17,2019091701007122,NLIC,48,4,50,762.00,"38,100.00"
2019-09-17,2019091701007064,NLIC,48,4,50,762.00,"38,100.00"
2019-09-17,2019091701006984,NLIC,56,4,40,763.00,"30,520.00"
2019-09-17,2019091701006983,NLIC,29,4,10,764.00,"7,640.00"
2019-09-17,2019091701006945,NLIC,54,28,200,765.00,"153,000.00"
2019-09-17,2019091701006944,NLIC,48,28,384,765.00,"293,760.00"
2019-09-17,2019091701006651,NLIC,29,28,100,767.00,"76,700.00"
2019-09-17,2019091701006650,NLIC,55,28,150,767.00,"115,050.00"
2019-09-17,2019091701006943,NLIC,55,28,100,766.00,"76,600.00"
2019-09-17,2019091701006867,NLIC,38,4,50,766.00,"38,300.00"
2019-09-17,2019091701006753,NLIC,41,4,28,768.00,"21,504.00"
2019-09-17,2019091701006717,NLIC,48,4,10,765.00,"7,650.00"
2019-09-17,2019091701006716,NLIC,49,4,50,767.00,"38,350.00"
2019-09-17,2019091701006652,NLIC,29,28,100,767.00,"76,700.00"
2019-09-17,2019091701006776,NNLB,38,18,10,452.00,"4,520.00"
2019-09-17,2019091701006699,NNLB,38,18,10,444.00,"4,440.00"
2019-09-17,2019091701007118,PCBL,51,45,300,261.00,"78,300.00"
2019-09-17,2019091701007117,PCBL,8,45,300,261.00,"78,300.00"
2019-09-17,2019091701007092,PCBL,18,45,200,262.00,"52,400.00"
2019-09-17,2019091701006865,PCBL,8,42,200,261.00,"52,200.00"
2019-09-17,2019091701006864,PCBL,25,42,100,261.00,"26,100.00"
2019-09-17,2019091701006863,PCBL,32,42,100,261.00,"26,100.00"
2019-09-17,2019091701006862,PCBL,53,42,200,262.00,"52,400.00"
2019-09-17,2019091701006861,PCBL,56,42,200,262.00,"52,400.00"
2019-09-17,2019091701006860,PCBL,45,42,200,263.00,"52,600.00"
2019-09-17,2019091701006779,PFL,1,1,13,133.00,"1,729.00"
2019-09-17,2019091701006870,PICL,57,55,10,432.00,"4,320.00"
2019-09-17,2019091701006994,PLIC,49,39,50,333.00,"16,650.00"
2019-09-17,2019091701006899,PLIC,49,57,50,327.00,"16,350.00"
2019-09-17,2019091701006898,PLIC,49,39,325,327.00,"106,275.00"
2019-09-17,2019091701006897,PLIC,49,42,100,326.00,"32,600.00"
2019-09-17,2019091701006896,PLIC,49,45,"1,085",325.00,"352,625.00"
2019-09-17,2019091701006895,PLIC,49,16,87,325.00,"28,275.00"
2019-09-17,2019091701006894,PLIC,49,56,282,323.00,"91,086.00"
2019-09-17,2019091701007072,PMHPL,49,47,500,94.00,"47,000.00"
2019-09-17,2019091701007090,PPCL,3,3,10,93.00,930.00
2019-09-17,2019091701006736,PROFL,45,35,100,102.00,"10,200.00"
2019-09-17,2019091701007125,PRVU,36,28,410,263.00,"107,830.00"
2019-09-17,2019091701007124,PRVU,36,28,272,263.00,"71,536.00"
2019-09-17,2019091701007123,PRVU,8,28,400,263.00,"105,200.00"
2019-09-17,2019091701007065,PRVU,47,28,328,263.00,"86,264.00"
2019-09-17,2019091701007015,PRVU,36,28,821,262.00,"215,102.00"
2019-09-17,2019091701007014,PRVU,20,28,500,262.00,"131,000.00"
2019-09-17,2019091701007013,PRVU,22,28,10,262.00,"2,620.00"
2019-09-17,2019091701007012,PRVU,40,28,500,262.00,"131,000.00"
2019-09-17,2019091701007011,PRVU,32,28,169,262.00,"44,278.00"
2019-09-17,2019091701007010,PRVU,45,28,200,263.00,"52,600.00"
2019-09-17,2019091701006962,PRVU,36,18,470,263.00,"123,610.00"
2019-09-17,2019091701006759,PRVU,32,5,331,262.00,"86,722.00"
2019-09-17,2019091701007060,RBCL,58,38,40,"8,845.00","353,800.00"
2019-09-17,2019091701006998,RBCL,41,38,10,"8,845.00","88,450.00"
2019-09-17,2019091701006660,RBCLPO,33,56,10,"7,696.00","76,960.00"
2019-09-17,2019091701007120,RHPL,6,6,200,167.00,"33,400.00"
2019-09-17,2019091701007119,RHPL,6,44,40,167.00,"6,680.00"
2019-09-17,2019091701007091,RHPL,34,6,10,170.00,"1,700.00"
2019-09-17,2019091701007053,RHPL,6,44,40,167.00,"6,680.00"
2019-09-17,2019091701007023,RHPL,44,10,100,167.00,"16,700.00"
2019-09-17,2019091701007022,RHPL,44,43,"1,000",166.00,"166,000.00"
2019-09-17,2019091701006654,RHPL,34,44,30,162.00,"4,860.00"
2019-09-17,2019091701006632,RHPL,34,49,40,162.00,"6,480.00"
2019-09-17,2019091701006893,RHPL,16,44,20,163.00,"3,260.00"
2019-09-17,2019091701006763,RHPL,34,49,40,162.00,"6,480.00"
2019-09-17,2019091701006718,RHPL,34,44,20,162.00,"3,240.00"
2019-09-17,2019091701006698,RHPL,34,44,20,162.00,"3,240.00"
2019-09-17,2019091701006688,RHPL,34,44,20,162.00,"3,240.00"
2019-09-17,2019091701006673,RHPL,34,44,20,162.00,"3,240.00"
2019-09-17,2019091701006966,RHPL,44,44,20,164.00,"3,280.00"
2019-09-17,2019091701006965,RHPL,44,44,20,164.00,"3,280.00"
2019-09-17,2019091701006964,RHPL,44,44,20,164.00,"3,280.00"
2019-09-17,2019091701006963,RHPL,44,32,30,164.00,"4,920.00"
2019-09-17,2019091701006947,RHPL,16,44,40,163.00,"6,520.00"
2019-09-17,2019091701006919,RHPL,16,44,20,163.00,"3,260.00"
2019-09-17,2019091701007021,RHPL,44,6,200,166.00,"33,200.00"
2019-09-17,2019091701007020,RHPL,44,47,100,165.00,"16,500.00"
2019-09-17,2019091701007019,RHPL,44,29,160,165.00,"26,400.00"
2019-09-17,2019091701007018,RHPL,44,56,500,165.00,"82,500.00"
2019-09-17,2019091701007017,RHPL,44,58,200,165.00,"33,000.00"
2019-09-17,2019091701007003,RHPL,44,44,40,164.00,"6,560.00"
2019-09-17,2019091701006784,RMDC,5,10,31,635.00,"19,685.00"
2019-09-17,2019091701006730,RMDC,41,10,100,624.00,"62,400.00"
2019-09-17,2019091701006729,RMDC,5,10,50,625.00,"31,250.00"
2019-09-17,2019091701006645,RRHP,47,49,10,102.00,"1,020.00"
2019-09-17,2019091701007076,RSDC,33,21,10,335.00,"3,350.00"
2019-09-17,2019091701007095,SABSL,41,11,10,470.00,"4,700.00"
2019-09-17,2019091701006842,SADBL,34,55,342,137.00,"46,854.00"
2019-09-17,2019091701006714,SADBL,19,55,200,137.00,"27,400.00"
2019-09-17,2019091701006713,SADBL,59,55,200,137.00,"27,400.00"
2019-09-17,2019091701006712,SADBL,48,55,150,138.00,"20,700.00"
2019-09-17,2019091701006711,SADBL,6,55,120,138.00,"16,560.00"
2019-09-17,2019091701006702,SADBL,57,55,50,139.00,"6,950.00"
2019-09-17,2019091701006701,SADBL,45,55,42,139.00,"5,838.00"
2019-09-17,2019091701006700,SADBL,26,55,200,140.00,"28,000.00"
2019-09-17,2019091701006778,SAEF,1,5,"1,000",8.30,"8,300.00"
2019-09-17,2019091701007115,SANIMA,58,18,10,353.00,"3,530.00"
2019-09-17,2019091701006877,SANIMA,16,5,745,350.00,"260,750.00"
2019-09-17,2019091701006859,SANIMA,16,5,38,350.00,"13,300.00"
2019-09-17,2019091701006858,SANIMA,10,5,"1,000",350.00,"350,000.00"
2019-09-17,2019091701006857,SANIMA,47,5,100,350.00,"35,000.00"
2019-09-17,2019091701006856,SANIMA,44,5,362,350.00,"126,700.00"
2019-09-17,2019091701006787,SANIMA,14,5,500,352.00,"176,000.00"
2019-09-17,2019091701006838,SANIMA,44,5,"1,500",350.00,"525,000.00"
2019-09-17,2019091701006811,SANIMA,13,5,50,351.00,"17,550.00"
2019-09-17,2019091701006810,SANIMA,17,5,"1,000",351.00,"351,000.00"
2019-09-17,2019091701006809,SANIMA,49,5,50,351.00,"17,550.00"
2019-09-17,2019091701006808,SANIMA,44,5,605,351.00,"212,355.00"
2019-09-17,2019091701006788,SANIMA,39,5,300,352.00,"105,600.00"
2019-09-17,2019091701007035,SBI,40,4,177,415.00,"73,455.00"
2019-09-17,2019091701006891,SBI,45,4,450,414.00,"186,300.00"
2019-09-17,2019091701006890,SBI,55,4,10,414.00,"4,140.00"
2019-09-17,2019091701006869,SBI,34,4,200,415.00,"83,000.00"
2019-09-17,2019091701006868,SBI,39,4,178,415.00,"73,870.00"
2019-09-17,2019091701006770,SBI,32,4,10,419.00,"4,190.00"
2019-09-17,2019091701006761,SBI,39,4,322,415.00,"133,630.00"
2019-09-17,2019091701006760,SBI,45,4,100,416.00,"41,600.00"
2019-09-17,2019091701006930,SBL,51,57,31,325.00,"10,075.00"
2019-09-17,2019091701006836,SBL,1,57,69,325.00,"22,425.00"
2019-09-17,2019091701006835,SBL,1,8,131,325.00,"42,575.00"
2019-09-17,2019091701006825,SBL,44,10,295,324.00,"95,580.00"
2019-09-17,2019091701006725,SBL,52,8,69,325.00,"22,425.00"
2019-09-17,2019091701006723,SBL,52,57,31,325.00,"10,075.00"
2019-09-17,2019091701006722,SBL,52,56,150,325.00,"48,750.00"
2019-09-17,2019091701006708,SBL,36,56,100,325.00,"32,500.00"
2019-09-17,2019091701006703,SBL,45,56,200,325.00,"65,000.00"
2019-09-17,2019091701006649,SBL,34,56,50,325.00,"16,250.00"
2019-09-17,2019091701006871,SCB,42,56,100,570.00,"57,000.00"
2019-09-17,2019091701006766,SCB,45,57,10,571.00,"5,710.00"
2019-09-17,2019091701006666,SCB,35,4,145,551.00,"79,895.00"
2019-09-17,2019091701006647,SCB,45,4,20,551.00,"11,020.00"
2019-09-17,2019091701006637,SCB,38,4,300,551.00,"165,300.00"
2019-09-17,2019091701006669,SDESI,38,13,23,618.00,"14,214.00"
2019-09-17,2019091701006668,SDESI,38,13,23,618.00,"14,214.00"
2019-09-17,2019091701006667,SDESI,38,43,100,617.00,"61,700.00"
2019-09-17,2019091701006887,SEF,3,49,500,8.89,"4,445.00"
2019-09-17,2019091701006665,SEF,3,49,500,8.89,"4,445.00"
2019-09-17,2019091701006664,SEF,3,51,"5,500",9.03,"49,665.00"
2019-09-17,2019091701007102,SFFIL,37,22,20,249.00,"4,980.00"
2019-09-17,2019091701007074,SFFIL,42,22,200,250.00,"50,000.00"
2019-09-17,2019091701007026,SFFIL,54,22,35,252.00,"8,820.00"
2019-09-17,2019091701006738,SHINE,39,40,105,258.00,"27,090.00"
2019-09-17,2019091701006677,SHINE,39,51,100,256.00,"25,600.00"
2019-09-17,2019091701007128,SHIVM,19,21,100,544.00,"54,400.00"
2019-09-17,2019091701007086,SHIVM,43,56,25,544.00,"13,600.00"
2019-09-17,2019091701007085,SHIVM,14,56,50,544.00,"27,200.00"
2019-09-17,2019091701007084,SHIVM,52,56,50,544.00,"27,200.00"
2019-09-17,2019091701007083,SHIVM,17,56,100,544.00,"54,400.00"
2019-09-17,2019091701007067,SHIVM,17,56,100,544.00,"54,400.00"
2019-09-17,2019091701006733,SHIVM,58,43,15,542.00,"8,130.00"
2019-09-17,2019091701006694,SHIVM,53,17,100,539.00,"53,900.00"
2019-09-17,2019091701006630,SHIVM,58,16,200,544.00,"108,800.00"
2019-09-17,2019091701006804,SHIVM,44,42,50,542.00,"27,100.00"
2019-09-17,2019091701006792,SHIVM,43,32,100,542.00,"54,200.00"
2019-09-17,2019091701006780,SHIVM,48,32,100,542.00,"54,200.00"
2019-09-17,2019091701006749,SHIVM,19,56,150,540.00,"81,000.00"
2019-09-17,2019091701006748,SHIVM,44,56,50,540.00,"27,000.00"
2019-09-17,2019091701006734,SHIVM,58,28,185,543.00,"100,455.00"
2019-09-17,2019091701006917,SHIVM,41,32,200,542.00,"108,400.00"
2019-09-17,2019091701006902,SHIVM,14,32,200,542.00,"108,400.00"
2019-09-17,2019091701006892,SHIVM,28,28,500,543.00,"271,500.00"
2019-09-17,2019091701006885,SHIVM,43,28,147,543.00,"79,821.00"
2019-09-17,2019091701006884,SHIVM,43,28,103,543.00,"55,929.00"
2019-09-17,2019091701006815,SHIVM,41,42,150,542.00,"81,300.00"
2019-09-17,2019091701006940,SHIVM,41,38,400,542.00,"216,800.00"
2019-09-17,2019091701006939,SHIVM,42,5,47,543.00,"25,521.00"
2019-09-17,2019091701006938,SHIVM,42,58,153,543.00,"83,079.00"
2019-09-17,2019091701006934,SHIVM,28,58,347,543.00,"188,421.00"
2019-09-17,2019091701006933,SHIVM,28,28,153,543.00,"83,079.00"
2019-09-17,2019091701006931,SHIVM,41,50,50,542.00,"27,100.00"
2019-09-17,2019091701006974,SHIVM,52,45,50,544.00,"27,200.00"
2019-09-17,2019091701006973,SHIVM,52,57,100,543.00,"54,300.00"
2019-09-17,2019091701006972,SHIVM,52,5,153,543.00,"83,079.00"
2019-09-17,2019091701006968,SHIVM,41,49,150,542.00,"81,300.00"
2019-09-17,2019091701006961,SHIVM,42,5,300,543.00,"162,900.00"
2019-09-17,2019091701006949,SHIVM,26,5,500,543.00,"271,500.00"
2019-09-17,2019091701006988,SHIVM,17,51,73,544.00,"39,712.00"
2019-09-17,2019091701006986,SHIVM,19,51,427,544.00,"232,288.00"
2019-09-17,2019091701006985,SHIVM,19,33,23,544.00,"12,512.00"
2019-09-17,2019091701006977,SHIVM,52,33,177,544.00,"96,288.00"
2019-09-17,2019091701006976,SHIVM,52,45,500,544.00,"272,000.00"
2019-09-17,2019091701006975,SHIVM,52,14,20,544.00,"10,880.00"
2019-09-17,2019091701007061,SHIVM,17,20,150,544.00,"81,600.00"
2019-09-17,2019091701007052,SHIVM,17,57,100,544.00,"54,400.00"
2019-09-17,2019091701006992,SHIVM,17,33,200,544.00,"108,800.00"
2019-09-17,2019091701006991,SHIVM,17,54,100,544.00,"54,400.00"
2019-09-17,2019091701006990,SHIVM,17,26,25,544.00,"13,600.00"
2019-09-17,2019091701006989,SHIVM,17,22,200,544.00,"108,800.00"
2019-09-17,2019091701006646,SHL,53,28,"1,000",217.00,"217,000.00"
2019-09-17,2019091701006932,SHPC,49,28,500,203.00,"101,500.00"
2019-09-17,2019091701006747,SHPC,43,28,"1,000",200.00,"200,000.00"
2019-09-17,2019091701006746,SHPC,17,28,"1,000",200.00,"200,000.00"
2019-09-17,2019091701006909,SICL,55,44,74,726.00,"53,724.00"
2019-09-17,2019091701006908,SICL,35,44,142,728.00,"103,376.00"
2019-09-17,2019091701006806,SIL,34,11,210,377.00,"79,170.00"
2019-09-17,2019091701006794,SIL,20,11,50,378.00,"18,900.00"
2019-09-17,2019091701007105,SJCL,25,25,100,178.00,"17,800.00"
2019-09-17,2019091701007082,SJCL,16,44,10,177.00,"1,770.00"
2019-09-17,2019091701007079,SJCL,16,41,300,177.00,"53,100.00"
2019-09-17,2019091701007078,SJCL,16,32,100,176.00,"17,600.00"
2019-09-17,2019091701006679,SJCL,40,49,20,172.00,"3,440.00"
2019-09-17,2019091701006954,SJCL,40,42,500,175.00,"87,500.00"
2019-09-17,2019091701006953,SJCL,40,44,10,175.00,"1,750.00"
2019-09-17,2019091701006952,SJCL,40,21,130,174.00,"22,620.00"
2019-09-17,2019091701006771,SJCL,40,49,20,172.00,"3,440.00"
2019-09-17,2019091701006960,SJCL,40,14,400,175.00,"70,000.00"
2019-09-17,2019091701006959,SJCL,40,56,480,175.00,"84,000.00"
2019-09-17,2019091701006958,SJCL,40,41,200,175.00,"35,000.00"
2019-09-17,2019091701006957,SJCL,40,1,20,175.00,"3,500.00"
2019-09-17,2019091701006956,SJCL,40,1,20,175.00,"3,500.00"
2019-09-17,2019091701006955,SJCL,40,1,20,175.00,"3,500.00"
2019-09-17,2019091701007027,SJCL,40,44,10,175.00,"1,750.00"
2019-09-17,2019091701006971,SJCL,40,44,10,175.00,"1,750.00"
2019-09-17,2019091701006918,SKBBL,5,45,10,954.00,"9,540.00"
2019-09-17,2019091701006823,SKBBL,42,5,145,949.00,"137,605.00"
2019-09-17,2019091701006822,SKBBL,42,44,55,948.00,"52,140.00"
2019-09-17,2019091701006795,SKBBL,5,28,50,947.00,"47,350.00"
2019-09-17,2019091701007016,SLICL,34,6,113,271.00,"30,623.00"
2019-09-17,2019091701006982,SLICL,39,6,44,271.00,"11,924.00"
2019-09-17,2019091701006948,SLICL,39,6,80,271.00,"21,680.00"
2019-09-17,2019091701006881,SLICL,33,1,96,270.00,"25,920.00"
2019-09-17,2019091701006880,SLICL,39,1,92,270.00,"24,840.00"
2019-09-17,2019091701006879,SLICL,39,1,12,270.00,"3,240.00"
2019-09-17,2019091701006840,SLICL,39,19,25,270.00,"6,750.00"
2019-09-17,2019091701006839,SLICL,39,42,43,270.00,"11,610.00"
2019-09-17,2019091701006796,SLICL,39,42,80,270.00,"21,600.00"
2019-09-17,2019091701006777,SLICL,32,39,520,269.00,"139,880.00"
2019-09-17,2019091701006697,SLICL,39,39,80,269.00,"21,520.00"
2019-09-17,2019091701006631,SLICL,59,29,527,269.00,"141,763.00"
2019-09-17,2019091701007051,SMATA,50,28,10,"1,273.00","12,730.00"
2019-09-17,2019091701006987,SMATA,51,28,50,"1,269.00","63,450.00"
2019-09-17,2019091701006831,SMATA,57,29,19,"1,268.00","24,092.00"
2019-09-17,2019091701006830,SMATA,57,38,15,"1,268.00","19,020.00"
2019-09-17,2019091701006687,SMATA,6,28,70,"1,260.00","88,200.00"
2019-09-17,2019091701006686,SMATA,50,28,500,"1,260.00","630,000.00"
2019-09-17,2019091701006685,SMATA,25,28,10,"1,261.00","12,610.00"
2019-09-17,2019091701006684,SMATA,36,28,18,"1,262.00","22,716.00"
2019-09-17,2019091701006683,SMATA,42,28,20,"1,265.00","25,300.00"
2019-09-17,2019091701006783,SMB,34,49,10,411.00,"4,110.00"
2019-09-17,2019091701006791,SMFBS,14,49,10,807.00,"8,070.00"
2019-09-17,2019091701007104,SPARS,34,45,10,572.00,"5,720.00"
2019-09-17,2019091701006923,SPARS,34,45,10,561.00,"5,610.00"
2019-09-17,2019091701006922,SPARS,34,36,10,560.00,"5,600.00"
2019-09-17,2019091701006921,SPARS,34,6,30,559.00,"16,770.00"
2019-09-17,2019091701006785,SPARS,34,29,30,551.00,"16,530.00"
2019-09-17,2019091701006916,SRBL,50,5,211,229.00,"48,319.00"
2019-09-17,2019091701006888,SRBL,50,20,100,229.00,"22,900.00"
2019-09-17,2019091701007114,SWBBL,28,32,20,918.00,"18,360.00"
2019-09-17,2019091701007113,SWBBL,28,28,100,918.00,"91,800.00"
2019-09-17,2019091701007112,SWBBL,28,53,205,918.00,"188,190.00"
2019-09-17,2019091701007007,SWBBL,28,22,438,917.00,"401,646.00"
2019-09-17,2019091701007006,SWBBL,28,49,30,915.00,"27,450.00"
2019-09-17,2019091701007075,TRH,58,22,10,285.00,"2,850.00"
2019-09-17,2019091701006773,TRH,17,57,425,280.00,"119,000.00"
2019-09-17,2019091701006772,TRH,58,57,200,281.00,"56,200.00"
2019-09-17,2019091701006814,UIC,58,57,10,264.00,"2,640.00"
2019-09-17,2019091701006659,UIC,21,57,90,264.00,"23,760.00"
2019-09-17,2019091701006658,UIC,21,35,100,264.00,"26,400.00"
2019-09-17,2019091701006657,UIC,21,58,40,264.00,"10,560.00"
2019-09-17,2019091701006656,UIC,21,49,120,263.00,"31,560.00"
2019-09-17,2019091701006841,UPCL,37,17,30,76.00,"2,280.00"
2019-09-17,2019091701006710,UPCL,57,48,500,77.00,"38,500.00"
2019-09-17,2019091701006996,UPPER,41,40,200,246.00,"49,200.00"
2019-09-17,2019091701006993,UPPER,52,25,40,242.00,"9,680.00"
2019-09-17,2019091701006837,UPPER,52,49,20,242.00,"4,840.00"
2019-09-17,2019091701006805,UPPER,32,49,20,244.00,"4,880.00"
2019-09-17,2019091701006561,ADBL,34,43,85,417.00,"35,445.00"
2019-09-17,2019091701006526,ADBL,34,41,83,417.00,"34,611.00"
2019-09-17,2019091701006525,ADBL,34,49,53,417.00,"22,101.00"
2019-09-17,2019091701006568,AKBSL,18,29,10,425.00,"4,250.00"
2019-09-17,2019091701006304,AKBSL,52,49,10,419.00,"4,190.00"
2019-09-17,2019091701006549,ALBSL,16,49,10,428.00,"4,280.00"
2019-09-17,2019091701006569,ALICL,25,55,267,317.00,"84,639.00"
2019-09-17,2019091701006518,ALICL,17,32,92,313.00,"28,796.00"
2019-09-17,2019091701006398,ALICL,28,55,33,317.00,"10,461.00"
2019-09-17,2019091701006397,ALICL,28,14,225,316.00,"71,100.00"
2019-09-17,2019091701006396,ALICL,28,36,100,315.00,"31,500.00"
2019-09-17,2019091701006395,API,25,41,100,115.00,"11,500.00"
2019-09-17,2019091701006394,API,25,13,405,114.00,"46,170.00"
2019-09-17,2019091701006393,API,25,51,100,114.00,"11,400.00"
2019-09-17,2019091701006392,API,25,57,14,114.00,"1,596.00"
2019-09-17,2019091701006391,API,25,57,83,114.00,"9,462.00"
2019-09-17,2019091701006390,API,25,29,548,114.00,"62,472.00"
2019-09-17,2019091701006459,BOKL,38,28,28,256.00,"7,168.00"
2019-09-17,2019091701006353,BOKL,16,28,472,256.00,"120,832.00"
2019-09-17,2019091701006352,BOKL,16,52,28,256.00,"7,168.00"
2019-09-17,2019091701006338,BOKL,16,52,127,256.00,"32,512.00"
2019-09-17,2019091701006337,BOKL,16,29,43,256.00,"11,008.00"
2019-09-17,2019091701006336,BOKL,16,43,330,256.00,"84,480.00"
2019-09-17,2019091701006563,BPCL,42,49,22,361.00,"7,942.00"
2019-09-17,2019091701006151,BPCL,42,42,29,361.00,"10,469.00"
2019-09-17,2019091701006150,BPCL,52,42,150,362.00,"54,300.00"
2019-09-17,2019091701006149,BPCL,52,42,41,362.00,"14,842.00"
2019-09-17,2019091701006148,BPCL,16,42,500,363.00,"181,500.00"
2019-09-17,2019091701006233,CBBL,42,58,200,973.00,"194,600.00"
2019-09-17,2019091701006232,CBBL,42,48,100,970.00,"97,000.00"
2019-09-17,2019091701006513,CBL,5,14,200,146.00,"29,200.00"
2019-09-17,2019091701006471,CCBL,47,37,988,159.00,"157,092.00"
2019-09-17,2019091701006470,CCBL,47,14,200,159.00,"31,800.00"
2019-09-17,2019091701006469,CCBL,47,40,200,159.00,"31,800.00"
2019-09-17,2019091701006455,CCBL,47,47,510,158.00,"80,580.00"
2019-09-17,2019091701006441,CHCL,45,36,50,427.00,"21,350.00"
2019-09-17,2019091701006356,CHCL,45,36,100,427.00,"42,700.00"
2019-09-17,2019091701006615,CIT,26,49,40,"1,791.00","71,640.00"
2019-09-17,2019091701006564,CIT,49,49,"2,500","1,775.00","4,437,500.00"
2019-09-17,2019091701006292,CIT,48,17,50,"1,800.00","90,000.00"
2019-09-17,2019091701006291,CIT,48,40,50,"1,800.00","90,000.00"
2019-09-17,2019091701006430,CZBIL,59,58,20,199.00,"3,980.00"
2019-09-17,2019091701006366,CZBIL,21,58,250,199.00,"49,750.00"
2019-09-17,2019091701006309,CZBIL,17,58,500,199.00,"99,500.00"
2019-09-17,2019091701006212,CZBIL,17,29,100,198.00,"19,800.00"
2019-09-17,2019091701006211,CZBIL,11,29,100,198.00,"19,800.00"
2019-09-17,2019091701006210,CZBIL,43,29,500,198.00,"99,000.00"
2019-09-17,2019091701006173,CZBIL,22,58,"1,500",199.00,"298,500.00"
2019-09-17,2019091701006474,DBBL,33,45,200,129.00,"25,800.00"
2019-09-17,2019091701006213,DBBL,51,16,500,128.00,"64,000.00"
2019-09-17,2019091701006436,DDBL,14,41,50,715.00,"35,750.00"
2019-09-17,2019091701006435,DDBL,14,41,20,716.00,"14,320.00"
2019-09-17,2019091701006500,EBL,32,57,10,570.00,"5,700.00"
2019-09-17,2019091701006490,EBL,58,5,29,563.00,"16,327.00"
2019-09-17,2019091701006489,EBL,58,5,400,563.00,"225,200.00"
2019-09-17,2019091701006488,EBL,21,5,40,563.00,"22,520.00"
2019-09-17,2019091701006487,EBL,40,5,30,563.00,"16,890.00"
2019-09-17,2019091701006264,EBL,40,36,70,570.00,"39,900.00"
2019-09-17,2019091701006240,EBL,4,19,50,575.00,"28,750.00"
2019-09-17,2019091701006239,EBL,4,57,100,575.00,"57,500.00"
2019-09-17,2019091701006468,EBL,44,5,100,565.00,"56,500.00"
2019-09-17,2019091701006467,EBL,42,5,48,565.00,"27,120.00"
2019-09-17,2019091701006453,EBL,40,5,72,567.00,"40,824.00"
2019-09-17,2019091701006426,EBL,40,34,28,567.00,"15,876.00"
2019-09-17,2019091701006269,EBL,6,5,100,570.00,"57,000.00"
2019-09-17,2019091701006268,EBL,40,5,170,570.00,"96,900.00"
2019-09-17,2019091701006135,EDBL,36,41,50,272.00,"13,600.00"
2019-09-17,2019091701006303,EIC,17,26,200,269.00,"53,800.00"
2019-09-17,2019091701006302,EIC,17,42,30,269.00,"8,070.00"
2019-09-17,2019091701006301,EIC,17,50,345,268.00,"92,460.00"
2019-09-17,2019091701006300,EIC,17,56,80,267.00,"21,360.00"
2019-09-17,2019091701006195,EIC,38,5,84,264.00,"22,176.00"
2019-09-17,2019091701006194,EIC,13,5,202,264.00,"53,328.00"
2019-09-17,2019091701006193,EIC,22,5,10,265.00,"2,650.00"
2019-09-17,2019091701006154,EIC,45,19,200,267.00,"53,400.00"
2019-09-17,2019091701006247,GBLBS,39,26,500,328.00,"164,000.00"
2019-09-17,2019091701006481,GDBL,17,47,40,209.00,"8,360.00"
2019-09-17,2019091701006308,GDBL,13,49,10,210.00,"2,100.00"
2019-09-17,2019091701006290,GDBL,26,51,400,209.00,"83,600.00"
2019-09-17,2019091701006342,GLBSL,39,45,50,456.00,"22,800.00"
2019-09-17,2019091701006341,GLBSL,39,52,50,455.00,"22,750.00"
2019-09-17,2019091701006340,GLBSL,39,43,10,450.00,"4,500.00"
2019-09-17,2019091701006275,GLBSL,39,28,10,449.00,"4,490.00"
2019-09-17,2019091701006274,GLBSL,39,28,10,449.00,"4,490.00"
2019-09-17,2019091701006273,GLBSL,39,28,10,449.00,"4,490.00"
2019-09-17,2019091701006272,GLBSL,39,34,10,445.00,"4,450.00"
2019-09-17,2019091701006559,GLICL,54,34,10,365.00,"3,650.00"
2019-09-17,2019091701006374,GMFBS,13,10,10,483.00,"4,830.00"
2019-09-17,2019091701006368,GMFBS,13,42,300,475.00,"142,500.00"
2019-09-17,2019091701006367,GMFBS,13,7,10,475.00,"4,750.00"
2019-09-17,2019091701006130,GMFBS,41,56,10,466.00,"4,660.00"
2019-09-17,2019091701006372,GUFL,3,25,500,114.00,"57,000.00"
2019-09-17,2019091701006371,GUFL,3,44,500,114.00,"57,000.00"
2019-09-17,2019091701006370,GUFL,3,38,75,113.00,"8,475.00"
2019-09-17,2019091701006339,HBL,32,55,10,502.00,"5,020.00"
2019-09-17,2019091701006250,HBL,44,8,50,500.00,"25,000.00"
2019-09-17,2019091701006225,HBL,6,55,20,502.00,"10,040.00"
2019-09-17,2019091701006152,ICFC,58,58,110,156.00,"17,160.00"
2019-09-17,2019091701006502,ILBS,39,49,10,437.00,"4,370.00"
2019-09-17,2019091701006501,ILBS,39,22,10,437.00,"4,370.00"
2019-09-17,2019091701006289,JFL,20,32,10,198.00,"1,980.00"
2019-09-17,2019091701006505,KSBBL,47,21,460,142.00,"65,320.00"
2019-09-17,2019091701006504,KSBBL,47,40,500,142.00,"71,000.00"
2019-09-17,2019091701006503,KSBBL,47,28,40,142.00,"5,680.00"
2019-09-17,2019091701006322,KSBBL,57,40,500,141.00,"70,500.00"
2019-09-17,2019091701006261,KSBBL,57,40,500,141.00,"70,500.00"
2019-09-17,2019091701006380,LBBL,49,33,10,174.00,"1,740.00"
2019-09-17,2019091701006379,LBBL,47,33,100,174.00,"17,400.00"
2019-09-17,2019091701006378,LBBL,35,33,90,174.00,"15,660.00"
2019-09-17,2019091701006260,LBBL,35,35,100,174.00,"17,400.00"
2019-09-17,2019091701006516,LBL,34,25,200,214.00,"42,800.00"
2019-09-17,2019091701006202,LBL,34,25,200,214.00,"42,800.00"
2019-09-17,2019091701006299,LICN,13,40,10,"1,009.00","10,090.00"
2019-09-17,2019091701006573,MBL,26,11,500,251.00,"125,500.00"
2019-09-17,2019091701006349,MBL,50,37,460,251.00,"115,460.00"
2019-09-17,2019091701006248,MBL,57,28,200,249.00,"49,800.00"
2019-09-17,2019091701006172,MBL,57,32,27,249.00,"6,723.00"
2019-09-17,2019091701006498,MDB,28,38,18,248.00,"4,464.00"
2019-09-17,2019091701006497,MDB,28,52,100,248.00,"24,800.00"
2019-09-17,2019091701006496,MDB,28,33,50,247.00,"12,350.00"
2019-09-17,2019091701006495,MDB,28,55,100,246.00,"24,600.00"
2019-09-17,2019091701006494,MDB,28,32,22,245.00,"5,390.00"
2019-09-17,2019091701006306,MEGA,45,25,100,196.00,"19,600.00"
2019-09-17,2019091701006486,MEGA,50,32,300,196.00,"58,800.00"
2019-09-17,2019091701006254,MERO,39,33,100,550.00,"55,000.00"
2019-09-17,2019091701006253,MERO,49,33,100,551.00,"55,100.00"
2019-09-17,2019091701006249,MERO,13,5,13,555.00,"7,215.00"
2019-09-17,2019091701006437,MERO,39,21,10,549.00,"5,490.00"
2019-09-17,2019091701006317,MERO,51,10,500,554.00,"277,000.00"
2019-09-17,2019091701006316,MERO,39,10,500,554.00,"277,000.00"
2019-09-17,2019091701006315,MERO,51,10,500,554.00,"277,000.00"
2019-09-17,2019091701006452,MLBL,34,32,500,213.00,"106,500.00"
2019-09-17,2019091701006451,MLBL,34,11,500,213.00,"106,500.00"
2019-09-17,2019091701006450,MLBL,34,43,37,213.00,"7,881.00"
2019-09-17,2019091701006449,MLBL,34,33,250,213.00,"53,250.00"
2019-09-17,2019091701006448,MLBL,34,21,181,213.00,"38,553.00"
2019-09-17,2019091701006246,MLBL,38,26,100,211.00,"21,100.00"
2019-09-17,2019091701006447,MLBL,34,58,"1,063",212.00,"225,356.00"
2019-09-17,2019091701006446,MLBL,34,25,487,212.00,"103,244.00"
2019-09-17,2019091701006560,MNBBL,32,57,100,307.00,"30,700.00"
2019-09-17,2019091701006399,MNBBL,45,44,100,308.00,"30,800.00"
2019-09-17,2019091701006311,MNBBL,4,44,200,308.00,"61,600.00"
2019-09-17,2019091701006335,NABIL,45,44,65,758.00,"49,270.00"
2019-09-17,2019091701006231,NAGRO,34,19,10,754.00,"7,540.00"
2019-09-17,2019091701006511,NBB,50,5,150,212.00,"31,800.00"
2019-09-17,2019091701006510,NBB,50,54,50,212.00,"10,600.00"
2019-09-17,2019091701006132,NBB,42,32,400,213.00,"85,200.00"
2019-09-17,2019091701006131,NBB,42,25,100,212.00,"21,200.00"
2019-09-17,2019091701006515,NBL,35,4,40,316.00,"12,640.00"
2019-09-17,2019091701006514,NBL,35,56,300,316.00,"94,800.00"
2019-09-17,2019091701006485,NBL,35,4,60,316.00,"18,960.00"
2019-09-17,2019091701006484,NBL,35,47,40,316.00,"12,640.00"
2019-09-17,2019091701006483,NBL,35,38,900,316.00,"284,400.00"
2019-09-17,2019091701006320,NBL,45,38,"1,000",316.00,"316,000.00"
2019-09-17,2019091701006257,NBL,29,21,200,315.00,"63,000.00"
2019-09-17,2019091701006539,NCCB,6,49,500,199.00,"99,500.00"
2019-09-17,2019091701006305,NCCB,32,49,20,199.00,"3,980.00"
2019-09-17,2019091701006258,NHPC,56,29,110,57.00,"6,270.00"
2019-09-17,2019091701006244,NHPC,56,46,500,56.00,"28,000.00"
2019-09-17,2019091701006243,NHPC,56,19,500,56.00,"28,000.00"
2019-09-17,2019091701006242,NHPC,56,48,500,56.00,"28,000.00"
2019-09-17,2019091701006241,NHPC,56,58,300,56.00,"16,800.00"
2019-09-17,2019091701006442,NIB,17,6,10,441.00,"4,410.00"
2019-09-17,2019091701006245,NIB,38,5,97,440.00,"42,680.00"
2019-09-17,2019091701006180,NIB,38,34,15,440.00,"6,600.00"
2019-09-17,2019091701006179,NIB,38,57,100,440.00,"44,000.00"
2019-09-17,2019091701006178,NIB,38,55,200,440.00,"88,000.00"
2019-09-17,2019091701006177,NIB,38,44,85,440.00,"37,400.00"
2019-09-17,2019091701006312,NIBPO,6,26,198,416.00,"82,368.00"
2019-09-17,2019091701006400,NICA,34,41,200,387.00,"77,400.00"
2019-09-17,2019091701006377,NICA,32,21,20,387.00,"7,740.00"
2019-09-17,2019091701006328,NICA,32,57,100,385.00,"38,500.00"
2019-09-17,2019091701006314,NICA,50,57,100,385.00,"38,500.00"
2019-09-17,2019091701006324,NICL,35,56,675,270.00,"182,250.00"
2019-09-17,2019091701006323,NICL,59,56,100,271.00,"27,100.00"
2019-09-17,2019091701006162,NIL,32,57,100,366.00,"36,600.00"
2019-09-17,2019091701006161,NIL,32,4,80,366.00,"29,280.00"
2019-09-17,2019091701006473,NLBBL,45,43,100,510.00,"51,000.00"
2019-09-17,2019091701006432,NLBBL,49,45,10,506.00,"5,060.00"
2019-09-17,2019091701006443,NLG,6,43,34,564.00,"19,176.00"
2019-09-17,2019091701006427,NLIC,55,4,50,767.00,"38,350.00"
2019-09-17,2019091701006424,NLIC,48,4,25,765.00,"19,125.00"
2019-09-17,2019091701006423,NLIC,26,4,25,766.00,"19,150.00"
2019-09-17,2019091701006321,NLIC,34,4,50,766.00,"38,300.00"
2019-09-17,2019091701006298,NLIC,34,41,200,767.00,"153,400.00"
2019-09-17,2019091701006297,NLIC,34,36,70,766.00,"53,620.00"
2019-09-17,2019091701006296,NLIC,34,4,70,766.00,"53,620.00"
2019-09-17,2019091701006276,NLIC,48,4,50,765.00,"38,250.00"
2019-09-17,2019091701006252,NLIC,48,5,31,765.00,"23,715.00"
2019-09-17,2019091701006220,NLIC,26,4,50,763.00,"38,150.00"
2019-09-17,2019091701006134,NMFBS,49,42,10,"1,545.00","15,450.00"
2019-09-17,2019091701006444,NTC,59,38,20,627.00,"12,540.00"
2019-09-17,2019091701006348,NTC,59,42,470,620.00,"291,400.00"
2019-09-17,2019091701006347,NTC,52,42,20,623.00,"12,460.00"
2019-09-17,2019091701006346,NTC,53,42,10,623.00,"6,230.00"
2019-09-17,2019091701006294,PCBL,38,5,100,261.00,"26,100.00"
2019-09-17,2019091701006293,PCBL,21,5,119,264.00,"31,416.00"
2019-09-17,2019091701006572,PFL,34,47,39,132.00,"5,148.00"
2019-09-17,2019091701006267,PLIC,13,16,13,325.00,"4,225.00"
2019-09-17,2019091701006141,PLIC,57,47,347,322.00,"111,734.00"
2019-09-17,2019091701006140,PLIC,57,47,395,322.00,"127,190.00"
2019-09-17,2019091701006307,PRIN,40,45,50,303.00,"15,150.00"
2019-09-17,2019091701006433,PROFL,45,35,15,100.00,"1,500.00"
2019-09-17,2019091701006412,PRVU,35,57,225,264.00,"59,400.00"
2019-09-17,2019091701006411,PRVU,35,34,"1,000",264.00,"264,000.00"
2019-09-17,2019091701006410,PRVU,35,34,"2,000",264.00,"528,000.00"
2019-09-17,2019091701006409,PRVU,35,28,"1,000",264.00,"264,000.00"
2019-09-17,2019091701006408,PRVU,35,37,540,264.00,"142,560.00"
2019-09-17,2019091701006137,PRVU,36,5,"1,200",260.00,"312,000.00"
2019-09-17,2019091701006255,PRVU,34,57,300,262.00,"78,600.00"
2019-09-17,2019091701006214,PRVU,49,57,200,262.00,"52,400.00"
2019-09-17,2019091701006139,PRVU,16,5,388,260.00,"100,880.00"
2019-09-17,2019091701006138,PRVU,16,5,300,260.00,"78,000.00"
2019-09-17,2019091701006407,PRVU,35,33,235,264.00,"62,040.00"
2019-09-17,2019091701006406,PRVU,35,34,"2,000",263.00,"526,000.00"
2019-09-17,2019091701006405,PRVU,35,34,"1,000",263.00,"263,000.00"
2019-09-17,2019091701006404,PRVU,35,28,322,263.00,"84,686.00"
2019-09-17,2019091701006403,PRVU,34,28,250,262.00,"65,500.00"
2019-09-17,2019091701006375,PRVU,40,28,500,262.00,"131,000.00"
2019-09-17,2019091701006355,RADHI,54,22,500,139.00,"69,500.00"
2019-09-17,2019091701006576,RBCLPO,33,42,20,"7,650.00","153,000.00"
2019-09-17,2019091701006550,RBCLPO,16,42,25,"7,650.00","191,250.00"
2019-09-17,2019091701006454,RBCLPO,33,28,10,"7,645.00","76,450.00"
2019-09-17,2019091701006263,RBCLPO,33,49,10,"7,600.00","76,000.00"
2019-09-17,2019091701006262,RBCLPO,33,17,30,"7,590.00","227,700.00"
2019-09-17,2019091701006235,RBCLPO,33,11,10,"7,590.00","75,900.00"
2019-09-17,2019091701006234,RBCLPO,33,49,10,"7,537.00","75,370.00"
2019-09-17,2019091701006221,RBCLPO,35,17,30,"7,450.00","223,500.00"
2019-09-17,2019091701006548,RHPL,40,56,500,164.00,"82,000.00"
2019-09-17,2019091701006547,RHPL,40,25,10,164.00,"1,640.00"
2019-09-17,2019091701006546,RHPL,40,52,200,164.00,"32,800.00"
2019-09-17,2019091701006545,RHPL,40,34,80,164.00,"13,120.00"
2019-09-17,2019091701006544,RHPL,40,50,380,164.00,"62,320.00"
2019-09-17,2019091701006543,RHPL,40,47,100,164.00,"16,400.00"
2019-09-17,2019091701006222,RHPL,6,47,40,161.00,"6,440.00"
2019-09-17,2019091701006183,RHPL,6,44,40,161.00,"6,440.00"
2019-09-17,2019091701006181,RHPL,6,58,50,161.00,"8,050.00"
2019-09-17,2019091701006171,RHPL,6,44,40,161.00,"6,440.00"
2019-09-17,2019091701006354,RHPL,17,44,30,161.00,"4,830.00"
2019-09-17,2019091701006343,RHPL,17,44,40,161.00,"6,440.00"
2019-09-17,2019091701006313,RHPL,17,57,40,161.00,"6,440.00"
2019-09-17,2019091701006251,RHPL,17,6,400,161.00,"64,400.00"
2019-09-17,2019091701006238,RHPL,17,44,20,161.00,"3,220.00"
2019-09-17,2019091701006237,RHPL,6,44,20,161.00,"3,220.00"
2019-09-17,2019091701006417,RHPL,43,44,40,163.00,"6,520.00"
2019-09-17,2019091701006416,RHPL,43,22,30,162.00,"4,860.00"
2019-09-17,2019091701006415,RHPL,43,55,40,162.00,"6,480.00"
2019-09-17,2019091701006414,RHPL,43,44,40,162.00,"6,480.00"
2019-09-17,2019091701006413,RHPL,43,44,40,162.00,"6,480.00"
2019-09-17,2019091701006376,RHPL,17,41,40,161.00,"6,440.00"
2019-09-17,2019091701006456,RHPL,34,41,40,162.00,"6,480.00"
2019-09-17,2019091701006445,RHPL,34,44,20,162.00,"3,240.00"
2019-09-17,2019091701006438,RHPL,34,41,40,162.00,"6,480.00"
2019-09-17,2019091701006431,RHPL,43,44,20,163.00,"3,260.00"
2019-09-17,2019091701006419,RHPL,43,47,100,163.00,"16,300.00"
2019-09-17,2019091701006418,RHPL,43,44,40,163.00,"6,520.00"
2019-09-17,2019091701006542,RHPL,40,34,100,164.00,"16,400.00"
2019-09-17,2019091701006541,RHPL,40,32,30,163.00,"4,890.00"
2019-09-17,2019091701006528,RHPL,34,44,20,162.00,"3,240.00"
2019-09-17,2019091701006512,RHPL,34,44,20,162.00,"3,240.00"
2019-09-17,2019091701006491,RHPL,34,44,30,162.00,"4,860.00"
2019-09-17,2019091701006466,RHPL,34,44,20,162.00,"3,240.00"
2019-09-17,2019091701006531,RRHP,47,25,10,102.00,"1,020.00"
2019-09-17,2019091701006270,RSDC,26,21,300,335.00,"100,500.00"
2019-09-17,2019091701006575,SABSL,41,21,60,470.00,"28,200.00"
2019-09-17,2019091701006574,SABSL,26,21,430,470.00,"202,100.00"
2019-09-17,2019091701006182,SABSL,42,14,25,472.00,"11,800.00"
2019-09-17,2019091701006440,SAEF,32,34,700,8.41,"5,887.00"
2019-09-17,2019091701006329,SANIMA,17,18,500,353.00,"176,500.00"
2019-09-17,2019091701006318,SANIMA,52,18,20,353.00,"7,060.00"
2019-09-17,2019091701006165,SANIMA,44,5,"1,125",351.00,"394,875.00"
2019-09-17,2019091701006163,SANIMA,57,5,500,352.00,"176,000.00"
2019-09-17,2019091701006157,SANIMA,44,18,200,353.00,"70,600.00"
2019-09-17,2019091701006558,SBI,45,4,200,417.00,"83,400.00"
2019-09-17,2019091701006557,SBI,38,4,50,420.00,"21,000.00"
2019-09-17,2019091701006402,SBL,32,39,100,324.00,"32,400.00"
2019-09-17,2019091701006401,SBL,6,39,100,324.00,"32,400.00"
2019-09-17,2019091701006310,SBL,16,42,500,326.00,"163,000.00"
2019-09-17,2019091701006266,SBL,16,42,240,326.00,"78,240.00"
2019-09-17,2019091701006265,SBL,16,49,260,326.00,"84,760.00"
2019-09-17,2019091701006230,SBL,44,5,"1,225",322.00,"394,450.00"
2019-09-17,2019091701006186,SBL,34,5,100,325.00,"32,500.00"
2019-09-17,2019091701006185,SBL,22,5,20,325.00,"6,500.00"
2019-09-17,2019091701006184,SBL,26,5,50,325.00,"16,250.00"
2019-09-17,2019091701006199,SBL,57,5,39,324.00,"12,636.00"
2019-09-17,2019091701006191,SBL,17,5,100,325.00,"32,500.00"
2019-09-17,2019091701006190,SBL,51,5,100,325.00,"32,500.00"
2019-09-17,2019091701006189,SBL,13,5,200,325.00,"65,000.00"
2019-09-17,2019091701006188,SBL,38,5,20,325.00,"6,500.00"
2019-09-17,2019091701006187,SBL,55,5,100,325.00,"32,500.00"
2019-09-17,2019091701006223,SBL,33,5,"1,000",323.00,"323,000.00"
2019-09-17,2019091701006219,SBL,26,5,250,324.00,"81,000.00"
2019-09-17,2019091701006218,SBL,55,5,100,324.00,"32,400.00"
2019-09-17,2019091701006217,SBL,10,5,39,324.00,"12,636.00"
2019-09-17,2019091701006201,SBL,10,5,461,324.00,"149,364.00"
2019-09-17,2019091701006200,SBL,39,5,"1,000",324.00,"324,000.00"
2019-09-17,2019091701006571,SCB,56,4,10,555.00,"5,550.00"
2019-09-17,2019091701006527,SCB,10,4,10,565.00,"5,650.00"
2019-09-17,2019091701006509,SCB,56,41,200,558.00,"111,600.00"
2019-09-17,2019091701006508,SCB,55,41,100,560.00,"56,000.00"
2019-09-17,2019091701006507,SCB,56,41,35,560.00,"19,600.00"
2019-09-17,2019091701006506,SCB,46,41,500,562.00,"281,000.00"
2019-09-17,2019091701006351,SCB,49,5,100,568.00,"56,800.00"
2019-09-17,2019091701006350,SCB,10,5,50,568.00,"28,400.00"
2019-09-17,2019091701006345,SCB,17,5,100,569.00,"56,900.00"
2019-09-17,2019091701006344,SCB,6,5,19,569.00,"10,811.00"
2019-09-17,2019091701006331,SCB,14,5,40,570.00,"22,800.00"
2019-09-17,2019091701006192,SCB,6,6,1,564.00,564.00
2019-09-17,2019091701006362,SCB,35,41,50,564.00,"28,200.00"
2019-09-17,2019091701006361,SCB,6,41,100,565.00,"56,500.00"
2019-09-17,2019091701006360,SCB,35,41,25,565.00,"14,125.00"
2019-09-17,2019091701006359,SCB,35,41,200,566.00,"113,200.00"
2019-09-17,2019091701006358,SCB,29,41,100,566.00,"56,600.00"
2019-09-17,2019091701006357,SCB,6,41,300,567.00,"170,100.00"
2019-09-17,2019091701006422,SCB,56,5,100,562.00,"56,200.00"
2019-09-17,2019091701006421,SCB,33,5,200,562.00,"112,400.00"
2019-09-17,2019091701006369,SCB,13,5,75,563.00,"42,225.00"
2019-09-17,2019091701006365,SCB,13,41,25,563.00,"14,075.00"
2019-09-17,2019091701006364,SCB,56,41,100,563.00,"56,300.00"
2019-09-17,2019091701006363,SCB,50,41,100,564.00,"56,400.00"
2019-09-17,2019091701006524,SEF,32,34,"1,200",9.02,"10,824.00"
2019-09-17,2019091701006562,SHINE,39,44,100,255.00,"25,500.00"
2019-09-17,2019091701006629,SHIVM,58,22,100,544.00,"54,400.00"
2019-09-17,2019091701006628,SHIVM,58,44,200,544.00,"108,800.00"
2019-09-17,2019091701006627,SHIVM,58,38,60,544.00,"32,640.00"
2019-09-17,2019091701006626,SHIVM,58,33,200,544.00,"108,800.00"
2019-09-17,2019091701006625,SHIVM,58,47,50,544.00,"27,200.00"
2019-09-17,2019091701006624,SHIVM,58,8,100,542.00,"54,200.00"
2019-09-17,2019091701006164,SHIVM,58,33,180,530.00,"95,400.00"
2019-09-17,2019091701006136,SHIVM,58,20,120,530.00,"63,600.00"
2019-09-17,2019091701006373,SHIVM,45,56,100,532.00,"53,200.00"
2019-09-17,2019091701006326,SHIVM,44,56,100,534.00,"53,400.00"
2019-09-17,2019091701006325,SHIVM,44,32,100,534.00,"53,400.00"
2019-09-17,2019091701006271,SHIVM,32,36,10,535.00,"5,350.00"
2019-09-17,2019091701006227,SHIVM,32,45,10,532.00,"5,320.00"
2019-09-17,2019091701006197,SHIVM,52,38,40,528.00,"21,120.00"
2019-09-17,2019091701006386,SHIVM,58,21,50,535.00,"26,750.00"
2019-09-17,2019091701006385,SHIVM,58,36,290,535.00,"155,150.00"
2019-09-17,2019091701006384,SHIVM,58,33,200,534.00,"106,800.00"
2019-09-17,2019091701006383,SHIVM,58,57,60,534.00,"32,040.00"
2019-09-17,2019091701006382,SHIVM,58,36,200,533.00,"106,600.00"
2019-09-17,2019091701006381,SHIVM,58,56,100,532.00,"53,200.00"
2019-09-17,2019091701006482,SHIVM,58,22,40,536.00,"21,440.00"
2019-09-17,2019091701006458,SHIVM,58,41,160,536.00,"85,760.00"
2019-09-17,2019091701006425,SHIVM,39,33,200,536.00,"107,200.00"
2019-09-17,2019091701006389,SHIVM,58,38,"2,000",535.00,"1,070,000.00"
2019-09-17,2019091701006388,SHIVM,58,6,200,535.00,"107,000.00"
2019-09-17,2019091701006387,SHIVM,58,21,500,535.00,"267,500.00"
2019-09-17,2019091701006566,SHIVM,7,32,100,538.00,"53,800.00"
2019-09-17,2019091701006565,SHIVM,7,32,100,537.00,"53,700.00"
2019-09-17,2019091701006540,SHIVM,7,22,40,536.00,"21,440.00"
2019-09-17,2019091701006523,SHIVM,20,22,20,536.00,"10,720.00"
2019-09-17,2019091701006517,SHIVM,7,17,52,535.00,"27,820.00"
2019-09-17,2019091701006616,SHIVM,53,28,250,539.00,"134,750.00"
2019-09-17,2019091701006614,SHIVM,39,28,250,539.00,"134,750.00"
2019-09-17,2019091701006613,SHIVM,39,42,150,539.00,"80,850.00"
2019-09-17,2019091701006612,SHIVM,48,42,50,539.00,"26,950.00"
2019-09-17,2019091701006611,SHIVM,48,50,50,539.00,"26,950.00"
2019-09-17,2019091701006567,SHIVM,7,50,500,538.00,"269,000.00"
2019-09-17,2019091701006623,SHIVM,58,39,200,542.00,"108,400.00"
2019-09-17,2019091701006622,SHIVM,58,33,200,540.00,"108,000.00"
2019-09-17,2019091701006621,SHIVM,58,39,50,540.00,"27,000.00"
2019-09-17,2019091701006620,SHIVM,58,44,200,540.00,"108,000.00"
2019-09-17,2019091701006619,SHIVM,58,10,"1,000",540.00,"540,000.00"
2019-09-17,2019091701006618,SHIVM,58,25,100,540.00,"54,000.00"
2019-09-17,2019091701006334,SHPC,49,21,400,204.00,"81,600.00"
2019-09-17,2019091701006333,SHPC,49,16,100,203.00,"20,300.00"
2019-09-17,2019091701006332,SHPC,49,25,200,203.00,"40,600.00"
2019-09-17,2019091701006153,SHPC,17,4,100,199.00,"19,900.00"
2019-09-17,2019091701006259,SHPC,49,22,300,202.00,"60,600.00"
2019-09-17,2019091701006472,SICL,35,32,58,728.00,"42,224.00"
2019-09-17,2019091701006538,SINDU,32,19,82,120.00,"9,840.00"
2019-09-17,2019091701006537,SINDU,32,19,50,122.00,"6,100.00"
2019-09-17,2019091701006160,SINDU,48,19,35,122.00,"4,270.00"
2019-09-17,2019091701006159,SINDU,22,19,30,122.00,"3,660.00"
2019-09-17,2019091701006158,SINDU,21,19,100,122.00,"12,200.00"
2019-09-17,2019091701006147,SINDU,38,19,100,123.00,"12,300.00"
2019-09-17,2019091701006146,SINDU,22,19,20,123.00,"2,460.00"
2019-09-17,2019091701006145,SINDU,57,19,500,124.00,"62,000.00"
2019-09-17,2019091701006144,SINDU,22,19,100,125.00,"12,500.00"
2019-09-17,2019091701006143,SINDU,41,19,800,125.00,"100,000.00"
2019-09-17,2019091701006142,SINDU,34,19,163,125.00,"20,375.00"
2019-09-17,2019091701006610,SJCL,40,21,870,174.00,"151,380.00"
2019-09-17,2019091701006609,SJCL,40,1,20,174.00,"3,480.00"
2019-09-17,2019091701006608,SJCL,40,1,20,174.00,"3,480.00"
2019-09-17,2019091701006607,SJCL,40,1,20,174.00,"3,480.00"
2019-09-17,2019091701006606,SJCL,40,1,20,174.00,"3,480.00"
2019-09-17,2019091701006605,SJCL,40,1,20,174.00,"3,480.00"
2019-09-17,2019091701006295,SJCL,53,44,20,172.00,"3,440.00"
2019-09-17,2019091701006256,SJCL,53,44,20,172.00,"3,440.00"
2019-09-17,2019091701006228,SJCL,53,47,20,172.00,"3,440.00"
2019-09-17,2019091701006198,SJCL,53,44,20,172.00,"3,440.00"
2019-09-17,2019091701006175,SJCL,53,44,20,172.00,"3,440.00"
2019-09-17,2019091701006174,SJCL,53,44,20,172.00,"3,440.00"
2019-09-17,2019091701006439,SJCL,53,25,20,172.00,"3,440.00"
2019-09-17,2019091701006428,SJCL,53,41,20,172.00,"3,440.00"
2019-09-17,2019091701006420,SJCL,53,41,20,172.00,"3,440.00"
2019-09-17,2019091701006327,SJCL,53,57,20,172.00,"3,440.00"
2019-09-17,2019091701006319,SJCL,53,44,20,172.00,"3,440.00"
2019-09-17,2019091701006464,SJCL,40,25,20,172.00,"3,440.00"
2019-09-17,2019091701006463,SJCL,40,21,680,172.00,"116,960.00"
2019-09-17,2019091701006462,SJCL,41,21,20,172.00,"3,440.00"
2019-09-17,2019091701006461,SJCL,38,21,40,172.00,"6,880.00"
2019-09-17,2019091701006460,SJCL,53,21,260,172.00,"44,720.00"
2019-09-17,2019091701006457,SJCL,53,32,20,172.00,"3,440.00"
2019-09-17,2019091701006535,SJCL,29,44,20,173.00,"3,460.00"
2019-09-17,2019091701006534,SJCL,29,44,20,173.00,"3,460.00"
2019-09-17,2019091701006533,SJCL,29,44,20,173.00,"3,460.00"
2019-09-17,2019091701006532,SJCL,29,44,20,173.00,"3,460.00"
2019-09-17,2019091701006465,SJCL,40,41,20,172.00,"3,440.00"
2019-09-17,2019091701006580,SJCL,40,44,10,173.00,"1,730.00"
2019-09-17,2019091701006579,SJCL,40,44,20,173.00,"3,460.00"
2019-09-17,2019091701006578,SJCL,40,44,20,173.00,"3,460.00"
2019-09-17,2019091701006577,SJCL,40,44,20,173.00,"3,460.00"
2019-09-17,2019091701006570,SJCL,40,32,10,172.00,"1,720.00"
2019-09-17,2019091701006536,SJCL,29,44,20,173.00,"3,460.00"
2019-09-17,2019091701006586,SJCL,40,35,20,173.00,"3,460.00"
2019-09-17,2019091701006585,SJCL,40,22,20,173.00,"3,460.00"
2019-09-17,2019091701006584,SJCL,40,44,20,173.00,"3,460.00"
2019-09-17,2019091701006583,SJCL,40,44,20,173.00,"3,460.00"
2019-09-17,2019091701006582,SJCL,40,44,20,173.00,"3,460.00"
2019-09-17,2019091701006581,SJCL,40,44,10,173.00,"1,730.00"
2019-09-17,2019091701006592,SJCL,40,44,20,174.00,"3,480.00"
2019-09-17,2019091701006591,SJCL,40,44,20,174.00,"3,480.00"
2019-09-17,2019091701006590,SJCL,40,44,20,174.00,"3,480.00"
2019-09-17,2019091701006589,SJCL,40,44,20,174.00,"3,480.00"
2019-09-17,2019091701006588,SJCL,40,44,20,174.00,"3,480.00"
2019-09-17,2019091701006587,SJCL,40,44,10,174.00,"1,740.00"
2019-09-17,2019091701006598,SJCL,40,1,20,174.00,"3,480.00"
2019-09-17,2019091701006597,SJCL,40,1,20,174.00,"3,480.00"
2019-09-17,2019091701006596,SJCL,40,1,20,174.00,"3,480.00"
2019-09-17,2019091701006595,SJCL,40,1,20,174.00,"3,480.00"
2019-09-17,2019091701006594,SJCL,40,44,20,174.00,"3,480.00"
2019-09-17,2019091701006593,SJCL,40,44,20,174.00,"3,480.00"
2019-09-17,2019091701006604,SJCL,40,1,20,174.00,"3,480.00"
2019-09-17,2019091701006603,SJCL,40,1,20,174.00,"3,480.00"
2019-09-17,2019091701006602,SJCL,40,1,20,174.00,"3,480.00"
2019-09-17,2019091701006601,SJCL,40,1,20,174.00,"3,480.00"
2019-09-17,2019091701006600,SJCL,40,1,20,174.00,"3,480.00"
2019-09-17,2019091701006599,SJCL,40,1,20,174.00,"3,480.00"
2019-09-17,2019091701006133,SKBBL,5,34,12,948.00,"11,376.00"
2019-09-17,2019091701006330,SLBBL,42,58,30,550.00,"16,500.00"
2019-09-17,2019091701006530,SLICL,51,29,173,269.00,"46,537.00"
2019-09-17,2019091701006529,SLICL,51,39,327,269.00,"87,963.00"
2019-09-17,2019091701006493,SMATA,34,39,19,"1,265.00","24,035.00"
2019-09-17,2019091701006492,SMATA,34,39,19,"1,265.00","24,035.00"
2019-09-17,2019091701006480,SMATA,36,39,19,"1,262.00","23,978.00"
2019-09-17,2019091701006229,SMATA,50,47,70,"1,265.00","88,550.00"
2019-09-17,2019091701006617,SMFBS,29,32,10,810.00,"8,100.00"
2019-09-17,2019091701006479,SMFBS,34,13,10,825.00,"8,250.00"
2019-09-17,2019091701006478,SMFBS,34,38,10,824.00,"8,240.00"
2019-09-17,2019091701006477,SMFBS,34,43,10,823.00,"8,230.00"
2019-09-17,2019091701006476,SMFBS,34,6,20,820.00,"16,400.00"
2019-09-17,2019091701006170,SMFBS,34,56,10,820.00,"8,200.00"
2019-09-17,2019091701006169,SMFBS,34,19,10,820.00,"8,200.00"
2019-09-17,2019091701006168,SMFBS,34,8,10,820.00,"8,200.00"
2019-09-17,2019091701006167,SMFBS,34,35,10,820.00,"8,200.00"
2019-09-17,2019091701006166,SMFBS,34,29,10,818.00,"8,180.00"
2019-09-17,2019091701006475,SPARS,43,49,10,550.00,"5,500.00"
2019-09-17,2019091701006226,SPARS,53,53,10,550.00,"5,500.00"
2019-09-17,2019091701006429,SRBL,45,35,10,233.00,"2,330.00"
2019-09-17,2019091701006196,SRBL,45,25,211,232.00,"48,952.00"
2019-09-17,2019091701006176,SRBL,46,34,200,231.00,"46,200.00"
2019-09-17,2019091701006224,SWBBL,25,19,17,910.00,"15,470.00"
2019-09-17,2019091701006236,TRH,56,22,50,280.00,"14,000.00"
2019-09-17,2019091701006522,UIC,57,49,50,260.00,"13,000.00"
2019-09-17,2019091701006521,UIC,51,49,250,260.00,"65,000.00"
2019-09-17,2019091701006520,UIC,7,49,500,261.00,"130,500.00"
2019-09-17,2019091701006519,UIC,22,49,110,261.00,"28,710.00"
2019-09-17,2019091701006434,UIC,56,58,80,264.00,"21,120.00"
2019-09-17,2019091701006556,UPPER,41,56,100,248.00,"24,800.00"
2019-09-17,2019091701006555,UPPER,41,50,"1,000",248.00,"248,000.00"
2019-09-17,2019091701006554,UPPER,41,54,216,247.00,"53,352.00"
2019-09-17,2019091701006553,UPPER,41,33,100,247.00,"24,700.00"
2019-09-17,2019091701006552,UPPER,41,58,50,247.00,"12,350.00"
2019-09-17,2019091701006551,UPPER,41,43,100,246.00,"24,600.00"
2019-09-17,2019091701006206,UPPER,41,48,500,242.00,"121,000.00"
2019-09-17,2019091701006205,UPPER,41,44,423,242.00,"102,366.00"
2019-09-17,2019091701006204,UPPER,41,44,200,242.00,"48,400.00"
2019-09-17,2019091701006203,UPPER,41,37,293,242.00,"70,906.00"
2019-09-17,2019091701006156,UPPER,26,1,700,241.00,"168,700.00"
2019-09-17,2019091701006155,UPPER,26,1,100,241.00,"24,100.00"
2019-09-17,2019091701006277,UPPER,41,1,10,244.00,"2,440.00"
2019-09-17,2019091701006216,UPPER,26,22,500,244.00,"122,000.00"
2019-09-17,2019091701006215,UPPER,26,6,200,244.00,"48,800.00"
2019-09-17,2019091701006209,UPPER,41,42,100,243.00,"24,300.00"
2019-09-17,2019091701006208,UPPER,41,50,200,243.00,"48,600.00"
2019-09-17,2019091701006207,UPPER,41,33,500,243.00,"121,500.00"
2019-09-17,2019091701006283,UPPER,41,1,50,244.00,"12,200.00"
2019-09-17,2019091701006282,UPPER,41,1,40,244.00,"9,760.00"
2019-09-17,2019091701006281,UPPER,41,1,40,244.00,"9,760.00"
2019-09-17,2019091701006280,UPPER,41,1,40,244.00,"9,760.00"
2019-09-17,2019091701006279,UPPER,41,1,10,244.00,"2,440.00"
2019-09-17,2019091701006278,UPPER,41,1,50,244.00,"12,200.00"
2019-09-17,2019091701006288,UPPER,41,16,40,245.00,"9,800.00"
2019-09-17,2019091701006287,UPPER,41,45,22,245.00,"5,390.00"
2019-09-17,2019091701006286,UPPER,41,45,"1,000",245.00,"245,000.00"
2019-09-17,2019091701006285,UPPER,41,39,80,244.00,"19,520.00"
2019-09-17,2019091701006284,UPPER,41,1,50,244.00,"12,200.00"
2019-09-17,2019091701006499,VLBS,55,4,13,525.00,"6,825.00"
2019-09-17,2019091701005973,ADBL,45,25,339,417.00,"141,363.00"
2019-09-17,2019091701005971,ADBL,39,43,82,416.00,"34,112.00"
2019-09-17,2019091701005822,ADBL,39,33,500,416.00,"208,000.00"
2019-09-17,2019091701005805,ADBL,16,46,500,416.00,"208,000.00"
2019-09-17,2019091701005804,ADBL,16,50,20,416.00,"8,320.00"
2019-09-17,2019091701005803,ADBL,16,33,34,416.00,"14,144.00"
2019-09-17,2019091701005642,ADBL,44,32,50,415.00,"20,750.00"
2019-09-17,2019091701005641,ADBL,44,47,100,415.00,"41,500.00"
2019-09-17,2019091701005685,AHPC,34,55,10,98.00,980.00
2019-09-17,2019091701005783,AKBSL,21,13,10,415.00,"4,150.00"
2019-09-17,2019091701005664,AKBSL,52,33,170,420.00,"71,400.00"
2019-09-17,2019091701005647,AKBSL,52,42,330,420.00,"138,600.00"
2019-09-17,2019091701005646,AKBSL,41,42,80,420.00,"33,600.00"
2019-09-17,2019091701005645,AKBSL,34,42,30,420.00,"12,600.00"
2019-09-17,2019091701005644,AKBSL,57,42,10,420.00,"4,200.00"
2019-09-17,2019091701005643,AKBSL,34,42,50,420.00,"21,000.00"
2019-09-17,2019091701005668,ALBSL,55,58,10,430.00,"4,300.00"
2019-09-17,2019091701005667,ALBSL,55,45,10,428.00,"4,280.00"
2019-09-17,2019091701005666,ALBSL,55,29,10,425.00,"4,250.00"
2019-09-17,2019091701006058,ALICL,33,28,50,311.00,"15,550.00"
2019-09-17,2019091701005970,ALICL,50,25,200,314.00,"62,800.00"
2019-09-17,2019091701005969,ALICL,50,6,32,314.00,"10,048.00"
2019-09-17,2019091701005709,ALICL,58,45,82,308.00,"25,256.00"
2019-09-17,2019091701005708,ALICL,58,45,320,309.00,"98,880.00"
2019-09-17,2019091701005707,ALICL,35,45,57,309.00,"17,613.00"
2019-09-17,2019091701005706,ALICL,34,45,11,309.00,"3,399.00"
2019-09-17,2019091701005705,ALICL,58,45,200,310.00,"62,000.00"
2019-09-17,2019091701005704,ALICL,36,45,50,310.00,"15,500.00"
2019-09-17,2019091701005856,API,25,29,56,114.00,"6,384.00"
2019-09-17,2019091701006120,BARUN,56,57,10,87.00,870.00
2019-09-17,2019091701006108,BARUN,56,56,10,86.00,860.00
2019-09-17,2019091701006072,BARUN,56,56,10,85.00,850.00
2019-09-17,2019091701006036,BFC,21,33,335,88.00,"29,480.00"
2019-09-17,2019091701005671,BFC,58,33,40,87.00,"3,480.00"
2019-09-17,2019091701005670,BFC,51,33,200,87.00,"17,400.00"
2019-09-17,2019091701005669,BFC,44,33,50,88.00,"4,400.00"
2019-09-17,2019091701005991,BOKL,58,43,20,256.00,"5,120.00"
2019-09-17,2019091701005974,BOKL,11,43,150,256.00,"38,400.00"
2019-09-17,2019091701006111,BPCL,22,22,11,367.00,"4,037.00"
2019-09-17,2019091701005721,CBBL,33,51,80,969.00,"77,520.00"
2019-09-17,2019091701006091,CBL,42,14,200,146.00,"29,200.00"
2019-09-17,2019091701006090,CBL,42,17,300,146.00,"43,800.00"
2019-09-17,2019091701006013,CBL,33,45,200,145.00,"29,000.00"
2019-09-17,2019091701005651,CBL,29,36,63,144.00,"9,072.00"
2019-09-17,2019091701005988,CCBL,16,46,100,158.00,"15,800.00"
2019-09-17,2019091701005987,CCBL,36,46,100,158.00,"15,800.00"
2019-09-17,2019091701006101,CHCL,49,26,717,428.00,"306,876.00"
2019-09-17,2019091701006100,CHCL,49,34,53,427.00,"22,631.00"
2019-09-17,2019091701006099,CHCL,49,34,30,427.00,"12,810.00"
2019-09-17,2019091701006098,CHCL,49,55,200,427.00,"85,400.00"
2019-09-17,2019091701005800,CHCL,21,55,409,424.00,"173,416.00"
2019-09-17,2019091701005787,CHCL,45,55,100,425.00,"42,500.00"
2019-09-17,2019091701005786,CHCL,40,55,10,425.00,"4,250.00"
2019-09-17,2019091701005806,CHL,41,50,50,82.00,"4,100.00"
2019-09-17,2019091701006048,CIT,48,49,200,"1,792.00","358,400.00"
2019-09-17,2019091701006047,CIT,48,40,50,"1,791.00","89,550.00"
2019-09-17,2019091701006046,CIT,48,53,100,"1,790.00","179,000.00"
2019-09-17,2019091701005768,CLBSL,45,11,10,499.00,"4,990.00"
2019-09-17,2019091701006112,CZBIL,56,58,150,199.00,"29,850.00"
2019-09-17,2019091701005989,CZBIL,36,58,50,199.00,"9,950.00"
2019-09-17,2019091701005910,CZBIL,46,58,100,199.00,"19,900.00"
2019-09-17,2019091701005734,CZBIL,49,58,53,199.00,"10,547.00"
2019-09-17,2019091701005733,CZBIL,49,1,947,199.00,"188,453.00"
2019-09-17,2019091701005694,DBBL,34,38,154,128.00,"19,712.00"
2019-09-17,2019091701005693,DBBL,34,46,100,128.00,"12,800.00"
2019-09-17,2019091701006057,EBL,40,45,70,570.00,"39,900.00"
2019-09-17,2019091701006056,EBL,40,50,30,570.00,"17,100.00"
2019-09-17,2019091701006055,EBL,6,50,70,570.00,"39,900.00"
2019-09-17,2019091701006054,EBL,6,29,100,570.00,"57,000.00"
2019-09-17,2019091701006053,EBL,6,57,100,570.00,"57,000.00"
2019-09-17,2019091701006052,EBL,6,34,40,570.00,"22,800.00"
2019-09-17,2019091701005698,EBL,58,4,87,564.00,"49,068.00"
2019-09-17,2019091701005697,EBL,58,17,100,564.00,"56,400.00"
2019-09-17,2019091701005695,EBL,5,57,100,563.00,"56,300.00"
2019-09-17,2019091701005782,EBL,40,41,20,563.00,"11,260.00"
2019-09-17,2019091701005735,EBL,58,4,30,565.00,"16,950.00"
2019-09-17,2019091701005702,EBL,58,4,150,565.00,"84,750.00"
2019-09-17,2019091701005701,EBL,58,4,375,565.00,"211,875.00"
2019-09-17,2019091701005700,EBL,58,50,300,565.00,"169,500.00"
2019-09-17,2019091701005699,EBL,58,4,488,564.00,"275,232.00"
2019-09-17,2019091701006000,EBL,6,57,100,569.00,"56,900.00"
2019-09-17,2019091701005928,EBL,22,44,30,568.00,"17,040.00"
2019-09-17,2019091701005923,EBL,6,44,160,568.00,"90,880.00"
2019-09-17,2019091701005922,EBL,6,57,100,567.00,"56,700.00"
2019-09-17,2019091701005921,EBL,6,14,40,566.00,"22,640.00"
2019-09-17,2019091701005905,EBL,42,4,152,565.00,"85,880.00"
2019-09-17,2019091701005999,EDBL,36,52,100,268.00,"26,800.00"
2019-09-17,2019091701006049,EIC,19,26,200,265.00,"53,000.00"
2019-09-17,2019091701006002,EIC,22,57,100,265.00,"26,500.00"
2019-09-17,2019091701005840,FMDBL,58,4,40,374.00,"14,960.00"
2019-09-17,2019091701005741,FOWAD,44,32,125,"1,268.00","158,500.00"
2019-09-17,2019091701005740,FOWAD,44,48,100,"1,265.00","126,500.00"
2019-09-17,2019091701005636,FOWAD,33,6,19,"1,264.00","24,016.00"
2019-09-17,2019091701006125,GBBL,58,58,535,212.00,"113,420.00"
2019-09-17,2019091701005877,GBBL,38,33,132,211.00,"27,852.00"
2019-09-17,2019091701005876,GBBL,38,22,150,211.00,"31,650.00"
2019-09-17,2019091701005819,GBBL,39,22,100,211.00,"21,100.00"
2019-09-17,2019091701005812,GBBL,39,40,100,211.00,"21,100.00"
2019-09-17,2019091701005801,GBBL,39,40,100,211.00,"21,100.00"
2019-09-17,2019091701005846,GBLBS,44,38,200,329.00,"65,800.00"
2019-09-17,2019091701005845,GBLBS,44,52,300,329.00,"98,700.00"
2019-09-17,2019091701005838,GBLBS,44,57,125,328.00,"41,000.00"
2019-09-17,2019091701005837,GBLBS,44,44,45,328.00,"14,760.00"
2019-09-17,2019091701005836,GBLBS,44,25,500,328.00,"164,000.00"
2019-09-17,2019091701005835,GBLBS,44,51,"1,000",327.00,"327,000.00"
2019-09-17,2019091701005834,GBLBS,44,1,100,327.00,"32,700.00"
2019-09-17,2019091701005833,GBLBS,44,38,300,326.00,"97,800.00"
2019-09-17,2019091701005903,GDBL,38,49,"1,000",209.00,"209,000.00"
2019-09-17,2019091701005895,GILB,42,11,42,700.00,"29,400.00"
2019-09-17,2019091701006035,GLICL,38,56,52,364.00,"18,928.00"
2019-09-17,2019091701005915,GLICL,42,38,20,358.00,"7,160.00"
2019-09-17,2019091701005677,GMFIL,43,58,10,119.00,"1,190.00"
2019-09-17,2019091701005674,HBL,49,6,200,503.00,"100,600.00"
2019-09-17,2019091701005990,HDL,5,25,20,"1,479.00","29,580.00"
2019-09-17,2019091701006043,HIDCL,5,16,61,137.00,"8,357.00"
2019-09-17,2019091701005881,HIDCL,45,56,109,136.00,"14,824.00"
2019-09-17,2019091701005657,HURJA,11,22,76,112.00,"8,512.00"
2019-09-17,2019091701005649,HURJA,11,22,100,110.00,"11,000.00"
2019-09-17,2019091701005648,HURJA,11,34,20,110.00,"2,200.00"
2019-09-17,2019091701005634,HURJA,11,25,20,108.00,"2,160.00"
2019-09-17,2019091701005941,ICFC,57,58,437,156.00,"68,172.00"
2019-09-17,2019091701005898,ILBS,34,50,10,435.00,"4,350.00"
2019-09-17,2019091701005897,ILBS,34,34,10,435.00,"4,350.00"
2019-09-17,2019091701005896,ILBS,34,41,10,435.00,"4,350.00"
2019-09-17,2019091701005785,ILBS,11,8,10,429.00,"4,290.00"
2019-09-17,2019091701005748,ILBS,8,45,10,430.00,"4,300.00"
2019-09-17,2019091701005744,JBBL,26,6,564,159.00,"89,676.00"
2019-09-17,2019091701005743,JBBL,26,1,100,159.00,"15,900.00"
2019-09-17,2019091701005633,JBBL,32,1,281,158.00,"44,398.00"
2019-09-17,2019091701005632,JBBL,48,1,219,158.00,"34,602.00"
2019-09-17,2019091701006081,JOSHI,37,37,20,61.00,"1,220.00"
2019-09-17,2019091701005814,JOSHI,25,57,10,60.00,600.00
2019-09-17,2019091701005813,JOSHI,42,57,10,61.00,610.00
2019-09-17,2019091701006119,KBL,42,44,300,184.00,"55,200.00"
2019-09-17,2019091701006118,KBL,42,42,200,183.00,"36,600.00"
2019-09-17,2019091701005852,KBL,36,11,100,183.00,"18,300.00"
2019-09-17,2019091701005851,KBL,36,35,200,183.00,"36,600.00"
2019-09-17,2019091701005850,KBL,36,50,121,183.00,"22,143.00"
2019-09-17,2019091701005849,KBL,36,35,200,183.00,"36,600.00"
2019-09-17,2019091701005650,KBL,35,16,50,182.00,"9,100.00"
2019-09-17,2019091701005848,KBL,36,43,"1,000",183.00,"183,000.00"
2019-09-17,2019091701005847,KBL,36,49,"1,430",183.00,"261,690.00"
2019-09-17,2019091701005724,KBL,45,49,20,183.00,"3,660.00"
2019-09-17,2019091701005723,KBL,45,32,200,182.00,"36,400.00"
2019-09-17,2019091701005722,KBL,45,16,780,182.00,"141,960.00"
2019-09-17,2019091701005689,KBL,11,16,20,182.00,"3,640.00"
2019-09-17,2019091701006122,LBBL,35,56,200,174.00,"34,800.00"
2019-09-17,2019091701006121,LBBL,35,56,110,174.00,"19,140.00"
2019-09-17,2019091701005926,LBL,45,4,69,214.00,"14,766.00"
2019-09-17,2019091701005925,LBL,45,57,200,214.00,"42,800.00"
2019-09-17,2019091701005924,LBL,45,16,361,214.00,"77,254.00"
2019-09-17,2019091701005683,LBL,36,34,55,213.00,"11,715.00"
2019-09-17,2019091701005682,LBL,36,16,"1,000",213.00,"213,000.00"
2019-09-17,2019091701005899,LGIL,58,44,30,362.00,"10,860.00"
2019-09-17,2019091701005832,LICN,25,40,10,"1,009.00","10,090.00"
2019-09-17,2019091701005817,LICN,25,25,10,995.00,"9,950.00"
2019-09-17,2019091701005993,MBL,18,35,208,250.00,"52,000.00"
2019-09-17,2019091701005992,MBL,18,34,130,250.00,"32,500.00"
2019-09-17,2019091701005983,MBL,58,34,20,250.00,"5,000.00"
2019-09-17,2019091701005811,MDB,18,4,59,244.00,"14,396.00"
2019-09-17,2019091701005784,MEGA,26,49,400,196.00,"78,400.00"
2019-09-17,2019091701005830,MEGA,34,56,200,196.00,"39,200.00"
2019-09-17,2019091701005829,MEGA,34,36,100,196.00,"19,600.00"
2019-09-17,2019091701005828,MEGA,34,25,500,196.00,"98,000.00"
2019-09-17,2019091701005827,MEGA,34,49,600,196.00,"117,600.00"
2019-09-17,2019091701006124,MERO,17,10,"1,000",553.00,"553,000.00"
2019-09-17,2019091701006063,MNBBL,55,44,100,308.00,"30,800.00"
2019-09-17,2019091701006017,MNBBL,32,35,49,307.00,"15,043.00"
2019-09-17,2019091701005981,MNBBL,11,35,50,307.00,"15,350.00"
2019-09-17,2019091701005692,MNBBL,45,51,30,306.00,"9,180.00"
2019-09-17,2019091701006097,MSMBS,32,39,10,462.00,"4,620.00"
2019-09-17,2019091701006096,MSMBS,32,4,11,455.00,"5,005.00"
2019-09-17,2019091701005966,NABIL,58,44,20,758.00,"15,160.00"
2019-09-17,2019091701005907,NABIL,42,32,54,757.00,"40,878.00"
2019-09-17,2019091701005906,NABIL,22,32,10,757.00,"7,570.00"
2019-09-17,2019091701005688,NABIL,55,13,70,755.00,"52,850.00"
2019-09-17,2019091701005807,NBB,34,34,480,211.00,"101,280.00"
2019-09-17,2019091701005726,NBB,11,34,20,211.00,"4,220.00"
2019-09-17,2019091701006117,NBL,50,49,810,315.00,"255,150.00"
2019-09-17,2019091701006095,NBL,42,49,500,315.00,"157,500.00"
2019-09-17,2019091701005995,NBL,14,49,100,315.00,"31,500.00"
2019-09-17,2019091701005942,NBL,49,49,100,315.00,"31,500.00"
2019-09-17,2019091701005809,NBL,7,49,10,315.00,"3,150.00"
2019-09-17,2019091701005796,NBL,36,49,19,315.00,"5,985.00"
2019-09-17,2019091701006073,NCCB,19,32,200,198.00,"39,600.00"
2019-09-17,2019091701005789,NCCB,26,32,300,198.00,"59,400.00"
2019-09-17,2019091701005675,NCCB,48,32,500,198.00,"99,000.00"
2019-09-17,2019091701006110,NIB,42,44,115,440.00,"50,600.00"
2019-09-17,2019091701006109,NIB,42,11,385,440.00,"169,400.00"
2019-09-17,2019091701005909,NIB,58,11,20,440.00,"8,800.00"
2019-09-17,2019091701005844,NIB,25,50,100,439.00,"43,900.00"
2019-09-17,2019091701005880,NIBPO,39,26,50,416.00,"20,800.00"
2019-09-17,2019091701005935,NIBSF1,41,51,"1,000",8.85,"8,850.00"
2019-09-17,2019091701006082,NICA,58,58,143,386.00,"55,198.00"
2019-09-17,2019091701006044,NICA,36,57,23,388.00,"8,924.00"
2019-09-17,2019091701006005,NICA,45,49,200,387.00,"77,400.00"
2019-09-17,2019091701006004,NICA,45,29,200,387.00,"77,400.00"
2019-09-17,2019091701006003,NICA,45,17,150,386.00,"57,900.00"
2019-09-17,2019091701005929,NICA,58,17,20,386.00,"7,720.00"
2019-09-17,2019091701005680,NICA,32,55,100,385.00,"38,500.00"
2019-09-17,2019091701005913,NICA,28,17,500,386.00,"193,000.00"
2019-09-17,2019091701005908,NICA,46,17,19,386.00,"7,334.00"
2019-09-17,2019091701005893,NICA,50,17,500,385.00,"192,500.00"
2019-09-17,2019091701005892,NICA,50,16,500,385.00,"192,500.00"
2019-09-17,2019091701005891,NICA,50,55,129,385.00,"49,665.00"
2019-09-17,2019091701005883,NICA,22,55,100,385.00,"38,500.00"
2019-09-17,2019091701005980,NICL,17,25,20,274.00,"5,480.00"
2019-09-17,2019091701005920,NIL,58,4,20,366.00,"7,320.00"
2019-09-17,2019091701005900,NIL,19,4,100,366.00,"36,600.00"
2019-09-17,2019091701006069,NLIC,48,42,85,762.00,"64,770.00"
2019-09-17,2019091701006068,NLIC,52,42,20,763.00,"15,260.00"
2019-09-17,2019091701006067,NLIC,41,42,25,764.00,"19,100.00"
2019-09-17,2019091701006066,NLIC,5,42,30,764.00,"22,920.00"
2019-09-17,2019091701005955,NLIC,42,28,150,765.00,"114,750.00"
2019-09-17,2019091701005954,NLIC,35,28,50,765.00,"38,250.00"
2019-09-17,2019091701005764,NLIC,42,6,22,767.00,"16,874.00"
2019-09-17,2019091701005763,NLIC,42,28,390,765.00,"298,350.00"
2019-09-17,2019091701005762,NLIC,42,4,50,764.00,"38,200.00"
2019-09-17,2019091701005761,NLIC,42,4,50,764.00,"38,200.00"
2019-09-17,2019091701005760,NLIC,42,4,100,764.00,"76,400.00"
2019-09-17,2019091701005759,NLIC,42,4,38,764.00,"29,032.00"
2019-09-17,2019091701005953,NLIC,11,28,50,765.00,"38,250.00"
2019-09-17,2019091701005917,NLIC,41,4,20,769.00,"15,380.00"
2019-09-17,2019091701005914,NLIC,22,4,10,769.00,"7,690.00"
2019-09-17,2019091701005767,NLIC,42,28,350,770.00,"269,500.00"
2019-09-17,2019091701005766,NLIC,42,28,500,769.00,"384,500.00"
2019-09-17,2019091701005765,NLIC,42,44,500,767.00,"383,500.00"
2019-09-17,2019091701005736,NLICL,42,20,18,473.00,"8,514.00"
2019-09-17,2019091701006092,NMBMF,38,1,100,"1,060.00","106,000.00"
2019-09-17,2019091701006087,NMBMF,38,32,25,"1,049.00","26,225.00"
2019-09-17,2019091701006086,NMBMF,38,5,41,"1,040.00","42,640.00"
2019-09-17,2019091701005842,NMBMF,38,55,40,"1,030.00","41,200.00"
2019-09-17,2019091701005985,NMFBS,49,42,50,"1,520.00","76,000.00"
2019-09-17,2019091701005717,NMFBS,58,32,63,"1,535.00","96,705.00"
2019-09-17,2019091701005716,NMFBS,58,25,25,"1,530.00","38,250.00"
2019-09-17,2019091701005715,NMFBS,58,48,50,"1,530.00","76,500.00"
2019-09-17,2019091701005713,NNLB,38,34,152,436.00,"66,272.00"
2019-09-17,2019091701005712,NNLB,38,33,180,434.00,"78,120.00"
2019-09-17,2019091701005711,NNLB,38,7,42,433.00,"18,186.00"
2019-09-17,2019091701005710,NNLB,38,6,42,432.00,"18,144.00"
2019-09-17,2019091701005946,NSEWA,51,25,10,390.00,"3,900.00"
2019-09-17,2019091701005945,NSEWA,51,34,40,389.00,"15,560.00"
2019-09-17,2019091701005859,NSEWA,55,34,100,389.00,"38,900.00"
2019-09-17,2019091701005772,NSEWA,58,34,50,389.00,"19,450.00"
2019-09-17,2019091701005750,NSEWA,32,34,30,389.00,"11,670.00"
2019-09-17,2019091701005749,NSEWA,11,34,20,389.00,"7,780.00"
2019-09-17,2019091701005996,NTC,49,38,10,629.00,"6,290.00"
2019-09-17,2019091701005781,OHL,49,33,100,520.00,"52,000.00"
2019-09-17,2019091701005943,OHL,58,33,20,525.00,"10,500.00"
2019-09-17,2019091701006061,PCBL,19,33,50,265.00,"13,250.00"
2019-09-17,2019091701006060,PCBL,19,55,100,265.00,"26,500.00"
2019-09-17,2019091701005964,PCBL,21,17,881,264.00,"232,584.00"
2019-09-17,2019091701005714,PCBL,11,17,19,264.00,"5,016.00"
2019-09-17,2019091701006078,PIC,38,8,10,392.00,"3,920.00"
2019-09-17,2019091701005858,PIC,58,20,20,385.00,"7,700.00"
2019-09-17,2019091701005818,PIC,38,20,23,385.00,"8,855.00"
2019-09-17,2019091701005788,PIC,38,8,10,385.00,"3,850.00"
2019-09-17,2019091701005773,PIC,38,8,10,380.00,"3,800.00"
2019-09-17,2019091701005756,PIC,38,6,250,378.00,"94,500.00"
2019-09-17,2019091701005755,PIC,38,45,317,378.00,"119,826.00"
2019-09-17,2019091701005745,PIC,38,8,10,373.00,"3,730.00"
2019-09-17,2019091701006050,PICL,10,55,10,432.00,"4,320.00"
2019-09-17,2019091701006064,PLIC,33,42,27,320.00,"8,640.00"
2019-09-17,2019091701006039,PLIC,39,42,13,320.00,"4,160.00"
2019-09-17,2019091701005919,PLIC,25,42,60,320.00,"19,200.00"
2019-09-17,2019091701005944,PPCL,3,43,10,92.00,920.00
2019-09-17,2019091701005901,PPCL,3,43,10,92.00,920.00
2019-09-17,2019091701005843,PPCL,3,43,10,92.00,920.00
2019-09-17,2019091701005778,PPCL,3,3,10,92.00,920.00
2019-09-17,2019091701005862,PRIN,58,57,50,306.00,"15,300.00"
2019-09-17,2019091701005816,PRIN,32,35,100,304.00,"30,400.00"
2019-09-17,2019091701005758,PRIN,21,57,80,303.00,"24,240.00"
2019-09-17,2019091701005637,PRIN,49,57,84,302.00,"25,368.00"
2019-09-17,2019091701006129,PRVU,36,5,800,260.00,"208,000.00"
2019-09-17,2019091701006128,PRVU,52,5,200,260.00,"52,000.00"
2019-09-17,2019091701006127,PRVU,25,5,200,260.00,"52,000.00"
2019-09-17,2019091701006126,PRVU,6,5,300,260.00,"78,000.00"
2019-09-17,2019091701006113,PRVU,34,5,600,261.00,"156,600.00"
2019-09-17,2019091701006107,PRVU,34,5,400,261.00,"104,400.00"
2019-09-17,2019091701005725,PRVU,46,34,23,262.00,"6,026.00"
2019-09-17,2019091701005686,PRVU,40,6,200,261.00,"52,200.00"
2019-09-17,2019091701005860,PRVU,22,56,30,264.00,"7,920.00"
2019-09-17,2019091701005841,PRVU,36,56,30,264.00,"7,920.00"
2019-09-17,2019091701005826,PRVU,10,43,23,262.00,"6,026.00"
2019-09-17,2019091701005825,PRVU,10,34,"3,977",262.00,"1,041,974.00"
2019-09-17,2019091701005771,PRVU,40,34,"1,000",262.00,"262,000.00"
2019-09-17,2019091701006079,PRVU,35,28,750,262.00,"196,500.00"
2019-09-17,2019091701005951,PRVU,58,33,15,264.00,"3,960.00"
2019-09-17,2019091701005950,PRVU,58,35,35,264.00,"9,240.00"
2019-09-17,2019091701005861,PRVU,22,35,20,264.00,"5,280.00"
2019-09-17,2019091701006106,PRVU,38,5,500,261.00,"130,500.00"
2019-09-17,2019091701006105,PRVU,34,5,300,261.00,"78,300.00"
2019-09-17,2019091701006104,PRVU,58,5,300,261.00,"78,300.00"
2019-09-17,2019091701006094,PRVU,58,5,"1,200",261.00,"313,200.00"
2019-09-17,2019091701006093,PRVU,40,5,300,261.00,"78,300.00"
2019-09-17,2019091701006080,PRVU,40,28,500,262.00,"131,000.00"
2019-09-17,2019091701006012,RADHI,54,19,500,139.00,"69,500.00"
2019-09-17,2019091701006011,RADHI,54,22,11,139.00,"1,529.00"
2019-09-17,2019091701006010,RADHI,54,47,28,139.00,"3,892.00"
2019-09-17,2019091701006009,RADHI,54,58,20,138.00,"2,760.00"
2019-09-17,2019091701006008,RADHI,54,29,13,137.00,"1,781.00"
2019-09-17,2019091701006007,RADHI,54,45,35,135.00,"4,725.00"
2019-09-17,2019091701006006,RADHI,54,36,11,135.00,"1,485.00"
2019-09-17,2019091701005982,RBCL,36,19,10,"8,830.00","88,300.00"
2019-09-17,2019091701006084,RBCLPO,59,49,10,"7,536.00","75,360.00"
2019-09-17,2019091701006089,RHPL,6,44,10,161.00,"1,610.00"
2019-09-17,2019091701006088,RHPL,45,44,30,161.00,"4,830.00"
2019-09-17,2019091701006062,RHPL,45,58,10,161.00,"1,610.00"
2019-09-17,2019091701006059,RHPL,45,44,40,161.00,"6,440.00"
2019-09-17,2019091701006038,RHPL,45,44,40,161.00,"6,440.00"
2019-09-17,2019091701006034,RHPL,45,13,40,161.00,"6,440.00"
2019-09-17,2019091701005655,RHPL,45,44,40,158.00,"6,320.00"
2019-09-17,2019091701005654,RHPL,35,10,40,157.00,"6,280.00"
2019-09-17,2019091701005690,RHPL,13,44,40,158.00,"6,320.00"
2019-09-17,2019091701005687,RHPL,20,44,100,159.00,"15,900.00"
2019-09-17,2019091701005681,RHPL,13,8,10,158.00,"1,580.00"
2019-09-17,2019091701005679,RHPL,13,10,40,158.00,"6,320.00"
2019-09-17,2019091701005676,RHPL,13,44,40,158.00,"6,320.00"
2019-09-17,2019091701005663,RHPL,35,10,30,157.00,"4,710.00"
2019-09-17,2019091701005777,RHPL,25,44,10,159.00,"1,590.00"
2019-09-17,2019091701005776,RHPL,25,44,40,159.00,"6,360.00"
2019-09-17,2019091701005731,RHPL,25,44,40,159.00,"6,360.00"
2019-09-17,2019091701005730,RHPL,25,44,40,159.00,"6,360.00"
2019-09-17,2019091701005729,RHPL,25,44,320,159.00,"50,880.00"
2019-09-17,2019091701005718,RHPL,13,44,40,158.00,"6,320.00"
2019-09-17,2019091701005857,RHPL,53,44,40,159.00,"6,360.00"
2019-09-17,2019091701005855,RHPL,56,44,40,159.00,"6,360.00"
2019-09-17,2019091701005854,RHPL,56,44,30,159.00,"4,770.00"
2019-09-17,2019091701005831,RHPL,7,43,40,158.00,"6,320.00"
2019-09-17,2019091701005824,RHPL,7,44,10,158.00,"1,580.00"
2019-09-17,2019091701005823,RHPL,13,44,30,158.00,"4,740.00"
2019-09-17,2019091701005888,RHPL,7,19,40,160.00,"6,400.00"
2019-09-17,2019091701005887,RHPL,7,19,40,160.00,"6,400.00"
2019-09-17,2019091701005886,RHPL,7,19,40,160.00,"6,400.00"
2019-09-17,2019091701005885,RHPL,7,19,20,160.00,"3,200.00"
2019-09-17,2019091701005884,RHPL,7,19,40,160.00,"6,400.00"
2019-09-17,2019091701005882,RHPL,53,43,40,159.00,"6,360.00"
2019-09-17,2019091701005937,RHPL,45,55,40,161.00,"6,440.00"
2019-09-17,2019091701005930,RHPL,7,43,50,160.00,"8,000.00"
2019-09-17,2019091701005912,RHPL,7,44,40,160.00,"6,400.00"
2019-09-17,2019091701005904,RHPL,7,10,50,160.00,"8,000.00"
2019-09-17,2019091701005890,RHPL,7,19,50,160.00,"8,000.00"
2019-09-17,2019091701005889,RHPL,7,19,40,160.00,"6,400.00"
2019-09-17,2019091701005986,RHPL,45,13,40,161.00,"6,440.00"
2019-09-17,2019091701005984,RHPL,45,44,40,161.00,"6,440.00"
2019-09-17,2019091701005957,RHPL,45,44,40,161.00,"6,440.00"
2019-09-17,2019091701005940,RHPL,45,40,100,161.00,"16,100.00"
2019-09-17,2019091701005939,RHPL,45,44,40,161.00,"6,440.00"
2019-09-17,2019091701005938,RHPL,45,55,40,161.00,"6,440.00"
2019-09-17,2019091701005968,RMDC,26,50,59,635.00,"37,465.00"
2019-09-17,2019091701005810,RMDC,59,55,51,630.00,"32,130.00"
2019-09-17,2019091701006065,RSDC,33,33,2,334.00,668.00
2019-09-17,2019091701005732,RSDC,33,33,2,334.00,668.00
2019-09-17,2019091701005972,SANIMA,58,18,20,353.00,"7,060.00"
2019-09-17,2019091701005962,SANIMA,58,35,35,352.00,"12,320.00"
2019-09-17,2019091701005961,SANIMA,58,14,500,352.00,"176,000.00"
2019-09-17,2019091701005960,SANIMA,58,46,23,352.00,"8,096.00"
2019-09-17,2019091701005959,SANIMA,58,17,"1,441",352.00,"507,232.00"
2019-09-17,2019091701005958,SANIMA,58,56,14,352.00,"4,928.00"
2019-09-17,2019091701005927,SANIMA,11,56,200,352.00,"70,400.00"
2019-09-17,2019091701005774,SANIMA,44,13,100,351.00,"35,100.00"
2019-09-17,2019091701005703,SANIMA,11,56,20,352.00,"7,040.00"
2019-09-17,2019091701006001,SBI,58,4,20,422.00,"8,440.00"
2019-09-17,2019091701005640,SBI,11,36,47,421.00,"19,787.00"
2019-09-17,2019091701005639,SBI,11,40,33,421.00,"13,893.00"
2019-09-17,2019091701005638,SBI,11,48,20,420.00,"8,400.00"
2019-09-17,2019091701006051,SBL,11,49,50,326.00,"16,300.00"
2019-09-17,2019091701006041,SBL,44,49,200,326.00,"65,200.00"
2019-09-17,2019091701006015,SBL,45,49,200,326.00,"65,200.00"
2019-09-17,2019091701006014,SBL,28,49,290,326.00,"94,540.00"
2019-09-17,2019091701005994,SBL,26,44,300,327.00,"98,100.00"
2019-09-17,2019091701005902,SBL,34,44,200,327.00,"65,400.00"
2019-09-17,2019091701005820,SBL,41,44,100,327.00,"32,700.00"
2019-09-17,2019091701005815,SBL,49,44,100,327.00,"32,700.00"
2019-09-17,2019091701005799,SBL,28,37,45,326.00,"14,670.00"
2019-09-17,2019091701005798,SBL,28,4,25,326.00,"8,150.00"
2019-09-17,2019091701005797,SBL,28,49,640,326.00,"208,640.00"
2019-09-17,2019091701005779,SBL,39,49,20,326.00,"6,520.00"
2019-09-17,2019091701006116,SCB,6,41,460,569.00,"261,740.00"
2019-09-17,2019091701006115,SCB,38,41,50,569.00,"28,450.00"
2019-09-17,2019091701006114,SCB,6,41,50,569.00,"28,450.00"
2019-09-17,2019091701005747,SCB,6,57,50,569.00,"28,450.00"
2019-09-17,2019091701005720,SCB,45,57,20,569.00,"11,380.00"
2019-09-17,2019091701005719,SCB,42,57,30,569.00,"17,070.00"
2019-09-17,2019091701005802,SFFIL,22,58,10,254.00,"2,540.00"
2019-09-17,2019091701005672,SFFIL,54,22,10,237.00,"2,370.00"
2019-09-17,2019091701006085,SHIVM,58,10,200,530.00,"106,000.00"
2019-09-17,2019091701005977,SHIVM,39,35,200,532.00,"106,400.00"
2019-09-17,2019091701005976,SHIVM,39,35,100,530.00,"53,000.00"
2019-09-17,2019091701005975,SHIVM,39,22,165,530.00,"87,450.00"
2019-09-17,2019091701005956,SHIVM,3,22,100,530.00,"53,000.00"
2019-09-17,2019091701005659,SHIVM,39,41,100,519.00,"51,900.00"
2019-09-17,2019091701005775,SHIVM,45,5,500,521.00,"260,500.00"
2019-09-17,2019091701005770,SHIVM,50,22,200,520.00,"104,000.00"
2019-09-17,2019091701005769,SHIVM,50,46,50,520.00,"26,000.00"
2019-09-17,2019091701005738,SHIVM,39,4,344,520.00,"178,880.00"
2019-09-17,2019091701005737,SHIVM,39,16,50,520.00,"26,000.00"
2019-09-17,2019091701005660,SHIVM,39,29,500,519.00,"259,500.00"
2019-09-17,2019091701005795,SHIVM,39,43,200,523.00,"104,600.00"
2019-09-17,2019091701005794,SHIVM,39,39,30,523.00,"15,690.00"
2019-09-17,2019091701005793,SHIVM,39,22,300,522.00,"156,600.00"
2019-09-17,2019091701005792,SHIVM,39,45,200,522.00,"104,400.00"
2019-09-17,2019091701005791,SHIVM,39,48,100,522.00,"52,200.00"
2019-09-17,2019091701005790,SHIVM,39,45,200,522.00,"104,400.00"
2019-09-17,2019091701005869,SHIVM,58,33,200,527.00,"105,400.00"
2019-09-17,2019091701005868,SHIVM,58,55,10,527.00,"5,270.00"
2019-09-17,2019091701005867,SHIVM,58,55,50,525.00,"26,250.00"
2019-09-17,2019091701005866,SHIVM,58,52,30,525.00,"15,750.00"
2019-09-17,2019091701005865,SHIVM,58,33,200,525.00,"105,000.00"
2019-09-17,2019091701005864,SHIVM,58,28,500,524.00,"262,000.00"
2019-09-17,2019091701005875,SHIVM,58,22,235,530.00,"124,550.00"
2019-09-17,2019091701005874,SHIVM,58,39,500,530.00,"265,000.00"
2019-09-17,2019091701005873,SHIVM,58,44,500,529.00,"264,500.00"
2019-09-17,2019091701005872,SHIVM,58,17,500,529.00,"264,500.00"
2019-09-17,2019091701005871,SHIVM,58,47,250,529.00,"132,250.00"
2019-09-17,2019091701005870,SHIVM,58,11,25,528.00,"13,200.00"
2019-09-17,2019091701005879,SIC,58,35,20,512.00,"10,240.00"
2019-09-17,2019091701005746,SIL,50,25,160,385.00,"61,600.00"
2019-09-17,2019091701006077,SJCL,57,32,300,172.00,"51,600.00"
2019-09-17,2019091701006076,SJCL,39,32,50,172.00,"8,600.00"
2019-09-17,2019091701006075,SJCL,39,58,10,172.00,"1,720.00"
2019-09-17,2019091701006074,SJCL,39,44,20,172.00,"3,440.00"
2019-09-17,2019091701006045,SJCL,39,44,20,172.00,"3,440.00"
2019-09-17,2019091701006040,SJCL,39,13,10,172.00,"1,720.00"
2019-09-17,2019091701005691,SJCL,34,8,20,172.00,"3,440.00"
2019-09-17,2019091701005684,SJCL,34,10,20,172.00,"3,440.00"
2019-09-17,2019091701005665,SJCL,34,10,20,172.00,"3,440.00"
2019-09-17,2019091701005656,SJCL,34,10,20,172.00,"3,440.00"
2019-09-17,2019091701005631,SJCL,34,10,20,172.00,"3,440.00"
2019-09-17,2019091701005630,SJCL,45,44,10,173.00,"1,730.00"
2019-09-17,2019091701005753,SJCL,39,25,110,172.00,"18,920.00"
2019-09-17,2019091701005752,SJCL,34,25,390,172.00,"67,080.00"
2019-09-17,2019091701005742,SJCL,34,10,20,172.00,"3,440.00"
2019-09-17,2019091701005728,SJCL,34,44,20,172.00,"3,440.00"
2019-09-17,2019091701005727,SJCL,34,10,20,172.00,"3,440.00"
2019-09-17,2019091701005696,SJCL,34,44,20,172.00,"3,440.00"
2019-09-17,2019091701005821,SJCL,39,43,20,172.00,"3,440.00"
2019-09-17,2019091701005808,SJCL,39,44,20,172.00,"3,440.00"
2019-09-17,2019091701005780,SJCL,39,44,20,172.00,"3,440.00"
2019-09-17,2019091701005757,SJCL,39,44,20,172.00,"3,440.00"
2019-09-17,2019091701005754,SJCL,39,10,20,172.00,"3,440.00"
2019-09-17,2019091701005863,SJCL,39,43,20,172.00,"3,440.00"
2019-09-17,2019091701005839,SJCL,39,44,20,172.00,"3,440.00"
2019-09-17,2019091701005997,SJCL,39,13,20,172.00,"3,440.00"
2019-09-17,2019091701005967,SJCL,39,44,10,172.00,"1,720.00"
2019-09-17,2019091701005936,SJCL,39,44,20,172.00,"3,440.00"
2019-09-17,2019091701005918,SJCL,39,43,20,172.00,"3,440.00"
2019-09-17,2019091701005911,SJCL,39,10,20,172.00,"3,440.00"
2019-09-17,2019091701005894,SJCL,39,44,10,172.00,"1,720.00"
2019-09-17,2019091701006022,SJCL,32,44,20,173.00,"3,460.00"
2019-09-17,2019091701006021,SJCL,32,1,20,173.00,"3,460.00"
2019-09-17,2019091701006020,SJCL,32,1,20,173.00,"3,460.00"
2019-09-17,2019091701006019,SJCL,32,1,20,173.00,"3,460.00"
2019-09-17,2019091701006018,SJCL,32,44,10,173.00,"1,730.00"
2019-09-17,2019091701005998,SJCL,39,44,20,172.00,"3,440.00"
2019-09-17,2019091701006028,SJCL,32,44,20,173.00,"3,460.00"
2019-09-17,2019091701006027,SJCL,32,1,20,173.00,"3,460.00"
2019-09-17,2019091701006026,SJCL,32,44,20,173.00,"3,460.00"
2019-09-17,2019091701006025,SJCL,32,1,20,173.00,"3,460.00"
2019-09-17,2019091701006024,SJCL,32,1,20,173.00,"3,460.00"
2019-09-17,2019091701006023,SJCL,32,1,10,173.00,"1,730.00"
2019-09-17,2019091701006037,SJCL,39,17,20,172.00,"3,440.00"
2019-09-17,2019091701006033,SJCL,32,44,20,173.00,"3,460.00"
2019-09-17,2019091701006032,SJCL,32,44,20,173.00,"3,460.00"
2019-09-17,2019091701006031,SJCL,32,44,20,173.00,"3,460.00"
2019-09-17,2019091701006030,SJCL,32,44,20,173.00,"3,460.00"
2019-09-17,2019091701006029,SJCL,32,44,20,173.00,"3,460.00"
2019-09-17,2019091701006103,SKBBL,5,41,10,930.00,"9,300.00"
2019-09-17,2019091701006102,SKBBL,26,41,10,931.00,"9,310.00"
2019-09-17,2019091701006016,SKBBL,5,55,19,945.00,"17,955.00"
2019-09-17,2019091701005949,SKBBL,5,47,11,944.00,"10,384.00"
2019-09-17,2019091701005948,SKBBL,5,4,100,935.00,"93,500.00"
2019-09-17,2019091701005947,SKBBL,5,32,15,934.00,"14,010.00"
2019-09-17,2019091701005916,SKBBL,5,49,55,930.00,"51,150.00"
2019-09-17,2019091701005751,SKBBL,5,47,25,929.00,"23,225.00"
2019-09-17,2019091701005979,SLBSL,42,37,10,678.00,"6,780.00"
2019-09-17,2019091701005978,SLBSL,42,17,50,678.00,"33,900.00"
2019-09-17,2019091701005653,SLBSL,19,7,10,665.00,"6,650.00"
2019-09-17,2019091701005652,SLBSL,19,52,15,665.00,"9,975.00"
2019-09-17,2019091701005952,SLICL,44,28,680,265.00,"180,200.00"
2019-09-17,2019091701005934,SLICL,42,28,200,265.00,"53,000.00"
2019-09-17,2019091701005933,SLICL,57,28,50,265.00,"13,250.00"
2019-09-17,2019091701005932,SLICL,28,28,50,265.00,"13,250.00"
2019-09-17,2019091701005931,SLICL,28,28,20,265.00,"5,300.00"
2019-09-17,2019091701005853,SMATA,36,41,19,"1,260.00","23,940.00"
2019-09-17,2019091701005635,SPARS,34,40,10,550.00,"5,500.00"
2019-09-17,2019091701005965,SPDL,45,56,10,65.00,650.00
2019-09-17,2019091701006071,SRBL,50,35,388,230.00,"89,240.00"
2019-09-17,2019091701006070,SRBL,50,19,34,230.00,"7,820.00"
2019-09-17,2019091701005678,SRBL,45,17,10,230.00,"2,300.00"
2019-09-17,2019091701005673,SRBL,25,53,257,229.00,"58,853.00"
2019-09-17,2019091701005658,SRBL,45,53,10,229.00,"2,290.00"
2019-09-17,2019091701006042,UIC,52,1,350,263.00,"92,050.00"
2019-09-17,2019091701005963,UIC,49,1,100,263.00,"26,300.00"
2019-09-17,2019091701006123,UPPER,26,25,100,241.00,"24,100.00"
2019-09-17,2019091701006083,UPPER,39,58,50,240.00,"12,000.00"
2019-09-17,2019091701005739,UPPER,54,45,100,240.00,"24,000.00"
2019-09-17,2019091701005662,UPPER,41,46,200,241.00,"48,200.00"
2019-09-17,2019091701005661,UPPER,41,59,110,241.00,"26,510.00"
2019-09-17,2019091701005878,VLBS,58,58,16,535.00,"8,560.00"
2019-09-17,2019091701005589,ADBL,45,44,227,414.00,"93,978.00"
2019-09-17,2019091701005582,ADBL,49,44,50,414.00,"20,700.00"
2019-09-17,2019091701005538,ADBL,32,44,200,414.00,"82,800.00"
2019-09-17,2019091701005515,ADBL,35,44,50,414.00,"20,700.00"
2019-09-17,2019091701005426,ADBL,6,44,20,414.00,"8,280.00"
2019-09-17,2019091701005311,ADBL,36,44,200,414.00,"82,800.00"
2019-09-17,2019091701005296,ADBL,11,44,100,414.00,"41,400.00"
2019-09-17,2019091701005475,AHPC,11,55,90,98.00,"8,820.00"
2019-09-17,2019091701005551,AKBSL,34,44,10,420.00,"4,200.00"
2019-09-17,2019091701005396,AKBSL,41,29,10,425.00,"4,250.00"
2019-09-17,2019091701005395,AKBSL,41,29,10,425.00,"4,250.00"
2019-09-17,2019091701005394,AKBSL,41,29,10,425.00,"4,250.00"
2019-09-17,2019091701005393,AKBSL,41,29,10,425.00,"4,250.00"
2019-09-17,2019091701005324,AKBSL,34,10,10,420.00,"4,200.00"
2019-09-17,2019091701005164,AKBSL,29,45,10,422.00,"4,220.00"
2019-09-17,2019091701005152,AKBSL,34,29,10,421.00,"4,210.00"
2019-09-17,2019091701005298,AKBSL,34,10,10,420.00,"4,200.00"
2019-09-17,2019091701005277,AKBSL,34,10,10,420.00,"4,200.00"
2019-09-17,2019091701005242,AKBSL,34,50,50,421.00,"21,050.00"
2019-09-17,2019091701005237,AKBSL,34,39,10,421.00,"4,210.00"
2019-09-17,2019091701005184,AKBSL,34,10,10,421.00,"4,210.00"
2019-09-17,2019091701005168,AKBSL,34,38,10,421.00,"4,210.00"
2019-09-17,2019091701005411,AKJCL,14,36,10,53.00,530.00
2019-09-17,2019091701005342,AKJCL,14,36,20,53.00,"1,060.00"
2019-09-17,2019091701005608,AKPL,41,25,"1,000",137.00,"137,000.00"
2019-09-17,2019091701005607,AKPL,41,32,10,137.00,"1,370.00"
2019-09-17,2019091701005552,AKPL,41,58,"1,150",135.00,"155,250.00"
2019-09-17,2019091701005476,AKPL,45,58,111,135.00,"14,985.00"
2019-09-17,2019091701005430,ALBSL,8,34,10,422.00,"4,220.00"
2019-09-17,2019091701005434,API,58,50,249,112.00,"27,888.00"
2019-09-17,2019091701005416,API,58,42,"1,930",112.00,"216,160.00"
2019-09-17,2019091701005218,API,25,29,16,114.00,"1,824.00"
2019-09-17,2019091701005217,API,25,25,200,113.00,"22,600.00"
2019-09-17,2019091701005206,API,58,25,604,112.00,"67,648.00"
2019-09-17,2019091701005160,BNT,43,57,10,"6,300.00","63,000.00"
2019-09-17,2019091701005366,BOKL,11,25,50,255.00,"12,750.00"
2019-09-17,2019091701005491,BPCL,43,34,11,363.00,"3,993.00"
2019-09-17,2019091701005471,BPCL,43,34,11,363.00,"3,993.00"
2019-09-17,2019091701005627,CBBL,1,44,100,969.00,"96,900.00"
2019-09-17,2019091701005327,CBBL,34,38,10,965.00,"9,650.00"
2019-09-17,2019091701005544,CBL,57,36,44,144.00,"6,336.00"
2019-09-17,2019091701005392,CCBL,26,36,46,157.00,"7,222.00"
2019-09-17,2019091701005141,CHCL,40,7,32,425.00,"13,600.00"
2019-09-17,2019091701005325,CHL,49,4,10,81.00,810.00
2019-09-17,2019091701005419,CIT,38,48,20,"1,781.00","35,620.00"
2019-09-17,2019091701005253,CIT,38,43,10,"1,781.00","17,810.00"
2019-09-17,2019091701005252,CIT,45,43,30,"1,783.00","53,490.00"
2019-09-17,2019091701005251,CIT,46,43,10,"1,785.00","17,850.00"
2019-09-17,2019091701005316,CZBIL,53,4,10,196.00,"1,960.00"
2019-09-17,2019091701005629,EBL,28,57,70,563.00,"39,410.00"
2019-09-17,2019091701005318,FMDBL,58,46,50,370.00,"18,500.00"
2019-09-17,2019091701005550,FOWAD,33,5,20,"1,262.00","25,240.00"
2019-09-17,2019091701005549,FOWAD,33,32,15,"1,260.00","18,900.00"
2019-09-17,2019091701005341,FOWAD,50,50,50,"1,250.00","62,500.00"
2019-09-17,2019091701005340,FOWAD,50,50,15,"1,250.00","18,750.00"
2019-09-17,2019091701005339,FOWAD,50,50,13,"1,250.00","16,250.00"
2019-09-17,2019091701005338,FOWAD,11,50,21,"1,250.00","26,250.00"
2019-09-17,2019091701005337,FOWAD,54,50,25,"1,250.00","31,250.00"
2019-09-17,2019091701005336,FOWAD,17,50,30,"1,251.00","37,530.00"
2019-09-17,2019091701005335,FOWAD,33,50,20,"1,251.00","25,020.00"
2019-09-17,2019091701005334,FOWAD,45,50,100,"1,252.00","125,200.00"
2019-09-17,2019091701005540,GBBL,49,49,"2,322",209.00,"485,298.00"
2019-09-17,2019091701005384,GBBL,36,49,200,210.00,"42,000.00"
2019-09-17,2019091701005354,GBBL,22,49,"2,000",210.00,"420,000.00"
2019-09-17,2019091701005353,GBBL,58,49,478,210.00,"100,380.00"
2019-09-17,2019091701005161,GBBL,58,5,22,210.00,"4,620.00"
2019-09-17,2019091701005245,GBLBS,14,19,15,322.00,"4,830.00"
2019-09-17,2019091701005183,GBLBS,26,48,15,325.00,"4,875.00"
2019-09-17,2019091701005182,GBLBS,26,32,15,325.00,"4,875.00"
2019-09-17,2019091701005481,GDBL,22,35,200,209.00,"41,800.00"
2019-09-17,2019091701005480,GDBL,22,51,75,208.00,"15,600.00"
2019-09-17,2019091701005623,GLBSL,58,48,20,441.00,"8,820.00"
2019-09-17,2019091701005622,GLBSL,58,44,10,441.00,"4,410.00"
2019-09-17,2019091701005621,GLBSL,58,57,10,441.00,"4,410.00"
2019-09-17,2019091701005516,GMFBS,41,10,10,466.00,"4,660.00"
2019-09-17,2019091701005153,HBL,49,6,50,503.00,"25,150.00"
2019-09-17,2019091701005219,HDL,58,57,55,"1,450.00","79,750.00"
2019-09-17,2019091701005425,HGI,33,55,20,265.00,"5,300.00"
2019-09-17,2019091701005424,HGI,35,55,50,265.00,"13,250.00"
2019-09-17,2019091701005423,HGI,39,55,30,266.00,"7,980.00"
2019-09-17,2019091701005314,HGI,46,58,180,268.00,"48,240.00"
2019-09-17,2019091701005590,HIDCL,29,56,61,136.00,"8,296.00"
2019-09-17,2019091701005528,HIDCL,35,56,20,136.00,"2,720.00"
2019-09-17,2019091701005362,HIDCL,47,4,136,133.00,"18,088.00"
2019-09-17,2019091701005201,HIDCL,47,7,56,133.00,"7,448.00"
2019-09-17,2019091701005187,HIDCL,47,7,56,133.00,"7,448.00"
2019-09-17,2019091701005620,HPPL,45,41,180,134.00,"24,120.00"
2019-09-17,2019091701005619,HPPL,45,44,39,134.00,"5,226.00"
2019-09-17,2019091701005432,HPPL,45,45,210,132.00,"27,720.00"
2019-09-17,2019091701005363,HURJA,7,36,20,106.00,"2,120.00"
2019-09-17,2019091701005305,HURJA,7,36,10,106.00,"1,060.00"
2019-09-17,2019091701005605,ICFC,45,58,10,156.00,"1,560.00"
2019-09-17,2019091701005171,ILBS,39,28,10,425.00,"4,250.00"
2019-09-17,2019091701005157,ILBS,39,28,10,425.00,"4,250.00"
2019-09-17,2019091701005140,ILBS,41,28,10,426.00,"4,260.00"
2019-09-17,2019091701005565,JBBL,48,44,281,158.00,"44,398.00"
2019-09-17,2019091701005294,JBBL,25,47,220,157.00,"34,540.00"
2019-09-17,2019091701005229,JBBL,44,44,79,158.00,"12,482.00"
2019-09-17,2019091701005287,JOSHI,42,59,20,61.00,"1,220.00"
2019-09-17,2019091701005628,KBL,36,16,100,182.00,"18,200.00"
2019-09-17,2019091701005536,KBL,28,16,50,182.00,"9,100.00"
2019-09-17,2019091701005535,KBL,28,35,200,182.00,"36,400.00"
2019-09-17,2019091701005534,KBL,28,32,50,182.00,"9,100.00"
2019-09-17,2019091701005468,KBL,50,47,30,181.00,"5,430.00"
2019-09-17,2019091701005467,KBL,50,7,200,181.00,"36,200.00"
2019-09-17,2019091701005466,KBL,50,56,62,181.00,"11,222.00"
2019-09-17,2019091701005301,KPCL,13,57,10,80.00,800.00
2019-09-17,2019091701005258,KPCL,22,53,10,79.00,790.00
2019-09-17,2019091701005241,KPCL,22,7,10,79.00,790.00
2019-09-17,2019091701005297,KPCL,36,53,10,79.00,790.00
2019-09-17,2019091701005290,KPCL,22,53,10,79.00,790.00
2019-09-17,2019091701005285,KPCL,22,53,10,79.00,790.00
2019-09-17,2019091701005274,KPCL,22,53,10,79.00,790.00
2019-09-17,2019091701005268,KPCL,22,53,10,79.00,790.00
2019-09-17,2019091701005264,KPCL,22,53,10,79.00,790.00
2019-09-17,2019091701005564,KSBBL,59,40,500,140.00,"70,000.00"
2019-09-17,2019091701005563,KSBBL,33,40,210,140.00,"29,400.00"
2019-09-17,2019091701005208,KSBBL,33,40,790,140.00,"110,600.00"
2019-09-17,2019091701005207,KSBBL,57,40,50,140.00,"7,000.00"
2019-09-17,2019091701005600,LBBL,26,4,150,173.00,"25,950.00"
2019-09-17,2019091701005531,LBBL,39,4,20,173.00,"3,460.00"
2019-09-17,2019091701005594,LBL,34,35,258,212.00,"54,696.00"
2019-09-17,2019091701005593,LBL,13,35,10,212.00,"2,120.00"
2019-09-17,2019091701005537,LBL,34,50,564,212.00,"119,568.00"
2019-09-17,2019091701005148,LBL,58,17,65,211.00,"13,715.00"
2019-09-17,2019091701005134,LBL,46,17,500,212.00,"106,000.00"
2019-09-17,2019091701005133,LBL,59,17,94,212.00,"19,928.00"
2019-09-17,2019091701005617,LGIL,38,44,10,362.00,"3,620.00"
2019-09-17,2019091701005616,LGIL,38,50,20,361.00,"7,220.00"
