Date,Transact. No.,Symbol,Buyer,Seller,Quantity,Rate,Amount
2019-11-06,2019110601003830,ADBL,39,50,100,415.00,"41,500.00"
2019-11-06,2019110601003765,ADBL,39,22,110,415.00,"45,650.00"
2019-11-06,2019110601003523,ADBL,35,50,10,416.00,"4,160.00"
2019-11-06,2019110601003800,AKBSL,48,29,10,418.00,"4,180.00"
2019-11-06,2019110601003799,AKBSL,48,6,10,418.00,"4,180.00"
2019-11-06,2019110601003798,AKBSL,48,6,10,418.00,"4,180.00"
2019-11-06,2019110601003764,AKBSL,48,25,10,417.00,"4,170.00"
2019-11-06,2019110601003763,AKBSL,48,25,10,417.00,"4,170.00"
2019-11-06,2019110601003762,AKBSL,48,41,10,415.00,"4,150.00"
2019-11-06,2019110601003513,AKBSL,48,41,10,414.00,"4,140.00"
2019-11-06,2019110601003512,AKBSL,48,13,10,414.00,"4,140.00"
2019-11-06,2019110601003511,AKBSL,48,55,10,412.00,"4,120.00"
2019-11-06,2019110601003895,AKJCL,17,22,10,54.00,540.00
2019-11-06,2019110601003916,AKPL,33,50,100,129.00,"12,900.00"
2019-11-06,2019110601003723,AKPL,33,6,13,129.00,"1,677.00"
2019-11-06,2019110601003722,AKPL,33,6,13,129.00,"1,677.00"
2019-11-06,2019110601003721,AKPL,33,6,13,129.00,"1,677.00"
2019-11-06,2019110601003720,AKPL,33,6,13,129.00,"1,677.00"
2019-11-06,2019110601003966,ALBSL,22,45,10,390.00,"3,900.00"
2019-11-06,2019110601003887,ALBSL,13,39,40,386.00,"15,440.00"
2019-11-06,2019110601003869,ALBSL,22,39,50,387.00,"19,350.00"
2019-11-06,2019110601003859,ALBSL,14,39,10,388.00,"3,880.00"
2019-11-06,2019110601003541,ALBSL,14,6,10,388.00,"3,880.00"
2019-11-06,2019110601003502,ALICL,25,58,200,311.00,"62,200.00"
2019-11-06,2019110601003973,API,45,38,10,108.00,"1,080.00"
2019-11-06,2019110601003965,API,25,38,30,108.00,"3,240.00"
2019-11-06,2019110601003934,API,41,29,"1,910",106.00,"202,460.00"
2019-11-06,2019110601003933,API,22,29,20,106.00,"2,120.00"
2019-11-06,2019110601003932,API,52,29,100,106.00,"10,600.00"
2019-11-06,2019110601003931,API,58,29,370,106.00,"39,220.00"
2019-11-06,2019110601003566,API,34,25,200,107.00,"21,400.00"
2019-11-06,2019110601003790,API,25,38,20,108.00,"2,160.00"
2019-11-06,2019110601003621,API,58,29,130,106.00,"13,780.00"
2019-11-06,2019110601003620,API,53,29,"1,500",106.00,"159,000.00"
2019-11-06,2019110601003619,API,48,29,250,106.00,"26,500.00"
2019-11-06,2019110601003618,API,42,29,"1,500",106.00,"159,000.00"
2019-11-06,2019110601003617,API,34,29,200,106.00,"21,200.00"
2019-11-06,2019110601003489,BOKL,39,6,177,227.00,"40,179.00"
2019-11-06,2019110601003488,BOKL,39,1,35,227.00,"7,945.00"
2019-11-06,2019110601003922,BPCL,33,26,14,370.00,"5,180.00"
2019-11-06,2019110601003921,BPCL,33,43,40,369.00,"14,760.00"
2019-11-06,2019110601003920,BPCL,33,28,33,368.00,"12,144.00"
2019-11-06,2019110601003919,BPCL,33,28,33,368.00,"12,144.00"
2019-11-06,2019110601003868,BPCL,58,50,20,366.00,"7,320.00"
2019-11-06,2019110601003805,BPCL,28,26,500,365.00,"182,500.00"
2019-11-06,2019110601003884,CBBL,37,37,70,969.00,"67,830.00"
2019-11-06,2019110601003929,CBL,39,35,56,140.00,"7,840.00"
2019-11-06,2019110601003928,CBL,21,35,200,140.00,"28,000.00"
2019-11-06,2019110601003862,CBL,16,52,"1,000",141.00,"141,000.00"
2019-11-06,2019110601003861,CBL,17,52,"1,000",141.00,"141,000.00"
2019-11-06,2019110601003860,CBL,17,52,"1,000",141.00,"141,000.00"
2019-11-06,2019110601003850,CBL,43,57,10,142.00,"1,420.00"
2019-11-06,2019110601003825,CBL,48,44,1,141.00,141.00
2019-11-06,2019110601003824,CBL,45,44,34,141.00,"4,794.00"
2019-11-06,2019110601003606,CBL,45,50,44,141.00,"6,204.00"
2019-11-06,2019110601003894,CCBL,6,51,201,157.00,"31,557.00"
2019-11-06,2019110601003893,CCBL,6,51,500,157.00,"78,500.00"
2019-11-06,2019110601003892,CCBL,6,6,276,157.00,"43,332.00"
2019-11-06,2019110601003891,CCBL,6,17,23,157.00,"3,611.00"
2019-11-06,2019110601003847,CCBL,58,6,22,157.00,"3,454.00"
2019-11-06,2019110601003829,CCBL,58,6,22,157.00,"3,454.00"
2019-11-06,2019110601003499,CCBL,49,16,233,156.00,"36,348.00"
2019-11-06,2019110601003937,CHCL,6,22,79,451.00,"35,629.00"
2019-11-06,2019110601003816,CHCL,17,34,50,452.00,"22,600.00"
2019-11-06,2019110601003599,CHCL,1,22,13,452.00,"5,876.00"
2019-11-06,2019110601003598,CHCL,41,22,50,452.00,"22,600.00"
2019-11-06,2019110601003597,CHCL,51,22,49,452.00,"22,148.00"
2019-11-06,2019110601003596,CHCL,35,22,30,453.00,"13,590.00"
2019-11-06,2019110601003547,CHCL,35,36,20,453.00,"9,060.00"
2019-11-06,2019110601003828,CIT,54,6,140,"1,765.00","247,100.00"
2019-11-06,2019110601003761,CIT,22,6,20,"1,765.00","35,300.00"
2019-11-06,2019110601003645,CIT,45,6,18,"1,768.00","31,824.00"
2019-11-06,2019110601003535,CIT,25,6,50,"1,769.00","88,450.00"
2019-11-06,2019110601003527,CIT,38,6,10,"1,770.00","17,700.00"
2019-11-06,2019110601003526,CIT,25,6,20,"1,770.00","35,400.00"
2019-11-06,2019110601003525,CIT,38,6,10,"1,770.00","17,700.00"
2019-11-06,2019110601003524,CIT,19,6,32,"1,770.00","56,640.00"
2019-11-06,2019110601003506,CIT,19,38,20,"1,770.00","35,400.00"
2019-11-06,2019110601003804,CZBIL,37,22,55,191.00,"10,505.00"
2019-11-06,2019110601003803,CZBIL,35,22,40,191.00,"7,640.00"
2019-11-06,2019110601003802,CZBIL,44,22,71,191.00,"13,561.00"
2019-11-06,2019110601003508,CZBIL,21,4,10,192.00,"1,920.00"
2019-11-06,2019110601003631,DBBL,5,17,100,124.00,"12,400.00"
2019-11-06,2019110601003630,DBBL,45,17,"1,000",124.00,"124,000.00"
2019-11-06,2019110601003629,DBBL,59,17,738,124.00,"91,512.00"
2019-11-06,2019110601003612,EBL,54,28,150,561.00,"84,150.00"
2019-11-06,2019110601003561,EBL,58,28,500,560.00,"280,000.00"
2019-11-06,2019110601003539,EBL,58,49,20,560.00,"11,200.00"
2019-11-06,2019110601003538,EBL,58,49,71,560.00,"39,760.00"
2019-11-06,2019110601003536,EBL,58,36,30,560.00,"16,800.00"
2019-11-06,2019110601003713,EDBL,36,43,90,260.00,"23,400.00"
2019-11-06,2019110601003972,FMDBL,47,14,10,310.00,"3,100.00"
2019-11-06,2019110601003565,FOWAD,49,51,25,"1,320.00","33,000.00"
2019-11-06,2019110601003628,GBBL,55,1,400,223.00,"89,200.00"
2019-11-06,2019110601003815,GBLBS,40,50,40,307.00,"12,280.00"
2019-11-06,2019110601003810,GBLBS,42,50,10,307.00,"3,070.00"
2019-11-06,2019110601003733,GBLBS,18,51,282,306.00,"86,292.00"
2019-11-06,2019110601003732,GBLBS,28,51,333,306.00,"101,898.00"
2019-11-06,2019110601003731,GBLBS,37,51,102,306.00,"31,212.00"
2019-11-06,2019110601003708,GFCL,58,44,84,132.00,"11,088.00"
2019-11-06,2019110601003754,GILB,48,54,158,870.00,"137,460.00"
2019-11-06,2019110601003753,GILB,48,44,42,869.00,"36,498.00"
2019-11-06,2019110601003727,GILB,53,44,180,867.00,"156,060.00"
2019-11-06,2019110601003726,GILB,48,44,300,868.00,"260,400.00"
2019-11-06,2019110601003725,GILB,22,44,10,868.00,"8,680.00"
2019-11-06,2019110601003724,GILB,58,44,10,868.00,"8,680.00"
2019-11-06,2019110601003498,GILB,22,57,50,870.00,"43,500.00"
2019-11-06,2019110601003955,GLBSL,42,45,10,422.00,"4,220.00"
2019-11-06,2019110601003954,GLBSL,19,45,10,423.00,"4,230.00"
2019-11-06,2019110601003938,GLBSL,42,45,10,422.00,"4,220.00"
2019-11-06,2019110601003926,GLBSL,17,10,200,423.00,"84,600.00"
2019-11-06,2019110601003897,GLBSL,19,28,10,425.00,"4,250.00"
2019-11-06,2019110601003900,GMFBS,32,45,10,454.00,"4,540.00"
2019-11-06,2019110601003890,GMFBS,32,45,10,454.00,"4,540.00"
2019-11-06,2019110601003874,GMFBS,32,45,10,454.00,"4,540.00"
2019-11-06,2019110601003552,GMFBS,32,29,100,453.00,"45,300.00"
2019-11-06,2019110601003490,GMFBS,39,6,10,452.00,"4,520.00"
2019-11-06,2019110601003611,GUFL,44,25,"1,000",111.00,"111,000.00"
2019-11-06,2019110601003788,HBL,14,6,21,485.00,"10,185.00"
2019-11-06,2019110601003787,HBL,7,6,"1,000",485.00,"485,000.00"
2019-11-06,2019110601003786,HBL,28,6,100,485.00,"48,500.00"
2019-11-06,2019110601003785,HBL,44,6,"1,000",486.00,"486,000.00"
2019-11-06,2019110601003784,HBL,36,6,100,487.00,"48,700.00"
2019-11-06,2019110601003783,HBL,36,6,200,487.00,"97,400.00"
2019-11-06,2019110601003743,HBL,42,6,50,488.00,"24,400.00"
2019-11-06,2019110601003742,HBL,6,6,90,489.00,"44,010.00"
2019-11-06,2019110601003741,HBL,14,6,62,489.00,"30,318.00"
2019-11-06,2019110601003640,HBL,59,5,500,490.00,"245,000.00"
2019-11-06,2019110601003587,HBL,51,5,50,490.00,"24,500.00"
2019-11-06,2019110601003518,HBL,54,5,115,490.00,"56,350.00"
2019-11-06,2019110601003782,HBL,6,6,100,487.00,"48,700.00"
2019-11-06,2019110601003781,HBL,34,6,300,488.00,"146,400.00"
2019-11-06,2019110601003780,HBL,59,6,13,488.00,"6,344.00"
2019-11-06,2019110601003779,HBL,35,6,20,488.00,"9,760.00"
2019-11-06,2019110601003778,HBL,8,6,406,488.00,"198,128.00"
2019-11-06,2019110601003744,HBL,8,6,94,488.00,"45,872.00"
2019-11-06,2019110601003986,HDL,25,1,10,"1,525.00","15,250.00"
2019-11-06,2019110601003930,HDL,58,1,10,"1,539.00","15,390.00"
2019-11-06,2019110601003624,HDL,35,37,100,"1,521.00","152,100.00"
2019-11-06,2019110601003534,HGI,5,39,27,262.00,"7,074.00"
2019-11-06,2019110601003522,HGI,42,39,100,265.00,"26,500.00"
2019-11-06,2019110601003521,HGI,13,39,50,265.00,"13,250.00"
2019-11-06,2019110601003516,HGI,20,39,100,266.00,"26,600.00"
2019-11-06,2019110601003497,HPPL,18,6,10,139.00,"1,390.00"
2019-11-06,2019110601003642,HURJA,7,10,10,103.00,"1,030.00"
2019-11-06,2019110601003562,HURJA,42,6,20,102.00,"2,040.00"
2019-11-06,2019110601003503,HURJA,51,6,20,101.00,"2,020.00"
2019-11-06,2019110601003510,ILBS,38,6,10,447.00,"4,470.00"
2019-11-06,2019110601003982,JBBL,38,35,279,156.00,"43,524.00"
2019-11-06,2019110601003981,JBBL,57,35,500,156.00,"78,000.00"
2019-11-06,2019110601003689,JBBL,59,35,21,157.00,"3,297.00"
2019-11-06,2019110601003688,JBBL,59,59,15,157.00,"2,355.00"
2019-11-06,2019110601003831,JFL,58,50,10,192.00,"1,920.00"
2019-11-06,2019110601003648,JFL,34,28,300,193.00,"57,900.00"
2019-11-06,2019110601003647,JFL,34,58,950,193.00,"183,350.00"
2019-11-06,2019110601003882,JOSHI,42,6,20,60.00,"1,200.00"
2019-11-06,2019110601003704,KBL,56,17,"1,000",181.00,"181,000.00"
2019-11-06,2019110601003703,KBL,10,17,55,181.00,"9,955.00"
2019-11-06,2019110601003702,KBL,43,17,"1,000",181.00,"181,000.00"
2019-11-06,2019110601003701,KBL,28,17,500,181.00,"90,500.00"
2019-11-06,2019110601003700,KBL,43,17,443,181.00,"80,183.00"
2019-11-06,2019110601003639,KBL,6,41,189,182.00,"34,398.00"
2019-11-06,2019110601003638,KBL,6,6,51,182.00,"9,282.00"
2019-11-06,2019110601003637,KBL,6,38,760,182.00,"138,320.00"
2019-11-06,2019110601003491,KBL,43,50,100,181.00,"18,100.00"
2019-11-06,2019110601003794,LBBL,22,59,"1,000",172.00,"172,000.00"
2019-11-06,2019110601003793,LBBL,19,59,"2,000",172.00,"344,000.00"
2019-11-06,2019110601003792,LBBL,52,59,500,172.00,"86,000.00"
2019-11-06,2019110601003863,LBL,55,44,499,220.00,"109,780.00"
2019-11-06,2019110601003777,LBL,55,22,86,220.00,"18,920.00"
2019-11-06,2019110601003586,LBL,11,44,100,221.00,"22,100.00"
2019-11-06,2019110601003822,LICN,53,35,50,992.00,"49,600.00"
2019-11-06,2019110601003626,MBL,43,47,300,225.00,"67,500.00"
2019-11-06,2019110601003613,MBL,43,47,330,225.00,"74,250.00"
2019-11-06,2019110601003607,MBL,43,47,450,225.00,"101,250.00"
2019-11-06,2019110601003590,MBL,43,47,15,225.00,"3,375.00"
2019-11-06,2019110601003589,MBL,46,47,50,225.00,"11,250.00"
2019-11-06,2019110601003588,MBL,39,47,460,225.00,"103,500.00"
2019-11-06,2019110601003576,MBL,39,47,550,225.00,"123,750.00"
2019-11-06,2019110601003575,MBL,11,47,100,226.00,"22,600.00"
2019-11-06,2019110601003571,MBL,39,47,675,225.00,"151,875.00"
2019-11-06,2019110601003564,MBL,39,47,680,225.00,"153,000.00"
2019-11-06,2019110601003507,MBL,7,7,"1,030",226.00,"232,780.00"
2019-11-06,2019110601003504,MBL,38,7,100,226.00,"22,600.00"
2019-11-06,2019110601003542,MEGA,47,57,591,187.00,"110,517.00"
2019-11-06,2019110601003602,MEGA,11,17,100,187.00,"18,700.00"
2019-11-06,2019110601003601,MEGA,47,17,209,187.00,"39,083.00"
2019-11-06,2019110601003738,MEGA,28,17,191,187.00,"35,717.00"
2019-11-06,2019110601003737,MEGA,28,45,500,187.00,"93,500.00"
2019-11-06,2019110601003839,MEGA,36,42,50,188.00,"9,400.00"
2019-11-06,2019110601003838,MEGA,36,51,"1,000",188.00,"188,000.00"
2019-11-06,2019110601003837,MEGA,36,45,360,188.00,"67,680.00"
2019-11-06,2019110601003836,MEGA,36,41,400,187.00,"74,800.00"
2019-11-06,2019110601003911,MEGA,49,41,86,187.00,"16,082.00"
2019-11-06,2019110601003910,MEGA,49,41,274,187.00,"51,238.00"
2019-11-06,2019110601003888,MEGA,49,46,226,187.00,"42,262.00"
2019-11-06,2019110601003841,MEGA,36,3,150,188.00,"28,200.00"
2019-11-06,2019110601003840,MEGA,36,1,40,188.00,"7,520.00"
2019-11-06,2019110601003962,MEGA,40,35,100,187.00,"18,700.00"
2019-11-06,2019110601003958,MEGA,43,35,10,187.00,"1,870.00"
2019-11-06,2019110601003957,MEGA,43,46,12,187.00,"2,244.00"
2019-11-06,2019110601003918,MEGA,49,46,214,187.00,"40,018.00"
2019-11-06,2019110601003834,MERO,22,48,50,434.00,"21,700.00"
2019-11-06,2019110601003833,MERO,22,14,200,434.00,"86,800.00"
2019-11-06,2019110601003635,MERO,19,35,500,433.00,"216,500.00"
2019-11-06,2019110601003493,MERO,43,35,42,432.00,"18,144.00"
2019-11-06,2019110601003568,MHNL,40,6,30,76.00,"2,280.00"
2019-11-06,2019110601003517,MHNL,40,6,40,76.00,"3,040.00"
2019-11-06,2019110601003796,MLBBL,44,42,42,417.00,"17,514.00"
2019-11-06,2019110601003795,MLBBL,22,42,10,418.00,"4,180.00"
2019-11-06,2019110601003970,MLBL,34,28,20,187.00,"3,740.00"
2019-11-06,2019110601003756,MLBL,38,28,539,187.00,"100,793.00"
2019-11-06,2019110601003755,MLBL,38,54,461,187.00,"86,207.00"
2019-11-06,2019110601003942,MNBBL,11,51,100,318.00,"31,800.00"
2019-11-06,2019110601003826,MPFL,49,45,280,98.00,"27,440.00"
2019-11-06,2019110601003964,NABIL,58,21,10,768.00,"7,680.00"
2019-11-06,2019110601003857,NABIL,41,58,90,765.00,"68,850.00"
2019-11-06,2019110601003856,NABIL,45,58,80,765.00,"61,200.00"
2019-11-06,2019110601003855,NABIL,22,58,10,765.00,"7,650.00"
2019-11-06,2019110601003854,NABIL,1,58,25,765.00,"19,125.00"
2019-11-06,2019110601003853,NABIL,42,58,14,766.00,"10,724.00"
2019-11-06,2019110601003852,NABIL,41,58,250,766.00,"191,500.00"
2019-11-06,2019110601003851,NABIL,1,58,500,767.00,"383,500.00"
2019-11-06,2019110601003791,NABIL,14,21,10,768.00,"7,680.00"
2019-11-06,2019110601003896,NBB,59,52,200,207.00,"41,400.00"
2019-11-06,2019110601003867,NBB,56,35,241,206.00,"49,646.00"
2019-11-06,2019110601003866,NBB,33,35,259,206.00,"53,354.00"
2019-11-06,2019110601003750,NBB,14,52,56,207.00,"11,592.00"
2019-11-06,2019110601003749,NBB,14,6,444,207.00,"91,908.00"
2019-11-06,2019110601003885,NBL,59,36,100,314.00,"31,400.00"
2019-11-06,2019110601003583,NBL,10,36,86,314.00,"27,004.00"
2019-11-06,2019110601003582,NBL,10,22,914,314.00,"286,996.00"
2019-11-06,2019110601003574,NBL,58,43,54,313.00,"16,902.00"
2019-11-06,2019110601003573,NBL,52,43,946,313.00,"296,098.00"
2019-11-06,2019110601003572,NBL,52,11,40,313.00,"12,520.00"
2019-11-06,2019110601003532,NBL,40,22,45,314.00,"14,130.00"
2019-11-06,2019110601003984,NCCB,33,38,20,207.00,"4,140.00"
2019-11-06,2019110601003872,NCCB,44,54,189,206.00,"38,934.00"
2019-11-06,2019110601003871,NCCB,44,54,200,206.00,"41,200.00"
2019-11-06,2019110601003870,NCCB,58,54,"1,237",206.00,"254,822.00"
2019-11-06,2019110601003718,NCCB,58,34,763,206.00,"157,178.00"
2019-11-06,2019110601003717,NCCB,32,34,237,206.00,"48,822.00"
2019-11-06,2019110601003699,NCCB,32,25,926,206.00,"190,756.00"
2019-11-06,2019110601003865,NHPC,47,46,100,53.00,"5,300.00"
2019-11-06,2019110601003959,NIB,33,46,45,450.00,"20,250.00"
2019-11-06,2019110601003940,NIB,33,11,165,450.00,"74,250.00"
2019-11-06,2019110601003939,NIB,33,16,10,450.00,"4,500.00"
2019-11-06,2019110601003821,NIB,33,22,100,448.00,"44,800.00"
2019-11-06,2019110601003820,NIB,21,22,130,448.00,"58,240.00"
2019-11-06,2019110601003806,NIB,52,22,70,449.00,"31,430.00"
2019-11-06,2019110601003775,NIB,52,57,130,449.00,"58,370.00"
2019-11-06,2019110601003758,NIB,25,16,90,450.00,"40,500.00"
2019-11-06,2019110601003985,NICA,45,4,50,400.00,"20,000.00"
2019-11-06,2019110601003941,NICA,44,8,500,404.00,"202,000.00"
2019-11-06,2019110601003880,NICA,8,26,100,403.00,"40,300.00"
2019-11-06,2019110601003879,NICA,8,55,223,403.00,"89,869.00"
2019-11-06,2019110601003760,NICA,47,55,170,403.00,"68,510.00"
2019-11-06,2019110601003747,NICA,47,55,107,403.00,"43,121.00"
2019-11-06,2019110601003686,NICA,47,10,95,402.00,"38,190.00"
2019-11-06,2019110601003643,NICA,47,10,388,402.00,"155,976.00"
2019-11-06,2019110601003500,NICA,46,10,17,402.00,"6,834.00"
2019-11-06,2019110601003746,NICA,47,49,83,402.00,"33,366.00"
2019-11-06,2019110601003730,NICA,47,49,217,402.00,"87,234.00"
2019-11-06,2019110601003729,NICA,47,55,40,402.00,"16,080.00"
2019-11-06,2019110601003712,NICA,47,55,300,402.00,"120,600.00"
2019-11-06,2019110601003696,NICA,47,55,370,402.00,"148,740.00"
2019-11-06,2019110601003687,NICA,47,55,290,402.00,"116,580.00"
2019-11-06,2019110601003551,NICGF,57,6,200,8.90,"1,780.00"
2019-11-06,2019110601003848,NICL,11,57,315,260.00,"81,900.00"
2019-11-06,2019110601003801,NICL,44,22,90,258.00,"23,220.00"
2019-11-06,2019110601003789,NICL,25,22,100,258.00,"25,800.00"
2019-11-06,2019110601003748,NICL,34,22,110,258.00,"28,380.00"
2019-11-06,2019110601003691,NICL,11,42,85,259.00,"22,015.00"
2019-11-06,2019110601003883,NIL,6,42,120,377.00,"45,240.00"
2019-11-06,2019110601003768,NLBBL,19,6,37,508.00,"18,796.00"
2019-11-06,2019110601003917,NLIC,44,48,187,796.00,"148,852.00"
2019-11-06,2019110601003757,NLIC,39,45,60,795.00,"47,700.00"
2019-11-06,2019110601003707,NLIC,6,45,78,794.00,"61,932.00"
2019-11-06,2019110601003706,NLIC,6,6,22,794.00,"17,468.00"
2019-11-06,2019110601003835,NMFBS,17,6,15,"1,710.00","25,650.00"
2019-11-06,2019110601003963,NNLB,58,7,10,460.00,"4,600.00"
2019-11-06,2019110601003923,NNLB,19,42,500,459.00,"229,500.00"
2019-11-06,2019110601003531,NNLB,19,16,12,455.00,"5,460.00"
2019-11-06,2019110601003948,NTC,56,17,25,617.00,"15,425.00"
2019-11-06,2019110601003947,NTC,4,17,50,618.00,"30,900.00"
2019-11-06,2019110601003946,NTC,45,17,10,618.00,"6,180.00"
2019-11-06,2019110601003945,NTC,32,17,25,618.00,"15,450.00"
2019-11-06,2019110601003944,NTC,34,17,10,618.00,"6,180.00"
2019-11-06,2019110601003943,NTC,55,17,50,619.00,"30,950.00"
2019-11-06,2019110601003487,NUBL,49,28,100,865.00,"86,500.00"
2019-11-06,2019110601003983,PCBL,41,52,40,263.00,"10,520.00"
2019-11-06,2019110601003886,PCBL,43,8,547,262.00,"143,314.00"
2019-11-06,2019110601003553,PCBL,43,6,12,262.00,"3,144.00"
2019-11-06,2019110601003495,PCBL,43,47,160,262.00,"41,920.00"
2019-11-06,2019110601003494,PCBL,43,47,350,262.00,"91,700.00"
2019-11-06,2019110601003579,PFL,7,6,11,133.00,"1,463.00"
2019-11-06,2019110601003567,PFL,7,6,11,133.00,"1,463.00"
2019-11-06,2019110601003876,PIC,58,41,66,360.00,"23,760.00"
2019-11-06,2019110601003875,PIC,58,41,134,360.00,"48,240.00"
2019-11-06,2019110601003873,PIC,1,41,35,358.00,"12,530.00"
2019-11-06,2019110601003771,PIC,20,41,81,360.00,"29,160.00"
2019-11-06,2019110601003770,PIC,20,6,11,360.00,"3,960.00"
2019-11-06,2019110601003950,PICL,45,58,10,439.00,"4,390.00"
2019-11-06,2019110601003616,PICL,58,4,100,431.00,"43,100.00"
2019-11-06,2019110601003817,PPCL,42,6,30,97.00,"2,910.00"
2019-11-06,2019110601003593,PPCL,42,6,30,96.00,"2,880.00"
2019-11-06,2019110601003581,PPCL,42,6,30,96.00,"2,880.00"
2019-11-06,2019110601003936,PRVU,49,34,"2,000",266.00,"532,000.00"
2019-11-06,2019110601003692,PRVU,38,34,669,265.00,"177,285.00"
2019-11-06,2019110601003684,PRVU,34,34,200,265.00,"53,000.00"
2019-11-06,2019110601003683,PRVU,49,34,100,265.00,"26,500.00"
2019-11-06,2019110601003682,PRVU,35,34,200,265.00,"53,000.00"
2019-11-06,2019110601003681,PRVU,35,34,200,265.00,"53,000.00"
2019-11-06,2019110601003554,PRVU,44,34,350,266.00,"93,100.00"
2019-11-06,2019110601003546,PRVU,44,6,150,266.00,"39,900.00"
2019-11-06,2019110601003545,PRVU,19,6,50,266.00,"13,300.00"
2019-11-06,2019110601003544,PRVU,38,6,150,266.00,"39,900.00"
2019-11-06,2019110601003543,PRVU,39,6,150,266.00,"39,900.00"
2019-11-06,2019110601003577,PRVU,34,34,100,266.00,"26,600.00"
2019-11-06,2019110601003559,PRVU,17,34,100,266.00,"26,600.00"
2019-11-06,2019110601003558,PRVU,52,34,50,266.00,"13,300.00"
2019-11-06,2019110601003557,PRVU,39,34,"3,000",266.00,"798,000.00"
2019-11-06,2019110601003556,PRVU,57,34,300,266.00,"79,800.00"
2019-11-06,2019110601003555,PRVU,36,34,100,266.00,"26,600.00"
2019-11-06,2019110601003650,PRVU,38,34,100,266.00,"26,600.00"
2019-11-06,2019110601003649,PRVU,1,34,330,266.00,"87,780.00"
2019-11-06,2019110601003632,PRVU,1,49,120,266.00,"31,920.00"
2019-11-06,2019110601003603,PRVU,1,34,50,266.00,"13,300.00"
2019-11-06,2019110601003600,PRVU,34,34,"1,950",266.00,"518,700.00"
2019-11-06,2019110601003591,PRVU,34,11,50,266.00,"13,300.00"
2019-11-06,2019110601003656,PRVU,29,34,"1,000",265.00,"265,000.00"
2019-11-06,2019110601003655,PRVU,16,34,500,265.00,"132,500.00"
2019-11-06,2019110601003654,PRVU,42,34,"1,000",265.00,"265,000.00"
2019-11-06,2019110601003653,PRVU,52,34,200,265.00,"53,000.00"
2019-11-06,2019110601003652,PRVU,34,34,"1,000",265.00,"265,000.00"
2019-11-06,2019110601003651,PRVU,1,34,143,265.00,"37,895.00"
2019-11-06,2019110601003662,PRVU,33,34,300,265.00,"79,500.00"
2019-11-06,2019110601003661,PRVU,38,34,200,265.00,"53,000.00"
2019-11-06,2019110601003660,PRVU,38,34,40,265.00,"10,600.00"
2019-11-06,2019110601003659,PRVU,29,34,"1,000",265.00,"265,000.00"
2019-11-06,2019110601003658,PRVU,29,34,"1,000",265.00,"265,000.00"
2019-11-06,2019110601003657,PRVU,29,34,"1,000",265.00,"265,000.00"
2019-11-06,2019110601003668,PRVU,29,34,"1,050",265.00,"278,250.00"
2019-11-06,2019110601003667,PRVU,41,34,100,265.00,"26,500.00"
2019-11-06,2019110601003666,PRVU,41,34,100,265.00,"26,500.00"
2019-11-06,2019110601003665,PRVU,36,34,"1,000",265.00,"265,000.00"
2019-11-06,2019110601003664,PRVU,11,34,500,265.00,"132,500.00"
2019-11-06,2019110601003663,PRVU,57,34,350,265.00,"92,750.00"
2019-11-06,2019110601003674,PRVU,46,34,50,265.00,"13,250.00"
2019-11-06,2019110601003673,PRVU,40,34,500,265.00,"132,500.00"
2019-11-06,2019110601003672,PRVU,55,34,18,265.00,"4,770.00"
2019-11-06,2019110601003671,PRVU,35,34,20,265.00,"5,300.00"
2019-11-06,2019110601003670,PRVU,38,34,50,265.00,"13,250.00"
2019-11-06,2019110601003669,PRVU,6,34,"1,000",265.00,"265,000.00"
2019-11-06,2019110601003680,PRVU,38,34,"1,000",265.00,"265,000.00"
2019-11-06,2019110601003679,PRVU,32,34,300,265.00,"79,500.00"
2019-11-06,2019110601003678,PRVU,50,34,"1,000",265.00,"265,000.00"
2019-11-06,2019110601003677,PRVU,41,34,80,265.00,"21,200.00"
2019-11-06,2019110601003676,PRVU,45,34,200,265.00,"53,000.00"
2019-11-06,2019110601003675,PRVU,43,34,500,265.00,"132,500.00"
2019-11-06,2019110601003509,RADHI,14,50,11,130.00,"1,430.00"
2019-11-06,2019110601003797,RBCL,11,6,16,"8,000.00","128,000.00"
2019-11-06,2019110601003739,RBCL,11,59,14,"8,000.00","112,000.00"
2019-11-06,2019110601003967,RHPL,19,59,40,172.00,"6,880.00"
2019-11-06,2019110601003935,RHPL,57,14,200,171.00,"34,200.00"
2019-11-06,2019110601003878,RHPL,57,59,200,171.00,"34,200.00"
2019-11-06,2019110601003877,RHPL,58,59,500,171.00,"85,500.00"
2019-11-06,2019110601003767,RHPL,58,45,50,171.00,"8,550.00"
2019-11-06,2019110601003646,RHPL,58,45,30,171.00,"5,130.00"
2019-11-06,2019110601003496,RHPL,58,45,30,171.00,"5,130.00"
2019-11-06,2019110601003570,RHPL,58,1,30,171.00,"5,130.00"
2019-11-06,2019110601003569,RHPL,58,45,30,171.00,"5,130.00"
2019-11-06,2019110601003540,RHPL,58,45,30,171.00,"5,130.00"
2019-11-06,2019110601003529,RHPL,58,45,30,171.00,"5,130.00"
2019-11-06,2019110601003528,RHPL,19,59,50,172.00,"8,600.00"
2019-11-06,2019110601003505,RHPL,58,45,30,171.00,"5,130.00"
2019-11-06,2019110601003633,RHPL,19,59,10,172.00,"1,720.00"
2019-11-06,2019110601003623,RHPL,58,45,30,171.00,"5,130.00"
2019-11-06,2019110601003615,RHPL,58,45,30,171.00,"5,130.00"
2019-11-06,2019110601003608,RHPL,58,6,10,171.00,"1,710.00"
2019-11-06,2019110601003605,RHPL,58,6,10,171.00,"1,710.00"
2019-11-06,2019110601003585,RHPL,58,45,30,171.00,"5,130.00"
2019-11-06,2019110601003698,RLFL,42,6,46,111.00,"5,106.00"
2019-11-06,2019110601003697,RLFL,48,6,27,112.00,"3,024.00"
2019-11-06,2019110601003614,RLFL,48,6,73,112.00,"8,176.00"
2019-11-06,2019110601003956,RSDC,33,26,10,325.00,"3,250.00"
2019-11-06,2019110601003537,RSDC,43,26,18,320.00,"5,760.00"
2019-11-06,2019110601003971,SABSL,42,38,10,451.00,"4,510.00"
2019-11-06,2019110601003960,SABSL,42,38,10,451.00,"4,510.00"
2019-11-06,2019110601003949,SABSL,42,38,10,451.00,"4,510.00"
2019-11-06,2019110601003924,SABSL,42,38,10,451.00,"4,510.00"
2019-11-06,2019110601003909,SABSL,42,38,10,451.00,"4,510.00"
2019-11-06,2019110601003889,SABSL,42,38,10,451.00,"4,510.00"
2019-11-06,2019110601003714,SABSL,52,38,10,453.00,"4,530.00"
2019-11-06,2019110601003711,SABSL,52,38,10,453.00,"4,530.00"
2019-11-06,2019110601003644,SABSL,52,38,10,453.00,"4,530.00"
2019-11-06,2019110601003858,SABSL,42,38,10,451.00,"4,510.00"
2019-11-06,2019110601003819,SABSL,20,53,100,452.00,"45,200.00"
2019-11-06,2019110601003818,SABSL,40,53,20,452.00,"9,040.00"
2019-11-06,2019110601003766,SABSL,40,38,10,452.00,"4,520.00"
2019-11-06,2019110601003759,SABSL,40,38,10,452.00,"4,520.00"
2019-11-06,2019110601003719,SABSL,52,38,10,453.00,"4,530.00"
2019-11-06,2019110601003751,SADBL,28,17,500,139.00,"69,500.00"
2019-11-06,2019110601003604,SAEF,10,6,250,8.90,"2,225.00"
2019-11-06,2019110601003530,SAPDBL,55,17,85,120.00,"10,200.00"
2019-11-06,2019110601003906,SBL,41,22,998,289.00,"288,422.00"
2019-11-06,2019110601003905,SBL,6,22,"1,000",289.00,"289,000.00"
2019-11-06,2019110601003904,SBL,32,22,100,289.00,"28,900.00"
2019-11-06,2019110601003903,SBL,29,22,20,289.00,"5,780.00"
2019-11-06,2019110601003902,SBL,52,22,200,289.00,"57,800.00"
2019-11-06,2019110601003901,SBL,53,22,161,289.00,"46,529.00"
2019-11-06,2019110601003549,SBL,53,45,200,289.00,"57,800.00"
2019-11-06,2019110601003827,SBL,6,22,521,290.00,"151,090.00"
2019-11-06,2019110601003705,SBL,6,17,479,290.00,"138,910.00"
2019-11-06,2019110601003695,SBL,33,17,400,290.00,"116,000.00"
2019-11-06,2019110601003694,SBL,33,52,100,290.00,"29,000.00"
2019-11-06,2019110601003622,SBL,53,52,30,289.00,"8,670.00"
2019-11-06,2019110601003550,SBL,53,26,19,289.00,"5,491.00"
2019-11-06,2019110601003961,SCB,28,22,10,557.00,"5,570.00"
2019-11-06,2019110601003953,SCB,28,22,10,557.00,"5,570.00"
2019-11-06,2019110601003812,SCB,1,41,19,555.00,"10,545.00"
2019-11-06,2019110601003811,SCB,38,41,41,555.00,"22,755.00"
2019-11-06,2019110601003716,SCB,38,6,20,555.00,"11,100.00"
2019-11-06,2019110601003908,SDESI,6,33,100,626.00,"62,600.00"
2019-11-06,2019110601003832,SDESI,22,33,45,630.00,"28,350.00"
2019-11-06,2019110601003740,SDESI,35,33,26,632.00,"16,432.00"
2019-11-06,2019110601003560,SDESI,35,40,11,631.00,"6,941.00"
2019-11-06,2019110601003715,SEF,3,6,500,8.79,"4,395.00"
2019-11-06,2019110601003845,SHINE,57,42,140,254.00,"35,560.00"
2019-11-06,2019110601003844,SHINE,1,42,50,254.00,"12,700.00"
2019-11-06,2019110601003843,SHINE,19,42,30,254.00,"7,620.00"
2019-11-06,2019110601003969,SHIVM,39,43,30,482.00,"14,460.00"
2019-11-06,2019110601003968,SHIVM,36,43,10,482.00,"4,820.00"
2019-11-06,2019110601003952,SHIVM,36,58,490,482.00,"236,180.00"
2019-11-06,2019110601003951,SHIVM,32,58,10,482.00,"4,820.00"
2019-11-06,2019110601003915,SHIVM,32,50,190,482.00,"91,580.00"
2019-11-06,2019110601003914,SHIVM,49,50,40,482.00,"19,280.00"
2019-11-06,2019110601003913,SHIVM,54,50,70,483.00,"33,810.00"
2019-11-06,2019110601003736,SHIVM,49,6,10,482.00,"4,820.00"
2019-11-06,2019110601003735,SHIVM,44,6,20,482.00,"9,640.00"
2019-11-06,2019110601003734,SHIVM,3,6,20,482.00,"9,640.00"
2019-11-06,2019110601003912,SHPC,57,22,39,189.00,"7,371.00"
2019-11-06,2019110601003899,SHPC,57,26,135,189.00,"25,515.00"
2019-11-06,2019110601003898,SHPC,45,26,172,189.00,"32,508.00"
2019-11-06,2019110601003501,SIFC,6,26,680,153.00,"104,040.00"
2019-11-06,2019110601003980,SJCL,1,52,60,168.00,"10,080.00"
2019-11-06,2019110601003979,SJCL,1,57,20,168.00,"3,360.00"
2019-11-06,2019110601003978,SJCL,1,41,20,168.00,"3,360.00"
2019-11-06,2019110601003977,SJCL,1,41,20,168.00,"3,360.00"
2019-11-06,2019110601003976,SJCL,1,41,20,168.00,"3,360.00"
2019-11-06,2019110601003975,SJCL,1,41,20,168.00,"3,360.00"
2019-11-06,2019110601003520,SJCL,52,45,20,166.00,"3,320.00"
2019-11-06,2019110601003515,SJCL,52,45,10,166.00,"1,660.00"
2019-11-06,2019110601003514,SJCL,37,45,10,166.00,"1,660.00"
2019-11-06,2019110601003492,SJCL,37,45,20,166.00,"3,320.00"
2019-11-06,2019110601003592,SJCL,52,45,20,166.00,"3,320.00"
2019-11-06,2019110601003580,SJCL,52,1,20,166.00,"3,320.00"
2019-11-06,2019110601003563,SJCL,52,45,20,166.00,"3,320.00"
2019-11-06,2019110601003548,SJCL,52,45,20,166.00,"3,320.00"
2019-11-06,2019110601003636,SJCL,52,45,20,166.00,"3,320.00"
2019-11-06,2019110601003627,SJCL,52,45,20,166.00,"3,320.00"
2019-11-06,2019110601003625,SJCL,52,6,10,166.00,"1,660.00"
2019-11-06,2019110601003610,SJCL,52,45,20,166.00,"3,320.00"
2019-11-06,2019110601003776,SJCL,42,45,40,167.00,"6,680.00"
2019-11-06,2019110601003752,SJCL,42,6,10,167.00,"1,670.00"
2019-11-06,2019110601003846,SJCL,42,22,20,167.00,"3,340.00"
2019-11-06,2019110601003974,SJCL,1,52,40,168.00,"6,720.00"
2019-11-06,2019110601003927,SJCL,50,52,30,168.00,"5,040.00"
2019-11-06,2019110601003849,SLBBL,26,20,26,572.00,"14,872.00"
2019-11-06,2019110601003774,SLICL,7,42,323,256.00,"82,688.00"
2019-11-06,2019110601003773,SLICL,3,42,100,256.00,"25,600.00"
2019-11-06,2019110601003772,SLICL,29,42,145,257.00,"37,265.00"
2019-11-06,2019110601003769,SLICL,25,4,500,258.00,"129,000.00"
2019-11-06,2019110601003710,SLICL,55,42,65,260.00,"16,900.00"
2019-11-06,2019110601003578,SLICL,55,42,20,260.00,"5,200.00"
2019-11-06,2019110601003709,SMB,39,21,10,403.00,"4,030.00"
2019-11-06,2019110601003634,SMB,39,6,10,403.00,"4,030.00"
2019-11-06,2019110601003693,SMFDB,5,22,15,505.00,"7,575.00"
2019-11-06,2019110601003519,SPARS,6,50,10,524.00,"5,240.00"
2019-11-06,2019110601003881,SPDL,25,17,10,75.00,750.00
2019-11-06,2019110601003842,SPDL,25,17,10,77.00,770.00
2019-11-06,2019110601003641,SPDL,25,6,10,76.00,760.00
2019-11-06,2019110601003584,SPDL,25,6,15,75.00,"1,125.00"
2019-11-06,2019110601003907,SRBL,17,35,500,207.00,"103,500.00"
2019-11-06,2019110601003595,SRBL,6,34,614,208.00,"127,712.00"
2019-11-06,2019110601003594,SRBL,6,34,386,208.00,"80,288.00"
2019-11-06,2019110601003925,SWBBL,38,36,10,929.00,"9,290.00"
2019-11-06,2019110601003813,SWBBL,19,57,25,920.00,"23,000.00"
2019-11-06,2019110601003609,TMDBL,40,6,11,147.00,"1,617.00"
2019-11-06,2019110601003814,UPCL,52,6,100,73.00,"7,300.00"
2019-11-06,2019110601003728,UPCL,52,22,100,73.00,"7,300.00"
2019-11-06,2019110601003685,UPCL,52,6,100,73.00,"7,300.00"
2019-11-06,2019110601003864,UPPER,36,59,10,236.00,"2,360.00"
2019-11-06,2019110601003823,UPPER,6,6,50,235.00,"11,750.00"
2019-11-06,2019110601003809,UPPER,6,59,427,235.00,"100,345.00"
2019-11-06,2019110601003808,UPPER,11,59,100,235.00,"23,500.00"
2019-11-06,2019110601003807,UPPER,11,59,235,235.00,"55,225.00"
2019-11-06,2019110601003745,UPPER,11,22,50,235.00,"11,750.00"
2019-11-06,2019110601003690,UPPER,11,6,40,235.00,"9,400.00"
2019-11-06,2019110601003533,VLBS,38,50,200,560.00,"112,000.00"
2019-11-06,2019110601003440,ADBL,39,16,"1,526",415.00,"633,290.00"
2019-11-06,2019110601003129,ADBL,41,50,50,416.00,"20,800.00"
2019-11-06,2019110601003105,ADBL,49,50,"5,467",416.00,"2,274,272.00"
2019-11-06,2019110601003104,ADBL,49,33,500,416.00,"208,000.00"
2019-11-06,2019110601003103,ADBL,49,59,33,416.00,"13,728.00"
2019-11-06,2019110601003056,ADBL,39,25,"2,051",415.00,"851,165.00"
2019-11-06,2019110601003055,ADBL,36,25,130,415.00,"53,950.00"
2019-11-06,2019110601003054,ADBL,49,25,22,415.00,"9,130.00"
2019-11-06,2019110601003364,AHPC,28,22,66,94.00,"6,204.00"
2019-11-06,2019110601003363,AHPC,28,22,"1,000",94.00,"94,000.00"
2019-11-06,2019110601003362,AHPC,13,22,500,94.00,"47,000.00"
2019-11-06,2019110601003361,AHPC,6,22,20,95.00,"1,900.00"
2019-11-06,2019110601003360,AHPC,1,22,100,95.00,"9,500.00"
2019-11-06,2019110601003359,AHPC,56,22,58,95.00,"5,510.00"
2019-11-06,2019110601003358,AHPC,42,22,30,95.00,"2,850.00"
2019-11-06,2019110601003357,AHPC,22,22,26,95.00,"2,470.00"
2019-11-06,2019110601003438,AKBSL,48,42,200,410.00,"82,000.00"
2019-11-06,2019110601003430,AKBSL,48,42,310,410.00,"127,100.00"
2019-11-06,2019110601003079,AKBSL,32,42,40,410.00,"16,400.00"
2019-11-06,2019110601003023,AKBSL,48,6,10,409.00,"4,090.00"
2019-11-06,2019110601003375,ALBSL,10,45,100,390.00,"39,000.00"
2019-11-06,2019110601003407,API,6,6,"1,084",107.00,"115,988.00"
2019-11-06,2019110601003373,API,33,36,200,106.00,"21,200.00"
2019-11-06,2019110601003198,API,53,29,"1,000",106.00,"106,000.00"
2019-11-06,2019110601003197,API,45,29,300,106.00,"31,800.00"
2019-11-06,2019110601003193,API,41,6,50,107.00,"5,350.00"
2019-11-06,2019110601003116,API,43,29,50,106.00,"5,300.00"
2019-11-06,2019110601003122,API,22,29,100,106.00,"10,600.00"
2019-11-06,2019110601003121,API,45,29,500,106.00,"53,000.00"
2019-11-06,2019110601003120,API,41,29,"2,000",106.00,"212,000.00"
2019-11-06,2019110601003119,API,22,29,20,106.00,"2,120.00"
2019-11-06,2019110601003118,API,39,29,"1,000",106.00,"106,000.00"
2019-11-06,2019110601003117,API,47,29,100,106.00,"10,600.00"
2019-11-06,2019110601003128,API,22,29,200,106.00,"21,200.00"
2019-11-06,2019110601003127,API,8,29,10,106.00,"1,060.00"
2019-11-06,2019110601003126,API,35,29,500,106.00,"53,000.00"
2019-11-06,2019110601003125,API,57,29,40,106.00,"4,240.00"
2019-11-06,2019110601003124,API,34,29,500,106.00,"53,000.00"
2019-11-06,2019110601003123,API,39,29,100,106.00,"10,600.00"
2019-11-06,2019110601003144,BFC,26,54,50,92.00,"4,600.00"
2019-11-06,2019110601003143,BFC,6,54,10,92.00,920.00
2019-11-06,2019110601003464,BOKL,39,16,28,226.00,"6,328.00"
2019-11-06,2019110601003439,BOKL,7,16,300,226.00,"67,800.00"
2019-11-06,2019110601003331,BOKL,7,16,20,226.00,"4,520.00"
2019-11-06,2019110601003002,BOKL,42,16,200,226.00,"45,200.00"
2019-11-06,2019110601003432,BPCL,42,29,12,364.00,"4,368.00"
2019-11-06,2019110601003431,BPCL,28,29,10,365.00,"3,650.00"
2019-11-06,2019110601003398,BPCL,28,29,12,365.00,"4,380.00"
2019-11-06,2019110601003396,BPCL,28,33,200,365.00,"73,000.00"
2019-11-06,2019110601003393,BPCL,28,29,22,365.00,"8,030.00"
2019-11-06,2019110601003390,BPCL,43,29,10,368.00,"3,680.00"
2019-11-06,2019110601003388,BPCL,28,35,234,365.00,"85,410.00"
2019-11-06,2019110601003441,CBBL,45,51,200,970.00,"194,000.00"
2019-11-06,2019110601003321,CBL,45,56,22,141.00,"3,102.00"
2019-11-06,2019110601003320,CBL,45,56,78,141.00,"10,998.00"
2019-11-06,2019110601003145,CCBL,49,59,100,156.00,"15,600.00"
2019-11-06,2019110601003345,CHCL,20,28,100,454.00,"45,400.00"
2019-11-06,2019110601003463,CMF1,58,6,200,8.71,"1,742.00"
2019-11-06,2019110601003005,CZBIL,44,6,500,191.00,"95,500.00"
2019-11-06,2019110601003460,DBBL,59,7,262,124.00,"32,488.00"
2019-11-06,2019110601003459,DBBL,54,7,834,124.00,"103,416.00"
2019-11-06,2019110601003012,DBBL,54,6,30,124.00,"3,720.00"
2019-11-06,2019110601003065,DDBL,58,21,500,730.00,"365,000.00"
2019-11-06,2019110601003064,DDBL,58,45,100,725.00,"72,500.00"
2019-11-06,2019110601002998,DHPL,51,6,10,49.00,490.00
2019-11-06,2019110601003162,EBL,58,14,200,560.00,"112,000.00"
2019-11-06,2019110601003082,EBL,58,59,250,560.00,"140,000.00"
2019-11-06,2019110601003101,EDBL,36,43,20,260.00,"5,200.00"
2019-11-06,2019110601003378,EIC,17,51,95,221.00,"20,995.00"
2019-11-06,2019110601003205,EIC,17,51,155,221.00,"34,255.00"
2019-11-06,2019110601003283,FOWAD,49,40,175,"1,320.00","231,000.00"
2019-11-06,2019110601003282,FOWAD,56,40,10,"1,321.00","13,210.00"
2019-11-06,2019110601003281,FOWAD,49,40,15,"1,322.00","19,830.00"
2019-11-06,2019110601003338,GBBL,55,18,26,223.00,"5,798.00"
2019-11-06,2019110601003067,GBBL,55,59,25,223.00,"5,575.00"
2019-11-06,2019110601003066,GBBL,55,7,300,223.00,"66,900.00"
2019-11-06,2019110601003040,GBBL,56,59,15,223.00,"3,345.00"
2019-11-06,2019110601002997,GBBL,58,59,160,223.00,"35,680.00"
2019-11-06,2019110601002996,GBBL,58,4,100,223.00,"22,300.00"
2019-11-06,2019110601002995,GBBL,58,4,100,223.00,"22,300.00"
2019-11-06,2019110601002994,GBBL,58,4,50,223.00,"11,150.00"
2019-11-06,2019110601002993,GBBL,58,4,50,223.00,"11,150.00"
2019-11-06,2019110601002992,GBBL,58,4,40,223.00,"8,920.00"
2019-11-06,2019110601003458,GBLBS,37,6,15,306.00,"4,590.00"
2019-11-06,2019110601003018,GBLBS,37,6,15,306.00,"4,590.00"
2019-11-06,2019110601002999,GBLBS,37,51,18,306.00,"5,508.00"
2019-11-06,2019110601003436,GGBSL,25,58,10,335.00,"3,350.00"
2019-11-06,2019110601003467,GILB,21,57,50,870.00,"43,500.00"
2019-11-06,2019110601003372,GILB,21,57,50,870.00,"43,500.00"
2019-11-06,2019110601003238,GILB,37,57,50,870.00,"43,500.00"
2019-11-06,2019110601003179,GIMES1,34,19,"5,000",7.94,"39,700.00"
2019-11-06,2019110601003257,GLICL,42,42,922,364.00,"335,608.00"
2019-11-06,2019110601003184,GLICL,42,38,24,364.00,"8,736.00"
2019-11-06,2019110601003167,GLICL,42,48,54,364.00,"19,656.00"
2019-11-06,2019110601003160,GLICL,21,48,50,365.00,"18,250.00"
2019-11-06,2019110601003159,GLICL,36,48,10,366.00,"3,660.00"
2019-11-06,2019110601003244,GMFBS,32,35,10,460.00,"4,600.00"
2019-11-06,2019110601003243,GMFBS,32,35,10,460.00,"4,600.00"
2019-11-06,2019110601003239,GMFBS,32,6,405,459.00,"185,895.00"
2019-11-06,2019110601003224,GMFBS,32,43,10,457.00,"4,570.00"
2019-11-06,2019110601003223,GMFBS,32,41,60,457.00,"27,420.00"
2019-11-06,2019110601003058,GMFBS,14,46,10,454.00,"4,540.00"
2019-11-06,2019110601003062,GUFL,49,6,150,110.00,"16,500.00"
2019-11-06,2019110601003024,GUFL,29,6,20,110.00,"2,200.00"
2019-11-06,2019110601003356,HBL,14,6,88,489.00,"43,032.00"
2019-11-06,2019110601003009,HBL,54,50,35,488.00,"17,080.00"
2019-11-06,2019110601003008,HBL,25,50,40,488.00,"19,520.00"
2019-11-06,2019110601003007,HBL,29,50,25,488.00,"12,200.00"
2019-11-06,2019110601003376,HDL,35,1,100,"1,521.00","152,100.00"
2019-11-06,2019110601003456,HIDCL,21,41,28,134.00,"3,752.00"
2019-11-06,2019110601003455,HIDCL,39,41,200,134.00,"26,800.00"
2019-11-06,2019110601003454,HIDCL,52,41,200,134.00,"26,800.00"
2019-11-06,2019110601003453,HIDCL,6,41,32,134.00,"4,288.00"
2019-11-06,2019110601003330,HIDCL,6,58,54,134.00,"7,236.00"
2019-11-06,2019110601003245,HIDCL,55,41,40,135.00,"5,400.00"
2019-11-06,2019110601003004,HIDCL,55,56,27,135.00,"3,645.00"
2019-11-06,2019110601003022,HPPL,18,6,10,139.00,"1,390.00"
2019-11-06,2019110601003429,ILBS,32,10,100,450.00,"45,000.00"
2019-11-06,2019110601003428,ILBS,32,6,100,450.00,"45,000.00"
2019-11-06,2019110601003427,ILBS,32,38,10,450.00,"4,500.00"
2019-11-06,2019110601003426,ILBS,32,19,107,450.00,"48,150.00"
2019-11-06,2019110601003341,ILBS,22,44,20,446.00,"8,920.00"
2019-11-06,2019110601003336,ILBS,56,44,200,446.00,"89,200.00"
2019-11-06,2019110601003241,ILBS,38,34,10,449.00,"4,490.00"
2019-11-06,2019110601003048,ILBS,43,34,30,447.00,"13,410.00"
2019-11-06,2019110601003047,ILBS,14,34,10,447.00,"4,470.00"
2019-11-06,2019110601003046,ILBS,6,34,50,448.00,"22,400.00"
2019-11-06,2019110601003335,ILBS,14,44,100,446.00,"44,600.00"
2019-11-06,2019110601003334,ILBS,42,44,40,447.00,"17,880.00"
2019-11-06,2019110601003333,ILBS,1,44,200,447.00,"89,400.00"
2019-11-06,2019110601003332,ILBS,43,44,60,447.00,"26,820.00"
2019-11-06,2019110601003311,ILBS,43,18,10,447.00,"4,470.00"
2019-11-06,2019110601003242,ILBS,38,34,10,449.00,"4,490.00"
2019-11-06,2019110601003150,JBBL,57,59,85,157.00,"13,345.00"
2019-11-06,2019110601003315,JFL,6,58,50,193.00,"9,650.00"
2019-11-06,2019110601003309,KBL,7,38,20,182.00,"3,640.00"
2019-11-06,2019110601003074,KBL,43,6,457,181.00,"82,717.00"
2019-11-06,2019110601003073,KBL,56,6,84,181.00,"15,204.00"
2019-11-06,2019110601003080,LBBL,32,6,53,172.00,"9,116.00"
2019-11-06,2019110601003324,LBL,25,44,230,221.00,"50,830.00"
2019-11-06,2019110601003134,LBL,25,17,"2,000",221.00,"442,000.00"
2019-11-06,2019110601003133,LBL,25,6,280,221.00,"61,880.00"
2019-11-06,2019110601003132,LBL,25,17,670,221.00,"148,070.00"
2019-11-06,2019110601003084,LBL,55,6,14,220.00,"3,080.00"
2019-11-06,2019110601003033,LBL,55,6,14,220.00,"3,080.00"
2019-11-06,2019110601003019,LGIL,49,48,"4,662",315.00,"1,468,530.00"
2019-11-06,2019110601003403,LLBS,47,42,10,660.00,"6,600.00"
2019-11-06,2019110601003085,LLBS,19,42,100,660.00,"66,000.00"
2019-11-06,2019110601003306,MBL,39,47,715,225.00,"160,875.00"
2019-11-06,2019110601003299,MBL,39,47,750,225.00,"168,750.00"
2019-11-06,2019110601003276,MBL,39,47,"1,170",225.00,"263,250.00"
2019-11-06,2019110601003275,MBL,37,47,500,225.00,"112,500.00"
2019-11-06,2019110601003274,MBL,4,47,100,225.00,"22,500.00"
2019-11-06,2019110601003273,MBL,50,47,207,226.00,"46,782.00"
2019-11-06,2019110601003272,MBL,39,47,23,226.00,"5,198.00"
2019-11-06,2019110601002989,MBL,39,38,250,226.00,"56,500.00"
2019-11-06,2019110601003295,MDB,48,57,25,240.00,"6,000.00"
2019-11-06,2019110601003090,MEGA,32,6,144,186.00,"26,784.00"
2019-11-06,2019110601003043,MEGA,45,57,500,187.00,"93,500.00"
2019-11-06,2019110601003138,MEGA,32,59,440,186.00,"81,840.00"
2019-11-06,2019110601003216,MERO,43,56,10,432.00,"4,320.00"
2019-11-06,2019110601003215,MERO,19,56,20,432.00,"8,640.00"
2019-11-06,2019110601003210,MERO,19,17,30,432.00,"12,960.00"
2019-11-06,2019110601003094,MHNL,22,6,40,77.00,"3,080.00"
2019-11-06,2019110601003049,MHNL,22,6,40,77.00,"3,080.00"
2019-11-06,2019110601003296,MLBL,34,37,200,186.00,"37,200.00"
2019-11-06,2019110601003203,MLBL,56,54,100,187.00,"18,700.00"
2019-11-06,2019110601003412,MNBBL,32,58,500,317.00,"158,500.00"
2019-11-06,2019110601003340,MNBBL,32,56,69,317.00,"21,873.00"
2019-11-06,2019110601003146,MNBBL,49,14,504,316.00,"159,264.00"
2019-11-06,2019110601003112,MNBBL,49,6,461,316.00,"145,676.00"
2019-11-06,2019110601003110,MNBBL,32,6,40,316.00,"12,640.00"
2019-11-06,2019110601003015,MNBBL,32,43,260,316.00,"82,160.00"
2019-11-06,2019110601003014,MNBBL,49,43,740,316.00,"233,840.00"
2019-11-06,2019110601003131,MPFL,51,45,100,99.00,"9,900.00"
2019-11-06,2019110601003130,MPFL,22,45,100,99.00,"9,900.00"
2019-11-06,2019110601003169,NABIL,14,58,100,765.00,"76,500.00"
2019-11-06,2019110601003108,NABIL,7,58,50,765.00,"38,250.00"
2019-11-06,2019110601003078,NABIL,29,58,100,765.00,"76,500.00"
2019-11-06,2019110601003307,NADEP,40,40,10,391.00,"3,910.00"
2019-11-06,2019110601003424,NBL,52,36,14,313.00,"4,382.00"
2019-11-06,2019110601003423,NBL,6,36,486,313.00,"152,118.00"
2019-11-06,2019110601003395,NBL,6,34,14,313.00,"4,382.00"
2019-11-06,2019110601003298,NBL,56,34,500,313.00,"156,500.00"
2019-11-06,2019110601003259,NBL,56,34,480,313.00,"150,240.00"
2019-11-06,2019110601003258,NBL,56,36,20,313.00,"6,260.00"
2019-11-06,2019110601003209,NBL,47,36,35,313.00,"10,955.00"
2019-11-06,2019110601003208,NBL,58,36,945,313.00,"295,785.00"
2019-11-06,2019110601003140,NBL,58,36,"1,055",313.00,"330,215.00"
2019-11-06,2019110601003109,NBL,47,36,160,313.00,"50,080.00"
2019-11-06,2019110601003092,NBL,28,36,200,313.00,"62,600.00"
2019-11-06,2019110601003089,NBL,42,36,100,313.00,"31,300.00"
2019-11-06,2019110601003421,NCCB,58,54,27,207.00,"5,589.00"
2019-11-06,2019110601003420,NCCB,58,57,133,207.00,"27,531.00"
2019-11-06,2019110601003419,NCCB,58,29,340,207.00,"70,380.00"
2019-11-06,2019110601003265,NCCB,32,49,600,206.00,"123,600.00"
2019-11-06,2019110601003149,NCCB,32,6,36,206.00,"7,416.00"
2019-11-06,2019110601003098,NCCB,58,29,160,207.00,"33,120.00"
2019-11-06,2019110601003097,NCCB,58,51,340,207.00,"70,380.00"
2019-11-06,2019110601003059,NCCB,32,6,16,206.00,"3,296.00"
2019-11-06,2019110601003051,NCCB,32,58,185,206.00,"38,110.00"
2019-11-06,2019110601003034,NCCB,32,58,815,206.00,"167,890.00"
2019-11-06,2019110601003163,NEF,10,6,300,7.75,"2,325.00"
2019-11-06,2019110601003347,NGPL,16,18,11,98.00,"1,078.00"
2019-11-06,2019110601003462,NIB,8,25,100,450.00,"45,000.00"
2019-11-06,2019110601003195,NIB,25,57,100,451.00,"45,100.00"
2019-11-06,2019110601003194,NIB,25,6,14,449.00,"6,286.00"
2019-11-06,2019110601003178,NIB,25,44,200,450.00,"90,000.00"
2019-11-06,2019110601003177,NIB,25,57,100,450.00,"45,000.00"
2019-11-06,2019110601003030,NIB,25,57,100,448.00,"44,800.00"
2019-11-06,2019110601003029,NIB,25,42,50,448.00,"22,400.00"
2019-11-06,2019110601003028,NIB,25,39,150,448.00,"67,200.00"
2019-11-06,2019110601003027,NIB,25,18,161,447.00,"71,967.00"
2019-11-06,2019110601003026,NIB,25,42,29,447.00,"12,963.00"
2019-11-06,2019110601003176,NIB,25,21,50,450.00,"22,500.00"
2019-11-06,2019110601003175,NIB,25,32,450,450.00,"202,500.00"
2019-11-06,2019110601003038,NIB,25,57,100,449.00,"44,900.00"
2019-11-06,2019110601003037,NIB,25,1,10,449.00,"4,490.00"
2019-11-06,2019110601003032,NIB,25,1,110,449.00,"49,390.00"
2019-11-06,2019110601003031,NIB,25,10,200,449.00,"89,800.00"
2019-11-06,2019110601003247,NIBPO,6,39,70,425.00,"29,750.00"
2019-11-06,2019110601003246,NIBPO,6,22,230,425.00,"97,750.00"
2019-11-06,2019110601003068,NIBPO,25,13,200,424.00,"84,800.00"
2019-11-06,2019110601003060,NIBPO,25,44,300,424.00,"127,200.00"
2019-11-06,2019110601003469,NICA,45,40,80,400.00,"32,000.00"
2019-11-06,2019110601003371,NICA,47,26,100,401.00,"40,100.00"
2019-11-06,2019110601003370,NICA,47,55,567,401.00,"227,367.00"
2019-11-06,2019110601003369,NICA,47,43,50,401.00,"20,050.00"
2019-11-06,2019110601003368,NICA,47,47,250,401.00,"100,250.00"
2019-11-06,2019110601003367,NICA,47,4,116,401.00,"46,516.00"
2019-11-06,2019110601003013,NICA,38,33,68,400.00,"27,200.00"
2019-11-06,2019110601003010,NICA,38,33,103,400.00,"41,200.00"
2019-11-06,2019110601003003,NICA,38,33,57,400.00,"22,800.00"
2019-11-06,2019110601003001,NICA,38,33,10,400.00,"4,000.00"
2019-11-06,2019110601003000,NICA,38,22,50,399.00,"19,950.00"
2019-11-06,2019110601003093,NICA,8,4,500,400.00,"200,000.00"
2019-11-06,2019110601003045,NICA,39,33,473,400.00,"189,200.00"
2019-11-06,2019110601003044,NICA,39,14,"1,000",400.00,"400,000.00"
2019-11-06,2019110601003021,NICA,38,33,70,400.00,"28,000.00"
2019-11-06,2019110601003017,NICA,38,33,145,400.00,"58,000.00"
2019-11-06,2019110601003016,NICA,38,33,68,400.00,"27,200.00"
2019-11-06,2019110601003350,NICA,47,4,360,401.00,"144,360.00"
2019-11-06,2019110601003349,NICA,47,6,70,400.00,"28,000.00"
2019-11-06,2019110601003342,NICA,47,6,410,400.00,"164,000.00"
2019-11-06,2019110601003278,NICA,13,6,20,400.00,"8,000.00"
2019-11-06,2019110601003217,NICA,39,29,265,399.00,"105,735.00"
2019-11-06,2019110601003142,NICA,46,4,24,401.00,"9,624.00"
2019-11-06,2019110601003452,NICL,5,39,265,257.00,"68,105.00"
2019-11-06,2019110601003280,NIL,6,6,415,377.00,"156,455.00"
2019-11-06,2019110601003172,NLBBL,22,52,80,507.00,"40,560.00"
2019-11-06,2019110601003304,NLIC,44,49,13,792.00,"10,296.00"
2019-11-06,2019110601003303,NLIC,22,49,24,792.00,"19,008.00"
2019-11-06,2019110601003302,NLIC,7,49,50,793.00,"39,650.00"
2019-11-06,2019110601003301,NLIC,38,49,13,793.00,"10,309.00"
2019-11-06,2019110601003069,NLIC,22,6,22,792.00,"17,424.00"
2019-11-06,2019110601003405,NLICL,39,51,10,436.00,"4,360.00"
2019-11-06,2019110601003316,NNLB,33,39,60,458.00,"27,480.00"
2019-11-06,2019110601003231,NNLB,11,38,50,456.00,"22,800.00"
2019-11-06,2019110601003230,NNLB,11,43,30,456.00,"13,680.00"
2019-11-06,2019110601003207,NNLB,19,42,110,455.00,"50,050.00"
2019-11-06,2019110601003386,NTC,33,29,10,624.00,"6,240.00"
2019-11-06,2019110601003486,NUBL,34,28,100,865.00,"86,500.00"
2019-11-06,2019110601003221,OHL,6,42,40,469.00,"18,760.00"
2019-11-06,2019110601003220,OHL,7,42,12,469.00,"5,628.00"
2019-11-06,2019110601003219,OHL,42,42,10,470.00,"4,700.00"
2019-11-06,2019110601003472,PCBL,43,52,100,262.00,"26,200.00"
2019-11-06,2019110601003471,PCBL,43,34,550,262.00,"144,100.00"
2019-11-06,2019110601003308,PCBL,13,6,12,261.00,"3,132.00"
2019-11-06,2019110601003312,PFL,7,6,11,133.00,"1,463.00"
2019-11-06,2019110601003086,PFL,7,6,11,133.00,"1,463.00"
2019-11-06,2019110601003196,PIC,43,41,100,360.00,"36,000.00"
2019-11-06,2019110601003075,PIC,14,48,70,361.00,"25,270.00"
2019-11-06,2019110601002988,PIC,14,46,20,361.00,"7,220.00"
2019-11-06,2019110601003297,PICL,45,6,20,428.00,"8,560.00"
2019-11-06,2019110601003401,PLIC,6,34,815,316.00,"257,540.00"
2019-11-06,2019110601003400,PLIC,6,55,87,316.00,"27,492.00"
2019-11-06,2019110601003288,PLIC,25,55,413,316.00,"130,508.00"
2019-11-06,2019110601003287,PLIC,25,45,57,315.00,"17,955.00"
2019-11-06,2019110601003286,PLIC,25,1,30,315.00,"9,450.00"
2019-11-06,2019110601003266,PLIC,20,1,100,313.00,"31,300.00"
2019-11-06,2019110601003091,PPCL,45,6,30,96.00,"2,880.00"
2019-11-06,2019110601003348,PRIN,49,41,100,310.00,"31,000.00"
2019-11-06,2019110601003344,PROFL,55,21,20,97.00,"1,940.00"
2019-11-06,2019110601003468,PRVU,38,38,"1,750",266.00,"465,500.00"
2019-11-06,2019110601003444,PRVU,39,42,50,266.00,"13,300.00"
2019-11-06,2019110601003328,PRVU,1,38,500,266.00,"133,000.00"
2019-11-06,2019110601003327,PRVU,34,38,200,266.00,"53,200.00"
2019-11-06,2019110601003326,PRVU,41,38,50,266.00,"13,300.00"
2019-11-06,2019110601003155,PRVU,25,34,100,266.00,"26,600.00"
2019-11-06,2019110601003154,PRVU,57,34,150,266.00,"39,900.00"
2019-11-06,2019110601003006,PRVU,42,34,60,267.00,"16,020.00"
2019-11-06,2019110601002987,PRVU,57,34,350,266.00,"93,100.00"
2019-11-06,2019110601003201,PRVU,1,34,"1,000",266.00,"266,000.00"
2019-11-06,2019110601003158,PRVU,21,34,500,266.00,"133,000.00"
2019-11-06,2019110601003157,PRVU,19,34,500,266.00,"133,000.00"
2019-11-06,2019110601003156,PRVU,25,34,150,266.00,"39,900.00"
2019-11-06,2019110601003414,RBCL,11,17,12,"8,000.00","96,000.00"
2019-11-06,2019110601003413,RBCL,16,17,28,"8,010.00","224,280.00"
2019-11-06,2019110601003382,RBCL,11,17,14,"8,000.00","112,000.00"
2019-11-06,2019110601003355,RBCL,11,17,20,"8,000.00","160,000.00"
2019-11-06,2019110601003294,RBCL,11,59,30,"8,000.00","240,000.00"
2019-11-06,2019110601003290,RBCL,11,59,30,"8,000.00","240,000.00"
2019-11-06,2019110601003251,RBCL,11,17,40,"8,000.00","320,000.00"
2019-11-06,2019110601003153,RBCL,41,6,20,"7,991.00","159,820.00"
2019-11-06,2019110601003476,RHPL,19,59,10,172.00,"1,720.00"
2019-11-06,2019110601003475,RHPL,19,57,20,172.00,"3,440.00"
2019-11-06,2019110601003474,RHPL,19,56,50,172.00,"8,600.00"
2019-11-06,2019110601003473,RHPL,19,28,20,172.00,"3,440.00"
2019-11-06,2019110601003465,RHPL,58,45,30,171.00,"5,130.00"
2019-11-06,2019110601003457,RHPL,58,45,30,171.00,"5,130.00"
2019-11-06,2019110601003011,RHPL,59,45,30,171.00,"5,130.00"
2019-11-06,2019110601003096,RHPL,59,45,30,171.00,"5,130.00"
2019-11-06,2019110601003076,RHPL,59,45,30,171.00,"5,130.00"
2019-11-06,2019110601003072,RHPL,59,35,40,171.00,"6,840.00"
2019-11-06,2019110601003071,RHPL,59,45,30,171.00,"5,130.00"
2019-11-06,2019110601003050,RHPL,59,45,30,171.00,"5,130.00"
2019-11-06,2019110601003039,RHPL,59,45,30,171.00,"5,130.00"
2019-11-06,2019110601003161,RHPL,39,43,30,171.00,"5,130.00"
2019-11-06,2019110601003148,RHPL,39,45,20,171.00,"3,420.00"
2019-11-06,2019110601003147,RHPL,59,45,10,171.00,"1,710.00"
2019-11-06,2019110601003139,RHPL,59,45,30,171.00,"5,130.00"
2019-11-06,2019110601003107,RHPL,59,11,30,171.00,"5,130.00"
2019-11-06,2019110601003106,RHPL,59,6,10,171.00,"1,710.00"
2019-11-06,2019110601003226,RHPL,39,45,30,171.00,"5,130.00"
2019-11-06,2019110601003222,RHPL,39,43,30,171.00,"5,130.00"
2019-11-06,2019110601003204,RHPL,39,43,30,171.00,"5,130.00"
2019-11-06,2019110601003200,RHPL,39,45,30,171.00,"5,130.00"
2019-11-06,2019110601003183,RHPL,39,43,30,171.00,"5,130.00"
2019-11-06,2019110601003171,RHPL,39,45,30,171.00,"5,130.00"
2019-11-06,2019110601003291,RHPL,25,26,70,171.00,"11,970.00"
2019-11-06,2019110601003269,RHPL,25,43,30,171.00,"5,130.00"
2019-11-06,2019110601003264,RHPL,25,43,20,171.00,"3,420.00"
2019-11-06,2019110601003263,RHPL,39,43,10,171.00,"1,710.00"
2019-11-06,2019110601003256,RHPL,39,45,30,171.00,"5,130.00"
2019-11-06,2019110601003248,RHPL,39,45,30,171.00,"5,130.00"
2019-11-06,2019110601003354,RHPL,25,45,30,171.00,"5,130.00"
2019-11-06,2019110601003339,RHPL,25,45,30,171.00,"5,130.00"
2019-11-06,2019110601003337,RHPL,25,43,30,171.00,"5,130.00"
2019-11-06,2019110601003329,RHPL,25,45,30,171.00,"5,130.00"
2019-11-06,2019110601003305,RHPL,25,45,30,171.00,"5,130.00"
2019-11-06,2019110601003292,RHPL,25,45,30,171.00,"5,130.00"
2019-11-06,2019110601003402,RHPL,25,45,30,171.00,"5,130.00"
2019-11-06,2019110601003389,RHPL,25,43,30,171.00,"5,130.00"
2019-11-06,2019110601003381,RHPL,25,6,10,171.00,"1,710.00"
2019-11-06,2019110601003374,RHPL,25,43,30,171.00,"5,130.00"
2019-11-06,2019110601003366,RHPL,25,45,30,171.00,"5,130.00"
2019-11-06,2019110601003365,RHPL,25,43,30,171.00,"5,130.00"
2019-11-06,2019110601003434,RHPL,58,45,30,171.00,"5,130.00"
2019-11-06,2019110601003433,RHPL,58,52,40,171.00,"6,840.00"
2019-11-06,2019110601003425,RHPL,38,45,30,171.00,"5,130.00"
2019-11-06,2019110601003410,RHPL,38,45,20,171.00,"3,420.00"
2019-11-06,2019110601003409,RHPL,25,45,10,171.00,"1,710.00"
2019-11-06,2019110601003404,RHPL,25,43,30,171.00,"5,130.00"
2019-11-06,2019110601003383,RLFL,42,6,73,111.00,"8,103.00"
2019-11-06,2019110601003170,RLFL,42,59,100,111.00,"11,100.00"
2019-11-06,2019110601003115,RLFL,42,6,73,111.00,"8,103.00"
2019-11-06,2019110601003095,RLFL,42,41,60,111.00,"6,660.00"
2019-11-06,2019110601003300,RRHP,22,18,10,101.00,"1,010.00"
2019-11-06,2019110601003260,RSDC,42,39,35,324.00,"11,340.00"
2019-11-06,2019110601003268,RSDC,53,39,21,319.00,"6,699.00"
2019-11-06,2019110601003267,RSDC,59,39,100,319.00,"31,900.00"
2019-11-06,2019110601003262,RSDC,50,39,10,324.00,"3,240.00"
2019-11-06,2019110601003261,RSDC,16,39,10,324.00,"3,240.00"
2019-11-06,2019110601003379,SABSL,40,40,10,452.00,"4,520.00"
2019-11-06,2019110601003319,SABSL,45,18,10,450.00,"4,500.00"
2019-11-06,2019110601003191,SABSL,42,58,10,455.00,"4,550.00"
2019-11-06,2019110601003190,SABSL,42,53,100,455.00,"45,500.00"
2019-11-06,2019110601003189,SABSL,42,25,10,455.00,"4,550.00"
2019-11-06,2019110601003188,SABSL,42,25,10,455.00,"4,550.00"
2019-11-06,2019110601003187,SABSL,42,5,50,455.00,"22,750.00"
2019-11-06,2019110601003186,SABSL,42,57,50,454.00,"22,700.00"
2019-11-06,2019110601003165,SABSL,45,11,10,450.00,"4,500.00"
2019-11-06,2019110601003137,SABSL,14,53,40,451.00,"18,040.00"
2019-11-06,2019110601003136,SABSL,14,53,40,451.00,"18,040.00"
2019-11-06,2019110601003135,SABSL,22,53,50,451.00,"22,550.00"
2019-11-06,2019110601003250,SADBL,28,42,156,139.00,"21,684.00"
2019-11-06,2019110601003088,SADBL,28,59,164,139.00,"22,796.00"
2019-11-06,2019110601003087,SADBL,40,59,100,139.00,"13,900.00"
2019-11-06,2019110601003279,SBL,53,7,500,289.00,"144,500.00"
2019-11-06,2019110601003237,SBL,53,41,90,289.00,"26,010.00"
2019-11-06,2019110601003236,SBL,34,41,320,289.00,"92,480.00"
2019-11-06,2019110601003235,SBL,59,41,100,289.00,"28,900.00"
2019-11-06,2019110601003234,SBL,41,41,100,289.00,"28,900.00"
2019-11-06,2019110601003233,SBL,5,41,41,289.00,"11,849.00"
2019-11-06,2019110601003042,SBL,5,42,159,289.00,"45,951.00"
2019-11-06,2019110601003041,SBL,41,42,70,289.00,"20,230.00"
2019-11-06,2019110601003450,SCB,38,20,39,555.00,"21,645.00"
2019-11-06,2019110601003449,SCB,6,20,200,555.00,"111,000.00"
2019-11-06,2019110601003448,SCB,35,20,20,555.00,"11,100.00"
2019-11-06,2019110601003447,SCB,35,20,50,555.00,"27,750.00"
2019-11-06,2019110601003446,SCB,42,20,39,555.00,"21,645.00"
2019-11-06,2019110601003228,SCB,36,20,20,556.00,"11,120.00"
2019-11-06,2019110601003227,SCB,36,52,30,556.00,"16,680.00"
2019-11-06,2019110601003141,SCB,42,6,20,555.00,"11,100.00"
2019-11-06,2019110601003036,SCB,50,52,20,556.00,"11,120.00"
2019-11-06,2019110601003035,SCB,8,52,400,556.00,"222,400.00"
2019-11-06,2019110601003164,SDESI,22,6,23,630.00,"14,490.00"
2019-11-06,2019110601003391,SHINE,19,6,70,254.00,"17,780.00"
2019-11-06,2019110601003397,SHIVM,5,6,50,483.00,"24,150.00"
2019-11-06,2019110601003173,SHIVM,5,6,50,483.00,"24,150.00"
2019-11-06,2019110601003113,SHPC,52,52,40,190.00,"7,600.00"
2019-11-06,2019110601003100,SHPC,17,52,70,190.00,"13,300.00"
2019-11-06,2019110601003099,SHPC,17,34,50,190.00,"9,500.00"
2019-11-06,2019110601003323,SICL,43,45,130,735.00,"95,550.00"
2019-11-06,2019110601003270,SICL,25,45,20,735.00,"14,700.00"
2019-11-06,2019110601003310,SIL,25,33,10,383.00,"3,830.00"
2019-11-06,2019110601003485,SJCL,52,35,20,167.00,"3,340.00"
2019-11-06,2019110601003484,SJCL,52,28,20,167.00,"3,340.00"
2019-11-06,2019110601003483,SJCL,52,28,10,167.00,"1,670.00"
2019-11-06,2019110601003482,SJCL,52,40,20,167.00,"3,340.00"
2019-11-06,2019110601003481,SJCL,52,40,10,167.00,"1,670.00"
2019-11-06,2019110601003480,SJCL,52,40,20,167.00,"3,340.00"
2019-11-06,2019110601003025,SJCL,11,45,20,166.00,"3,320.00"
2019-11-06,2019110601003020,SJCL,11,45,20,166.00,"3,320.00"
2019-11-06,2019110601003083,SJCL,11,35,20,166.00,"3,320.00"
2019-11-06,2019110601003081,SJCL,11,45,20,166.00,"3,320.00"
2019-11-06,2019110601003063,SJCL,11,45,20,166.00,"3,320.00"
2019-11-06,2019110601003057,SJCL,11,45,20,166.00,"3,320.00"
2019-11-06,2019110601003168,SJCL,45,43,20,166.00,"3,320.00"
2019-11-06,2019110601003166,SJCL,11,45,20,166.00,"3,320.00"
2019-11-06,2019110601003152,SJCL,11,45,20,166.00,"3,320.00"
2019-11-06,2019110601003114,SJCL,11,45,20,166.00,"3,320.00"
2019-11-06,2019110601003102,SJCL,11,45,20,166.00,"3,320.00"
2019-11-06,2019110601003206,SJCL,45,45,20,166.00,"3,320.00"
2019-11-06,2019110601003199,SJCL,45,43,20,166.00,"3,320.00"
2019-11-06,2019110601003185,SJCL,45,43,20,166.00,"3,320.00"
2019-11-06,2019110601003182,SJCL,45,6,10,166.00,"1,660.00"
2019-11-06,2019110601003180,SJCL,56,40,20,167.00,"3,340.00"
2019-11-06,2019110601003174,SJCL,45,8,50,166.00,"8,300.00"
2019-11-06,2019110601003277,SJCL,45,43,20,166.00,"3,320.00"
2019-11-06,2019110601003271,SJCL,45,45,20,166.00,"3,320.00"
2019-11-06,2019110601003249,SJCL,45,43,20,166.00,"3,320.00"
2019-11-06,2019110601003240,SJCL,45,45,20,166.00,"3,320.00"
2019-11-06,2019110601003232,SJCL,45,43,20,166.00,"3,320.00"
2019-11-06,2019110601003229,SJCL,45,45,20,166.00,"3,320.00"
2019-11-06,2019110601003343,SJCL,45,45,20,166.00,"3,320.00"
2019-11-06,2019110601003325,SJCL,45,45,20,166.00,"3,320.00"
2019-11-06,2019110601003314,SJCL,45,45,10,166.00,"1,660.00"
2019-11-06,2019110601003313,SJCL,35,45,10,166.00,"1,660.00"
2019-11-06,2019110601003293,SJCL,45,43,20,166.00,"3,320.00"
2019-11-06,2019110601003284,SJCL,45,45,20,166.00,"3,320.00"
2019-11-06,2019110601003380,SJCL,32,43,20,166.00,"3,320.00"
2019-11-06,2019110601003377,SJCL,32,45,20,166.00,"3,320.00"
2019-11-06,2019110601003353,SJCL,32,43,10,166.00,"1,660.00"
2019-11-06,2019110601003352,SJCL,45,43,10,166.00,"1,660.00"
2019-11-06,2019110601003351,SJCL,45,45,20,166.00,"3,320.00"
2019-11-06,2019110601003346,SJCL,45,43,20,166.00,"3,320.00"
2019-11-06,2019110601003418,SJCL,37,45,20,166.00,"3,320.00"
2019-11-06,2019110601003416,SJCL,37,45,20,166.00,"3,320.00"
2019-11-06,2019110601003408,SJCL,37,43,20,166.00,"3,320.00"
2019-11-06,2019110601003406,SJCL,32,6,10,166.00,"1,660.00"
2019-11-06,2019110601003394,SJCL,32,45,20,166.00,"3,320.00"
2019-11-06,2019110601003384,SJCL,32,43,20,166.00,"3,320.00"
2019-11-06,2019110601003479,SJCL,52,40,20,167.00,"3,340.00"
2019-11-06,2019110601003478,SJCL,52,40,10,167.00,"1,670.00"
2019-11-06,2019110601003477,SJCL,52,40,20,167.00,"3,340.00"
2019-11-06,2019110601003470,SJCL,37,45,20,166.00,"3,320.00"
2019-11-06,2019110601003445,SJCL,37,45,20,166.00,"3,320.00"
2019-11-06,2019110601003437,SJCL,37,45,20,166.00,"3,320.00"
2019-11-06,2019110601003392,SLBBL,36,20,45,572.00,"25,740.00"
2019-11-06,2019110601002990,SLBBL,37,40,400,568.00,"227,200.00"
2019-11-06,2019110601003385,SLBSL,36,18,10,719.00,"7,190.00"
2019-11-06,2019110601003111,SLICL,29,39,135,257.00,"34,695.00"
2019-11-06,2019110601003053,SLICL,42,42,300,260.00,"78,000.00"
2019-11-06,2019110601003052,SLICL,58,42,10,261.00,"2,610.00"
2019-11-06,2019110601003289,SMATA,42,19,50,525.00,"26,250.00"
2019-11-06,2019110601003181,SMATA,35,39,38,525.00,"19,950.00"
2019-11-06,2019110601003411,SMFBS,57,6,10,778.00,"7,780.00"
2019-11-06,2019110601003443,SPDL,56,21,20,74.00,"1,480.00"
2019-11-06,2019110601003192,SPDL,56,6,15,74.00,"1,110.00"
2019-11-06,2019110601003417,SRBL,33,6,64,207.00,"13,248.00"
2019-11-06,2019110601003285,SRBL,7,34,20,208.00,"4,160.00"
2019-11-06,2019110601003077,SRBL,48,34,29,208.00,"6,032.00"
2019-11-06,2019110601003435,TMDBL,26,6,50,147.00,"7,350.00"
2019-11-06,2019110601003387,UIC,42,41,35,241.00,"8,435.00"
2019-11-06,2019110601003218,UIC,58,38,10,243.00,"2,430.00"
2019-11-06,2019110601003442,UMHL,36,6,14,100.00,"1,400.00"
2019-11-06,2019110601003451,UNHPL,52,6,50,52.00,"2,600.00"
2019-11-06,2019110601003461,UPCL,52,6,60,73.00,"4,380.00"
2019-11-06,2019110601003225,UPCL,52,48,50,73.00,"3,650.00"
2019-11-06,2019110601003202,UPCL,52,6,100,73.00,"7,300.00"
2019-11-06,2019110601003466,UPPER,11,6,50,235.00,"11,750.00"
2019-11-06,2019110601003422,UPPER,11,52,40,235.00,"9,400.00"
2019-11-06,2019110601003399,UPPER,42,59,60,236.00,"14,160.00"
2019-11-06,2019110601003322,UPPER,11,6,50,235.00,"11,750.00"
2019-11-06,2019110601003318,UPPER,11,33,35,235.00,"8,225.00"
2019-11-06,2019110601003212,UPPER,52,11,19,235.00,"4,465.00"
2019-11-06,2019110601003211,UPPER,44,11,60,236.00,"14,160.00"
2019-11-06,2019110601003070,UPPER,44,53,50,236.00,"11,800.00"
2019-11-06,2019110601003061,UPPER,44,53,50,236.00,"11,800.00"
2019-11-06,2019110601002991,UPPER,44,56,40,236.00,"9,440.00"
2019-11-06,2019110601003317,UPPER,40,33,65,235.00,"15,275.00"
2019-11-06,2019110601003254,UPPER,40,42,35,235.00,"8,225.00"
2019-11-06,2019110601003253,UPPER,51,42,100,235.00,"23,500.00"
2019-11-06,2019110601003252,UPPER,51,42,65,235.00,"15,275.00"
2019-11-06,2019110601003214,UPPER,54,11,100,235.00,"23,500.00"
2019-11-06,2019110601003213,UPPER,54,11,20,235.00,"4,700.00"
2019-11-06,2019110601003415,VLBS,38,29,13,560.00,"7,280.00"
2019-11-06,2019110601003255,VLBS,38,53,88,560.00,"49,280.00"
2019-11-06,2019110601003151,VLBS,38,39,34,560.00,"19,040.00"
2019-11-06,2019110601002956,ADBL,36,59,23,416.00,"9,568.00"
2019-11-06,2019110601002955,ADBL,36,52,839,416.00,"349,024.00"
2019-11-06,2019110601002954,ADBL,36,29,138,416.00,"57,408.00"
2019-11-06,2019110601002909,ADBL,26,29,100,416.00,"41,600.00"
2019-11-06,2019110601002908,ADBL,49,29,943,416.00,"392,288.00"
2019-11-06,2019110601002895,ADBL,49,51,36,416.00,"14,976.00"
2019-11-06,2019110601002789,ADBL,49,29,110,416.00,"45,760.00"
2019-11-06,2019110601002739,ADBL,49,14,200,416.00,"83,200.00"
2019-11-06,2019110601002723,ADBL,49,29,111,416.00,"46,176.00"
2019-11-06,2019110601002571,ADBL,49,14,100,416.00,"41,600.00"
2019-11-06,2019110601002678,AHPC,22,50,74,95.00,"7,030.00"
2019-11-06,2019110601002681,AKBSL,48,58,100,409.00,"40,900.00"
2019-11-06,2019110601002529,AKBSL,48,40,10,408.00,"4,080.00"
2019-11-06,2019110601002525,AKBSL,48,40,10,408.00,"4,080.00"
2019-11-06,2019110601002509,AKBSL,48,40,10,408.00,"4,080.00"
2019-11-06,2019110601002487,AKBSL,48,40,10,408.00,"4,080.00"
2019-11-06,2019110601002589,AKJCL,39,37,20,52.00,"1,040.00"
2019-11-06,2019110601002930,ALBSL,48,45,70,390.00,"27,300.00"
2019-11-06,2019110601002822,ALBSL,48,16,30,390.00,"11,700.00"
2019-11-06,2019110601002821,ALBSL,56,16,90,390.00,"35,100.00"
2019-11-06,2019110601002790,ALBSL,56,7,100,390.00,"39,000.00"
2019-11-06,2019110601002712,ALBSL,56,28,10,390.00,"3,900.00"
2019-11-06,2019110601002680,ALICL,58,36,90,311.00,"27,990.00"
2019-11-06,2019110601002806,API,25,38,453,107.00,"48,471.00"
2019-11-06,2019110601002741,API,43,38,500,107.00,"53,500.00"
2019-11-06,2019110601002740,API,57,38,47,107.00,"5,029.00"
2019-11-06,2019110601002662,API,57,43,540,107.00,"57,780.00"
2019-11-06,2019110601002889,BOKL,59,16,100,226.00,"22,600.00"
2019-11-06,2019110601002971,BPCL,28,50,11,365.00,"4,015.00"
2019-11-06,2019110601002690,BPCL,28,14,11,365.00,"4,015.00"
2019-11-06,2019110601002716,CBBL,6,33,10,964.00,"9,640.00"
2019-11-06,2019110601002715,CBBL,18,33,20,965.00,"19,300.00"
2019-11-06,2019110601002714,CBBL,57,33,10,965.00,"9,650.00"
2019-11-06,2019110601002713,CBBL,45,33,10,965.00,"9,650.00"
2019-11-06,2019110601002727,CBL,45,29,199,141.00,"28,059.00"
2019-11-06,2019110601002823,CCBL,37,17,100,157.00,"15,700.00"
2019-11-06,2019110601002569,CCBL,49,25,"2,000",157.00,"314,000.00"
2019-11-06,2019110601002568,CCBL,49,42,149,157.00,"23,393.00"
2019-11-06,2019110601002567,CCBL,49,1,50,157.00,"7,850.00"
2019-11-06,2019110601002566,CCBL,49,45,90,157.00,"14,130.00"
2019-11-06,2019110601002856,CHCL,22,42,100,455.00,"45,500.00"
2019-11-06,2019110601002850,CHCL,22,42,100,455.00,"45,500.00"
2019-11-06,2019110601002773,CHCL,22,16,80,454.00,"36,320.00"
2019-11-06,2019110601002575,CHCL,36,43,100,453.00,"45,300.00"
2019-11-06,2019110601002531,CHCL,57,43,200,453.00,"90,600.00"
2019-11-06,2019110601002562,CIT,19,52,45,"1,770.00","79,650.00"
2019-11-06,2019110601002561,CIT,5,52,50,"1,770.00","88,500.00"
2019-11-06,2019110601002560,CIT,7,52,100,"1,770.00","177,000.00"
2019-11-06,2019110601002559,CIT,19,52,25,"1,771.00","44,275.00"
2019-11-06,2019110601002558,CIT,37,52,20,"1,775.00","35,500.00"
2019-11-06,2019110601002557,CIT,7,52,10,"1,775.00","17,750.00"
2019-11-06,2019110601002708,CZBIL,44,26,21,191.00,"4,011.00"
2019-11-06,2019110601002691,CZBIL,44,50,10,191.00,"1,910.00"
2019-11-06,2019110601002593,CZBIL,44,42,248,191.00,"47,368.00"
2019-11-06,2019110601002592,CZBIL,44,38,150,191.00,"28,650.00"
2019-11-06,2019110601002546,CZBIL,45,57,47,190.00,"8,930.00"
2019-11-06,2019110601002545,CZBIL,43,57,500,190.00,"95,000.00"
2019-11-06,2019110601002544,CZBIL,38,57,100,190.00,"19,000.00"
2019-11-06,2019110601002543,CZBIL,20,57,100,190.00,"19,000.00"
2019-11-06,2019110601002542,CZBIL,51,57,50,190.00,"9,500.00"
2019-11-06,2019110601002541,CZBIL,41,57,"1,000",190.00,"190,000.00"
2019-11-06,2019110601002540,CZBIL,42,57,275,190.00,"52,250.00"
2019-11-06,2019110601002754,DDBL,28,6,334,724.00,"241,816.00"
2019-11-06,2019110601002897,EBL,47,59,250,560.00,"140,000.00"
2019-11-06,2019110601002896,EBL,47,26,50,560.00,"28,000.00"
2019-11-06,2019110601002870,EBL,58,43,290,558.00,"161,820.00"
2019-11-06,2019110601002859,EBL,47,26,50,560.00,"28,000.00"
2019-11-06,2019110601002858,EBL,47,42,50,560.00,"28,000.00"
2019-11-06,2019110601002641,EBL,49,48,555,556.00,"308,580.00"
2019-11-06,2019110601002640,EBL,59,48,356,557.00,"198,292.00"
2019-11-06,2019110601002604,EBL,59,28,44,557.00,"24,508.00"
2019-11-06,2019110601002501,EBL,28,28,40,557.00,"22,280.00"
2019-11-06,2019110601002857,EBL,47,16,300,560.00,"168,000.00"
2019-11-06,2019110601002794,EBL,58,43,100,558.00,"55,800.00"
2019-11-06,2019110601002793,EBL,58,28,59,558.00,"32,922.00"
2019-11-06,2019110601002745,EBL,58,28,241,558.00,"134,478.00"
2019-11-06,2019110601002733,EBL,58,28,120,558.00,"66,960.00"
2019-11-06,2019110601002718,EBL,58,14,139,558.00,"77,562.00"
2019-11-06,2019110601002888,EIC,29,51,250,220.00,"55,000.00"
2019-11-06,2019110601002937,FMDBL,26,51,125,307.00,"38,375.00"
2019-11-06,2019110601002936,FMDBL,55,51,50,307.00,"15,350.00"
2019-11-06,2019110601002935,FMDBL,58,51,50,307.00,"15,350.00"
2019-11-06,2019110601002934,FMDBL,16,51,30,307.00,"9,210.00"
2019-11-06,2019110601002824,FOWAD,38,49,15,"1,322.00","19,830.00"
2019-11-06,2019110601002770,GBBL,1,4,10,223.00,"2,230.00"
2019-11-06,2019110601002769,GBBL,1,4,20,223.00,"4,460.00"
2019-11-06,2019110601002707,GBBL,17,4,30,223.00,"6,690.00"
2019-11-06,2019110601002706,GBBL,17,4,50,223.00,"11,150.00"
2019-11-06,2019110601002705,GBBL,17,4,20,223.00,"4,460.00"
2019-11-06,2019110601002700,GBBL,25,4,30,223.00,"6,690.00"
2019-11-06,2019110601002693,GBBL,25,4,100,223.00,"22,300.00"
2019-11-06,2019110601002692,GBBL,25,4,20,223.00,"4,460.00"
2019-11-06,2019110601002513,GBBL,42,4,30,223.00,"6,690.00"
2019-11-06,2019110601002512,GBBL,42,4,50,223.00,"11,150.00"
2019-11-06,2019110601002511,GBBL,42,4,109,223.00,"24,307.00"
2019-11-06,2019110601002510,GBBL,42,1,11,223.00,"2,453.00"
2019-11-06,2019110601002699,GBBL,25,4,50,223.00,"11,150.00"
2019-11-06,2019110601002698,GBBL,25,4,50,223.00,"11,150.00"
2019-11-06,2019110601002697,GBBL,25,4,100,223.00,"22,300.00"
2019-11-06,2019110601002696,GBBL,25,4,50,223.00,"11,150.00"
2019-11-06,2019110601002695,GBBL,25,4,50,223.00,"11,150.00"
2019-11-06,2019110601002694,GBBL,25,4,50,223.00,"11,150.00"
2019-11-06,2019110601002973,GBLBS,43,51,182,306.00,"55,692.00"
2019-11-06,2019110601002967,GBLBS,43,50,18,306.00,"5,508.00"
2019-11-06,2019110601002927,GBLBS,40,14,400,307.00,"122,800.00"
2019-11-06,2019110601002901,GBLBS,47,51,100,306.00,"30,600.00"
2019-11-06,2019110601002900,GBLBS,20,51,100,306.00,"30,600.00"
2019-11-06,2019110601002899,GBLBS,50,51,385,306.00,"117,810.00"
2019-11-06,2019110601002752,GBLBS,50,16,115,306.00,"35,190.00"
2019-11-06,2019110601002751,GBLBS,18,16,15,306.00,"4,590.00"
2019-11-06,2019110601002577,GBLBS,18,52,485,306.00,"148,410.00"
2019-11-06,2019110601002576,GBLBS,51,52,15,306.00,"4,590.00"
2019-11-06,2019110601002553,GBLBS,51,42,35,306.00,"10,710.00"
2019-11-06,2019110601002552,GBLBS,41,42,40,306.00,"12,240.00"
2019-11-06,2019110601002748,GLICL,21,6,100,367.00,"36,700.00"
2019-11-06,2019110601002565,GLICL,36,57,90,366.00,"32,940.00"
2019-11-06,2019110601002535,GLICL,58,57,50,365.00,"18,250.00"
2019-11-06,2019110601002704,GMFBS,14,59,10,454.00,"4,540.00"
2019-11-06,2019110601002602,HBL,17,5,100,490.00,"49,000.00"
2019-11-06,2019110601002581,HBL,44,45,100,489.00,"48,900.00"
2019-11-06,2019110601002805,HIDCL,55,29,33,135.00,"4,455.00"
2019-11-06,2019110601002804,HIDCL,52,29,28,135.00,"3,780.00"
2019-11-06,2019110601002731,HIDCL,52,29,61,135.00,"8,235.00"
2019-11-06,2019110601002763,HURJA,51,50,20,101.00,"2,020.00"
2019-11-06,2019110601002661,ICFC,50,25,100,160.00,"16,000.00"
2019-11-06,2019110601002660,ICFC,41,25,10,160.00,"1,600.00"
2019-11-06,2019110601002563,IGI,45,42,90,288.00,"25,920.00"
2019-11-06,2019110601002942,ILBS,14,58,40,449.00,"17,960.00"
2019-11-06,2019110601002765,ILBS,14,29,10,447.00,"4,470.00"
2019-11-06,2019110601002744,ILBS,14,58,10,449.00,"4,490.00"
2019-11-06,2019110601002659,ILBS,14,55,10,447.00,"4,470.00"
2019-11-06,2019110601002627,ILBS,14,26,10,447.00,"4,470.00"
2019-11-06,2019110601002622,ILBS,14,26,10,447.00,"4,470.00"
2019-11-06,2019110601002742,JBBL,57,29,93,157.00,"14,601.00"
2019-11-06,2019110601002672,JBBL,57,43,322,157.00,"50,554.00"
2019-11-06,2019110601002671,JBBL,42,43,15,157.00,"2,355.00"
2019-11-06,2019110601002670,JBBL,14,43,23,157.00,"3,611.00"
2019-11-06,2019110601002964,KBL,56,10,"1,000",181.00,"181,000.00"
2019-11-06,2019110601002918,KBL,56,25,681,181.00,"123,261.00"
2019-11-06,2019110601002844,KBL,58,38,20,182.00,"3,640.00"
2019-11-06,2019110601002719,KBL,56,26,30,181.00,"5,430.00"
2019-11-06,2019110601002556,KSBBL,51,47,50,144.00,"7,200.00"
2019-11-06,2019110601002959,LBL,1,44,175,220.00,"38,500.00"
2019-11-06,2019110601002820,LBL,14,44,100,220.00,"22,000.00"
2019-11-06,2019110601002819,LBL,33,44,100,220.00,"22,000.00"
2019-11-06,2019110601002507,LBL,21,45,90,220.00,"19,800.00"
2019-11-06,2019110601002506,LBL,51,45,200,220.00,"44,000.00"
2019-11-06,2019110601002505,LBL,5,45,500,220.00,"110,000.00"
2019-11-06,2019110601002504,LBL,25,45,185,220.00,"40,700.00"
2019-11-06,2019110601002818,LBL,25,44,125,220.00,"27,500.00"
2019-11-06,2019110601002771,LBL,52,17,20,221.00,"4,420.00"
2019-11-06,2019110601002746,LBL,49,17,200,221.00,"44,200.00"
2019-11-06,2019110601002738,LBL,41,17,10,221.00,"2,210.00"
2019-11-06,2019110601002572,LBL,36,17,100,221.00,"22,100.00"
2019-11-06,2019110601002508,LBL,25,45,25,220.00,"5,500.00"
2019-11-06,2019110601002580,LGIL,49,42,150,315.00,"47,250.00"
2019-11-06,2019110601002979,MBL,39,38,120,226.00,"27,120.00"
2019-11-06,2019110601002976,MBL,39,38,125,226.00,"28,250.00"
2019-11-06,2019110601002972,MBL,39,38,120,226.00,"27,120.00"
2019-11-06,2019110601002970,MBL,39,38,180,226.00,"40,680.00"
2019-11-06,2019110601002968,MBL,39,38,100,226.00,"22,600.00"
2019-11-06,2019110601002963,MBL,39,38,82,226.00,"18,532.00"
2019-11-06,2019110601002625,MBL,51,38,195,226.00,"44,070.00"
2019-11-06,2019110601002623,MBL,51,38,80,226.00,"18,080.00"
2019-11-06,2019110601002618,MBL,51,38,60,226.00,"13,560.00"
2019-11-06,2019110601002616,MBL,51,38,90,226.00,"20,340.00"
2019-11-06,2019110601002614,MBL,51,38,75,226.00,"16,950.00"
2019-11-06,2019110601002530,MBL,33,57,504,226.00,"113,904.00"
2019-11-06,2019110601002962,MBL,58,38,20,226.00,"4,520.00"
2019-11-06,2019110601002703,MBL,34,29,100,225.00,"22,500.00"
2019-11-06,2019110601002639,MBL,14,38,80,226.00,"18,080.00"
2019-11-06,2019110601002636,MBL,14,38,180,226.00,"40,680.00"
2019-11-06,2019110601002628,MBL,14,38,210,226.00,"47,460.00"
2019-11-06,2019110601002626,MBL,14,38,140,226.00,"31,640.00"
2019-11-06,2019110601002814,MEGA,37,57,100,187.00,"18,700.00"
2019-11-06,2019110601002666,MEGA,28,42,"1,000",187.00,"187,000.00"
2019-11-06,2019110601002665,MEGA,28,13,200,187.00,"37,400.00"
2019-11-06,2019110601002664,MEGA,28,14,830,187.00,"155,210.00"
2019-11-06,2019110601002656,MEGA,28,14,"1,170",187.00,"218,790.00"
2019-11-06,2019110601002655,MEGA,28,1,830,187.00,"155,210.00"
2019-11-06,2019110601002683,MERO,7,38,40,431.00,"17,240.00"
2019-11-06,2019110601002682,MERO,36,38,60,431.00,"25,860.00"
2019-11-06,2019110601002722,MFIL,41,6,10,127.00,"1,270.00"
2019-11-06,2019110601002798,MLBL,34,41,32,186.00,"5,952.00"
2019-11-06,2019110601002750,MLBL,34,54,439,187.00,"82,093.00"
2019-11-06,2019110601002736,MLBL,34,54,500,187.00,"93,500.00"
2019-11-06,2019110601002735,MLBL,34,54,61,187.00,"11,407.00"
2019-11-06,2019110601002619,MLBL,37,54,400,187.00,"74,800.00"
2019-11-06,2019110601002578,MLBL,3,54,39,187.00,"7,293.00"
2019-11-06,2019110601002494,MLBL,3,5,86,187.00,"16,082.00"
2019-11-06,2019110601002493,MLBL,14,5,80,187.00,"14,960.00"
2019-11-06,2019110601002966,MNBBL,55,56,50,317.00,"15,850.00"
2019-11-06,2019110601002890,MNBBL,49,48,"2,240",316.00,"707,840.00"
2019-11-06,2019110601002775,MNBBL,32,56,160,317.00,"50,720.00"
2019-11-06,2019110601002720,MNBBL,49,26,20,316.00,"6,320.00"
2019-11-06,2019110601002679,MNBBL,43,56,100,317.00,"31,700.00"
2019-11-06,2019110601002611,MNBBL,51,56,121,317.00,"38,357.00"
2019-11-06,2019110601002953,NABIL,25,58,380,765.00,"290,700.00"
2019-11-06,2019110601002943,NABIL,25,58,220,765.00,"168,300.00"
2019-11-06,2019110601002913,NABIL,29,58,60,765.00,"45,900.00"
2019-11-06,2019110601002871,NABIL,49,58,50,765.00,"38,250.00"
2019-11-06,2019110601002840,NABIL,43,58,500,765.00,"382,500.00"
2019-11-06,2019110601002839,NABIL,52,58,200,765.00,"153,000.00"
2019-11-06,2019110601002521,NABIL,42,58,25,768.00,"19,200.00"
2019-11-06,2019110601002520,NABIL,52,58,600,768.00,"460,800.00"
2019-11-06,2019110601002519,NABIL,35,58,20,768.00,"15,360.00"
2019-11-06,2019110601002518,NABIL,8,58,161,768.00,"123,648.00"
2019-11-06,2019110601002792,NABIL,17,21,50,768.00,"38,400.00"
2019-11-06,2019110601002791,NABIL,59,21,50,768.00,"38,400.00"
2019-11-06,2019110601002774,NABIL,59,51,30,769.00,"23,070.00"
2019-11-06,2019110601002702,NABIL,51,39,100,768.00,"76,800.00"
2019-11-06,2019110601002523,NABIL,51,58,94,768.00,"72,192.00"
2019-11-06,2019110601002522,NABIL,57,58,100,768.00,"76,800.00"
2019-11-06,2019110601002838,NABIL,36,58,100,766.00,"76,600.00"
2019-11-06,2019110601002837,NABIL,33,58,100,766.00,"76,600.00"
2019-11-06,2019110601002836,NABIL,41,58,150,767.00,"115,050.00"
2019-11-06,2019110601002835,NABIL,56,58,50,767.00,"38,350.00"
2019-11-06,2019110601002834,NABIL,37,58,20,767.00,"15,340.00"
2019-11-06,2019110601002833,NABIL,6,58,50,767.00,"38,350.00"
2019-11-06,2019110601002924,NBB,17,57,104,205.00,"21,320.00"
2019-11-06,2019110601002923,NBB,11,57,500,205.00,"102,500.00"
2019-11-06,2019110601002922,NBB,45,57,120,205.00,"24,600.00"
2019-11-06,2019110601002921,NBB,41,57,200,205.00,"41,000.00"
2019-11-06,2019110601002732,NBB,39,32,"1,000",206.00,"206,000.00"
2019-11-06,2019110601002920,NBB,43,57,500,205.00,"102,500.00"
2019-11-06,2019110601002919,NBB,53,57,176,205.00,"36,080.00"
2019-11-06,2019110601002948,NBL,41,36,10,313.00,"3,130.00"
2019-11-06,2019110601002947,NBL,45,36,200,313.00,"62,600.00"
2019-11-06,2019110601002946,NBL,1,36,200,313.00,"62,600.00"
2019-11-06,2019110601002945,NBL,25,36,25,313.00,"7,825.00"
2019-11-06,2019110601002944,NBL,1,36,50,313.00,"15,650.00"
2019-11-06,2019110601002926,NBL,1,22,150,313.00,"46,950.00"
2019-11-06,2019110601002813,NBL,17,17,128,313.00,"40,064.00"
2019-11-06,2019110601002762,NBL,17,22,372,313.00,"116,436.00"
2019-11-06,2019110601002761,NBL,22,22,100,313.00,"31,300.00"
2019-11-06,2019110601002760,NBL,20,22,100,313.00,"31,300.00"
2019-11-06,2019110601002759,NBL,41,22,100,313.00,"31,300.00"
2019-11-06,2019110601002758,NBL,5,22,28,313.00,"8,764.00"
2019-11-06,2019110601002958,NCCB,32,59,73,206.00,"15,038.00"
2019-11-06,2019110601002957,NCCB,32,17,112,206.00,"23,072.00"
2019-11-06,2019110601002724,NCCB,58,26,23,205.00,"4,715.00"
2019-11-06,2019110601002491,NCCB,32,17,88,206.00,"18,128.00"
2019-11-06,2019110601002490,NCCB,32,45,212,206.00,"43,672.00"
2019-11-06,2019110601002643,NGPL,16,37,268,98.00,"26,264.00"
2019-11-06,2019110601002642,NGPL,26,37,500,98.00,"49,000.00"
2019-11-06,2019110601002630,NGPL,51,37,100,99.00,"9,900.00"
2019-11-06,2019110601002629,NGPL,22,37,57,99.00,"5,643.00"
2019-11-06,2019110601002961,NHDL,7,50,10,96.00,960.00
2019-11-06,2019110601002753,NHPC,14,56,100,53.00,"5,300.00"
2019-11-06,2019110601002981,NIB,25,56,24,446.00,"10,704.00"
2019-11-06,2019110601002980,NIB,58,56,20,446.00,"8,920.00"
2019-11-06,2019110601002891,NIB,58,42,10,447.00,"4,470.00"
2019-11-06,2019110601002847,NIB,37,47,154,444.00,"68,376.00"
2019-11-06,2019110601002846,NIB,58,47,174,445.00,"77,430.00"
2019-11-06,2019110601002845,NIB,18,47,30,446.00,"13,380.00"
2019-11-06,2019110601002800,NIB,42,47,50,445.00,"22,250.00"
2019-11-06,2019110601002799,NIB,35,47,200,445.00,"89,000.00"
2019-11-06,2019110601002772,NIB,18,42,161,447.00,"71,967.00"
2019-11-06,2019110601002749,NIB,18,29,17,446.00,"7,582.00"
2019-11-06,2019110601002533,NIB,7,6,1,445.00,445.00
2019-11-06,2019110601002532,NIB,7,45,70,445.00,"31,150.00"
2019-11-06,2019110601002829,NIB,18,47,792,446.00,"353,232.00"
2019-11-06,2019110601002817,NIB,58,47,71,445.00,"31,595.00"
2019-11-06,2019110601002815,NIB,58,29,17,445.00,"7,565.00"
2019-11-06,2019110601002803,NIB,58,47,238,445.00,"105,910.00"
2019-11-06,2019110601002802,NIB,58,47,50,445.00,"22,250.00"
2019-11-06,2019110601002801,NIB,28,47,962,445.00,"428,090.00"
2019-11-06,2019110601002965,NIBPO,35,22,10,425.00,"4,250.00"
2019-11-06,2019110601002808,NIBPO,28,25,200,418.00,"83,600.00"
2019-11-06,2019110601002832,NIBPO,40,1,100,420.00,"42,000.00"
2019-11-06,2019110601002831,NIBPO,40,28,600,419.00,"251,400.00"
2019-11-06,2019110601002811,NIBPO,28,28,400,419.00,"167,600.00"
2019-11-06,2019110601002810,NIBPO,28,49,200,418.00,"83,600.00"
2019-11-06,2019110601002809,NIBPO,28,52,500,418.00,"209,000.00"
2019-11-06,2019110601002907,NICA,47,33,206,400.00,"82,400.00"
2019-11-06,2019110601002906,NICA,47,22,200,400.00,"80,000.00"
2019-11-06,2019110601002905,NICA,47,53,19,400.00,"7,600.00"
2019-11-06,2019110601002867,NICA,47,53,481,400.00,"192,400.00"
2019-11-06,2019110601002866,NICA,47,19,19,399.00,"7,581.00"
2019-11-06,2019110601002865,NICA,47,22,55,399.00,"21,945.00"
2019-11-06,2019110601002515,NICA,38,33,50,398.00,"19,900.00"
2019-11-06,2019110601002502,NICA,38,33,40,398.00,"15,920.00"
2019-11-06,2019110601002551,NICA,38,4,225,398.00,"89,550.00"
2019-11-06,2019110601002549,NICA,38,4,85,398.00,"33,830.00"
2019-11-06,2019110601002539,NICA,38,4,77,398.00,"30,646.00"
2019-11-06,2019110601002534,NICA,38,4,68,398.00,"27,064.00"
2019-11-06,2019110601002527,NICA,38,4,40,398.00,"15,920.00"
2019-11-06,2019110601002524,NICA,38,33,54,398.00,"21,492.00"
2019-11-06,2019110601002582,NICA,38,4,45,398.00,"17,910.00"
2019-11-06,2019110601002579,NICA,38,4,55,398.00,"21,890.00"
2019-11-06,2019110601002573,NICA,38,4,80,398.00,"31,840.00"
2019-11-06,2019110601002570,NICA,38,4,55,398.00,"21,890.00"
2019-11-06,2019110601002564,NICA,38,4,55,398.00,"21,890.00"
2019-11-06,2019110601002555,NICA,38,4,45,398.00,"17,910.00"
2019-11-06,2019110601002600,NICA,38,22,45,399.00,"17,955.00"
2019-11-06,2019110601002599,NICA,38,22,155,399.00,"61,845.00"
2019-11-06,2019110601002598,NICA,38,4,10,398.00,"3,980.00"
2019-11-06,2019110601002591,NICA,38,4,50,398.00,"19,900.00"
2019-11-06,2019110601002588,NICA,38,4,50,398.00,"19,900.00"
2019-11-06,2019110601002584,NICA,38,4,60,398.00,"23,880.00"
2019-11-06,2019110601002663,NICA,38,45,190,399.00,"75,810.00"
2019-11-06,2019110601002658,NICA,38,45,45,399.00,"17,955.00"
2019-11-06,2019110601002654,NICA,38,45,43,399.00,"17,157.00"
2019-11-06,2019110601002653,NICA,38,45,50,399.00,"19,950.00"
2019-11-06,2019110601002651,NICA,38,45,35,399.00,"13,965.00"
2019-11-06,2019110601002601,NICA,38,45,10,399.00,"3,990.00"
2019-11-06,2019110601002826,NICA,6,29,36,397.00,"14,292.00"
2019-11-06,2019110601002711,NICA,50,22,100,399.00,"39,900.00"
2019-11-06,2019110601002675,NICA,38,22,45,399.00,"17,955.00"
2019-11-06,2019110601002674,NICA,38,49,44,399.00,"17,556.00"
2019-11-06,2019110601002673,NICA,38,45,56,399.00,"22,344.00"
2019-11-06,2019110601002669,NICA,38,45,120,399.00,"47,880.00"
2019-11-06,2019110601002950,NICL,5,48,91,257.00,"23,387.00"
2019-11-06,2019110601002949,NICL,56,48,27,257.00,"6,939.00"
2019-11-06,2019110601002932,NICL,22,48,500,258.00,"129,000.00"
2019-11-06,2019110601002931,NICL,29,48,147,259.00,"38,073.00"
2019-11-06,2019110601002902,NICL,43,57,13,260.00,"3,380.00"
2019-11-06,2019110601002828,NICL,28,57,808,260.00,"210,080.00"
2019-11-06,2019110601002586,NICL,43,42,100,258.00,"25,800.00"
2019-11-06,2019110601002585,NICL,47,42,34,259.00,"8,806.00"
2019-11-06,2019110601002709,NICL,28,45,181,260.00,"47,060.00"
2019-11-06,2019110601002587,NICL,28,42,11,258.00,"2,838.00"
2019-11-06,2019110601002548,NLG,22,42,20,541.00,"10,820.00"
2019-11-06,2019110601002547,NLG,7,42,50,541.00,"27,050.00"
2019-11-06,2019110601002517,NLG,22,42,30,542.00,"16,260.00"
2019-11-06,2019110601002516,NLG,1,42,28,542.00,"15,176.00"
2019-11-06,2019110601002869,NLIC,22,14,54,792.00,"42,768.00"
2019-11-06,2019110601002868,NLIC,22,14,56,792.00,"44,352.00"
2019-11-06,2019110601002854,NLIC,22,29,22,792.00,"17,424.00"
2019-11-06,2019110601002689,NLIC,22,29,22,790.00,"17,380.00"
2019-11-06,2019110601002550,NLIC,38,45,22,790.00,"17,380.00"
2019-11-06,2019110601002969,NMBMF,20,17,10,503.00,"5,030.00"
2019-11-06,2019110601002952,NNLB,21,19,50,455.00,"22,750.00"
2019-11-06,2019110601002951,NNLB,21,19,50,454.00,"22,700.00"
2019-11-06,2019110601002892,NNLB,41,58,250,453.00,"113,250.00"
2019-11-06,2019110601002982,NTC,22,17,175,620.00,"108,500.00"
2019-11-06,2019110601002939,NTC,49,17,100,620.00,"62,000.00"
2019-11-06,2019110601002668,NTC,33,25,10,624.00,"6,240.00"
2019-11-06,2019110601002667,NTC,33,35,20,623.00,"12,460.00"
2019-11-06,2019110601002617,NTC,21,1,50,620.00,"31,000.00"
2019-11-06,2019110601002780,NTC,56,17,100,620.00,"62,000.00"
2019-11-06,2019110601002779,NTC,21,17,200,620.00,"124,000.00"
2019-11-06,2019110601002778,NTC,21,17,30,620.00,"18,600.00"
2019-11-06,2019110601002777,NTC,55,17,100,621.00,"62,100.00"
2019-11-06,2019110601002776,NTC,35,17,20,621.00,"12,420.00"
2019-11-06,2019110601002842,NTC,33,42,10,625.00,"6,250.00"
2019-11-06,2019110601002783,NTC,51,17,30,620.00,"18,600.00"
2019-11-06,2019110601002782,NTC,14,17,100,620.00,"62,000.00"
2019-11-06,2019110601002781,NTC,36,17,100,620.00,"62,000.00"
2019-11-06,2019110601002903,PCBL,50,34,30,262.00,"7,860.00"
2019-11-06,2019110601002767,PCBL,13,29,88,261.00,"22,968.00"
2019-11-06,2019110601002766,PCBL,43,29,170,261.00,"44,370.00"
2019-11-06,2019110601002975,PIC,20,41,10,362.00,"3,620.00"
2019-11-06,2019110601002743,PIC,20,41,10,362.00,"3,620.00"
2019-11-06,2019110601002710,PIC,14,35,100,361.00,"36,100.00"
2019-11-06,2019110601002606,PIC,14,42,10,361.00,"3,610.00"
2019-11-06,2019110601002605,PIC,22,42,10,361.00,"3,610.00"
2019-11-06,2019110601002734,PLIC,43,59,33,313.00,"10,329.00"
2019-11-06,2019110601002594,PLIC,6,42,207,312.00,"64,584.00"
2019-11-06,2019110601002488,PLIC,42,59,76,313.00,"23,788.00"
2019-11-06,2019110601002764,PMHPL,54,41,10,85.00,850.00
2019-11-06,2019110601002726,PPCL,45,50,20,96.00,"1,920.00"
2019-11-06,2019110601002725,PPCL,45,50,10,96.00,960.00
2019-11-06,2019110601002612,PRIN,49,42,219,310.00,"67,890.00"
2019-11-06,2019110601002590,PRIN,49,42,50,310.00,"15,500.00"
2019-11-06,2019110601002986,PRVU,57,34,250,266.00,"66,500.00"
2019-11-06,2019110601002985,PRVU,5,34,100,266.00,"26,600.00"
2019-11-06,2019110601002984,PRVU,1,34,300,266.00,"79,800.00"
2019-11-06,2019110601002914,PRVU,57,34,53,267.00,"14,151.00"
2019-11-06,2019110601002904,PRVU,57,25,300,266.00,"79,800.00"
2019-11-06,2019110601002887,PRVU,57,38,647,266.00,"172,102.00"
2019-11-06,2019110601002647,PRVU,45,34,500,266.00,"133,000.00"
2019-11-06,2019110601002646,PRVU,1,34,500,266.00,"133,000.00"
2019-11-06,2019110601002645,PRVU,1,34,"1,000",266.00,"266,000.00"
2019-11-06,2019110601002644,PRVU,57,34,454,266.00,"120,764.00"
2019-11-06,2019110601002631,PRVU,57,34,"1,500",266.00,"399,000.00"
2019-11-06,2019110601002554,PRVU,36,34,100,267.00,"26,700.00"
2019-11-06,2019110601002880,PRVU,22,38,100,266.00,"26,600.00"
2019-11-06,2019110601002879,PRVU,28,38,104,266.00,"27,664.00"
2019-11-06,2019110601002825,PRVU,58,34,20,267.00,"5,340.00"
2019-11-06,2019110601002650,PRVU,28,34,346,266.00,"92,036.00"
2019-11-06,2019110601002649,PRVU,51,34,100,266.00,"26,600.00"
2019-11-06,2019110601002648,PRVU,5,34,100,266.00,"26,600.00"
2019-11-06,2019110601002886,PRVU,37,38,100,266.00,"26,600.00"
2019-11-06,2019110601002885,PRVU,10,38,125,266.00,"33,250.00"
2019-11-06,2019110601002884,PRVU,10,38,125,266.00,"33,250.00"
2019-11-06,2019110601002883,PRVU,18,38,100,266.00,"26,600.00"
2019-11-06,2019110601002882,PRVU,14,38,99,266.00,"26,334.00"
2019-11-06,2019110601002881,PRVU,36,38,100,266.00,"26,600.00"
2019-11-06,2019110601002852,RADHI,20,36,11,132.00,"1,452.00"
2019-11-06,2019110601002816,RBCL,42,59,30,"8,000.00","240,000.00"
2019-11-06,2019110601002853,RBCLPO,51,59,10,"7,051.00","70,510.00"
2019-11-06,2019110601002843,RBCLPO,52,59,21,"7,050.00","148,050.00"
2019-11-06,2019110601002786,RBCLPO,59,42,30,"7,000.00","210,000.00"
2019-11-06,2019110601002638,RBCLPO,10,59,25,"7,030.00","175,750.00"
2019-11-06,2019110601002613,RHPC,43,3,20,77.00,"1,540.00"
2019-11-06,2019110601002941,RHPL,59,50,30,171.00,"5,130.00"
2019-11-06,2019110601002756,RHPL,59,36,10,171.00,"1,710.00"
2019-11-06,2019110601002657,RHPL,59,50,50,171.00,"8,550.00"
2019-11-06,2019110601002632,RHPL,59,26,30,171.00,"5,130.00"
2019-11-06,2019110601002538,RHPL,59,47,50,171.00,"8,550.00"
2019-11-06,2019110601002528,RHPL,59,47,50,171.00,"8,550.00"
2019-11-06,2019110601002526,RHPL,59,47,50,171.00,"8,550.00"
2019-11-06,2019110601002514,RHPL,59,47,50,171.00,"8,550.00"
2019-11-06,2019110601002503,RHPL,59,47,50,171.00,"8,550.00"
2019-11-06,2019110601002492,RHPL,59,47,50,171.00,"8,550.00"
2019-11-06,2019110601002489,RHPL,59,47,50,171.00,"8,550.00"
2019-11-06,2019110601002983,RLFL,42,25,102,111.00,"11,322.00"
2019-11-06,2019110601002925,RMDC,6,56,114,615.00,"70,110.00"
2019-11-06,2019110601002797,RMDC,6,17,116,615.00,"71,340.00"
2019-11-06,2019110601002796,RMDC,45,17,30,615.00,"18,450.00"
2019-11-06,2019110601002933,RRHP,22,50,10,101.00,"1,010.00"
2019-11-06,2019110601002915,SANIMA,47,35,100,308.00,"30,800.00"
2019-11-06,2019110601002912,SANIMA,47,8,200,308.00,"61,600.00"
2019-11-06,2019110601002911,SANIMA,47,13,180,308.00,"55,440.00"
2019-11-06,2019110601002910,SANIMA,47,57,168,307.00,"51,576.00"
2019-11-06,2019110601002876,SANIMA,47,57,132,307.00,"40,524.00"
2019-11-06,2019110601002875,SANIMA,47,18,109,307.00,"33,463.00"
2019-11-06,2019110601002874,SANIMA,47,59,264,307.00,"81,048.00"
2019-11-06,2019110601002873,SANIMA,47,38,150,306.00,"45,900.00"
2019-11-06,2019110601002872,SANIMA,47,52,70,306.00,"21,420.00"
2019-11-06,2019110601002737,SANIMA,4,26,44,305.00,"13,420.00"
2019-11-06,2019110601002595,SANIMA,4,45,100,305.00,"30,500.00"
2019-11-06,2019110601002860,SBI,52,50,95,406.00,"38,570.00"
2019-11-06,2019110601002864,SBL,41,7,130,289.00,"37,570.00"
2019-11-06,2019110601002863,SBL,34,7,500,289.00,"144,500.00"
2019-11-06,2019110601002862,SBL,26,7,60,289.00,"17,340.00"
2019-11-06,2019110601002841,SBL,28,7,460,290.00,"133,400.00"
2019-11-06,2019110601002830,SBL,28,14,540,290.00,"156,600.00"
2019-11-06,2019110601002583,SBL,39,7,200,290.00,"58,000.00"
2019-11-06,2019110601002827,SCB,22,22,100,557.00,"55,700.00"
2019-11-06,2019110601002812,SCB,22,22,100,557.00,"55,700.00"
2019-11-06,2019110601002795,SCB,22,22,100,557.00,"55,700.00"
2019-11-06,2019110601002747,SCB,55,26,50,556.00,"27,800.00"
2019-11-06,2019110601002938,SHINE,35,51,75,255.00,"19,125.00"
2019-11-06,2019110601002861,SHIVM,58,6,10,486.00,"4,860.00"
2019-11-06,2019110601002537,SHIVM,34,57,50,485.00,"24,250.00"
2019-11-06,2019110601002536,SHIVM,34,21,49,485.00,"23,765.00"
2019-11-06,2019110601002757,SHPC,45,26,28,189.00,"5,292.00"
2019-11-06,2019110601002609,SHPC,34,42,38,188.00,"7,144.00"
2019-11-06,2019110601002608,SHPC,53,42,185,188.00,"34,780.00"
2019-11-06,2019110601002607,SHPC,53,42,107,188.00,"20,116.00"
2019-11-06,2019110601002597,SIL,44,42,119,378.00,"44,982.00"
2019-11-06,2019110601002596,SIL,43,42,70,379.00,"26,530.00"
2019-11-06,2019110601002978,SJCL,58,58,20,166.00,"3,320.00"
2019-11-06,2019110601002977,SJCL,56,58,80,166.00,"13,280.00"
2019-11-06,2019110601002929,SJCL,56,50,20,166.00,"3,320.00"
2019-11-06,2019110601002728,SJCL,22,36,20,166.00,"3,320.00"
2019-11-06,2019110601002721,SJCL,22,36,20,166.00,"3,320.00"
2019-11-06,2019110601002495,SJCL,42,51,210,166.00,"34,860.00"
2019-11-06,2019110601002637,SJCL,22,26,20,166.00,"3,320.00"
2019-11-06,2019110601002500,SJCL,22,51,20,166.00,"3,320.00"
2019-11-06,2019110601002499,SJCL,43,51,100,166.00,"16,600.00"
2019-11-06,2019110601002498,SJCL,50,51,50,166.00,"8,300.00"
2019-11-06,2019110601002497,SJCL,56,51,30,166.00,"4,980.00"
2019-11-06,2019110601002496,SJCL,40,51,500,166.00,"83,000.00"
2019-11-06,2019110601002652,SJCL,22,25,20,166.00,"3,320.00"
2019-11-06,2019110601002916,SKBBL,22,14,50,940.00,"47,000.00"
2019-11-06,2019110601002940,SLBBL,48,20,29,572.00,"16,588.00"
2019-11-06,2019110601002785,SLBBL,40,1,80,570.00,"45,600.00"
2019-11-06,2019110601002784,SLBBL,41,1,42,570.00,"23,940.00"
2019-11-06,2019110601002574,SLBBL,40,22,20,570.00,"11,400.00"
2019-11-06,2019110601002960,SLICL,29,42,56,257.00,"14,392.00"
2019-11-06,2019110601002898,SLICL,58,59,10,262.00,"2,620.00"
2019-11-06,2019110601002894,SLICL,22,59,145,262.00,"37,990.00"
2019-11-06,2019110601002893,SLICL,22,59,55,261.00,"14,355.00"
2019-11-06,2019110601002849,SLICL,29,41,34,257.00,"8,738.00"
2019-11-06,2019110601002717,SLICL,22,59,100,261.00,"26,100.00"
2019-11-06,2019110601002848,SLICL,1,41,50,258.00,"12,900.00"
2019-11-06,2019110601002974,SMATA,58,52,10,528.00,"5,280.00"
2019-11-06,2019110601002755,SPARS,50,47,60,525.00,"31,500.00"
2019-11-06,2019110601002621,SPARS,50,17,10,525.00,"5,250.00"
2019-11-06,2019110601002851,SPDL,56,36,86,74.00,"6,364.00"
2019-11-06,2019110601002610,SPDL,56,36,628,74.00,"46,472.00"
2019-11-06,2019110601002917,SRBL,33,25,200,207.00,"41,400.00"
2019-11-06,2019110601002878,SRBL,33,7,728,207.00,"150,696.00"
2019-11-06,2019110601002877,SRBL,43,7,122,207.00,"25,254.00"
2019-11-06,2019110601002855,SRBL,58,34,20,208.00,"4,160.00"
2019-11-06,2019110601002688,SRBL,43,34,278,207.00,"57,546.00"
2019-11-06,2019110601002687,SRBL,17,34,500,207.00,"103,500.00"
2019-11-06,2019110601002686,SRBL,17,34,500,207.00,"103,500.00"
2019-11-06,2019110601002685,SRBL,17,34,500,207.00,"103,500.00"
2019-11-06,2019110601002684,SRBL,17,34,222,207.00,"45,954.00"
2019-11-06,2019110601002635,SRBL,17,45,278,207.00,"57,546.00"
2019-11-06,2019110601002634,SRBL,17,45,500,207.00,"103,500.00"
2019-11-06,2019110601002633,SRBL,37,45,397,207.00,"82,179.00"
2019-11-06,2019110601002768,SWBBL,33,47,71,913.00,"64,823.00"
2019-11-06,2019110601002701,SWBBL,58,8,500,919.00,"459,500.00"
2019-11-06,2019110601002677,UFL,40,46,50,178.00,"8,900.00"
2019-11-06,2019110601002676,UFL,6,46,100,178.00,"17,800.00"
2019-11-06,2019110601002807,UMHL,7,38,101,99.00,"9,999.00"
2019-11-06,2019110601002788,UMHL,7,38,35,99.00,"3,465.00"
2019-11-06,2019110601002787,UMHL,36,38,355,100.00,"35,500.00"
2019-11-06,2019110601002624,UMHL,36,45,100,100.00,"10,000.00"
2019-11-06,2019110601002730,UNHPL,52,36,50,53.00,"2,650.00"
2019-11-06,2019110601002603,UPCL,52,47,50,73.00,"3,650.00"
2019-11-06,2019110601002928,UPPER,52,50,40,235.00,"9,400.00"
2019-11-06,2019110601002729,UPPER,13,36,45,236.00,"10,620.00"
2019-11-06,2019110601002620,UPPER,13,56,50,236.00,"11,800.00"
2019-11-06,2019110601002615,UPPER,13,29,40,236.00,"9,440.00"
2019-11-06,2019110601002483,AKBSL,48,40,10,408.00,"4,080.00"
2019-11-06,2019110601002471,AKBSL,48,40,10,408.00,"4,080.00"
2019-11-06,2019110601002458,AKBSL,48,40,10,408.00,"4,080.00"
2019-11-06,2019110601002451,AKBSL,48,40,10,408.00,"4,080.00"
2019-11-06,2019110601002446,AKBSL,48,40,10,408.00,"4,080.00"
2019-11-06,2019110601002433,AKBSL,48,40,10,408.00,"4,080.00"
2019-11-06,2019110601002023,AKBSL,48,59,10,407.00,"4,070.00"
2019-11-06,2019110601002425,AKBSL,48,40,10,408.00,"4,080.00"
2019-11-06,2019110601002415,AKBSL,48,40,10,408.00,"4,080.00"
2019-11-06,2019110601002405,AKBSL,48,40,10,408.00,"4,080.00"
2019-11-06,2019110601002397,AKBSL,48,40,10,408.00,"4,080.00"
2019-11-06,2019110601002392,AKBSL,48,14,10,408.00,"4,080.00"
2019-11-06,2019110601002365,AKBSL,48,6,10,407.00,"4,070.00"
2019-11-06,2019110601002439,AKJCL,39,47,10,52.00,520.00
2019-11-06,2019110601002438,AKJCL,49,47,10,53.00,530.00
2019-11-06,2019110601002039,ALBSL,48,55,15,391.00,"5,865.00"
2019-11-06,2019110601002090,ALICL,16,59,300,311.00,"93,300.00"
2019-11-06,2019110601002089,ALICL,14,59,100,312.00,"31,200.00"
2019-11-06,2019110601002292,API,57,44,28,107.00,"2,996.00"
2019-11-06,2019110601002408,BOKL,42,16,20,226.00,"4,520.00"
2019-11-06,2019110601002075,BOKL,35,16,22,226.00,"4,972.00"
2019-11-06,2019110601002382,CBL,45,6,23,141.00,"3,243.00"
2019-11-06,2019110601002324,CBL,29,57,12,142.00,"1,704.00"
2019-11-06,2019110601002318,CBL,48,29,12,141.00,"1,692.00"
2019-11-06,2019110601002265,CBL,48,42,35,141.00,"4,935.00"
2019-11-06,2019110601002264,CBL,14,42,200,141.00,"28,200.00"
2019-11-06,2019110601002199,CBL,48,36,51,141.00,"7,191.00"
2019-11-06,2019110601002198,CBL,6,36,789,141.00,"111,249.00"
2019-11-06,2019110601002190,CCBL,49,42,72,156.00,"11,232.00"
2019-11-06,2019110601002167,CCBL,32,45,100,157.00,"15,700.00"
2019-11-06,2019110601002136,CCBL,49,38,224,156.00,"34,944.00"
2019-11-06,2019110601002079,CCBL,42,14,100,157.00,"15,700.00"
2019-11-06,2019110601002010,CCBL,19,45,10,157.00,"1,570.00"
2019-11-06,2019110601002124,CEFL,4,42,"1,000",103.00,"103,000.00"
2019-11-06,2019110601002374,CHCL,51,45,151,452.00,"68,252.00"
2019-11-06,2019110601002004,CHCL,34,44,70,452.00,"31,640.00"
2019-11-06,2019110601002139,CIT,19,17,90,"1,775.00","159,750.00"
2019-11-06,2019110601002061,CIT,19,35,13,"1,770.00","23,010.00"
2019-11-06,2019110601002060,CIT,5,35,20,"1,771.00","35,420.00"
2019-11-06,2019110601002059,CIT,14,35,15,"1,771.00","26,565.00"
2019-11-06,2019110601002058,CIT,45,35,20,"1,771.00","35,420.00"
2019-11-06,2019110601002057,CIT,8,35,10,"1,772.00","17,720.00"
2019-11-06,2019110601002049,CIT,29,17,10,"1,775.00","17,750.00"
2019-11-06,2019110601002443,CZBIL,42,56,725,190.00,"137,750.00"
2019-11-06,2019110601002442,CZBIL,11,56,100,190.00,"19,000.00"
2019-11-06,2019110601002441,CZBIL,38,56,436,190.00,"82,840.00"
2019-11-06,2019110601002326,CZBIL,38,21,50,190.00,"9,500.00"
2019-11-06,2019110601002255,CZBIL,38,38,14,190.00,"2,660.00"
2019-11-06,2019110601002254,CZBIL,55,38,160,190.00,"30,400.00"
2019-11-06,2019110601002047,CZBIL,55,36,10,190.00,"1,900.00"
2019-11-06,2019110601002486,EBL,28,28,30,557.00,"16,710.00"
2019-11-06,2019110601002223,EBL,11,28,86,557.00,"47,902.00"
2019-11-06,2019110601002222,EBL,11,29,14,557.00,"7,798.00"
2019-11-06,2019110601002086,EDBL,36,43,10,259.00,"2,590.00"
2019-11-06,2019110601002235,EIC,34,28,80,220.00,"17,600.00"
2019-11-06,2019110601002191,EIC,34,50,240,219.00,"52,560.00"
2019-11-06,2019110601002188,EIC,34,50,100,218.00,"21,800.00"
2019-11-06,2019110601002462,FMDBL,7,51,100,308.00,"30,800.00"
2019-11-06,2019110601002461,FMDBL,42,51,50,308.00,"15,400.00"
2019-11-06,2019110601001992,FOWAD,17,17,4,"1,306.00","5,224.00"
2019-11-06,2019110601002432,GBLBS,22,51,10,307.00,"3,070.00"
2019-11-06,2019110601002431,GBLBS,58,51,50,307.00,"15,350.00"
2019-11-06,2019110601002430,GBLBS,29,51,460,307.00,"141,220.00"
2019-11-06,2019110601002429,GBLBS,6,51,10,308.00,"3,080.00"
2019-11-06,2019110601002428,GBLBS,6,51,10,308.00,"3,080.00"
2019-11-06,2019110601001990,GBLBS,29,36,15,307.00,"4,605.00"
2019-11-06,2019110601002363,GILB,53,34,20,864.00,"17,280.00"
2019-11-06,2019110601002362,GILB,53,34,30,865.00,"25,950.00"
2019-11-06,2019110601002346,GILB,8,49,94,866.00,"81,404.00"
2019-11-06,2019110601002345,GILB,55,49,20,868.00,"17,360.00"
2019-11-06,2019110601002344,GILB,8,49,20,868.00,"17,360.00"
2019-11-06,2019110601002149,GILB,49,42,20,868.00,"17,360.00"
2019-11-06,2019110601002150,GILB,8,42,80,868.00,"69,440.00"
2019-11-06,2019110601002159,GLICL,26,59,98,364.00,"35,672.00"
2019-11-06,2019110601002158,GLICL,41,59,50,365.00,"18,250.00"
2019-11-06,2019110601002157,GLICL,42,59,10,365.00,"3,650.00"
2019-11-06,2019110601002133,GLICL,29,57,10,366.00,"3,660.00"
2019-11-06,2019110601002132,GLICL,29,57,30,366.00,"10,980.00"
2019-11-06,2019110601001988,HBL,29,16,12,488.00,"5,856.00"
2019-11-06,2019110601002355,HIDCL,52,42,11,135.00,"1,485.00"
2019-11-06,2019110601002354,HIDCL,7,42,439,135.00,"59,265.00"
2019-11-06,2019110601002312,HIDCL,45,8,300,136.00,"40,800.00"
2019-11-06,2019110601002007,HIDCL,17,17,5,136.00,680.00
2019-11-06,2019110601002003,HIDCL,42,49,40,137.00,"5,480.00"
2019-11-06,2019110601002002,HIDCL,53,49,434,137.00,"59,458.00"
2019-11-06,2019110601002253,HPPL,18,44,10,139.00,"1,390.00"
2019-11-06,2019110601002407,HURJA,34,14,20,101.00,"2,020.00"
2019-11-06,2019110601001993,HURJA,34,41,20,101.00,"2,020.00"
2019-11-06,2019110601002416,ILBS,42,14,10,445.00,"4,450.00"
2019-11-06,2019110601002287,ILBS,28,55,50,452.00,"22,600.00"
2019-11-06,2019110601002286,ILBS,28,52,50,452.00,"22,600.00"
2019-11-06,2019110601002285,ILBS,28,52,100,451.00,"45,100.00"
2019-11-06,2019110601002284,ILBS,28,34,30,450.00,"13,500.00"
2019-11-06,2019110601002274,ILBS,42,43,97,450.00,"43,650.00"
2019-11-06,2019110601002204,ILBS,28,34,130,445.00,"57,850.00"
2019-11-06,2019110601002187,ILBS,58,6,460,444.00,"204,240.00"
2019-11-06,2019110601002186,ILBS,58,6,13,443.00,"5,759.00"
2019-11-06,2019110601002155,ILBS,58,55,10,442.00,"4,420.00"
2019-11-06,2019110601002052,ILBS,22,36,10,441.00,"4,410.00"
2019-11-06,2019110601002029,ILBS,22,14,15,441.00,"6,615.00"
2019-11-06,2019110601002210,ILBS,28,50,20,447.00,"8,940.00"
2019-11-06,2019110601002209,ILBS,28,6,10,447.00,"4,470.00"
2019-11-06,2019110601002208,ILBS,28,1,10,446.00,"4,460.00"
2019-11-06,2019110601002207,ILBS,28,35,10,446.00,"4,460.00"
2019-11-06,2019110601002206,ILBS,28,17,10,445.00,"4,450.00"
2019-11-06,2019110601002205,ILBS,28,17,10,445.00,"4,450.00"
2019-11-06,2019110601002216,ILBS,28,53,100,449.00,"44,900.00"
2019-11-06,2019110601002215,ILBS,28,1,100,449.00,"44,900.00"
2019-11-06,2019110601002214,ILBS,28,42,63,448.00,"28,224.00"
2019-11-06,2019110601002213,ILBS,28,6,13,448.00,"5,824.00"
2019-11-06,2019110601002212,ILBS,28,55,10,448.00,"4,480.00"
2019-11-06,2019110601002211,ILBS,28,1,10,448.00,"4,480.00"
2019-11-06,2019110601002055,JBBL,14,36,59,157.00,"9,263.00"
2019-11-06,2019110601001999,JBBL,14,36,118,157.00,"18,526.00"
2019-11-06,2019110601002173,JFL,17,58,500,192.00,"96,000.00"
2019-11-06,2019110601002172,JFL,32,58,200,192.00,"38,400.00"
2019-11-06,2019110601002171,JFL,17,58,20,193.00,"3,860.00"
2019-11-06,2019110601002170,JFL,52,58,200,193.00,"38,600.00"
2019-11-06,2019110601002169,JFL,22,58,"1,000",193.00,"193,000.00"
2019-11-06,2019110601002168,JFL,17,58,200,194.00,"38,800.00"
2019-11-06,2019110601002261,JOSHI,22,36,20,59.00,"1,180.00"
2019-11-06,2019110601002196,JOSHI,13,1,20,58.00,"1,160.00"
2019-11-06,2019110601002350,KBL,56,42,205,181.00,"37,105.00"
2019-11-06,2019110601002349,KBL,43,42,195,181.00,"35,295.00"
2019-11-06,2019110601002081,KBL,43,22,270,181.00,"48,870.00"
2019-11-06,2019110601002301,KSBBL,29,29,42,143.00,"6,006.00"
2019-11-06,2019110601002180,KSBBL,28,42,60,142.00,"8,520.00"
2019-11-06,2019110601002099,LBL,25,36,115,220.00,"25,300.00"
2019-11-06,2019110601002098,LBL,51,36,500,220.00,"110,000.00"
2019-11-06,2019110601002097,LBL,33,36,400,220.00,"88,000.00"
2019-11-06,2019110601002203,LGIL,6,57,10,320.00,"3,200.00"
2019-11-06,2019110601002070,LICN,25,25,10,996.00,"9,960.00"
2019-11-06,2019110601002330,LLBS,54,50,12,662.00,"7,944.00"
2019-11-06,2019110601002201,LLBS,35,35,20,662.00,"13,240.00"
2019-11-06,2019110601002161,LLBS,55,34,110,660.00,"72,600.00"
