Date,Transact. No.,Symbol,Buyer,Seller,Quantity,Rate,Amount
2019-06-06,2019060601008064,ADBL,45,46,500,413.00,"206,500.00"
2019-06-06,2019060601008054,ADBL,45,54,50,413.00,"20,650.00"
2019-06-06,2019060601008033,ADBL,49,49,"4,011",413.00,"1,656,543.00"
2019-06-06,2019060601007833,ADBL,45,46,300,413.00,"123,900.00"
2019-06-06,2019060601007630,ADBL,45,33,150,413.00,"61,950.00"
2019-06-06,2019060601008010,AKJCL,22,48,10,73.00,730.00
2019-06-06,2019060601007924,AKJCL,52,48,20,74.00,"1,480.00"
2019-06-06,2019060601007679,AKJCL,22,48,20,73.00,"1,460.00"
2019-06-06,2019060601008061,AKPL,40,40,13,193.00,"2,509.00"
2019-06-06,2019060601008001,AKPL,22,54,71,192.00,"13,632.00"
2019-06-06,2019060601008000,AKPL,58,54,29,192.00,"5,568.00"
2019-06-06,2019060601007838,AKPL,58,4,300,192.00,"57,600.00"
2019-06-06,2019060601008027,ALBSL,25,32,10,441.00,"4,410.00"
2019-06-06,2019060601008026,ALBSL,25,37,10,441.00,"4,410.00"
2019-06-06,2019060601008025,ALBSL,25,34,10,441.00,"4,410.00"
2019-06-06,2019060601008024,ALBSL,25,52,20,438.00,"8,760.00"
2019-06-06,2019060601007607,ALBSL,1,48,10,430.00,"4,300.00"
2019-06-06,2019060601007809,ALBSL,25,54,10,438.00,"4,380.00"
2019-06-06,2019060601007808,ALBSL,25,53,10,438.00,"4,380.00"
2019-06-06,2019060601007807,ALBSL,25,5,10,435.00,"4,350.00"
2019-06-06,2019060601007806,ALBSL,25,1,10,434.00,"4,340.00"
2019-06-06,2019060601007793,ALBSL,47,48,10,430.00,"4,300.00"
2019-06-06,2019060601007751,ALBSL,46,48,10,430.00,"4,300.00"
2019-06-06,2019060601007988,ALBSL,25,52,10,438.00,"4,380.00"
2019-06-06,2019060601007921,ALBSL,39,48,10,430.00,"4,300.00"
2019-06-06,2019060601007850,ALBSL,47,48,10,430.00,"4,300.00"
2019-06-06,2019060601007810,ALBSL,25,54,10,438.00,"4,380.00"
2019-06-06,2019060601007727,API,25,37,116,153.00,"17,748.00"
2019-06-06,2019060601007720,API,25,39,"1,780",150.00,"267,000.00"
2019-06-06,2019060601007709,API,7,39,10,150.00,"1,500.00"
2019-06-06,2019060601007678,API,7,39,10,150.00,"1,500.00"
2019-06-06,2019060601007632,API,25,39,50,150.00,"7,500.00"
2019-06-06,2019060601007631,API,25,35,400,149.00,"59,600.00"
2019-06-06,2019060601007604,API,39,35,100,149.00,"14,900.00"
2019-06-06,2019060601007726,API,25,55,29,152.00,"4,408.00"
2019-06-06,2019060601007725,API,25,55,29,152.00,"4,408.00"
2019-06-06,2019060601007724,API,25,55,29,152.00,"4,408.00"
2019-06-06,2019060601007723,API,25,54,17,151.00,"2,567.00"
2019-06-06,2019060601007722,API,25,34,500,151.00,"75,500.00"
2019-06-06,2019060601007721,API,25,42,100,150.00,"15,000.00"
2019-06-06,2019060601007890,BBC,34,4,15,"1,506.00","22,590.00"
2019-06-06,2019060601007889,BBC,42,4,20,"1,510.00","30,200.00"
2019-06-06,2019060601007662,BFC,57,41,10,110.00,"1,100.00"
2019-06-06,2019060601007661,BFC,57,49,200,109.00,"21,800.00"
2019-06-06,2019060601008071,BOKL,49,51,64,268.00,"17,152.00"
2019-06-06,2019060601008070,BOKL,17,51,500,268.00,"134,000.00"
2019-06-06,2019060601008069,BOKL,19,51,500,268.00,"134,000.00"
2019-06-06,2019060601008068,BOKL,1,51,300,268.00,"80,400.00"
2019-06-06,2019060601008067,BOKL,40,51,180,268.00,"48,240.00"
2019-06-06,2019060601008066,BOKL,36,51,356,269.00,"95,764.00"
2019-06-06,2019060601008011,BOKL,36,44,117,269.00,"31,473.00"
2019-06-06,2019060601007978,BOKL,36,25,27,269.00,"7,263.00"
2019-06-06,2019060601007767,BOKL,32,25,50,269.00,"13,450.00"
2019-06-06,2019060601007618,BOKL,36,25,20,269.00,"5,380.00"
2019-06-06,2019060601007876,BPCL,54,32,20,408.00,"8,160.00"
2019-06-06,2019060601007695,BPCL,36,32,10,408.00,"4,080.00"
2019-06-06,2019060601007694,BPCL,36,51,223,407.00,"90,761.00"
2019-06-06,2019060601007636,BPCL,45,51,777,407.00,"316,239.00"
2019-06-06,2019060601007595,BPCL,45,51,"1,000",407.00,"407,000.00"
2019-06-06,2019060601007585,BPCL,45,48,223,407.00,"90,761.00"
2019-06-06,2019060601007584,BPCL,58,48,100,407.00,"40,700.00"
2019-06-06,2019060601007583,BPCL,51,48,459,407.00,"186,813.00"
2019-06-06,2019060601008053,CBBL,40,54,200,939.00,"187,800.00"
2019-06-06,2019060601007818,CBBL,49,49,999,940.00,"939,060.00"
2019-06-06,2019060601008049,CBL,41,13,100,147.00,"14,700.00"
2019-06-06,2019060601008030,CCBL,36,48,320,166.00,"53,120.00"
2019-06-06,2019060601008029,CCBL,3,48,100,166.00,"16,600.00"
2019-06-06,2019060601008028,CCBL,42,48,50,167.00,"8,350.00"
2019-06-06,2019060601008005,CCBL,22,35,200,167.00,"33,400.00"
2019-06-06,2019060601008004,CCBL,22,35,300,167.00,"50,100.00"
2019-06-06,2019060601007920,CEFL,13,11,"1,000",108.00,"108,000.00"
2019-06-06,2019060601007919,CEFL,13,26,20,108.00,"2,160.00"
2019-06-06,2019060601007846,CEFL,7,44,100,107.00,"10,700.00"
2019-06-06,2019060601007892,CFCL,21,36,500,123.00,"61,500.00"
2019-06-06,2019060601007866,CFCL,55,36,50,124.00,"6,200.00"
2019-06-06,2019060601007693,CHCL,20,58,12,522.00,"6,264.00"
2019-06-06,2019060601007950,CIT,16,25,58,"2,550.00","147,900.00"
2019-06-06,2019060601007587,CIT,26,51,10,"2,560.00","25,600.00"
2019-06-06,2019060601007627,CLBSL,28,4,20,526.00,"10,520.00"
2019-06-06,2019060601007596,CLBSL,28,4,24,526.00,"12,624.00"
2019-06-06,2019060601007998,CZBIL,41,8,42,222.00,"9,324.00"
2019-06-06,2019060601007997,CZBIL,46,8,500,222.00,"111,000.00"
2019-06-06,2019060601007996,CZBIL,17,8,300,222.00,"66,600.00"
2019-06-06,2019060601007995,CZBIL,1,8,90,222.00,"19,980.00"
2019-06-06,2019060601007994,CZBIL,43,8,50,223.00,"11,150.00"
2019-06-06,2019060601007993,CZBIL,45,8,250,223.00,"55,750.00"
2019-06-06,2019060601007992,CZBIL,45,8,250,223.00,"55,750.00"
2019-06-06,2019060601007991,CZBIL,1,8,217,223.00,"48,391.00"
2019-06-06,2019060601008016,DBBL,42,25,150,147.00,"22,050.00"
2019-06-06,2019060601007749,DDBL,43,53,21,700.00,"14,700.00"
2019-06-06,2019060601007748,DDBL,43,53,50,700.00,"35,000.00"
2019-06-06,2019060601007747,DDBL,43,53,20,700.00,"14,000.00"
2019-06-06,2019060601007746,DDBL,1,53,59,702.00,"41,418.00"
2019-06-06,2019060601007745,DDBL,45,53,50,705.00,"35,250.00"
2019-06-06,2019060601007967,EBL,40,43,200,667.00,"133,400.00"
2019-06-06,2019060601007835,EBL,59,35,19,665.00,"12,635.00"
2019-06-06,2019060601007834,EBL,26,35,83,666.00,"55,278.00"
2019-06-06,2019060601007790,EBL,26,16,100,666.00,"66,600.00"
2019-06-06,2019060601007697,EBL,26,43,317,666.00,"211,122.00"
2019-06-06,2019060601007696,EBL,35,43,683,666.00,"454,878.00"
2019-06-06,2019060601007663,EBL,35,45,500,666.00,"333,000.00"
2019-06-06,2019060601007898,FMDBL,13,57,100,390.00,"39,000.00"
2019-06-06,2019060601007897,FMDBL,59,57,200,390.00,"78,000.00"
2019-06-06,2019060601007845,FMDBL,22,57,500,392.00,"196,000.00"
2019-06-06,2019060601007844,FMDBL,4,57,200,395.00,"79,000.00"
2019-06-06,2019060601007739,FMDBL,8,55,100,398.00,"39,800.00"
2019-06-06,2019060601007910,FOWAD,33,48,18,"1,415.00","25,470.00"
2019-06-06,2019060601007909,FOWAD,33,42,18,"1,414.00","25,452.00"
2019-06-06,2019060601007908,FOWAD,33,41,18,"1,414.00","25,452.00"
2019-06-06,2019060601007582,GBBL,48,34,381,225.00,"85,725.00"
2019-06-06,2019060601007816,GBIME,21,11,27,302.00,"8,154.00"
2019-06-06,2019060601007716,GBIME,21,11,75,302.00,"22,650.00"
2019-06-06,2019060601007692,GBIME,14,11,50,302.00,"15,100.00"
2019-06-06,2019060601007673,GBIME,26,11,513,301.00,"154,413.00"
2019-06-06,2019060601007672,GBIME,28,11,400,301.00,"120,400.00"
2019-06-06,2019060601007671,GBIME,34,11,55,301.00,"16,555.00"
2019-06-06,2019060601007670,GBIME,43,11,32,301.00,"9,632.00"
2019-06-06,2019060601007811,GBLBS,49,13,100,359.00,"35,900.00"
2019-06-06,2019060601007855,GDBL,32,19,50,214.00,"10,700.00"
2019-06-06,2019060601007621,GHL,28,41,30,88.00,"2,640.00"
2019-06-06,2019060601007842,GLICL,11,56,10,534.00,"5,340.00"
2019-06-06,2019060602000001,GMFBS,47,29,10,237.00,"2,370.00"
2019-06-06,2019060601007761,GMFIL,34,58,10,132.00,"1,320.00"
2019-06-06,2019060601007689,GMFIL,35,42,30,131.00,"3,930.00"
2019-06-06,2019060601008056,GRDBL,50,10,94,122.00,"11,468.00"
2019-06-06,2019060601007614,GRDBL,58,53,100,123.00,"12,300.00"
2019-06-06,2019060601007597,GRDBL,50,8,406,122.00,"49,532.00"
2019-06-06,2019060601008006,GUFL,51,47,10,122.00,"1,220.00"
2019-06-06,2019060601008038,HBL,35,46,200,565.00,"113,000.00"
2019-06-06,2019060601008037,HBL,49,46,20,565.00,"11,300.00"
2019-06-06,2019060601008036,HBL,28,46,200,565.00,"113,000.00"
2019-06-06,2019060601008035,HBL,47,46,200,566.00,"113,200.00"
2019-06-06,2019060601008034,HBL,11,46,200,566.00,"113,200.00"
2019-06-06,2019060601007891,HBL,35,46,680,567.00,"385,560.00"
2019-06-06,2019060601007880,HBL,35,51,"1,620",567.00,"918,540.00"
2019-06-06,2019060601007879,HBL,17,51,500,567.00,"283,500.00"
2019-06-06,2019060601007878,HBL,45,51,50,568.00,"28,400.00"
2019-06-06,2019060601007877,HBL,56,51,94,568.00,"53,392.00"
2019-06-06,2019060601008075,HDL,40,53,20,"1,652.00","33,040.00"
2019-06-06,2019060601008074,HDL,25,53,20,"1,653.00","33,060.00"
2019-06-06,2019060601008072,HDL,32,35,10,"1,655.00","16,550.00"
2019-06-06,2019060601007840,HIDCL,1,34,61,161.00,"9,821.00"
2019-06-06,2019060601007794,HIDCL,40,6,23,162.00,"3,726.00"
2019-06-06,2019060601007766,HIDCL,1,40,31,161.00,"4,991.00"
2019-06-06,2019060601007649,HIDCL,1,6,100,161.00,"16,100.00"
2019-06-06,2019060601007785,HPPL,41,36,20,182.00,"3,640.00"
2019-06-06,2019060601007635,HPPL,42,59,20,183.00,"3,660.00"
2019-06-06,2019060601007773,HURJA,45,38,20,149.00,"2,980.00"
2019-06-06,2019060601007602,HURJA,52,38,20,148.00,"2,960.00"
2019-06-06,2019060601008014,JBNL,17,7,300,208.00,"62,400.00"
2019-06-06,2019060601007888,JBNL,38,45,300,209.00,"62,700.00"
2019-06-06,2019060601007771,JBNL,14,45,200,209.00,"41,800.00"
2019-06-06,2019060601007760,JBNL,53,45,500,209.00,"104,500.00"
2019-06-06,2019060601007982,JOSHI,5,17,20,92.00,"1,840.00"
2019-06-06,2019060601007981,JOSHI,5,5,20,92.00,"1,840.00"
2019-06-06,2019060601007980,JOSHI,5,25,10,92.00,920.00
2019-06-06,2019060601007732,JOSHI,48,29,20,90.00,"1,800.00"
2019-06-06,2019060601007640,JOSHI,34,48,20,91.00,"1,820.00"
2019-06-06,2019060601007639,JOSHI,34,48,20,91.00,"1,820.00"
2019-06-06,2019060601007638,JOSHI,34,48,20,91.00,"1,820.00"
2019-06-06,2019060601007953,KBBL,47,22,16,238.00,"3,808.00"
2019-06-06,2019060601007643,KBBL,33,1,247,237.00,"58,539.00"
2019-06-06,2019060601007989,KBL,41,52,100,216.00,"21,600.00"
2019-06-06,2019060601007869,KBL,56,8,82,215.00,"17,630.00"
2019-06-06,2019060601007868,KBL,13,8,44,215.00,"9,460.00"
2019-06-06,2019060601007966,KKHC,44,40,16,64.00,"1,024.00"
2019-06-06,2019060601007954,KKHC,40,39,10,65.00,650.00
2019-06-06,2019060601008019,KPCL,22,48,10,93.00,930.00
2019-06-06,2019060601008052,KSBBL,39,32,"1,000",162.00,"162,000.00"
2019-06-06,2019060601007795,KSBBL,49,32,200,162.00,"32,400.00"
2019-06-06,2019060601007941,LBBL,29,21,500,198.00,"99,000.00"
2019-06-06,2019060601007677,LBBL,29,35,160,198.00,"31,680.00"
2019-06-06,2019060601007676,LBBL,50,35,40,198.00,"7,920.00"
2019-06-06,2019060601007956,LGIL,29,52,531,481.00,"255,411.00"
2019-06-06,2019060601007955,LGIL,39,52,200,482.00,"96,400.00"
2019-06-06,2019060601007867,LGIL,56,35,50,490.00,"24,500.00"
2019-06-06,2019060601007976,MEGA,6,36,384,199.00,"76,416.00"
2019-06-06,2019060601007975,MEGA,35,36,200,199.00,"39,800.00"
2019-06-06,2019060601007974,MEGA,32,36,100,199.00,"19,900.00"
2019-06-06,2019060601007973,MEGA,38,36,200,199.00,"39,800.00"
2019-06-06,2019060601007972,MEGA,19,36,100,199.00,"19,900.00"
2019-06-06,2019060601007971,MEGA,17,36,300,199.00,"59,700.00"
2019-06-06,2019060601007650,MEGA,56,35,57,200.00,"11,400.00"
2019-06-06,2019060601007617,MEGA,14,11,209,199.00,"41,591.00"
2019-06-06,2019060601007616,MEGA,8,11,100,199.00,"19,900.00"
2019-06-06,2019060601007615,MEGA,51,11,91,199.00,"18,109.00"
2019-06-06,2019060601007970,MEGA,14,36,791,199.00,"157,409.00"
2019-06-06,2019060601007969,MEGA,52,36,143,200.00,"28,600.00"
2019-06-06,2019060601007847,MEGA,14,51,10,201.00,"2,010.00"
2019-06-06,2019060601007763,MEGA,52,51,100,200.00,"20,000.00"
2019-06-06,2019060601007728,MEGA,52,59,257,200.00,"51,400.00"
2019-06-06,2019060601007651,MEGA,56,59,143,200.00,"28,600.00"
2019-06-06,2019060601007717,MERO,40,40,16,564.00,"9,024.00"
2019-06-06,2019060601008045,MLBL,59,51,10,194.00,"1,940.00"
2019-06-06,2019060601007684,MLBL,20,51,389,197.00,"76,633.00"
2019-06-06,2019060601007787,MPFL,11,11,25,216.00,"5,400.00"
2019-06-06,2019060601008021,NABIL,59,17,72,828.00,"59,616.00"
2019-06-06,2019060601007691,NABIL,22,29,10,829.00,"8,290.00"
2019-06-06,2019060601007690,NABIL,22,13,90,829.00,"74,610.00"
2019-06-06,2019060601007680,NABIL,59,40,100,828.00,"82,800.00"
2019-06-06,2019060601007626,NABIL,56,13,100,829.00,"82,900.00"
2019-06-06,2019060601008040,NABILP,47,25,100,803.00,"80,300.00"
2019-06-06,2019060601008002,NABILP,59,25,100,804.00,"80,400.00"
2019-06-06,2019060601008015,NADEP,43,25,20,452.00,"9,040.00"
2019-06-06,2019060601007718,NADEP,43,33,10,452.00,"4,520.00"
2019-06-06,2019060601008048,NBB,44,32,351,222.00,"77,922.00"
2019-06-06,2019060601008047,NBB,34,32,149,222.00,"33,078.00"
2019-06-06,2019060601007660,NBB,34,46,69,222.00,"15,318.00"
2019-06-06,2019060601007659,NBB,34,6,500,222.00,"111,000.00"
2019-06-06,2019060601007609,NBB,53,59,100,223.00,"22,300.00"
2019-06-06,2019060601007608,NBB,57,59,53,223.00,"11,819.00"
2019-06-06,2019060601008078,NBL,33,36,100,326.00,"32,600.00"
2019-06-06,2019060601008058,NBL,35,36,200,326.00,"65,200.00"
2019-06-06,2019060601008057,NBL,47,36,300,326.00,"97,800.00"
2019-06-06,2019060601007832,NBL,10,46,815,326.00,"265,690.00"
2019-06-06,2019060601007758,NBL,6,46,500,326.00,"163,000.00"
2019-06-06,2019060601007743,NBL,29,46,"2,000",326.00,"652,000.00"
2019-06-06,2019060601007610,NBL,29,36,200,327.00,"65,400.00"
2019-06-06,2019060601007701,NBL,43,46,100,326.00,"32,600.00"
2019-06-06,2019060601007700,NBL,59,46,"1,000",326.00,"326,000.00"
2019-06-06,2019060601007699,NBL,54,46,300,326.00,"97,800.00"
2019-06-06,2019060601007698,NBL,42,46,535,326.00,"174,410.00"
2019-06-06,2019060601007683,NBL,42,33,60,326.00,"19,560.00"
2019-06-06,2019060601007664,NBL,42,1,"1,000",326.00,"326,000.00"
2019-06-06,2019060601007707,NBL,5,46,100,326.00,"32,600.00"
2019-06-06,2019060601007706,NBL,28,46,"1,000",326.00,"326,000.00"
2019-06-06,2019060601007705,NBL,35,46,50,326.00,"16,300.00"
2019-06-06,2019060601007704,NBL,34,46,500,326.00,"163,000.00"
2019-06-06,2019060601007703,NBL,17,46,100,326.00,"32,600.00"
2019-06-06,2019060601007702,NBL,34,46,"2,000",326.00,"652,000.00"
2019-06-06,2019060601007922,NCCB,32,13,50,259.00,"12,950.00"
2019-06-06,2019060601007873,NCCB,8,13,99,259.00,"25,641.00"
2019-06-06,2019060601007872,NCCB,8,13,301,259.00,"77,959.00"
2019-06-06,2019060601007765,NCCB,52,13,260,259.00,"67,340.00"
2019-06-06,2019060601007764,NCCB,52,18,"1,740",259.00,"450,660.00"
2019-06-06,2019060601007913,NIB,19,50,100,532.00,"53,200.00"
2019-06-06,2019060601007784,NIB,53,40,100,531.00,"53,100.00"
2019-06-06,2019060601007777,NIB,53,34,44,531.00,"23,364.00"
2019-06-06,2019060601008065,NIBPO,35,4,30,500.00,"15,000.00"
2019-06-06,2019060601008032,NIBPO,28,4,141,500.00,"70,500.00"
2019-06-06,2019060601007952,NIBPO,47,4,40,500.00,"20,000.00"
2019-06-06,2019060601007912,NIBPO,47,4,40,500.00,"20,000.00"
2019-06-06,2019060601007588,NIBPO,47,47,200,500.00,"100,000.00"
2019-06-06,2019060601007594,NIBPO,47,47,120,500.00,"60,000.00"
2019-06-06,2019060601007593,NIBPO,47,47,100,500.00,"50,000.00"
2019-06-06,2019060601007592,NIBPO,47,47,120,500.00,"60,000.00"
2019-06-06,2019060601007591,NIBPO,47,47,120,500.00,"60,000.00"
2019-06-06,2019060601007590,NIBPO,47,47,100,500.00,"50,000.00"
2019-06-06,2019060601007589,NIBPO,47,47,200,500.00,"100,000.00"
2019-06-06,2019060601007853,NIBPO,47,4,40,500.00,"20,000.00"
2019-06-06,2019060601007817,NIBPO,47,4,40,500.00,"20,000.00"
2019-06-06,2019060601007759,NIBPO,47,4,50,500.00,"25,000.00"
2019-06-06,2019060601007658,NIBPO,47,4,10,500.00,"5,000.00"
2019-06-06,2019060601007657,NIBPO,47,47,40,500.00,"20,000.00"
2019-06-06,2019060601007906,NICA,40,42,100,460.00,"46,000.00"
2019-06-06,2019060601007905,NICA,38,42,100,460.00,"46,000.00"
2019-06-06,2019060601007904,NICA,5,42,50,460.00,"23,000.00"
2019-06-06,2019060601007903,NICA,28,42,500,460.00,"230,000.00"
2019-06-06,2019060601007902,NICA,42,42,500,460.00,"230,000.00"
2019-06-06,2019060601007901,NICA,59,42,10,460.00,"4,600.00"
2019-06-06,2019060601007605,NICA,7,57,20,463.00,"9,260.00"
2019-06-06,2019060601007900,NICA,59,42,965,460.00,"443,900.00"
2019-06-06,2019060601007899,NICA,50,42,100,461.00,"46,100.00"
2019-06-06,2019060601007854,NICA,42,32,197,462.00,"91,014.00"
2019-06-06,2019060601007708,NICA,58,40,50,461.00,"23,050.00"
2019-06-06,2019060601007637,NICA,42,57,200,463.00,"92,600.00"
2019-06-06,2019060601007613,NICA,34,57,25,463.00,"11,575.00"
2019-06-06,2019060601007774,NICL,43,29,10,382.00,"3,820.00"
2019-06-06,2019060601007815,NIL,42,37,190,499.00,"94,810.00"
2019-06-06,2019060601007814,NIL,1,37,42,499.00,"20,958.00"
2019-06-06,2019060601007813,NIL,35,37,200,499.00,"99,800.00"
2019-06-06,2019060601007812,NIL,40,37,68,500.00,"34,000.00"
2019-06-06,2019060601007805,NIL,40,43,300,500.00,"150,000.00"
2019-06-06,2019060601007803,NIL,40,45,500,500.00,"250,000.00"
2019-06-06,2019060601007802,NIL,40,36,232,500.00,"116,000.00"
2019-06-06,2019060601007870,NLG,25,42,10,795.00,"7,950.00"
2019-06-06,2019060601007736,NLIC,1,42,195,920.00,"179,400.00"
2019-06-06,2019060601007735,NLIC,40,42,100,920.00,"92,000.00"
2019-06-06,2019060601007734,NLIC,56,42,60,920.00,"55,200.00"
2019-06-06,2019060601007733,NLIC,37,42,20,921.00,"18,420.00"
2019-06-06,2019060601007911,NLICL,41,35,100,630.00,"63,000.00"
2019-06-06,2019060601007851,NLICL,43,43,10,635.00,"6,350.00"
2019-06-06,2019060601007603,NLICL,35,26,166,624.00,"103,584.00"
2019-06-06,2019060601008080,NMFBS,45,45,10,"1,500.00","15,000.00"
2019-06-06,2019060601007788,NUBL,49,34,30,835.00,"25,050.00"
2019-06-06,2019060601007825,OHL,4,33,500,645.00,"322,500.00"
2019-06-06,2019060601007770,OHL,4,28,10,654.00,"6,540.00"
2019-06-06,2019060601007644,OHL,4,35,500,645.00,"322,500.00"
2019-06-06,2019060601007829,OHL,58,33,400,642.00,"256,800.00"
2019-06-06,2019060601007828,OHL,42,33,"1,000",643.00,"643,000.00"
2019-06-06,2019060601007827,OHL,49,33,100,644.00,"64,400.00"
2019-06-06,2019060601007826,OHL,44,33,500,644.00,"322,000.00"
2019-06-06,2019060601007907,PCBL,52,57,300,300.00,"90,000.00"
2019-06-06,2019060601008044,PIC,59,58,83,"1,121.00","93,043.00"
2019-06-06,2019060601008043,PIC,7,58,100,"1,122.00","112,200.00"
2019-06-06,2019060601007929,PIC,45,58,20,"1,129.00","22,580.00"
2019-06-06,2019060601007822,PIC,59,38,10,"1,121.00","11,210.00"
2019-06-06,2019060601007789,PIC,22,58,50,"1,129.00","56,450.00"
2019-06-06,2019060601007772,PIC,39,33,10,"1,126.00","11,260.00"
2019-06-06,2019060601007768,PIC,45,58,20,"1,129.00","22,580.00"
2019-06-06,2019060601007623,PIC,26,58,30,"1,129.00","33,870.00"
2019-06-06,2019060601007606,PIC,35,58,11,"1,129.00","12,419.00"
2019-06-06,2019060601008062,PLIC,48,45,10,460.00,"4,600.00"
2019-06-06,2019060601007936,PLIC,32,21,20,455.00,"9,100.00"
2019-06-06,2019060601007654,PMHPL,19,38,10,107.00,"1,070.00"
2019-06-06,2019060601007928,PPCL,59,33,20,130.00,"2,600.00"
2019-06-06,2019060601007927,PPCL,59,37,30,129.00,"3,870.00"
2019-06-06,2019060601007926,PPCL,59,56,30,129.00,"3,870.00"
2019-06-06,2019060601007925,PPCL,59,56,10,129.00,"1,290.00"
2019-06-06,2019060601007849,PPCL,59,26,50,128.00,"6,400.00"
2019-06-06,2019060601007848,PPCL,59,29,10,127.00,"1,270.00"
2019-06-06,2019060601007669,PPCL,25,29,10,125.00,"1,250.00"
2019-06-06,2019060601007655,PPCL,25,20,20,125.00,"2,500.00"
2019-06-06,2019060601007629,PPCL,54,33,230,126.00,"28,980.00"
2019-06-06,2019060601007628,PPCL,47,33,90,126.00,"11,340.00"
2019-06-06,2019060601007624,PPCL,47,20,20,126.00,"2,520.00"
2019-06-06,2019060601007599,PPCL,47,20,20,126.00,"2,520.00"
2019-06-06,2019060601007796,PPCL,16,45,200,126.00,"25,200.00"
2019-06-06,2019060601007757,PPCL,59,29,20,127.00,"2,540.00"
2019-06-06,2019060601007756,PPCL,59,26,30,127.00,"3,810.00"
2019-06-06,2019060601007755,PPCL,59,26,30,127.00,"3,810.00"
2019-06-06,2019060601007754,PPCL,59,33,20,126.00,"2,520.00"
2019-06-06,2019060601007737,PPCL,25,20,20,125.00,"2,500.00"
2019-06-06,2019060601007648,PRIN,4,36,770,396.00,"304,920.00"
2019-06-06,2019060601007647,PRIN,48,36,10,396.00,"3,960.00"
2019-06-06,2019060601007646,PRIN,57,36,70,396.00,"27,720.00"
2019-06-06,2019060601007645,PRIN,42,36,50,397.00,"19,850.00"
2019-06-06,2019060601008022,PROFL,5,34,219,112.00,"24,528.00"
2019-06-06,2019060601007979,PRVU,32,45,50,272.00,"13,600.00"
2019-06-06,2019060601007934,PRVU,21,45,500,272.00,"136,000.00"
2019-06-06,2019060601007933,PRVU,34,45,"2,143",272.00,"582,896.00"
2019-06-06,2019060601007932,PRVU,34,43,357,272.00,"97,104.00"
2019-06-06,2019060601007916,PRVU,51,35,268,271.00,"72,628.00"
2019-06-06,2019060601007915,PRVU,44,35,200,271.00,"54,200.00"
2019-06-06,2019060601007752,PRVU,52,43,500,272.00,"136,000.00"
2019-06-06,2019060601007715,PRVU,45,57,200,271.00,"54,200.00"
2019-06-06,2019060601007714,PRVU,32,57,500,271.00,"135,500.00"
2019-06-06,2019060601007914,PRVU,45,35,417,271.00,"113,007.00"
2019-06-06,2019060601008055,RBCL,18,58,20,"10,401.00","208,020.00"
2019-06-06,2019060601008013,RBCL,44,58,10,"10,401.00","104,010.00"
2019-06-06,2019060601007821,RBCLPO,33,58,20,"9,365.00","187,300.00"
2019-06-06,2019060601007820,RBCLPO,42,58,20,"9,370.00","187,400.00"
2019-06-06,2019060601007819,RBCLPO,32,58,10,"9,375.00","93,750.00"
2019-06-06,2019060601007875,RLFL,37,17,450,144.00,"64,800.00"
2019-06-06,2019060601007586,RMDC,29,21,119,650.00,"77,350.00"
2019-06-06,2019060601008031,RRHP,47,16,320,104.00,"33,280.00"
2019-06-06,2019060601007977,RRHP,47,22,540,104.00,"56,160.00"
2019-06-06,2019060601007738,RRHP,47,38,10,104.00,"1,040.00"
2019-06-06,2019060601007656,RRHP,47,49,10,104.00,"1,040.00"
2019-06-06,2019060601008009,RSDC,4,29,63,372.00,"23,436.00"
2019-06-06,2019060601008008,RSDC,4,26,38,372.00,"14,136.00"
2019-06-06,2019060601008007,RSDC,4,21,710,371.00,"263,410.00"
2019-06-06,2019060601007959,SADBL,26,22,400,153.00,"61,200.00"
2019-06-06,2019060601007958,SADBL,26,32,107,153.00,"16,371.00"
2019-06-06,2019060601007667,SANIMA,29,33,20,350.00,"7,000.00"
2019-06-06,2019060601007666,SANIMA,34,33,80,350.00,"28,000.00"
2019-06-06,2019060601007887,SBI,17,44,97,472.00,"45,784.00"
2019-06-06,2019060601007886,SBI,17,44,250,472.00,"118,000.00"
2019-06-06,2019060601007885,SBI,17,44,219,472.00,"103,368.00"
2019-06-06,2019060601007742,SBI,17,37,21,472.00,"9,912.00"
2019-06-06,2019060601007675,SBI,17,42,10,472.00,"4,720.00"
2019-06-06,2019060601007951,SBL,53,57,535,328.00,"175,480.00"
2019-06-06,2019060601007841,SBL,51,57,200,329.00,"65,800.00"
2019-06-06,2019060601007896,SCB,56,37,130,673.00,"87,490.00"
2019-06-06,2019060601007895,SCB,35,37,60,673.00,"40,380.00"
2019-06-06,2019060601007894,SCB,14,37,200,674.00,"134,800.00"
2019-06-06,2019060601007893,SCB,20,37,110,674.00,"74,140.00"
2019-06-06,2019060601007668,SCB,20,19,190,674.00,"128,060.00"
2019-06-06,2019060601007612,SCB,20,37,20,674.00,"13,480.00"
2019-06-06,2019060601007968,SHINE,6,45,100,255.00,"25,500.00"
2019-06-06,2019060601008077,SHIVM,57,22,405,678.00,"274,590.00"
2019-06-06,2019060601008076,SHIVM,34,22,595,678.00,"403,410.00"
2019-06-06,2019060601008051,SHIVM,57,29,200,679.00,"135,800.00"
2019-06-06,2019060601008050,SHIVM,34,29,40,679.00,"27,160.00"
2019-06-06,2019060601008042,SHIVM,34,21,60,679.00,"40,740.00"
2019-06-06,2019060601008041,SHIVM,11,21,40,679.00,"27,160.00"
2019-06-06,2019060601007633,SHIVM,32,22,100,682.00,"68,200.00"
2019-06-06,2019060601007625,SHIVM,32,14,50,682.00,"34,100.00"
2019-06-06,2019060601007622,SHIVM,32,51,50,682.00,"34,100.00"
2019-06-06,2019060601007620,SHIVM,32,50,200,682.00,"136,400.00"
2019-06-06,2019060601007619,SHIVM,32,21,400,682.00,"272,800.00"
2019-06-06,2019060601007598,SHIVM,28,21,500,682.00,"341,000.00"
2019-06-06,2019060601007712,SHIVM,32,26,50,682.00,"34,100.00"
2019-06-06,2019060601007710,SHIVM,32,50,300,682.00,"204,600.00"
2019-06-06,2019060601007681,SHIVM,32,17,50,682.00,"34,100.00"
2019-06-06,2019060601007665,SHIVM,32,36,500,682.00,"341,000.00"
2019-06-06,2019060601007641,SHIVM,48,58,200,683.00,"136,600.00"
2019-06-06,2019060601007634,SHIVM,32,34,100,682.00,"68,200.00"
2019-06-06,2019060601007741,SHIVM,34,38,500,682.00,"341,000.00"
2019-06-06,2019060601007740,SHIVM,5,38,200,682.00,"136,400.00"
2019-06-06,2019060601007731,SHIVM,7,14,200,682.00,"136,400.00"
2019-06-06,2019060601007730,SHIVM,7,26,500,682.00,"341,000.00"
2019-06-06,2019060601007729,SHIVM,32,26,100,682.00,"68,200.00"
2019-06-06,2019060601007719,SHIVM,32,25,100,682.00,"68,200.00"
2019-06-06,2019060601007839,SHIVM,57,26,50,681.00,"34,050.00"
2019-06-06,2019060601007831,SHIVM,57,38,746,681.00,"508,026.00"
2019-06-06,2019060601007830,SHIVM,7,38,254,681.00,"172,974.00"
2019-06-06,2019060601007804,SHIVM,7,3,250,682.00,"170,500.00"
2019-06-06,2019060601007775,SHIVM,7,38,50,682.00,"34,100.00"
2019-06-06,2019060601007753,SHIVM,7,38,250,682.00,"170,500.00"
2019-06-06,2019060601007923,SHIVM,37,7,100,681.00,"68,100.00"
2019-06-06,2019060601007918,SHIVM,37,21,796,681.00,"542,076.00"
2019-06-06,2019060601007917,SHIVM,34,21,204,681.00,"138,924.00"
2019-06-06,2019060601007874,SHIVM,34,7,400,681.00,"272,400.00"
2019-06-06,2019060601007865,SHIVM,34,8,96,681.00,"65,376.00"
2019-06-06,2019060601007864,SHIVM,57,8,204,681.00,"138,924.00"
2019-06-06,2019060601007946,SHIVM,38,38,500,680.00,"340,000.00"
2019-06-06,2019060601007945,SHIVM,42,38,"1,000",680.00,"680,000.00"
2019-06-06,2019060601007944,SHIVM,52,38,300,680.00,"204,000.00"
2019-06-06,2019060601007943,SHIVM,36,38,"1,000",680.00,"680,000.00"
2019-06-06,2019060601007942,SHIVM,34,38,800,680.00,"544,000.00"
2019-06-06,2019060601007935,SHIVM,37,50,104,681.00,"70,824.00"
2019-06-06,2019060601007962,SHIVM,3,41,50,679.00,"33,950.00"
2019-06-06,2019060601007961,SHIVM,34,41,500,679.00,"339,500.00"
2019-06-06,2019060601007960,SHIVM,40,41,150,679.00,"101,850.00"
2019-06-06,2019060601007949,SHIVM,34,38,500,680.00,"340,000.00"
2019-06-06,2019060601007948,SHIVM,58,38,10,680.00,"6,800.00"
2019-06-06,2019060601007947,SHIVM,3,38,100,680.00,"68,000.00"
2019-06-06,2019060601008020,SHIVM,38,38,10,680.00,"6,800.00"
2019-06-06,2019060601008003,SHIVM,51,38,200,680.00,"136,000.00"
2019-06-06,2019060601007987,SHIVM,11,21,300,679.00,"203,700.00"
2019-06-06,2019060601007965,SHIVM,11,41,160,679.00,"108,640.00"
2019-06-06,2019060601007964,SHIVM,38,41,50,679.00,"33,950.00"
2019-06-06,2019060601007963,SHIVM,4,41,100,679.00,"67,900.00"
2019-06-06,2019060601008073,SHL,50,43,400,239.00,"95,600.00"
2019-06-06,2019060601007783,SHL,6,43,150,239.00,"35,850.00"
2019-06-06,2019060601007782,SHL,57,43,100,239.00,"23,900.00"
2019-06-06,2019060601007781,SHL,38,43,100,239.00,"23,900.00"
2019-06-06,2019060601007780,SHL,45,43,100,239.00,"23,900.00"
2019-06-06,2019060601007779,SHL,43,43,500,239.00,"119,500.00"
2019-06-06,2019060601007778,SHL,43,43,300,239.00,"71,700.00"
2019-06-06,2019060601007990,SHPC,29,53,83,255.00,"21,165.00"
2019-06-06,2019060601007711,SHPC,45,45,300,255.00,"76,500.00"
2019-06-06,2019060601007750,SIC,45,43,78,"1,355.00","105,690.00"
2019-06-06,2019060601007999,SICL,45,51,20,834.00,"16,680.00"
2019-06-06,2019060601007937,SIL,41,22,25,571.00,"14,275.00"
2019-06-06,2019060601007601,SIL,45,52,103,570.00,"58,710.00"
2019-06-06,2019060601007600,SIL,45,41,15,570.00,"8,550.00"
2019-06-06,2019060601008079,SLBSL,52,38,10,570.00,"5,700.00"
2019-06-06,2019060601007986,SLBSL,52,38,100,569.00,"56,900.00"
2019-06-06,2019060601007985,SLBSL,52,52,50,568.00,"28,400.00"
2019-06-06,2019060601007984,SLBSL,52,38,100,565.00,"56,500.00"
2019-06-06,2019060601007983,SLBSL,52,32,10,563.00,"5,630.00"
2019-06-06,2019060601007931,SLICL,17,38,420,567.00,"238,140.00"
2019-06-06,2019060601007930,SLICL,17,38,100,567.00,"56,700.00"
2019-06-06,2019060601007792,SLICL,47,32,10,570.00,"5,700.00"
2019-06-06,2019060601007791,SPARS,48,57,30,525.00,"15,750.00"
2019-06-06,2019060601007843,SRBL,48,41,24,254.00,"6,096.00"
2019-06-06,2019060601007688,SRBL,52,3,10,255.00,"2,550.00"
2019-06-06,2019060601007687,SRBL,52,44,87,255.00,"22,185.00"
2019-06-06,2019060601007686,SRBL,52,43,403,255.00,"102,765.00"
2019-06-06,2019060601008046,TRH,57,3,10,327.00,"3,270.00"
2019-06-06,2019060601008039,TRH,25,3,10,327.00,"3,270.00"
2019-06-06,2019060601008023,TRH,43,3,10,327.00,"3,270.00"
2019-06-06,2019060601008018,TRH,45,3,10,327.00,"3,270.00"
2019-06-06,2019060601008012,TRH,45,3,10,327.00,"3,270.00"
2019-06-06,2019060601007957,TRH,53,45,180,324.00,"58,320.00"
2019-06-06,2019060601007713,TRH,43,5,10,327.00,"3,270.00"
2019-06-06,2019060601007653,TRH,57,3,875,325.00,"284,375.00"
2019-06-06,2019060601007652,TRH,19,3,125,325.00,"40,625.00"
2019-06-06,2019060601007642,TRH,45,5,10,327.00,"3,270.00"
2019-06-06,2019060601007800,TRH,5,45,200,324.00,"64,800.00"
2019-06-06,2019060601007799,TRH,16,45,100,324.00,"32,400.00"
2019-06-06,2019060601007798,TRH,39,45,200,324.00,"64,800.00"
2019-06-06,2019060601007797,TRH,46,45,500,324.00,"162,000.00"
2019-06-06,2019060601007786,TRH,57,5,25,325.00,"8,125.00"
2019-06-06,2019060601007762,TRH,57,13,100,325.00,"32,500.00"
2019-06-06,2019060601007881,TRH,35,59,145,322.00,"46,690.00"
2019-06-06,2019060601007863,TRH,35,5,55,322.00,"17,710.00"
2019-06-06,2019060601007852,TRH,36,45,200,323.00,"64,600.00"
2019-06-06,2019060601007837,TRH,36,43,100,323.00,"32,300.00"
2019-06-06,2019060601007836,TRH,58,43,200,323.00,"64,600.00"
2019-06-06,2019060601007801,TRH,32,45,"1,000",324.00,"324,000.00"
2019-06-06,2019060601007940,TRH,57,59,500,322.00,"161,000.00"
2019-06-06,2019060601007939,TRH,3,45,155,321.00,"49,755.00"
2019-06-06,2019060601007938,TRH,28,45,145,322.00,"46,690.00"
2019-06-06,2019060601007884,TRH,28,59,355,322.00,"114,310.00"
2019-06-06,2019060601007883,TRH,44,59,300,322.00,"96,600.00"
2019-06-06,2019060601007882,TRH,32,59,200,322.00,"64,400.00"
2019-06-06,2019060601007674,UFL,48,39,163,189.00,"30,807.00"
2019-06-06,2019060601007611,UFL,48,43,123,189.00,"23,247.00"
2019-06-06,2019060601008063,UPPER,56,13,200,275.00,"55,000.00"
2019-06-06,2019060601008060,UPPER,40,13,400,275.00,"110,000.00"
2019-06-06,2019060601008059,UPPER,58,13,890,275.00,"244,750.00"
2019-06-06,2019060601008017,UPPER,58,36,"1,000",275.00,"275,000.00"
2019-06-06,2019060601007871,UPPER,58,42,40,275.00,"11,000.00"
2019-06-06,2019060601007685,UPPER,36,38,50,275.00,"13,750.00"
2019-06-06,2019060601007682,UPPER,36,43,"1,500",275.00,"412,500.00"
2019-06-06,2019060601007856,UPPER,20,38,100,275.00,"27,500.00"
2019-06-06,2019060601007824,UPPER,20,38,900,275.00,"247,500.00"
2019-06-06,2019060601007823,UPPER,36,38,100,275.00,"27,500.00"
2019-06-06,2019060601007776,UPPER,19,35,100,276.00,"27,600.00"
2019-06-06,2019060601007769,UPPER,36,40,40,275.00,"11,000.00"
2019-06-06,2019060601007744,UPPER,28,35,500,276.00,"138,000.00"
2019-06-06,2019060601007862,UPPER,58,38,70,275.00,"19,250.00"
2019-06-06,2019060601007861,UPPER,11,38,100,275.00,"27,500.00"
2019-06-06,2019060601007860,UPPER,41,38,30,275.00,"8,250.00"
2019-06-06,2019060601007859,UPPER,20,38,500,275.00,"137,500.00"
2019-06-06,2019060601007858,UPPER,20,38,100,275.00,"27,500.00"
2019-06-06,2019060601007857,UPPER,25,38,100,275.00,"27,500.00"
2019-06-06,2019060601007515,ADBL,48,49,10,414.00,"4,140.00"
2019-06-06,2019060601007514,ADBL,45,49,24,414.00,"9,936.00"
2019-06-06,2019060601007346,ADBL,45,28,276,414.00,"114,264.00"
2019-06-06,2019060601007345,ADBL,37,28,100,414.00,"41,400.00"
2019-06-06,2019060601007344,ADBL,29,28,34,414.00,"14,076.00"
2019-06-06,2019060601007343,ADBL,41,28,90,414.00,"37,260.00"
2019-06-06,2019060601007200,ADBL,41,43,127,414.00,"52,578.00"
2019-06-06,2019060601007195,ADBL,41,4,217,414.00,"89,838.00"
2019-06-06,2019060601007091,ADBL,22,49,50,415.00,"20,750.00"
2019-06-06,2019060601007371,AHPC,45,6,760,110.00,"83,600.00"
2019-06-06,2019060601007370,AHPC,45,56,185,110.00,"20,350.00"
2019-06-06,2019060601007369,AHPC,45,17,55,110.00,"6,050.00"
2019-06-06,2019060601007553,AKJCL,22,48,20,73.00,"1,460.00"
2019-06-06,2019060601007508,AKJCL,22,48,20,73.00,"1,460.00"
2019-06-06,2019060601007397,AKJCL,22,48,10,73.00,730.00
2019-06-06,2019060601007196,ALBSL,32,38,40,434.00,"17,360.00"
2019-06-06,2019060601007138,ALBSL,1,38,10,430.00,"4,300.00"
2019-06-06,2019060601007106,ALICL,6,49,12,401.00,"4,812.00"
2019-06-06,2019060601007541,API,18,35,500,149.00,"74,500.00"
2019-06-06,2019060601007281,API,38,32,50,148.00,"7,400.00"
2019-06-06,2019060601007280,API,22,32,"1,000",148.00,"148,000.00"
2019-06-06,2019060601007279,API,43,32,150,148.00,"22,200.00"
2019-06-06,2019060601007278,API,56,32,416,148.00,"61,568.00"
2019-06-06,2019060601007277,API,45,32,100,149.00,"14,900.00"
2019-06-06,2019060601007276,API,25,32,300,149.00,"44,700.00"
2019-06-06,2019060601007275,API,38,32,72,149.00,"10,728.00"
2019-06-06,2019060601007578,BPCL,38,32,100,408.00,"40,800.00"
2019-06-06,2019060601007430,BPCL,51,41,30,407.00,"12,210.00"
2019-06-06,2019060601007402,BPCL,51,29,11,407.00,"4,477.00"
2019-06-06,2019060601007401,BPCL,29,29,48,408.00,"19,584.00"
2019-06-06,2019060601007362,BPCL,29,41,11,408.00,"4,488.00"
2019-06-06,2019060601007199,BPCL,22,45,200,409.00,"81,800.00"
2019-06-06,2019060601007146,BPCL,11,51,30,410.00,"12,300.00"
2019-06-06,2019060601007129,CBBL,39,53,10,946.00,"9,460.00"
2019-06-06,2019060601007481,CFCL,33,36,"1,900",124.00,"235,600.00"
2019-06-06,2019060601007480,CFCL,33,40,100,124.00,"12,400.00"
2019-06-06,2019060601007084,CFCL,17,36,100,122.00,"12,200.00"
2019-06-06,2019060601007083,CFCL,45,36,"1,914",122.00,"233,508.00"
2019-06-06,2019060601007229,CHCL,29,29,196,523.00,"102,508.00"
2019-06-06,2019060601007472,CIT,16,56,42,"2,550.00","107,100.00"
2019-06-06,2019060601007471,CIT,22,56,10,"2,550.00","25,500.00"
2019-06-06,2019060601007438,CIT,51,32,16,"2,550.00","40,800.00"
2019-06-06,2019060601007315,CIT,22,59,14,"2,550.00","35,700.00"
2019-06-06,2019060601007314,CIT,11,59,25,"2,551.00","63,775.00"
2019-06-06,2019060601007090,CIT,22,26,36,"2,550.00","91,800.00"
2019-06-06,2019060601007089,CIT,22,26,30,"2,550.00","76,500.00"
2019-06-06,2019060601007197,CLBSL,28,8,10,526.00,"5,260.00"
2019-06-06,2019060601007186,CLBSL,28,8,10,526.00,"5,260.00"
2019-06-06,2019060601007167,CLBSL,40,8,10,527.00,"5,270.00"
2019-06-06,2019060601007145,CLBSL,40,40,10,534.00,"5,340.00"
2019-06-06,2019060601007139,CLBSL,40,8,10,527.00,"5,270.00"
2019-06-06,2019060601007117,CLBSL,28,8,10,526.00,"5,260.00"
2019-06-06,2019060601007102,CLBSL,28,8,10,526.00,"5,260.00"
2019-06-06,2019060601007222,CZBIL,1,16,83,223.00,"18,509.00"
2019-06-06,2019060601007221,CZBIL,53,16,500,223.00,"111,500.00"
2019-06-06,2019060601007220,CZBIL,5,16,336,223.00,"74,928.00"
2019-06-06,2019060601007135,CZBIL,5,28,164,223.00,"36,572.00"
2019-06-06,2019060601007134,CZBIL,45,28,836,223.00,"186,428.00"
2019-06-06,2019060601007088,CZBIL,53,28,39,224.00,"8,736.00"
2019-06-06,2019060601007087,CZBIL,53,36,211,224.00,"47,264.00"
2019-06-06,2019060601007425,DBBL,49,22,256,146.00,"37,376.00"
2019-06-06,2019060601007424,DBBL,1,22,44,147.00,"6,468.00"
2019-06-06,2019060601007130,DBBL,1,45,100,147.00,"14,700.00"
2019-06-06,2019060601007452,DDBL,1,34,41,702.00,"28,782.00"
2019-06-06,2019060601007451,EBL,8,35,100,668.00,"66,800.00"
2019-06-06,2019060601007399,EBL,14,35,150,668.00,"100,200.00"
2019-06-06,2019060601007187,EBL,14,43,500,668.00,"334,000.00"
2019-06-06,2019060601007228,EDBL,44,51,120,287.00,"34,440.00"
2019-06-06,2019060601007182,FOWAD,14,5,25,"1,406.00","35,150.00"
2019-06-06,2019060601007181,FOWAD,42,5,15,"1,406.00","21,090.00"
2019-06-06,2019060601007180,FOWAD,41,5,50,"1,406.00","70,300.00"
2019-06-06,2019060601007543,GBBL,48,42,19,225.00,"4,275.00"
2019-06-06,2019060601007542,GBBL,22,42,181,225.00,"40,725.00"
2019-06-06,2019060601007483,GBBL,22,8,100,225.00,"22,500.00"
2019-06-06,2019060601007374,GBBL,22,49,219,225.00,"49,275.00"
2019-06-06,2019060601007373,GBBL,19,49,"1,000",225.00,"225,000.00"
2019-06-06,2019060601007372,GBBL,26,49,50,225.00,"11,250.00"
2019-06-06,2019060601007403,GBIME,59,11,50,302.00,"15,100.00"
2019-06-06,2019060601007306,GBIME,36,11,225,302.00,"67,950.00"
2019-06-06,2019060601007270,GBIME,55,11,550,302.00,"166,100.00"
2019-06-06,2019060601007431,GBLBS,21,6,140,360.00,"50,400.00"
2019-06-06,2019060601007218,GBLBS,6,36,50,358.00,"17,900.00"
2019-06-06,2019060601007217,GBLBS,25,36,500,358.00,"179,000.00"
2019-06-06,2019060601007216,GBLBS,25,36,300,358.00,"107,400.00"
2019-06-06,2019060601007215,GBLBS,22,36,400,359.00,"143,600.00"
2019-06-06,2019060601007214,GBLBS,6,36,150,359.00,"53,850.00"
2019-06-06,2019060601007213,GBLBS,53,36,200,359.00,"71,800.00"
2019-06-06,2019060601007253,GDBL,1,29,150,213.00,"31,950.00"
2019-06-06,2019060601007252,GDBL,29,29,149,214.00,"31,886.00"
2019-06-06,2019060601007309,GILB,38,36,48,"1,305.00","62,640.00"
2019-06-06,2019060601007308,GILB,38,58,40,"1,304.00","52,160.00"
2019-06-06,2019060601007205,GILB,40,40,21,"1,303.00","27,363.00"
2019-06-06,2019060601007443,GMFIL,35,26,162,131.00,"21,222.00"
2019-06-06,2019060601007408,GMFIL,35,58,500,130.00,"65,000.00"
2019-06-06,2019060601007388,GMFIL,43,58,200,131.00,"26,200.00"
2019-06-06,2019060601007367,GMFIL,43,58,200,131.00,"26,200.00"
2019-06-06,2019060601007360,GMFIL,53,58,100,131.00,"13,100.00"
2019-06-06,2019060601007565,GRDBL,22,8,400,122.00,"48,800.00"
2019-06-06,2019060601007547,GRDBL,38,8,"1,000",122.00,"122,000.00"
2019-06-06,2019060601007497,HBL,56,19,85,568.00,"48,280.00"
2019-06-06,2019060601007573,HDL,14,35,25,"1,660.00","41,500.00"
2019-06-06,2019060601007243,HGI,11,48,72,375.00,"27,000.00"
2019-06-06,2019060601007242,HGI,45,48,100,375.00,"37,500.00"
2019-06-06,2019060601007241,HGI,34,48,200,375.00,"75,000.00"
2019-06-06,2019060601007240,HGI,34,48,100,376.00,"37,600.00"
2019-06-06,2019060601007239,HGI,11,48,28,376.00,"10,528.00"
2019-06-06,2019060601007546,HIDCL,1,14,71,161.00,"11,431.00"
2019-06-06,2019060601007545,HIDCL,1,14,52,161.00,"8,372.00"
2019-06-06,2019060601007415,HIDCL,1,42,588,161.00,"94,668.00"
2019-06-06,2019060601007414,HIDCL,38,42,200,161.00,"32,200.00"
2019-06-06,2019060601007413,HIDCL,42,42,500,161.00,"80,500.00"
2019-06-06,2019060601007412,HIDCL,29,42,682,161.00,"109,802.00"
2019-06-06,2019060601007132,HIDCL,6,51,73,162.00,"11,826.00"
2019-06-06,2019060601007411,HIDCL,6,42,30,162.00,"4,860.00"
2019-06-06,2019060601007238,HIDCL,51,6,200,162.00,"32,400.00"
2019-06-06,2019060601007237,HIDCL,43,6,500,162.00,"81,000.00"
2019-06-06,2019060601007236,HIDCL,56,6,100,162.00,"16,200.00"
2019-06-06,2019060601007235,HIDCL,25,6,100,162.00,"16,200.00"
2019-06-06,2019060601007234,HIDCL,6,6,27,162.00,"4,374.00"
2019-06-06,2019060601007376,HPPL,47,41,10,181.00,"1,810.00"
2019-06-06,2019060601007381,HURJA,42,42,90,149.00,"13,410.00"
2019-06-06,2019060601007257,HURJA,47,42,100,149.00,"14,900.00"
2019-06-06,2019060601007256,HURJA,19,42,200,149.00,"29,800.00"
2019-06-06,2019060601007255,HURJA,45,42,100,149.00,"14,900.00"
2019-06-06,2019060601007254,HURJA,34,42,10,149.00,"1,490.00"
2019-06-06,2019060601007555,ICFC,58,1,500,164.00,"82,000.00"
2019-06-06,2019060601007512,ICFC,36,1,150,164.00,"24,600.00"
2019-06-06,2019060601007511,ICFC,36,34,100,164.00,"16,400.00"
2019-06-06,2019060601007493,JBNL,17,47,70,208.00,"14,560.00"
2019-06-06,2019060601007489,JBNL,49,36,100,208.00,"20,800.00"
2019-06-06,2019060601007488,JBNL,51,36,391,208.00,"81,328.00"
2019-06-06,2019060601007227,JBNL,51,49,"1,609",208.00,"334,672.00"
2019-06-06,2019060601007226,JBNL,42,49,"1,000",208.00,"208,000.00"
2019-06-06,2019060601007225,JBNL,47,49,500,208.00,"104,000.00"
2019-06-06,2019060601007224,JBNL,45,49,891,208.00,"185,328.00"
2019-06-06,2019060601007098,JFL,32,1,200,181.00,"36,200.00"
2019-06-06,2019060601007097,JFL,32,21,200,181.00,"36,200.00"
2019-06-06,2019060601007096,JFL,32,52,100,181.00,"18,100.00"
2019-06-06,2019060601007193,JSLBB,17,26,14,"2,000.00","28,000.00"
2019-06-06,2019060601007487,KBBL,6,50,200,236.00,"47,200.00"
2019-06-06,2019060601007465,KBBL,6,41,50,236.00,"11,800.00"
2019-06-06,2019060601007322,KBBL,4,33,215,236.00,"50,740.00"
2019-06-06,2019060601007321,KBBL,1,33,"1,000",236.00,"236,000.00"
2019-06-06,2019060601007320,KBBL,32,33,50,236.00,"11,800.00"
2019-06-06,2019060601007319,KBBL,58,33,"1,000",236.00,"236,000.00"
2019-06-06,2019060601007318,KBBL,33,33,"2,000",236.00,"472,000.00"
2019-06-06,2019060601007317,KBBL,58,33,735,236.00,"173,460.00"
2019-06-06,2019060601007109,KBBL,58,47,"1,265",236.00,"298,540.00"
2019-06-06,2019060601007108,KBBL,21,47,250,236.00,"59,000.00"
2019-06-06,2019060601007107,KBBL,58,47,"1,000",237.00,"237,000.00"
2019-06-06,2019060601007115,KBL,13,16,156,215.00,"33,540.00"
2019-06-06,2019060601007114,KBL,43,33,100,214.00,"21,400.00"
2019-06-06,2019060601007559,KKHC,47,39,50,66.00,"3,300.00"
2019-06-06,2019060601007233,KPCL,22,43,10,93.00,930.00
2019-06-06,2019060601007551,KRBL,25,49,215,128.00,"27,520.00"
2019-06-06,2019060601007550,KRBL,42,49,100,128.00,"12,800.00"
2019-06-06,2019060601007549,KRBL,5,49,85,128.00,"10,880.00"
2019-06-06,2019060601007274,KSBBL,29,29,115,161.00,"18,515.00"
2019-06-06,2019060601007136,KSBBL,29,32,61,162.00,"9,882.00"
2019-06-06,2019060601007099,KSBBL,29,50,54,162.00,"8,748.00"
2019-06-06,2019060601007086,KSBBL,11,50,100,162.00,"16,200.00"
2019-06-06,2019060601007082,LBBL,33,4,64,199.00,"12,736.00"
2019-06-06,2019060601007417,LBL,20,44,"1,682",219.00,"368,358.00"
2019-06-06,2019060601007375,LBL,25,1,150,218.00,"32,700.00"
2019-06-06,2019060601007470,LGIL,49,36,10,483.00,"4,830.00"
2019-06-06,2019060601007469,LGIL,25,36,90,483.00,"43,470.00"
2019-06-06,2019060601007468,LGIL,11,36,100,485.00,"48,500.00"
2019-06-06,2019060601007467,LGIL,19,36,100,485.00,"48,500.00"
2019-06-06,2019060601007466,LGIL,14,36,100,486.00,"48,600.00"
2019-06-06,2019060601007204,LICN,35,28,10,"1,675.00","16,750.00"
2019-06-06,2019060601007203,LICN,54,28,30,"1,675.00","50,250.00"
2019-06-06,2019060601007202,LICN,36,28,50,"1,680.00","84,000.00"
2019-06-06,2019060601007137,LICN,28,6,104,"1,685.00","175,240.00"
2019-06-06,2019060601007380,LVF1,28,40,"6,216",10.20,"63,403.20"
2019-06-06,2019060601007379,LVF1,47,40,"3,784",10.21,"38,634.64"
2019-06-06,2019060601007437,MBL,48,54,227,266.00,"60,382.00"
2019-06-06,2019060601007434,MBL,41,54,30,265.00,"7,950.00"
2019-06-06,2019060601007433,MBL,17,54,250,265.00,"66,250.00"
2019-06-06,2019060601007432,MBL,17,54,250,265.00,"66,250.00"
2019-06-06,2019060601007406,MBL,34,54,"1,000",266.00,"266,000.00"
2019-06-06,2019060601007405,MBL,48,54,500,266.00,"133,000.00"
2019-06-06,2019060601007404,MBL,38,54,273,266.00,"72,618.00"
2019-06-06,2019060601007358,MBL,6,54,"2,000",267.00,"534,000.00"
2019-06-06,2019060601007249,MBL,38,21,227,266.00,"60,382.00"
2019-06-06,2019060601007248,MBL,49,21,120,266.00,"31,920.00"
2019-06-06,2019060601007340,MEGA,51,35,159,199.00,"31,641.00"
2019-06-06,2019060601007339,MEGA,51,35,300,199.00,"59,700.00"
2019-06-06,2019060601007338,MEGA,17,35,"1,000",199.00,"199,000.00"
2019-06-06,2019060601007337,MEGA,25,35,"1,000",199.00,"199,000.00"
2019-06-06,2019060601007336,MEGA,25,35,60,199.00,"11,940.00"
2019-06-06,2019060601007335,MEGA,53,35,200,199.00,"39,800.00"
2019-06-06,2019060601007328,MEGA,52,35,50,199.00,"9,950.00"
2019-06-06,2019060601007327,MEGA,51,35,732,199.00,"145,668.00"
2019-06-06,2019060601007313,MEGA,56,35,50,200.00,"10,000.00"
2019-06-06,2019060601007163,MEGA,51,50,200,199.00,"39,800.00"
2019-06-06,2019060601007334,MEGA,25,35,"1,000",199.00,"199,000.00"
2019-06-06,2019060601007333,MEGA,57,35,200,199.00,"39,800.00"
2019-06-06,2019060601007332,MEGA,35,35,50,199.00,"9,950.00"
2019-06-06,2019060601007331,MEGA,13,35,50,199.00,"9,950.00"
2019-06-06,2019060601007330,MEGA,13,35,50,199.00,"9,950.00"
2019-06-06,2019060601007329,MEGA,13,35,50,199.00,"9,950.00"
2019-06-06,2019060601007561,MERO,13,56,200,563.00,"112,600.00"
2019-06-06,2019060601007506,MERO,56,56,16,564.00,"9,024.00"
2019-06-06,2019060601007518,MFIL,39,59,200,130.00,"26,000.00"
2019-06-06,2019060601007517,MFIL,17,59,184,131.00,"24,104.00"
2019-06-06,2019060601007552,MLBL,20,43,100,196.00,"19,600.00"
2019-06-06,2019060601007307,MLBL,29,29,54,196.00,"10,584.00"
2019-06-06,2019060601007580,MSLB,25,57,10,943.00,"9,430.00"
2019-06-06,2019060601007476,MSLB,16,4,300,944.00,"283,200.00"
2019-06-06,2019060601007475,MSLB,7,4,50,945.00,"47,250.00"
2019-06-06,2019060601007474,MSLB,50,4,50,945.00,"47,250.00"
2019-06-06,2019060601007513,MSMBS,40,40,11,488.00,"5,368.00"
2019-06-06,2019060601007539,NABIL,7,13,10,829.00,"8,290.00"
2019-06-06,2019060601007312,NABIL,59,58,20,828.00,"16,560.00"
2019-06-06,2019060601007311,NABIL,44,58,30,829.00,"24,870.00"
2019-06-06,2019060601007441,NADEP,8,35,30,454.00,"13,620.00"
2019-06-06,2019060601007440,NADEP,8,40,20,454.00,"9,080.00"
2019-06-06,2019060601007310,NADEP,43,50,20,451.00,"9,020.00"
2019-06-06,2019060601007212,NBB,57,25,17,223.00,"3,791.00"
2019-06-06,2019060601007211,NBB,22,25,283,223.00,"63,109.00"
2019-06-06,2019060601007540,NBL,47,36,100,327.00,"32,700.00"
2019-06-06,2019060601007442,NBL,42,46,200,326.00,"65,200.00"
2019-06-06,2019060601007127,NBL,42,59,50,326.00,"16,300.00"
2019-06-06,2019060601007123,NBL,42,57,"3,155",326.00,"1,028,530.00"
2019-06-06,2019060601007122,NBL,21,57,200,326.00,"65,200.00"
2019-06-06,2019060601007121,NBL,45,57,"1,000",326.00,"326,000.00"
2019-06-06,2019060601007120,NBL,32,57,30,326.00,"9,780.00"
2019-06-06,2019060601007119,NBL,22,57,500,326.00,"163,000.00"
2019-06-06,2019060601007118,NBL,58,57,115,326.00,"37,490.00"
2019-06-06,2019060601007536,NCCB,45,18,260,259.00,"67,340.00"
2019-06-06,2019060601007535,NCCB,45,33,240,259.00,"62,160.00"
2019-06-06,2019060601007301,NCCB,25,18,750,258.00,"193,500.00"
2019-06-06,2019060601007300,NCCB,42,18,50,258.00,"12,900.00"
2019-06-06,2019060601007299,NCCB,20,18,"1,000",258.00,"258,000.00"
2019-06-06,2019060601007298,NCCB,45,18,"1,000",258.00,"258,000.00"
2019-06-06,2019060601007285,NCCB,39,18,750,258.00,"193,500.00"
2019-06-06,2019060601007192,NCCB,39,50,200,258.00,"51,600.00"
2019-06-06,2019060601007188,NCCB,44,33,100,259.00,"25,900.00"
2019-06-06,2019060601007162,NCCB,33,33,500,259.00,"129,500.00"
2019-06-06,2019060601007291,NCCB,41,18,"1,000",258.00,"258,000.00"
2019-06-06,2019060601007290,NCCB,41,18,500,258.00,"129,000.00"
2019-06-06,2019060601007289,NCCB,32,18,100,258.00,"25,800.00"
2019-06-06,2019060601007288,NCCB,49,18,300,258.00,"77,400.00"
2019-06-06,2019060601007287,NCCB,56,18,500,258.00,"129,000.00"
2019-06-06,2019060601007286,NCCB,34,18,"1,000",258.00,"258,000.00"
2019-06-06,2019060601007297,NCCB,25,18,400,258.00,"103,200.00"
2019-06-06,2019060601007296,NCCB,46,18,50,258.00,"12,900.00"
2019-06-06,2019060601007295,NCCB,41,18,500,258.00,"129,000.00"
2019-06-06,2019060601007294,NCCB,46,18,"1,000",258.00,"258,000.00"
2019-06-06,2019060601007293,NCCB,46,18,"1,000",258.00,"258,000.00"
2019-06-06,2019060601007292,NCCB,22,18,100,258.00,"25,800.00"
2019-06-06,2019060601007534,NIB,37,50,50,532.00,"26,600.00"
2019-06-06,2019060601007533,NIB,37,50,100,532.00,"53,200.00"
2019-06-06,2019060601007378,NIB,53,14,100,531.00,"53,100.00"
2019-06-06,2019060601007179,NIB,19,50,10,532.00,"5,320.00"
2019-06-06,2019060601007104,NIB,53,36,750,531.00,"398,250.00"
2019-06-06,2019060601007101,NIB,53,55,44,531.00,"23,364.00"
2019-06-06,2019060601007570,NICA,59,45,35,460.00,"16,100.00"
2019-06-06,2019060601007569,NICA,52,45,50,460.00,"23,000.00"
2019-06-06,2019060601007568,NICA,19,45,50,460.00,"23,000.00"
2019-06-06,2019060601007567,NICA,21,45,200,460.00,"92,000.00"
2019-06-06,2019060601007566,NICA,45,45,50,461.00,"23,050.00"
2019-06-06,2019060601007485,NICA,36,45,77,462.00,"35,574.00"
2019-06-06,2019060601007342,NICA,36,13,138,462.00,"63,756.00"
2019-06-06,2019060601007175,NIL,29,36,100,500.00,"50,000.00"
2019-06-06,2019060601007174,NIL,40,36,500,500.00,"250,000.00"
2019-06-06,2019060601007173,NIL,25,36,50,500.00,"25,000.00"
2019-06-06,2019060601007172,NIL,56,36,50,500.00,"25,000.00"
2019-06-06,2019060601007171,NIL,51,36,68,500.00,"34,000.00"
2019-06-06,2019060601007143,NLBBL,22,39,96,504.00,"48,384.00"
2019-06-06,2019060601007579,NLIC,37,58,80,921.00,"73,680.00"
2019-06-06,2019060601007426,NLIC,32,37,47,920.00,"43,240.00"
2019-06-06,2019060601007396,NLIC,46,41,10,920.00,"9,200.00"
2019-06-06,2019060601007268,NLIC,56,58,20,921.00,"18,420.00"
2019-06-06,2019060601007140,NLIC,56,34,82,921.00,"75,522.00"
2019-06-06,2019060601007092,NLIC,39,34,10,921.00,"9,210.00"
2019-06-06,2019060601007394,NLICL,25,25,10,623.00,"6,230.00"
2019-06-06,2019060601007393,NLICL,56,25,100,623.00,"62,300.00"
2019-06-06,2019060601007392,NLICL,25,25,100,624.00,"62,400.00"
2019-06-06,2019060601007391,NLICL,49,25,100,624.00,"62,400.00"
2019-06-06,2019060601007390,NLICL,35,25,30,624.00,"18,720.00"
2019-06-06,2019060601007389,NLICL,48,25,10,625.00,"6,250.00"
2019-06-06,2019060601007510,NNLB,57,48,65,390.00,"25,350.00"
2019-06-06,2019060601007509,NNLB,45,48,200,391.00,"78,200.00"
2019-06-06,2019060601007491,NNLB,41,48,25,393.00,"9,825.00"
2019-06-06,2019060601007490,NNLB,48,48,60,393.00,"23,580.00"
2019-06-06,2019060601007283,NNLB,45,48,50,399.00,"19,950.00"
2019-06-06,2019060601007232,NNLB,45,45,150,398.00,"59,700.00"
2019-06-06,2019060601007183,NSEWA,11,47,10,427.00,"4,270.00"
2019-06-06,2019060601007189,OHL,4,33,"2,500",650.00,"1,625,000.00"
2019-06-06,2019060601007423,PCBL,6,17,100,300.00,"30,000.00"
2019-06-06,2019060601007422,PCBL,6,54,100,300.00,"30,000.00"
2019-06-06,2019060601007421,PCBL,6,38,100,300.00,"30,000.00"
2019-06-06,2019060601007420,PCBL,6,45,990,300.00,"297,000.00"
2019-06-06,2019060601007419,PCBL,6,35,21,300.00,"6,300.00"
2019-06-06,2019060601007148,PCBL,45,51,104,299.00,"31,096.00"
2019-06-06,2019060601007532,PIC,29,58,28,"1,129.00","31,612.00"
2019-06-06,2019060601007456,PIC,45,38,19,"1,120.00","21,280.00"
2019-06-06,2019060601007455,PIC,39,38,15,"1,121.00","16,815.00"
2019-06-06,2019060601007454,PIC,16,38,100,"1,121.00","112,100.00"
2019-06-06,2019060601007453,PIC,50,38,10,"1,121.00","11,210.00"
2019-06-06,2019060601007366,PIC,55,47,11,"1,121.00","12,331.00"
2019-06-06,2019060601007110,PIC,21,38,20,"1,126.00","22,520.00"
2019-06-06,2019060601007100,PIC,21,56,50,"1,126.00","56,300.00"
2019-06-06,2019060601007152,PIC,46,25,100,"1,125.00","112,500.00"
2019-06-06,2019060601007151,PIC,6,25,44,"1,125.00","49,500.00"
2019-06-06,2019060601007150,PIC,49,25,100,"1,126.00","112,600.00"
2019-06-06,2019060601007149,PIC,21,25,162,"1,126.00","182,412.00"
2019-06-06,2019060601007142,PIC,21,5,38,"1,126.00","42,788.00"
2019-06-06,2019060601007141,PIC,21,5,287,"1,126.00","323,162.00"
2019-06-06,2019060601007158,PIC,56,25,40,"1,125.00","45,000.00"
2019-06-06,2019060601007157,PIC,38,25,30,"1,125.00","33,750.00"
2019-06-06,2019060601007156,PIC,47,25,20,"1,125.00","22,500.00"
2019-06-06,2019060601007155,PIC,40,25,15,"1,125.00","16,875.00"
2019-06-06,2019060601007154,PIC,40,25,15,"1,125.00","16,875.00"
2019-06-06,2019060601007153,PIC,41,25,45,"1,125.00","50,625.00"
2019-06-06,2019060601007365,PIC,55,47,11,"1,121.00","12,331.00"
2019-06-06,2019060601007364,PIC,55,25,78,"1,121.00","87,438.00"
2019-06-06,2019060601007323,PIC,38,25,11,"1,121.00","12,331.00"
2019-06-06,2019060601007231,PIC,38,25,20,"1,121.00","22,420.00"
2019-06-06,2019060601007160,PIC,42,25,300,"1,121.00","336,300.00"
2019-06-06,2019060601007159,PIC,35,25,20,"1,125.00","22,500.00"
2019-06-06,2019060601007554,PICL,26,34,10,674.00,"6,740.00"
2019-06-06,2019060601007557,PLIC,37,13,50,455.00,"22,750.00"
2019-06-06,2019060601007103,PMHPL,10,36,10,107.00,"1,070.00"
2019-06-06,2019060601007571,PPCL,47,22,30,126.00,"3,780.00"
2019-06-06,2019060601007564,PPCL,47,20,20,126.00,"2,520.00"
2019-06-06,2019060601007529,PPCL,47,20,20,126.00,"2,520.00"
2019-06-06,2019060601007503,PPCL,25,20,20,125.00,"2,500.00"
2019-06-06,2019060601007501,PPCL,16,56,200,126.00,"25,200.00"
2019-06-06,2019060601007473,PPCL,25,20,20,125.00,"2,500.00"
2019-06-06,2019060601007126,PPCL,6,20,20,126.00,"2,520.00"
2019-06-06,2019060601007194,PPCL,6,22,10,126.00,"1,260.00"
2019-06-06,2019060601007190,PPCL,6,20,20,126.00,"2,520.00"
2019-06-06,2019060601007184,PPCL,6,44,30,126.00,"3,780.00"
2019-06-06,2019060601007164,PPCL,6,20,20,126.00,"2,520.00"
2019-06-06,2019060601007147,PPCL,6,44,30,126.00,"3,780.00"
2019-06-06,2019060601007144,PPCL,6,50,30,126.00,"3,780.00"
2019-06-06,2019060601007325,PPCL,25,20,20,125.00,"2,500.00"
2019-06-06,2019060601007305,PPCL,6,56,660,126.00,"83,160.00"
2019-06-06,2019060601007273,PPCL,6,20,20,126.00,"2,520.00"
2019-06-06,2019060601007272,PPCL,6,43,10,126.00,"1,260.00"
2019-06-06,2019060601007223,PPCL,6,25,20,126.00,"2,520.00"
2019-06-06,2019060601007198,PPCL,6,44,30,126.00,"3,780.00"
2019-06-06,2019060601007439,PPCL,25,20,20,125.00,"2,500.00"
2019-06-06,2019060601007436,PPCL,25,32,30,125.00,"3,750.00"
2019-06-06,2019060601007416,PPCL,21,56,30,126.00,"3,780.00"
2019-06-06,2019060601007395,PPCL,21,20,20,126.00,"2,520.00"
2019-06-06,2019060601007363,PPCL,21,20,20,126.00,"2,520.00"
2019-06-06,2019060601007354,PPCL,21,56,30,126.00,"3,780.00"
2019-06-06,2019060601007574,PRIN,57,37,30,396.00,"11,880.00"
2019-06-06,2019060601007341,PRIN,29,29,125,397.00,"49,625.00"
2019-06-06,2019060601007563,PROFL,5,58,281,112.00,"31,472.00"
2019-06-06,2019060601007304,PROFL,38,34,400,114.00,"45,600.00"
2019-06-06,2019060601007105,PROFL,42,34,100,114.00,"11,400.00"
2019-06-06,2019060601007516,PRVU,8,43,300,272.00,"81,600.00"
2019-06-06,2019060601007407,PRVU,45,51,50,271.00,"13,550.00"
2019-06-06,2019060601007361,PRVU,36,43,260,272.00,"70,720.00"
2019-06-06,2019060601007527,RBCL,25,13,40,"10,603.00","424,120.00"
2019-06-06,2019060601007526,RBCL,25,51,10,"10,600.00","106,000.00"
2019-06-06,2019060601007525,RBCL,25,38,50,"10,599.00","529,950.00"
2019-06-06,2019060601007302,RBCL,6,38,40,"10,400.00","416,000.00"
2019-06-06,2019060601007168,RBCL,45,38,10,"10,400.00","104,000.00"
2019-06-06,2019060601007170,RBCLPO,42,33,30,"9,370.00","281,100.00"
2019-06-06,2019060601007169,RBCLPO,44,33,20,"9,371.00","187,420.00"
2019-06-06,2019060601007523,RHPC,26,48,339,92.00,"31,188.00"
2019-06-06,2019060601007522,RHPC,32,48,400,92.00,"36,800.00"
2019-06-06,2019060601007521,RHPC,26,48,100,92.00,"9,200.00"
2019-06-06,2019060601007520,RHPC,39,48,100,92.00,"9,200.00"
2019-06-06,2019060601007519,RHPC,35,48,114,93.00,"10,602.00"
2019-06-06,2019060601007530,RLFL,34,17,16,144.00,"2,304.00"
2019-06-06,2019060601007499,RLFL,34,40,200,142.00,"28,400.00"
2019-06-06,2019060601007498,RLFL,34,4,724,142.00,"102,808.00"
2019-06-06,2019060601007125,RLFL,14,17,"1,500",140.00,"210,000.00"
2019-06-06,2019060601007124,RLFL,14,32,461,140.00,"64,540.00"
2019-06-06,2019060601007359,RMDC,38,29,119,645.00,"76,755.00"
2019-06-06,2019060601007479,RRHP,38,35,90,105.00,"9,450.00"
2019-06-06,2019060601007531,SANIMA,56,48,500,351.00,"175,500.00"
2019-06-06,2019060601007185,SANIMA,34,16,100,350.00,"35,000.00"
2019-06-06,2019060601007572,SBL,47,57,100,329.00,"32,900.00"
2019-06-06,2019060601007560,SCB,7,19,10,677.00,"6,770.00"
2019-06-06,2019060601007500,SCB,58,34,80,675.00,"54,000.00"
2019-06-06,2019060601007410,SCB,58,41,20,675.00,"13,500.00"
2019-06-06,2019060601007368,SDESI,57,42,100,600.00,"60,000.00"
2019-06-06,2019060601007576,SHIVM,28,42,500,682.00,"341,000.00"
2019-06-06,2019060601007575,SHIVM,57,42,650,682.00,"443,300.00"
2019-06-06,2019060601007544,SHIVM,57,32,300,682.00,"204,600.00"
2019-06-06,2019060601007538,SHIVM,57,33,50,682.00,"34,100.00"
2019-06-06,2019060601007537,SHIVM,42,33,950,682.00,"647,900.00"
2019-06-06,2019060601007528,SHIVM,7,58,290,683.00,"198,070.00"
2019-06-06,2019060601007111,SHIVM,28,16,70,682.00,"47,740.00"
2019-06-06,2019060601007095,SHIVM,7,4,426,681.00,"290,106.00"
2019-06-06,2019060601007094,SHIVM,7,4,74,681.00,"50,394.00"
2019-06-06,2019060601007208,SHIVM,7,43,130,682.00,"88,660.00"
2019-06-06,2019060601007207,SHIVM,7,22,300,682.00,"204,600.00"
2019-06-06,2019060601007206,SHIVM,7,16,30,682.00,"20,460.00"
2019-06-06,2019060601007166,SHIVM,7,50,146,681.00,"99,426.00"
2019-06-06,2019060601007165,SHIVM,7,50,54,681.00,"36,774.00"
2019-06-06,2019060601007133,SHIVM,7,34,20,681.00,"13,620.00"
2019-06-06,2019060601007271,SHIVM,42,1,50,682.00,"34,100.00"
2019-06-06,2019060601007269,SHIVM,42,8,300,682.00,"204,600.00"
2019-06-06,2019060601007251,SHIVM,42,58,"1,000",682.00,"682,000.00"
2019-06-06,2019060601007230,SHIVM,7,47,100,681.00,"68,100.00"
2019-06-06,2019060601007210,SHIVM,7,45,50,682.00,"34,100.00"
2019-06-06,2019060601007209,SHIVM,7,38,200,682.00,"136,400.00"
2019-06-06,2019060601007350,SHIVM,42,26,150,683.00,"102,450.00"
2019-06-06,2019060601007349,SHIVM,42,17,100,683.00,"68,300.00"
2019-06-06,2019060601007348,SHIVM,42,34,"1,000",683.00,"683,000.00"
2019-06-06,2019060601007347,SHIVM,42,22,340,683.00,"232,220.00"
2019-06-06,2019060601007324,SHIVM,42,43,500,682.00,"341,000.00"
2019-06-06,2019060601007316,SHIVM,42,57,450,682.00,"306,900.00"
2019-06-06,2019060601007450,SHIVM,7,48,100,682.00,"68,200.00"
2019-06-06,2019060601007383,SHIVM,7,58,200,682.00,"136,400.00"
2019-06-06,2019060601007382,SHIVM,14,58,200,682.00,"136,400.00"
2019-06-06,2019060601007356,SHIVM,42,58,700,682.00,"477,400.00"
2019-06-06,2019060601007352,SHIVM,42,41,50,683.00,"34,150.00"
2019-06-06,2019060601007351,SHIVM,42,36,500,683.00,"341,500.00"
2019-06-06,2019060601007496,SHIVM,42,33,"1,050",682.00,"716,100.00"
2019-06-06,2019060601007495,SHIVM,7,33,400,682.00,"272,800.00"
2019-06-06,2019060601007494,SHIVM,29,33,550,683.00,"375,650.00"
2019-06-06,2019060601007484,SHIVM,29,46,50,683.00,"34,150.00"
2019-06-06,2019060601007482,SHIVM,29,6,100,683.00,"68,300.00"
2019-06-06,2019060601007478,SHIVM,57,48,200,683.00,"136,600.00"
2019-06-06,2019060601007486,SHPC,45,51,"1,150",255.00,"293,250.00"
2019-06-06,2019060601007355,SHPC,45,47,50,255.00,"12,750.00"
2019-06-06,2019060601007326,SHPC,13,53,250,256.00,"64,000.00"
2019-06-06,2019060601007116,SHPC,45,36,500,255.00,"127,500.00"
2019-06-06,2019060601007507,SIC,45,25,10,"1,355.00","13,550.00"
2019-06-06,2019060601007477,SIC,47,52,50,"1,360.00","68,000.00"
2019-06-06,2019060601007284,SIC,39,17,10,"1,369.00","13,690.00"
2019-06-06,2019060601007219,SIC,8,17,100,"1,369.00","136,900.00"
2019-06-06,2019060601007113,SIC,22,32,10,"1,367.00","13,670.00"
2019-06-06,2019060601007435,SICL,45,51,250,833.00,"208,250.00"
2019-06-06,2019060601007377,SICL,45,10,20,835.00,"16,700.00"
2019-06-06,2019060601007357,SICL,45,25,150,833.00,"124,950.00"
2019-06-06,2019060601007409,SIFC,56,59,200,159.00,"31,800.00"
2019-06-06,2019060601007128,SLBBL,41,6,70,470.00,"32,900.00"
2019-06-06,2019060601007505,SLICL,58,34,300,567.00,"170,100.00"
2019-06-06,2019060601007384,SLICL,43,37,372,569.00,"211,668.00"
2019-06-06,2019060601007260,SLICL,58,29,694,567.00,"393,498.00"
2019-06-06,2019060601007259,SLICL,58,29,221,567.00,"125,307.00"
2019-06-06,2019060601007258,SLICL,17,29,372,568.00,"211,296.00"
2019-06-06,2019060601007131,SLICL,1,37,128,569.00,"72,832.00"
2019-06-06,2019060601007112,SLICL,17,32,128,568.00,"72,704.00"
2019-06-06,2019060601007085,SLICL,58,32,100,567.00,"56,700.00"
2019-06-06,2019060601007581,SPARS,48,29,10,525.00,"5,250.00"
2019-06-06,2019060601007556,SPARS,48,56,10,525.00,"5,250.00"
2019-06-06,2019060601007400,SPARS,38,56,10,524.00,"5,240.00"
2019-06-06,2019060601007250,SPARS,38,50,10,524.00,"5,240.00"
2019-06-06,2019060601007524,SRBL,7,43,10,255.00,"2,550.00"
2019-06-06,2019060601007387,SRBL,48,28,153,254.00,"38,862.00"
2019-06-06,2019060601007386,SRBL,50,28,500,254.00,"127,000.00"
2019-06-06,2019060601007385,SRBL,46,28,347,254.00,"88,138.00"
2019-06-06,2019060601007449,SWBBL,44,35,97,880.00,"85,360.00"
2019-06-06,2019060601007448,SWBBL,54,35,80,880.00,"70,400.00"
2019-06-06,2019060601007447,SWBBL,49,35,100,880.00,"88,000.00"
2019-06-06,2019060601007446,SWBBL,53,35,100,880.00,"88,000.00"
2019-06-06,2019060601007445,SWBBL,40,35,200,881.00,"176,200.00"
2019-06-06,2019060601007444,SWBBL,44,35,48,881.00,"42,288.00"
2019-06-06,2019060601007502,TRH,45,43,200,328.00,"65,600.00"
2019-06-06,2019060601007464,TRH,19,3,175,325.00,"56,875.00"
2019-06-06,2019060601007463,TRH,36,3,"2,000",325.00,"650,000.00"
2019-06-06,2019060601007462,TRH,35,3,100,325.00,"32,500.00"
2019-06-06,2019060601007461,TRH,47,3,50,325.00,"16,250.00"
2019-06-06,2019060601007460,TRH,57,3,300,325.00,"97,500.00"
2019-06-06,2019060601007261,TRH,50,42,500,327.00,"163,500.00"
2019-06-06,2019060601007178,TRH,36,45,100,328.00,"32,800.00"
2019-06-06,2019060601007177,TRH,57,45,"1,000",328.00,"328,000.00"
2019-06-06,2019060601007176,TRH,56,45,990,328.00,"324,720.00"
2019-06-06,2019060601007267,TRH,49,42,"8,785",326.00,"2,863,910.00"
2019-06-06,2019060601007266,TRH,6,42,15,326.00,"4,890.00"
2019-06-06,2019060601007265,TRH,56,42,100,326.00,"32,600.00"
2019-06-06,2019060601007264,TRH,6,42,100,326.00,"32,600.00"
2019-06-06,2019060601007263,TRH,46,42,"1,000",326.00,"326,000.00"
2019-06-06,2019060601007262,TRH,36,42,500,327.00,"163,500.00"
2019-06-06,2019060601007459,TRH,22,3,260,325.00,"84,500.00"
2019-06-06,2019060601007458,TRH,34,3,100,326.00,"32,600.00"
2019-06-06,2019060601007457,TRH,49,3,15,326.00,"4,890.00"
2019-06-06,2019060601007398,TRH,57,45,"1,000",327.00,"327,000.00"
2019-06-06,2019060601007353,TRH,49,45,"1,000",326.00,"326,000.00"
2019-06-06,2019060601007303,TRH,49,56,200,326.00,"65,200.00"
2019-06-06,2019060601007548,UIC,49,55,30,980.00,"29,400.00"
2019-06-06,2019060601007577,UPPER,36,34,100,275.00,"27,500.00"
2019-06-06,2019060601007562,UPPER,36,38,40,275.00,"11,000.00"
2019-06-06,2019060601007558,UPPER,36,25,500,275.00,"137,500.00"
2019-06-06,2019060601007504,UPPER,36,1,300,275.00,"82,500.00"
2019-06-06,2019060601007492,UPPER,58,43,50,276.00,"13,800.00"
2019-06-06,2019060601007429,UPPER,3,43,200,276.00,"55,200.00"
2019-06-06,2019060601007245,UPPER,39,33,190,276.00,"52,440.00"
2019-06-06,2019060601007244,UPPER,39,38,500,276.00,"138,000.00"
2019-06-06,2019060601007191,UPPER,39,19,"1,000",276.00,"276,000.00"
2019-06-06,2019060601007161,UPPER,39,22,40,276.00,"11,040.00"
2019-06-06,2019060601007428,UPPER,32,43,500,276.00,"138,000.00"
2019-06-06,2019060601007427,UPPER,58,43,190,276.00,"52,440.00"
2019-06-06,2019060601007418,UPPER,58,41,50,276.00,"13,800.00"
2019-06-06,2019060601007282,UPPER,58,25,50,276.00,"13,800.00"
2019-06-06,2019060601007247,UPPER,58,33,"1,710",276.00,"471,960.00"
2019-06-06,2019060601007246,UPPER,17,33,100,276.00,"27,600.00"
2019-06-06,2019060601007093,VLBS,45,18,14,542.00,"7,588.00"
2019-06-06,2019060601007065,ADBL,41,46,761,414.00,"315,054.00"
2019-06-06,2019060601007064,ADBL,22,46,239,414.00,"98,946.00"
2019-06-06,2019060601007028,ADBL,17,49,40,415.00,"16,600.00"
2019-06-06,2019060601006947,ADBL,22,57,261,414.00,"108,054.00"
2019-06-06,2019060601006946,ADBL,14,57,489,414.00,"202,446.00"
2019-06-06,2019060601006623,ADBL,14,4,500,414.00,"207,000.00"
2019-06-06,2019060601006714,AHPC,1,52,390,108.00,"42,120.00"
2019-06-06,2019060601006713,AHPC,37,52,100,108.00,"10,800.00"
2019-06-06,2019060601007010,AKJCL,22,48,10,73.00,730.00
2019-06-06,2019060601006895,AKJCL,22,48,10,73.00,730.00
2019-06-06,2019060601006731,AKJCL,52,48,10,74.00,740.00
2019-06-06,2019060601006730,AKJCL,52,25,10,74.00,740.00
2019-06-06,2019060601006729,AKJCL,52,46,10,74.00,740.00
2019-06-06,2019060601006728,AKJCL,52,46,20,74.00,"1,480.00"
2019-06-06,2019060601006727,AKJCL,52,59,20,74.00,"1,480.00"
2019-06-06,2019060601006824,ALBSL,1,8,10,430.00,"4,300.00"
2019-06-06,2019060601006807,ALBSL,1,8,10,430.00,"4,300.00"
2019-06-06,2019060601006785,ALBSL,1,8,10,430.00,"4,300.00"
2019-06-06,2019060601006762,ALBSL,46,8,10,430.00,"4,300.00"
2019-06-06,2019060601006744,ALBSL,46,8,10,430.00,"4,300.00"
2019-06-06,2019060601006736,ALBSL,46,8,10,430.00,"4,300.00"
2019-06-06,2019060601006635,ALBSL,46,8,10,430.00,"4,300.00"
2019-06-06,2019060601006617,ALBSL,21,8,10,430.00,"4,300.00"
2019-06-06,2019060601006602,ALBSL,21,8,10,430.00,"4,300.00"
2019-06-06,2019060601006719,ALBSL,46,8,10,430.00,"4,300.00"
2019-06-06,2019060601006716,ALBSL,46,8,10,430.00,"4,300.00"
2019-06-06,2019060601006707,ALBSL,46,8,10,430.00,"4,300.00"
2019-06-06,2019060601006696,ALBSL,46,8,10,430.00,"4,300.00"
2019-06-06,2019060601006673,ALBSL,46,8,10,430.00,"4,300.00"
2019-06-06,2019060601006650,ALBSL,46,8,10,430.00,"4,300.00"
2019-06-06,2019060601006843,ALICL,19,57,262,403.00,"105,586.00"
2019-06-06,2019060601006948,API,38,4,29,149.00,"4,321.00"
2019-06-06,2019060601006811,API,38,4,29,149.00,"4,321.00"
2019-06-06,2019060601006961,BOKL,38,8,486,269.00,"130,734.00"
2019-06-06,2019060601006870,BOKL,38,8,14,269.00,"3,766.00"
2019-06-06,2019060601006869,BOKL,38,56,158,269.00,"42,502.00"
2019-06-06,2019060601006868,BOKL,38,26,28,269.00,"7,532.00"
2019-06-06,2019060601007039,BPCL,22,45,300,409.00,"122,700.00"
2019-06-06,2019060601007024,BPCL,51,38,500,407.00,"203,500.00"
2019-06-06,2019060601007023,BPCL,36,38,600,407.00,"244,200.00"
2019-06-06,2019060601007022,BPCL,34,38,100,407.00,"40,700.00"
2019-06-06,2019060601007021,BPCL,1,38,500,408.00,"204,000.00"
2019-06-06,2019060601007020,BPCL,34,38,100,408.00,"40,800.00"
2019-06-06,2019060601006954,BPCL,10,45,100,409.00,"40,900.00"
2019-06-06,2019060601006740,BPCL,7,41,11,409.00,"4,499.00"
2019-06-06,2019060601007054,CBBL,40,45,30,939.00,"28,170.00"
2019-06-06,2019060601006910,CBBL,22,1,140,940.00,"131,600.00"
2019-06-06,2019060601006909,CBBL,10,1,60,940.00,"56,400.00"
2019-06-06,2019060601006813,CBBL,10,14,90,940.00,"84,600.00"
2019-06-06,2019060601006812,CBBL,55,14,200,940.00,"188,000.00"
2019-06-06,2019060601006606,CBBL,54,54,500,942.00,"471,000.00"
2019-06-06,2019060601006605,CBBL,54,54,100,943.00,"94,300.00"
2019-06-06,2019060601006604,CBBL,50,54,27,943.00,"25,461.00"
2019-06-06,2019060601006929,CBL,42,1,399,147.00,"58,653.00"
2019-06-06,2019060601006928,CBL,42,36,806,147.00,"118,482.00"
2019-06-06,2019060601006872,CBL,7,34,200,146.00,"29,200.00"
2019-06-06,2019060601006840,CBL,7,11,51,146.00,"7,446.00"
2019-06-06,2019060601006839,CBL,26,11,949,146.00,"138,554.00"
2019-06-06,2019060601006838,CBL,32,36,50,147.00,"7,350.00"
2019-06-06,2019060601007038,CCBL,32,45,500,167.00,"83,500.00"
2019-06-06,2019060601007037,CCBL,32,45,500,167.00,"83,500.00"
2019-06-06,2019060601007036,CCBL,32,45,323,167.00,"53,941.00"
2019-06-06,2019060601006952,CCBL,39,45,177,167.00,"29,559.00"
2019-06-06,2019060601006927,CCBL,39,29,330,167.00,"55,110.00"
2019-06-06,2019060601006866,CCBL,29,48,30,168.00,"5,040.00"
2019-06-06,2019060601006865,CCBL,29,25,300,168.00,"50,400.00"
2019-06-06,2019060601006853,CCBL,39,57,13,167.00,"2,171.00"
2019-06-06,2019060601006842,CCBL,39,42,250,167.00,"41,750.00"
2019-06-06,2019060601006601,CCBL,40,40,1,167.00,167.00
2019-06-06,2019060601006969,CEFL,21,45,300,106.00,"31,800.00"
2019-06-06,2019060601006874,CHCL,20,4,18,522.00,"9,396.00"
2019-06-06,2019060601007062,CHL,25,59,34,95.00,"3,230.00"
2019-06-06,2019060601007019,CIT,5,26,50,"2,551.00","127,550.00"
2019-06-06,2019060601007018,CIT,42,26,50,"2,552.00","127,600.00"
2019-06-06,2019060601007017,CIT,5,26,50,"2,552.00","127,600.00"
2019-06-06,2019060601007016,CIT,49,26,15,"2,553.00","38,295.00"
2019-06-06,2019060601007015,CIT,55,26,25,"2,553.00","63,825.00"
2019-06-06,2019060601007014,CIT,40,26,13,"2,554.00","33,202.00"
2019-06-06,2019060601006919,CIT,40,19,12,"2,554.00","30,648.00"
2019-06-06,2019060601006918,CIT,43,19,50,"2,555.00","127,750.00"
2019-06-06,2019060601006917,CIT,10,19,16,"2,555.00","40,880.00"
2019-06-06,2019060601007063,CLBSL,28,8,10,526.00,"5,260.00"
2019-06-06,2019060601006979,CZBIL,42,36,30,224.00,"6,720.00"
2019-06-06,2019060601006863,CZBIL,41,36,100,224.00,"22,400.00"
2019-06-06,2019060601006781,CZBIL,45,36,50,224.00,"11,200.00"
2019-06-06,2019060601006583,CZBIL,36,42,28,224.00,"6,272.00"
2019-06-06,2019060601006582,CZBIL,36,28,"1,000",224.00,"224,000.00"
2019-06-06,2019060601006920,DBBL,1,33,356,147.00,"52,332.00"
2019-06-06,2019060601006860,DDBL,1,34,49,710.00,"34,790.00"
2019-06-06,2019060601006855,EBL,35,20,66,666.00,"43,956.00"
2019-06-06,2019060601006592,EBL,35,6,100,666.00,"66,600.00"
2019-06-06,2019060601006833,EDBL,40,48,933,283.00,"264,039.00"
2019-06-06,2019060601006832,EDBL,19,48,500,284.00,"142,000.00"
2019-06-06,2019060601006831,EDBL,42,48,50,285.00,"14,250.00"
2019-06-06,2019060601006830,EDBL,20,48,100,285.00,"28,500.00"
2019-06-06,2019060601006796,EDBL,16,51,30,287.00,"8,610.00"
2019-06-06,2019060601006963,EIC,16,55,10,408.00,"4,080.00"
2019-06-06,2019060601006809,EIC,48,1,44,400.00,"17,600.00"
2019-06-06,2019060601006808,EIC,48,48,500,399.00,"199,500.00"
2019-06-06,2019060601006773,EIC,48,17,65,395.00,"25,675.00"
2019-06-06,2019060601006772,EIC,48,50,50,390.00,"19,500.00"
2019-06-06,2019060601006944,FOWAD,22,48,192,"1,407.00","270,144.00"
2019-06-06,2019060601006943,FOWAD,43,48,58,"1,407.00","81,606.00"
2019-06-06,2019060601006593,FOWAD,43,17,42,"1,407.00","59,094.00"
2019-06-06,2019060601006984,GBBL,26,34,100,225.00,"22,500.00"
2019-06-06,2019060601006776,GBBL,26,42,25,225.00,"5,625.00"
2019-06-06,2019060601006861,GBIME,43,42,79,301.00,"23,779.00"
2019-06-06,2019060601006834,GBIME,16,11,50,302.00,"15,100.00"
2019-06-06,2019060601006608,GBIME,43,32,50,303.00,"15,150.00"
2019-06-06,2019060601007046,GBLBS,10,6,200,360.00,"72,000.00"
2019-06-06,2019060601006989,GBLBS,41,6,25,360.00,"9,000.00"
2019-06-06,2019060601006988,GBLBS,25,6,100,360.00,"36,000.00"
2019-06-06,2019060601006987,GBLBS,3,6,45,360.00,"16,200.00"
2019-06-06,2019060601006745,GBLBS,3,41,10,360.00,"3,600.00"
2019-06-06,2019060601006672,GBLBS,3,4,95,360.00,"34,200.00"
2019-06-06,2019060601006610,GBLBS,35,16,65,363.00,"23,595.00"
2019-06-06,2019060601006586,GBLBS,35,41,10,363.00,"3,630.00"
2019-06-06,2019060601006671,GBLBS,38,4,200,360.00,"72,000.00"
2019-06-06,2019060601006670,GBLBS,49,4,200,360.00,"72,000.00"
2019-06-06,2019060601006669,GBLBS,54,4,140,360.00,"50,400.00"
2019-06-06,2019060601006668,GBLBS,41,4,100,362.00,"36,200.00"
2019-06-06,2019060601006667,GBLBS,10,4,265,363.00,"96,195.00"
2019-06-06,2019060601006611,GBLBS,10,16,235,363.00,"85,305.00"
2019-06-06,2019060601007073,GDBL,29,48,150,214.00,"32,100.00"
2019-06-06,2019060601006703,GLICL,19,45,100,540.00,"54,000.00"
2019-06-06,2019060601006965,GRDBL,5,1,460,122.00,"56,120.00"
2019-06-06,2019060601006964,GRDBL,5,34,500,122.00,"61,000.00"
2019-06-06,2019060601006916,GRDBL,50,1,405,122.00,"49,410.00"
2019-06-06,2019060601006915,GRDBL,50,1,95,122.00,"11,590.00"
2019-06-06,2019060601006648,GRDBL,59,42,100,120.00,"12,000.00"
2019-06-06,2019060601007066,GUFL,1,7,53,120.00,"6,360.00"
2019-06-06,2019060601006891,GUFL,1,1,30,120.00,"3,600.00"
2019-06-06,2019060601006890,GUFL,58,1,"1,000",120.00,"120,000.00"
2019-06-06,2019060601006819,GUFL,50,35,100,122.00,"12,200.00"
2019-06-06,2019060601006784,GUFL,22,58,230,124.00,"28,520.00"
2019-06-06,2019060601006783,GUFL,22,59,770,124.00,"95,480.00"
2019-06-06,2019060601006750,GUFL,22,59,230,124.00,"28,520.00"
2019-06-06,2019060601006749,GUFL,22,45,200,124.00,"24,800.00"
2019-06-06,2019060601006748,GUFL,22,45,500,124.00,"62,000.00"
2019-06-06,2019060601006747,GUFL,22,34,70,124.00,"8,680.00"
2019-06-06,2019060601006792,HBL,56,38,121,568.00,"68,728.00"
2019-06-06,2019060601006791,HBL,52,38,100,568.00,"56,800.00"
2019-06-06,2019060601006790,HBL,16,38,289,569.00,"164,441.00"
2019-06-06,2019060601006789,HBL,26,38,90,570.00,"51,300.00"
2019-06-06,2019060601006993,HDL,32,39,80,"1,655.00","132,400.00"
2019-06-06,2019060601006639,HGI,11,34,72,376.00,"27,072.00"
2019-06-06,2019060601006999,HIDCL,19,6,50,163.00,"8,150.00"
2019-06-06,2019060601006913,HIDCL,17,52,"1,000",162.00,"162,000.00"
2019-06-06,2019060601006725,HIDCL,14,43,"1,000",163.00,"163,000.00"
2019-06-06,2019060601006724,HIDCL,32,43,181,163.00,"29,503.00"
2019-06-06,2019060601006723,HIDCL,19,43,200,163.00,"32,600.00"
2019-06-06,2019060601006600,HIDCL,32,41,61,163.00,"9,943.00"
2019-06-06,2019060601006754,HPPL,55,41,10,180.00,"1,800.00"
2019-06-06,2019060601006624,HPPL,55,25,10,180.00,"1,800.00"
2019-06-06,2019060601006619,HPPL,55,41,10,180.00,"1,800.00"
2019-06-06,2019060601006818,HURJA,34,17,20,149.00,"2,980.00"
2019-06-06,2019060601006797,HURJA,34,17,20,149.00,"2,980.00"
2019-06-06,2019060601006777,HURJA,34,34,100,149.00,"14,900.00"
2019-06-06,2019060601006755,HURJA,34,17,20,149.00,"2,980.00"
2019-06-06,2019060601006746,HURJA,34,17,20,149.00,"2,980.00"
2019-06-06,2019060601006739,HURJA,34,17,20,149.00,"2,980.00"
2019-06-06,2019060601006718,HURJA,34,17,20,149.00,"2,980.00"
2019-06-06,2019060601006709,HURJA,34,17,20,149.00,"2,980.00"
2019-06-06,2019060601006697,HURJA,34,17,20,149.00,"2,980.00"
2019-06-06,2019060601006674,HURJA,19,47,20,150.00,"3,000.00"
2019-06-06,2019060601006603,HURJA,19,45,20,150.00,"3,000.00"
2019-06-06,2019060601006912,JBBL,42,29,568,154.00,"87,472.00"
2019-06-06,2019060601006905,JBBL,29,14,468,155.00,"72,540.00"
2019-06-06,2019060601006892,JBBL,29,50,100,155.00,"15,500.00"
2019-06-06,2019060601006753,JBBL,6,40,300,155.00,"46,500.00"
2019-06-06,2019060601006752,JBBL,49,40,807,155.00,"125,085.00"
2019-06-06,2019060601006645,JBBL,49,57,11,155.00,"1,705.00"
2019-06-06,2019060601007003,JBNL,45,40,50,208.00,"10,400.00"
2019-06-06,2019060601006720,JBNL,25,45,200,209.00,"41,800.00"
2019-06-06,2019060601006690,JBNL,45,57,36,208.00,"7,488.00"
2019-06-06,2019060601006633,JBNL,45,49,23,208.00,"4,784.00"
2019-06-06,2019060601006632,JBNL,44,49,150,208.00,"31,200.00"
2019-06-06,2019060601006613,JBNL,44,45,700,209.00,"146,300.00"
2019-06-06,2019060601006612,JBNL,44,25,300,209.00,"62,700.00"
2019-06-06,2019060601007072,JFL,32,22,100,180.00,"18,000.00"
2019-06-06,2019060601007071,JFL,32,45,30,180.00,"5,400.00"
2019-06-06,2019060601006708,JOSHI,48,16,20,90.00,"1,800.00"
2019-06-06,2019060601006698,JOSHI,48,47,20,90.00,"1,800.00"
2019-06-06,2019060601006689,JOSHI,48,16,20,90.00,"1,800.00"
2019-06-06,2019060601007057,KBBL,25,47,200,237.00,"47,400.00"
2019-06-06,2019060601007056,KBBL,14,47,"1,000",237.00,"237,000.00"
2019-06-06,2019060601007055,KBBL,26,47,100,237.00,"23,700.00"
2019-06-06,2019060601006922,KBBL,25,44,375,238.00,"89,250.00"
2019-06-06,2019060601006902,KBBL,56,44,504,238.00,"119,952.00"
2019-06-06,2019060601006841,KBBL,56,26,496,238.00,"118,048.00"
2019-06-06,2019060601006661,KBBL,37,13,220,239.00,"52,580.00"
2019-06-06,2019060601006763,KBBL,38,47,214,239.00,"51,146.00"
2019-06-06,2019060601006743,KBBL,32,32,574,239.00,"137,186.00"
2019-06-06,2019060601006715,KBBL,32,29,426,239.00,"101,814.00"
2019-06-06,2019060601006706,KBBL,51,29,100,239.00,"23,900.00"
2019-06-06,2019060601006664,KBBL,34,29,"1,000",239.00,"239,000.00"
2019-06-06,2019060601006663,KBBL,37,29,480,239.00,"114,720.00"
2019-06-06,2019060601007053,KBL,38,16,100,215.00,"21,500.00"
2019-06-06,2019060601007052,KBL,22,16,100,215.00,"21,500.00"
2019-06-06,2019060601007051,KBL,35,16,144,215.00,"30,960.00"
2019-06-06,2019060601007033,KBL,35,38,"1,400",215.00,"301,000.00"
2019-06-06,2019060601007008,KBL,35,59,87,215.00,"18,705.00"
2019-06-06,2019060601006994,KBL,35,26,369,215.00,"79,335.00"
2019-06-06,2019060601006941,KBL,51,52,50,216.00,"10,800.00"
2019-06-06,2019060601006846,KBL,19,26,100,215.00,"21,500.00"
2019-06-06,2019060601006845,KBL,43,26,900,215.00,"193,500.00"
2019-06-06,2019060601006814,KBL,43,59,100,215.00,"21,500.00"
2019-06-06,2019060601006957,KKHC,42,8,10,65.00,650.00
2019-06-06,2019060601006921,KKHC,42,8,16,65.00,"1,040.00"
2019-06-06,2019060601006904,KKHC,42,8,16,65.00,"1,040.00"
2019-06-06,2019060601006889,KKHC,44,8,10,65.00,650.00
2019-06-06,2019060601006884,KKHC,44,7,10,65.00,650.00
2019-06-06,2019060601006871,KKHC,44,8,10,65.00,650.00
2019-06-06,2019060601006779,KKHC,44,41,10,65.00,650.00
2019-06-06,2019060601006625,KKHC,44,41,10,65.00,650.00
2019-06-06,2019060601006649,KPCL,22,25,10,93.00,930.00
2019-06-06,2019060601006966,KSBBL,29,32,100,161.00,"16,100.00"
2019-06-06,2019060601006887,KSBBL,22,50,346,162.00,"56,052.00"
2019-06-06,2019060601006886,KSBBL,22,32,654,162.00,"105,948.00"
2019-06-06,2019060601006825,KSBBL,29,41,500,161.00,"80,500.00"
2019-06-06,2019060601007081,LBBL,33,48,50,199.00,"9,950.00"
2019-06-06,2019060601006852,LBBL,50,4,72,198.00,"14,256.00"
2019-06-06,2019060601006644,LBBL,58,47,232,199.00,"46,168.00"
2019-06-06,2019060601006903,LBL,25,29,70,218.00,"15,260.00"
2019-06-06,2019060601006844,LBL,29,44,70,219.00,"15,330.00"
2019-06-06,2019060601007075,LGIL,14,33,11,491.00,"5,401.00"
2019-06-06,2019060601006643,LICN,54,26,20,"1,675.00","33,500.00"
2019-06-06,2019060601006642,LICN,58,26,50,"1,675.00","83,750.00"
2019-06-06,2019060601006641,LICN,35,26,30,"1,676.00","50,280.00"
2019-06-06,2019060601006828,MBL,49,42,30,266.00,"7,980.00"
2019-06-06,2019060601006599,MBL,49,52,50,266.00,"13,300.00"
2019-06-06,2019060601006598,MBL,49,52,100,266.00,"26,600.00"
2019-06-06,2019060601006597,MBL,55,52,350,266.00,"93,100.00"
2019-06-06,2019060601006879,MDB,29,29,104,242.00,"25,168.00"
2019-06-06,2019060601006899,MEGA,51,4,20,199.00,"3,980.00"
2019-06-06,2019060601006823,MEGA,40,35,"1,235",200.00,"247,000.00"
2019-06-06,2019060601006822,MEGA,40,21,120,200.00,"24,000.00"
2019-06-06,2019060601006821,MEGA,40,49,100,200.00,"20,000.00"
2019-06-06,2019060601006820,MEGA,40,51,545,200.00,"109,000.00"
2019-06-06,2019060601006793,MEGA,51,13,500,199.00,"99,500.00"
2019-06-06,2019060601006780,MEGA,51,58,100,199.00,"19,900.00"
2019-06-06,2019060601006751,MEGA,51,58,100,199.00,"19,900.00"
2019-06-06,2019060601006733,MEGA,51,34,170,199.00,"33,830.00"
2019-06-06,2019060601006726,MERO,56,57,16,575.00,"9,200.00"
2019-06-06,2019060601006885,MFIL,17,29,316,131.00,"41,396.00"
2019-06-06,2019060601006815,MFIL,29,49,316,132.00,"41,712.00"
2019-06-06,2019060601006962,MHNL,35,22,30,100.00,"3,000.00"
2019-06-06,2019060601006761,MNBBL,16,48,355,369.00,"130,995.00"
2019-06-06,2019060601006760,MNBBL,16,48,"1,000",369.00,"369,000.00"
2019-06-06,2019060601006759,MNBBL,58,48,"1,000",370.00,"370,000.00"
2019-06-06,2019060601006758,MNBBL,26,48,100,370.00,"37,000.00"
2019-06-06,2019060601006757,MNBBL,41,48,200,370.00,"74,000.00"
2019-06-06,2019060601006756,MNBBL,22,48,345,370.00,"127,650.00"
2019-06-06,2019060601006867,NABIL,59,57,10,828.00,"8,280.00"
2019-06-06,2019060601006634,NABIL,28,32,25,830.00,"20,750.00"
2019-06-06,2019060601006607,NABIL,35,37,20,829.00,"16,580.00"
2019-06-06,2019060601006945,NABILP,28,26,193,805.00,"155,365.00"
2019-06-06,2019060601007042,NBB,22,51,717,223.00,"159,891.00"
2019-06-06,2019060601007009,NBB,56,51,50,223.00,"11,150.00"
2019-06-06,2019060601006968,NBB,57,51,100,223.00,"22,300.00"
2019-06-06,2019060601006967,NBB,44,51,133,223.00,"29,659.00"
2019-06-06,2019060601007076,NBL,58,40,24,326.00,"7,824.00"
2019-06-06,2019060601006978,NBL,58,29,861,326.00,"280,686.00"
2019-06-06,2019060601006977,NBL,56,29,139,326.00,"45,314.00"
2019-06-06,2019060601006958,NBL,1,36,50,327.00,"16,350.00"
2019-06-06,2019060601006938,NBL,56,44,861,326.00,"280,686.00"
2019-06-06,2019060601006937,NBL,6,44,200,326.00,"65,200.00"
2019-06-06,2019060601006767,NBL,43,36,200,327.00,"65,400.00"
2019-06-06,2019060601006766,NBL,22,36,"1,000",327.00,"327,000.00"
2019-06-06,2019060601006765,NBL,16,36,500,327.00,"163,500.00"
2019-06-06,2019060601006764,NBL,59,36,500,327.00,"163,500.00"
2019-06-06,2019060601006742,NBL,1,44,300,328.00,"98,400.00"
2019-06-06,2019060601006732,NBL,35,44,100,328.00,"32,800.00"
2019-06-06,2019060601006923,NBL,37,44,184,326.00,"59,984.00"
2019-06-06,2019060601006911,NBL,45,36,275,327.00,"89,925.00"
2019-06-06,2019060601006771,NBL,56,36,300,327.00,"98,100.00"
2019-06-06,2019060601006770,NBL,56,36,300,327.00,"98,100.00"
2019-06-06,2019060601006769,NBL,28,36,"2,000",327.00,"654,000.00"
2019-06-06,2019060601006768,NBL,43,36,500,327.00,"163,500.00"
2019-06-06,2019060601006936,NBL,33,44,"2,000",326.00,"652,000.00"
2019-06-06,2019060601006935,NBL,52,44,155,326.00,"50,530.00"
2019-06-06,2019060601006934,NBL,1,44,100,326.00,"32,600.00"
2019-06-06,2019060601006933,NBL,6,44,"2,684",326.00,"874,984.00"
2019-06-06,2019060601006925,NBL,6,44,316,326.00,"103,016.00"
2019-06-06,2019060601006924,NBL,50,44,500,326.00,"163,000.00"
2019-06-06,2019060601007013,NCCB,19,33,80,259.00,"20,720.00"
2019-06-06,2019060601006858,NCCB,19,8,920,259.00,"238,280.00"
2019-06-06,2019060601006857,NCCB,29,8,50,259.00,"12,950.00"
2019-06-06,2019060601006856,NCCB,25,8,230,259.00,"59,570.00"
2019-06-06,2019060601007074,NIB,53,55,44,531.00,"23,364.00"
2019-06-06,2019060601007045,NIB,53,55,36,531.00,"19,116.00"
2019-06-06,2019060601007044,NIB,38,50,50,532.00,"26,600.00"
2019-06-06,2019060601006880,NIB,53,57,14,531.00,"7,434.00"
2019-06-06,2019060601006859,NIB,53,49,44,531.00,"23,364.00"
2019-06-06,2019060601006810,NIB,53,42,44,531.00,"23,364.00"
2019-06-06,2019060601006775,NIB,25,50,340,532.00,"180,880.00"
2019-06-06,2019060601006700,NIB,25,34,160,532.00,"85,120.00"
2019-06-06,2019060601006658,NIB,28,34,40,532.00,"21,280.00"
2019-06-06,2019060601006804,NIBPO,32,4,110,500.00,"55,000.00"
2019-06-06,2019060601006803,NIBPO,42,4,500,500.00,"250,000.00"
2019-06-06,2019060601006802,NIBPO,17,4,100,500.00,"50,000.00"
2019-06-06,2019060601006801,NIBPO,59,4,200,500.00,"100,000.00"
2019-06-06,2019060601006800,NIBPO,17,4,500,500.00,"250,000.00"
2019-06-06,2019060601006799,NIBPO,16,4,31,501.00,"15,531.00"
2019-06-06,2019060601006798,NIBPO,19,4,498,501.00,"249,498.00"
2019-06-06,2019060601006585,NIBPO,44,19,50,502.00,"25,100.00"
2019-06-06,2019060601006584,NIBPO,57,19,74,502.00,"37,148.00"
2019-06-06,2019060601007069,NICA,39,13,100,462.00,"46,200.00"
2019-06-06,2019060601007002,NICA,55,13,262,462.00,"121,044.00"
2019-06-06,2019060601007001,NICA,55,28,698,462.00,"322,476.00"
2019-06-06,2019060601007000,NICA,55,4,40,460.00,"18,400.00"
2019-06-06,2019060601006992,NICA,38,4,500,460.00,"230,000.00"
2019-06-06,2019060601006991,NICA,46,4,500,461.00,"230,500.00"
2019-06-06,2019060601006678,NICA,29,36,200,461.00,"92,200.00"
2019-06-06,2019060601006677,NICA,54,36,245,461.00,"112,945.00"
2019-06-06,2019060601006675,NICA,54,58,55,461.00,"25,355.00"
2019-06-06,2019060601006684,NICA,32,36,500,458.00,"229,000.00"
2019-06-06,2019060601006683,NICA,55,36,"1,000",460.00,"460,000.00"
2019-06-06,2019060601006682,NICA,6,36,425,460.00,"195,500.00"
2019-06-06,2019060601006681,NICA,16,36,200,460.00,"92,000.00"
2019-06-06,2019060601006680,NICA,53,36,500,460.00,"230,000.00"
2019-06-06,2019060601006679,NICA,22,36,500,460.00,"230,000.00"
2019-06-06,2019060601006914,NICA,53,43,100,460.00,"46,000.00"
2019-06-06,2019060601006695,NICA,28,36,30,458.00,"13,740.00"
2019-06-06,2019060601006688,NICA,55,36,"1,000",458.00,"458,000.00"
2019-06-06,2019060601006687,NICA,33,36,"1,000",458.00,"458,000.00"
2019-06-06,2019060601006686,NICA,25,36,200,458.00,"91,600.00"
2019-06-06,2019060601006685,NICA,20,36,200,458.00,"91,600.00"
2019-06-06,2019060601007032,NIL,56,50,100,501.00,"50,100.00"
2019-06-06,2019060601006622,NIL,19,6,100,501.00,"50,100.00"
2019-06-06,2019060601006986,NLG,6,10,270,785.00,"211,950.00"
2019-06-06,2019060601006985,NLG,45,10,30,786.00,"23,580.00"
2019-06-06,2019060601007050,NLIC,19,34,10,921.00,"9,210.00"
2019-06-06,2019060601007006,NLIC,1,34,125,921.00,"115,125.00"
2019-06-06,2019060601007005,NLIC,56,34,12,921.00,"11,052.00"
2019-06-06,2019060601006898,NLIC,56,57,17,921.00,"15,657.00"
2019-06-06,2019060601006881,NLIC,41,34,100,923.00,"92,300.00"
2019-06-06,2019060601006864,NLIC,56,6,81,921.00,"74,601.00"
2019-06-06,2019060601006862,NLIC,41,34,100,923.00,"92,300.00"
2019-06-06,2019060601006637,NLIC,56,41,10,921.00,"9,210.00"
2019-06-06,2019060601007007,NMBMF,40,40,35,"1,039.00","36,365.00"
2019-06-06,2019060601006851,NMBMF,37,26,450,"1,025.00","461,250.00"
2019-06-06,2019060601006850,NMBMF,43,26,10,"1,026.00","10,260.00"
2019-06-06,2019060601006849,NMBMF,20,26,50,"1,030.00","51,500.00"
2019-06-06,2019060601006950,NMBSF1,42,36,100,10.80,"1,080.00"
2019-06-06,2019060601006873,NUBL,22,14,30,827.00,"24,810.00"
2019-06-06,2019060601007030,OHL,4,45,500,650.00,"325,000.00"
2019-06-06,2019060601007029,OHL,38,45,20,656.00,"13,120.00"
2019-06-06,2019060601006876,PCBL,45,8,226,299.00,"67,574.00"
2019-06-06,2019060601006795,PCBL,45,8,25,299.00,"7,475.00"
2019-06-06,2019060601006794,PCBL,38,8,200,299.00,"59,800.00"
2019-06-06,2019060601006990,PFL,16,14,300,141.00,"42,300.00"
2019-06-06,2019060601007048,PIC,21,38,43,"1,126.00","48,418.00"
2019-06-06,2019060601007047,PIC,21,38,117,"1,126.00","131,742.00"
2019-06-06,2019060601006837,PIC,21,42,11,"1,126.00","12,386.00"
2019-06-06,2019060601006805,PIC,21,41,11,"1,126.00","12,386.00"
2019-06-06,2019060601006702,PIC,21,10,261,"1,126.00","293,886.00"
2019-06-06,2019060601006701,PIC,58,10,39,"1,128.00","43,992.00"
2019-06-06,2019060601006657,PIC,51,38,20,"1,130.00","22,600.00"
2019-06-06,2019060601006596,PIC,6,6,50,"1,129.00","56,450.00"
2019-06-06,2019060601006595,PIC,51,6,100,"1,129.00","112,900.00"
2019-06-06,2019060601006594,PIC,38,6,34,"1,129.00","38,386.00"
2019-06-06,2019060601006616,PICL,49,34,10,676.00,"6,760.00"
2019-06-06,2019060601006615,PICL,35,34,30,676.00,"20,280.00"
2019-06-06,2019060601006878,PMHPL,10,49,10,107.00,"1,070.00"
2019-06-06,2019060601007080,PPCL,6,20,20,126.00,"2,520.00"
2019-06-06,2019060601007079,PPCL,6,36,30,126.00,"3,780.00"
2019-06-06,2019060601007070,PPCL,6,6,30,126.00,"3,780.00"
2019-06-06,2019060601007049,PPCL,6,20,20,126.00,"2,520.00"
2019-06-06,2019060601007034,PPCL,25,21,30,125.00,"3,750.00"
2019-06-06,2019060601007031,PPCL,25,20,20,125.00,"2,500.00"
2019-06-06,2019060601006651,PPCL,6,34,10,126.00,"1,260.00"
2019-06-06,2019060601006631,PPCL,25,44,10,125.00,"1,250.00"
2019-06-06,2019060601006662,PPCL,25,44,10,125.00,"1,250.00"
2019-06-06,2019060601006656,PPCL,6,26,30,127.00,"3,810.00"
2019-06-06,2019060601006655,PPCL,6,50,500,127.00,"63,500.00"
2019-06-06,2019060601006654,PPCL,6,56,20,127.00,"2,540.00"
2019-06-06,2019060601006653,PPCL,6,56,20,127.00,"2,540.00"
2019-06-06,2019060601006652,PPCL,6,44,10,126.00,"1,260.00"
2019-06-06,2019060601007011,PPCL,25,20,20,125.00,"2,500.00"
2019-06-06,2019060601006951,PPCL,25,20,20,125.00,"2,500.00"
2019-06-06,2019060601006926,PPCL,25,20,20,125.00,"2,500.00"
2019-06-06,2019060601006896,PPCL,25,20,20,125.00,"2,500.00"
2019-06-06,2019060601006717,PPCL,25,47,20,125.00,"2,500.00"
2019-06-06,2019060601007041,PRVU,45,10,333,271.00,"90,243.00"
2019-06-06,2019060601007040,PRVU,35,10,45,271.00,"12,195.00"
2019-06-06,2019060601007035,PRVU,41,43,400,272.00,"108,800.00"
2019-06-06,2019060601006882,PRVU,16,28,296,271.00,"80,216.00"
2019-06-06,2019060601006741,PRVU,26,26,8,266.00,"2,128.00"
2019-06-06,2019060601006620,PRVU,16,42,100,271.00,"27,100.00"
2019-06-06,2019060601006981,PRVU,35,16,55,271.00,"14,905.00"
2019-06-06,2019060601006980,PRVU,56,16,95,271.00,"25,745.00"
2019-06-06,2019060601006970,PRVU,19,45,100,272.00,"27,200.00"
2019-06-06,2019060601006953,PRVU,56,22,16,271.00,"4,336.00"
2019-06-06,2019060601006897,PRVU,56,49,85,271.00,"23,035.00"
2019-06-06,2019060601006883,PRVU,56,28,204,271.00,"55,284.00"
2019-06-06,2019060601006692,RADHI,21,25,11,161.00,"1,771.00"
2019-06-06,2019060601007068,RHPC,48,48,1,92.00,92.00
2019-06-06,2019060601006647,RLFL,45,51,390,138.00,"53,820.00"
2019-06-06,2019060601006660,RRHP,47,41,10,104.00,"1,040.00"
2019-06-06,2019060601006614,RRHP,47,25,10,104.00,"1,040.00"
2019-06-06,2019060601006877,SANIMA,58,59,450,350.00,"157,500.00"
2019-06-06,2019060601006786,SANIMA,58,55,50,350.00,"17,500.00"
2019-06-06,2019060601006628,SANIMA,56,55,100,350.00,"35,000.00"
2019-06-06,2019060601006627,SANIMA,56,55,250,350.00,"87,500.00"
2019-06-06,2019060601006626,SANIMA,39,55,100,350.00,"35,000.00"
2019-06-06,2019060601006908,SBI,13,8,50,473.00,"23,650.00"
2019-06-06,2019060601006907,SBI,49,8,10,473.00,"4,730.00"
2019-06-06,2019060601006906,SBI,34,8,169,473.00,"79,937.00"
2019-06-06,2019060601006806,SBI,34,42,10,473.00,"4,730.00"
2019-06-06,2019060601006621,SBI,34,52,101,473.00,"47,773.00"
2019-06-06,2019060601006894,SBL,53,29,100,328.00,"32,800.00"
2019-06-06,2019060601006893,SBL,29,29,135,329.00,"44,415.00"
2019-06-06,2019060601006827,SBL,29,29,100,329.00,"32,900.00"
2019-06-06,2019060601006816,SBL,37,29,100,329.00,"32,900.00"
2019-06-06,2019060601006817,SCB,45,41,20,675.00,"13,500.00"
2019-06-06,2019060601007027,SHIVM,26,16,100,682.00,"68,200.00"
2019-06-06,2019060601007026,SHIVM,26,45,100,682.00,"68,200.00"
2019-06-06,2019060601007025,SHIVM,26,52,100,682.00,"68,200.00"
2019-06-06,2019060601006997,SHIVM,7,34,426,681.00,"290,106.00"
2019-06-06,2019060601006996,SHIVM,33,34,300,681.00,"204,300.00"
2019-06-06,2019060601006995,SHIVM,52,34,20,681.00,"13,620.00"
2019-06-06,2019060601006640,SHIVM,45,35,100,682.00,"68,200.00"
2019-06-06,2019060601006630,SHIVM,45,14,230,682.00,"156,860.00"
2019-06-06,2019060601006629,SHIVM,45,8,30,682.00,"20,460.00"
2019-06-06,2019060601006618,SHIVM,14,8,50,681.00,"34,050.00"
2019-06-06,2019060601006774,SHIVM,45,34,10,682.00,"6,820.00"
2019-06-06,2019060601006738,SHIVM,45,47,530,682.00,"361,460.00"
2019-06-06,2019060601006737,SHIVM,45,42,200,684.00,"136,800.00"
2019-06-06,2019060601006694,SHIVM,45,35,100,682.00,"68,200.00"
2019-06-06,2019060601006666,SHIVM,11,48,500,683.00,"341,500.00"
2019-06-06,2019060601006665,SHIVM,11,40,500,683.00,"341,500.00"
2019-06-06,2019060601006888,SHIVM,29,14,650,682.00,"443,300.00"
2019-06-06,2019060601006875,SHIVM,29,50,50,682.00,"34,100.00"
2019-06-06,2019060601006854,SHIVM,52,32,30,681.00,"20,430.00"
2019-06-06,2019060601006829,SHIVM,33,22,350,683.00,"239,050.00"
2019-06-06,2019060601006788,SHIVM,33,22,310,683.00,"211,730.00"
2019-06-06,2019060601006787,SHIVM,33,34,40,682.00,"27,280.00"
2019-06-06,2019060601006932,SHL,45,49,100,240.00,"24,000.00"
2019-06-06,2019060601007061,SHPC,39,53,100,256.00,"25,600.00"
2019-06-06,2019060601007060,SHPC,53,53,100,256.00,"25,600.00"
2019-06-06,2019060601007059,SHPC,3,53,100,256.00,"25,600.00"
2019-06-06,2019060601007058,SHPC,1,53,367,256.00,"93,952.00"
2019-06-06,2019060601006983,SHPC,53,51,100,257.00,"25,700.00"
2019-06-06,2019060601006956,SHPC,1,41,133,256.00,"34,048.00"
2019-06-06,2019060601006955,SHPC,32,41,87,256.00,"22,272.00"
2019-06-06,2019060601006721,SHPC,32,37,13,256.00,"3,328.00"
2019-06-06,2019060601006705,SHPC,41,43,435,258.00,"112,230.00"
2019-06-06,2019060601006704,SHPC,41,43,465,258.00,"119,970.00"
2019-06-06,2019060601006676,SIC,19,52,20,"1,372.00","27,440.00"
2019-06-06,2019060601006638,SIC,19,52,30,"1,366.00","40,980.00"
2019-06-06,2019060601006591,SIC,58,22,70,"1,360.00","95,200.00"
2019-06-06,2019060601006590,SIC,42,22,50,"1,361.00","68,050.00"
2019-06-06,2019060601006589,SIC,58,22,50,"1,363.00","68,150.00"
2019-06-06,2019060601006588,SIC,35,22,428,"1,365.00","584,220.00"
2019-06-06,2019060601006587,SIC,51,22,30,"1,366.00","40,980.00"
2019-06-06,2019060601007067,SICL,39,56,10,834.00,"8,340.00"
2019-06-06,2019060601006949,SIL,14,6,12,571.00,"6,852.00"
2019-06-06,2019060601006998,SKBBL,22,14,44,970.00,"42,680.00"
2019-06-06,2019060601006782,SKBBL,10,45,200,970.00,"194,000.00"
2019-06-06,2019060601006722,SLBBL,6,16,68,469.00,"31,892.00"
2019-06-06,2019060601006699,SLBS,40,40,1,792.00,792.00
2019-06-06,2019060601007043,SLICL,58,32,170,567.00,"96,390.00"
2019-06-06,2019060601006940,SLICL,58,36,509,567.00,"288,603.00"
2019-06-06,2019060601006939,SLICL,22,36,10,567.00,"5,670.00"
2019-06-06,2019060601007012,SPARS,39,57,10,523.00,"5,230.00"
2019-06-06,2019060601006942,SPARS,39,25,10,523.00,"5,230.00"
2019-06-06,2019060601006778,SPARS,39,57,10,523.00,"5,230.00"
2019-06-06,2019060601006693,SPARS,39,52,10,523.00,"5,230.00"
2019-06-06,2019060601006636,SPARS,39,16,10,523.00,"5,230.00"
2019-06-06,2019060601006609,SPARS,39,41,10,523.00,"5,230.00"
2019-06-06,2019060601007078,TRH,59,28,200,329.00,"65,800.00"
2019-06-06,2019060601007077,TRH,59,43,"1,000",329.00,"329,000.00"
2019-06-06,2019060601007004,TRH,59,43,300,329.00,"98,700.00"
2019-06-06,2019060601006972,TRH,59,39,200,329.00,"65,800.00"
2019-06-06,2019060601006901,TRH,56,25,10,328.00,"3,280.00"
2019-06-06,2019060601006711,TRH,45,33,430,329.00,"141,470.00"
2019-06-06,2019060601006710,TRH,46,33,30,330.00,"9,900.00"
2019-06-06,2019060601006900,TRH,45,25,200,328.00,"65,600.00"
2019-06-06,2019060601006848,TRH,49,45,50,329.00,"16,450.00"
2019-06-06,2019060601006847,TRH,50,45,445,329.00,"146,405.00"
2019-06-06,2019060601006836,TRH,50,58,40,329.00,"13,160.00"
2019-06-06,2019060601006835,TRH,29,58,960,329.00,"315,840.00"
2019-06-06,2019060601006712,TRH,29,33,40,329.00,"13,160.00"
2019-06-06,2019060601006659,UPCL,58,6,10,98.00,980.00
2019-06-06,2019060601006982,UPPER,39,33,30,276.00,"8,280.00"
2019-06-06,2019060601006976,UPPER,58,50,"1,000",277.00,"277,000.00"
2019-06-06,2019060601006975,UPPER,58,50,500,277.00,"138,500.00"
2019-06-06,2019060601006974,UPPER,58,38,240,277.00,"66,480.00"
2019-06-06,2019060601006973,UPPER,58,34,330,277.00,"91,410.00"
2019-06-06,2019060601006960,UPPER,19,34,10,277.00,"2,770.00"
2019-06-06,2019060601006691,UPPER,46,41,40,276.00,"11,040.00"
2019-06-06,2019060601006646,UPPER,46,56,40,276.00,"11,040.00"
2019-06-06,2019060601006959,UPPER,19,45,40,277.00,"11,080.00"
2019-06-06,2019060601006931,UPPER,39,34,740,276.00,"204,240.00"
2019-06-06,2019060601006930,UPPER,53,34,260,276.00,"71,760.00"
2019-06-06,2019060601006826,UPPER,53,41,50,276.00,"13,800.00"
2019-06-06,2019060601006735,UPPER,53,45,190,276.00,"52,440.00"
2019-06-06,2019060601006734,UPPER,46,45,810,276.00,"223,560.00"
2019-06-06,2019060601006580,ADBL,45,4,200,414.00,"82,800.00"
2019-06-06,2019060601006579,ADBL,17,4,795,414.00,"329,130.00"
2019-06-06,2019060601006470,ADBL,58,25,20,415.00,"8,300.00"
2019-06-06,2019060601006309,AKPL,38,4,450,194.00,"87,300.00"
2019-06-06,2019060601006308,AKPL,38,41,50,193.00,"9,650.00"
2019-06-06,2019060601006476,AKPL,58,4,10,192.00,"1,920.00"
2019-06-06,2019060601006577,ALBSL,21,8,10,430.00,"4,300.00"
2019-06-06,2019060601006567,ALBSL,21,8,10,430.00,"4,300.00"
2019-06-06,2019060601006554,ALBSL,21,8,10,430.00,"4,300.00"
2019-06-06,2019060601006551,ALBSL,21,8,10,430.00,"4,300.00"
2019-06-06,2019060601006538,ALBSL,25,8,10,430.00,"4,300.00"
2019-06-06,2019060601006528,ALBSL,25,8,10,430.00,"4,300.00"
2019-06-06,2019060601006098,ALBSL,25,41,10,430.00,"4,300.00"
2019-06-06,2019060601006332,ALBSL,25,57,10,430.00,"4,300.00"
2019-06-06,2019060601006324,ALBSL,25,56,10,430.00,"4,300.00"
2019-06-06,2019060601006294,ALBSL,25,46,10,430.00,"4,300.00"
2019-06-06,2019060601006138,ALBSL,25,46,10,430.00,"4,300.00"
2019-06-06,2019060601006523,ALBSL,25,8,10,430.00,"4,300.00"
2019-06-06,2019060601006509,ALBSL,25,8,10,430.00,"4,300.00"
2019-06-06,2019060601006486,ALBSL,25,8,10,430.00,"4,300.00"
2019-06-06,2019060601006411,ALBSL,39,39,10,431.00,"4,310.00"
2019-06-06,2019060601006350,ALBSL,25,56,10,430.00,"4,300.00"
2019-06-06,2019060601006510,API,25,39,38,150.00,"5,700.00"
2019-06-06,2019060601006435,API,38,37,250,149.00,"37,250.00"
2019-06-06,2019060601006408,API,41,37,200,149.00,"29,800.00"
2019-06-06,2019060601006341,API,56,32,29,148.00,"4,292.00"
2019-06-06,2019060601006314,API,56,34,45,148.00,"6,660.00"
2019-06-06,2019060601006145,API,25,37,47,149.00,"7,003.00"
2019-06-06,2019060601006199,BFC,42,17,280,111.00,"31,080.00"
2019-06-06,2019060601006425,BOKL,40,45,52,268.00,"13,936.00"
2019-06-06,2019060601006269,BOKL,40,26,768,268.00,"205,824.00"
2019-06-06,2019060601006268,BOKL,5,26,32,268.00,"8,576.00"
2019-06-06,2019060601006195,BOKL,41,26,142,269.00,"38,198.00"
2019-06-06,2019060601006194,BOKL,41,25,135,269.00,"36,315.00"
2019-06-06,2019060601006174,BOKL,41,14,200,269.00,"53,800.00"
2019-06-06,2019060601006570,BPCL,7,41,11,409.00,"4,499.00"
2019-06-06,2019060601006483,BPCL,7,29,150,409.00,"61,350.00"
2019-06-06,2019060601006439,BPCL,7,41,11,409.00,"4,499.00"
2019-06-06,2019060601006347,BPCL,7,41,11,409.00,"4,499.00"
2019-06-06,2019060601006239,BPCL,58,42,100,409.00,"40,900.00"
2019-06-06,2019060601006096,BPCL,57,49,11,410.00,"4,510.00"
2019-06-06,2019060601006307,CBBL,38,25,100,944.00,"94,400.00"
2019-06-06,2019060601006306,CBBL,58,25,100,944.00,"94,400.00"
2019-06-06,2019060601006542,CBL,26,11,11,146.00,"1,606.00"
2019-06-06,2019060601006358,CBL,26,5,40,146.00,"5,840.00"
2019-06-06,2019060601006357,CBL,39,5,110,146.00,"16,060.00"
2019-06-06,2019060601006356,CBL,49,5,50,146.00,"7,300.00"
2019-06-06,2019060601006326,CBL,21,36,65,147.00,"9,555.00"
2019-06-06,2019060601006566,CCBL,39,37,19,167.00,"3,173.00"
2019-06-06,2019060601006457,CCBL,40,40,1,167.00,167.00
2019-06-06,2019060601006387,CCBL,39,32,45,167.00,"7,515.00"
2019-06-06,2019060601006334,CCBL,39,54,688,167.00,"114,896.00"
2019-06-06,2019060601006266,CCBL,39,32,49,167.00,"8,183.00"
2019-06-06,2019060601006265,CCBL,52,32,71,167.00,"11,857.00"
2019-06-06,2019060601006404,CEFL,39,45,200,106.00,"21,200.00"
2019-06-06,2019060601006556,CFCL,45,57,25,122.00,"3,050.00"
2019-06-06,2019060601006255,CFCL,3,37,200,124.00,"24,800.00"
2019-06-06,2019060601006508,CHCL,20,56,12,522.00,"6,264.00"
2019-06-06,2019060601006343,CHCL,20,49,50,522.00,"26,100.00"
2019-06-06,2019060601006167,CLBSL,49,36,10,525.00,"5,250.00"
2019-06-06,2019060601006559,CORBL,39,29,100,125.00,"12,500.00"
2019-06-06,2019060601006400,CZBIL,45,26,164,223.00,"36,572.00"
2019-06-06,2019060601006399,CZBIL,11,26,500,223.00,"111,500.00"
2019-06-06,2019060601006398,CZBIL,1,26,200,223.00,"44,600.00"
2019-06-06,2019060601006397,CZBIL,58,26,155,223.00,"34,565.00"
2019-06-06,2019060601006557,DBBL,49,33,700,147.00,"102,900.00"
2019-06-06,2019060601006553,DBBL,38,33,200,147.00,"29,400.00"
2019-06-06,2019060601006215,DBBL,39,33,200,147.00,"29,400.00"
2019-06-06,2019060601006545,EDBL,25,48,30,288.00,"8,640.00"
2019-06-06,2019060601006561,EIC,48,50,50,390.00,"19,500.00"
2019-06-06,2019060601006406,EIC,48,17,740,386.00,"285,640.00"
2019-06-06,2019060601006405,EIC,48,17,11,385.00,"4,235.00"
2019-06-06,2019060601006402,EIC,19,5,10,381.00,"3,810.00"
2019-06-06,2019060601006401,EIC,11,5,90,381.00,"34,290.00"
2019-06-06,2019060601006403,FMDBL,29,48,20,400.00,"8,000.00"
2019-06-06,2019060601006565,FOWAD,49,11,60,"1,408.00","84,480.00"
2019-06-06,2019060601006143,FOWAD,43,57,81,"1,412.00","114,372.00"
2019-06-06,2019060601006345,GBBL,39,16,20,226.00,"4,520.00"
2019-06-06,2019060601006236,GBBL,39,16,100,226.00,"22,600.00"
2019-06-06,2019060601006568,GBIME,43,32,40,303.00,"12,120.00"
2019-06-06,2019060601006548,GBIME,43,32,30,303.00,"9,090.00"
2019-06-06,2019060601006547,GBIME,43,54,10,302.00,"3,020.00"
2019-06-06,2019060601006529,GBIME,43,54,40,302.00,"12,080.00"
2019-06-06,2019060601006513,GBIME,36,54,50,302.00,"15,100.00"
2019-06-06,2019060601006292,GBIME,43,32,82,303.00,"24,846.00"
2019-06-06,2019060601006125,GBIME,38,44,89,302.00,"26,878.00"
2019-06-06,2019060601006083,GBIME,38,35,100,302.00,"30,200.00"
2019-06-06,2019060601006203,GBIME,54,38,100,301.00,"30,100.00"
2019-06-06,2019060601006202,GBIME,43,38,393,302.00,"118,686.00"
2019-06-06,2019060601006129,GBIME,43,11,607,302.00,"183,314.00"
2019-06-06,2019060601006128,GBIME,18,11,15,302.00,"4,530.00"
2019-06-06,2019060601006127,GBIME,21,11,100,302.00,"30,200.00"
2019-06-06,2019060601006126,GBIME,38,11,286,302.00,"86,372.00"
2019-06-06,2019060601006209,GBIME,17,38,250,301.00,"75,250.00"
2019-06-06,2019060601006208,GBIME,17,38,250,301.00,"75,250.00"
2019-06-06,2019060601006207,GBIME,17,38,250,301.00,"75,250.00"
2019-06-06,2019060601006206,GBIME,6,38,"2,000",301.00,"602,000.00"
2019-06-06,2019060601006205,GBIME,38,38,200,301.00,"60,200.00"
2019-06-06,2019060601006204,GBIME,35,38,50,301.00,"15,050.00"
2019-06-06,2019060601006291,GBIME,43,42,18,303.00,"5,454.00"
2019-06-06,2019060601006214,GBIME,43,38,89,301.00,"26,789.00"
2019-06-06,2019060601006213,GBIME,17,38,250,301.00,"75,250.00"
2019-06-06,2019060601006212,GBIME,17,38,250,301.00,"75,250.00"
2019-06-06,2019060601006211,GBIME,17,38,250,301.00,"75,250.00"
2019-06-06,2019060601006210,GBIME,17,38,250,301.00,"75,250.00"
2019-06-06,2019060601006330,GHL,28,34,30,88.00,"2,640.00"
2019-06-06,2019060601006119,GIMES1,58,19,"1,000",8.15,"8,150.00"
2019-06-06,2019060601006237,GLICL,58,42,75,536.00,"40,200.00"
2019-06-06,2019060601006575,GRDBL,59,57,50,120.00,"6,000.00"
2019-06-06,2019060601006511,GRDBL,41,33,70,121.00,"8,470.00"
2019-06-06,2019060601006302,GRDBL,17,46,50,120.00,"6,000.00"
2019-06-06,2019060601006415,GUFL,41,34,30,124.00,"3,720.00"
2019-06-06,2019060601006161,GUFL,58,38,10,124.00,"1,240.00"
2019-06-06,2019060601006154,GUFL,50,45,90,122.00,"10,980.00"
2019-06-06,2019060601006124,GUFL,58,45,10,122.00,"1,220.00"
2019-06-06,2019060601006088,GUFL,45,42,800,120.00,"96,000.00"
2019-06-06,2019060601006338,HBL,16,42,11,569.00,"6,259.00"
2019-06-06,2019060601006337,HBL,45,42,139,570.00,"79,230.00"
2019-06-06,2019060601006305,HDL,32,38,10,"1,655.00","16,550.00"
