Date,Transact. No.,Symbol,Buyer,Seller,Quantity,Rate,Amount
2019-05-02,2019050201007707,ADBL,14,45,60,385.00,"23,100.00"
2019-05-02,2019050201007587,ADBL,14,6,11,385.00,"4,235.00"
2019-05-02,2019050201007552,AHPC,45,49,571,114.00,"65,094.00"
2019-05-02,2019050201007551,AHPC,45,37,336,113.00,"37,968.00"
2019-05-02,2019050201007550,AHPC,45,36,500,113.00,"56,500.00"
2019-05-02,2019050201007549,AHPC,45,37,"1,000",112.00,"112,000.00"
2019-05-02,2019050201007548,AHPC,45,20,50,112.00,"5,600.00"
2019-05-02,2019050201007547,AHPC,45,25,"2,000",112.00,"224,000.00"
2019-05-02,2019050201007546,AHPC,45,10,600,112.00,"67,200.00"
2019-05-02,2019050201007545,AHPC,45,45,"1,000",112.00,"112,000.00"
2019-05-02,2019050201007544,AHPC,45,58,843,112.00,"94,416.00"
2019-05-02,2019050201007543,AHPC,45,46,"1,100",111.00,"122,100.00"
2019-05-02,2019050201007542,AHPC,45,44,"1,000",111.00,"111,000.00"
2019-05-02,2019050201007605,ALBSL,52,42,10,464.00,"4,640.00"
2019-05-02,2019050201007464,ALBSL,52,56,10,464.00,"4,640.00"
2019-05-02,2019050201007465,ALICL,58,42,50,445.00,"22,250.00"
2019-05-02,2019050201007473,AMFI,16,28,10,590.00,"5,900.00"
2019-05-02,2019050201007844,API,5,25,20,139.00,"2,780.00"
2019-05-02,2019050201007673,API,45,6,12,138.00,"1,656.00"
2019-05-02,2019050201007896,BOKL,25,22,100,282.00,"28,200.00"
2019-05-02,2019050201007755,BOKL,25,38,34,282.00,"9,588.00"
2019-05-02,2019050201007672,BOKL,25,39,232,282.00,"65,424.00"
2019-05-02,2019050201007671,BOKL,43,39,768,282.00,"216,576.00"
2019-05-02,2019050201007498,BOKL,43,43,232,282.00,"65,424.00"
2019-05-02,2019050201007497,BOKL,25,43,100,282.00,"28,200.00"
2019-05-02,2019050201007496,BOKL,44,43,168,282.00,"47,376.00"
2019-05-02,2019050201007449,BOKL,52,4,46,283.00,"13,018.00"
2019-05-02,2019050201007448,BOKL,52,4,22,283.00,"6,226.00"
2019-05-02,2019050201007588,BPCL,8,17,55,390.00,"21,450.00"
2019-05-02,2019050201007441,BPCL,8,22,20,390.00,"7,800.00"
2019-05-02,2019050201007888,CBBL,49,16,10,970.00,"9,700.00"
2019-05-02,2019050201007887,CBBL,37,16,60,970.00,"58,200.00"
2019-05-02,2019050201007883,CBBL,37,57,340,970.00,"329,800.00"
2019-05-02,2019050201007882,CBBL,56,57,100,970.00,"97,000.00"
2019-05-02,2019050201007873,CBL,5,42,76,156.00,"11,856.00"
2019-05-02,2019050201007872,CBL,5,22,24,155.00,"3,720.00"
2019-05-02,2019050201007871,CBL,5,13,600,155.00,"93,000.00"
2019-05-02,2019050201007654,CBL,48,13,"1,200",155.00,"186,000.00"
2019-05-02,2019050201007573,CBL,58,42,145,156.00,"22,620.00"
2019-05-02,2019050201007572,CBL,58,13,355,155.00,"55,025.00"
2019-05-02,2019050201007526,CBL,58,59,500,154.00,"77,000.00"
2019-05-02,2019050201007477,CBL,48,13,445,155.00,"68,975.00"
2019-05-02,2019050201007476,CBL,36,13,200,155.00,"31,000.00"
2019-05-02,2019050201007708,CCBL,58,6,"3,000",173.00,"519,000.00"
2019-05-02,2019050201007554,CCBL,58,50,"1,000",173.00,"173,000.00"
2019-05-02,2019050201007836,CFCL,1,1,500,109.00,"54,500.00"
2019-05-02,2019050201007618,CFCL,1,51,440,109.00,"47,960.00"
2019-05-02,2019050201007617,CFCL,14,51,250,109.00,"27,250.00"
2019-05-02,2019050201007579,CFCL,14,51,750,109.00,"81,750.00"
2019-05-02,2019050201007855,CHCL,50,50,200,577.00,"115,400.00"
2019-05-02,2019050201007748,CHCL,4,48,345,578.00,"199,410.00"
2019-05-02,2019050201007747,CHCL,4,52,500,578.00,"289,000.00"
2019-05-02,2019050201007746,CHCL,4,39,100,577.00,"57,700.00"
2019-05-02,2019050201007745,CHCL,4,50,255,577.00,"147,135.00"
2019-05-02,2019050201007744,CHCL,4,38,100,575.00,"57,500.00"
2019-05-02,2019050201007506,CHCL,4,32,100,575.00,"57,500.00"
2019-05-02,2019050201007505,CHCL,4,55,500,575.00,"287,500.00"
2019-05-02,2019050201007504,CHCL,4,33,100,574.00,"57,400.00"
2019-05-02,2019050201007798,CHLBS,14,49,10,496.00,"4,960.00"
2019-05-02,2019050201007442,CHLBS,14,1,10,496.00,"4,960.00"
2019-05-02,2019050201007652,CIT,43,8,100,"2,535.00","253,500.00"
2019-05-02,2019050201007623,CIT,43,44,45,"2,525.00","113,625.00"
2019-05-02,2019050201007861,CLBSL,45,13,20,556.00,"11,120.00"
2019-05-02,2019050201007480,DBBL,19,43,300,134.00,"40,200.00"
2019-05-02,2019050201007754,DDBL,13,43,22,734.00,"16,148.00"
2019-05-02,2019050201007457,DDBL,13,57,28,734.00,"20,552.00"
2019-05-02,2019050201007456,DDBL,13,49,50,734.00,"36,700.00"
2019-05-02,2019050201007839,EIC,11,38,10,470.00,"4,700.00"
2019-05-02,2019050201007585,EIC,39,28,100,471.00,"47,100.00"
2019-05-02,2019050201007446,EIC,11,51,39,470.00,"18,330.00"
2019-05-02,2019050201007445,EIC,56,51,11,470.00,"5,170.00"
2019-05-02,2019050201007613,FMDBL,48,34,86,432.00,"37,152.00"
2019-05-02,2019050201007528,FMDBL,56,38,83,435.00,"36,105.00"
2019-05-02,2019050201007527,FMDBL,56,22,17,435.00,"7,395.00"
2019-05-02,2019050201007553,FOWAD,55,34,100,"1,557.00","155,700.00"
2019-05-02,2019050201007541,FOWAD,39,34,100,"1,557.00","155,700.00"
2019-05-02,2019050201007538,FOWAD,34,52,15,"1,558.00","23,370.00"
2019-05-02,2019050201007788,GBBL,48,25,53,220.00,"11,660.00"
2019-05-02,2019050201007479,GBBL,48,58,30,218.00,"6,540.00"
2019-05-02,2019050201007621,GBIME,45,53,24,313.00,"7,512.00"
2019-05-02,2019050201007539,GBIME,45,45,100,313.00,"31,300.00"
2019-05-02,2019050201007493,GBIME,45,49,32,313.00,"10,016.00"
2019-05-02,2019050201007492,GBIME,6,49,68,313.00,"21,284.00"
2019-05-02,2019050201007758,GBLBS,7,55,70,369.00,"25,830.00"
2019-05-02,2019050201007640,GBLBS,52,52,"1,074",365.00,"392,010.00"
2019-05-02,2019050201007615,GBLBS,45,52,20,365.00,"7,300.00"
2019-05-02,2019050201007614,GBLBS,41,52,46,365.00,"16,790.00"
2019-05-02,2019050201007609,GBLBS,41,1,10,365.00,"3,650.00"
2019-05-02,2019050201007622,GDBL,58,32,20,212.00,"4,240.00"
2019-05-02,2019050201007862,GLICL,16,45,10,577.00,"5,770.00"
2019-05-02,2019050201007796,GLICL,26,54,30,570.00,"17,100.00"
2019-05-02,2019050201007478,GLICL,26,42,50,570.00,"28,500.00"
2019-05-02,2019050201007688,GUFL,28,28,"2,662",110.00,"292,820.00"
2019-05-02,2019050201007687,GUFL,25,28,"1,000",111.00,"111,000.00"
2019-05-02,2019050201007703,HBL,58,40,50,595.00,"29,750.00"
2019-05-02,2019050201007670,HBL,58,38,200,590.00,"118,000.00"
2019-05-02,2019050201007669,HBL,58,26,515,590.00,"303,850.00"
2019-05-02,2019050201007668,HBL,58,45,100,590.00,"59,000.00"
2019-05-02,2019050201007667,HBL,58,46,95,588.00,"55,860.00"
2019-05-02,2019050201007658,HBL,58,6,40,587.00,"23,480.00"
2019-05-02,2019050201007575,HBL,58,6,51,587.00,"29,937.00"
2019-05-02,2019050201007462,HBL,58,6,40,587.00,"23,480.00"
2019-05-02,2019050201007443,HBL,58,57,50,587.00,"29,350.00"
2019-05-02,2019050201007685,HGI,19,1,54,400.00,"21,600.00"
2019-05-02,2019050201007582,HPPL,52,35,10,184.00,"1,840.00"
2019-05-02,2019050201007537,HPPL,36,1,10,183.00,"1,830.00"
2019-05-02,2019050201007710,ICFC,38,41,397,162.00,"64,314.00"
2019-05-02,2019050201007702,IGI,7,7,10,428.00,"4,280.00"
2019-05-02,2019050201007495,IGI,42,55,200,424.00,"84,800.00"
2019-05-02,2019050201007494,IGI,10,55,20,424.00,"8,480.00"
2019-05-02,2019050201007897,JBNL,48,44,200,202.00,"40,400.00"
2019-05-02,2019050201007804,KBL,54,43,206,224.00,"46,144.00"
2019-05-02,2019050201007803,KBL,4,43,500,224.00,"112,000.00"
2019-05-02,2019050201007802,KBL,36,43,294,224.00,"65,856.00"
2019-05-02,2019050201007785,KBL,48,43,118,225.00,"26,550.00"
2019-05-02,2019050201007757,KBL,36,39,500,224.00,"112,000.00"
2019-05-02,2019050201007753,KBL,36,17,100,224.00,"22,400.00"
2019-05-02,2019050201007534,KBL,11,55,50,225.00,"11,250.00"
2019-05-02,2019050201007529,KBL,8,55,50,225.00,"11,250.00"
2019-05-02,2019050201007483,KBL,56,55,106,225.00,"23,850.00"
2019-05-02,2019050201007450,KBL,19,55,114,225.00,"25,650.00"
2019-05-02,2019050201007680,KBL,36,55,106,224.00,"23,744.00"
2019-05-02,2019050201007679,KBL,57,55,500,224.00,"112,000.00"
2019-05-02,2019050201007678,KBL,49,55,74,224.00,"16,576.00"
2019-05-02,2019050201007590,KBL,49,19,226,224.00,"50,624.00"
2019-05-02,2019050201007589,KBL,41,19,24,224.00,"5,376.00"
2019-05-02,2019050201007584,KBL,41,42,100,224.00,"22,400.00"
2019-05-02,2019050201007625,KMFL,35,54,10,806.00,"8,060.00"
2019-05-02,2019050201007898,KPCL,59,49,10,92.00,920.00
2019-05-02,2019050201007501,KSBBL,57,34,400,150.00,"60,000.00"
2019-05-02,2019050201007852,LBBL,59,53,10,199.00,"1,990.00"
2019-05-02,2019050201007778,LBBL,41,19,170,196.00,"33,320.00"
2019-05-02,2019050201007641,LBL,34,49,57,229.00,"13,053.00"
2019-05-02,2019050201007580,LBL,34,29,774,229.00,"177,246.00"
2019-05-02,2019050201007500,LGIL,44,25,87,520.00,"45,240.00"
2019-05-02,2019050201007684,LICN,40,47,50,"1,875.00","93,750.00"
2019-05-02,2019050201007683,LICN,40,43,200,"1,875.00","375,000.00"
2019-05-02,2019050201007597,LICN,28,26,200,"1,874.00","374,800.00"
2019-05-02,2019050201007461,LICN,28,47,20,"1,870.00","37,400.00"
2019-05-02,2019050201007460,LICN,28,47,24,"1,870.00","44,880.00"
2019-05-02,2019050201007756,LLBS,18,41,24,815.00,"19,560.00"
2019-05-02,2019050201007646,LLBS,18,54,12,800.00,"9,600.00"
2019-05-02,2019050201007793,MBL,57,40,266,264.00,"70,224.00"
2019-05-02,2019050201007784,MBL,57,13,70,264.00,"18,480.00"
2019-05-02,2019050201007698,MBL,57,54,16,264.00,"4,224.00"
2019-05-02,2019050201007697,MBL,54,54,84,264.00,"22,176.00"
2019-05-02,2019050201007682,MBL,54,22,16,264.00,"4,224.00"
2019-05-02,2019050201007681,MBL,49,22,34,264.00,"8,976.00"
2019-05-02,2019050201007499,MBL,32,35,"1,000",265.00,"265,000.00"
2019-05-02,2019050201007466,MBL,14,35,400,265.00,"106,000.00"
2019-05-02,2019050201007740,MEGA,48,40,218,184.00,"40,112.00"
2019-05-02,2019050201007657,MEGA,11,41,726,185.00,"134,310.00"
2019-05-02,2019050201007656,MEGA,11,36,300,185.00,"55,500.00"
2019-05-02,2019050201007655,MEGA,11,32,675,185.00,"124,875.00"
2019-05-02,2019050201007843,MNBBL,35,33,139,390.00,"54,210.00"
2019-05-02,2019050201007842,MNBBL,35,47,61,390.00,"23,790.00"
2019-05-02,2019050201007841,MNBBL,35,58,300,390.00,"117,000.00"
2019-05-02,2019050201007808,MNBBL,38,1,40,389.00,"15,560.00"
2019-05-02,2019050201007807,MNBBL,17,1,100,389.00,"38,900.00"
2019-05-02,2019050201007635,MSMBS,48,34,10,541.00,"5,410.00"
2019-05-02,2019050201007783,NABIL,19,42,87,847.00,"73,689.00"
2019-05-02,2019050201007782,NABIL,49,42,200,847.00,"169,400.00"
2019-05-02,2019050201007781,NABIL,28,42,30,847.00,"25,410.00"
2019-05-02,2019050201007780,NABIL,22,42,40,848.00,"33,920.00"
2019-05-02,2019050201007879,NABILP,41,44,10,829.00,"8,290.00"
2019-05-02,2019050201007878,NABILP,34,44,900,829.00,"746,100.00"
2019-05-02,2019050201007877,NABILP,13,44,10,830.00,"8,300.00"
2019-05-02,2019050201007876,NABILP,22,44,80,830.00,"66,400.00"
2019-05-02,2019050201007761,NADEP,26,43,350,515.00,"180,250.00"
2019-05-02,2019050201007760,NADEP,29,43,50,515.00,"25,750.00"
2019-05-02,2019050201007759,NADEP,22,43,100,516.00,"51,600.00"
2019-05-02,2019050201007630,NADEP,29,52,10,515.00,"5,150.00"
2019-05-02,2019050201007606,NADEP,29,54,20,515.00,"10,300.00"
2019-05-02,2019050201007455,NADEP,41,51,90,520.00,"46,800.00"
2019-05-02,2019050201007454,NADEP,41,51,10,517.00,"5,170.00"
2019-05-02,2019050201007444,NADEP,8,51,50,517.00,"25,850.00"
2019-05-02,2019050201007502,NADEP,16,51,10,520.00,"5,200.00"
2019-05-02,2019050201007481,NADEP,26,51,10,520.00,"5,200.00"
2019-05-02,2019050201007848,NBB,55,43,100,228.00,"22,800.00"
2019-05-02,2019050201007847,NBB,45,43,400,228.00,"91,200.00"
2019-05-02,2019050201007846,NBB,22,43,500,229.00,"114,500.00"
2019-05-02,2019050201007634,NBB,43,22,100,229.00,"22,900.00"
2019-05-02,2019050201007633,NBB,25,22,200,229.00,"45,800.00"
2019-05-02,2019050201007632,NBB,25,22,500,229.00,"114,500.00"
2019-05-02,2019050201007631,NBB,44,22,145,229.00,"33,205.00"
2019-05-02,2019050201007627,NBB,44,45,431,229.00,"98,699.00"
2019-05-02,2019050201007563,NBB,44,19,41,229.00,"9,389.00"
2019-05-02,2019050201007468,NBB,44,54,100,229.00,"22,900.00"
2019-05-02,2019050201007894,NBL,33,16,100,314.00,"31,400.00"
2019-05-02,2019050201007859,NBL,28,25,100,312.00,"31,200.00"
2019-05-02,2019050201007835,NBL,25,25,"3,000",312.00,"936,000.00"
2019-05-02,2019050201007834,NBL,34,25,500,312.00,"156,000.00"
2019-05-02,2019050201007833,NBL,57,25,"1,000",312.00,"312,000.00"
2019-05-02,2019050201007832,NBL,44,25,"5,000",312.00,"1,560,000.00"
2019-05-02,2019050201007403,NBL,45,25,46,313.00,"14,398.00"
2019-05-02,2019050201007402,NBL,43,25,700,313.00,"219,100.00"
2019-05-02,2019050201007401,NBL,22,25,500,313.00,"156,500.00"
2019-05-02,2019050201007400,NBL,48,25,300,313.00,"93,900.00"
2019-05-02,2019050201007399,NBL,22,25,500,313.00,"156,500.00"
2019-05-02,2019050201007409,NBL,16,25,"1,000",312.00,"312,000.00"
2019-05-02,2019050201007408,NBL,45,25,50,312.00,"15,600.00"
2019-05-02,2019050201007407,NBL,50,25,"1,000",312.00,"312,000.00"
2019-05-02,2019050201007406,NBL,4,25,"1,000",313.00,"313,000.00"
2019-05-02,2019050201007405,NBL,49,25,"1,500",313.00,"469,500.00"
2019-05-02,2019050201007404,NBL,40,25,"1,000",313.00,"313,000.00"
2019-05-02,2019050201007415,NBL,38,25,"1,000",312.00,"312,000.00"
2019-05-02,2019050201007414,NBL,37,25,"1,000",312.00,"312,000.00"
2019-05-02,2019050201007413,NBL,16,25,"1,500",312.00,"468,000.00"
2019-05-02,2019050201007412,NBL,52,25,20,312.00,"6,240.00"
2019-05-02,2019050201007411,NBL,7,25,"1,000",312.00,"312,000.00"
2019-05-02,2019050201007410,NBL,33,25,"1,000",312.00,"312,000.00"
2019-05-02,2019050201007421,NBL,4,25,300,311.00,"93,300.00"
2019-05-02,2019050201007420,NBL,25,25,100,311.00,"31,100.00"
2019-05-02,2019050201007419,NBL,58,25,"5,000",311.00,"1,555,000.00"
2019-05-02,2019050201007418,NBL,40,25,"1,000",312.00,"312,000.00"
2019-05-02,2019050201007417,NBL,16,25,500,312.00,"156,000.00"
2019-05-02,2019050201007416,NBL,25,25,50,312.00,"15,600.00"
2019-05-02,2019050201007427,NBL,58,25,20,311.00,"6,220.00"
2019-05-02,2019050201007426,NBL,54,25,100,311.00,"31,100.00"
2019-05-02,2019050201007425,NBL,28,25,"2,000",311.00,"622,000.00"
2019-05-02,2019050201007424,NBL,10,25,100,311.00,"31,100.00"
2019-05-02,2019050201007423,NBL,26,25,"2,000",311.00,"622,000.00"
2019-05-02,2019050201007422,NBL,41,25,"1,000",311.00,"311,000.00"
2019-05-02,2019050201007624,NBL,4,16,100,314.00,"31,400.00"
2019-05-02,2019050201007581,NBL,28,38,500,312.00,"156,000.00"
2019-05-02,2019050201007516,NBL,54,16,500,314.00,"157,000.00"
2019-05-02,2019050201007459,NBL,58,17,50,315.00,"15,750.00"
2019-05-02,2019050201007429,NBL,25,25,"1,000",311.00,"311,000.00"
2019-05-02,2019050201007428,NBL,16,25,500,311.00,"155,500.00"
2019-05-02,2019050201007831,NBL,29,25,200,312.00,"62,400.00"
2019-05-02,2019050201007830,NBL,45,25,30,313.00,"9,390.00"
2019-05-02,2019050201007829,NBL,21,25,"1,000",313.00,"313,000.00"
2019-05-02,2019050201007806,NBL,7,16,500,314.00,"157,000.00"
2019-05-02,2019050201007805,NBL,28,16,300,314.00,"94,200.00"
2019-05-02,2019050201007797,NBL,45,16,50,314.00,"15,700.00"
2019-05-02,2019050201007854,NCCB,32,32,100,236.00,"23,600.00"
2019-05-02,2019050201007647,NCCB,32,58,"1,000",237.00,"237,000.00"
2019-05-02,2019050201007604,NCCB,39,58,200,237.00,"47,400.00"
2019-05-02,2019050201007706,NIB,40,38,921,565.00,"520,365.00"
2019-05-02,2019050201007555,NIB,38,38,200,565.00,"113,000.00"
2019-05-02,2019050201007488,NIB,42,1,63,564.00,"35,532.00"
2019-05-02,2019050201007704,NIBPO,11,47,200,535.00,"107,000.00"
2019-05-02,2019050201007875,NICA,28,42,100,491.00,"49,100.00"
2019-05-02,2019050201007718,NICA,14,41,66,492.00,"32,472.00"
2019-05-02,2019050201007717,NICA,28,50,500,491.00,"245,500.00"
2019-05-02,2019050201007666,NICA,28,29,142,491.00,"69,722.00"
2019-05-02,2019050201007665,NICA,28,29,107,491.00,"52,537.00"
2019-05-02,2019050201007664,NICA,22,29,82,492.00,"40,344.00"
2019-05-02,2019050201007503,NICA,22,6,100,492.00,"49,200.00"
2019-05-02,2019050201007818,NICL,14,22,10,406.00,"4,060.00"
2019-05-02,2019050201007795,NICL,25,25,134,404.00,"54,136.00"
2019-05-02,2019050201007629,NICL,6,53,350,403.00,"141,050.00"
2019-05-02,2019050201007612,NICL,6,53,144,403.00,"58,032.00"
2019-05-02,2019050201007611,NICL,42,53,100,403.00,"40,300.00"
2019-05-02,2019050201007610,NICL,32,53,50,403.00,"20,150.00"
2019-05-02,2019050201007845,NIL,8,48,50,529.00,"26,450.00"
2019-05-02,2019050201007649,NIL,45,48,150,529.00,"79,350.00"
2019-05-02,2019050201007620,NIL,45,48,100,529.00,"52,900.00"
2019-05-02,2019050201007653,NLBBL,19,6,50,502.00,"25,100.00"
2019-05-02,2019050201007800,NLG,26,41,156,852.00,"132,912.00"
2019-05-02,2019050201007799,NLG,26,41,300,852.00,"255,600.00"
2019-05-02,2019050201007893,NLIC,42,28,40,"1,003.00","40,120.00"
2019-05-02,2019050201007892,NLIC,42,17,60,"1,000.00","60,000.00"
2019-05-02,2019050201007870,NLIC,28,17,17,"1,000.00","17,000.00"
2019-05-02,2019050201007869,NLIC,22,17,123,"1,000.00","123,000.00"
2019-05-02,2019050201007867,NLIC,22,28,77,"1,000.00","77,000.00"
2019-05-02,2019050201007866,NLIC,56,28,200,"1,000.00","200,000.00"
2019-05-02,2019050201007637,NLIC,1,28,450,"1,003.00","451,350.00"
2019-05-02,2019050201007626,NLIC,56,53,16,"1,004.00","16,064.00"
2019-05-02,2019050201007593,NLIC,26,34,34,"1,002.00","34,068.00"
2019-05-02,2019050201007592,NLIC,56,34,166,"1,003.00","166,498.00"
2019-05-02,2019050201007591,NLIC,18,34,100,"1,003.00","100,300.00"
2019-05-02,2019050201007515,NLIC,13,33,150,"1,003.00","150,450.00"
2019-05-02,2019050201007794,NLIC,6,21,10,"1,002.00","10,020.00"
2019-05-02,2019050201007752,NLIC,6,56,28,"1,002.00","28,056.00"
2019-05-02,2019050201007751,NLIC,55,56,80,"1,002.00","80,160.00"
2019-05-02,2019050201007750,NLIC,26,56,100,"1,002.00","100,200.00"
2019-05-02,2019050201007749,NLIC,26,56,36,"1,002.00","36,072.00"
2019-05-02,2019050201007638,NLIC,26,28,30,"1,002.00","30,060.00"
2019-05-02,2019050201007826,NLIC,42,36,75,"1,000.00","75,000.00"
2019-05-02,2019050201007825,NLIC,35,36,10,"1,000.00","10,000.00"
2019-05-02,2019050201007824,NLIC,57,36,96,"1,000.00","96,000.00"
2019-05-02,2019050201007823,NLIC,17,36,100,"1,001.00","100,100.00"
2019-05-02,2019050201007822,NLIC,6,36,152,"1,002.00","152,304.00"
2019-05-02,2019050201007801,NLIC,6,21,10,"1,002.00","10,020.00"
2019-05-02,2019050201007865,NLIC,50,28,100,"1,000.00","100,000.00"
2019-05-02,2019050201007864,NLIC,36,28,50,"1,000.00","50,000.00"
2019-05-02,2019050201007863,NLIC,33,28,53,"1,000.00","53,000.00"
2019-05-02,2019050201007860,NLIC,6,6,1,985.00,985.00
2019-05-02,2019050201007828,NLIC,33,36,347,"1,000.00","347,000.00"
2019-05-02,2019050201007827,NLIC,54,36,20,"1,000.00","20,000.00"
2019-05-02,2019050201007741,NLICL,45,14,50,674.00,"33,700.00"
2019-05-02,2019050201007711,NLICL,8,14,30,674.00,"20,220.00"
2019-05-02,2019050201007650,NLICL,48,14,300,674.00,"202,200.00"
2019-05-02,2019050201007586,NLICL,48,14,200,674.00,"134,800.00"
2019-05-02,2019050201007578,NLICL,55,22,100,673.00,"67,300.00"
2019-05-02,2019050201007482,NLICL,55,50,500,673.00,"336,500.00"
2019-05-02,2019050201007891,NMB,36,34,25,383.00,"9,575.00"
2019-05-02,2019050201007858,NMB,25,25,500,382.00,"191,000.00"
2019-05-02,2019050201007838,NMB,25,41,253,382.00,"96,646.00"
2019-05-02,2019050201007837,NMB,25,34,151,382.00,"57,682.00"
2019-05-02,2019050201007762,NMB,13,34,200,382.00,"76,400.00"
2019-05-02,2019050201007616,NMB,36,42,12,381.00,"4,572.00"
2019-05-02,2019050201007596,NMB,8,34,200,382.00,"76,400.00"
2019-05-02,2019050201007595,NMB,52,34,100,382.00,"38,200.00"
2019-05-02,2019050201007594,NMB,14,34,349,382.00,"133,318.00"
2019-05-02,2019050201007507,NMB,14,49,300,382.00,"114,600.00"
2019-05-02,2019050201007475,NMB,14,22,50,382.00,"19,100.00"
2019-05-02,2019050201007469,NMBMF,13,14,100,981.00,"98,100.00"
2019-05-02,2019050201007868,NMFBS,58,44,20,"1,701.00","34,020.00"
2019-05-02,2019050201007791,NSEWA,11,49,10,490.00,"4,900.00"
2019-05-02,2019050201007712,NTC,38,52,100,698.00,"69,800.00"
2019-05-02,2019050201007574,NTC,38,20,100,698.00,"69,800.00"
2019-05-02,2019050201007787,NUBL,26,17,48,880.00,"42,240.00"
2019-05-02,2019050201007786,NUBL,59,17,60,881.00,"52,860.00"
2019-05-02,2019050201007816,OHL,34,42,10,532.00,"5,320.00"
2019-05-02,2019050201007472,OHL,43,11,100,525.00,"52,500.00"
2019-05-02,2019050201007471,OHL,58,11,200,526.00,"105,200.00"
2019-05-02,2019050201007470,OHL,50,11,200,527.00,"105,400.00"
2019-05-02,2019050201007790,PCBL,11,1,381,355.00,"135,255.00"
2019-05-02,2019050201007608,PCBL,52,19,50,354.00,"17,700.00"
2019-05-02,2019050201007577,PCBL,52,6,277,354.00,"98,058.00"
2019-05-02,2019050201007576,PCBL,41,6,20,355.00,"7,100.00"
2019-05-02,2019050201007570,PIC,7,57,50,"1,100.00","55,000.00"
2019-05-02,2019050201007569,PIC,7,41,59,"1,100.00","64,900.00"
2019-05-02,2019050201007440,PIC,7,41,41,"1,100.00","45,100.00"
2019-05-02,2019050201007439,PIC,7,1,150,"1,100.00","165,000.00"
2019-05-02,2019050201007438,PIC,7,52,11,"1,100.00","12,100.00"
2019-05-02,2019050201007437,PIC,7,52,11,"1,100.00","12,100.00"
2019-05-02,2019050201007430,PIC,7,8,11,"1,096.00","12,056.00"
2019-05-02,2019050201007436,PIC,7,42,500,"1,100.00","550,000.00"
2019-05-02,2019050201007435,PIC,7,39,50,"1,100.00","55,000.00"
2019-05-02,2019050201007434,PIC,7,50,50,"1,098.00","54,900.00"
2019-05-02,2019050201007433,PIC,7,17,50,"1,098.00","54,900.00"
2019-05-02,2019050201007432,PIC,7,45,20,"1,097.00","21,940.00"
2019-05-02,2019050201007431,PIC,7,39,106,"1,096.00","116,176.00"
2019-05-02,2019050201007487,PICL,6,7,80,722.00,"57,760.00"
2019-05-02,2019050201007486,PICL,32,7,85,723.00,"61,455.00"
2019-05-02,2019050201007485,PICL,45,7,35,724.00,"25,340.00"
2019-05-02,2019050201007484,PICL,38,7,20,724.00,"14,480.00"
2019-05-02,2019050201007533,PLIC,42,19,50,497.00,"24,850.00"
2019-05-02,2019050201007639,PMHPL,17,42,10,115.00,"1,150.00"
2019-05-02,2019050201007531,PRIN,13,1,30,435.00,"13,050.00"
2019-05-02,2019050201007716,PRVU,40,22,850,287.00,"243,950.00"
2019-05-02,2019050201007677,PRVU,40,35,150,287.00,"43,050.00"
2019-05-02,2019050201007676,PRVU,14,35,300,287.00,"86,100.00"
2019-05-02,2019050201007675,PRVU,20,35,50,287.00,"14,350.00"
2019-05-02,2019050201007518,PRVU,28,25,100,288.00,"28,800.00"
2019-05-02,2019050201007517,PRVU,28,44,111,288.00,"31,968.00"
2019-05-02,2019050201007524,PRVU,28,22,15,288.00,"4,320.00"
2019-05-02,2019050201007523,PRVU,28,40,200,288.00,"57,600.00"
2019-05-02,2019050201007522,PRVU,28,25,"1,000",288.00,"288,000.00"
2019-05-02,2019050201007521,PRVU,28,41,200,288.00,"57,600.00"
2019-05-02,2019050201007520,PRVU,28,34,200,288.00,"57,600.00"
2019-05-02,2019050201007519,PRVU,28,53,174,288.00,"50,112.00"
2019-05-02,2019050201007648,RADHI,36,50,11,166.00,"1,826.00"
2019-05-02,2019050201007874,RBCL,8,14,10,"9,959.00","99,590.00"
2019-05-02,2019050201007530,RMDC,39,59,200,657.00,"131,400.00"
2019-05-02,2019050201007820,RSDC,39,26,49,408.00,"19,992.00"
2019-05-02,2019050201007705,SADBL,50,16,10,155.00,"1,550.00"
2019-05-02,2019050201007663,SADBL,50,39,262,154.00,"40,348.00"
2019-05-02,2019050201007662,SADBL,50,29,980,153.00,"149,940.00"
2019-05-02,2019050201007467,SADBL,34,35,34,152.00,"5,168.00"
2019-05-02,2019050201007540,SANIMA,48,26,500,355.00,"177,500.00"
2019-05-02,2019050201007474,SANIMA,45,26,100,355.00,"35,500.00"
2019-05-02,2019050201007458,SANIMA,25,54,300,354.00,"106,200.00"
2019-05-02,2019050201007739,SBI,14,47,169,485.00,"81,965.00"
2019-05-02,2019050201007738,SBI,57,47,30,485.00,"14,550.00"
2019-05-02,2019050201007853,SBL,41,34,200,345.00,"69,000.00"
2019-05-02,2019050201007817,SBL,41,42,10,345.00,"3,450.00"
2019-05-02,2019050201007779,SBL,41,38,131,345.00,"45,195.00"
2019-05-02,2019050201007628,SBL,4,44,"2,884",346.00,"997,864.00"
2019-05-02,2019050201007619,SBL,4,34,500,346.00,"173,000.00"
2019-05-02,2019050201007562,SBL,4,16,50,346.00,"17,300.00"
2019-05-02,2019050201007513,SCB,39,5,50,690.00,"34,500.00"
2019-05-02,2019050201007512,SCB,44,5,300,690.00,"207,000.00"
2019-05-02,2019050201007511,SCB,16,5,200,691.00,"138,200.00"
2019-05-02,2019050201007510,SCB,28,5,500,692.00,"346,000.00"
2019-05-02,2019050201007509,SCB,4,5,100,693.00,"69,300.00"
2019-05-02,2019050201007686,SEOS,42,33,"5,600",10.60,"59,360.00"
2019-05-02,2019050201007889,SHIVM,34,33,10,344.00,"3,440.00"
2019-05-02,2019050201007881,SHIVM,51,39,100,341.00,"34,100.00"
2019-05-02,2019050201007880,SHIVM,34,39,200,342.00,"68,400.00"
2019-05-02,2019050201007819,SHIVM,51,41,15,341.00,"5,115.00"
2019-05-02,2019050201007814,SHIVM,34,33,31,344.00,"10,664.00"
2019-05-02,2019050201007813,SHIVM,34,59,30,344.00,"10,320.00"
2019-05-02,2019050201007558,SHIVM,57,28,611,342.00,"208,962.00"
2019-05-02,2019050201007557,SHIVM,36,28,500,343.00,"171,500.00"
2019-05-02,2019050201007556,SHIVM,7,28,450,343.00,"154,350.00"
2019-05-02,2019050201007447,SHIVM,7,43,50,343.00,"17,150.00"
2019-05-02,2019050201007700,SHIVM,6,39,61,342.00,"20,862.00"
2019-05-02,2019050201007636,SHIVM,6,39,180,342.00,"61,560.00"
2019-05-02,2019050201007598,SHIVM,6,56,50,342.00,"17,100.00"
2019-05-02,2019050201007571,SHIVM,5,33,50,344.00,"17,200.00"
2019-05-02,2019050201007560,SHIVM,6,28,209,342.00,"71,478.00"
2019-05-02,2019050201007559,SHIVM,32,28,100,342.00,"34,200.00"
2019-05-02,2019050201007812,SHIVM,34,34,39,342.00,"13,338.00"
2019-05-02,2019050201007789,SHIVM,50,34,500,342.00,"171,000.00"
2019-05-02,2019050201007743,SHIVM,51,39,300,341.00,"102,300.00"
2019-05-02,2019050201007742,SHIVM,58,34,200,342.00,"68,400.00"
2019-05-02,2019050201007709,SHIVM,26,34,261,342.00,"89,262.00"
2019-05-02,2019050201007701,SHIVM,26,39,239,342.00,"81,738.00"
2019-05-02,2019050201007811,SHPC,42,17,100,274.00,"27,400.00"
2019-05-02,2019050201007715,SHPC,59,49,199,270.00,"53,730.00"
2019-05-02,2019050201007661,SHPC,59,14,376,270.00,"101,520.00"
2019-05-02,2019050201007660,SHPC,45,14,300,270.00,"81,000.00"
2019-05-02,2019050201007659,SHPC,48,14,324,271.00,"87,804.00"
2019-05-02,2019050201007602,SHPC,48,28,176,271.00,"47,696.00"
2019-05-02,2019050201007601,SHPC,42,28,300,271.00,"81,300.00"
2019-05-02,2019050201007600,SHPC,59,28,500,271.00,"135,500.00"
2019-05-02,2019050201007599,SHPC,29,28,524,271.00,"142,004.00"
2019-05-02,2019050201007508,SHPC,48,34,184,272.00,"50,048.00"
2019-05-02,2019050201007792,SIC,42,43,10,"1,350.00","13,500.00"
2019-05-02,2019050201007452,SIC,37,50,24,"1,340.00","32,160.00"
2019-05-02,2019050201007451,SIC,40,50,200,"1,341.00","268,200.00"
2019-05-02,2019050201007583,SIL,32,34,50,625.00,"31,250.00"
2019-05-02,2019050201007886,SLBS,14,42,10,970.00,"9,700.00"
2019-05-02,2019050201007514,SMATA,25,42,18,"1,236.00","22,248.00"
2019-05-02,2019050201007840,SRBL,7,17,200,256.00,"51,200.00"
2019-05-02,2019050201007719,SRBL,7,41,57,256.00,"14,592.00"
2019-05-02,2019050201007696,SRBL,52,3,"1,000",257.00,"257,000.00"
2019-05-02,2019050201007695,SRBL,52,50,370,257.00,"95,090.00"
2019-05-02,2019050201007536,SRBL,7,20,197,256.00,"50,432.00"
2019-05-02,2019050201007535,SRBL,38,20,191,256.00,"48,896.00"
2019-05-02,2019050201007453,SRBL,18,50,200,257.00,"51,400.00"
2019-05-02,2019050201007491,SWBBL,42,38,15,921.00,"13,815.00"
2019-05-02,2019050201007490,SWBBL,42,19,12,920.00,"11,040.00"
2019-05-02,2019050201007489,SWBBL,42,58,30,920.00,"27,600.00"
2019-05-02,2019050201007890,UIC,22,5,10,965.00,"9,650.00"
2019-05-02,2019050201007532,UIC,45,7,100,950.00,"95,000.00"
2019-05-02,2019050201007525,UIC,42,7,100,960.00,"96,000.00"
2019-05-02,2019050201007895,UPCL,10,34,50,102.00,"5,100.00"
2019-05-02,2019050201007885,UPCL,10,45,50,102.00,"5,100.00"
2019-05-02,2019050201007884,UPCL,10,19,50,102.00,"5,100.00"
2019-05-02,2019050201007857,UPCL,10,47,550,102.00,"56,100.00"
2019-05-02,2019050201007856,UPCL,10,40,"1,000",102.00,"102,000.00"
2019-05-02,2019050201007851,UPCL,10,19,50,102.00,"5,100.00"
2019-05-02,2019050201007643,UPCL,10,48,50,96.00,"4,800.00"
2019-05-02,2019050201007642,UPCL,10,54,10,96.00,960.00
2019-05-02,2019050201007603,UPCL,10,7,50,95.00,"4,750.00"
2019-05-02,2019050201007561,UPCL,10,34,50,95.00,"4,750.00"
2019-05-02,2019050201007691,UPCL,10,6,400,97.00,"38,800.00"
2019-05-02,2019050201007690,UPCL,10,6,50,97.00,"4,850.00"
2019-05-02,2019050201007689,UPCL,10,54,10,97.00,970.00
2019-05-02,2019050201007651,UPCL,10,42,50,96.00,"4,800.00"
2019-05-02,2019050201007645,UPCL,10,59,70,96.00,"6,720.00"
2019-05-02,2019050201007644,UPCL,10,48,50,96.00,"4,800.00"
2019-05-02,2019050201007720,UPCL,10,51,50,99.00,"4,950.00"
2019-05-02,2019050201007714,UPCL,10,41,300,98.00,"29,400.00"
2019-05-02,2019050201007713,UPCL,10,54,100,98.00,"9,800.00"
2019-05-02,2019050201007694,UPCL,10,33,300,97.00,"29,100.00"
2019-05-02,2019050201007693,UPCL,10,40,500,97.00,"48,500.00"
2019-05-02,2019050201007692,UPCL,10,58,50,97.00,"4,850.00"
2019-05-02,2019050201007726,UPCL,10,44,50,99.00,"4,950.00"
2019-05-02,2019050201007725,UPCL,10,51,50,99.00,"4,950.00"
2019-05-02,2019050201007724,UPCL,10,44,50,99.00,"4,950.00"
2019-05-02,2019050201007723,UPCL,10,51,50,99.00,"4,950.00"
2019-05-02,2019050201007722,UPCL,10,44,50,99.00,"4,950.00"
2019-05-02,2019050201007721,UPCL,10,54,100,99.00,"9,900.00"
2019-05-02,2019050201007732,UPCL,10,56,"2,000",99.00,"198,000.00"
2019-05-02,2019050201007731,UPCL,10,44,50,99.00,"4,950.00"
2019-05-02,2019050201007730,UPCL,10,43,50,99.00,"4,950.00"
2019-05-02,2019050201007729,UPCL,10,34,500,99.00,"49,500.00"
2019-05-02,2019050201007728,UPCL,10,1,100,99.00,"9,900.00"
2019-05-02,2019050201007727,UPCL,10,50,50,99.00,"4,950.00"
2019-05-02,2019050201007763,UPCL,10,51,50,100.00,"5,000.00"
2019-05-02,2019050201007737,UPCL,10,34,250,99.00,"24,750.00"
2019-05-02,2019050201007736,UPCL,10,44,50,99.00,"4,950.00"
2019-05-02,2019050201007735,UPCL,10,34,"1,000",99.00,"99,000.00"
2019-05-02,2019050201007734,UPCL,10,34,500,99.00,"49,500.00"
2019-05-02,2019050201007733,UPCL,10,44,50,99.00,"4,950.00"
2019-05-02,2019050201007769,UPCL,10,34,500,100.00,"50,000.00"
2019-05-02,2019050201007768,UPCL,10,46,990,100.00,"99,000.00"
2019-05-02,2019050201007767,UPCL,10,29,250,100.00,"25,000.00"
2019-05-02,2019050201007766,UPCL,10,22,100,100.00,"10,000.00"
2019-05-02,2019050201007765,UPCL,10,54,100,100.00,"10,000.00"
2019-05-02,2019050201007764,UPCL,10,54,100,100.00,"10,000.00"
2019-05-02,2019050201007775,UPCL,10,37,500,100.00,"50,000.00"
2019-05-02,2019050201007774,UPCL,10,22,100,100.00,"10,000.00"
2019-05-02,2019050201007773,UPCL,10,14,100,100.00,"10,000.00"
2019-05-02,2019050201007772,UPCL,10,1,300,100.00,"30,000.00"
2019-05-02,2019050201007771,UPCL,10,22,100,100.00,"10,000.00"
2019-05-02,2019050201007770,UPCL,10,25,50,100.00,"5,000.00"
2019-05-02,2019050201007849,UPCL,10,19,50,102.00,"5,100.00"
2019-05-02,2019050201007821,UPCL,10,39,99,102.00,"10,098.00"
2019-05-02,2019050201007810,UPCL,10,5,880,102.00,"89,760.00"
2019-05-02,2019050201007809,UPCL,10,59,100,101.00,"10,100.00"
2019-05-02,2019050201007777,UPCL,10,22,100,100.00,"10,000.00"
2019-05-02,2019050201007776,UPCL,10,39,"1,000",100.00,"100,000.00"
2019-05-02,2019050201007850,UPPER,11,33,265,242.00,"64,130.00"
2019-05-02,2019050201007815,UPPER,11,1,185,242.00,"44,770.00"
2019-05-02,2019050201007699,UPPER,11,42,50,242.00,"12,100.00"
2019-05-02,2019050201007674,UPPER,11,45,500,242.00,"121,000.00"
2019-05-02,2019050201007463,UPPER,17,1,52,241.00,"12,532.00"
2019-05-02,2019050201007607,UPPER,36,36,50,242.00,"12,100.00"
2019-05-02,2019050201007568,UPPER,11,46,27,243.00,"6,561.00"
2019-05-02,2019050201007567,UPPER,11,6,40,243.00,"9,720.00"
2019-05-02,2019050201007566,UPPER,11,3,40,243.00,"9,720.00"
2019-05-02,2019050201007565,UPPER,11,3,40,243.00,"9,720.00"
2019-05-02,2019050201007564,UPPER,11,26,90,243.00,"21,870.00"
2019-05-02,2019050201007383,ADBL,54,41,147,386.00,"56,742.00"
2019-05-02,2019050201007382,ADBL,54,39,100,386.00,"38,600.00"
2019-05-02,2019050201007381,ADBL,54,41,200,386.00,"77,200.00"
2019-05-02,2019050201007380,ADBL,54,13,353,386.00,"136,258.00"
2019-05-02,2019050201007379,ADBL,54,34,200,386.00,"77,200.00"
2019-05-02,2019050201007107,ADBL,14,41,240,385.00,"92,400.00"
2019-05-02,2019050201007106,ADBL,14,32,400,385.00,"154,000.00"
2019-05-02,2019050201007105,ADBL,14,38,44,385.00,"16,940.00"
2019-05-02,2019050201007060,ADBL,49,21,50,385.00,"19,250.00"
2019-05-02,2019050201007356,AHPC,48,58,50,112.00,"5,600.00"
2019-05-02,2019050201007355,AHPC,48,55,200,111.00,"22,200.00"
2019-05-02,2019050201007193,AHPC,39,17,100,110.00,"11,000.00"
2019-05-02,2019050201007192,AHPC,39,37,"1,000",110.00,"110,000.00"
2019-05-02,2019050201007054,AHPC,49,29,115,110.00,"12,650.00"
2019-05-02,2019050201007191,AHPC,39,46,300,110.00,"33,000.00"
2019-05-02,2019050201007190,AHPC,39,29,75,110.00,"8,250.00"
2019-05-02,2019050201007188,AHPC,37,7,400,109.00,"43,600.00"
2019-05-02,2019050201007139,AHPC,48,29,50,110.00,"5,500.00"
2019-05-02,2019050201007114,AHPC,42,46,300,109.00,"32,700.00"
2019-05-02,2019050201007084,AKJCL,8,51,10,81.00,810.00
2019-05-02,2019050201006983,AKJCL,25,46,20,82.00,"1,640.00"
2019-05-02,2019050201007376,ALBSL,52,59,10,464.00,"4,640.00"
2019-05-02,2019050201007354,ALBSL,52,59,10,464.00,"4,640.00"
2019-05-02,2019050201007343,ALBSL,52,59,10,464.00,"4,640.00"
2019-05-02,2019050201007324,ALBSL,52,59,10,464.00,"4,640.00"
2019-05-02,2019050201007310,ALBSL,52,59,10,464.00,"4,640.00"
2019-05-02,2019050201007134,ALBSL,52,57,10,464.00,"4,640.00"
2019-05-02,2019050201007110,ALBSL,52,57,10,464.00,"4,640.00"
2019-05-02,2019050201007094,ALBSL,28,57,10,464.00,"4,640.00"
2019-05-02,2019050201006955,ALBSL,28,46,10,464.00,"4,640.00"
2019-05-02,2019050201007230,ALICL,58,42,70,445.00,"31,150.00"
2019-05-02,2019050201007229,ALICL,41,42,30,445.00,"13,350.00"
2019-05-02,2019050201007217,ALICL,58,33,100,450.00,"45,000.00"
2019-05-02,2019050201007216,ALICL,58,50,200,450.00,"90,000.00"
2019-05-02,2019050201006899,AMFI,45,32,10,582.00,"5,820.00"
2019-05-02,2019050201006995,API,45,1,10,138.00,"1,380.00"
2019-05-02,2019050201007318,BARUN,56,1,250,94.00,"23,500.00"
2019-05-02,2019050201007047,BHBL,32,59,500,172.00,"86,000.00"
2019-05-02,2019050201007046,BHBL,57,59,200,172.00,"34,400.00"
2019-05-02,2019050201006990,BNT,32,55,100,"6,850.00","685,000.00"
2019-05-02,2019050201007299,BOKL,52,6,200,283.00,"56,600.00"
2019-05-02,2019050201007225,BOKL,28,48,34,284.00,"9,656.00"
2019-05-02,2019050201007224,BOKL,28,49,300,284.00,"85,200.00"
2019-05-02,2019050201007223,BOKL,28,37,666,284.00,"189,144.00"
2019-05-02,2019050201007206,BOKL,52,22,100,283.00,"28,300.00"
2019-05-02,2019050201007164,BOKL,52,58,100,283.00,"28,300.00"
2019-05-02,2019050201007163,BOKL,52,41,200,283.00,"56,600.00"
2019-05-02,2019050201007057,BOKL,52,13,114,283.00,"32,262.00"
2019-05-02,2019050201006914,BOKL,44,6,98,282.00,"27,636.00"
2019-05-02,2019050201006913,BOKL,14,6,102,282.00,"28,764.00"
2019-05-02,2019050201007045,CBBL,38,6,50,970.00,"48,500.00"
2019-05-02,2019050201007298,CBL,36,42,"1,000",156.00,"156,000.00"
2019-05-02,2019050201007120,CBL,58,42,51,156.00,"7,956.00"
2019-05-02,2019050201007119,CBL,58,45,549,155.00,"85,095.00"
2019-05-02,2019050201007056,CBL,58,29,614,154.00,"94,556.00"
2019-05-02,2019050201007037,CBL,58,5,"1,700",154.00,"261,800.00"
2019-05-02,2019050201007036,CBL,56,5,300,155.00,"46,500.00"
2019-05-02,2019050201007001,CBL,43,45,100,155.00,"15,500.00"
2019-05-02,2019050201007000,CBL,58,45,"6,031",155.00,"934,805.00"
2019-05-02,2019050201007325,CCBL,58,6,"1,000",173.00,"173,000.00"
2019-05-02,2019050201007138,CCBL,58,34,71,173.00,"12,283.00"
2019-05-02,2019050201007104,CCBL,58,34,"1,374",173.00,"237,702.00"
2019-05-02,2019050201006926,CFCL,14,13,10,110.00,"1,100.00"
2019-05-02,2019050201007391,CHCL,4,42,250,571.00,"142,750.00"
2019-05-02,2019050201007083,CHCL,6,50,165,577.00,"95,205.00"
2019-05-02,2019050201007082,CHCL,6,22,200,577.00,"115,400.00"
2019-05-02,2019050201006937,CHCL,6,19,107,578.00,"61,846.00"
2019-05-02,2019050201006936,CHCL,6,29,68,577.00,"39,236.00"
2019-05-02,2019050201007353,CIT,16,8,50,"2,510.00","125,500.00"
2019-05-02,2019050201007352,CIT,11,8,50,"2,510.00","125,500.00"
2019-05-02,2019050201007180,CIT,16,8,100,"2,510.00","251,000.00"
2019-05-02,2019050201007179,CIT,34,8,15,"2,510.00","37,650.00"
2019-05-02,2019050201007053,CIT,34,53,10,"2,510.00","25,100.00"
2019-05-02,2019050201007351,CZBIL,45,22,50,225.00,"11,250.00"
2019-05-02,2019050201006993,CZBIL,45,14,"1,000",225.00,"225,000.00"
2019-05-02,2019050201006912,CZBIL,45,32,10,225.00,"2,250.00"
2019-05-02,2019050201007208,DBBL,20,34,190,134.00,"25,460.00"
2019-05-02,2019050201007153,DHPL,55,59,51,80.00,"4,080.00"
2019-05-02,2019050201007378,EBL,57,6,200,656.00,"131,200.00"
2019-05-02,2019050201007350,EBL,57,45,200,657.00,"131,400.00"
2019-05-02,2019050201007251,EBL,57,32,300,658.00,"197,400.00"
2019-05-02,2019050201006957,EBL,58,59,50,659.00,"32,950.00"
2019-05-02,2019050201006956,EBL,58,17,92,658.00,"60,536.00"
2019-05-02,2019050201006940,EBL,59,17,108,658.00,"71,064.00"
2019-05-02,2019050201007128,EBL,32,16,50,656.00,"32,800.00"
2019-05-02,2019050201007127,EBL,42,16,60,656.00,"39,360.00"
2019-05-02,2019050201007039,EBL,42,6,190,656.00,"124,640.00"
2019-05-02,2019050201007038,EBL,6,6,10,657.00,"6,570.00"
2019-05-02,2019050201006958,EBL,58,28,58,660.00,"38,280.00"
2019-05-02,2019050201007155,EBL,58,28,50,660.00,"33,000.00"
2019-05-02,2019050201007154,EBL,58,48,50,659.00,"32,950.00"
2019-05-02,2019050201007133,EBL,57,6,30,656.00,"19,680.00"
2019-05-02,2019050201007132,EBL,14,6,10,656.00,"6,560.00"
2019-05-02,2019050201007130,EBL,28,42,150,658.00,"98,700.00"
2019-05-02,2019050201007129,EBL,14,16,90,656.00,"59,040.00"
2019-05-02,2019050201007214,EDBL,34,16,"1,150",300.00,"345,000.00"
2019-05-02,2019050201007099,EDBL,34,6,290,300.00,"87,000.00"
2019-05-02,2019050201007098,EDBL,25,6,100,300.00,"30,000.00"
2019-05-02,2019050201007097,EDBL,36,6,150,302.00,"45,300.00"
2019-05-02,2019050201007187,EIC,57,4,100,472.00,"47,200.00"
2019-05-02,2019050201007373,FMDBL,56,34,20,430.00,"8,600.00"
2019-05-02,2019050201007342,FMDBL,56,32,190,434.00,"82,460.00"
2019-05-02,2019050201007341,FMDBL,56,32,100,433.00,"43,300.00"
2019-05-02,2019050201007340,FMDBL,56,16,200,433.00,"86,600.00"
2019-05-02,2019050201007312,FMDBL,56,20,50,430.00,"21,500.00"
2019-05-02,2019050201007209,FMDBL,56,17,250,430.00,"107,500.00"
2019-05-02,2019050201007141,FMDBL,36,46,100,430.00,"43,000.00"
2019-05-02,2019050201007140,FMDBL,36,46,100,430.00,"43,000.00"
2019-05-02,2019050201007175,GBBL,48,48,98,218.00,"21,364.00"
2019-05-02,2019050201007317,GBIME,6,16,16,313.00,"5,008.00"
2019-05-02,2019050201007271,GBIME,37,37,8,311.00,"2,488.00"
2019-05-02,2019050201007173,GBIME,6,16,116,313.00,"36,308.00"
2019-05-02,2019050201007172,GBIME,54,16,384,313.00,"120,192.00"
2019-05-02,2019050201007081,GBIME,54,28,250,313.00,"78,250.00"
2019-05-02,2019050201007030,GBIME,34,29,200,314.00,"62,800.00"
2019-05-02,2019050201006939,GBIME,54,42,320,313.00,"100,160.00"
2019-05-02,2019050201007074,GBLBS,36,36,10,366.00,"3,660.00"
2019-05-02,2019050201006944,GBLBS,50,6,10,369.00,"3,690.00"
2019-05-02,2019050201007364,GDBL,25,32,20,212.00,"4,240.00"
2019-05-02,2019050201007290,GDBL,49,16,150,209.00,"31,350.00"
2019-05-02,2019050201006909,GDBL,58,32,50,212.00,"10,600.00"
2019-05-02,2019050201007199,GDBL,58,33,654,210.00,"137,340.00"
2019-05-02,2019050201007207,GDBL,25,32,10,212.00,"2,120.00"
2019-05-02,2019050201007204,GDBL,49,33,546,209.00,"114,114.00"
2019-05-02,2019050201007203,GDBL,26,33,500,209.00,"104,500.00"
2019-05-02,2019050201007202,GDBL,28,33,200,209.00,"41,800.00"
2019-05-02,2019050201007201,GDBL,43,33,300,209.00,"62,700.00"
2019-05-02,2019050201007200,GDBL,21,33,300,209.00,"62,700.00"
2019-05-02,2019050201007289,GRDBL,22,7,30,109.00,"3,270.00"
2019-05-02,2019050201007063,HBL,58,40,20,595.00,"11,900.00"
2019-05-02,2019050201007062,HBL,58,25,180,591.00,"106,380.00"
2019-05-02,2019050201007051,HBL,25,25,20,591.00,"11,820.00"
2019-05-02,2019050201006998,HBL,58,14,100,590.00,"59,000.00"
2019-05-02,2019050201006997,HBL,58,25,800,590.00,"472,000.00"
2019-05-02,2019050201006996,HBL,58,29,125,590.00,"73,750.00"
2019-05-02,2019050201006986,HBL,36,13,300,589.00,"176,700.00"
2019-05-02,2019050201006985,HBL,36,3,500,589.00,"294,500.00"
2019-05-02,2019050201006984,HBL,36,3,100,589.00,"58,900.00"
2019-05-02,2019050201006954,HBL,16,43,100,588.00,"58,800.00"
2019-05-02,2019050201006953,HBL,16,36,20,588.00,"11,760.00"
2019-05-02,2019050201007220,HDL,57,17,10,"1,479.00","14,790.00"
2019-05-02,2019050201006923,HGI,41,1,500,400.00,"200,000.00"
2019-05-02,2019050201006922,HGI,13,1,200,400.00,"80,000.00"
2019-05-02,2019050201006921,HGI,28,1,50,400.00,"20,000.00"
2019-05-02,2019050201006920,HGI,39,1,12,400.00,"4,800.00"
2019-05-02,2019050201006919,HGI,22,1,434,400.00,"173,600.00"
2019-05-02,2019050201006918,HGI,7,1,100,401.00,"40,100.00"
2019-05-02,2019050201006917,HGI,10,1,50,401.00,"20,050.00"
2019-05-02,2019050201007025,HIDCL,34,32,79,142.00,"11,218.00"
2019-05-02,2019050201007181,HPPL,36,36,10,183.00,"1,830.00"
2019-05-02,2019050201007166,HPPL,36,35,10,184.00,"1,840.00"
2019-05-02,2019050201007285,ICFC,17,58,480,159.00,"76,320.00"
2019-05-02,2019050201007284,ICFC,6,58,10,159.00,"1,590.00"
2019-05-02,2019050201007002,ICFC,50,58,10,160.00,"1,600.00"
2019-05-02,2019050201007268,IGI,10,47,30,424.00,"12,720.00"
2019-05-02,2019050201007326,JBNL,28,44,50,202.00,"10,100.00"
2019-05-02,2019050201007171,JBNL,41,25,89,201.00,"17,889.00"
2019-05-02,2019050201007170,JBNL,58,25,611,201.00,"122,811.00"
2019-05-02,2019050201006960,JBNL,58,34,"1,389",201.00,"279,189.00"
2019-05-02,2019050201006959,JBNL,58,34,611,201.00,"122,811.00"
2019-05-02,2019050201006933,JBNL,58,56,200,201.00,"40,200.00"
2019-05-02,2019050201007238,KADBL,59,59,20,175.00,"3,500.00"
2019-05-02,2019050201007327,KBL,19,8,106,225.00,"23,850.00"
2019-05-02,2019050201007125,KBL,18,8,100,225.00,"22,500.00"
2019-05-02,2019050201007124,KBL,17,8,200,225.00,"45,000.00"
2019-05-02,2019050201007123,KBL,1,8,94,225.00,"21,150.00"
2019-05-02,2019050201007112,KBL,1,48,100,225.00,"22,500.00"
2019-05-02,2019050201007003,KBL,1,32,421,225.00,"94,725.00"
2019-05-02,2019050201007174,KMFL,13,13,58,806.00,"46,748.00"
2019-05-02,2019050201007393,KPCL,59,46,10,92.00,920.00
2019-05-02,2019050201006911,KPCL,59,46,10,92.00,920.00
2019-05-02,2019050201006900,KPCL,59,16,100,92.00,"9,200.00"
2019-05-02,2019050201007309,KSBBL,57,57,100,150.00,"15,000.00"
2019-05-02,2019050201007347,LBBL,41,40,528,196.00,"103,488.00"
2019-05-02,2019050201007346,LBBL,54,40,100,196.00,"19,600.00"
2019-05-02,2019050201007345,LBBL,20,40,127,196.00,"24,892.00"
2019-05-02,2019050201007330,LBBL,20,40,726,196.00,"142,296.00"
2019-05-02,2019050201007329,LBBL,41,40,200,197.00,"39,400.00"
2019-05-02,2019050201007328,LBBL,52,40,174,197.00,"34,278.00"
2019-05-02,2019050201007085,LBBL,56,17,110,198.00,"21,780.00"
2019-05-02,2019050201007387,LBL,38,43,100,230.00,"23,000.00"
2019-05-02,2019050201007240,LBL,34,35,169,229.00,"38,701.00"
2019-05-02,2019050201007091,LBL,51,35,100,229.00,"22,900.00"
2019-05-02,2019050201007090,LBL,21,35,231,229.00,"52,899.00"
2019-05-02,2019050201007068,LBL,21,19,"1,000",229.00,"229,000.00"
2019-05-02,2019050201007033,LBL,21,25,769,229.00,"176,101.00"
2019-05-02,2019050201007198,LEMF,26,22,"1,600",8.31,"13,296.00"
2019-05-02,2019050201007034,LEMF,36,7,"5,000",8.46,"42,300.00"
2019-05-02,2019050201007332,LGIL,44,43,200,520.00,"104,000.00"
2019-05-02,2019050201007048,LGIL,44,10,500,522.00,"261,000.00"
2019-05-02,2019050201007349,LICN,25,25,10,"1,873.00","18,730.00"
2019-05-02,2019050201007165,LICN,28,16,100,"1,870.00","187,000.00"
2019-05-02,2019050201007088,LLBS,18,59,24,800.00,"19,200.00"
2019-05-02,2019050201006916,LLBS,26,59,12,799.00,"9,588.00"
2019-05-02,2019050201006915,LLBS,21,59,12,800.00,"9,600.00"
2019-05-02,2019050201007253,MBL,14,49,100,265.00,"26,500.00"
2019-05-02,2019050201007205,MBL,13,40,244,265.00,"64,660.00"
2019-05-02,2019050201007143,MBL,13,11,50,265.00,"13,250.00"
2019-05-02,2019050201007136,MBL,38,11,300,265.00,"79,500.00"
2019-05-02,2019050201007135,MBL,36,11,150,265.00,"39,750.00"
2019-05-02,2019050201007142,MDB,34,26,129,257.00,"33,153.00"
2019-05-02,2019050201007280,MEGA,48,34,200,184.00,"36,800.00"
2019-05-02,2019050201007197,MEGA,48,1,300,184.00,"55,200.00"
2019-05-02,2019050201007177,MEGA,40,32,100,185.00,"18,500.00"
2019-05-02,2019050201007137,MEGA,48,45,50,184.00,"9,200.00"
2019-05-02,2019050201007109,MEGA,48,42,200,184.00,"36,800.00"
2019-05-02,2019050201007108,MEGA,19,42,800,184.00,"147,200.00"
2019-05-02,2019050201007069,MEGA,19,28,200,184.00,"36,800.00"
2019-05-02,2019050201007013,MEGA,39,10,10,183.00,"1,830.00"
2019-05-02,2019050201007012,MEGA,46,10,122,183.00,"22,326.00"
2019-05-02,2019050201007116,MLBL,38,32,500,190.00,"95,000.00"
2019-05-02,2019050201007388,MNBBL,49,33,141,388.00,"54,708.00"
2019-05-02,2019050201007384,MNBBL,13,58,100,390.00,"39,000.00"
2019-05-02,2019050201007358,MNBBL,49,49,100,388.00,"38,800.00"
2019-05-02,2019050201007213,MNBBL,49,10,500,388.00,"194,000.00"
2019-05-02,2019050201006950,NABIL,5,42,143,850.00,"121,550.00"
2019-05-02,2019050201006949,NABIL,5,40,120,850.00,"102,000.00"
2019-05-02,2019050201006948,NABIL,5,14,37,850.00,"31,450.00"
2019-05-02,2019050201006938,NABIL,37,14,10,850.00,"8,500.00"
2019-05-02,2019050201007377,NABILP,25,17,170,833.00,"141,610.00"
2019-05-02,2019050201006961,NABILP,28,17,30,833.00,"24,990.00"
2019-05-02,2019050201007288,NADEP,22,51,40,517.00,"20,680.00"
2019-05-02,2019050201007287,NADEP,19,51,20,517.00,"10,340.00"
2019-05-02,2019050201007286,NADEP,39,51,20,517.00,"10,340.00"
2019-05-02,2019050201007169,NADEP,22,32,30,519.00,"15,570.00"
2019-05-02,2019050201007156,NADEP,57,32,100,519.00,"51,900.00"
2019-05-02,2019050201007065,NADEP,42,32,200,518.00,"103,600.00"
2019-05-02,2019050201007064,NADEP,56,32,170,518.00,"88,060.00"
2019-05-02,2019050201006906,NADEP,56,58,30,518.00,"15,540.00"
2019-05-02,2019050201006905,NADEP,8,58,70,519.00,"36,330.00"
2019-05-02,2019050201007042,NBB,17,54,100,230.00,"23,000.00"
2019-05-02,2019050201007009,NBB,17,17,900,230.00,"207,000.00"
2019-05-02,2019050201007008,NBB,22,17,100,230.00,"23,000.00"
2019-05-02,2019050201007398,NBL,48,25,500,313.00,"156,500.00"
2019-05-02,2019050201007397,NBL,44,25,"5,000",313.00,"1,565,000.00"
2019-05-02,2019050201007396,NBL,14,25,500,313.00,"156,500.00"
2019-05-02,2019050201007395,NBL,28,25,500,314.00,"157,000.00"
2019-05-02,2019050201007394,NBL,40,25,50,314.00,"15,700.00"
2019-05-02,2019050201007304,NBL,4,17,760,315.00,"239,400.00"
2019-05-02,2019050201007111,NBL,36,57,30,314.00,"9,420.00"
2019-05-02,2019050201007075,NBL,16,57,500,314.00,"157,000.00"
2019-05-02,2019050201007073,NBL,35,57,350,314.00,"109,900.00"
2019-05-02,2019050201007044,NBL,39,49,350,315.00,"110,250.00"
2019-05-02,2019050201007029,NBL,1,49,10,315.00,"3,150.00"
2019-05-02,2019050201007303,NBL,4,50,100,315.00,"31,500.00"
2019-05-02,2019050201007302,NBL,4,46,200,315.00,"63,000.00"
2019-05-02,2019050201007301,NBL,4,43,"1,000",315.00,"315,000.00"
2019-05-02,2019050201007300,NBL,4,49,140,315.00,"44,100.00"
2019-05-02,2019050201007131,NBL,40,57,70,314.00,"21,980.00"
2019-05-02,2019050201007126,NBL,49,57,50,314.00,"15,700.00"
2019-05-02,2019050201007093,NCCB,32,18,175,238.00,"41,650.00"
2019-05-02,2019050201007092,NCCB,32,1,25,238.00,"5,950.00"
2019-05-02,2019050201007080,NCCB,32,37,750,237.00,"177,750.00"
2019-05-02,2019050201007067,NCCB,32,37,50,237.00,"11,850.00"
2019-05-02,2019050201006908,NCCB,32,56,200,237.00,"47,400.00"
2019-05-02,2019050201006907,NCCB,32,37,"1,630",237.00,"386,310.00"
2019-05-02,2019050201007374,NHDL,36,36,10,131.00,"1,310.00"
2019-05-02,2019050201007392,NIB,43,38,379,565.00,"214,135.00"
2019-05-02,2019050201007319,NIB,43,34,44,565.00,"24,860.00"
2019-05-02,2019050201007305,NIB,43,34,113,565.00,"63,845.00"
2019-05-02,2019050201007294,NIB,43,10,17,565.00,"9,605.00"
2019-05-02,2019050201007250,NIB,45,35,82,566.00,"46,412.00"
2019-05-02,2019050201007249,NIB,45,16,18,566.00,"10,188.00"
2019-05-02,2019050201007159,NIB,43,16,65,565.00,"36,725.00"
2019-05-02,2019050201007158,NIB,43,16,135,565.00,"76,275.00"
2019-05-02,2019050201007144,NIB,43,52,167,565.00,"94,355.00"
2019-05-02,2019050201007113,NIB,43,58,316,565.00,"178,540.00"
2019-05-02,2019050201007103,NIB,42,8,44,564.00,"24,816.00"
2019-05-02,2019050201007031,NIB,22,38,500,565.00,"282,500.00"
2019-05-02,2019050201007281,NICA,22,49,100,492.00,"49,200.00"
2019-05-02,2019050201007079,NICA,22,5,18,492.00,"8,856.00"
2019-05-02,2019050201007071,NICA,44,5,381,492.00,"187,452.00"
2019-05-02,2019050201007059,NICA,44,5,119,492.00,"58,548.00"
2019-05-02,2019050201007058,NICA,34,5,181,492.00,"89,052.00"
2019-05-02,2019050201006924,NICA,34,37,19,492.00,"9,348.00"
2019-05-02,2019050201006904,NICA,41,47,30,493.00,"14,790.00"
2019-05-02,2019050201007315,NICL,6,56,200,405.00,"81,000.00"
2019-05-02,2019050201007314,NICL,6,35,300,405.00,"121,500.00"
2019-05-02,2019050201007311,NICL,42,57,100,405.00,"40,500.00"
2019-05-02,2019050201007236,NIL,8,40,180,528.00,"95,040.00"
2019-05-02,2019050201007014,NIL,14,40,500,528.00,"264,000.00"
2019-05-02,2019050201006989,NIL,33,34,80,527.00,"42,160.00"
2019-05-02,2019050201006935,NIL,55,16,"1,000",527.00,"527,000.00"
2019-05-02,2019050201006934,NIL,43,16,300,527.00,"158,100.00"
2019-05-02,2019050201007241,NLG,58,50,10,860.00,"8,600.00"
2019-05-02,2019050201007339,NLIC,56,6,100,"1,001.00","100,100.00"
2019-05-02,2019050201007338,NLIC,34,6,100,"1,001.00","100,100.00"
2019-05-02,2019050201007337,NLIC,34,6,80,"1,001.00","80,080.00"
2019-05-02,2019050201007336,NLIC,26,6,20,"1,002.00","20,040.00"
2019-05-02,2019050201007335,NLIC,25,34,42,"1,003.00","42,126.00"
2019-05-02,2019050201007277,NLIC,26,45,30,"1,002.00","30,060.00"
2019-05-02,2019050201006910,NLIC,34,25,100,"1,003.00","100,300.00"
2019-05-02,2019050201007276,NLIC,58,45,50,"1,002.00","50,100.00"
2019-05-02,2019050201007275,NLIC,41,45,37,"1,002.00","37,074.00"
2019-05-02,2019050201007252,NLIC,41,54,30,"1,002.00","30,060.00"
2019-05-02,2019050201007007,NLIC,41,36,33,"1,002.00","33,066.00"
2019-05-02,2019050201007006,NLIC,36,36,17,"1,002.00","17,034.00"
2019-05-02,2019050201006952,NLIC,1,36,17,"1,003.00","17,051.00"
2019-05-02,2019050201007118,NLICL,43,42,240,672.00,"161,280.00"
2019-05-02,2019050201006999,NLICL,16,14,100,674.00,"67,400.00"
2019-05-02,2019050201007390,NMB,14,53,12,382.00,"4,584.00"
2019-05-02,2019050201007295,NMB,14,4,19,382.00,"7,258.00"
2019-05-02,2019050201007234,NMB,14,33,270,382.00,"103,140.00"
2019-05-02,2019050201007233,NMB,49,33,80,382.00,"30,560.00"
2019-05-02,2019050201007232,NMB,16,33,150,382.00,"57,300.00"
2019-05-02,2019050201007149,NMB,16,45,111,382.00,"42,402.00"
2019-05-02,2019050201007102,NMB,16,5,76,382.00,"29,032.00"
2019-05-02,2019050201007040,NMB,41,5,100,383.00,"38,300.00"
2019-05-02,2019050201007087,NMBMF,43,26,25,990.00,"24,750.00"
2019-05-02,2019050201007086,NMBMF,43,54,15,986.00,"14,790.00"
2019-05-02,2019050201006981,NMBSF1,41,7,"2,084",10.90,"22,715.60"
2019-05-02,2019050201006980,NMBSF1,43,7,416,10.92,"4,542.72"
2019-05-02,2019050201007334,NTC,38,20,100,698.00,"69,800.00"
2019-05-02,2019050201007011,NTC,6,22,200,698.00,"139,600.00"
2019-05-02,2019050201007231,NUBL,59,6,100,881.00,"88,100.00"
2019-05-02,2019050201007222,NUBL,59,38,40,881.00,"35,240.00"
2019-05-02,2019050201007242,OHL,34,19,200,527.00,"105,400.00"
2019-05-02,2019050201007115,OHL,55,32,23,531.00,"12,213.00"
2019-05-02,2019050201007292,PCBL,52,49,165,354.00,"58,410.00"
2019-05-02,2019050201007291,PCBL,41,49,35,354.00,"12,390.00"
2019-05-02,2019050201006992,PCBL,41,17,161,354.00,"56,994.00"
2019-05-02,2019050201006991,PCBL,52,17,30,355.00,"10,650.00"
2019-05-02,2019050201007185,PFL,59,7,10,134.00,"1,340.00"
2019-05-02,2019050201007184,PFL,32,7,50,134.00,"6,700.00"
2019-05-02,2019050201007322,PIC,47,33,43,"1,085.00","46,655.00"
2019-05-02,2019050201007321,PIC,47,33,89,"1,085.00","96,565.00"
2019-05-02,2019050201007320,PIC,6,33,18,"1,086.00","19,548.00"
2019-05-02,2019050201007196,PIC,6,41,100,"1,096.00","109,600.00"
2019-05-02,2019050201007195,PIC,6,1,10,"1,096.00","10,960.00"
2019-05-02,2019050201007194,PIC,6,6,50,"1,095.00","54,750.00"
2019-05-02,2019050201007020,PIC,7,49,220,"1,093.00","240,460.00"
2019-05-02,2019050201007019,PIC,7,21,15,"1,092.00","16,380.00"
2019-05-02,2019050201007018,PIC,7,50,30,"1,091.00","32,730.00"
2019-05-02,2019050201007017,PIC,7,38,11,"1,090.00","11,990.00"
2019-05-02,2019050201007157,PIC,6,17,99,"1,095.00","108,405.00"
2019-05-02,2019050201007028,PIC,7,26,11,"1,095.00","12,045.00"
2019-05-02,2019050201007024,PIC,7,7,60,"1,095.00","65,700.00"
2019-05-02,2019050201007023,PIC,7,50,100,"1,095.00","109,500.00"
2019-05-02,2019050201007022,PIC,7,13,50,"1,095.00","54,750.00"
2019-05-02,2019050201007021,PIC,7,42,100,"1,094.00","109,400.00"
2019-05-02,2019050201007357,PMHPL,17,46,10,115.00,"1,150.00"
2019-05-02,2019050201007237,PRIN,33,1,20,435.00,"8,700.00"
2019-05-02,2019050201007168,PRIN,8,38,50,436.00,"21,800.00"
2019-05-02,2019050201007061,PRIN,33,50,10,435.00,"4,350.00"
2019-05-02,2019050201007267,PRVU,20,42,50,287.00,"14,350.00"
2019-05-02,2019050201007254,PRVU,28,42,500,287.00,"143,500.00"
2019-05-02,2019050201007215,PRVU,51,42,350,287.00,"100,450.00"
2019-05-02,2019050201006930,PRVU,8,43,200,287.00,"57,400.00"
2019-05-02,2019050201006929,PRVU,28,43,100,287.00,"28,700.00"
2019-05-02,2019050201006928,PRVU,16,43,300,287.00,"86,100.00"
2019-05-02,2019050201007077,PRVU,25,10,300,287.00,"86,100.00"
2019-05-02,2019050201007076,PRVU,44,10,100,287.00,"28,700.00"
2019-05-02,2019050201007016,PRVU,44,34,400,287.00,"114,800.00"
2019-05-02,2019050201007015,PRVU,40,34,100,287.00,"28,700.00"
2019-05-02,2019050201006932,PRVU,40,43,500,287.00,"143,500.00"
2019-05-02,2019050201006931,PRVU,40,43,400,287.00,"114,800.00"
2019-05-02,2019050201007183,PRVU,28,5,800,286.00,"228,800.00"
2019-05-02,2019050201007161,PRVU,28,5,880,286.00,"251,680.00"
2019-05-02,2019050201007160,PRVU,58,5,620,286.00,"177,320.00"
2019-05-02,2019050201007122,PRVU,25,42,100,287.00,"28,700.00"
2019-05-02,2019050201007283,RADHI,45,36,11,165.00,"1,815.00"
2019-05-02,2019050201007282,RADHI,45,52,11,165.00,"1,815.00"
2019-05-02,2019050201007389,RBCL,59,17,30,"9,970.00","299,100.00"
2019-05-02,2019050201007235,RBCLPO,8,28,50,"8,680.00","434,000.00"
2019-05-02,2019050201007369,RHPC,35,25,200,99.00,"19,800.00"
2019-05-02,2019050201007368,RHPC,35,50,98,99.00,"9,702.00"
2019-05-02,2019050201007221,RHPC,35,6,106,98.00,"10,388.00"
2019-05-02,2019050201007182,RMDC,36,49,50,648.00,"32,400.00"
2019-05-02,2019050201007070,RMDC,43,59,350,654.00,"228,900.00"
2019-05-02,2019050201007367,RSDC,39,51,16,408.00,"6,528.00"
2019-05-02,2019050201007316,RSDC,39,43,100,408.00,"40,800.00"
2019-05-02,2019050201007178,RSDC,39,42,10,408.00,"4,080.00"
2019-05-02,2019050201007279,SANIMA,25,7,89,354.00,"31,506.00"
2019-05-02,2019050201007278,SANIMA,58,7,11,354.00,"3,894.00"
2019-05-02,2019050201007152,SANIMA,39,26,50,355.00,"17,750.00"
2019-05-02,2019050201007151,SANIMA,41,26,446,355.00,"158,330.00"
2019-05-02,2019050201007145,SANIMA,41,35,200,355.00,"71,000.00"
2019-05-02,2019050201006963,SANIMA,52,28,100,356.00,"35,600.00"
2019-05-02,2019050201006962,SANIMA,41,47,20,355.00,"7,100.00"
2019-05-02,2019050201007041,SBI,57,32,21,485.00,"10,185.00"
2019-05-02,2019050201007256,SBL,4,51,66,346.00,"22,836.00"
2019-05-02,2019050201007032,SBL,4,51,121,346.00,"41,866.00"
2019-05-02,2019050201007027,SBL,4,36,250,346.00,"86,500.00"
2019-05-02,2019050201007010,SBL,4,17,200,346.00,"69,200.00"
2019-05-02,2019050201007005,SBL,28,51,13,347.00,"4,511.00"
2019-05-02,2019050201006902,SCB,28,5,150,695.00,"104,250.00"
2019-05-02,2019050201006988,SCB,58,11,20,700.00,"14,000.00"
2019-05-02,2019050201006987,SCB,58,1,176,700.00,"123,200.00"
2019-05-02,2019050201006903,SCB,49,5,200,695.00,"139,000.00"
2019-05-02,2019050201007274,SDESI,58,41,89,641.00,"57,049.00"
2019-05-02,2019050201007273,SDESI,38,41,100,642.00,"64,200.00"
2019-05-02,2019050201007272,SDESI,32,41,10,642.00,"6,420.00"
2019-05-02,2019050201007348,SHINE,52,28,200,250.00,"50,000.00"
2019-05-02,2019050201007293,SHINE,28,48,20,252.00,"5,040.00"
2019-05-02,2019050201007386,SHIVM,57,19,129,342.00,"44,118.00"
2019-05-02,2019050201007385,SHIVM,36,19,21,343.00,"7,203.00"
2019-05-02,2019050201007372,SHIVM,36,43,50,343.00,"17,150.00"
2019-05-02,2019050201007371,SHIVM,36,43,30,343.00,"10,290.00"
2019-05-02,2019050201007370,SHIVM,7,43,20,343.00,"6,860.00"
2019-05-02,2019050201007313,SHIVM,7,43,50,343.00,"17,150.00"
2019-05-02,2019050201006945,SHIVM,36,59,50,344.00,"17,200.00"
2019-05-02,2019050201006943,SHIVM,34,48,10,343.00,"3,430.00"
2019-05-02,2019050201006942,SHIVM,50,48,40,343.00,"13,720.00"
2019-05-02,2019050201006941,SHIVM,50,29,50,343.00,"17,150.00"
2019-05-02,2019050201006901,SHIVM,50,34,60,343.00,"20,580.00"
2019-05-02,2019050201007050,SHIVM,32,38,50,344.00,"17,200.00"
2019-05-02,2019050201007049,SHIVM,32,38,50,344.00,"17,200.00"
2019-05-02,2019050201007035,SHIVM,34,40,80,343.00,"27,440.00"
2019-05-02,2019050201006982,SHIVM,34,48,50,343.00,"17,150.00"
2019-05-02,2019050201006947,SHIVM,36,38,50,344.00,"17,200.00"
2019-05-02,2019050201006946,SHIVM,36,36,50,344.00,"17,200.00"
2019-05-02,2019050201007270,SHIVM,58,33,50,344.00,"17,200.00"
2019-05-02,2019050201007269,SHIVM,58,41,50,344.00,"17,200.00"
2019-05-02,2019050201007239,SHIVM,7,26,190,343.00,"65,170.00"
2019-05-02,2019050201007219,SHIVM,7,19,240,343.00,"82,320.00"
2019-05-02,2019050201007218,SHIVM,34,19,260,343.00,"89,180.00"
2019-05-02,2019050201007095,SHIVM,34,34,100,343.00,"34,300.00"
2019-05-02,2019050201007052,SHL,50,11,100,230.00,"23,000.00"
2019-05-02,2019050201007366,SHPC,48,14,316,272.00,"85,952.00"
2019-05-02,2019050201007365,SHPC,48,14,684,272.00,"186,048.00"
2019-05-02,2019050201007308,SHPC,48,57,223,272.00,"60,656.00"
2019-05-02,2019050201007307,SHPC,48,57,300,273.00,"81,900.00"
2019-05-02,2019050201007306,SHPC,48,57,467,273.00,"127,491.00"
2019-05-02,2019050201007211,SHPC,48,49,28,275.00,"7,700.00"
2019-05-02,2019050201007210,SHPC,48,29,172,274.00,"47,128.00"
2019-05-02,2019050201007148,SHPC,48,29,300,274.00,"82,200.00"
2019-05-02,2019050201007147,SHPC,17,29,500,274.00,"137,000.00"
2019-05-02,2019050201007146,SHPC,48,29,28,274.00,"7,672.00"
2019-05-02,2019050201007078,SHPC,33,49,50,275.00,"13,750.00"
2019-05-02,2019050201007043,SICL,21,45,65,905.00,"58,825.00"
2019-05-02,2019050201007004,SICL,21,45,65,905.00,"58,825.00"
2019-05-02,2019050201007096,SKBBL,58,6,62,"1,029.00","63,798.00"
2019-05-02,2019050201006925,SKBBL,58,1,20,"1,029.00","20,580.00"
2019-05-02,2019050201007331,SLBS,32,32,8,952.00,"7,616.00"
2019-05-02,2019050201007297,SLICL,44,39,70,578.00,"40,460.00"
2019-05-02,2019050201007296,SLICL,44,41,190,577.00,"109,630.00"
2019-05-02,2019050201007255,SLICL,44,8,416,576.00,"239,616.00"
2019-05-02,2019050201006927,SLICL,37,39,30,578.00,"17,340.00"
2019-05-02,2019050201007363,SRBL,38,26,309,256.00,"79,104.00"
2019-05-02,2019050201007362,SRBL,16,26,500,256.00,"128,000.00"
2019-05-02,2019050201007361,SRBL,28,26,500,256.00,"128,000.00"
2019-05-02,2019050201007360,SRBL,52,26,50,256.00,"12,800.00"
2019-05-02,2019050201007359,SRBL,54,26,141,256.00,"36,096.00"
2019-05-02,2019050201007333,SRBL,48,50,30,257.00,"7,710.00"
2019-05-02,2019050201007227,SRBL,54,16,359,256.00,"91,904.00"
2019-05-02,2019050201007226,SRBL,29,16,141,256.00,"36,096.00"
2019-05-02,2019050201007055,SRBL,38,50,500,257.00,"128,500.00"
2019-05-02,2019050201007176,SWBBL,47,47,175,917.00,"160,475.00"
2019-05-02,2019050201007026,UFL,6,13,30,191.00,"5,730.00"
2019-05-02,2019050201007248,UIC,45,41,388,950.00,"368,600.00"
2019-05-02,2019050201007247,UIC,19,41,10,950.00,"9,500.00"
2019-05-02,2019050201007246,UIC,42,41,20,950.00,"19,000.00"
2019-05-02,2019050201007245,UIC,35,41,40,951.00,"38,040.00"
2019-05-02,2019050201007244,UIC,44,41,461,951.00,"438,411.00"
2019-05-02,2019050201007243,UIC,49,41,500,952.00,"476,000.00"
2019-05-02,2019050201007101,UIC,44,35,39,951.00,"37,089.00"
2019-05-02,2019050201007100,UIC,7,35,61,952.00,"58,072.00"
2019-05-02,2019050201007375,UPCL,10,59,70,95.00,"6,650.00"
2019-05-02,2019050201007344,UPCL,10,46,50,95.00,"4,750.00"
2019-05-02,2019050201007323,UPCL,10,59,100,95.00,"9,500.00"
2019-05-02,2019050201007212,UPCL,10,41,100,95.00,"9,500.00"
2019-05-02,2019050201007167,UPCL,10,53,"1,070",95.00,"101,650.00"
2019-05-02,2019050201007072,UPCL,10,26,100,95.00,"9,500.00"
2019-05-02,2019050201006965,UPCL,59,54,100,96.00,"9,600.00"
2019-05-02,2019050201006964,UPCL,59,6,60,96.00,"5,760.00"
2019-05-02,2019050201006971,UPCL,59,47,50,96.00,"4,800.00"
2019-05-02,2019050201006970,UPCL,59,47,50,96.00,"4,800.00"
2019-05-02,2019050201006969,UPCL,59,47,50,96.00,"4,800.00"
2019-05-02,2019050201006968,UPCL,59,6,50,96.00,"4,800.00"
2019-05-02,2019050201006967,UPCL,59,49,180,96.00,"17,280.00"
2019-05-02,2019050201006966,UPCL,59,35,100,96.00,"9,600.00"
2019-05-02,2019050201006979,UPCL,10,41,50,95.00,"4,750.00"
2019-05-02,2019050201006976,UPCL,59,47,50,96.00,"4,800.00"
2019-05-02,2019050201006975,UPCL,59,47,50,96.00,"4,800.00"
2019-05-02,2019050201006974,UPCL,59,47,50,96.00,"4,800.00"
2019-05-02,2019050201006973,UPCL,59,47,50,96.00,"4,800.00"
2019-05-02,2019050201006972,UPCL,59,47,50,96.00,"4,800.00"
2019-05-02,2019050201007266,UPPER,34,26,10,243.00,"2,430.00"
2019-05-02,2019050201007265,UPPER,34,25,50,242.00,"12,100.00"
2019-05-02,2019050201007264,UPPER,34,19,50,242.00,"12,100.00"
2019-05-02,2019050201007263,UPPER,34,19,40,242.00,"9,680.00"
2019-05-02,2019050201006951,UPPER,45,49,40,241.00,"9,640.00"
2019-05-02,2019050201007117,UPPER,17,49,40,241.00,"9,640.00"
2019-05-02,2019050201007089,UPPER,17,49,50,241.00,"12,050.00"
2019-05-02,2019050201007066,UPPER,17,51,50,241.00,"12,050.00"
2019-05-02,2019050201006994,UPPER,17,49,40,241.00,"9,640.00"
2019-05-02,2019050201006978,UPPER,17,49,12,241.00,"2,892.00"
2019-05-02,2019050201006977,UPPER,45,49,38,241.00,"9,158.00"
2019-05-02,2019050201007228,UPPER,17,49,50,241.00,"12,050.00"
2019-05-02,2019050201007189,UPPER,17,4,40,241.00,"9,640.00"
2019-05-02,2019050201007186,UPPER,17,49,50,241.00,"12,050.00"
2019-05-02,2019050201007162,UPPER,17,49,50,241.00,"12,050.00"
2019-05-02,2019050201007150,UPPER,17,49,50,241.00,"12,050.00"
2019-05-02,2019050201007121,UPPER,17,8,200,241.00,"48,200.00"
2019-05-02,2019050201007262,UPPER,34,19,50,242.00,"12,100.00"
2019-05-02,2019050201007261,UPPER,34,19,50,242.00,"12,100.00"
2019-05-02,2019050201007260,UPPER,34,19,40,242.00,"9,680.00"
2019-05-02,2019050201007259,UPPER,34,19,40,242.00,"9,680.00"
2019-05-02,2019050201007258,UPPER,34,19,40,242.00,"9,680.00"
2019-05-02,2019050201007257,UPPER,34,29,300,242.00,"72,600.00"
2019-05-02,2019050201006474,ADBL,50,52,500,385.00,"192,500.00"
2019-05-02,2019050201006473,ADBL,50,29,341,385.00,"131,285.00"
2019-05-02,2019050201006472,ADBL,50,56,200,385.00,"77,000.00"
2019-05-02,2019050201006470,ADBL,19,55,50,384.00,"19,200.00"
2019-05-02,2019050201006469,ADBL,54,55,962,384.00,"369,408.00"
2019-05-02,2019050201006891,AHPC,42,36,200,109.00,"21,800.00"
2019-05-02,2019050201006876,AHPC,48,29,70,110.00,"7,700.00"
2019-05-02,2019050201006875,AHPC,48,42,30,110.00,"3,300.00"
2019-05-02,2019050201006872,AKPL,7,7,295,184.00,"54,280.00"
2019-05-02,2019050201006607,AKPL,7,5,90,184.00,"16,560.00"
2019-05-02,2019050201006606,AKPL,42,5,100,185.00,"18,500.00"
2019-05-02,2019050201006605,AKPL,48,5,23,185.00,"4,255.00"
2019-05-02,2019050201006813,ALBSL,32,38,50,465.00,"23,250.00"
2019-05-02,2019050201006506,ALBSL,36,41,10,465.00,"4,650.00"
2019-05-02,2019050201006505,ALBSL,28,33,10,464.00,"4,640.00"
2019-05-02,2019050201006415,ALBSL,28,36,10,464.00,"4,640.00"
2019-05-02,2019050201006560,ALICL,42,17,400,445.00,"178,000.00"
2019-05-02,2019050201006559,ALICL,40,17,500,446.00,"223,000.00"
2019-05-02,2019050201006458,ALICL,59,36,14,447.00,"6,258.00"
2019-05-02,2019050201006894,API,5,7,20,140.00,"2,800.00"
2019-05-02,2019050201006814,API,45,25,700,139.00,"97,300.00"
2019-05-02,2019050201006789,API,41,25,100,139.00,"13,900.00"
2019-05-02,2019050201006454,API,45,25,"1,000",139.00,"139,000.00"
2019-05-02,2019050201006526,BARUN,1,34,100,94.00,"9,400.00"
2019-05-02,2019050201006464,BARUN,37,16,50,95.00,"4,750.00"
2019-05-02,2019050201006893,BNT,32,43,20,"6,845.00","136,900.00"
2019-05-02,2019050201006757,BOKL,29,22,50,283.00,"14,150.00"
2019-05-02,2019050201006600,BOKL,19,37,208,284.00,"59,072.00"
2019-05-02,2019050201006599,BOKL,19,43,336,284.00,"95,424.00"
2019-05-02,2019050201006582,BOKL,29,43,250,283.00,"70,750.00"
2019-05-02,2019050201006456,BOKL,51,43,200,283.00,"56,600.00"
2019-05-02,2019050201006455,BOKL,33,43,54,283.00,"15,282.00"
2019-05-02,2019050201006898,BPCL,36,36,11,391.00,"4,301.00"
2019-05-02,2019050201006784,BPCL,8,49,"1,000",391.00,"391,000.00"
2019-05-02,2019050201006783,BPCL,8,28,209,391.00,"81,719.00"
2019-05-02,2019050201006782,BPCL,8,59,103,391.00,"40,273.00"
2019-05-02,2019050201006885,CBBL,28,26,100,980.00,"98,000.00"
2019-05-02,2019050201006764,CBBL,56,26,300,980.00,"294,000.00"
2019-05-02,2019050201006749,CBBL,56,26,200,980.00,"196,000.00"
2019-05-02,2019050201006696,CBBL,6,26,130,980.00,"127,400.00"
2019-05-02,2019050201006548,CBBL,51,47,20,984.00,"19,680.00"
2019-05-02,2019050201006417,CBBL,56,37,200,983.00,"196,600.00"
2019-05-02,2019050201006862,CBL,41,42,100,156.00,"15,600.00"
2019-05-02,2019050201006769,CBL,58,1,176,155.00,"27,280.00"
2019-05-02,2019050201006649,CBL,58,32,217,155.00,"33,635.00"
2019-05-02,2019050201006624,CBL,48,42,10,156.00,"1,560.00"
2019-05-02,2019050201006541,CBL,58,22,91,155.00,"14,105.00"
2019-05-02,2019050201006524,CBL,19,42,50,156.00,"7,800.00"
2019-05-02,2019050201006468,CBL,48,42,10,156.00,"1,560.00"
2019-05-02,2019050201006819,CCBL,58,6,553,173.00,"95,669.00"
2019-05-02,2019050201006818,CCBL,57,6,447,173.00,"77,331.00"
2019-05-02,2019050201006684,CCBL,47,48,508,174.00,"88,392.00"
2019-05-02,2019050201006639,CCBL,47,32,273,174.00,"47,502.00"
2019-05-02,2019050201006612,CCBL,47,34,688,174.00,"119,712.00"
2019-05-02,2019050201006611,CCBL,47,34,747,174.00,"129,978.00"
2019-05-02,2019050201006610,CCBL,47,48,280,174.00,"48,720.00"
2019-05-02,2019050201006721,CHCL,4,19,343,578.00,"198,254.00"
2019-05-02,2019050201006720,CHCL,4,17,80,578.00,"46,240.00"
2019-05-02,2019050201006719,CHCL,4,16,150,578.00,"86,700.00"
2019-05-02,2019050201006718,CHCL,4,56,200,577.00,"115,400.00"
2019-05-02,2019050201006717,CHCL,4,4,87,577.00,"50,199.00"
2019-05-02,2019050201006716,CHCL,4,59,300,576.00,"172,800.00"
2019-05-02,2019050201006715,CHCL,4,25,100,576.00,"57,600.00"
2019-05-02,2019050201006714,CHCL,4,45,61,575.00,"35,075.00"
2019-05-02,2019050201006713,CHCL,4,25,100,575.00,"57,500.00"
2019-05-02,2019050201006712,CHCL,4,4,50,575.00,"28,750.00"
2019-05-02,2019050201006711,CHCL,4,10,29,575.00,"16,675.00"
2019-05-02,2019050201006399,CHLBS,14,41,10,496.00,"4,960.00"
2019-05-02,2019050201006419,CMF1,47,17,"1,000",9.66,"9,660.00"
2019-05-02,2019050201006812,CZBIL,48,25,396,226.00,"89,496.00"
2019-05-02,2019050201006777,CZBIL,43,43,500,226.00,"113,000.00"
2019-05-02,2019050201006774,CZBIL,22,25,300,226.00,"67,800.00"
2019-05-02,2019050201006693,CZBIL,45,45,265,225.00,"59,625.00"
2019-05-02,2019050201006450,DBBL,32,54,300,135.00,"40,500.00"
2019-05-02,2019050201006707,DDBL,6,55,118,734.00,"86,612.00"
2019-05-02,2019050201006706,DDBL,6,47,174,734.00,"127,716.00"
2019-05-02,2019050201006686,DHPL,55,7,11,80.00,880.00
2019-05-02,2019050201006874,EBL,59,41,22,658.00,"14,476.00"
2019-05-02,2019050201006873,EBL,59,45,70,658.00,"46,060.00"
2019-05-02,2019050201006723,EBL,45,45,30,658.00,"19,740.00"
2019-05-02,2019050201006439,EBL,49,37,20,659.00,"13,180.00"
2019-05-02,2019050201006640,EIC,46,42,115,472.00,"54,280.00"
2019-05-02,2019050201006449,EIC,41,42,25,473.00,"11,825.00"
2019-05-02,2019050201006701,GBIME,54,32,53,313.00,"16,589.00"
2019-05-02,2019050201006558,GBIME,54,28,500,313.00,"156,500.00"
2019-05-02,2019050201006534,GBIME,54,28,493,313.00,"154,309.00"
2019-05-02,2019050201006533,GBIME,45,28,507,313.00,"158,691.00"
2019-05-02,2019050201006531,GBLBS,36,36,10,367.00,"3,670.00"
2019-05-02,2019050201006457,GBLBS,41,50,14,365.00,"5,110.00"
2019-05-02,2019050201006432,GBLBS,41,36,10,365.00,"3,650.00"
2019-05-02,2019050201006683,GDBL,58,32,50,212.00,"10,600.00"
2019-05-02,2019050201006628,GDBL,58,32,300,210.00,"63,000.00"
2019-05-02,2019050201006567,GDBL,58,32,53,212.00,"11,236.00"
2019-05-02,2019050201006478,GLICL,58,48,95,577.00,"54,815.00"
2019-05-02,2019050201006477,GLICL,58,34,40,576.00,"23,040.00"
2019-05-02,2019050201006476,GLICL,58,34,150,576.00,"86,400.00"
2019-05-02,2019050201006475,GLICL,58,4,200,574.00,"114,800.00"
2019-05-02,2019050201006870,HBL,25,22,100,587.00,"58,700.00"
2019-05-02,2019050201006869,HBL,25,21,70,586.00,"41,020.00"
2019-05-02,2019050201006741,HBL,58,52,236,585.00,"138,060.00"
2019-05-02,2019050201006733,HBL,58,52,64,585.00,"37,440.00"
2019-05-02,2019050201006685,HBL,58,5,50,585.00,"29,250.00"
2019-05-02,2019050201006681,HBL,58,36,530,588.00,"311,640.00"
2019-05-02,2019050201006652,HBL,58,13,60,583.00,"34,980.00"
2019-05-02,2019050201006651,HBL,58,19,100,583.00,"58,300.00"
2019-05-02,2019050201006650,HBL,58,17,30,583.00,"17,490.00"
2019-05-02,2019050201006504,HBL,36,13,15,583.00,"8,745.00"
2019-05-02,2019050201006495,HBL,58,59,150,581.00,"87,150.00"
2019-05-02,2019050201006658,HBL,58,19,200,585.00,"117,000.00"
2019-05-02,2019050201006657,HBL,58,28,100,585.00,"58,500.00"
2019-05-02,2019050201006656,HBL,58,42,458,584.00,"267,472.00"
2019-05-02,2019050201006655,HBL,58,1,58,584.00,"33,872.00"
2019-05-02,2019050201006654,HBL,58,45,200,584.00,"116,800.00"
2019-05-02,2019050201006653,HBL,58,16,180,584.00,"105,120.00"
2019-05-02,2019050201006680,HBL,58,49,500,588.00,"294,000.00"
2019-05-02,2019050201006679,HBL,58,3,400,587.00,"234,800.00"
2019-05-02,2019050201006678,HBL,58,35,100,586.00,"58,600.00"
2019-05-02,2019050201006677,HBL,58,29,20,586.00,"11,720.00"
2019-05-02,2019050201006676,HBL,58,13,50,586.00,"29,300.00"
2019-05-02,2019050201006659,HBL,58,25,500,585.00,"292,500.00"
2019-05-02,2019050201006896,HDL,54,6,10,"1,450.00","14,500.00"
2019-05-02,2019050201006636,HGI,7,38,100,401.00,"40,100.00"
2019-05-02,2019050201006635,HGI,11,38,50,402.00,"20,100.00"
2019-05-02,2019050201006634,HGI,45,38,100,402.00,"40,200.00"
2019-05-02,2019050201006633,HGI,45,38,140,402.00,"56,280.00"
2019-05-02,2019050201006632,HGI,25,38,125,403.00,"50,375.00"
2019-05-02,2019050201006631,HGI,41,38,200,403.00,"80,600.00"
2019-05-02,2019050201006630,HGI,47,38,200,405.00,"81,000.00"
2019-05-02,2019050201006629,HGI,26,38,100,405.00,"40,500.00"
2019-05-02,2019050201006620,HGI,28,41,200,406.00,"81,200.00"
2019-05-02,2019050201006895,HIDCL,34,32,25,142.00,"3,550.00"
2019-05-02,2019050201006668,HIDCL,34,7,61,142.00,"8,662.00"
2019-05-02,2019050201006747,HPPL,1,5,39,184.00,"7,176.00"
2019-05-02,2019050201006503,HPPL,59,5,101,184.00,"18,584.00"
2019-05-02,2019050201006502,HPPL,1,5,20,185.00,"3,700.00"
2019-05-02,2019050201006861,IGI,45,7,50,428.00,"21,400.00"
2019-05-02,2019050201006532,IGI,7,26,10,428.00,"4,280.00"
2019-05-02,2019050201006731,JBBL,59,58,44,142.00,"6,248.00"
2019-05-02,2019050201006625,JBBL,59,46,31,142.00,"4,402.00"
2019-05-02,2019050201006897,JBNL,45,44,500,202.00,"101,000.00"
2019-05-02,2019050201006758,JBNL,41,44,200,202.00,"40,400.00"
2019-05-02,2019050201006574,JBNL,58,25,"1,189",201.00,"238,989.00"
2019-05-02,2019050201006573,JBNL,44,25,500,201.00,"100,500.00"
2019-05-02,2019050201006572,JBNL,58,25,311,201.00,"62,511.00"
2019-05-02,2019050201006557,JBNL,58,16,689,201.00,"138,489.00"
2019-05-02,2019050201006556,JBNL,44,16,311,201.00,"62,511.00"
2019-05-02,2019050201006482,JBNL,44,56,89,201.00,"17,889.00"
2019-05-02,2019050201006481,JBNL,58,56,411,201.00,"82,611.00"
2019-05-02,2019050201006463,JBNL,58,32,600,202.00,"121,200.00"
2019-05-02,2019050201006404,JBNL,58,32,38,201.00,"7,638.00"
2019-05-02,2019050201006484,KBBL,32,29,"1,000",227.00,"227,000.00"
2019-05-02,2019050201006884,KBL,39,32,79,226.00,"17,854.00"
2019-05-02,2019050201006766,KBL,1,43,385,225.00,"86,625.00"
2019-05-02,2019050201006765,KBL,19,43,115,225.00,"25,875.00"
2019-05-02,2019050201006763,KBL,19,14,385,225.00,"86,625.00"
2019-05-02,2019050201006699,KBL,41,22,30,224.00,"6,720.00"
2019-05-02,2019050201006535,KBL,41,17,16,224.00,"3,584.00"
2019-05-02,2019050201006407,KBL,1,14,25,225.00,"5,625.00"
2019-05-02,2019050201006406,KBL,49,14,90,225.00,"20,250.00"
2019-05-02,2019050201006615,KKHC,49,34,619,75.00,"46,425.00"
2019-05-02,2019050201006433,KPCL,59,29,10,92.00,920.00
2019-05-02,2019050201006420,KPCL,59,29,10,92.00,920.00
2019-05-02,2019050201006414,KPCL,59,26,10,92.00,920.00
2019-05-02,2019050201006491,KPCL,59,56,10,92.00,920.00
2019-05-02,2019050201006465,KPCL,59,29,10,92.00,920.00
2019-05-02,2019050201006446,KPCL,59,29,10,92.00,920.00
2019-05-02,2019050201006530,KSBBL,57,56,90,150.00,"13,500.00"
2019-05-02,2019050201006529,KSBBL,57,13,50,150.00,"7,500.00"
2019-05-02,2019050201006528,KSBBL,57,6,120,150.00,"18,000.00"
2019-05-02,2019050201006527,KSBBL,57,17,193,150.00,"28,950.00"
2019-05-02,2019050201006734,LBBL,29,4,215,198.00,"42,570.00"
2019-05-02,2019050201006492,LBBL,29,7,185,198.00,"36,630.00"
2019-05-02,2019050201006462,LBBL,52,46,176,197.00,"34,672.00"
2019-05-02,2019050201006494,LBL,42,28,315,228.00,"71,820.00"
2019-05-02,2019050201006493,LBL,16,28,185,228.00,"42,180.00"
2019-05-02,2019050201006647,LGIL,48,16,160,519.00,"83,040.00"
2019-05-02,2019050201006646,LGIL,13,16,88,519.00,"45,672.00"
2019-05-02,2019050201006645,LGIL,34,16,100,520.00,"52,000.00"
2019-05-02,2019050201006566,LGIL,34,42,100,520.00,"52,000.00"
2019-05-02,2019050201006513,LICN,28,11,50,"1,865.00","93,250.00"
2019-05-02,2019050201006689,LLBS,21,32,24,800.00,"19,200.00"
2019-05-02,2019050201006886,MBL,36,43,500,265.00,"132,500.00"
2019-05-02,2019050201006788,MBL,32,32,"1,000",265.00,"265,000.00"
2019-05-02,2019050201006773,MBL,36,22,50,265.00,"13,250.00"
2019-05-02,2019050201006772,MBL,36,34,300,265.00,"79,500.00"
2019-05-02,2019050201006638,MBL,49,48,346,264.00,"91,344.00"
2019-05-02,2019050201006587,MDB,34,57,173,257.00,"44,461.00"
2019-05-02,2019050201006586,MDB,17,57,250,258.00,"64,500.00"
2019-05-02,2019050201006878,MEGA,38,37,"1,000",184.00,"184,000.00"
2019-05-02,2019050201006730,MEGA,46,32,74,183.00,"13,542.00"
2019-05-02,2019050201006667,MEGA,38,22,1,184.00,184.00
2019-05-02,2019050201006666,MEGA,38,25,999,184.00,"183,816.00"
2019-05-02,2019050201006665,MEGA,38,25,401,184.00,"73,784.00"
2019-05-02,2019050201006578,MEGA,38,58,29,184.00,"5,336.00"
2019-05-02,2019050201006577,MEGA,38,55,420,184.00,"77,280.00"
2019-05-02,2019050201006576,MEGA,38,13,150,184.00,"27,600.00"
2019-05-02,2019050201006568,MEGA,46,17,18,183.00,"3,294.00"
2019-05-02,2019050201006405,MEGA,34,38,"1,000",184.00,"184,000.00"
2019-05-02,2019050201006709,MLBBL,26,11,90,492.00,"44,280.00"
2019-05-02,2019050201006675,MLBL,59,32,18,192.00,"3,456.00"
2019-05-02,2019050201006879,MNBBL,28,58,100,390.00,"39,000.00"
2019-05-02,2019050201006793,MNBBL,47,8,132,387.00,"51,084.00"
2019-05-02,2019050201006792,MNBBL,47,8,168,387.00,"65,016.00"
2019-05-02,2019050201006791,MNBBL,14,8,500,388.00,"194,000.00"
2019-05-02,2019050201006790,MNBBL,40,8,200,388.00,"77,600.00"
2019-05-02,2019050201006688,MSLB,41,54,10,"1,206.00","12,060.00"
2019-05-02,2019050201006670,MSLB,38,54,10,"1,207.00","12,070.00"
2019-05-02,2019050201006510,NABIL,19,14,53,850.00,"45,050.00"
2019-05-02,2019050201006509,NABIL,19,42,447,849.00,"379,503.00"
2019-05-02,2019050201006416,NABIL,59,42,10,849.00,"8,490.00"
2019-05-02,2019050201006780,NABILP,28,59,70,833.00,"58,310.00"
2019-05-02,2019050201006585,NABILP,59,59,10,833.00,"8,330.00"
2019-05-02,2019050201006554,NABILP,17,59,500,830.00,"415,000.00"
2019-05-02,2019050201006403,NADEP,28,56,20,520.00,"10,400.00"
2019-05-02,2019050201006402,NADEP,28,56,20,520.00,"10,400.00"
2019-05-02,2019050201006401,NADEP,28,56,10,520.00,"5,200.00"
2019-05-02,2019050201006787,NBB,44,16,283,229.00,"64,807.00"
2019-05-02,2019050201006786,NBB,43,16,468,229.00,"107,172.00"
2019-05-02,2019050201006785,NBB,53,16,149,230.00,"34,270.00"
2019-05-02,2019050201006759,NBB,53,22,50,230.00,"11,500.00"
2019-05-02,2019050201006700,NBB,53,37,301,230.00,"69,230.00"
2019-05-02,2019050201006687,NBB,53,17,500,230.00,"115,000.00"
2019-05-02,2019050201006637,NBB,22,17,500,230.00,"115,000.00"
2019-05-02,2019050201006623,NBB,43,43,150,229.00,"34,350.00"
2019-05-02,2019050201006622,NBB,28,43,100,229.00,"22,900.00"
2019-05-02,2019050201006515,NBB,28,37,368,231.00,"85,008.00"
2019-05-02,2019050201006514,NBB,28,49,32,231.00,"7,392.00"
2019-05-02,2019050201006445,NBB,28,28,500,229.00,"114,500.00"
2019-05-02,2019050201006756,NBBL,11,1,10,632.00,"6,320.00"
2019-05-02,2019050201006856,NBL,44,25,"2,000",313.00,"626,000.00"
2019-05-02,2019050201006855,NBL,28,25,"1,000",313.00,"313,000.00"
2019-05-02,2019050201006854,NBL,4,25,500,313.00,"156,500.00"
2019-05-02,2019050201006853,NBL,26,25,"1,000",313.00,"313,000.00"
2019-05-02,2019050201006852,NBL,8,25,"1,000",313.00,"313,000.00"
2019-05-02,2019050201006851,NBL,33,25,50,313.00,"15,650.00"
2019-05-02,2019050201006483,NBL,4,17,"1,498",315.00,"471,870.00"
2019-05-02,2019050201006408,NBL,43,29,20,316.00,"6,320.00"
2019-05-02,2019050201006545,NBL,4,17,200,315.00,"63,000.00"
2019-05-02,2019050201006544,NBL,28,17,500,315.00,"157,500.00"
2019-05-02,2019050201006543,NBL,4,17,190,315.00,"59,850.00"
2019-05-02,2019050201006521,NBL,4,17,10,315.00,"3,150.00"
2019-05-02,2019050201006520,NBL,45,17,300,315.00,"94,500.00"
2019-05-02,2019050201006519,NBL,28,17,176,315.00,"55,440.00"
2019-05-02,2019050201006802,NBL,8,56,10,315.00,"3,150.00"
2019-05-02,2019050201006801,NBL,43,56,490,315.00,"154,350.00"
2019-05-02,2019050201006799,NBL,43,33,10,315.00,"3,150.00"
2019-05-02,2019050201006798,NBL,4,33,490,315.00,"154,350.00"
2019-05-02,2019050201006547,NBL,4,17,10,315.00,"3,150.00"
2019-05-02,2019050201006546,NBL,43,17,100,315.00,"31,500.00"
2019-05-02,2019050201006826,NBL,16,25,"1,000",314.00,"314,000.00"
2019-05-02,2019050201006825,NBL,38,25,"2,000",314.00,"628,000.00"
2019-05-02,2019050201006824,NBL,25,25,50,314.00,"15,700.00"
2019-05-02,2019050201006823,NBL,16,25,100,314.00,"31,400.00"
2019-05-02,2019050201006822,NBL,19,25,"1,000",315.00,"315,000.00"
2019-05-02,2019050201006821,NBL,8,25,190,315.00,"59,850.00"
2019-05-02,2019050201006832,NBL,16,25,"1,000",314.00,"314,000.00"
2019-05-02,2019050201006831,NBL,16,25,"1,500",314.00,"471,000.00"
2019-05-02,2019050201006830,NBL,1,25,500,314.00,"157,000.00"
2019-05-02,2019050201006829,NBL,1,25,200,314.00,"62,800.00"
2019-05-02,2019050201006828,NBL,14,25,"1,000",314.00,"314,000.00"
2019-05-02,2019050201006827,NBL,14,25,"1,000",314.00,"314,000.00"
2019-05-02,2019050201006838,NBL,44,25,500,314.00,"157,000.00"
2019-05-02,2019050201006837,NBL,7,25,"1,000",314.00,"314,000.00"
2019-05-02,2019050201006836,NBL,37,25,300,314.00,"94,200.00"
2019-05-02,2019050201006835,NBL,49,25,"1,500",314.00,"471,000.00"
2019-05-02,2019050201006834,NBL,42,25,100,314.00,"31,400.00"
2019-05-02,2019050201006833,NBL,28,25,"1,000",314.00,"314,000.00"
2019-05-02,2019050201006844,NBL,28,25,"1,000",313.00,"313,000.00"
2019-05-02,2019050201006843,NBL,4,25,"2,000",313.00,"626,000.00"
2019-05-02,2019050201006842,NBL,5,25,50,313.00,"15,650.00"
2019-05-02,2019050201006841,NBL,1,25,"1,000",314.00,"314,000.00"
2019-05-02,2019050201006840,NBL,57,25,"1,000",314.00,"314,000.00"
2019-05-02,2019050201006839,NBL,7,25,"1,000",314.00,"314,000.00"
2019-05-02,2019050201006850,NBL,33,25,50,313.00,"15,650.00"
2019-05-02,2019050201006849,NBL,43,25,"1,000",313.00,"313,000.00"
2019-05-02,2019050201006848,NBL,50,25,300,313.00,"93,900.00"
2019-05-02,2019050201006847,NBL,38,25,"2,000",313.00,"626,000.00"
2019-05-02,2019050201006846,NBL,46,25,500,313.00,"156,500.00"
2019-05-02,2019050201006845,NBL,1,25,500,313.00,"156,500.00"
2019-05-02,2019050201006815,NCCB,49,37,100,237.00,"23,700.00"
2019-05-02,2019050201006673,NCCB,19,37,20,237.00,"4,740.00"
2019-05-02,2019050201006660,NCCB,32,14,150,236.00,"35,400.00"
2019-05-02,2019050201006602,NCCB,19,37,"1,000",237.00,"237,000.00"
2019-05-02,2019050201006591,NCCB,32,37,"1,000",237.00,"237,000.00"
2019-05-02,2019050201006776,NEF,52,7,314,8.46,"2,656.44"
2019-05-02,2019050201006775,NEF,17,7,"2,000",8.48,"16,960.00"
2019-05-02,2019050201006692,NEF,41,7,100,8.63,863.00
2019-05-02,2019050201006447,NGPL,50,32,11,120.00,"1,320.00"
2019-05-02,2019050201006480,NHPC,17,35,"1,300",71.00,"92,300.00"
2019-05-02,2019050201006466,NHPC,56,17,10,70.00,700.00
2019-05-02,2019050201006871,NIB,37,37,8,563.00,"4,504.00"
2019-05-02,2019050201006743,NIB,26,52,50,566.00,"28,300.00"
2019-05-02,2019050201006703,NIB,22,38,300,564.00,"169,200.00"
2019-05-02,2019050201006674,NIB,21,52,233,566.00,"131,878.00"
2019-05-02,2019050201006584,NIB,21,32,211,564.00,"119,004.00"
2019-05-02,2019050201006518,NIB,21,49,12,564.00,"6,768.00"
2019-05-02,2019050201006517,NIB,35,49,38,564.00,"21,432.00"
2019-05-02,2019050201006448,NIB,19,22,51,565.00,"28,815.00"
2019-05-02,2019050201006411,NIB,19,10,19,565.00,"10,735.00"
2019-05-02,2019050201006410,NIB,28,10,11,565.00,"6,215.00"
2019-05-02,2019050201006880,NICA,17,47,80,493.00,"39,440.00"
2019-05-02,2019050201006860,NICA,17,5,788,493.00,"388,484.00"
2019-05-02,2019050201006859,NICA,17,43,132,493.00,"65,076.00"
2019-05-02,2019050201006746,NICA,28,52,500,492.00,"246,000.00"
2019-05-02,2019050201006745,NICA,28,17,39,492.00,"19,188.00"
2019-05-02,2019050201006744,NICA,28,6,100,491.00,"49,100.00"
2019-05-02,2019050201006702,NICA,45,17,30,492.00,"14,760.00"
2019-05-02,2019050201006626,NICA,58,17,431,492.00,"212,052.00"
2019-05-02,2019050201006525,NICA,58,6,110,492.00,"54,120.00"
2019-05-02,2019050201006486,NICA,36,5,13,493.00,"6,409.00"
2019-05-02,2019050201006479,NICA,58,10,159,492.00,"78,228.00"
2019-05-02,2019050201006796,NICGF,10,56,"10,250",9.85,"100,962.50"
2019-05-02,2019050201006595,NICL,20,57,100,405.00,"40,500.00"
2019-05-02,2019050201006892,NIL,51,40,50,528.00,"26,400.00"
2019-05-02,2019050201006760,NIL,10,48,300,529.00,"158,700.00"
2019-05-02,2019050201006663,NIL,26,48,200,529.00,"105,800.00"
2019-05-02,2019050201006804,NLBBL,32,22,200,502.00,"100,400.00"
2019-05-02,2019050201006771,NLBBL,47,44,80,503.00,"40,240.00"
2019-05-02,2019050201006770,NLBBL,47,55,20,502.00,"10,040.00"
2019-05-02,2019050201006754,NLBBL,14,50,50,500.00,"25,000.00"
2019-05-02,2019050201006811,NLIC,34,34,200,"1,001.00","200,200.00"
2019-05-02,2019050201006808,NLIC,34,57,120,"1,001.00","120,120.00"
2019-05-02,2019050201006807,NLIC,43,57,50,"1,001.00","50,050.00"
2019-05-02,2019050201006806,NLIC,6,57,19,"1,001.00","19,019.00"
2019-05-02,2019050201006805,NLIC,56,57,11,"1,002.00","11,022.00"
2019-05-02,2019050201006803,NLIC,56,14,20,"1,002.00","20,040.00"
2019-05-02,2019050201006497,NLIC,6,41,47,"1,001.00","47,047.00"
2019-05-02,2019050201006496,NLIC,56,41,62,"1,001.00","62,062.00"
2019-05-02,2019050201006488,NLIC,56,22,138,"1,001.00","138,138.00"
2019-05-02,2019050201006487,NLIC,49,22,362,"1,001.00","362,362.00"
2019-05-02,2019050201006604,NLIC,56,32,28,"1,002.00","28,056.00"
2019-05-02,2019050201006603,NLIC,26,32,41,"1,002.00","41,082.00"
2019-05-02,2019050201006581,NLIC,26,52,49,"1,002.00","49,098.00"
2019-05-02,2019050201006580,NLIC,26,55,10,"1,002.00","10,020.00"
2019-05-02,2019050201006542,NLIC,6,41,17,"1,001.00","17,017.00"
2019-05-02,2019050201006522,NLIC,6,41,17,"1,001.00","17,017.00"
2019-05-02,2019050201006889,NLICL,59,14,380,672.00,"255,360.00"
2019-05-02,2019050201006537,NLICL,59,48,120,672.00,"80,640.00"
2019-05-02,2019050201006536,NLICL,59,48,30,672.00,"20,160.00"
2019-05-02,2019050201006512,NLICL,41,54,30,675.00,"20,250.00"
2019-05-02,2019050201006511,NLICL,41,1,150,674.00,"101,100.00"
2019-05-02,2019050201006890,NMB,49,5,300,383.00,"114,900.00"
2019-05-02,2019050201006794,NMB,43,5,100,383.00,"38,300.00"
2019-05-02,2019050201006755,NMB,16,56,63,382.00,"24,066.00"
2019-05-02,2019050201006722,NMB,57,43,300,382.00,"114,600.00"
2019-05-02,2019050201006619,NMB,37,43,100,382.00,"38,200.00"
2019-05-02,2019050201006618,NMB,14,43,500,382.00,"191,000.00"
2019-05-02,2019050201006617,NMB,54,43,50,382.00,"19,100.00"
2019-05-02,2019050201006616,NMB,41,43,50,382.00,"19,100.00"
2019-05-02,2019050201006597,NMB,41,43,950,382.00,"362,900.00"
2019-05-02,2019050201006596,NMB,42,43,50,382.00,"19,100.00"
2019-05-02,2019050201006858,NMBMF,56,43,29,980.00,"28,420.00"
2019-05-02,2019050201006740,NMFBS,39,44,33,"1,701.00","56,133.00"
2019-05-02,2019050201006428,NNLB,43,29,500,443.00,"221,500.00"
2019-05-02,2019050201006671,NSEWA,11,32,20,490.00,"9,800.00"
2019-05-02,2019050201006440,NUBL,26,37,500,880.00,"440,000.00"
2019-05-02,2019050201006863,PCBL,52,34,500,355.00,"177,500.00"
2019-05-02,2019050201006857,PCBL,52,6,470,355.00,"166,850.00"
2019-05-02,2019050201006691,PCBL,19,6,30,355.00,"10,650.00"
2019-05-02,2019050201006613,PCBL,41,59,200,354.00,"70,800.00"
2019-05-02,2019050201006601,PCBL,41,6,395,354.00,"139,830.00"
2019-05-02,2019050201006729,PIC,7,18,26,"1,090.00","28,340.00"
2019-05-02,2019050201006588,PIC,7,19,137,"1,090.00","149,330.00"
2019-05-02,2019050201006442,PLIC,38,36,114,499.00,"56,886.00"
2019-05-02,2019050201006441,PLIC,38,14,186,499.00,"92,814.00"
2019-05-02,2019050201006431,PLIC,4,14,14,499.00,"6,986.00"
2019-05-02,2019050201006430,PLIC,4,18,200,499.00,"99,800.00"
2019-05-02,2019050201006429,PLIC,4,28,86,498.00,"42,828.00"
2019-05-02,2019050201006817,PRIN,42,5,18,431.00,"7,758.00"
2019-05-02,2019050201006816,PRIN,16,5,32,431.00,"13,792.00"
2019-05-02,2019050201006732,PRIN,16,16,100,431.00,"43,100.00"
2019-05-02,2019050201006461,PRIN,16,28,238,431.00,"102,578.00"
2019-05-02,2019050201006427,PRIN,42,28,"1,000",432.00,"432,000.00"
2019-05-02,2019050201006426,PRIN,49,28,62,432.00,"26,784.00"
2019-05-02,2019050201006425,PRIN,20,28,500,433.00,"216,500.00"
2019-05-02,2019050201006424,PRIN,33,28,100,434.00,"43,400.00"
2019-05-02,2019050201006423,PRIN,33,28,100,434.00,"43,400.00"
2019-05-02,2019050201006550,PRVU,58,26,110,286.00,"31,460.00"
2019-05-02,2019050201006549,PRVU,35,26,10,287.00,"2,870.00"
2019-05-02,2019050201006453,PRVU,58,28,200,286.00,"57,200.00"
2019-05-02,2019050201006452,PRVU,39,28,200,287.00,"57,400.00"
2019-05-02,2019050201006778,RHPC,1,38,100,97.00,"9,700.00"
2019-05-02,2019050201006490,RHPC,1,7,50,97.00,"4,850.00"
2019-05-02,2019050201006865,RLFL,52,58,"1,000",119.00,"119,000.00"
2019-05-02,2019050201006864,RLFL,32,58,"1,771",120.00,"212,520.00"
2019-05-02,2019050201006664,RLFL,32,48,209,120.00,"25,080.00"
2019-05-02,2019050201006409,RMDC,19,53,421,665.00,"279,965.00"
2019-05-02,2019050201006627,SADBL,14,29,20,153.00,"3,060.00"
2019-05-02,2019050201006552,SADBL,50,29,"1,000",153.00,"153,000.00"
2019-05-02,2019050201006797,SANIMA,28,28,200,356.00,"71,200.00"
2019-05-02,2019050201006761,SANIMA,41,28,100,356.00,"35,600.00"
2019-05-02,2019050201006742,SANIMA,49,28,80,356.00,"28,480.00"
2019-05-02,2019050201006739,SANIMA,41,43,50,355.00,"17,750.00"
2019-05-02,2019050201006724,SANIMA,41,43,200,355.00,"71,000.00"
2019-05-02,2019050201006570,SANIMA,49,8,57,356.00,"20,292.00"
2019-05-02,2019050201006538,SANIMA,49,22,50,356.00,"17,800.00"
2019-05-02,2019050201006523,SANIMA,49,26,100,356.00,"35,600.00"
2019-05-02,2019050201006435,SANIMA,49,58,593,356.00,"211,108.00"
2019-05-02,2019050201006434,SANIMA,54,58,10,356.00,"3,560.00"
2019-05-02,2019050201006436,SBBLJ,18,46,848,196.00,"166,208.00"
2019-05-02,2019050201006887,SBI,57,32,21,485.00,"10,185.00"
2019-05-02,2019050201006708,SBI,57,5,50,485.00,"24,250.00"
2019-05-02,2019050201006589,SBI,57,14,50,485.00,"24,250.00"
2019-05-02,2019050201006810,SBL,28,45,87,347.00,"30,189.00"
2019-05-02,2019050201006710,SBL,4,29,20,346.00,"6,920.00"
2019-05-02,2019050201006705,SBL,4,1,"1,409",346.00,"487,514.00"
2019-05-02,2019050201006704,SBL,4,1,41,346.00,"14,186.00"
2019-05-02,2019050201006614,SBL,4,21,236,346.00,"81,656.00"
2019-05-02,2019050201006444,SBL,43,45,20,347.00,"6,940.00"
2019-05-02,2019050201006877,SCB,44,11,32,700.00,"22,400.00"
2019-05-02,2019050201006752,SCB,41,11,48,700.00,"33,600.00"
2019-05-02,2019050201006751,SCB,41,6,20,700.00,"14,000.00"
2019-05-02,2019050201006750,SCB,41,6,32,697.00,"22,304.00"
2019-05-02,2019050201006698,SCB,45,6,20,697.00,"13,940.00"
2019-05-02,2019050201006697,SCB,11,6,48,697.00,"33,456.00"
2019-05-02,2019050201006564,SCB,11,59,100,697.00,"69,700.00"
2019-05-02,2019050201006555,SCB,11,56,20,697.00,"13,940.00"
2019-05-02,2019050201006727,SDESI,43,38,23,642.00,"14,766.00"
2019-05-02,2019050201006726,SDESI,4,38,270,643.00,"173,610.00"
2019-05-02,2019050201006725,SDESI,52,38,10,644.00,"6,440.00"
2019-05-02,2019050201006800,SHIVM,50,28,150,344.00,"51,600.00"
2019-05-02,2019050201006738,SHIVM,50,59,10,344.00,"3,440.00"
2019-05-02,2019050201006737,SHIVM,50,16,300,344.00,"103,200.00"
2019-05-02,2019050201006736,SHIVM,50,59,10,344.00,"3,440.00"
2019-05-02,2019050201006735,SHIVM,50,26,30,344.00,"10,320.00"
2019-05-02,2019050201006644,SHIVM,34,26,20,344.00,"6,880.00"
2019-05-02,2019050201006413,SHIVM,21,34,50,344.00,"17,200.00"
2019-05-02,2019050201006412,SHIVM,21,51,50,344.00,"17,200.00"
2019-05-02,2019050201006643,SHIVM,34,57,80,344.00,"27,520.00"
2019-05-02,2019050201006609,SHIVM,6,57,50,344.00,"17,200.00"
2019-05-02,2019050201006608,SHIVM,6,34,450,344.00,"154,800.00"
2019-05-02,2019050201006451,SHIVM,50,21,50,343.00,"17,150.00"
2019-05-02,2019050201006438,SHIVM,50,8,200,343.00,"68,600.00"
2019-05-02,2019050201006437,SHIVM,7,8,100,343.00,"34,300.00"
2019-05-02,2019050201006781,SHL,19,17,100,232.00,"23,200.00"
2019-05-02,2019050201006768,SHPC,48,49,50,275.00,"13,750.00"
2019-05-02,2019050201006694,SHPC,48,49,50,275.00,"13,750.00"
2019-05-02,2019050201006672,SHPC,26,49,200,275.00,"55,000.00"
2019-05-02,2019050201006598,SHPC,48,46,22,274.00,"6,028.00"
2019-05-02,2019050201006563,SHPC,48,49,40,275.00,"11,000.00"
2019-05-02,2019050201006562,SHPC,48,5,60,274.00,"16,440.00"
2019-05-02,2019050201006516,SHPC,48,46,22,273.00,"6,006.00"
2019-05-02,2019050201006467,SHPC,48,5,50,274.00,"13,700.00"
2019-05-02,2019050201006443,SHPC,48,49,50,275.00,"13,750.00"
2019-05-02,2019050201006418,SHPC,48,32,11,273.00,"3,003.00"
2019-05-02,2019050201006648,SIC,33,50,34,"1,355.00","46,070.00"
2019-05-02,2019050201006400,SIC,33,52,16,"1,355.00","21,680.00"
2019-05-02,2019050201006866,SICL,58,6,123,906.00,"111,438.00"
2019-05-02,2019050201006753,SICL,21,34,100,905.00,"90,500.00"
2019-05-02,2019050201006641,SICL,21,49,170,905.00,"153,850.00"
2019-05-02,2019050201006471,SICL,40,6,77,906.00,"69,762.00"
2019-05-02,2019050201006767,SKBBL,58,19,10,"1,029.00","10,290.00"
2019-05-02,2019050201006762,SKBBL,44,19,781,"1,030.00","804,430.00"
2019-05-02,2019050201006695,SKBBL,44,5,19,"1,030.00","19,570.00"
2019-05-02,2019050201006669,SKBBL,44,45,195,"1,030.00","200,850.00"
2019-05-02,2019050201006594,SKBBL,44,55,190,"1,035.00","196,650.00"
2019-05-02,2019050201006593,SKBBL,44,49,74,"1,035.00","76,590.00"
2019-05-02,2019050201006592,SKBBL,44,44,140,"1,034.00","144,760.00"
2019-05-02,2019050201006579,SKBBL,11,47,85,"1,033.00","87,805.00"
2019-05-02,2019050201006690,SLBSL,8,56,10,633.00,"6,330.00"
2019-05-02,2019050201006888,SLICL,44,16,722,571.00,"412,262.00"
2019-05-02,2019050201006795,SLICL,44,58,577,577.00,"332,929.00"
2019-05-02,2019050201006779,SLICL,55,5,200,575.00,"115,000.00"
2019-05-02,2019050201006748,SLICL,44,7,332,572.00,"189,904.00"
2019-05-02,2019050201006809,SRBL,43,33,"1,000",257.00,"257,000.00"
2019-05-02,2019050201006590,SRBL,29,59,300,256.00,"76,800.00"
2019-05-02,2019050201006682,SWBBL,40,58,32,920.00,"29,440.00"
2019-05-02,2019050201006508,SWBBL,40,58,25,920.00,"23,000.00"
2019-05-02,2019050201006501,SWBBL,40,17,100,920.00,"92,000.00"
2019-05-02,2019050201006500,SWBBL,40,55,83,920.00,"76,360.00"
2019-05-02,2019050201006499,SWBBL,40,50,10,918.00,"9,180.00"
2019-05-02,2019050201006498,SWBBL,40,34,50,917.00,"45,850.00"
2019-05-02,2019050201006460,SWBBL,33,34,50,917.00,"45,850.00"
2019-05-02,2019050201006868,UIC,7,57,39,952.00,"37,128.00"
2019-05-02,2019050201006867,UIC,7,57,31,955.00,"29,605.00"
2019-05-02,2019050201006662,UIC,44,4,100,964.00,"96,400.00"
2019-05-02,2019050201006661,UIC,44,20,300,961.00,"288,300.00"
2019-05-02,2019050201006507,UIC,7,58,200,955.00,"191,000.00"
2019-05-02,2019050201006422,UIC,7,16,69,955.00,"65,895.00"
2019-05-02,2019050201006421,UIC,29,16,100,955.00,"95,500.00"
2019-05-02,2019050201006883,UPCL,10,32,50,95.00,"4,750.00"
2019-05-02,2019050201006881,UPCL,10,46,50,95.00,"4,750.00"
2019-05-02,2019050201006642,UPCL,10,26,100,95.00,"9,500.00"
2019-05-02,2019050201006621,UPCL,10,26,100,95.00,"9,500.00"
2019-05-02,2019050201006571,UPCL,1,6,10,96.00,960.00
2019-05-02,2019050201006539,UPCL,10,22,50,95.00,"4,750.00"
2019-05-02,2019050201006459,UPCL,10,47,600,95.00,"57,000.00"
2019-05-02,2019050201006882,UPPER,45,5,40,241.00,"9,640.00"
2019-05-02,2019050201006820,UPPER,45,46,50,241.00,"12,050.00"
2019-05-02,2019050201006728,UPPER,45,49,50,241.00,"12,050.00"
2019-05-02,2019050201006583,UPPER,45,42,50,241.00,"12,050.00"
2019-05-02,2019050201006575,UPPER,45,46,40,241.00,"9,640.00"
2019-05-02,2019050201006489,UPPER,45,46,50,241.00,"12,050.00"
2019-05-02,2019050201006485,UPPER,45,36,40,241.00,"9,640.00"
2019-05-02,2019050201006569,UPPER,45,22,40,241.00,"9,640.00"
2019-05-02,2019050201006565,UPPER,45,42,50,241.00,"12,050.00"
2019-05-02,2019050201006561,UPPER,36,28,40,242.00,"9,680.00"
2019-05-02,2019050201006553,UPPER,45,46,40,241.00,"9,640.00"
2019-05-02,2019050201006551,UPPER,19,28,10,242.00,"2,420.00"
2019-05-02,2019050201006540,UPPER,45,42,50,241.00,"12,050.00"
2019-05-02,2019050201006297,ADBL,54,58,38,384.00,"14,592.00"
2019-05-02,2019050201006296,ADBL,19,58,162,384.00,"62,208.00"
2019-05-02,2019050201006273,ADBL,54,29,106,385.00,"40,810.00"
2019-05-02,2019050201006272,ADBL,54,34,50,385.00,"19,250.00"
2019-05-02,2019050201006271,ADBL,54,14,500,385.00,"192,500.00"
2019-05-02,2019050201006270,ADBL,54,48,344,385.00,"132,440.00"
2019-05-02,2019050201006097,ADBL,19,22,70,384.00,"26,880.00"
2019-05-02,2019050201005954,ADBL,19,5,168,384.00,"64,512.00"
2019-05-02,2019050201005953,ADBL,19,5,210,384.00,"80,640.00"
2019-05-02,2019050201006336,AHPC,39,26,605,108.00,"65,340.00"
2019-05-02,2019050201006286,AHPC,39,32,500,109.00,"54,500.00"
2019-05-02,2019050201005930,AHPC,1,45,200,108.00,"21,600.00"
2019-05-02,2019050201006010,AKJCL,8,41,10,81.00,810.00
2019-05-02,2019050201006009,AKJCL,8,49,20,81.00,"1,620.00"
2019-05-02,2019050201006214,ALBSL,28,56,10,464.00,"4,640.00"
2019-05-02,2019050201006194,ALBSL,28,56,10,464.00,"4,640.00"
2019-05-02,2019050201006177,ALBSL,28,56,10,464.00,"4,640.00"
2019-05-02,2019050201006136,ALBSL,28,56,10,464.00,"4,640.00"
2019-05-02,2019050201006106,ALBSL,28,56,10,464.00,"4,640.00"
2019-05-02,2019050201006091,ALBSL,32,56,10,465.00,"4,650.00"
2019-05-02,2019050201005993,ALBSL,47,56,10,465.00,"4,650.00"
2019-05-02,2019050201005970,ALBSL,14,56,10,465.00,"4,650.00"
2019-05-02,2019050201005968,ALBSL,14,25,10,465.00,"4,650.00"
2019-05-02,2019050201005955,ALBSL,14,56,10,465.00,"4,650.00"
2019-05-02,2019050201005945,ALBSL,14,56,10,465.00,"4,650.00"
2019-05-02,2019050201005921,ALBSL,14,56,10,465.00,"4,650.00"
2019-05-02,2019050201006076,ALBSL,32,56,10,465.00,"4,650.00"
2019-05-02,2019050201006063,ALBSL,32,56,10,465.00,"4,650.00"
2019-05-02,2019050201006046,ALBSL,32,56,10,465.00,"4,650.00"
2019-05-02,2019050201006022,ALBSL,47,56,10,465.00,"4,650.00"
2019-05-02,2019050201006012,ALBSL,47,19,10,465.00,"4,650.00"
2019-05-02,2019050201006007,ALBSL,47,56,10,465.00,"4,650.00"
2019-05-02,2019050201006359,ALICL,40,36,153,447.00,"68,391.00"
2019-05-02,2019050201006354,API,45,35,812,138.00,"112,056.00"
2019-05-02,2019050201006353,API,6,35,32,138.00,"4,416.00"
2019-05-02,2019050201006364,BOKL,33,42,56,283.00,"15,848.00"
2019-05-02,2019050201006356,BOKL,33,53,20,283.00,"5,660.00"
2019-05-02,2019050201006251,BOKL,33,43,250,283.00,"70,750.00"
2019-05-02,2019050201006176,BOKL,33,41,50,283.00,"14,150.00"
2019-05-02,2019050201005939,BOKL,50,43,30,284.00,"8,520.00"
2019-05-02,2019050201006090,BPCL,8,49,"1,000",391.00,"391,000.00"
2019-05-02,2019050201005998,BPCL,43,49,657,390.00,"256,230.00"
2019-05-02,2019050201005973,BPCL,43,49,243,390.00,"94,770.00"
2019-05-02,2019050201005972,BPCL,43,58,924,390.00,"360,360.00"
2019-05-02,2019050201005971,BPCL,43,49,33,390.00,"12,870.00"
2019-05-02,2019050201005957,BPCL,43,49,956,390.00,"372,840.00"
2019-05-02,2019050201005956,BPCL,43,1,44,388.00,"17,072.00"
2019-05-02,2019050201006338,CBBL,58,37,200,983.00,"196,600.00"
2019-05-02,2019050201006239,CBBL,56,6,100,980.00,"98,000.00"
2019-05-02,2019050201006238,CBBL,56,35,150,979.00,"146,850.00"
2019-05-02,2019050201006237,CBBL,56,39,50,977.00,"48,850.00"
2019-05-02,2019050201006140,CBBL,56,34,100,974.00,"97,400.00"
2019-05-02,2019050201006139,CBBL,56,47,20,970.00,"19,400.00"
2019-05-02,2019050201006138,CBBL,56,46,19,970.00,"18,430.00"
2019-05-02,2019050201006085,CBBL,6,38,30,968.00,"29,040.00"
2019-05-02,2019050201005946,CBBL,45,40,100,967.00,"96,700.00"
2019-05-02,2019050201006184,CBBL,56,40,300,977.00,"293,100.00"
2019-05-02,2019050201006183,CBBL,56,57,300,975.00,"292,500.00"
2019-05-02,2019050201006143,CBBL,56,4,100,975.00,"97,500.00"
2019-05-02,2019050201006142,CBBL,56,4,300,975.00,"292,500.00"
2019-05-02,2019050201006141,CBBL,56,26,700,974.00,"681,800.00"
2019-05-02,2019050201006367,CBL,48,42,10,156.00,"1,560.00"
2019-05-02,2019050201006339,CBL,58,43,"2,000",155.00,"310,000.00"
2019-05-02,2019050201006167,CBL,48,42,500,156.00,"78,000.00"
2019-05-02,2019050201006111,CBL,58,32,435,155.00,"67,425.00"
2019-05-02,2019050201006065,CBL,58,45,650,155.00,"100,750.00"
2019-05-02,2019050201005960,CBL,48,42,"1,510",156.00,"235,560.00"
2019-05-02,2019050201005959,CBL,48,48,490,156.00,"76,440.00"
2019-05-02,2019050201005923,CBL,58,22,400,155.00,"62,000.00"
2019-05-02,2019050201005915,CBL,48,48,10,156.00,"1,560.00"
2019-05-02,2019050201006327,CCBL,45,48,700,174.00,"121,800.00"
2019-05-02,2019050201006098,CCBL,57,32,528,173.00,"91,344.00"
2019-05-02,2019050201006050,CCBL,44,48,20,174.00,"3,480.00"
2019-05-02,2019050201006016,CCBL,58,58,67,175.00,"11,725.00"
2019-05-02,2019050201006015,CCBL,58,11,33,174.00,"5,742.00"
2019-05-02,2019050201005969,CHCL,4,4,200,572.00,"114,400.00"
2019-05-02,2019050201005920,CHCL,4,32,146,570.00,"83,220.00"
2019-05-02,2019050201005919,CHCL,4,32,100,570.00,"57,000.00"
2019-05-02,2019050201005918,CHCL,4,32,200,572.00,"114,400.00"
2019-05-02,2019050201006337,CHLBS,14,26,10,496.00,"4,960.00"
2019-05-02,2019050201006388,CZBIL,52,56,100,224.00,"22,400.00"
2019-05-02,2019050201006318,CZBIL,47,43,200,225.00,"45,000.00"
2019-05-02,2019050201006317,CZBIL,59,43,169,225.00,"38,025.00"
2019-05-02,2019050201006303,CZBIL,59,34,331,225.00,"74,475.00"
2019-05-02,2019050201006302,CZBIL,45,34,669,225.00,"150,525.00"
2019-05-02,2019050201006208,CZBIL,45,10,672,225.00,"151,200.00"
2019-05-02,2019050201006316,DDBL,50,44,500,733.00,"366,500.00"
2019-05-02,2019050201006101,DDBL,45,16,200,725.00,"145,000.00"
2019-05-02,2019050201006100,DDBL,20,16,100,726.00,"72,600.00"
2019-05-02,2019050201006099,DDBL,20,16,200,726.00,"145,200.00"
2019-05-02,2019050201006027,DDBL,26,44,100,730.00,"73,000.00"
2019-05-02,2019050201006377,EBL,42,59,150,656.00,"98,400.00"
2019-05-02,2019050201006250,EBL,42,25,100,656.00,"65,600.00"
2019-05-02,2019050201006249,EBL,36,25,200,657.00,"131,400.00"
2019-05-02,2019050201006248,EBL,45,25,50,657.00,"32,850.00"
2019-05-02,2019050201006247,EBL,52,25,60,657.00,"39,420.00"
2019-05-02,2019050201006246,EBL,46,25,50,657.00,"32,850.00"
2019-05-02,2019050201006245,EBL,38,25,40,657.00,"26,280.00"
2019-05-02,2019050201006137,EBL,38,32,50,657.00,"32,850.00"
2019-05-02,2019050201005966,EBL,17,37,450,659.00,"296,550.00"
2019-05-02,2019050201006274,EIC,43,42,50,473.00,"23,650.00"
2019-05-02,2019050201006204,EIC,46,42,20,472.00,"9,440.00"
2019-05-02,2019050201006062,EIC,1,42,25,473.00,"11,825.00"
2019-05-02,2019050201005991,EIC,46,5,30,472.00,"14,160.00"
2019-05-02,2019050201005990,EIC,46,5,35,472.00,"16,520.00"
2019-05-02,2019050201006398,FMDBL,56,17,500,430.00,"215,000.00"
2019-05-02,2019050201006397,FMDBL,36,17,200,431.00,"86,200.00"
2019-05-02,2019050201006396,FMDBL,51,17,50,431.00,"21,550.00"
2019-05-02,2019050201006243,FMDBL,51,42,450,431.00,"193,950.00"
2019-05-02,2019050201006242,FMDBL,32,42,50,432.00,"21,600.00"
2019-05-02,2019050201006234,FMDBL,36,41,100,433.00,"43,300.00"
2019-05-02,2019050201006125,FMDBL,33,32,35,434.00,"15,190.00"
2019-05-02,2019050201006115,FMDBL,33,32,25,434.00,"10,850.00"
2019-05-02,2019050201006325,GBBL,38,22,370,220.00,"81,400.00"
2019-05-02,2019050201006324,GBBL,38,22,110,220.00,"24,200.00"
2019-05-02,2019050201006323,GBBL,38,22,230,220.00,"50,600.00"
2019-05-02,2019050201006322,GBBL,38,22,225,220.00,"49,500.00"
2019-05-02,2019050201006321,GBBL,38,22,220,220.00,"48,400.00"
