Date,Transact. No.,Symbol,Buyer,Seller,Quantity,Rate,Amount
2019-01-08,2019010801003557,ADBL,14,43,526,349.00,"183,574.00"
2019-01-08,2019010801003087,ADBL,26,43,200,349.00,"69,800.00"
2019-01-08,2019010801003079,ADBL,45,49,50,349.00,"17,450.00"
2019-01-08,2019010801003299,ADBL,38,38,49,348.00,"17,052.00"
2019-01-08,2019010801003183,ADBL,56,43,820,348.00,"285,360.00"
2019-01-08,2019010801003178,ADBL,10,43,309,349.00,"107,841.00"
2019-01-08,2019010801003422,AKJCL,10,10,10,95.00,950.00
2019-01-08,2019010801003194,AKJCL,48,34,10,94.00,940.00
2019-01-08,2019010801003193,AKJCL,48,34,10,94.00,940.00
2019-01-08,2019010801003192,AKJCL,48,34,10,94.00,940.00
2019-01-08,2019010801003191,AKJCL,48,34,10,94.00,940.00
2019-01-08,2019010801003190,AKJCL,48,34,10,94.00,940.00
2019-01-08,2019010801003189,AKJCL,48,34,20,94.00,"1,880.00"
2019-01-08,2019010801003355,AKPL,58,41,59,184.00,"10,856.00"
2019-01-08,2019010801003202,ALICL,49,44,100,615.00,"61,500.00"
2019-01-08,2019010801003435,AMFI,1,18,10,760.00,"7,600.00"
2019-01-08,2019010801003562,API,5,57,500,152.00,"76,000.00"
2019-01-08,2019010801003454,API,55,57,482,152.00,"73,264.00"
2019-01-08,2019010801003429,API,53,57,20,152.00,"3,040.00"
2019-01-08,2019010801003390,API,25,57,50,152.00,"7,600.00"
2019-01-08,2019010801003360,API,45,47,27,151.00,"4,077.00"
2019-01-08,2019010801003265,API,25,57,50,152.00,"7,600.00"
2019-01-08,2019010801003167,API,28,13,200,151.00,"30,200.00"
2019-01-08,2019010801003166,API,20,13,500,151.00,"75,500.00"
2019-01-08,2019010801003252,API,7,57,70,150.00,"10,500.00"
2019-01-08,2019010801003251,API,41,57,100,150.00,"15,000.00"
2019-01-08,2019010801003250,API,25,57,"1,000",151.00,"151,000.00"
2019-01-08,2019010801003249,API,56,57,50,151.00,"7,550.00"
2019-01-08,2019010801003248,API,28,57,90,151.00,"13,590.00"
2019-01-08,2019010801003221,API,28,58,710,151.00,"107,210.00"
2019-01-08,2019010801003518,BHBL,44,28,"1,680",134.00,"225,120.00"
2019-01-08,2019010801003526,BOKL,1,57,61,332.00,"20,252.00"
2019-01-08,2019010801003514,BOKL,32,57,53,332.00,"17,596.00"
2019-01-08,2019010801003513,BOKL,32,6,180,332.00,"59,760.00"
2019-01-08,2019010801003512,BOKL,32,6,500,332.00,"166,000.00"
2019-01-08,2019010801003511,BOKL,32,17,837,332.00,"277,884.00"
2019-01-08,2019010801003220,BOKL,45,38,50,330.00,"16,500.00"
2019-01-08,2019010801003219,BOKL,49,38,200,330.00,"66,000.00"
2019-01-08,2019010801003218,BOKL,43,38,100,330.00,"33,000.00"
2019-01-08,2019010801003217,BOKL,5,38,50,330.00,"16,500.00"
2019-01-08,2019010801003206,BOKL,11,17,100,332.00,"33,200.00"
2019-01-08,2019010801003398,CBBL,28,58,150,818.00,"122,700.00"
2019-01-08,2019010801003380,CBBL,28,58,211,818.00,"172,598.00"
2019-01-08,2019010801003379,CBBL,53,58,50,818.00,"40,900.00"
2019-01-08,2019010801003378,CBBL,32,58,500,819.00,"409,500.00"
2019-01-08,2019010801003377,CBBL,37,58,100,819.00,"81,900.00"
2019-01-08,2019010801003339,CBBL,18,1,79,822.00,"64,938.00"
2019-01-08,2019010801003338,CBBL,17,1,61,822.00,"50,142.00"
2019-01-08,2019010801003337,CBBL,35,1,10,823.00,"8,230.00"
2019-01-08,2019010801003336,CBBL,53,1,10,823.00,"8,230.00"
2019-01-08,2019010801003363,CBBL,21,58,43,820.00,"35,260.00"
2019-01-08,2019010801003362,CBBL,21,58,25,821.00,"20,525.00"
2019-01-08,2019010801003361,CBBL,5,58,11,821.00,"9,031.00"
2019-01-08,2019010801003359,CBBL,5,45,59,821.00,"48,439.00"
2019-01-08,2019010801003358,CBBL,1,45,20,821.00,"16,420.00"
2019-01-08,2019010801003350,CBBL,18,45,121,822.00,"99,462.00"
2019-01-08,2019010801003376,CBBL,19,58,139,820.00,"113,980.00"
2019-01-08,2019010801003368,CBBL,19,58,161,820.00,"132,020.00"
2019-01-08,2019010801003367,CBBL,53,58,50,820.00,"41,000.00"
2019-01-08,2019010801003366,CBBL,53,58,100,820.00,"82,000.00"
2019-01-08,2019010801003365,CBBL,22,58,50,820.00,"41,000.00"
2019-01-08,2019010801003364,CBBL,6,58,50,820.00,"41,000.00"
2019-01-08,2019010801003560,CBL,17,33,10,162.00,"1,620.00"
2019-01-08,2019010801003471,CBL,17,58,112,162.00,"18,144.00"
2019-01-08,2019010801003463,CBL,17,33,150,162.00,"24,300.00"
2019-01-08,2019010801003462,CBL,17,40,100,162.00,"16,200.00"
2019-01-08,2019010801003413,CBL,26,40,300,162.00,"48,600.00"
2019-01-08,2019010801003408,CBL,34,40,200,162.00,"32,400.00"
2019-01-08,2019010801003310,CBL,45,33,200,162.00,"32,400.00"
2019-01-08,2019010801003077,CBL,20,22,157,163.00,"25,591.00"
2019-01-08,2019010801003076,CBL,20,43,43,163.00,"7,009.00"
2019-01-08,2019010801003322,CBL,33,4,500,161.00,"80,500.00"
2019-01-08,2019010801003321,CBL,21,4,300,162.00,"48,600.00"
2019-01-08,2019010801003320,CBL,17,4,"2,000",162.00,"324,000.00"
2019-01-08,2019010801003319,CBL,32,4,500,162.00,"81,000.00"
2019-01-08,2019010801003318,CBL,26,4,100,162.00,"16,200.00"
2019-01-08,2019010801003317,CBL,45,4,118,162.00,"19,116.00"
2019-01-08,2019010801003347,CBL,34,4,282,161.00,"45,402.00"
2019-01-08,2019010801003327,CBL,42,4,"2,000",161.00,"322,000.00"
2019-01-08,2019010801003326,CBL,34,4,"1,000",161.00,"161,000.00"
2019-01-08,2019010801003325,CBL,55,4,100,161.00,"16,100.00"
2019-01-08,2019010801003324,CBL,28,4,500,161.00,"80,500.00"
2019-01-08,2019010801003323,CBL,17,4,200,161.00,"32,200.00"
2019-01-08,2019010801003498,CCBL,10,51,20,170.00,"3,400.00"
2019-01-08,2019010801003497,CCBL,5,51,300,171.00,"51,300.00"
2019-01-08,2019010801003496,CCBL,49,51,20,171.00,"3,420.00"
2019-01-08,2019010801003263,CCBL,49,45,15,171.00,"2,565.00"
2019-01-08,2019010801003405,CHCL,10,3,400,549.00,"219,600.00"
2019-01-08,2019010801003397,CHCL,26,3,62,549.00,"34,038.00"
2019-01-08,2019010801003396,CHCL,26,17,438,549.00,"240,462.00"
2019-01-08,2019010801003430,CHL,14,42,10,101.00,"1,010.00"
2019-01-08,2019010801003328,CHL,14,42,10,101.00,"1,010.00"
2019-01-08,2019010801003529,CIT,57,16,50,"2,260.00","113,000.00"
2019-01-08,2019010801003419,CIT,58,1,20,"2,260.00","45,200.00"
2019-01-08,2019010801003528,CZBIL,21,29,100,213.00,"21,300.00"
2019-01-08,2019010801003442,CZBIL,21,26,49,213.00,"10,437.00"
2019-01-08,2019010801003441,CZBIL,37,26,160,213.00,"34,080.00"
2019-01-08,2019010801003234,CZBIL,37,38,40,213.00,"8,520.00"
2019-01-08,2019010801003233,CZBIL,17,38,100,213.00,"21,300.00"
2019-01-08,2019010801003232,CZBIL,34,38,360,213.00,"76,680.00"
2019-01-08,2019010801003453,DBBL,32,26,100,128.00,"12,800.00"
2019-01-08,2019010801003452,DBBL,32,46,175,127.00,"22,225.00"
2019-01-08,2019010801003257,DBBL,6,35,144,126.00,"18,144.00"
2019-01-08,2019010801003451,DDBL,1,16,100,652.00,"65,200.00"
2019-01-08,2019010801003450,DDBL,1,50,30,651.00,"19,530.00"
2019-01-08,2019010801003353,DDBL,45,25,52,647.00,"33,644.00"
2019-01-08,2019010801003352,DDBL,45,6,10,647.00,"6,470.00"
2019-01-08,2019010801003351,DDBL,45,32,120,647.00,"77,640.00"
2019-01-08,2019010801003297,DDBL,33,35,"1,730",640.00,"1,107,200.00"
2019-01-08,2019010801003182,DDBL,36,11,915,640.00,"585,600.00"
2019-01-08,2019010801003262,DDBL,44,32,200,642.00,"128,400.00"
2019-01-08,2019010801003261,DDBL,44,16,100,642.00,"64,200.00"
2019-01-08,2019010801003240,DDBL,50,32,50,641.00,"32,050.00"
2019-01-08,2019010801003239,DDBL,50,44,490,641.00,"314,090.00"
2019-01-08,2019010801003210,DDBL,33,35,"8,771",640.00,"5,613,440.00"
2019-01-08,2019010801003204,DDBL,36,53,85,640.00,"54,400.00"
2019-01-08,2019010801003535,EBL,28,22,117,531.00,"62,127.00"
2019-01-08,2019010801003534,EBL,26,22,100,531.00,"53,100.00"
2019-01-08,2019010801003533,EBL,44,22,557,531.00,"295,767.00"
2019-01-08,2019010801003482,EBL,44,19,70,531.00,"37,170.00"
2019-01-08,2019010801003477,EBL,34,19,30,532.00,"15,960.00"
2019-01-08,2019010801003412,EIC,41,5,100,850.00,"85,000.00"
2019-01-08,2019010801003407,EIC,41,5,100,850.00,"85,000.00"
2019-01-08,2019010801003446,FMDBL,53,56,50,383.00,"19,150.00"
2019-01-08,2019010801003282,FMDBL,53,43,25,383.00,"9,575.00"
2019-01-08,2019010801003281,FMDBL,53,43,237,383.00,"90,771.00"
2019-01-08,2019010801003247,FMDBL,28,21,45,384.00,"17,280.00"
2019-01-08,2019010801003241,FMDBL,53,18,63,383.00,"24,129.00"
2019-01-08,2019010801003403,FOWAD,18,18,50,"1,500.00","75,000.00"
2019-01-08,2019010801003381,FOWAD,19,45,30,"1,496.00","44,880.00"
2019-01-08,2019010801003400,GBBL,32,16,10,188.00,"1,880.00"
2019-01-08,2019010801003198,GBBL,32,10,189,188.00,"35,532.00"
2019-01-08,2019010801003197,GBBL,49,10,216,188.00,"40,608.00"
2019-01-08,2019010801003130,GBBL,32,33,71,189.00,"13,419.00"
2019-01-08,2019010801003558,GBIME,49,47,200,269.00,"53,800.00"
2019-01-08,2019010801003304,GBIME,36,17,60,271.00,"16,260.00"
2019-01-08,2019010801003296,GBIME,50,43,500,270.00,"135,000.00"
2019-01-08,2019010801003295,GBIME,50,14,500,270.00,"135,000.00"
2019-01-08,2019010801003188,GBIME,49,46,10,269.00,"2,690.00"
2019-01-08,2019010801003187,GBIME,39,46,100,269.00,"26,900.00"
2019-01-08,2019010801003186,GBIME,41,46,290,269.00,"78,010.00"
2019-01-08,2019010801003284,GDBL,17,28,12,190.00,"2,280.00"
2019-01-08,2019010801003235,GDBL,35,34,100,190.00,"19,000.00"
2019-01-08,2019010801003215,GDBL,32,35,7,189.00,"1,323.00"
2019-01-08,2019010801003214,GDBL,32,16,193,189.00,"36,477.00"
2019-01-08,2019010801003421,GDBL,45,32,200,189.00,"37,800.00"
2019-01-08,2019010801003382,GLICL,10,29,100,718.00,"71,800.00"
2019-01-08,2019010801003269,GLICL,10,59,12,715.00,"8,580.00"
2019-01-08,2019010801003231,GRDBL,44,22,210,107.00,"22,470.00"
2019-01-08,2019010801003230,GRDBL,53,22,250,107.00,"26,750.00"
2019-01-08,2019010801003180,GRDBL,57,22,300,107.00,"32,100.00"
2019-01-08,2019010801003137,GRDBL,57,45,200,107.00,"21,400.00"
2019-01-08,2019010801003503,HDL,33,45,10,"1,360.00","13,600.00"
2019-01-08,2019010801003502,HDL,33,57,20,"1,355.00","27,100.00"
2019-01-08,2019010801003420,HDL,33,13,100,"1,336.00","133,600.00"
2019-01-08,2019010801003468,HGI,57,35,200,409.00,"81,800.00"
2019-01-08,2019010801003267,HGI,54,58,100,405.00,"40,500.00"
2019-01-08,2019010801003254,HGI,54,33,100,405.00,"40,500.00"
2019-01-08,2019010801003127,HGI,54,45,50,405.00,"20,250.00"
2019-01-08,2019010801003563,HPPL,22,42,10,182.00,"1,820.00"
2019-01-08,2019010801003519,HPPL,22,42,10,182.00,"1,820.00"
2019-01-08,2019010801003417,HPPL,45,42,10,185.00,"1,850.00"
2019-01-08,2019010801003246,HPPL,45,42,10,185.00,"1,850.00"
2019-01-08,2019010801003505,IGI,19,19,100,478.00,"47,800.00"
2019-01-08,2019010801003486,IGI,19,55,40,478.00,"19,120.00"
2019-01-08,2019010801003485,IGI,14,55,30,478.00,"14,340.00"
2019-01-08,2019010801003544,JBNL,58,1,14,170.00,"2,380.00"
2019-01-08,2019010801003543,JBNL,58,4,"1,166",168.00,"195,888.00"
2019-01-08,2019010801003458,JBNL,21,4,350,168.00,"58,800.00"
2019-01-08,2019010801003402,JBNL,53,55,450,167.00,"75,150.00"
2019-01-08,2019010801003349,JBNL,32,4,500,168.00,"84,000.00"
2019-01-08,2019010801003348,JBNL,58,4,"2,884",168.00,"484,512.00"
2019-01-08,2019010801003270,JBNL,11,28,384,168.00,"64,512.00"
2019-01-08,2019010801003285,JBNL,10,14,500,169.00,"84,500.00"
2019-01-08,2019010801003275,JBNL,58,28,"2,116",168.00,"355,488.00"
2019-01-08,2019010801003274,JBNL,58,28,"5,000",168.00,"840,000.00"
2019-01-08,2019010801003273,JBNL,17,28,"1,000",168.00,"168,000.00"
2019-01-08,2019010801003272,JBNL,38,28,200,168.00,"33,600.00"
2019-01-08,2019010801003271,JBNL,26,28,300,168.00,"50,400.00"
2019-01-08,2019010801003570,KBL,10,52,180,247.00,"44,460.00"
2019-01-08,2019010801003569,KBL,34,52,60,247.00,"14,820.00"
2019-01-08,2019010801003568,KBL,59,52,60,247.00,"14,820.00"
2019-01-08,2019010801003343,KBL,37,39,50,248.00,"12,400.00"
2019-01-08,2019010801003133,KEBL,7,22,20,207.00,"4,140.00"
2019-01-08,2019010801003491,KMCDB,22,40,10,970.00,"9,700.00"
2019-01-08,2019010801003490,KMCDB,38,40,110,970.00,"106,700.00"
2019-01-08,2019010801003489,KMCDB,13,40,20,970.00,"19,400.00"
2019-01-08,2019010801003488,KMCDB,50,40,50,971.00,"48,550.00"
2019-01-08,2019010801003487,KMCDB,13,40,50,972.00,"48,600.00"
2019-01-08,2019010801003151,KMCDB,13,7,30,970.00,"29,100.00"
2019-01-08,2019010801003150,KMCDB,57,7,50,975.00,"48,750.00"
2019-01-08,2019010801003149,KMCDB,17,7,20,980.00,"19,600.00"
2019-01-08,2019010801003546,KPCL,39,42,10,100.00,"1,000.00"
2019-01-08,2019010801003439,KPCL,45,19,10,100.00,"1,000.00"
2019-01-08,2019010801003283,KPCL,45,57,10,100.00,"1,000.00"
2019-01-08,2019010801003276,KPCL,45,57,10,100.00,"1,000.00"
2019-01-08,2019010801003266,KPCL,45,57,10,100.00,"1,000.00"
2019-01-08,2019010801003245,KPCL,45,57,10,100.00,"1,000.00"
2019-01-08,2019010801003229,KPCL,45,57,10,100.00,"1,000.00"
2019-01-08,2019010801003411,KPCL,45,38,10,100.00,"1,000.00"
2019-01-08,2019010801003370,KPCL,45,42,10,100.00,"1,000.00"
2019-01-08,2019010801003334,KPCL,45,57,10,100.00,"1,000.00"
2019-01-08,2019010801003303,KPCL,45,57,10,100.00,"1,000.00"
2019-01-08,2019010801003298,KPCL,45,38,10,100.00,"1,000.00"
2019-01-08,2019010801003238,KRBL,50,32,100,100.00,"10,000.00"
2019-01-08,2019010801003259,KSBBL,57,16,365,135.00,"49,275.00"
2019-01-08,2019010801003258,KSBBL,34,16,107,135.00,"14,445.00"
2019-01-08,2019010801003176,KSBBL,34,33,94,135.00,"12,690.00"
2019-01-08,2019010801003175,KSBBL,45,33,106,135.00,"14,310.00"
2019-01-08,2019010801003548,LBBL,43,46,10,172.00,"1,720.00"
2019-01-08,2019010801003375,LBBL,45,14,500,171.00,"85,500.00"
2019-01-08,2019010801003201,LBBL,45,10,71,171.00,"12,141.00"
2019-01-08,2019010801003389,LGIL,25,33,100,539.00,"53,900.00"
2019-01-08,2019010801003388,LGIL,46,33,79,539.00,"42,581.00"
2019-01-08,2019010801003445,LICN,45,35,128,"1,672.00","214,016.00"
2019-01-08,2019010801003444,LICN,59,35,30,"1,673.00","50,190.00"
2019-01-08,2019010801003354,LICN,59,35,70,"1,673.00","117,110.00"
2019-01-08,2019010801003406,LLBS,28,6,24,776.00,"18,624.00"
2019-01-08,2019010801003401,MBL,45,45,105,208.00,"21,840.00"
2019-01-08,2019010801003173,MBL,32,34,300,209.00,"62,700.00"
2019-01-08,2019010801003172,MBL,32,25,200,209.00,"41,800.00"
2019-01-08,2019010801003456,MDB,28,14,100,287.00,"28,700.00"
2019-01-08,2019010801003516,MEGA,50,28,200,171.00,"34,200.00"
2019-01-08,2019010801003340,MEGA,16,21,10,172.00,"1,720.00"
2019-01-08,2019010801003260,MEGA,50,48,672,171.00,"114,912.00"
2019-01-08,2019010801003203,MEGA,50,19,868,171.00,"148,428.00"
2019-01-08,2019010801003200,MEGA,50,4,"1,000",171.00,"171,000.00"
2019-01-08,2019010801003213,MERO,25,35,12,"1,059.00","12,708.00"
2019-01-08,2019010801003212,MERO,25,29,16,"1,055.00","16,880.00"
2019-01-08,2019010801003211,MERO,25,29,16,"1,055.00","16,880.00"
2019-01-08,2019010801003410,MNBBL,43,45,117,343.00,"40,131.00"
2019-01-08,2019010801003177,MNBBL,43,18,100,343.00,"34,300.00"
2019-01-08,2019010801003436,NABIL,51,13,50,837.00,"41,850.00"
2019-01-08,2019010801003184,NABIL,53,57,40,835.00,"33,400.00"
2019-01-08,2019010801003132,NABIL,42,3,30,837.00,"25,110.00"
2019-01-08,2019010801003288,NABILP,28,3,500,715.00,"357,500.00"
2019-01-08,2019010801003287,NABILP,28,39,450,714.00,"321,300.00"
2019-01-08,2019010801003448,NABILP,42,11,50,716.00,"35,800.00"
2019-01-08,2019010801003290,NABILP,28,41,650,718.00,"466,700.00"
2019-01-08,2019010801003289,NABILP,28,3,500,716.00,"358,000.00"
2019-01-08,2019010801003524,NADEP,26,43,10,795.00,"7,950.00"
2019-01-08,2019010801003523,NADEP,26,43,10,795.00,"7,950.00"
2019-01-08,2019010801003280,NADEP,53,36,10,795.00,"7,950.00"
2019-01-08,2019010801003279,NADEP,53,36,10,795.00,"7,950.00"
2019-01-08,2019010801003278,NADEP,53,21,10,795.00,"7,950.00"
2019-01-08,2019010801003199,NADEP,22,57,10,792.00,"7,920.00"
2019-01-08,2019010801003547,NBB,43,6,56,189.00,"10,584.00"
2019-01-08,2019010801003277,NBB,50,1,500,190.00,"95,000.00"
2019-01-08,2019010801003209,NBB,43,47,14,189.00,"2,646.00"
2019-01-08,2019010801003208,NBB,39,47,100,189.00,"18,900.00"
2019-01-08,2019010801003207,NBB,44,47,386,189.00,"72,954.00"
2019-01-08,2019010801003525,NBBL,22,45,10,800.00,"8,000.00"
2019-01-08,2019010801003086,NBBLPO,44,40,"1,000",750.00,"750,000.00"
2019-01-08,2019010801003107,NBBLPO,44,40,"2,000",750.00,"1,500,000.00"
2019-01-08,2019010801003559,NBL,16,35,"1,000",307.00,"307,000.00"
2019-01-08,2019010801003552,NBL,6,46,440,306.00,"134,640.00"
2019-01-08,2019010801003551,NBL,50,46,500,306.00,"153,000.00"
2019-01-08,2019010801003550,NBL,26,46,160,306.00,"48,960.00"
2019-01-08,2019010801003481,NBL,16,35,"2,000",307.00,"614,000.00"
2019-01-08,2019010801003467,NBL,26,35,160,307.00,"49,120.00"
2019-01-08,2019010801003112,NBL,10,21,50,307.00,"15,350.00"
2019-01-08,2019010801003111,NBL,10,43,800,307.00,"245,600.00"
2019-01-08,2019010801003110,NBL,10,35,"2,880",307.00,"884,160.00"
2019-01-08,2019010801003100,NBL,7,35,"1,000",307.00,"307,000.00"
2019-01-08,2019010801003466,NBL,25,35,"1,000",307.00,"307,000.00"
2019-01-08,2019010801003264,NBL,25,35,"1,000",307.00,"307,000.00"
2019-01-08,2019010801003174,NBL,58,35,200,307.00,"61,400.00"
2019-01-08,2019010801003138,NBL,25,35,500,307.00,"153,500.00"
2019-01-08,2019010801003131,NBL,5,35,500,307.00,"153,500.00"
2019-01-08,2019010801003126,NBL,10,35,270,307.00,"82,890.00"
2019-01-08,2019010801003449,NCCB,32,28,200,218.00,"43,600.00"
2019-01-08,2019010801003423,NCCB,32,45,25,218.00,"5,450.00"
2019-01-08,2019010801003179,NCCB,32,45,100,218.00,"21,800.00"
2019-01-08,2019010801003165,NCCB,32,10,205,218.00,"44,690.00"
2019-01-08,2019010801003164,NCCB,17,10,100,218.00,"21,800.00"
2019-01-08,2019010801003163,NCCB,38,10,"2,000",218.00,"436,000.00"
2019-01-08,2019010801003156,NCCB,7,10,"1,000",218.00,"218,000.00"
2019-01-08,2019010801003155,NCCB,38,10,500,218.00,"109,000.00"
2019-01-08,2019010801003154,NCCB,55,10,500,218.00,"109,000.00"
2019-01-08,2019010801003153,NCCB,50,10,"1,304",218.00,"284,272.00"
2019-01-08,2019010801003162,NCCB,34,10,50,218.00,"10,900.00"
2019-01-08,2019010801003161,NCCB,25,10,"2,000",218.00,"436,000.00"
2019-01-08,2019010801003160,NCCB,5,10,"1,141",218.00,"248,738.00"
2019-01-08,2019010801003159,NCCB,46,10,"1,000",218.00,"218,000.00"
2019-01-08,2019010801003158,NCCB,52,10,50,218.00,"10,900.00"
2019-01-08,2019010801003157,NCCB,33,10,150,218.00,"32,700.00"
2019-01-08,2019010801003301,NGPL,47,59,114,127.00,"14,478.00"
2019-01-08,2019010801003300,NGPL,47,59,86,127.00,"10,922.00"
2019-01-08,2019010801003479,NHDL,48,42,10,128.00,"1,280.00"
2019-01-08,2019010801003346,NHDL,48,42,10,128.00,"1,280.00"
2019-01-08,2019010801003291,NHPC,34,48,500,68.00,"34,000.00"
2019-01-08,2019010801003538,NIB,54,7,100,546.00,"54,600.00"
2019-01-08,2019010801003537,NIB,19,7,50,546.00,"27,300.00"
2019-01-08,2019010801003536,NIB,39,7,101,546.00,"55,146.00"
2019-01-08,2019010801003195,NIB,34,6,10,549.00,"5,490.00"
2019-01-08,2019010801003148,NIB,39,38,99,546.00,"54,054.00"
2019-01-08,2019010801003147,NIB,14,38,50,546.00,"27,300.00"
2019-01-08,2019010801003146,NIB,42,38,50,546.00,"27,300.00"
2019-01-08,2019010801003145,NIB,54,38,30,546.00,"16,380.00"
2019-01-08,2019010801003144,NIB,52,38,27,546.00,"14,742.00"
2019-01-08,2019010801003143,NIB,26,38,100,547.00,"54,700.00"
2019-01-08,2019010801003093,NIB,35,6,11,549.00,"6,039.00"
2019-01-08,2019010801003469,NIBPO,28,22,200,493.00,"98,600.00"
2019-01-08,2019010801003409,NICA,50,6,385,382.00,"147,070.00"
2019-01-08,2019010801003356,NICA,14,6,100,382.00,"38,200.00"
2019-01-08,2019010801003253,NICA,43,58,500,382.00,"191,000.00"
2019-01-08,2019010801003515,NICL,43,34,10,568.00,"5,680.00"
2019-01-08,2019010801003499,NIL,34,58,"1,000",538.00,"538,000.00"
2019-01-08,2019010801003415,NIL,51,33,100,539.00,"53,900.00"
2019-01-08,2019010801003414,NIL,53,33,456,539.00,"245,784.00"
2019-01-08,2019010801003345,NIL,53,37,44,539.00,"23,716.00"
2019-01-08,2019010801003344,NIL,51,37,96,539.00,"51,744.00"
2019-01-08,2019010801003152,NIL,53,6,50,540.00,"27,000.00"
2019-01-08,2019010801003136,NIL,25,6,100,540.00,"54,000.00"
2019-01-08,2019010801003135,NIL,45,6,30,540.00,"16,200.00"
2019-01-08,2019010801003447,NLBBL,28,45,38,474.00,"18,012.00"
2019-01-08,2019010801003075,NLBBL,28,48,100,474.00,"47,400.00"
2019-01-08,2019010801003074,NLBBL,28,16,300,474.00,"142,200.00"
2019-01-08,2019010801003129,NLG,45,22,25,854.00,"21,350.00"
2019-01-08,2019010801003128,NLG,35,22,20,855.00,"17,100.00"
2019-01-08,2019010801003549,NLIC,1,55,448,"1,098.00","491,904.00"
2019-01-08,2019010801003506,NLIC,1,10,18,"1,098.00","19,764.00"
2019-01-08,2019010801003483,NLIC,1,58,17,"1,098.00","18,666.00"
2019-01-08,2019010801003478,NLIC,1,50,17,"1,098.00","18,666.00"
2019-01-08,2019010801003457,NLIC,35,50,150,"1,098.00","164,700.00"
2019-01-08,2019010801003455,NLIC,35,17,70,"1,098.00","76,860.00"
2019-01-08,2019010801003342,NLIC,35,55,280,"1,098.00","307,440.00"
2019-01-08,2019010801003341,NLIC,35,55,20,"1,099.00","21,980.00"
2019-01-08,2019010801003292,NLIC,14,45,10,"1,099.00","10,990.00"
2019-01-08,2019010801003244,NLIC,28,20,500,"1,100.00","550,000.00"
2019-01-08,2019010801003095,NLIC,57,48,11,"1,104.00","12,144.00"
2019-01-08,2019010801003522,NLICL,33,3,21,714.00,"14,994.00"
2019-01-08,2019010801003521,NLICL,33,48,30,713.00,"21,390.00"
2019-01-08,2019010801003520,NLICL,33,38,99,712.00,"70,488.00"
2019-01-08,2019010801003357,NLICL,22,38,403,712.00,"286,936.00"
2019-01-08,2019010801003493,NMB,48,52,360,326.00,"117,360.00"
2019-01-08,2019010801003492,NMB,48,14,900,326.00,"293,400.00"
2019-01-08,2019010801003480,NMB,26,6,500,325.00,"162,500.00"
2019-01-08,2019010801003418,NMB,43,6,500,325.00,"162,500.00"
2019-01-08,2019010801003332,NMB,34,38,240,324.00,"77,760.00"
2019-01-08,2019010801003330,NMB,34,46,43,324.00,"13,932.00"
2019-01-08,2019010801003293,NMB,34,43,150,324.00,"48,600.00"
2019-01-08,2019010801003268,NMB,34,52,28,324.00,"9,072.00"
2019-01-08,2019010801003196,NMB,34,57,40,324.00,"12,960.00"
2019-01-08,2019010801003169,NMB,34,35,80,324.00,"25,920.00"
2019-01-08,2019010801003510,NMBMF,11,36,50,"1,100.00","55,000.00"
2019-01-08,2019010801003509,NMBMF,33,36,100,"1,100.00","110,000.00"
2019-01-08,2019010801003508,NMBMF,1,36,30,"1,101.00","33,030.00"
2019-01-08,2019010801003507,NMBMF,57,36,30,"1,105.00","33,150.00"
2019-01-08,2019010801003170,NMBMF,58,36,50,"1,113.00","55,650.00"
2019-01-08,2019010801003312,NSEWA,39,58,10,572.00,"5,720.00"
2019-01-08,2019010801003216,NSEWA,39,58,20,571.00,"11,420.00"
2019-01-08,2019010801003553,NTC,59,16,20,733.00,"14,660.00"
2019-01-08,2019010801003440,NTC,6,16,200,726.00,"145,200.00"
2019-01-08,2019010801003228,NTC,35,33,30,732.00,"21,960.00"
2019-01-08,2019010801003090,NTC,34,57,40,727.00,"29,080.00"
2019-01-08,2019010801003089,NTC,42,57,50,728.00,"36,400.00"
2019-01-08,2019010801003088,NTC,14,57,10,728.00,"7,280.00"
2019-01-08,2019010801003134,NTC,34,33,20,732.00,"14,640.00"
2019-01-08,2019010801003121,NTC,16,45,100,727.00,"72,700.00"
2019-01-08,2019010801003092,NTC,16,57,400,727.00,"290,800.00"
2019-01-08,2019010801003091,NTC,34,57,500,727.00,"363,500.00"
2019-01-08,2019010801003142,NUBL,45,1,50,766.00,"38,300.00"
2019-01-08,2019010801003141,NUBL,45,57,41,765.00,"31,365.00"
2019-01-08,2019010801003140,NUBL,45,44,200,764.00,"152,800.00"
2019-01-08,2019010801003139,NUBL,45,26,50,762.00,"38,100.00"
2019-01-08,2019010801003099,NUBL,53,44,"1,000",761.00,"761,000.00"
2019-01-08,2019010801003567,PCBL,6,40,300,336.00,"100,800.00"
2019-01-08,2019010801003566,PCBL,6,14,500,336.00,"168,000.00"
2019-01-08,2019010801003565,PCBL,6,39,200,336.00,"67,200.00"
2019-01-08,2019010801003564,PCBL,6,39,200,336.00,"67,200.00"
2019-01-08,2019010801003333,PCBL,47,47,1,334.00,334.00
2019-01-08,2019010801003222,PCBL,46,14,50,335.00,"16,750.00"
2019-01-08,2019010801003428,PFL,48,19,24,135.00,"3,240.00"
2019-01-08,2019010801003571,PIC,45,44,10,"1,020.00","10,200.00"
2019-01-08,2019010801003541,PIC,22,44,40,"1,016.00","40,640.00"
2019-01-08,2019010801003501,PIC,45,41,20,"1,015.00","20,300.00"
2019-01-08,2019010801003494,PIC,45,45,11,"1,015.00","11,165.00"
2019-01-08,2019010801003476,PIC,34,44,100,"1,016.00","101,600.00"
2019-01-08,2019010801003475,PIC,56,44,100,"1,016.00","101,600.00"
2019-01-08,2019010801003181,PIC,45,44,50,"1,022.00","51,100.00"
2019-01-08,2019010801003474,PIC,51,44,500,"1,017.00","508,500.00"
2019-01-08,2019010801003473,PIC,48,44,50,"1,018.00","50,900.00"
2019-01-08,2019010801003472,PIC,3,44,10,"1,019.00","10,190.00"
2019-01-08,2019010801003314,PIC,4,44,33,"1,020.00","33,660.00"
2019-01-08,2019010801003255,PIC,10,44,10,"1,022.00","10,220.00"
2019-01-08,2019010801003205,PIC,44,44,11,"1,022.00","11,242.00"
2019-01-08,2019010801003316,PLIC,29,16,100,507.00,"50,700.00"
2019-01-08,2019010801003315,PLIC,55,16,70,507.00,"35,490.00"
2019-01-08,2019010801003106,PLIC,53,39,300,501.00,"150,300.00"
2019-01-08,2019010801003105,PLIC,16,39,200,501.00,"100,200.00"
2019-01-08,2019010801003227,PMHPL,56,4,10,115.00,"1,150.00"
2019-01-08,2019010801003226,PMHPL,56,17,150,115.00,"17,250.00"
2019-01-08,2019010801003433,PRIN,47,43,200,457.00,"91,400.00"
2019-01-08,2019010801003432,PRIN,47,10,300,457.00,"137,100.00"
2019-01-08,2019010801003404,PRIN,6,25,300,455.00,"136,500.00"
2019-01-08,2019010801003309,PRIN,28,10,46,454.00,"20,884.00"
2019-01-08,2019010801003308,PRIN,50,10,100,454.00,"45,400.00"
2019-01-08,2019010801003307,PRIN,40,10,17,454.00,"7,718.00"
2019-01-08,2019010801003185,PRIN,45,21,50,455.00,"22,750.00"
2019-01-08,2019010801003108,PRIN,28,10,10,456.00,"4,560.00"
2019-01-08,2019010801003078,PRIN,28,17,28,456.00,"12,768.00"
2019-01-08,2019010801003573,PRVU,4,55,10,247.00,"2,470.00"
2019-01-08,2019010801003572,PRVU,4,55,400,246.00,"98,400.00"
2019-01-08,2019010801003542,PRVU,49,55,600,246.00,"147,600.00"
2019-01-08,2019010801003531,PRVU,49,13,"1,000",246.00,"246,000.00"
2019-01-08,2019010801003530,PRVU,49,36,400,246.00,"98,400.00"
2019-01-08,2019010801003459,PRVU,4,36,100,246.00,"24,600.00"
2019-01-08,2019010801003083,PRVU,32,43,100,246.00,"24,600.00"
2019-01-08,2019010801003082,PRVU,17,43,50,246.00,"12,300.00"
2019-01-08,2019010801003081,PRVU,28,43,46,246.00,"11,316.00"
2019-01-08,2019010801003085,PRVU,4,43,749,246.00,"184,254.00"
2019-01-08,2019010801003084,PRVU,21,43,500,246.00,"123,000.00"
2019-01-08,2019010801003387,PRVU,4,39,"1,000",246.00,"246,000.00"
2019-01-08,2019010801003386,PRVU,4,58,"5,180",246.00,"1,274,280.00"
2019-01-08,2019010801003385,PRVU,4,58,"1,500",246.00,"369,000.00"
2019-01-08,2019010801003384,PRVU,4,43,395,246.00,"97,170.00"
2019-01-08,2019010801003383,PRVU,38,43,100,246.00,"24,600.00"
2019-01-08,2019010801003470,RADHI,49,50,10,166.00,"1,660.00"
2019-01-08,2019010801003527,RMDC,10,28,10,554.00,"5,540.00"
2019-01-08,2019010801003109,RMDC,10,59,38,550.00,"20,900.00"
2019-01-08,2019010801003434,RRHP,19,38,10,104.00,"1,040.00"
2019-01-08,2019010801003311,RRHP,19,38,10,104.00,"1,040.00"
2019-01-08,2019010801003517,RSDC,19,44,22,390.00,"8,580.00"
2019-01-08,2019010801003225,RSDC,19,41,178,390.00,"69,420.00"
2019-01-08,2019010801003224,RSDC,19,41,200,390.00,"78,000.00"
2019-01-08,2019010801003223,RSDC,1,41,20,390.00,"7,800.00"
2019-01-08,2019010801003102,RSDC,32,41,200,393.00,"78,600.00"
2019-01-08,2019010801003532,SADBL,29,6,92,137.00,"12,604.00"
2019-01-08,2019010801003237,SADBL,29,16,520,137.00,"71,240.00"
2019-01-08,2019010801003236,SADBL,26,16,50,137.00,"6,850.00"
2019-01-08,2019010801003555,SAEF,57,46,100,9.27,927.00
2019-01-08,2019010801003372,SAEF,57,33,"5,100",9.19,"46,869.00"
2019-01-08,2019010801003371,SAEF,57,53,"1,000",9.14,"9,140.00"
2019-01-08,2019010801003294,SANIMA,6,6,7,300.00,"2,100.00"
2019-01-08,2019010801003256,SANIMA,6,28,"1,733",306.00,"530,298.00"
2019-01-08,2019010801003118,SANIMA,13,28,33,306.00,"10,098.00"
2019-01-08,2019010801003117,SANIMA,17,28,100,306.00,"30,600.00"
2019-01-08,2019010801003116,SANIMA,26,28,200,306.00,"61,200.00"
2019-01-08,2019010801003115,SANIMA,47,28,20,306.00,"6,120.00"
2019-01-08,2019010801003114,SANIMA,33,28,100,306.00,"30,600.00"
2019-01-08,2019010801003113,SANIMA,34,28,14,306.00,"4,284.00"
2019-01-08,2019010801003465,SBI,16,47,100,390.00,"39,000.00"
2019-01-08,2019010801003464,SBI,42,47,40,390.00,"15,600.00"
2019-01-08,2019010801003556,SBL,34,43,277,291.00,"80,607.00"
2019-01-08,2019010801003373,SBL,6,6,200,290.00,"58,000.00"
2019-01-08,2019010801003124,SBL,55,32,300,291.00,"87,300.00"
2019-01-08,2019010801003123,SBL,55,40,259,291.00,"75,369.00"
2019-01-08,2019010801003122,SBL,55,7,173,291.00,"50,343.00"
2019-01-08,2019010801003302,SDESI,55,59,13,661.00,"8,593.00"
2019-01-08,2019010801003540,SHINE,14,29,900,249.00,"224,100.00"
2019-01-08,2019010801003500,SHINE,41,19,280,248.00,"69,440.00"
2019-01-08,2019010801003484,SHINE,41,32,145,247.00,"35,815.00"
2019-01-08,2019010801003306,SHPC,38,34,100,229.00,"22,900.00"
2019-01-08,2019010801003545,SIC,14,46,10,"1,335.00","13,350.00"
2019-01-08,2019010801003495,SIC,53,13,24,"1,311.00","31,464.00"
2019-01-08,2019010801003305,SIC,53,6,80,"1,311.00","104,880.00"
2019-01-08,2019010801003461,SIL,42,48,23,662.00,"15,226.00"
2019-01-08,2019010801003539,SKBBL,18,18,72,"1,058.00","76,176.00"
2019-01-08,2019010801003460,SKBBL,10,18,28,"1,060.00","29,680.00"
2019-01-08,2019010801003369,SKBBL,10,43,62,"1,060.00","65,720.00"
2019-01-08,2019010801003331,SKBBL,45,35,15,"1,057.00","15,855.00"
2019-01-08,2019010801003313,SKBBL,6,41,48,"1,058.00","50,784.00"
2019-01-08,2019010801003438,SLBBL,19,33,31,540.00,"16,740.00"
2019-01-08,2019010801003097,SLBBL,46,59,10,541.00,"5,410.00"
2019-01-08,2019010801003096,SLBBL,19,59,10,541.00,"5,410.00"
2019-01-08,2019010801003098,SLBBL,58,59,27,540.00,"14,580.00"
2019-01-08,2019010801003437,SLBBL,58,33,39,540.00,"21,060.00"
2019-01-08,2019010801003101,SLBS,45,56,28,"1,036.00","29,008.00"
2019-01-08,2019010801003554,SLICL,34,34,300,566.00,"169,800.00"
2019-01-08,2019010801003335,SLICL,57,6,300,563.00,"168,900.00"
2019-01-08,2019010801003286,SLICL,49,16,200,565.00,"113,000.00"
2019-01-08,2019010801003168,SLICL,29,40,200,564.00,"112,800.00"
2019-01-08,2019010801003399,SMATA,51,11,18,"1,100.00","19,800.00"
2019-01-08,2019010801003395,SMATA,58,28,10,"1,080.00","10,800.00"
2019-01-08,2019010801003394,SMATA,22,28,100,"1,082.00","108,200.00"
2019-01-08,2019010801003393,SMATA,57,28,50,"1,085.00","54,250.00"
2019-01-08,2019010801003392,SMATA,51,28,20,"1,090.00","21,800.00"
2019-01-08,2019010801003391,SMATA,1,28,18,"1,091.00","19,638.00"
2019-01-08,2019010801003443,SMB,37,19,10,616.00,"6,160.00"
2019-01-08,2019010801003243,SMFDB,40,40,100,704.00,"70,400.00"
2019-01-08,2019010801003103,SMFDB,47,40,80,704.00,"56,320.00"
2019-01-08,2019010801003242,SMFDB,40,40,30,704.00,"21,120.00"
2019-01-08,2019010801003120,SMFDB,28,22,50,702.00,"35,100.00"
2019-01-08,2019010801003119,SMFDB,40,22,17,703.00,"11,951.00"
2019-01-08,2019010801003104,SMFDB,47,40,20,704.00,"14,080.00"
2019-01-08,2019010801003504,SRBL,28,21,10,216.00,"2,160.00"
2019-01-08,2019010801003171,SRBL,28,59,106,214.00,"22,684.00"
2019-01-08,2019010801003080,SWBBL,53,48,455,860.00,"391,300.00"
2019-01-08,2019010801003427,TRH,22,48,290,242.00,"70,180.00"
2019-01-08,2019010801003426,TRH,45,48,30,242.00,"7,260.00"
2019-01-08,2019010801003425,TRH,54,48,10,242.00,"2,420.00"
2019-01-08,2019010801003424,TRH,13,48,10,243.00,"2,430.00"
2019-01-08,2019010801003374,TRH,13,48,190,243.00,"46,170.00"
2019-01-08,2019010801003561,VLBS,46,44,55,685.00,"37,675.00"
2019-01-08,2019010801003329,VLBS,32,1,55,680.00,"37,400.00"
2019-01-08,2019010801003431,WOMI,33,48,18,956.00,"17,208.00"
2019-01-08,2019010801003416,WOMI,10,43,348,957.00,"333,036.00"
2019-01-08,2019010801002961,ADBL,56,59,94,348.00,"32,712.00"
2019-01-08,2019010801002871,ADBL,35,49,50,349.00,"17,450.00"
2019-01-08,2019010801002870,ADBL,35,45,50,349.00,"17,450.00"
2019-01-08,2019010801002799,ADBL,56,17,86,348.00,"29,928.00"
2019-01-08,2019010801002798,ADBL,49,17,214,348.00,"74,472.00"
2019-01-08,2019010801002792,ADBL,49,41,143,348.00,"49,764.00"
2019-01-08,2019010801002647,ADBL,49,29,94,348.00,"32,712.00"
2019-01-08,2019010801002626,ADBL,49,35,700,348.00,"243,600.00"
2019-01-08,2019010801002757,ADBL,49,6,105,348.00,"36,540.00"
2019-01-08,2019010801002738,ADBL,49,54,65,348.00,"22,620.00"
2019-01-08,2019010801002726,ADBL,49,51,78,348.00,"27,144.00"
2019-01-08,2019010801002695,ADBL,49,41,100,348.00,"34,800.00"
2019-01-08,2019010801002869,AKPL,58,43,13,184.00,"2,392.00"
2019-01-08,2019010801003008,ALICL,45,28,18,615.00,"11,070.00"
2019-01-08,2019010801002929,ALICL,45,28,130,614.00,"79,820.00"
2019-01-08,2019010801002865,ALICL,14,57,"1,000",613.00,"613,000.00"
2019-01-08,2019010801002864,ALICL,14,44,100,612.00,"61,200.00"
2019-01-08,2019010801002791,ALICL,45,38,200,611.00,"122,200.00"
2019-01-08,2019010801002589,ALICL,16,29,94,612.00,"57,528.00"
2019-01-08,2019010801002970,AMFI,1,38,10,760.00,"7,600.00"
2019-01-08,2019010801002968,AMFI,1,17,60,760.00,"45,600.00"
2019-01-08,2019010801002905,AMFI,1,17,60,760.00,"45,600.00"
2019-01-08,2019010801002904,AMFI,1,57,30,760.00,"22,800.00"
2019-01-08,2019010801002903,AMFI,1,18,10,760.00,"7,600.00"
2019-01-08,2019010801002902,AMFI,1,53,50,760.00,"38,000.00"
2019-01-08,2019010801002668,AMFI,45,42,10,745.00,"7,450.00"
2019-01-08,2019010801002667,AMFI,45,14,10,744.00,"7,440.00"
2019-01-08,2019010801002666,AMFI,45,14,10,744.00,"7,440.00"
2019-01-08,2019010801002665,AMFI,45,26,100,743.00,"74,300.00"
2019-01-08,2019010801002664,AMFI,45,13,10,743.00,"7,430.00"
2019-01-08,2019010801002663,AMFI,45,57,10,742.00,"7,420.00"
2019-01-08,2019010801002674,AMFI,45,1,10,750.00,"7,500.00"
2019-01-08,2019010801002673,AMFI,45,1,10,750.00,"7,500.00"
2019-01-08,2019010801002672,AMFI,45,1,10,750.00,"7,500.00"
2019-01-08,2019010801002671,AMFI,45,1,10,750.00,"7,500.00"
2019-01-08,2019010801002670,AMFI,45,43,300,748.00,"224,400.00"
2019-01-08,2019010801002669,AMFI,45,39,10,748.00,"7,480.00"
2019-01-08,2019010801002680,AMFI,45,39,20,760.00,"15,200.00"
2019-01-08,2019010801002679,AMFI,45,43,10,759.00,"7,590.00"
2019-01-08,2019010801002678,AMFI,45,39,10,759.00,"7,590.00"
2019-01-08,2019010801002677,AMFI,45,32,20,759.00,"15,180.00"
2019-01-08,2019010801002676,AMFI,45,19,10,755.00,"7,550.00"
2019-01-08,2019010801002675,AMFI,45,19,10,755.00,"7,550.00"
2019-01-08,2019010801002901,AMFI,1,17,50,760.00,"38,000.00"
2019-01-08,2019010801002900,AMFI,1,32,20,760.00,"15,200.00"
2019-01-08,2019010801002684,AMFI,45,47,10,760.00,"7,600.00"
2019-01-08,2019010801002683,AMFI,45,57,40,760.00,"30,400.00"
2019-01-08,2019010801002682,AMFI,45,42,10,760.00,"7,600.00"
2019-01-08,2019010801002681,AMFI,45,11,10,760.00,"7,600.00"
2019-01-08,2019010801003003,API,37,57,"2,000",152.00,"304,000.00"
2019-01-08,2019010801003002,API,33,57,"1,000",152.00,"152,000.00"
2019-01-08,2019010801003001,API,52,57,200,152.00,"30,400.00"
2019-01-08,2019010801003000,API,22,57,200,152.00,"30,400.00"
2019-01-08,2019010801002999,API,42,57,50,152.00,"7,600.00"
2019-01-08,2019010801002998,API,36,57,100,152.00,"15,200.00"
2019-01-08,2019010801002785,API,41,57,210,155.00,"32,550.00"
2019-01-08,2019010801002765,API,41,57,300,155.00,"46,500.00"
2019-01-08,2019010801002725,API,42,57,50,155.00,"7,750.00"
2019-01-08,2019010801002952,API,38,58,200,155.00,"31,000.00"
2019-01-08,2019010801002945,API,10,42,70,153.00,"10,710.00"
2019-01-08,2019010801002909,API,48,42,200,153.00,"30,600.00"
2019-01-08,2019010801002908,API,37,42,200,153.00,"30,600.00"
2019-01-08,2019010801002907,API,57,42,30,154.00,"4,620.00"
2019-01-08,2019010801002786,API,41,58,90,155.00,"13,950.00"
2019-01-08,2019010801003059,BOKL,32,5,"1,000",331.00,"331,000.00"
2019-01-08,2019010801003058,BOKL,32,5,260,331.00,"86,060.00"
2019-01-08,2019010801003037,BOKL,45,17,20,332.00,"6,640.00"
2019-01-08,2019010801003036,BOKL,45,5,230,332.00,"76,360.00"
2019-01-08,2019010801003014,BOKL,4,5,300,332.00,"99,600.00"
2019-01-08,2019010801002991,BOKL,4,5,200,332.00,"66,400.00"
2019-01-08,2019010801002703,BOKL,32,5,500,331.00,"165,500.00"
2019-01-08,2019010801002702,BOKL,26,5,300,331.00,"99,300.00"
2019-01-08,2019010801002701,BOKL,22,5,150,331.00,"49,650.00"
2019-01-08,2019010801002634,BOKL,22,52,200,331.00,"66,200.00"
2019-01-08,2019010801002987,BOKL,46,5,50,332.00,"16,600.00"
2019-01-08,2019010801002957,BOKL,32,35,40,331.00,"13,240.00"
2019-01-08,2019010801002892,BOKL,26,5,10,332.00,"3,320.00"
2019-01-08,2019010801002808,BOKL,32,5,700,331.00,"231,700.00"
2019-01-08,2019010801002790,BOKL,32,26,300,331.00,"99,300.00"
2019-01-08,2019010801002704,BOKL,32,5,100,331.00,"33,100.00"
2019-01-08,2019010801002960,BPCL,16,49,500,370.00,"185,000.00"
2019-01-08,2019010801002959,BPCL,1,49,270,370.00,"99,900.00"
2019-01-08,2019010801002882,BPCL,16,58,10,373.00,"3,730.00"
2019-01-08,2019010801002877,BPCL,1,46,10,370.00,"3,700.00"
2019-01-08,2019010801002873,BPCL,1,43,10,370.00,"3,700.00"
2019-01-08,2019010801002818,BPCL,1,43,10,370.00,"3,700.00"
2019-01-08,2019010801002922,CBBL,55,58,100,825.00,"82,500.00"
2019-01-08,2019010801002898,CBBL,59,49,100,825.00,"82,500.00"
2019-01-08,2019010801002840,CBBL,53,7,90,823.00,"74,070.00"
2019-01-08,2019010801002839,CBBL,35,7,10,824.00,"8,240.00"
2019-01-08,2019010801002745,CBBL,37,1,110,827.00,"90,970.00"
2019-01-08,2019010801002744,CBBL,37,55,50,825.00,"41,250.00"
2019-01-08,2019010801002639,CBBL,37,1,200,827.00,"165,400.00"
2019-01-08,2019010801002824,CBL,6,55,190,163.00,"30,970.00"
2019-01-08,2019010801002809,CBL,6,55,10,163.00,"1,630.00"
2019-01-08,2019010801003017,CHCL,10,17,20,549.00,"10,980.00"
2019-01-08,2019010801002984,CHCL,47,41,25,546.00,"13,650.00"
2019-01-08,2019010801002953,CHCL,47,41,25,546.00,"13,650.00"
2019-01-08,2019010801002938,CHCL,47,29,480,546.00,"262,080.00"
2019-01-08,2019010801002931,CHCL,47,41,25,546.00,"13,650.00"
2019-01-08,2019010801002918,CHCL,47,41,35,546.00,"19,110.00"
2019-01-08,2019010801002812,CHCL,7,29,20,548.00,"10,960.00"
2019-01-08,2019010801002793,CHCL,47,41,126,546.00,"68,796.00"
2019-01-08,2019010801002707,CHCL,47,41,37,546.00,"20,202.00"
2019-01-08,2019010801002706,CHCL,26,41,63,547.00,"34,461.00"
2019-01-08,2019010801003049,CIT,33,19,50,"2,260.00","113,000.00"
2019-01-08,2019010801002737,CIT,48,19,140,"2,260.00","316,400.00"
2019-01-08,2019010801002700,CIT,10,19,10,"2,260.00","22,600.00"
2019-01-08,2019010801003030,CZBIL,7,32,20,214.00,"4,280.00"
2019-01-08,2019010801002937,CZBIL,34,1,40,213.00,"8,520.00"
2019-01-08,2019010801002933,CZBIL,34,41,200,213.00,"42,600.00"
2019-01-08,2019010801002921,CZBIL,34,42,400,213.00,"85,200.00"
2019-01-08,2019010801002844,CZBIL,58,6,213,213.00,"45,369.00"
2019-01-08,2019010801002748,DBBL,32,10,285,127.00,"36,195.00"
2019-01-08,2019010801002721,DBBL,32,38,187,127.00,"23,749.00"
2019-01-08,2019010801002708,DBBL,32,45,200,127.00,"25,400.00"
2019-01-08,2019010801002699,DBBL,32,38,88,127.00,"11,176.00"
2019-01-08,2019010801003065,DDBL,44,44,10,641.00,"6,410.00"
2019-01-08,2019010801003032,DDBL,34,34,100,640.00,"64,000.00"
2019-01-08,2019010801002927,DDBL,44,32,150,639.00,"95,850.00"
2019-01-08,2019010801002926,DDBL,44,54,18,639.00,"11,502.00"
2019-01-08,2019010801002804,DDBL,36,32,50,638.00,"31,900.00"
2019-01-08,2019010801002766,DDBL,47,32,200,638.00,"127,600.00"
2019-01-08,2019010801002694,DDBL,14,35,300,639.00,"191,700.00"
2019-01-08,2019010801002693,DDBL,14,32,200,639.00,"127,800.00"
2019-01-08,2019010801002631,DDBL,44,34,10,638.00,"6,380.00"
2019-01-08,2019010801002625,DDBL,44,57,177,637.00,"112,749.00"
2019-01-08,2019010801002955,EBL,22,7,162,533.00,"86,346.00"
2019-01-08,2019010801002936,EBL,46,32,130,532.00,"69,160.00"
2019-01-08,2019010801002894,EBL,42,32,100,532.00,"53,200.00"
2019-01-08,2019010801002876,EBL,42,32,170,532.00,"90,440.00"
2019-01-08,2019010801002875,EBL,42,29,30,532.00,"15,960.00"
2019-01-08,2019010801002582,EBL,44,26,320,531.00,"169,920.00"
2019-01-08,2019010801002581,EBL,7,26,30,531.00,"15,930.00"
2019-01-08,2019010801002788,EBL,44,6,73,531.00,"38,763.00"
2019-01-08,2019010801003056,EIC,58,48,11,856.00,"9,416.00"
2019-01-08,2019010801003033,EIC,58,19,10,840.00,"8,400.00"
2019-01-08,2019010801003035,FOWAD,21,26,100,"1,495.00","149,500.00"
2019-01-08,2019010801002997,GBBL,32,48,200,189.00,"37,800.00"
2019-01-08,2019010801002767,GBBL,32,11,229,189.00,"43,281.00"
2019-01-08,2019010801002612,GBBL,32,14,736,189.00,"139,104.00"
2019-01-08,2019010801002587,GBIME,41,45,50,269.00,"13,450.00"
2019-01-08,2019010801003019,GBLBS,1,43,10,432.00,"4,320.00"
2019-01-08,2019010801002866,GBLBS,1,17,10,432.00,"4,320.00"
2019-01-08,2019010801002814,GBLBS,5,17,10,432.00,"4,320.00"
2019-01-08,2019010801002813,GBLBS,51,17,80,432.00,"34,560.00"
2019-01-08,2019010801003048,HBL,6,6,10,458.00,"4,580.00"
2019-01-08,2019010801003047,HBL,59,6,25,458.00,"11,450.00"
2019-01-08,2019010801003046,HBL,58,6,15,458.00,"6,870.00"
2019-01-08,2019010801002846,HBL,22,22,335,460.00,"154,100.00"
2019-01-08,2019010801002845,HBL,22,17,30,460.00,"13,800.00"
2019-01-08,2019010801003066,HGI,47,44,50,409.00,"20,450.00"
2019-01-08,2019010801002935,HGI,54,14,250,405.00,"101,250.00"
2019-01-08,2019010801002923,HIDCL,7,43,56,152.00,"8,512.00"
2019-01-08,2019010801002806,HIDCL,7,5,98,152.00,"14,896.00"
2019-01-08,2019010801002778,HIDCL,7,22,400,152.00,"60,800.00"
2019-01-08,2019010801002751,HIDCL,7,40,32,152.00,"4,864.00"
2019-01-08,2019010801003069,HPPL,45,26,10,185.00,"1,850.00"
2019-01-08,2019010801003057,HPPL,45,26,10,185.00,"1,850.00"
2019-01-08,2019010801002979,HPPL,45,26,260,185.00,"48,100.00"
2019-01-08,2019010801002773,HPPL,42,1,10,188.00,"1,880.00"
2019-01-08,2019010801002772,HPPL,42,19,10,188.00,"1,880.00"
2019-01-08,2019010801002771,HPPL,42,43,10,185.00,"1,850.00"
2019-01-08,2019010801002896,IGI,14,42,20,478.00,"9,560.00"
2019-01-08,2019010801002895,IGI,43,42,100,478.00,"47,800.00"
2019-01-08,2019010801002759,IGI,47,38,50,485.00,"24,250.00"
2019-01-08,2019010801002758,IGI,47,53,140,485.00,"67,900.00"
2019-01-08,2019010801002868,JBBL,21,41,50,138.00,"6,900.00"
2019-01-08,2019010801002867,JBBL,34,41,200,138.00,"27,600.00"
2019-01-08,2019010801002919,JBNL,34,48,500,169.00,"84,500.00"
2019-01-08,2019010801002803,JBNL,11,41,116,168.00,"19,488.00"
2019-01-08,2019010801002802,JBNL,38,41,179,169.00,"30,251.00"
2019-01-08,2019010801002722,JBNL,38,29,21,169.00,"3,549.00"
2019-01-08,2019010801003060,KBL,59,44,500,247.00,"123,500.00"
2019-01-08,2019010801002872,KBL,59,19,40,247.00,"9,880.00"
2019-01-08,2019010801002645,KBL,59,14,400,247.00,"98,800.00"
2019-01-08,2019010801002644,KBL,51,14,100,247.00,"24,700.00"
2019-01-08,2019010801002775,KMCDB,26,40,50,984.00,"49,200.00"
2019-01-08,2019010801002774,KMCDB,26,40,50,986.00,"49,300.00"
2019-01-08,2019010801002585,KMFL,16,41,190,941.00,"178,790.00"
2019-01-08,2019010801002584,KMFL,35,41,120,942.00,"113,040.00"
2019-01-08,2019010801002583,KMFL,55,41,10,945.00,"9,450.00"
2019-01-08,2019010801002906,KSBBL,7,40,20,136.00,"2,720.00"
2019-01-08,2019010801002856,KSBBL,29,40,200,136.00,"27,200.00"
2019-01-08,2019010801002756,KSBBL,29,38,183,136.00,"24,888.00"
2019-01-08,2019010801002705,KSBBL,17,38,27,136.00,"3,672.00"
2019-01-08,2019010801002580,KSBBL,17,28,73,136.00,"9,928.00"
2019-01-08,2019010801002954,LBBL,45,5,300,171.00,"51,300.00"
2019-01-08,2019010801002874,LBL,26,6,14,220.00,"3,080.00"
2019-01-08,2019010801002807,LBL,37,41,40,219.00,"8,760.00"
2019-01-08,2019010801002619,LGIL,46,28,21,539.00,"11,319.00"
2019-01-08,2019010801002611,LGIL,46,28,100,539.00,"53,900.00"
2019-01-08,2019010801003013,LICN,59,19,100,"1,673.00","167,300.00"
2019-01-08,2019010801002887,LLBS,7,17,30,785.00,"23,550.00"
2019-01-08,2019010801002827,MBL,26,38,400,208.00,"83,200.00"
2019-01-08,2019010801002629,MBL,26,47,93,208.00,"19,344.00"
2019-01-08,2019010801002899,MEGA,26,21,10,172.00,"1,720.00"
2019-01-08,2019010801002897,MEGA,49,48,291,171.00,"49,761.00"
2019-01-08,2019010801002817,MEGA,49,41,29,171.00,"4,959.00"
2019-01-08,2019010801002692,MEGA,49,38,125,171.00,"21,375.00"
2019-01-08,2019010801002653,MEGA,49,7,55,171.00,"9,405.00"
2019-01-08,2019010801002652,MEGA,32,7,145,171.00,"24,795.00"
2019-01-08,2019010801002995,MERO,48,59,25,"1,050.00","26,250.00"
2019-01-08,2019010801002947,MERO,48,49,24,"1,050.00","25,200.00"
2019-01-08,2019010801002770,MERO,48,13,16,"1,050.00","16,800.00"
2019-01-08,2019010801002769,MERO,48,41,29,"1,050.00","30,450.00"
2019-01-08,2019010801002728,MERO,42,6,16,"1,050.00","16,800.00"
2019-01-08,2019010801002811,MLBBL,42,21,20,927.00,"18,540.00"
2019-01-08,2019010801002810,MLBBL,11,21,23,927.00,"21,321.00"
2019-01-08,2019010801002797,MLBBL,41,41,50,931.00,"46,550.00"
2019-01-08,2019010801002796,MLBBL,41,41,50,931.00,"46,550.00"
2019-01-08,2019010801002795,MLBBL,41,41,50,931.00,"46,550.00"
2019-01-08,2019010801002794,MLBBL,52,41,50,931.00,"46,550.00"
2019-01-08,2019010801002749,MLBBL,19,28,20,939.00,"18,780.00"
2019-01-08,2019010801002966,MLBL,37,6,200,169.00,"33,800.00"
2019-01-08,2019010801002965,MLBL,52,6,89,169.00,"15,041.00"
2019-01-08,2019010801002621,MNBBL,55,26,250,341.00,"85,250.00"
2019-01-08,2019010801002590,MNBBL,1,19,50,340.00,"17,000.00"
2019-01-08,2019010801002588,MNBBL,22,26,150,341.00,"51,150.00"
2019-01-08,2019010801003050,MSMBS,34,34,35,537.00,"18,795.00"
2019-01-08,2019010801002982,NABIL,22,3,100,835.00,"83,500.00"
2019-01-08,2019010801002981,NABIL,19,3,300,835.00,"250,500.00"
2019-01-08,2019010801002911,NABIL,11,3,50,835.00,"41,750.00"
2019-01-08,2019010801002910,NABIL,38,3,100,835.00,"83,500.00"
2019-01-08,2019010801002755,NABIL,17,3,200,835.00,"167,000.00"
2019-01-08,2019010801002754,NABIL,42,3,100,835.00,"83,500.00"
2019-01-08,2019010801002753,NABIL,26,3,100,835.00,"83,500.00"
2019-01-08,2019010801002630,NABILP,38,3,150,715.00,"107,250.00"
2019-01-08,2019010801002592,NABILP,38,48,375,715.00,"268,125.00"
2019-01-08,2019010801002591,NABILP,38,6,25,715.00,"17,875.00"
2019-01-08,2019010801002586,NABILP,38,6,430,715.00,"307,450.00"
2019-01-08,2019010801002662,NABILP,38,39,50,716.00,"35,800.00"
2019-01-08,2019010801002661,NABILP,38,3,150,715.00,"107,250.00"
2019-01-08,2019010801002640,NABILP,52,3,100,715.00,"71,500.00"
2019-01-08,2019010801002632,NABILP,44,3,100,715.00,"71,500.00"
2019-01-08,2019010801003015,NADEP,59,59,10,791.00,"7,910.00"
2019-01-08,2019010801002800,NADEP,53,56,10,795.00,"7,950.00"
2019-01-08,2019010801002801,NADEP,53,21,40,795.00,"31,800.00"
2019-01-08,2019010801002932,NBB,44,43,10,189.00,"1,890.00"
2019-01-08,2019010801002691,NBB,44,34,104,189.00,"19,656.00"
2019-01-08,2019010801002690,NBB,36,34,100,189.00,"18,900.00"
2019-01-08,2019010801002689,NBB,41,34,300,189.00,"56,700.00"
2019-01-08,2019010801002609,NBB,21,1,43,189.00,"8,127.00"
2019-01-08,2019010801002608,NBB,21,1,500,189.00,"94,500.00"
2019-01-08,2019010801002601,NBB,43,1,200,189.00,"37,800.00"
2019-01-08,2019010801002600,NBB,51,1,330,189.00,"62,370.00"
2019-01-08,2019010801002599,NBB,56,1,227,189.00,"42,903.00"
2019-01-08,2019010801002607,NBB,33,1,"2,000",189.00,"378,000.00"
2019-01-08,2019010801002606,NBB,21,1,100,189.00,"18,900.00"
2019-01-08,2019010801002605,NBB,52,1,200,189.00,"37,800.00"
2019-01-08,2019010801002604,NBB,26,1,200,189.00,"37,800.00"
2019-01-08,2019010801002603,NBB,21,1,100,189.00,"18,900.00"
2019-01-08,2019010801002602,NBB,45,1,100,189.00,"18,900.00"
2019-01-08,2019010801002862,NBBL,34,19,10,800.00,"8,000.00"
2019-01-08,2019010801003070,NBL,50,35,50,307.00,"15,350.00"
2019-01-08,2019010801003055,NBL,7,35,"4,000",307.00,"1,228,000.00"
2019-01-08,2019010801003040,NBL,5,35,"1,000",307.00,"307,000.00"
2019-01-08,2019010801003016,NBL,25,35,930,307.00,"285,510.00"
2019-01-08,2019010801003009,NBL,14,35,140,307.00,"42,980.00"
2019-01-08,2019010801002990,NBL,14,50,360,307.00,"110,520.00"
2019-01-08,2019010801002624,NBL,49,35,"6,450",307.00,"1,980,150.00"
2019-01-08,2019010801002615,NBL,25,49,"6,500",307.00,"1,995,500.00"
2019-01-08,2019010801002614,NBL,58,6,"6,000",307.00,"1,842,000.00"
2019-01-08,2019010801002830,NBL,58,34,300,307.00,"92,100.00"
2019-01-08,2019010801002763,NBL,57,6,20,308.00,"6,160.00"
2019-01-08,2019010801002717,NBL,58,41,100,307.00,"30,700.00"
2019-01-08,2019010801002696,NBL,58,14,"1,000",307.00,"307,000.00"
2019-01-08,2019010801002649,NBL,58,38,450,307.00,"138,150.00"
2019-01-08,2019010801002648,NBL,49,38,550,307.00,"168,850.00"
2019-01-08,2019010801002885,NBL,25,35,500,307.00,"153,500.00"
2019-01-08,2019010801002855,NBL,10,35,"3,000",307.00,"921,000.00"
2019-01-08,2019010801002854,NBL,51,35,100,307.00,"30,700.00"
2019-01-08,2019010801002853,NBL,45,35,500,307.00,"153,500.00"
2019-01-08,2019010801002852,NBL,25,35,"2,500",307.00,"767,500.00"
2019-01-08,2019010801002851,NBL,58,35,150,307.00,"46,050.00"
2019-01-08,2019010801002989,NBL,6,50,150,307.00,"46,050.00"
2019-01-08,2019010801002978,NBL,5,6,"1,000",308.00,"308,000.00"
2019-01-08,2019010801002934,NBL,25,35,590,307.00,"181,130.00"
2019-01-08,2019010801002930,NBL,38,35,150,307.00,"46,050.00"
2019-01-08,2019010801002924,NBL,20,35,"2,500",307.00,"767,500.00"
2019-01-08,2019010801002915,NBL,26,35,10,307.00,"3,070.00"
2019-01-08,2019010801002883,NCCB,32,48,180,219.00,"39,420.00"
2019-01-08,2019010801002858,NCCB,32,1,352,219.00,"77,088.00"
2019-01-08,2019010801002857,NCCB,50,35,500,218.00,"109,000.00"
2019-01-08,2019010801002850,NCCB,50,1,148,219.00,"32,412.00"
2019-01-08,2019010801002849,NCCB,50,6,268,219.00,"58,692.00"
2019-01-08,2019010801002848,NCCB,50,47,34,219.00,"7,446.00"
2019-01-08,2019010801002610,NCCB,7,55,200,219.00,"43,800.00"
2019-01-08,2019010801002576,NCCB,39,38,85,219.00,"18,615.00"
2019-01-08,2019010801002575,NCCB,5,38,659,219.00,"144,321.00"
2019-01-08,2019010801002847,NCCB,50,41,50,219.00,"10,950.00"
2019-01-08,2019010801002764,NCCB,32,34,"2,000",219.00,"438,000.00"
2019-01-08,2019010801002651,NCCB,32,46,250,219.00,"54,750.00"
2019-01-08,2019010801002643,NCCB,32,44,250,219.00,"54,750.00"
2019-01-08,2019010801002642,NCCB,51,44,250,219.00,"54,750.00"
2019-01-08,2019010801002641,NCCB,7,44,300,219.00,"65,700.00"
2019-01-08,2019010801002985,NEF,11,1,"2,414",8.44,"20,374.16"
2019-01-08,2019010801002628,NEF,39,17,"2,000",8.59,"17,180.00"
2019-01-08,2019010801002750,NGPL,57,59,70,127.00,"8,890.00"
2019-01-08,2019010801002595,NGPL,37,51,373,125.00,"46,625.00"
2019-01-08,2019010801002594,NGPL,17,51,100,125.00,"12,500.00"
2019-01-08,2019010801002593,NGPL,37,51,27,126.00,"3,402.00"
2019-01-08,2019010801002967,NHPC,45,48,"1,000",68.00,"68,000.00"
2019-01-08,2019010801002879,NHPC,37,41,100,67.00,"6,700.00"
2019-01-08,2019010801002743,NHPC,22,41,500,68.00,"34,000.00"
2019-01-08,2019010801002742,NHPC,41,41,20,68.00,"1,360.00"
2019-01-08,2019010801003072,NIB,34,6,10,549.00,"5,490.00"
2019-01-08,2019010801003071,NIB,34,26,190,549.00,"104,310.00"
2019-01-08,2019010801002992,NIB,43,43,6,545.00,"3,270.00"
2019-01-08,2019010801002946,NIB,38,21,10,547.00,"5,470.00"
2019-01-08,2019010801002920,NIB,26,26,10,549.00,"5,490.00"
2019-01-08,2019010801002741,NIB,43,14,778,548.00,"426,344.00"
2019-01-08,2019010801002740,NIB,43,55,155,548.00,"84,940.00"
2019-01-08,2019010801003051,NIBPO,28,45,294,490.00,"144,060.00"
2019-01-08,2019010801003045,NIBPO,45,45,30,490.00,"14,700.00"
2019-01-08,2019010801003044,NIBPO,42,45,50,490.00,"24,500.00"
2019-01-08,2019010801003043,NIBPO,11,45,200,490.00,"98,000.00"
2019-01-08,2019010801002913,NIBPO,17,22,10,492.00,"4,920.00"
2019-01-08,2019010801002912,NIBPO,47,22,100,492.00,"49,200.00"
2019-01-08,2019010801002893,NIBPO,52,45,50,494.00,"24,700.00"
2019-01-08,2019010801002956,NICA,17,50,50,382.00,"19,100.00"
2019-01-08,2019010801002821,NICA,41,6,100,382.00,"38,200.00"
2019-01-08,2019010801002820,NICA,43,6,32,382.00,"12,224.00"
2019-01-08,2019010801002627,NICA,14,6,15,384.00,"5,760.00"
2019-01-08,2019010801002964,NICL,53,10,340,563.00,"191,420.00"
2019-01-08,2019010801002963,NICL,46,10,500,563.00,"281,500.00"
2019-01-08,2019010801002962,NICL,25,10,160,564.00,"90,240.00"
2019-01-08,2019010801002949,NIL,50,36,27,542.00,"14,634.00"
2019-01-08,2019010801002828,NIL,51,36,200,539.00,"107,800.00"
2019-01-08,2019010801002789,NIL,51,16,200,539.00,"107,800.00"
2019-01-08,2019010801003034,NLBBL,42,59,20,472.00,"9,440.00"
2019-01-08,2019010801002761,NLG,45,18,73,854.00,"62,342.00"
2019-01-08,2019010801002760,NLG,58,18,200,855.00,"171,000.00"
2019-01-08,2019010801002988,NLIC,57,1,17,"1,104.00","18,768.00"
2019-01-08,2019010801002944,NLIC,57,29,17,"1,104.00","18,768.00"
2019-01-08,2019010801002943,NLIC,57,17,40,"1,104.00","44,160.00"
2019-01-08,2019010801002942,NLIC,57,55,300,"1,104.00","331,200.00"
2019-01-08,2019010801002941,NLIC,57,53,48,"1,103.00","52,944.00"
2019-01-08,2019010801002940,NLIC,57,6,17,"1,102.00","18,734.00"
2019-01-08,2019010801002939,NLIC,57,45,50,"1,100.00","55,000.00"
2019-01-08,2019010801002720,NLIC,45,17,70,"1,100.00","77,000.00"
2019-01-08,2019010801002719,NLIC,16,17,300,"1,100.00","330,000.00"
2019-01-08,2019010801002718,NLIC,36,17,20,"1,100.00","22,000.00"
2019-01-08,2019010801002655,NLIC,36,17,180,"1,100.00","198,000.00"
2019-01-08,2019010801002654,NLIC,46,17,20,"1,101.00","22,020.00"
2019-01-08,2019010801003039,NLICL,48,21,10,710.00,"7,100.00"
2019-01-08,2019010801002914,NLICL,22,48,97,712.00,"69,064.00"
2019-01-08,2019010801002734,NLICL,48,52,90,710.00,"63,900.00"
2019-01-08,2019010801002733,NLICL,38,52,50,711.00,"35,550.00"
2019-01-08,2019010801002993,NMB,45,43,250,325.00,"81,250.00"
2019-01-08,2019010801002891,NMB,45,43,600,325.00,"195,000.00"
2019-01-08,2019010801002888,NMB,34,46,20,324.00,"6,480.00"
2019-01-08,2019010801002829,NMB,34,43,335,324.00,"108,540.00"
2019-01-08,2019010801002646,NMB,7,52,140,325.00,"45,500.00"
2019-01-08,2019010801002635,NMB,7,57,60,325.00,"19,500.00"
2019-01-08,2019010801002623,NMB,34,57,50,325.00,"16,250.00"
2019-01-08,2019010801002622,NMB,5,57,90,325.00,"29,250.00"
2019-01-08,2019010801002823,NMBMF,10,36,20,"1,135.00","22,700.00"
2019-01-08,2019010801002822,NMBMF,57,36,20,"1,136.00","22,720.00"
2019-01-08,2019010801003068,NNLB,45,34,36,593.00,"21,348.00"
2019-01-08,2019010801002986,PCBL,34,14,500,335.00,"167,500.00"
2019-01-08,2019010801002881,PCBL,6,34,170,334.00,"56,780.00"
2019-01-08,2019010801002880,PCBL,52,34,30,334.00,"10,020.00"
2019-01-08,2019010801002826,PCBL,13,14,500,335.00,"167,500.00"
2019-01-08,2019010801002783,PCBL,6,48,650,335.00,"217,750.00"
2019-01-08,2019010801002782,PCBL,6,6,100,335.00,"33,500.00"
2019-01-08,2019010801002781,PCBL,6,49,150,335.00,"50,250.00"
2019-01-08,2019010801002780,PCBL,6,19,204,335.00,"68,340.00"
2019-01-08,2019010801002768,PCBL,6,26,250,334.00,"83,500.00"
2019-01-08,2019010801002729,PCBL,17,19,50,335.00,"16,750.00"
2019-01-08,2019010801002657,PCBL,6,47,222,334.00,"74,148.00"
2019-01-08,2019010801003031,PFL,16,43,10,136.00,"1,360.00"
2019-01-08,2019010801002660,PFL,48,17,37,135.00,"4,995.00"
2019-01-08,2019010801002659,PFL,48,54,32,135.00,"4,320.00"
2019-01-08,2019010801002951,PIC,50,43,11,"1,025.00","11,275.00"
2019-01-08,2019010801002638,PIC,7,44,500,"1,026.00","513,000.00"
2019-01-08,2019010801002637,PIC,7,1,11,"1,025.00","11,275.00"
2019-01-08,2019010801002636,PIC,7,5,10,"1,024.00","10,240.00"
2019-01-08,2019010801002579,PICL,52,52,100,699.00,"69,900.00"
2019-01-08,2019010801003063,PLIC,52,11,93,502.00,"46,686.00"
2019-01-08,2019010801003062,PLIC,35,11,100,502.00,"50,200.00"
2019-01-08,2019010801003061,PLIC,35,11,150,502.00,"75,300.00"
2019-01-08,2019010801002890,PLIC,53,39,350,503.00,"176,050.00"
2019-01-08,2019010801002889,PLIC,47,39,200,503.00,"100,600.00"
2019-01-08,2019010801002860,PLIC,21,16,100,504.00,"50,400.00"
2019-01-08,2019010801002859,PLIC,22,16,78,505.00,"39,390.00"
2019-01-08,2019010801002831,PLIC,55,39,350,506.00,"177,100.00"
2019-01-08,2019010801002779,PLIC,47,39,200,509.00,"101,800.00"
2019-01-08,2019010801002736,PLIC,25,55,50,507.00,"25,350.00"
2019-01-08,2019010801002735,PLIC,22,55,50,507.00,"25,350.00"
2019-01-08,2019010801002842,PMHPL,25,17,40,115.00,"4,600.00"
2019-01-08,2019010801002841,PMHPL,10,17,10,115.00,"1,150.00"
2019-01-08,2019010801002996,PRIN,45,33,100,455.00,"45,500.00"
2019-01-08,2019010801002928,PRIN,45,10,150,456.00,"68,400.00"
2019-01-08,2019010801002787,PRIN,40,22,100,454.00,"45,400.00"
2019-01-08,2019010801002784,PRIN,51,10,150,456.00,"68,400.00"
2019-01-08,2019010801002777,PRIN,40,35,100,454.00,"45,400.00"
2019-01-08,2019010801002688,PRIN,40,6,83,454.00,"37,682.00"
2019-01-08,2019010801003064,PRVU,28,29,50,246.00,"12,300.00"
2019-01-08,2019010801003042,PRVU,28,59,24,246.00,"5,904.00"
2019-01-08,2019010801003038,PRVU,28,19,500,246.00,"123,000.00"
2019-01-08,2019010801002977,PRVU,28,13,380,246.00,"93,480.00"
2019-01-08,2019010801002976,PRVU,35,13,50,246.00,"12,300.00"
2019-01-08,2019010801002975,PRVU,19,13,570,246.00,"140,220.00"
2019-01-08,2019010801002886,PRVU,26,55,10,247.00,"2,470.00"
2019-01-08,2019010801002861,PRVU,46,55,30,247.00,"7,410.00"
2019-01-08,2019010801002825,PRVU,4,58,"2,251",246.00,"553,746.00"
2019-01-08,2019010801002709,PRVU,4,58,"3,000",246.00,"738,000.00"
2019-01-08,2019010801003029,RBCL,25,5,10,"9,456.00","94,560.00"
2019-01-08,2019010801003028,RBCL,6,5,10,"9,456.00","94,560.00"
2019-01-08,2019010801003027,RBCL,22,5,10,"9,460.00","94,600.00"
2019-01-08,2019010801002618,RHPC,45,43,12,99.00,"1,188.00"
2019-01-08,2019010801002617,RHPC,45,50,555,99.00,"54,945.00"
2019-01-08,2019010801002613,RHPC,45,50,500,99.00,"49,500.00"
2019-01-08,2019010801002863,RMDC,47,5,490,555.00,"271,950.00"
2019-01-08,2019010801002819,RMDC,47,21,10,555.00,"5,550.00"
2019-01-08,2019010801002762,RMDC,10,5,387,553.00,"214,011.00"
2019-01-08,2019010801003041,RRHP,19,43,10,104.00,"1,040.00"
2019-01-08,2019010801003054,RSDC,58,11,100,390.00,"39,000.00"
2019-01-08,2019010801003053,RSDC,39,11,10,391.00,"3,910.00"
2019-01-08,2019010801003052,RSDC,51,11,89,391.00,"34,799.00"
2019-01-08,2019010801003012,SADBL,18,1,500,138.00,"69,000.00"
2019-01-08,2019010801003011,SADBL,52,1,100,138.00,"13,800.00"
2019-01-08,2019010801002994,SANIMA,46,14,50,307.00,"15,350.00"
2019-01-08,2019010801002878,SANIMA,25,14,10,307.00,"3,070.00"
2019-01-08,2019010801002969,SBI,6,38,300,391.00,"117,300.00"
2019-01-08,2019010801002598,SBI,6,52,200,390.00,"78,000.00"
2019-01-08,2019010801002597,SBI,1,52,130,390.00,"50,700.00"
2019-01-08,2019010801002596,SBI,17,47,10,393.00,"3,930.00"
2019-01-08,2019010801003004,SBL,17,6,100,290.00,"29,000.00"
2019-01-08,2019010801002716,SBL,6,10,517,289.00,"149,413.00"
2019-01-08,2019010801002715,SBL,34,10,"1,000",289.00,"289,000.00"
2019-01-08,2019010801002714,SBL,43,10,200,289.00,"57,800.00"
2019-01-08,2019010801002713,SBL,53,10,150,289.00,"43,350.00"
2019-01-08,2019010801002712,SBL,41,10,80,289.00,"23,120.00"
2019-01-08,2019010801002711,SBL,58,10,53,290.00,"15,370.00"
2019-01-08,2019010801002633,SBL,28,52,99,290.00,"28,710.00"
2019-01-08,2019010801002578,SBL,28,52,381,290.00,"110,490.00"
2019-01-08,2019010801002577,SBL,45,52,20,290.00,"5,800.00"
2019-01-08,2019010801003067,SCB,42,6,40,603.00,"24,120.00"
2019-01-08,2019010801002884,SCB,42,48,50,603.00,"30,150.00"
2019-01-08,2019010801002843,SCB,21,6,10,605.00,"6,050.00"
2019-01-08,2019010801002747,SCB,48,52,150,604.00,"90,600.00"
2019-01-08,2019010801002746,SCB,22,52,30,605.00,"18,150.00"
2019-01-08,2019010801002838,SCB,42,40,201,603.00,"121,203.00"
2019-01-08,2019010801002837,SCB,1,40,150,604.00,"90,600.00"
2019-01-08,2019010801002836,SCB,17,40,100,604.00,"60,400.00"
2019-01-08,2019010801002835,SCB,42,40,75,604.00,"45,300.00"
2019-01-08,2019010801002834,SCB,48,40,100,604.00,"60,400.00"
2019-01-08,2019010801003073,SDESI,55,59,11,661.00,"7,271.00"
2019-01-08,2019010801002658,SDESI,55,34,51,661.00,"33,711.00"
2019-01-08,2019010801002805,SHINE,42,19,160,246.00,"39,360.00"
2019-01-08,2019010801002833,SHL,54,22,200,204.00,"40,800.00"
2019-01-08,2019010801002832,SHL,50,22,100,204.00,"20,400.00"
2019-01-08,2019010801003007,SHPC,6,58,200,228.00,"45,600.00"
2019-01-08,2019010801002732,SHPC,38,41,100,227.00,"22,700.00"
2019-01-08,2019010801002698,SHPC,6,6,"1,000",228.00,"228,000.00"
2019-01-08,2019010801002616,SHPC,34,18,36,228.00,"8,208.00"
2019-01-08,2019010801003006,SIC,53,19,50,"1,311.00","65,550.00"
2019-01-08,2019010801003005,SIC,16,19,50,"1,312.00","65,600.00"
2019-01-08,2019010801002752,SIC,11,38,100,"1,312.00","131,200.00"
2019-01-08,2019010801002958,SICL,42,19,130,912.00,"118,560.00"
2019-01-08,2019010801002925,SICL,42,14,15,912.00,"13,680.00"
2019-01-08,2019010801002697,SICL,51,5,500,913.00,"456,500.00"
2019-01-08,2019010801002656,SICL,4,19,50,915.00,"45,750.00"
2019-01-08,2019010801003026,SIL,34,10,786,650.00,"510,900.00"
2019-01-08,2019010801003025,SIL,32,10,100,650.00,"65,000.00"
2019-01-08,2019010801003024,SIL,21,10,100,651.00,"65,100.00"
2019-01-08,2019010801003023,SIL,51,10,500,651.00,"325,500.00"
2019-01-08,2019010801003022,SIL,22,10,300,651.00,"195,300.00"
2019-01-08,2019010801003021,SIL,51,10,200,652.00,"130,400.00"
2019-01-08,2019010801003020,SIL,55,10,14,653.00,"9,142.00"
2019-01-08,2019010801002950,SIL,55,48,230,653.00,"150,190.00"
2019-01-08,2019010801002917,SIL,55,16,156,653.00,"101,868.00"
2019-01-08,2019010801002916,SIL,44,16,144,653.00,"94,032.00"
2019-01-08,2019010801002620,SIL,29,48,200,654.00,"130,800.00"
2019-01-08,2019010801002816,SKBBL,5,36,24,"1,056.00","25,344.00"
2019-01-08,2019010801002815,SKBBL,57,36,76,"1,056.00","80,256.00"
2019-01-08,2019010801002776,SKBBL,45,43,30,"1,064.00","31,920.00"
2019-01-08,2019010801002687,SKBBL,57,38,24,"1,056.00","25,344.00"
2019-01-08,2019010801002686,SKBBL,1,38,52,"1,056.00","54,912.00"
2019-01-08,2019010801002685,SKBBL,35,38,10,"1,057.00","10,570.00"
2019-01-08,2019010801002739,SLBBL,19,25,190,541.00,"102,790.00"
2019-01-08,2019010801002731,SLBBL,46,25,30,542.00,"16,260.00"
2019-01-08,2019010801002730,SLBBL,26,25,41,543.00,"22,263.00"
2019-01-08,2019010801002983,SLBS,45,58,20,"1,036.00","20,720.00"
2019-01-08,2019010801002710,SLICL,33,42,50,556.00,"27,800.00"
2019-01-08,2019010801002650,SLICL,21,50,90,560.00,"50,400.00"
2019-01-08,2019010801002974,SMB,39,45,10,620.00,"6,200.00"
2019-01-08,2019010801002980,SMFDB,49,40,100,704.00,"70,400.00"
2019-01-08,2019010801002971,SMFDB,43,40,10,706.00,"7,060.00"
2019-01-08,2019010801003018,SRBL,48,48,500,215.00,"107,500.00"
2019-01-08,2019010801003010,SRBL,28,48,200,215.00,"43,000.00"
2019-01-08,2019010801002973,SRBL,35,22,200,215.00,"43,000.00"
2019-01-08,2019010801002972,SRBL,35,21,21,215.00,"4,515.00"
2019-01-08,2019010801002948,SRBL,28,59,82,214.00,"17,548.00"
2019-01-08,2019010801002727,SRBL,13,21,98,215.00,"21,070.00"
2019-01-08,2019010801002724,SRBL,13,21,102,215.00,"21,930.00"
2019-01-08,2019010801002723,SRBL,28,21,200,215.00,"43,000.00"
2019-01-08,2019010801002574,SWBBL,26,21,10,854.00,"8,540.00"
2019-01-08,2019010801002329,ADBL,49,33,213,348.00,"74,124.00"
2019-01-08,2019010801002284,ADBL,28,45,50,349.00,"17,450.00"
2019-01-08,2019010801002255,ADBL,49,57,105,348.00,"36,540.00"
2019-01-08,2019010801002254,ADBL,49,39,183,348.00,"63,684.00"
2019-01-08,2019010801002160,AKJCL,36,10,10,93.00,930.00
2019-01-08,2019010801002159,AKJCL,36,10,10,93.00,930.00
2019-01-08,2019010801002097,AKJCL,45,34,20,92.00,"1,840.00"
2019-01-08,2019010801002092,AKJCL,45,34,20,92.00,"1,840.00"
2019-01-08,2019010801002089,AKJCL,45,34,20,92.00,"1,840.00"
2019-01-08,2019010801002086,AKJCL,45,34,20,92.00,"1,840.00"
2019-01-08,2019010801002217,AKPL,58,44,10,184.00,"1,840.00"
2019-01-08,2019010801002446,ALICL,58,50,81,611.00,"49,491.00"
2019-01-08,2019010801002294,ALICL,55,50,19,611.00,"11,609.00"
2019-01-08,2019010801002493,API,34,57,430,154.00,"66,220.00"
2019-01-08,2019010801002212,API,40,57,40,155.00,"6,200.00"
2019-01-08,2019010801002199,API,34,28,70,154.00,"10,780.00"
2019-01-08,2019010801002321,BHBL,36,34,20,136.00,"2,720.00"
2019-01-08,2019010801002513,BOKL,42,5,10,332.00,"3,320.00"
2019-01-08,2019010801002477,BOKL,32,6,60,331.00,"19,860.00"
2019-01-08,2019010801002476,BOKL,32,5,770,331.00,"254,870.00"
2019-01-08,2019010801002430,BOKL,5,5,300,330.00,"99,000.00"
2019-01-08,2019010801002421,BOKL,5,5,200,330.00,"66,000.00"
2019-01-08,2019010801002420,BOKL,50,5,300,330.00,"99,000.00"
2019-01-08,2019010801002158,BOKL,59,5,700,331.00,"231,700.00"
2019-01-08,2019010801002127,BOKL,1,5,300,331.00,"99,300.00"
2019-01-08,2019010801002360,BOKL,57,5,100,331.00,"33,100.00"
2019-01-08,2019010801002352,BOKL,54,5,"1,000",330.00,"330,000.00"
2019-01-08,2019010801002253,BOKL,10,5,130,331.00,"43,030.00"
2019-01-08,2019010801002206,BOKL,40,5,50,332.00,"16,600.00"
2019-01-08,2019010801002197,BOKL,49,5,500,331.00,"165,500.00"
2019-01-08,2019010801002196,BOKL,59,5,250,331.00,"82,750.00"
2019-01-08,2019010801002278,BPCL,59,49,70,370.00,"25,900.00"
2019-01-08,2019010801002181,BPCL,29,49,500,370.00,"185,000.00"
2019-01-08,2019010801002180,BPCL,57,49,430,370.00,"159,100.00"
2019-01-08,2019010801002542,CBBL,17,1,30,827.00,"24,810.00"
2019-01-08,2019010801002489,CBBL,38,25,375,825.00,"309,375.00"
2019-01-08,2019010801002466,CBBL,6,25,25,825.00,"20,625.00"
2019-01-08,2019010801002307,CBBL,17,42,100,825.00,"82,500.00"
2019-01-08,2019010801002306,CBBL,17,29,39,825.00,"32,175.00"
2019-01-08,2019010801002124,CBBL,39,29,20,825.00,"16,500.00"
2019-01-08,2019010801002565,CBL,45,17,182,162.00,"29,484.00"
2019-01-08,2019010801002276,CBL,17,38,500,163.00,"81,500.00"
2019-01-08,2019010801002275,CBL,17,57,221,163.00,"36,023.00"
2019-01-08,2019010801002274,CBL,17,6,100,163.00,"16,300.00"
2019-01-08,2019010801002273,CBL,17,57,720,163.00,"117,360.00"
2019-01-08,2019010801002272,CBL,17,5,958,163.00,"156,154.00"
2019-01-08,2019010801002216,CBL,33,5,200,163.00,"32,600.00"
2019-01-08,2019010801002189,CBL,33,5,100,163.00,"16,300.00"
2019-01-08,2019010801002081,CBL,33,44,942,162.00,"152,604.00"
2019-01-08,2019010801002553,CCBL,26,41,63,172.00,"10,836.00"
2019-01-08,2019010801002552,CCBL,26,40,92,172.00,"15,824.00"
2019-01-08,2019010801002551,CCBL,26,40,95,172.00,"16,340.00"
2019-01-08,2019010801002550,CCBL,26,51,50,172.00,"8,600.00"
2019-01-08,2019010801002314,CCBL,49,56,65,171.00,"11,115.00"
2019-01-08,2019010801002288,CCBL,10,6,90,170.00,"15,300.00"
2019-01-08,2019010801002539,CHCL,26,34,37,547.00,"20,239.00"
2019-01-08,2019010801002423,CHCL,45,33,500,547.00,"273,500.00"
2019-01-08,2019010801002366,CHCL,38,17,60,549.00,"32,940.00"
2019-01-08,2019010801002361,CHCL,38,17,60,549.00,"32,940.00"
2019-01-08,2019010801002359,CHCL,38,17,60,549.00,"32,940.00"
2019-01-08,2019010801002355,CHCL,38,17,64,549.00,"35,136.00"
2019-01-08,2019010801002155,CHCL,19,6,165,547.00,"90,255.00"
2019-01-08,2019010801002354,CHCL,38,10,200,548.00,"109,600.00"
2019-01-08,2019010801002303,CHCL,37,1,45,547.00,"24,615.00"
2019-01-08,2019010801002302,CHCL,19,1,100,547.00,"54,700.00"
2019-01-08,2019010801002301,CHCL,33,1,55,547.00,"30,085.00"
2019-01-08,2019010801002195,CHCL,33,39,50,547.00,"27,350.00"
2019-01-08,2019010801002179,CHCL,19,10,20,547.00,"10,940.00"
2019-01-08,2019010801002396,CZBIL,57,16,"1,593",212.00,"337,716.00"
2019-01-08,2019010801002395,CZBIL,17,16,"1,000",213.00,"213,000.00"
2019-01-08,2019010801002394,CZBIL,39,16,10,213.00,"2,130.00"
2019-01-08,2019010801002367,CZBIL,39,44,12,213.00,"2,556.00"
2019-01-08,2019010801002452,DBBL,32,48,500,127.00,"63,500.00"
2019-01-08,2019010801002451,DBBL,32,40,285,127.00,"36,195.00"
2019-01-08,2019010801002079,DBBL,32,21,397,127.00,"50,419.00"
2019-01-08,2019010801002078,DBBL,32,46,275,127.00,"34,925.00"
2019-01-08,2019010801002077,DBBL,32,45,900,127.00,"114,300.00"
2019-01-08,2019010801002570,DDBL,57,6,100,635.00,"63,500.00"
2019-01-08,2019010801002374,DDBL,44,13,100,638.00,"63,800.00"
2019-01-08,2019010801002140,DDBL,44,44,705,635.00,"447,675.00"
2019-01-08,2019010801002568,EBL,49,6,50,532.00,"26,600.00"
2019-01-08,2019010801002564,EBL,59,19,337,530.00,"178,610.00"
2019-01-08,2019010801002563,EBL,21,19,100,530.00,"53,000.00"
2019-01-08,2019010801002562,EBL,52,19,100,530.00,"53,000.00"
2019-01-08,2019010801002561,EBL,56,19,100,530.00,"53,000.00"
2019-01-08,2019010801002560,EBL,18,19,200,530.00,"106,000.00"
2019-01-08,2019010801002119,EBL,46,3,10,533.00,"5,330.00"
2019-01-08,2019010801002383,EBL,32,3,500,533.00,"266,500.00"
2019-01-08,2019010801002313,EBL,17,3,500,533.00,"266,500.00"
2019-01-08,2019010801002312,EBL,17,3,290,533.00,"154,570.00"
2019-01-08,2019010801002559,EBL,25,19,33,530.00,"17,490.00"
2019-01-08,2019010801002558,EBL,32,19,30,531.00,"15,930.00"
2019-01-08,2019010801002527,EBL,32,39,10,531.00,"5,310.00"
2019-01-08,2019010801002497,EBL,32,41,160,531.00,"84,960.00"
2019-01-08,2019010801002496,EBL,56,41,40,531.00,"21,240.00"
2019-01-08,2019010801002328,EDBL,55,58,121,280.00,"33,880.00"
2019-01-08,2019010801002504,FOWAD,21,42,10,"1,500.00","15,000.00"
2019-01-08,2019010801002445,FOWAD,58,43,50,"1,500.00","75,000.00"
2019-01-08,2019010801002287,FOWAD,21,47,102,"1,500.00","153,000.00"
2019-01-08,2019010801002554,GBBL,32,14,364,189.00,"68,796.00"
2019-01-08,2019010801002439,GBIME,22,13,"1,176",270.00,"317,520.00"
2019-01-08,2019010801002438,GBIME,22,22,201,270.00,"54,270.00"
2019-01-08,2019010801002400,GBIME,17,22,15,270.00,"4,050.00"
2019-01-08,2019010801002393,GBIME,41,17,90,269.00,"24,210.00"
2019-01-08,2019010801002356,GBIME,26,22,39,270.00,"10,530.00"
2019-01-08,2019010801002262,GBIME,26,57,261,270.00,"70,470.00"
2019-01-08,2019010801002214,GBIME,56,57,100,270.00,"27,000.00"
2019-01-08,2019010801002177,GBIME,41,41,70,269.00,"18,830.00"
2019-01-08,2019010801002176,GBIME,29,41,30,269.00,"8,070.00"
2019-01-08,2019010801002174,GBIME,29,44,20,269.00,"5,380.00"
2019-01-08,2019010801002098,GBIME,59,57,89,270.00,"24,030.00"
2019-01-08,2019010801002385,GBLBS,58,59,30,433.00,"12,990.00"
2019-01-08,2019010801002384,GBLBS,45,59,50,433.00,"21,650.00"
2019-01-08,2019010801002469,GLICL,41,41,282,714.00,"201,348.00"
2019-01-08,2019010801002468,GLICL,35,41,30,715.00,"21,450.00"
2019-01-08,2019010801002467,GLICL,5,41,20,715.00,"14,300.00"
2019-01-08,2019010801002506,GRDBL,25,33,10,109.00,"1,090.00"
2019-01-08,2019010801002251,GRDBL,46,22,250,108.00,"27,000.00"
2019-01-08,2019010801002239,HBL,43,22,363,459.00,"166,617.00"
2019-01-08,2019010801002101,HBL,43,29,37,459.00,"16,983.00"
2019-01-08,2019010801002353,HGI,51,32,212,404.00,"85,648.00"
2019-01-08,2019010801002338,HGI,42,18,50,402.00,"20,100.00"
2019-01-08,2019010801002305,HGI,1,47,300,403.00,"120,900.00"
2019-01-08,2019010801002434,HIDCL,36,34,40,153.00,"6,120.00"
2019-01-08,2019010801002447,HPPL,18,18,60,185.00,"11,100.00"
2019-01-08,2019010801002190,HPPL,52,26,420,184.00,"77,280.00"
2019-01-08,2019010801002150,HPPL,41,28,10,185.00,"1,850.00"
2019-01-08,2019010801002144,HPPL,22,28,50,185.00,"9,250.00"
2019-01-08,2019010801002099,HPPL,22,52,20,185.00,"3,700.00"
2019-01-08,2019010801002213,ICFC,35,35,70,156.00,"10,920.00"
2019-01-08,2019010801002198,ICFC,28,22,800,155.00,"124,000.00"
2019-01-08,2019010801002169,ICFC,28,14,200,155.00,"31,000.00"
2019-01-08,2019010801002498,IGI,42,53,30,485.00,"14,550.00"
2019-01-08,2019010801002292,JBBL,38,51,13,140.00,"1,820.00"
2019-01-08,2019010801002291,JBBL,38,51,13,140.00,"1,820.00"
2019-01-08,2019010801002290,JBBL,38,59,55,140.00,"7,700.00"
2019-01-08,2019010801002289,JBBL,38,16,52,139.00,"7,228.00"
2019-01-08,2019010801002242,JBBL,38,16,92,139.00,"12,788.00"
2019-01-08,2019010801002241,JBBL,38,16,179,139.00,"24,881.00"
2019-01-08,2019010801002240,JBBL,38,16,179,139.00,"24,881.00"
2019-01-08,2019010801002104,JBBL,21,21,1,137.00,137.00
2019-01-08,2019010801002082,JBBL,29,29,91,139.00,"12,649.00"
2019-01-08,2019010801002415,JBNL,58,57,"1,144",169.00,"193,336.00"
2019-01-08,2019010801002414,JBNL,58,22,"1,237",169.00,"209,053.00"
2019-01-08,2019010801002413,JBNL,58,17,522,169.00,"88,218.00"
2019-01-08,2019010801002231,JEFL,49,13,350,118.00,"41,300.00"
2019-01-08,2019010801002317,KBL,6,22,240,247.00,"59,280.00"
2019-01-08,2019010801002310,KBL,6,22,240,247.00,"59,280.00"
2019-01-08,2019010801002248,KBL,52,22,50,247.00,"12,350.00"
2019-01-08,2019010801002247,KBL,16,22,154,247.00,"38,038.00"
2019-01-08,2019010801002146,KBL,16,21,466,247.00,"115,102.00"
2019-01-08,2019010801002076,KBL,18,39,40,248.00,"9,920.00"
2019-01-08,2019010801002397,KEBL,42,6,100,203.00,"20,300.00"
2019-01-08,2019010801002324,KEBL,17,34,50,203.00,"10,150.00"
2019-01-08,2019010801002323,KEBL,39,34,60,204.00,"12,240.00"
2019-01-08,2019010801002491,KPCL,45,6,10,100.00,"1,000.00"
2019-01-08,2019010801002573,KSBBL,28,1,100,137.00,"13,700.00"
2019-01-08,2019010801002456,KSBBL,34,33,"2,316",136.00,"314,976.00"
2019-01-08,2019010801002299,KSBBL,29,33,"2,000",136.00,"272,000.00"
2019-01-08,2019010801002267,KSBBL,14,33,50,136.00,"6,800.00"
2019-01-08,2019010801002252,KSBBL,45,18,78,135.00,"10,530.00"
2019-01-08,2019010801002443,LBBL,44,41,500,172.00,"86,000.00"
2019-01-08,2019010801002442,LBBL,44,46,20,172.00,"3,440.00"
2019-01-08,2019010801002441,LBBL,44,38,"2,400",172.00,"412,800.00"
2019-01-08,2019010801002249,LBBL,32,52,"1,133",171.00,"193,743.00"
2019-01-08,2019010801002233,LBBL,32,52,200,171.00,"34,200.00"
2019-01-08,2019010801002087,LBBL,39,52,20,171.00,"3,420.00"
2019-01-08,2019010801002433,LBL,37,17,270,219.00,"59,130.00"
2019-01-08,2019010801002429,LBL,37,17,150,219.00,"32,850.00"
2019-01-08,2019010801002322,LBL,5,17,150,219.00,"32,850.00"
2019-01-08,2019010801002139,LBL,39,17,100,219.00,"21,900.00"
2019-01-08,2019010801002118,LBL,13,17,80,219.00,"17,520.00"
2019-01-08,2019010801002297,LGIL,48,16,500,542.00,"271,000.00"
2019-01-08,2019010801002235,LGIL,25,13,50,540.00,"27,000.00"
2019-01-08,2019010801002234,LGIL,25,53,464,540.00,"250,560.00"
2019-01-08,2019010801002567,LICN,59,19,100,"1,674.00","167,400.00"
2019-01-08,2019010801002566,LICN,59,19,100,"1,675.00","167,500.00"
2019-01-08,2019010801002164,LICN,59,22,200,"1,680.00","336,000.00"
2019-01-08,2019010801002163,LICN,59,35,100,"1,680.00","168,000.00"
2019-01-08,2019010801002162,LICN,59,55,100,"1,679.00","167,900.00"
2019-01-08,2019010801002122,LICN,59,55,33,"1,675.00","55,275.00"
2019-01-08,2019010801002412,LLBS,28,42,11,790.00,"8,690.00"
2019-01-08,2019010801002411,LLBS,28,45,10,780.00,"7,800.00"
2019-01-08,2019010801002501,MBL,43,47,50,208.00,"10,400.00"
2019-01-08,2019010801002500,MBL,11,47,57,208.00,"11,856.00"
2019-01-08,2019010801002475,MBL,11,59,43,208.00,"8,944.00"
2019-01-08,2019010801002474,MBL,7,59,400,208.00,"83,200.00"
2019-01-08,2019010801002473,MBL,37,59,57,208.00,"11,856.00"
2019-01-08,2019010801002120,MDB,16,38,200,285.00,"57,000.00"
2019-01-08,2019010801002541,MEGA,32,53,355,171.00,"60,705.00"
2019-01-08,2019010801002540,MEGA,48,53,145,171.00,"24,795.00"
2019-01-08,2019010801002419,MEGA,48,32,155,171.00,"26,505.00"
2019-01-08,2019010801002418,MEGA,22,32,20,171.00,"3,420.00"
2019-01-08,2019010801002417,MEGA,36,32,25,171.00,"4,275.00"
2019-01-08,2019010801002380,MEGA,51,21,200,172.00,"34,400.00"
2019-01-08,2019010801002333,MEGA,37,21,53,172.00,"9,116.00"
2019-01-08,2019010801002266,MEGA,36,47,75,171.00,"12,825.00"
2019-01-08,2019010801002265,MEGA,59,47,325,171.00,"55,575.00"
2019-01-08,2019010801002121,MEGA,59,22,299,171.00,"51,129.00"
2019-01-08,2019010801002080,MEGA,59,41,64,171.00,"10,944.00"
2019-01-08,2019010801002399,MLBBL,45,29,40,940.00,"37,600.00"
2019-01-08,2019010801002256,MLBBL,45,48,30,941.00,"28,230.00"
2019-01-08,2019010801002492,MLBL,52,43,11,169.00,"1,859.00"
2019-01-08,2019010801002437,MMFDB,47,29,15,992.00,"14,880.00"
2019-01-08,2019010801002152,MMFDB,47,41,124,995.00,"123,380.00"
2019-01-08,2019010801002129,MMFDB,46,41,16,995.00,"15,920.00"
2019-01-08,2019010801002428,MNBBL,38,19,150,342.00,"51,300.00"
2019-01-08,2019010801002427,MNBBL,43,19,300,342.00,"102,600.00"
2019-01-08,2019010801002382,MNBBL,17,17,1,342.00,342.00
2019-01-08,2019010801002436,MSMBS,45,28,100,545.00,"54,500.00"
2019-01-08,2019010801002416,MSMBS,45,41,22,540.00,"11,880.00"
2019-01-08,2019010801002398,NABIL,17,16,115,835.00,"96,025.00"
2019-01-08,2019010801002390,NABIL,17,17,113,835.00,"94,355.00"
2019-01-08,2019010801002351,NABIL,19,17,37,836.00,"30,932.00"
2019-01-08,2019010801002350,NABIL,17,17,267,835.00,"222,945.00"
2019-01-08,2019010801002349,NABIL,38,17,20,835.00,"16,700.00"
2019-01-08,2019010801002348,NABIL,29,17,50,835.00,"41,750.00"
2019-01-08,2019010801002347,NABIL,17,17,30,835.00,"25,050.00"
2019-01-08,2019010801002346,NABIL,16,17,100,835.00,"83,500.00"
2019-01-08,2019010801002345,NABIL,45,17,30,835.00,"25,050.00"
2019-01-08,2019010801002332,NABIL,45,18,20,835.00,"16,700.00"
2019-01-08,2019010801002304,NABIL,32,3,50,836.00,"41,800.00"
2019-01-08,2019010801002282,NABIL,32,3,30,836.00,"25,080.00"
2019-01-08,2019010801002208,NABILP,38,53,60,714.00,"42,840.00"
2019-01-08,2019010801002205,NABILP,38,53,90,714.00,"64,260.00"
2019-01-08,2019010801002188,NABILP,38,53,150,714.00,"107,100.00"
2019-01-08,2019010801002211,NABILP,38,6,15,715.00,"10,725.00"
2019-01-08,2019010801002210,NABILP,38,3,300,715.00,"214,500.00"
2019-01-08,2019010801002209,NABILP,38,59,25,715.00,"17,875.00"
2019-01-08,2019010801002534,NABILP,17,6,30,715.00,"21,450.00"
2019-01-08,2019010801002116,NADEP,26,45,10,789.00,"7,890.00"
2019-01-08,2019010801002454,NADEP,53,29,20,790.00,"15,800.00"
2019-01-08,2019010801002422,NADEP,53,29,50,790.00,"39,500.00"
2019-01-08,2019010801002277,NADEP,48,34,110,790.00,"86,900.00"
2019-01-08,2019010801002109,NBB,21,21,1,190.00,190.00
2019-01-08,2019010801002450,NBBL,56,35,20,800.00,"16,000.00"
2019-01-08,2019010801002268,NBBL,56,7,30,800.00,"24,000.00"
2019-01-08,2019010801002075,NBBL,11,45,10,785.00,"7,850.00"
2019-01-08,2019010801002556,NBL,4,6,196,308.00,"60,368.00"
2019-01-08,2019010801002555,NBL,4,34,304,308.00,"93,632.00"
2019-01-08,2019010801002499,NBL,10,49,"10,000",307.00,"3,070,000.00"
2019-01-08,2019010801002487,NBL,46,49,"2,000",307.00,"614,000.00"
2019-01-08,2019010801002486,NBL,42,49,"1,432",307.00,"439,624.00"
2019-01-08,2019010801002465,NBL,42,42,"8,568",307.00,"2,630,376.00"
2019-01-08,2019010801002090,NBL,34,42,150,307.00,"46,050.00"
2019-01-08,2019010801002219,NBL,7,49,"5,000",307.00,"1,535,000.00"
2019-01-08,2019010801002218,NBL,42,49,450,307.00,"138,150.00"
2019-01-08,2019010801002215,NBL,13,34,500,308.00,"154,000.00"
2019-01-08,2019010801002154,NBL,42,28,50,307.00,"15,350.00"
2019-01-08,2019010801002153,NBL,34,28,50,307.00,"15,350.00"
2019-01-08,2019010801002134,NBL,49,49,"98,000",307.00,"30,086,000.00"
2019-01-08,2019010801002330,NBL,10,43,800,307.00,"245,600.00"
2019-01-08,2019010801002327,NBL,42,43,200,307.00,"61,400.00"
2019-01-08,2019010801002316,NBL,58,49,"2,000",307.00,"614,000.00"
2019-01-08,2019010801002296,NBL,46,34,70,308.00,"21,560.00"
2019-01-08,2019010801002221,NBL,5,49,300,307.00,"92,100.00"
2019-01-08,2019010801002220,NBL,11,49,500,307.00,"153,500.00"
2019-01-08,2019010801002464,NBL,36,42,"1,000",307.00,"307,000.00"
2019-01-08,2019010801002463,NBL,56,42,32,307.00,"9,824.00"
2019-01-08,2019010801002462,NBL,34,42,200,307.00,"61,400.00"
2019-01-08,2019010801002461,NBL,10,42,200,307.00,"61,400.00"
2019-01-08,2019010801002375,NBL,25,42,"1,980",307.00,"607,860.00"
2019-01-08,2019010801002369,NBL,6,42,20,307.00,"6,140.00"
2019-01-08,2019010801002444,NCCB,5,46,"1,000",219.00,"219,000.00"
2019-01-08,2019010801002285,NCCB,5,50,"2,000",219.00,"438,000.00"
2019-01-08,2019010801002250,NCCB,5,45,200,219.00,"43,800.00"
2019-01-08,2019010801002245,NCCB,5,50,"1,000",219.00,"219,000.00"
2019-01-08,2019010801002244,NCCB,5,50,141,219.00,"30,879.00"
2019-01-08,2019010801002113,NCCB,39,50,30,219.00,"6,570.00"
2019-01-08,2019010801002112,NCCB,39,44,270,219.00,"59,130.00"
2019-01-08,2019010801002091,NCCB,42,44,500,219.00,"109,500.00"
2019-01-08,2019010801002508,NGPL,37,51,500,127.00,"63,500.00"
2019-01-08,2019010801002370,NGPL,37,44,11,126.00,"1,386.00"
2019-01-08,2019010801002363,NGPL,48,56,20,128.00,"2,560.00"
2019-01-08,2019010801002362,NGPL,48,26,480,128.00,"61,440.00"
2019-01-08,2019010801002339,NGPL,37,32,62,126.00,"7,812.00"
2019-01-08,2019010801002085,NGPL,56,22,100,126.00,"12,600.00"
2019-01-08,2019010801002084,NGPL,37,22,10,126.00,"1,260.00"
2019-01-08,2019010801002435,NHDL,48,6,340,129.00,"43,860.00"
2019-01-08,2019010801002135,NHPC,26,28,100,69.00,"6,900.00"
2019-01-08,2019010801002572,NIB,22,55,45,548.00,"24,660.00"
2019-01-08,2019010801002571,NIB,22,57,55,548.00,"30,140.00"
2019-01-08,2019010801002512,NIB,25,57,10,548.00,"5,480.00"
2019-01-08,2019010801002432,NIB,34,57,20,548.00,"10,960.00"
2019-01-08,2019010801002376,NIB,16,57,15,548.00,"8,220.00"
2019-01-08,2019010801002342,NIB,46,57,100,548.00,"54,800.00"
2019-01-08,2019010801002341,NIB,38,42,10,547.00,"5,470.00"
2019-01-08,2019010801002340,NIB,32,42,240,547.00,"131,280.00"
2019-01-08,2019010801002223,NIB,32,29,190,547.00,"103,930.00"
2019-01-08,2019010801002168,NIB,32,47,51,547.00,"27,897.00"
2019-01-08,2019010801002126,NIB,32,22,19,547.00,"10,393.00"
2019-01-08,2019010801002125,NIB,22,22,18,547.00,"9,846.00"
2019-01-08,2019010801002485,NICA,43,59,468,382.00,"178,776.00"
2019-01-08,2019010801002311,NICA,43,57,500,382.00,"191,000.00"
2019-01-08,2019010801002293,NICA,43,57,500,382.00,"191,000.00"
2019-01-08,2019010801002260,NICA,14,22,500,383.00,"191,500.00"
2019-01-08,2019010801002259,NICA,14,17,35,383.00,"13,405.00"
2019-01-08,2019010801002258,NICA,14,26,150,383.00,"57,450.00"
2019-01-08,2019010801002257,NICA,14,42,600,383.00,"229,800.00"
2019-01-08,2019010801002194,NICA,33,44,17,381.00,"6,477.00"
2019-01-08,2019010801002145,NICA,46,13,26,382.00,"9,932.00"
2019-01-08,2019010801002095,NICA,33,42,150,381.00,"57,150.00"
2019-01-08,2019010801002379,NICL,10,40,230,566.00,"130,180.00"
2019-01-08,2019010801002549,NIL,21,40,500,540.00,"270,000.00"
2019-01-08,2019010801002548,NIL,45,40,200,540.00,"108,000.00"
2019-01-08,2019010801002547,NIL,35,40,30,541.00,"16,230.00"
2019-01-08,2019010801002546,NIL,41,40,12,541.00,"6,492.00"
2019-01-08,2019010801002490,NIL,25,57,"1,000",543.00,"543,000.00"
2019-01-08,2019010801002320,NIL,41,40,182,541.00,"98,462.00"
2019-01-08,2019010801002137,NIL,14,10,500,540.00,"270,000.00"
2019-01-08,2019010801002319,NIL,45,40,97,541.00,"52,477.00"
2019-01-08,2019010801002318,NIL,43,40,221,542.00,"119,782.00"
2019-01-08,2019010801002308,NIL,43,6,279,542.00,"151,218.00"
2019-01-08,2019010801002279,NIL,39,6,20,542.00,"10,840.00"
2019-01-08,2019010801002263,NIL,45,19,194,541.00,"104,954.00"
2019-01-08,2019010801002238,NIL,41,19,100,541.00,"54,100.00"
2019-01-08,2019010801002151,NLIC,38,38,17,"1,103.00","18,751.00"
2019-01-08,2019010801002138,NLIC,38,38,17,"1,103.00","18,751.00"
2019-01-08,2019010801002132,NLIC,35,54,200,"1,103.00","220,600.00"
2019-01-08,2019010801002131,NLIC,35,16,100,"1,103.00","110,300.00"
2019-01-08,2019010801002130,NLIC,35,29,80,"1,103.00","88,240.00"
2019-01-08,2019010801002123,NLIC,35,29,20,"1,103.00","22,060.00"
2019-01-08,2019010801002115,NLIC,35,41,73,"1,100.00","80,300.00"
2019-01-08,2019010801002105,NLIC,38,38,17,"1,102.00","18,734.00"
2019-01-08,2019010801002088,NLIC,38,38,28,"1,102.00","30,856.00"
2019-01-08,2019010801002494,NLICL,5,5,910,712.00,"647,920.00"
2019-01-08,2019010801002381,NLICL,39,3,100,714.00,"71,400.00"
2019-01-08,2019010801002157,NLICL,39,3,200,714.00,"142,800.00"
2019-01-08,2019010801002544,NMB,5,54,10,325.00,"3,250.00"
2019-01-08,2019010801002543,NMB,32,54,47,325.00,"15,275.00"
2019-01-08,2019010801002368,NMB,41,14,100,326.00,"32,600.00"
2019-01-08,2019010801002309,NMB,32,46,43,325.00,"13,975.00"
2019-01-08,2019010801002156,NMB,33,42,100,325.00,"32,500.00"
2019-01-08,2019010801002143,NUBL,52,47,99,760.00,"75,240.00"
2019-01-08,2019010801002094,NUBL,42,16,285,759.00,"216,315.00"
2019-01-08,2019010801002300,PCBL,6,29,166,334.00,"55,444.00"
2019-01-08,2019010801002270,PCBL,55,45,339,334.00,"113,226.00"
2019-01-08,2019010801002182,PCBL,40,45,31,334.00,"10,354.00"
2019-01-08,2019010801002096,PCBL,46,45,100,334.00,"33,400.00"
2019-01-08,2019010801002228,PFL,32,41,200,137.00,"27,400.00"
2019-01-08,2019010801002227,PFL,32,41,200,136.00,"27,200.00"
2019-01-08,2019010801002200,PFL,35,46,12,135.00,"1,620.00"
2019-01-08,2019010801002511,PIC,4,44,450,"1,023.00","460,350.00"
2019-01-08,2019010801002510,PIC,4,37,17,"1,022.00","17,374.00"
2019-01-08,2019010801002336,PIC,46,37,150,"1,022.00","153,300.00"
2019-01-08,2019010801002335,PIC,45,19,1,"1,022.00","1,022.00"
2019-01-08,2019010801002334,PIC,51,19,10,"1,022.00","10,220.00"
2019-01-08,2019010801002193,PIC,42,37,100,"1,018.00","101,800.00"
2019-01-08,2019010801002192,PIC,21,37,43,"1,018.00","43,774.00"
2019-01-08,2019010801002191,PIC,39,37,40,"1,018.00","40,720.00"
2019-01-08,2019010801002141,PIC,17,37,150,"1,020.00","153,000.00"
2019-01-08,2019010801002093,PIC,21,44,50,"1,023.00","51,150.00"
2019-01-08,2019010801002074,PIC,45,6,93,"1,021.00","94,953.00"
2019-01-08,2019010801002526,PICL,44,44,"2,500",699.00,"1,747,500.00"
2019-01-08,2019010801002525,PICL,45,44,100,699.00,"69,900.00"
2019-01-08,2019010801002524,PICL,32,44,500,700.00,"350,000.00"
2019-01-08,2019010801002523,PICL,26,44,20,700.00,"14,000.00"
2019-01-08,2019010801002522,PICL,35,44,30,700.00,"21,000.00"
2019-01-08,2019010801002172,PICL,36,29,55,705.00,"38,775.00"
2019-01-08,2019010801002171,PICL,36,44,450,704.00,"316,800.00"
2019-01-08,2019010801002410,PLIC,33,39,200,509.00,"101,800.00"
2019-01-08,2019010801002170,PLIC,35,34,100,509.00,"50,900.00"
2019-01-08,2019010801002142,PLIC,33,35,968,509.00,"492,712.00"
2019-01-08,2019010801002557,PMHPL,10,54,10,115.00,"1,150.00"
2019-01-08,2019010801002269,PMHPL,10,29,10,115.00,"1,150.00"
2019-01-08,2019010801002224,PMHPL,10,52,10,115.00,"1,150.00"
2019-01-08,2019010801002364,PRIN,56,57,"1,000",455.00,"455,000.00"
2019-01-08,2019010801002331,PRIN,28,28,518,456.00,"236,208.00"
2019-01-08,2019010801002509,PRVU,19,45,100,246.00,"24,600.00"
2019-01-08,2019010801002505,PRVU,19,54,200,246.00,"49,200.00"
2019-01-08,2019010801002448,PRVU,19,45,80,246.00,"19,680.00"
2019-01-08,2019010801002426,PRVU,19,13,50,246.00,"12,300.00"
2019-01-08,2019010801002425,PRVU,59,13,150,246.00,"36,900.00"
2019-01-08,2019010801002358,PRVU,11,45,20,247.00,"4,940.00"
2019-01-08,2019010801002357,PRVU,11,41,480,247.00,"118,560.00"
2019-01-08,2019010801002315,PRVU,59,6,700,246.00,"172,200.00"
2019-01-08,2019010801002281,PRVU,59,50,150,246.00,"36,900.00"
2019-01-08,2019010801002280,PRVU,36,50,100,246.00,"24,600.00"
2019-01-08,2019010801002569,RADHI,13,52,11,163.00,"1,793.00"
2019-01-08,2019010801002537,RBCL,46,54,25,"9,500.00","237,500.00"
2019-01-08,2019010801002536,RBCL,59,54,10,"9,500.00","95,000.00"
2019-01-08,2019010801002535,RBCL,21,54,15,"9,505.00","142,575.00"
2019-01-08,2019010801002545,RHPC,49,50,34,99.00,"3,366.00"
2019-01-08,2019010801002530,RHPC,51,50,200,99.00,"19,800.00"
2019-01-08,2019010801002521,RHPC,25,50,10,99.00,990.00
2019-01-08,2019010801002449,RHPC,25,50,20,99.00,"1,980.00"
2019-01-08,2019010801002387,RHPC,10,50,500,99.00,"49,500.00"
2019-01-08,2019010801002365,RHPC,41,18,18,98.00,"1,764.00"
2019-01-08,2019010801002344,RHPC,41,18,18,98.00,"1,764.00"
2019-01-08,2019010801002133,RHPC,17,50,60,99.00,"5,940.00"
2019-01-08,2019010801002117,RMDC,10,40,"9,613",553.00,"5,315,989.00"
2019-01-08,2019010801002114,RMDC,41,55,50,550.00,"27,500.00"
2019-01-08,2019010801002107,RMDC,41,58,11,544.00,"5,984.00"
2019-01-08,2019010801002187,RRHP,19,22,10,104.00,"1,040.00"
2019-01-08,2019010801002184,RRHP,19,22,10,104.00,"1,040.00"
2019-01-08,2019010801002178,RRHP,19,22,10,104.00,"1,040.00"
2019-01-08,2019010801002538,RSDC,51,59,185,391.00,"72,335.00"
2019-01-08,2019010801002455,RSDC,25,41,10,393.00,"3,930.00"
2019-01-08,2019010801002372,RSDC,51,29,226,391.00,"88,366.00"
2019-01-08,2019010801002371,RSDC,11,29,24,392.00,"9,408.00"
2019-01-08,2019010801002165,RSDC,22,41,100,393.00,"39,300.00"
2019-01-08,2019010801002478,SADBL,25,49,10,139.00,"1,390.00"
2019-01-08,2019010801002173,SAEF,34,49,"1,500",9.10,"13,650.00"
2019-01-08,2019010801002458,SANIMA,34,28,986,306.00,"301,716.00"
2019-01-08,2019010801002457,SANIMA,28,28,814,306.00,"249,084.00"
2019-01-08,2019010801002407,SANIMA,28,16,186,306.00,"56,916.00"
2019-01-08,2019010801002406,SANIMA,54,16,200,306.00,"61,200.00"
2019-01-08,2019010801002405,SANIMA,56,16,500,306.00,"153,000.00"
2019-01-08,2019010801002404,SANIMA,14,16,20,306.00,"6,120.00"
2019-01-08,2019010801002403,SANIMA,35,16,50,306.00,"15,300.00"
2019-01-08,2019010801002402,SANIMA,25,16,"1,000",306.00,"306,000.00"
2019-01-08,2019010801002401,SANIMA,38,16,645,306.00,"197,370.00"
2019-01-08,2019010801002298,SANIMA,38,34,45,308.00,"13,860.00"
2019-01-08,2019010801002103,SANIMA,50,48,500,307.00,"153,500.00"
2019-01-08,2019010801002102,SANIMA,50,19,265,307.00,"81,355.00"
2019-01-08,2019010801002503,SBBLJ,1,57,815,201.00,"163,815.00"
2019-01-08,2019010801002502,SBBLJ,33,57,500,202.00,"101,000.00"
2019-01-08,2019010801002488,SBBLJ,43,48,230,204.00,"46,920.00"
2019-01-08,2019010801002453,SBBLJ,21,48,20,204.00,"4,080.00"
2019-01-08,2019010801002440,SBBLJ,21,48,50,204.00,"10,200.00"
2019-01-08,2019010801002424,SBBLJ,21,48,20,204.00,"4,080.00"
2019-01-08,2019010801002377,SBBLJ,43,48,200,204.00,"40,800.00"
2019-01-08,2019010801002495,SBI,1,21,70,390.00,"27,300.00"
2019-01-08,2019010801002295,SBI,17,6,40,390.00,"15,600.00"
2019-01-08,2019010801002261,SBI,17,22,419,390.00,"163,410.00"
2019-01-08,2019010801002204,SBI,26,22,100,390.00,"39,000.00"
2019-01-08,2019010801002203,SBI,5,22,50,390.00,"19,500.00"
2019-01-08,2019010801002202,SBI,28,22,36,390.00,"14,040.00"
2019-01-08,2019010801002201,SBI,52,22,10,391.00,"3,910.00"
2019-01-08,2019010801002409,SBL,45,10,480,290.00,"139,200.00"
2019-01-08,2019010801002408,SBL,17,10,10,290.00,"2,900.00"
2019-01-08,2019010801002286,SBL,33,13,124,290.00,"35,960.00"
2019-01-08,2019010801002232,SBL,38,40,100,291.00,"29,100.00"
2019-01-08,2019010801002230,SBL,37,40,50,291.00,"14,550.00"
2019-01-08,2019010801002222,SBL,38,40,50,291.00,"14,550.00"
2019-01-08,2019010801002108,SCB,38,47,10,606.00,"6,060.00"
2019-01-08,2019010801002264,SCB,48,57,120,604.00,"72,480.00"
2019-01-08,2019010801002243,SCB,22,41,200,605.00,"121,000.00"
2019-01-08,2019010801002237,SCB,22,3,100,606.00,"60,600.00"
2019-01-08,2019010801002229,SCB,22,47,50,606.00,"30,300.00"
2019-01-08,2019010801002148,SCB,37,47,40,606.00,"24,240.00"
2019-01-08,2019010801002392,SCB,13,13,35,605.00,"21,175.00"
2019-01-08,2019010801002391,SCB,13,41,100,605.00,"60,500.00"
2019-01-08,2019010801002533,SDESI,55,45,50,668.00,"33,400.00"
2019-01-08,2019010801002532,SDESI,55,33,11,665.00,"7,315.00"
2019-01-08,2019010801002531,SDESI,55,33,13,665.00,"8,645.00"
2019-01-08,2019010801002386,SHPC,42,18,50,228.00,"11,400.00"
2019-01-08,2019010801002236,SHPC,36,18,69,228.00,"15,732.00"
2019-01-08,2019010801002167,SHPC,36,28,131,228.00,"29,868.00"
2019-01-08,2019010801002166,SHPC,6,28,19,228.00,"4,332.00"
2019-01-08,2019010801002149,SHPC,6,21,180,228.00,"41,040.00"
2019-01-08,2019010801002147,SHPC,6,28,51,228.00,"11,628.00"
2019-01-08,2019010801002507,SICL,57,19,20,920.00,"18,400.00"
2019-01-08,2019010801002207,SICL,5,5,"1,623",920.00,"1,493,160.00"
2019-01-08,2019010801002246,SIL,35,56,58,659.00,"38,222.00"
2019-01-08,2019010801002226,SIL,35,44,289,657.00,"189,873.00"
2019-01-08,2019010801002225,SIL,35,53,331,656.00,"217,136.00"
2019-01-08,2019010801002136,SIL,59,56,100,654.00,"65,400.00"
2019-01-08,2019010801002529,SKBBL,55,14,97,"1,056.00","102,432.00"
2019-01-08,2019010801002528,SKBBL,46,14,100,"1,056.00","105,600.00"
2019-01-08,2019010801002472,SKBBL,33,14,50,"1,060.00","53,000.00"
2019-01-08,2019010801002471,SKBBL,13,14,50,"1,061.00","53,050.00"
2019-01-08,2019010801002470,SKBBL,35,14,10,"1,062.00","10,620.00"
2019-01-08,2019010801002183,SKBBL,26,43,12,"1,064.00","12,768.00"
2019-01-08,2019010801002389,SLBBL,26,29,59,543.00,"32,037.00"
2019-01-08,2019010801002388,SLBBL,45,29,20,545.00,"10,900.00"
2019-01-08,2019010801002083,SLBBL,45,45,10,545.00,"5,450.00"
2019-01-08,2019010801002484,SLICL,48,40,500,560.00,"280,000.00"
2019-01-08,2019010801002483,SLICL,50,40,10,561.00,"5,610.00"
2019-01-08,2019010801002482,SLICL,45,40,25,562.00,"14,050.00"
2019-01-08,2019010801002481,SLICL,35,40,200,562.00,"112,400.00"
2019-01-08,2019010801002480,SLICL,44,40,200,563.00,"112,600.00"
2019-01-08,2019010801002479,SLICL,19,40,60,564.00,"33,840.00"
2019-01-08,2019010801002175,SLICL,5,34,100,565.00,"56,500.00"
2019-01-08,2019010801002161,SLICL,35,34,30,565.00,"16,950.00"
2019-01-08,2019010801002326,SMATA,32,21,20,"1,090.00","21,800.00"
2019-01-08,2019010801002325,SMATA,32,48,28,"1,089.00","30,492.00"
2019-01-08,2019010801002128,SMATA,41,48,22,"1,089.00","23,958.00"
2019-01-08,2019010801002520,SMFDB,28,41,104,702.00,"73,008.00"
2019-01-08,2019010801002519,SMFDB,21,41,20,702.00,"14,040.00"
2019-01-08,2019010801002518,SMFDB,22,41,50,703.00,"35,150.00"
2019-01-08,2019010801002517,SMFDB,14,41,17,704.00,"11,968.00"
2019-01-08,2019010801002516,SMFDB,45,41,10,705.00,"7,050.00"
2019-01-08,2019010801002515,SMFDB,35,41,20,705.00,"14,100.00"
2019-01-08,2019010801002514,SMFDB,51,41,10,705.00,"7,050.00"
2019-01-08,2019010801002460,SWBBL,53,51,177,865.00,"153,105.00"
2019-01-08,2019010801002459,SWBBL,53,16,190,863.00,"163,970.00"
2019-01-08,2019010801002337,SWBBL,45,57,500,855.00,"427,500.00"
2019-01-08,2019010801002431,TRH,43,48,20,245.00,"4,900.00"
2019-01-08,2019010801002378,TRH,54,48,90,242.00,"21,780.00"
2019-01-08,2019010801002343,UIC,17,17,90,790.00,"71,100.00"
2019-01-08,2019010801002186,UIC,41,17,10,790.00,"7,900.00"
2019-01-08,2019010801002185,UIC,41,45,20,790.00,"15,800.00"
2019-01-08,2019010801002283,VLBS,37,11,38,680.00,"25,840.00"
2019-01-08,2019010801002061,ADBL,37,39,50,348.00,"17,400.00"
2019-01-08,2019010801001943,ADBL,14,13,600,347.00,"208,200.00"
2019-01-08,2019010801001602,ADBL,14,21,11,347.00,"3,817.00"
2019-01-08,2019010801001601,ADBL,56,21,100,347.00,"34,700.00"
2019-01-08,2019010801001600,ADBL,56,21,39,347.00,"13,533.00"
2019-01-08,2019010801001838,ADBL,14,6,56,347.00,"19,432.00"
2019-01-08,2019010801001837,ADBL,14,6,45,347.00,"15,615.00"
2019-01-08,2019010801001806,ADBL,14,45,17,347.00,"5,899.00"
2019-01-08,2019010801001637,ADBL,14,29,900,347.00,"312,300.00"
2019-01-08,2019010801001630,ADBL,14,14,27,347.00,"9,369.00"
2019-01-08,2019010801001786,AKJCL,43,41,20,93.00,"1,860.00"
2019-01-08,2019010801001785,AKJCL,43,10,10,93.00,930.00
2019-01-08,2019010801001784,AKJCL,43,10,10,93.00,930.00
2019-01-08,2019010801001708,AKJCL,45,26,10,92.00,920.00
2019-01-08,2019010801001585,AKJCL,45,51,10,92.00,920.00
2019-01-08,2019010801001584,AKJCL,45,51,10,92.00,920.00
2019-01-08,2019010801001583,AKJCL,45,51,10,92.00,920.00
2019-01-08,2019010801001582,AKJCL,45,51,10,92.00,920.00
2019-01-08,2019010801001771,AKPL,58,38,10,184.00,"1,840.00"
2019-01-08,2019010801001820,ALICL,40,40,4,612.00,"2,448.00"
2019-01-08,2019010801001766,ALICL,16,19,50,610.00,"30,500.00"
2019-01-08,2019010801001765,ALICL,59,19,50,610.00,"30,500.00"
2019-01-08,2019010801001633,ALICL,5,28,20,614.00,"12,280.00"
2019-01-08,2019010801002007,AMFI,1,34,100,748.00,"74,800.00"
2019-01-08,2019010801002006,AMFI,1,34,100,748.00,"74,800.00"
2019-01-08,2019010801002005,AMFI,1,11,20,748.00,"14,960.00"
2019-01-08,2019010801002004,AMFI,1,45,50,747.00,"37,350.00"
2019-01-08,2019010801002003,AMFI,1,47,10,746.00,"7,460.00"
2019-01-08,2019010801001992,AMFI,1,58,10,734.00,"7,340.00"
2019-01-08,2019010801001733,AMFI,47,41,10,720.00,"7,200.00"
2019-01-08,2019010801001873,API,45,28,40,154.00,"6,160.00"
2019-01-08,2019010801001823,API,17,28,200,154.00,"30,800.00"
2019-01-08,2019010801001809,API,41,28,300,154.00,"46,200.00"
2019-01-08,2019010801002008,BHBL,38,52,192,134.00,"25,728.00"
2019-01-08,2019010801001990,BHBL,28,52,108,134.00,"14,472.00"
2019-01-08,2019010801002029,BOKL,1,5,50,330.00,"16,500.00"
2019-01-08,2019010801002028,BOKL,1,5,200,330.00,"66,000.00"
2019-01-08,2019010801002027,BOKL,40,5,100,330.00,"33,000.00"
2019-01-08,2019010801002026,BOKL,52,5,500,330.00,"165,000.00"
2019-01-08,2019010801002025,BOKL,57,5,500,330.00,"165,000.00"
2019-01-08,2019010801002024,BOKL,11,5,600,330.00,"198,000.00"
2019-01-08,2019010801001661,BOKL,29,26,23,330.00,"7,590.00"
2019-01-08,2019010801001634,BOKL,11,11,750,331.00,"248,250.00"
2019-01-08,2019010801001624,BOKL,13,5,300,330.00,"99,000.00"
2019-01-08,2019010801001989,BOKL,20,17,170,331.00,"56,270.00"
2019-01-08,2019010801001984,BOKL,37,5,50,332.00,"16,600.00"
2019-01-08,2019010801001782,BOKL,54,45,20,332.00,"6,640.00"
2019-01-08,2019010801001778,BOKL,54,41,500,332.00,"166,000.00"
2019-01-08,2019010801001777,BOKL,54,41,39,332.00,"12,948.00"
2019-01-08,2019010801001776,BOKL,54,29,"2,543",332.00,"844,276.00"
2019-01-08,2019010801002023,BOKL,54,5,"1,898",330.00,"626,340.00"
2019-01-08,2019010801002022,BOKL,57,5,143,330.00,"47,190.00"
2019-01-08,2019010801002021,BOKL,52,5,50,330.00,"16,500.00"
2019-01-08,2019010801002020,BOKL,29,5,977,330.00,"322,410.00"
2019-01-08,2019010801001998,BOKL,56,5,100,332.00,"33,200.00"
2019-01-08,2019010801001995,BOKL,20,5,351,331.00,"116,181.00"
2019-01-08,2019010801001691,BPCL,57,14,50,370.00,"18,500.00"
2019-01-08,2019010801002010,CBL,33,47,400,162.00,"64,800.00"
2019-01-08,2019010801001808,CBL,37,5,126,163.00,"20,538.00"
2019-01-08,2019010801001705,CBL,33,21,453,162.00,"73,386.00"
2019-01-08,2019010801001910,CCBL,10,13,274,170.00,"46,580.00"
2019-01-08,2019010801001909,CCBL,37,13,79,170.00,"13,430.00"
2019-01-08,2019010801001800,CCBL,37,53,421,170.00,"71,570.00"
2019-01-08,2019010801001799,CCBL,38,53,79,170.00,"13,430.00"
2019-01-08,2019010801001794,CCBL,38,6,26,170.00,"4,420.00"
2019-01-08,2019010801001774,CCBL,40,40,4,171.00,684.00
2019-01-08,2019010801001636,CCBL,40,40,1,171.00,171.00
2019-01-08,2019010801001596,CCBL,56,6,500,171.00,"85,500.00"
2019-01-08,2019010801001763,CCBL,38,34,40,170.00,"6,800.00"
2019-01-08,2019010801001753,CCBL,40,40,1,171.00,171.00
2019-01-08,2019010801001731,CCBL,40,40,4,171.00,684.00
2019-01-08,2019010801001696,CCBL,40,40,6,171.00,"1,026.00"
2019-01-08,2019010801001657,CCBL,40,40,5,171.00,855.00
2019-01-08,2019010801001640,CCBL,38,29,107,170.00,"18,190.00"
2019-01-08,2019010801001649,CFCL,1,10,22,108.00,"2,376.00"
2019-01-08,2019010801001791,CHCL,38,17,350,548.00,"191,800.00"
2019-01-08,2019010801001721,CHCL,19,53,14,547.00,"7,658.00"
2019-01-08,2019010801001720,CHCL,1,53,200,547.00,"109,400.00"
2019-01-08,2019010801001713,CHCL,21,17,50,548.00,"27,400.00"
2019-01-08,2019010801001683,CHCL,21,53,50,548.00,"27,400.00"
2019-01-08,2019010801002054,CIT,34,50,30,"2,267.00","68,010.00"
2019-01-08,2019010801002053,CIT,34,17,40,"2,265.00","90,600.00"
2019-01-08,2019010801002052,CIT,34,25,90,"2,264.00","203,760.00"
2019-01-08,2019010801002051,CIT,34,50,190,"2,263.00","429,970.00"
2019-01-08,2019010801002050,CIT,34,29,50,"2,260.00","113,000.00"
2019-01-08,2019010801001901,CIT,43,16,31,"2,252.00","69,812.00"
2019-01-08,2019010801001655,CIT,34,40,20,"2,251.00","45,020.00"
2019-01-08,2019010801001654,CIT,10,40,50,"2,252.00","112,600.00"
2019-01-08,2019010801001653,CIT,34,40,50,"2,255.00","112,750.00"
2019-01-08,2019010801001760,CIT,39,56,13,"2,259.00","29,367.00"
2019-01-08,2019010801001701,CIT,25,4,27,"2,250.00","60,750.00"
2019-01-08,2019010801001700,CIT,5,4,30,"2,250.00","67,500.00"
2019-01-08,2019010801001699,CIT,1,4,10,"2,251.00","22,510.00"
2019-01-08,2019010801001698,CIT,22,4,20,"2,251.00","45,020.00"
2019-01-08,2019010801001656,CIT,22,40,80,"2,251.00","180,080.00"
2019-01-08,2019010801002070,CMF1,14,33,"2,600",9.10,"23,660.00"
2019-01-08,2019010801001882,CZBIL,57,57,341,214.00,"72,974.00"
2019-01-08,2019010801001881,CZBIL,57,55,250,214.00,"53,500.00"
2019-01-08,2019010801001880,CZBIL,57,41,10,214.00,"2,140.00"
2019-01-08,2019010801001879,CZBIL,57,22,"1,247",214.00,"266,858.00"
2019-01-08,2019010801001872,CZBIL,40,22,10,214.00,"2,140.00"
2019-01-08,2019010801001860,CZBIL,39,40,10,213.00,"2,130.00"
2019-01-08,2019010801001612,CZBIL,39,13,21,213.00,"4,473.00"
2019-01-08,2019010801002069,DBBL,6,41,155,126.00,"19,530.00"
2019-01-08,2019010801002068,DBBL,57,41,50,126.00,"6,300.00"
2019-01-08,2019010801002067,DBBL,29,41,330,126.00,"41,580.00"
2019-01-08,2019010801001884,DBBL,29,38,150,126.00,"18,900.00"
2019-01-08,2019010801001643,DBBL,29,10,21,126.00,"2,646.00"
2019-01-08,2019010801001914,DDBL,50,32,50,632.00,"31,600.00"
2019-01-08,2019010801001577,DDBL,48,32,106,631.00,"66,886.00"
2019-01-08,2019010801001576,DDBL,42,32,20,631.00,"12,620.00"
2019-01-08,2019010801001893,EBL,56,39,50,531.00,"26,550.00"
2019-01-08,2019010801001840,EBL,56,33,10,531.00,"5,310.00"
2019-01-08,2019010801001935,EIC,5,5,"1,188",823.00,"977,724.00"
2019-01-08,2019010801002030,FMDBL,53,33,16,382.00,"6,112.00"
2019-01-08,2019010801002017,FMDBL,42,33,24,383.00,"9,192.00"
2019-01-08,2019010801001594,FMDBL,34,41,14,387.00,"5,418.00"
2019-01-08,2019010801001593,FMDBL,34,1,50,387.00,"19,350.00"
2019-01-08,2019010801001865,FOWAD,21,42,115,"1,495.00","171,925.00"
2019-01-08,2019010801001798,FOWAD,55,32,100,"1,490.00","149,000.00"
2019-01-08,2019010801001672,FOWAD,55,42,50,"1,495.00","74,750.00"
2019-01-08,2019010801001833,GBBL,49,16,784,188.00,"147,392.00"
2019-01-08,2019010801001832,GBBL,16,16,20,188.00,"3,760.00"
2019-01-08,2019010801001831,GBBL,32,16,196,189.00,"37,044.00"
2019-01-08,2019010801001716,GBBL,32,14,34,189.00,"6,426.00"
2019-01-08,2019010801001635,GBBL,32,37,253,189.00,"47,817.00"
