Date,Transact. No.,Symbol,Buyer,Seller,Quantity,Rate,Amount
2019-09-01,2019090101006209,ADBL,44,11,65,421.00,"27,365.00"
2019-09-01,2019090101006208,ADBL,38,11,25,421.00,"10,525.00"
2019-09-01,2019090101006207,ADBL,34,11,10,422.00,"4,220.00"
2019-09-01,2019090101006186,ADBL,6,42,50,423.00,"21,150.00"
2019-09-01,2019090101006102,ADBL,34,50,150,422.00,"63,300.00"
2019-09-01,2019090101006026,ADBL,34,40,840,422.00,"354,480.00"
2019-09-01,2019090101006025,ADBL,44,40,40,422.00,"16,880.00"
2019-09-01,2019090101006024,ADBL,6,40,120,423.00,"50,760.00"
2019-09-01,2019090101006241,AHPC,44,37,354,100.00,"35,400.00"
2019-09-01,2019090101005979,AHPC,25,37,50,100.00,"5,000.00"
2019-09-01,2019090101006062,AKJCL,7,43,10,61.00,610.00
2019-09-01,2019090101006197,ALBSL,44,25,15,440.00,"6,600.00"
2019-09-01,2019090101005989,ALICL,8,41,200,313.00,"62,600.00"
2019-09-01,2019090101006462,API,25,21,15,121.00,"1,815.00"
2019-09-01,2019090101006432,API,25,56,10,120.00,"1,200.00"
2019-09-01,2019090101006383,API,25,26,100,118.00,"11,800.00"
2019-09-01,2019090101006357,API,5,26,"1,200",118.00,"141,600.00"
2019-09-01,2019090101006183,API,6,26,200,118.00,"23,600.00"
2019-09-01,2019090101006115,API,25,26,300,118.00,"35,400.00"
2019-09-01,2019090101006258,API,41,45,"1,000",117.00,"117,000.00"
2019-09-01,2019090101006257,API,34,45,300,117.00,"35,100.00"
2019-09-01,2019090101006256,API,54,45,100,117.00,"11,700.00"
2019-09-01,2019090101006255,API,25,45,50,117.00,"5,850.00"
2019-09-01,2019090101006196,API,25,46,450,117.00,"52,650.00"
2019-09-01,2019090101006195,API,54,46,50,117.00,"5,850.00"
2019-09-01,2019090101006291,API,34,32,"1,000",116.00,"116,000.00"
2019-09-01,2019090101006275,API,52,26,100,117.00,"11,700.00"
2019-09-01,2019090101006264,API,51,26,50,117.00,"5,850.00"
2019-09-01,2019090101006261,API,51,45,"1,950",117.00,"228,150.00"
2019-09-01,2019090101006260,API,55,45,100,117.00,"11,700.00"
2019-09-01,2019090101006259,API,57,45,100,117.00,"11,700.00"
2019-09-01,2019090101006297,API,34,32,"1,000",116.00,"116,000.00"
2019-09-01,2019090101006296,API,34,32,500,116.00,"58,000.00"
2019-09-01,2019090101006295,API,38,32,"2,000",116.00,"232,000.00"
2019-09-01,2019090101006294,API,22,32,20,116.00,"2,320.00"
2019-09-01,2019090101006293,API,35,32,100,116.00,"11,600.00"
2019-09-01,2019090101006292,API,35,32,500,116.00,"58,000.00"
2019-09-01,2019090101006355,API,35,51,320,117.00,"37,440.00"
2019-09-01,2019090101006318,API,25,26,"1,293",115.00,"148,695.00"
2019-09-01,2019090101006317,API,25,26,157,115.00,"18,055.00"
2019-09-01,2019090101006300,API,25,32,"1,843",115.00,"211,945.00"
2019-09-01,2019090101006299,API,38,32,200,115.00,"23,000.00"
2019-09-01,2019090101006298,API,53,32,80,116.00,"9,280.00"
2019-09-01,2019090101006142,BOKL,45,4,81,252.00,"20,412.00"
2019-09-01,2019090101006141,BOKL,14,4,151,252.00,"38,052.00"
2019-09-01,2019090101006098,BOKL,14,45,149,252.00,"37,548.00"
2019-09-01,2019090101006097,BOKL,38,45,100,252.00,"25,200.00"
2019-09-01,2019090101006096,BOKL,55,45,100,252.00,"25,200.00"
2019-09-01,2019090101006095,BOKL,58,45,10,252.00,"2,520.00"
2019-09-01,2019090101006094,BOKL,16,45,441,252.00,"111,132.00"
2019-09-01,2019090101006072,BOKL,16,5,559,252.00,"140,868.00"
2019-09-01,2019090101006071,BOKL,21,5,100,252.00,"25,200.00"
2019-09-01,2019090101006070,BOKL,34,5,41,252.00,"10,332.00"
2019-09-01,2019090101006069,BOKL,7,14,100,253.00,"25,300.00"
2019-09-01,2019090101005987,BOKL,34,32,500,252.00,"126,000.00"
2019-09-01,2019090101006414,BPCL,36,47,100,380.00,"38,000.00"
2019-09-01,2019090101006376,BPCL,36,7,188,380.00,"71,440.00"
2019-09-01,2019090101006375,BPCL,38,7,128,380.00,"48,640.00"
2019-09-01,2019090101006374,BPCL,33,7,156,381.00,"59,436.00"
2019-09-01,2019090101006373,BPCL,17,7,28,382.00,"10,696.00"
2019-09-01,2019090101006068,BPCL,17,43,22,382.00,"8,404.00"
2019-09-01,2019090101006171,BPCL,43,43,22,383.00,"8,426.00"
2019-09-01,2019090101006234,CBBL,6,45,27,970.00,"26,190.00"
2019-09-01,2019090101006233,CBBL,6,25,23,970.00,"22,310.00"
2019-09-01,2019090101006434,CBL,32,59,72,149.00,"10,728.00"
2019-09-01,2019090101006433,CBL,32,1,128,149.00,"19,072.00"
2019-09-01,2019090101006425,CBL,43,1,10,149.00,"1,490.00"
2019-09-01,2019090101006411,CCBL,32,48,200,159.00,"31,800.00"
2019-09-01,2019090101006162,CCBL,52,11,200,158.00,"31,600.00"
2019-09-01,2019090101006389,CIT,19,32,20,"2,330.00","46,600.00"
2019-09-01,2019090101006388,CIT,26,32,29,"2,330.00","67,570.00"
2019-09-01,2019090101006387,CIT,33,32,11,"2,330.00","25,630.00"
2019-09-01,2019090101006386,CIT,34,32,10,"2,333.00","23,330.00"
2019-09-01,2019090101006356,CIT,16,48,10,"2,335.00","23,350.00"
2019-09-01,2019090101006242,CMF1,34,6,"10,000",9.70,"97,000.00"
2019-09-01,2019090101006466,CZBIL,32,44,35,216.00,"7,560.00"
2019-09-01,2019090101006465,CZBIL,50,44,565,216.00,"122,040.00"
2019-09-01,2019090101006274,CZBIL,50,36,100,216.00,"21,600.00"
2019-09-01,2019090101006205,CZBIL,50,26,10,216.00,"2,160.00"
2019-09-01,2019090101006174,CZBIL,50,4,481,216.00,"103,896.00"
2019-09-01,2019090101006173,CZBIL,48,4,100,216.00,"21,600.00"
2019-09-01,2019090101006172,CZBIL,44,4,324,216.00,"69,984.00"
2019-09-01,2019090101006361,DBBL,32,19,20,133.00,"2,660.00"
2019-09-01,2019090101006342,DDBL,34,52,10,749.00,"7,490.00"
2019-09-01,2019090101006341,DDBL,34,46,15,744.00,"11,160.00"
2019-09-01,2019090101006340,DDBL,34,47,50,744.00,"37,200.00"
2019-09-01,2019090101006277,DDBL,34,21,30,743.00,"22,290.00"
2019-09-01,2019090101006016,DDBL,35,6,40,730.00,"29,200.00"
2019-09-01,2019090101006015,DDBL,35,6,50,730.00,"36,500.00"
2019-09-01,2019090101006008,DDBL,36,6,20,732.00,"14,640.00"
2019-09-01,2019090101006014,DDBL,35,6,40,730.00,"29,200.00"
2019-09-01,2019090101006013,DDBL,35,6,40,730.00,"29,200.00"
2019-09-01,2019090101006012,DDBL,35,6,50,730.00,"36,500.00"
2019-09-01,2019090101006011,DDBL,35,6,30,730.00,"21,900.00"
2019-09-01,2019090101006010,DDBL,35,6,45,730.00,"32,850.00"
2019-09-01,2019090101006009,DDBL,34,6,15,731.00,"10,965.00"
2019-09-01,2019090101006391,DHPL,7,46,70,55.00,"3,850.00"
2019-09-01,2019090101006390,DHPL,6,46,30,55.00,"1,650.00"
2019-09-01,2019090101006124,EIC,6,28,20,310.00,"6,200.00"
2019-09-01,2019090101005994,FOWAD,38,53,20,"1,319.00","26,380.00"
2019-09-01,2019090101006323,GBBL,32,39,150,213.00,"31,950.00"
2019-09-01,2019090101006338,GFCL,59,4,170,137.00,"23,290.00"
2019-09-01,2019090101006044,GFCL,59,4,415,137.00,"56,855.00"
2019-09-01,2019090101006064,GILB,57,50,50,728.00,"36,400.00"
2019-09-01,2019090101006153,GLBSL,38,6,10,480.00,"4,800.00"
2019-09-01,2019090101006152,GLBSL,38,45,10,475.00,"4,750.00"
2019-09-01,2019090101006123,GLBSL,38,45,60,475.00,"28,500.00"
2019-09-01,2019090101006122,GLBSL,38,45,40,470.00,"18,800.00"
2019-09-01,2019090101006412,GMFBS,39,34,10,514.00,"5,140.00"
2019-09-01,2019090101006384,HBL,41,44,100,536.00,"53,600.00"
2019-09-01,2019090101006270,HBL,51,25,100,532.00,"53,200.00"
2019-09-01,2019090101006269,HBL,48,25,50,533.00,"26,650.00"
2019-09-01,2019090101006268,HBL,44,25,110,533.00,"58,630.00"
2019-09-01,2019090101006267,HBL,49,25,26,533.00,"13,858.00"
2019-09-01,2019090101006271,HGI,20,42,100,306.00,"30,600.00"
2019-09-01,2019090101006230,HGI,48,51,50,310.00,"15,500.00"
2019-09-01,2019090101006430,HIDCL,5,58,61,142.00,"8,662.00"
2019-09-01,2019090101006429,HIDCL,5,38,79,142.00,"11,218.00"
2019-09-01,2019090101006428,HIDCL,5,46,13,142.00,"1,846.00"
2019-09-01,2019090101006427,HIDCL,5,34,112,142.00,"15,904.00"
2019-09-01,2019090101006175,HIDCL,38,34,10,142.00,"1,420.00"
2019-09-01,2019090101006328,HURJA,45,26,20,119.00,"2,380.00"
2019-09-01,2019090101006106,HURJA,45,43,20,119.00,"2,380.00"
2019-09-01,2019090101006360,IGI,48,4,60,326.00,"19,560.00"
2019-09-01,2019090101006365,ILBS,49,16,10,450.00,"4,500.00"
2019-09-01,2019090101006303,ILBS,32,25,100,446.00,"44,600.00"
2019-09-01,2019090101006210,ILBS,44,16,15,452.00,"6,780.00"
2019-09-01,2019090101006403,JBBL,49,44,20,164.00,"3,280.00"
2019-09-01,2019090101006359,JBBL,47,36,50,163.00,"8,150.00"
2019-09-01,2019090101006358,JBBL,47,58,210,163.00,"34,230.00"
2019-09-01,2019090101006302,JBBL,47,45,400,161.00,"64,400.00"
2019-09-01,2019090101006301,JBBL,47,57,150,161.00,"24,150.00"
2019-09-01,2019090101006464,JFL,3,58,13,187.00,"2,431.00"
2019-09-01,2019090101006112,JOSHI,13,43,20,64.00,"1,280.00"
2019-09-01,2019090101006043,JOSHI,13,7,20,64.00,"1,280.00"
2019-09-01,2019090101006290,JSLBB,8,51,20,927.00,"18,540.00"
2019-09-01,2019090101006289,JSLBB,45,51,10,927.00,"9,270.00"
2019-09-01,2019090101006288,JSLBB,45,51,10,927.00,"9,270.00"
2019-09-01,2019090101006287,JSLBB,57,51,20,928.00,"18,560.00"
2019-09-01,2019090101006286,JSLBB,36,51,20,930.00,"18,600.00"
2019-09-01,2019090101006285,JSLBB,59,51,60,935.00,"56,100.00"
2019-09-01,2019090101006381,KBL,49,58,230,202.00,"46,460.00"
2019-09-01,2019090101006380,KBL,35,58,100,202.00,"20,200.00"
2019-09-01,2019090101006379,KBL,55,58,170,202.00,"34,340.00"
2019-09-01,2019090101006322,KBL,40,40,250,203.00,"50,750.00"
2019-09-01,2019090101006321,KBL,40,40,750,203.00,"152,250.00"
2019-09-01,2019090101006229,KBL,55,43,830,202.00,"167,660.00"
2019-09-01,2019090101006216,KBL,51,43,100,202.00,"20,200.00"
2019-09-01,2019090101006215,KBL,1,43,237,202.00,"47,874.00"
2019-09-01,2019090101006214,KBL,29,43,200,202.00,"40,400.00"
2019-09-01,2019090101006213,KBL,22,43,500,202.00,"101,000.00"
2019-09-01,2019090101006212,KBL,40,43,258,202.00,"52,116.00"
2019-09-01,2019090101006021,KBL,38,40,250,203.00,"50,750.00"
2019-09-01,2019090101006222,KBL,57,43,500,202.00,"101,000.00"
2019-09-01,2019090101006221,KBL,7,43,500,202.00,"101,000.00"
2019-09-01,2019090101006220,KBL,6,43,"1,000",202.00,"202,000.00"
2019-09-01,2019090101006219,KBL,54,43,100,202.00,"20,200.00"
2019-09-01,2019090101006218,KBL,34,43,500,202.00,"101,000.00"
2019-09-01,2019090101006217,KBL,59,43,700,202.00,"141,400.00"
2019-09-01,2019090101006228,KBL,43,43,50,202.00,"10,100.00"
2019-09-01,2019090101006227,KBL,21,43,300,202.00,"60,600.00"
2019-09-01,2019090101006226,KBL,35,43,"1,000",202.00,"202,000.00"
2019-09-01,2019090101006225,KBL,32,43,200,202.00,"40,400.00"
2019-09-01,2019090101006224,KBL,1,43,"2,000",202.00,"404,000.00"
2019-09-01,2019090101006223,KBL,41,43,25,202.00,"5,050.00"
2019-09-01,2019090101006393,KPCL,55,54,200,84.00,"16,800.00"
2019-09-01,2019090101006005,KRBL,41,18,88,107.00,"9,416.00"
2019-09-01,2019090101006253,KSBBL,44,36,100,142.00,"14,200.00"
2019-09-01,2019090101006252,KSBBL,35,36,100,142.00,"14,200.00"
2019-09-01,2019090101006178,KSBBL,21,36,189,143.00,"27,027.00"
2019-09-01,2019090101006456,LBL,34,4,369,213.00,"78,597.00"
2019-09-01,2019090101006354,LBL,34,4,435,213.00,"92,655.00"
2019-09-01,2019090101006231,LBL,34,4,500,213.00,"106,500.00"
2019-09-01,2019090101005990,LBL,34,4,429,213.00,"91,377.00"
2019-09-01,2019090101006315,LGIL,46,42,140,375.00,"52,500.00"
2019-09-01,2019090101006314,LGIL,43,42,100,377.00,"37,700.00"
2019-09-01,2019090101006313,LGIL,19,42,100,377.00,"37,700.00"
2019-09-01,2019090101006312,LGIL,48,42,10,377.00,"3,770.00"
2019-09-01,2019090101006398,LICN,35,19,10,"1,039.00","10,390.00"
2019-09-01,2019090101006099,LICN,35,19,50,"1,019.00","50,950.00"
2019-09-01,2019090101006478,MBL,14,6,200,249.00,"49,800.00"
2019-09-01,2019090101006107,MBL,47,45,200,250.00,"50,000.00"
2019-09-01,2019090101006037,MBL,47,45,100,250.00,"25,000.00"
2019-09-01,2019090101005993,MBL,47,45,50,250.00,"12,500.00"
2019-09-01,2019090101006422,MEGA,50,33,"1,000",198.00,"198,000.00"
2019-09-01,2019090101006421,MEGA,34,33,880,197.00,"173,360.00"
2019-09-01,2019090101006240,MEGA,36,33,120,198.00,"23,760.00"
2019-09-01,2019090101006239,MEGA,36,33,380,198.00,"75,240.00"
2019-09-01,2019090101006018,MEGA,26,49,100,198.00,"19,800.00"
2019-09-01,2019090101006031,MEGA,34,49,120,197.00,"23,640.00"
2019-09-01,2019090101006030,MEGA,48,49,200,197.00,"39,400.00"
2019-09-01,2019090101006029,MEGA,45,49,10,197.00,"1,970.00"
2019-09-01,2019090101006028,MEGA,45,49,20,197.00,"3,940.00"
2019-09-01,2019090101006027,MEGA,59,49,50,197.00,"9,850.00"
2019-09-01,2019090101006126,MEGA,38,33,120,198.00,"23,760.00"
2019-09-01,2019090101006131,MHNL,18,43,30,91.00,"2,730.00"
2019-09-01,2019090101005980,MHNL,18,43,30,91.00,"2,730.00"
2019-09-01,2019090101006150,MLBL,3,50,100,213.00,"21,300.00"
2019-09-01,2019090101006057,MLBL,33,25,500,213.00,"106,500.00"
2019-09-01,2019090101006056,MLBL,52,50,80,213.00,"17,040.00"
2019-09-01,2019090101006055,MLBL,52,25,300,213.00,"63,900.00"
2019-09-01,2019090101006054,MLBL,52,50,20,213.00,"4,260.00"
2019-09-01,2019090101006022,MLBL,17,50,50,213.00,"10,650.00"
2019-09-01,2019090101006352,NABIL,6,13,50,769.00,"38,450.00"
2019-09-01,2019090101006238,NABIL,1,13,50,769.00,"38,450.00"
2019-09-01,2019090101006121,NABIL,1,5,50,769.00,"38,450.00"
2019-09-01,2019090101006081,NABIL,34,11,100,767.00,"76,700.00"
2019-09-01,2019090101006036,NADEP,45,14,20,461.00,"9,220.00"
2019-09-01,2019090101006035,NADEP,42,14,100,462.00,"46,200.00"
2019-09-01,2019090101006034,NADEP,19,14,10,462.00,"4,620.00"
2019-09-01,2019090101006443,NAGRO,34,6,10,754.00,"7,540.00"
2019-09-01,2019090101006470,NBB,28,6,567,210.00,"119,070.00"
2019-09-01,2019090101006469,NBB,33,6,"1,433",210.00,"300,930.00"
2019-09-01,2019090101006446,NBB,33,6,67,210.00,"14,070.00"
2019-09-01,2019090101006445,NBB,41,6,200,210.00,"42,000.00"
2019-09-01,2019090101006444,NBB,34,6,"1,733",210.00,"363,930.00"
2019-09-01,2019090101006420,NBB,34,6,267,210.00,"56,070.00"
2019-09-01,2019090101006399,NBB,19,6,171,210.00,"35,910.00"
2019-09-01,2019090101006316,NBB,19,36,100,210.00,"21,000.00"
2019-09-01,2019090101006419,NBB,40,6,"1,000",210.00,"210,000.00"
2019-09-01,2019090101006418,NBB,14,6,200,210.00,"42,000.00"
2019-09-01,2019090101006417,NBB,11,6,171,210.00,"35,910.00"
2019-09-01,2019090101006402,NBB,11,6,329,210.00,"69,090.00"
2019-09-01,2019090101006401,NBB,26,6,500,210.00,"105,000.00"
2019-09-01,2019090101006400,NBB,56,6,"1,000",210.00,"210,000.00"
2019-09-01,2019090101006476,NBL,33,4,100,320.00,"32,000.00"
2019-09-01,2019090101006426,NBL,25,59,100,319.00,"31,900.00"
2019-09-01,2019090101006382,NBL,25,51,200,319.00,"63,800.00"
2019-09-01,2019090101006349,NBL,25,59,150,319.00,"47,850.00"
2019-09-01,2019090101006348,NBL,34,59,50,319.00,"15,950.00"
2019-09-01,2019090101006326,NBL,34,50,950,319.00,"303,050.00"
2019-09-01,2019090101006114,NBL,47,4,200,320.00,"64,000.00"
2019-09-01,2019090101006006,NBL,5,4,150,320.00,"48,000.00"
2019-09-01,2019090101006280,NBL,37,51,20,319.00,"6,380.00"
2019-09-01,2019090101006279,NBL,22,51,30,319.00,"9,570.00"
2019-09-01,2019090101006278,NBL,4,51,50,319.00,"15,950.00"
2019-09-01,2019090101006235,NBL,47,4,170,320.00,"54,400.00"
2019-09-01,2019090101006182,NBL,4,42,50,319.00,"15,950.00"
2019-09-01,2019090101006160,NBL,42,4,50,320.00,"16,000.00"
2019-09-01,2019090101006325,NBL,42,50,50,319.00,"15,950.00"
2019-09-01,2019090101006320,NBL,58,4,10,320.00,"3,200.00"
2019-09-01,2019090101006284,NBL,42,51,150,319.00,"47,850.00"
2019-09-01,2019090101006283,NBL,50,51,500,319.00,"159,500.00"
2019-09-01,2019090101006282,NBL,43,51,50,319.00,"15,950.00"
2019-09-01,2019090101006281,NBL,25,51,100,319.00,"31,900.00"
2019-09-01,2019090101006475,NCCB,58,46,10,202.00,"2,020.00"
2019-09-01,2019090101006413,NCCB,33,46,100,202.00,"20,200.00"
2019-09-01,2019090101006104,NCCB,36,28,570,201.00,"114,570.00"
2019-09-01,2019090101005999,NCCB,54,11,163,200.00,"32,600.00"
2019-09-01,2019090101005998,NCCB,42,11,37,200.00,"7,400.00"
2019-09-01,2019090101006086,NGPL,45,28,10,108.00,"1,080.00"
2019-09-01,2019090101006052,NGPL,1,45,10,106.00,"1,060.00"
2019-09-01,2019090101006023,NHPC,55,33,"3,000",57.00,"171,000.00"
2019-09-01,2019090101006461,NIB,17,49,200,459.00,"91,800.00"
2019-09-01,2019090101006407,NIB,6,8,250,460.00,"115,000.00"
2019-09-01,2019090101006397,NIB,35,4,50,460.00,"23,000.00"
2019-09-01,2019090101006247,NIB,26,4,19,460.00,"8,740.00"
2019-09-01,2019090101006246,NIB,47,4,20,460.00,"9,200.00"
2019-09-01,2019090101006245,NIB,54,4,30,460.00,"13,800.00"
2019-09-01,2019090101006244,NIB,44,4,20,460.00,"9,200.00"
2019-09-01,2019090101006243,NIB,41,4,54,460.00,"24,840.00"
2019-09-01,2019090101006181,NIB,41,4,53,460.00,"24,380.00"
2019-09-01,2019090101006105,NIB,41,11,200,460.00,"92,000.00"
2019-09-01,2019090101006392,NIBPO,52,6,100,423.00,"42,300.00"
2019-09-01,2019090101006262,NICA,1,11,100,440.00,"44,000.00"
2019-09-01,2019090101006053,NICA,1,50,500,440.00,"220,000.00"
2019-09-01,2019090101006049,NICA,1,5,151,440.00,"66,440.00"
2019-09-01,2019090101006048,NICA,41,5,100,440.00,"44,000.00"
2019-09-01,2019090101006047,NICA,48,5,40,440.00,"17,600.00"
2019-09-01,2019090101006046,NICA,38,5,209,440.00,"91,960.00"
2019-09-01,2019090101006045,NICA,38,28,221,440.00,"97,240.00"
2019-09-01,2019090101006040,NICA,38,5,600,440.00,"264,000.00"
2019-09-01,2019090101006452,NLBBL,38,25,50,522.00,"26,100.00"
2019-09-01,2019090101006396,NLBBL,33,57,86,521.00,"44,806.00"
2019-09-01,2019090101006395,NLBBL,25,57,10,521.00,"5,210.00"
2019-09-01,2019090101006394,NLBBL,11,57,50,522.00,"26,100.00"
2019-09-01,2019090101006134,NLBBL,33,1,14,521.00,"7,294.00"
2019-09-01,2019090101006079,NLBBL,57,1,30,521.00,"15,630.00"
2019-09-01,2019090101006078,NLBBL,26,1,50,521.00,"26,050.00"
2019-09-01,2019090101006077,NLBBL,38,1,100,522.00,"52,200.00"
2019-09-01,2019090101005986,NLBBL,17,37,20,524.00,"10,480.00"
2019-09-01,2019090101006455,NLG,6,38,11,611.00,"6,721.00"
2019-09-01,2019090101006347,NLG,25,42,10,600.00,"6,000.00"
2019-09-01,2019090101006346,NLG,45,42,20,600.00,"12,000.00"
2019-09-01,2019090101006345,NLG,59,42,50,601.00,"30,050.00"
2019-09-01,2019090101006344,NLG,48,42,10,607.00,"6,070.00"
2019-09-01,2019090101006343,NLG,22,42,10,607.00,"6,070.00"
2019-09-01,2019090101006468,NLIC,42,50,10,808.00,"8,080.00"
2019-09-01,2019090101006457,NLIC,57,50,10,808.00,"8,080.00"
2019-09-01,2019090101006319,NLIC,55,50,70,808.00,"56,560.00"
2019-09-01,2019090101006254,NLIC,35,51,22,807.00,"17,754.00"
2019-09-01,2019090101006232,NLIC,49,42,250,806.00,"201,500.00"
2019-09-01,2019090101006198,NLIC,26,51,100,807.00,"80,700.00"
2019-09-01,2019090101006080,NLIC,19,45,70,809.00,"56,630.00"
2019-09-01,2019090101006065,NLIC,42,45,14,809.00,"11,326.00"
2019-09-01,2019090101006019,NLIC,14,45,50,809.00,"40,450.00"
2019-09-01,2019090101006159,NLIC,49,50,75,806.00,"60,450.00"
2019-09-01,2019090101006119,NLIC,48,51,100,807.00,"80,700.00"
2019-09-01,2019090101006118,NLIC,42,51,50,807.00,"40,350.00"
2019-09-01,2019090101006117,NLIC,21,51,100,807.00,"80,700.00"
2019-09-01,2019090101006116,NLIC,44,51,98,807.00,"79,086.00"
2019-09-01,2019090101006083,NLIC,21,45,50,809.00,"40,450.00"
2019-09-01,2019090101006364,NLICL,35,42,100,534.00,"53,400.00"
2019-09-01,2019090101006093,NLICL,42,56,400,535.00,"214,000.00"
2019-09-01,2019090101006092,NLICL,35,56,100,535.00,"53,500.00"
2019-09-01,2019090101006091,NLICL,26,56,13,535.00,"6,955.00"
2019-09-01,2019090101006135,NMBMF,7,4,50,"1,056.00","52,800.00"
2019-09-01,2019090101006416,NMFBS,47,58,19,"1,440.00","27,360.00"
2019-09-01,2019090101006327,NUBL,34,55,100,852.00,"85,200.00"
2019-09-01,2019090101006058,NUBL,34,6,40,852.00,"34,080.00"
2019-09-01,2019090101006324,OHL,42,3,130,548.00,"71,240.00"
2019-09-01,2019090101006329,PCBL,43,4,150,273.00,"40,950.00"
2019-09-01,2019090101006127,PCBL,43,11,100,273.00,"27,300.00"
2019-09-01,2019090101006353,PFL,59,17,10,136.00,"1,360.00"
2019-09-01,2019090101006130,PFL,59,47,13,135.00,"1,755.00"
2019-09-01,2019090101005996,PFL,59,53,76,134.00,"10,184.00"
2019-09-01,2019090101006471,PIC,8,49,10,397.00,"3,970.00"
2019-09-01,2019090101006424,PIC,34,32,78,396.00,"30,888.00"
2019-09-01,2019090101006423,PIC,17,32,100,396.00,"39,600.00"
2019-09-01,2019090101006415,PIC,37,32,22,396.00,"8,712.00"
2019-09-01,2019090101006406,PIC,45,38,87,395.00,"34,365.00"
2019-09-01,2019090101006405,PIC,45,38,63,395.00,"24,885.00"
2019-09-01,2019090101006109,PIC,42,32,100,396.00,"39,600.00"
2019-09-01,2019090101006061,PIC,45,22,37,395.00,"14,615.00"
2019-09-01,2019090101006002,PMHPL,45,16,10,98.00,980.00
2019-09-01,2019090101006140,PPCL,7,43,10,100.00,"1,000.00"
2019-09-01,2019090101005992,PPCL,7,16,10,100.00,"1,000.00"
2019-09-01,2019090101005991,PPCL,7,43,10,100.00,"1,000.00"
2019-09-01,2019090101006063,PRIN,41,51,755,330.00,"249,150.00"
2019-09-01,2019090101006463,PRVU,47,28,50,260.00,"13,000.00"
2019-09-01,2019090101006436,PRVU,33,28,20,260.00,"5,200.00"
2019-09-01,2019090101006337,PRVU,33,37,"1,263",260.00,"328,380.00"
2019-09-01,2019090101006336,PRVU,33,28,500,260.00,"130,000.00"
2019-09-01,2019090101006335,PRVU,33,25,676,260.00,"175,760.00"
2019-09-01,2019090101006333,PRVU,28,25,20,260.00,"5,200.00"
2019-09-01,2019090101006145,PRVU,34,28,50,259.00,"12,950.00"
2019-09-01,2019090101006144,PRVU,26,28,500,259.00,"129,500.00"
2019-09-01,2019090101006143,PRVU,13,28,160,259.00,"41,440.00"
2019-09-01,2019090101006090,PRVU,51,25,344,260.00,"89,440.00"
2019-09-01,2019090101006089,PRVU,51,28,206,260.00,"53,560.00"
2019-09-01,2019090101005982,PRVU,41,28,200,260.00,"52,000.00"
2019-09-01,2019090101006163,PRVU,56,25,100,260.00,"26,000.00"
2019-09-01,2019090101006157,PRVU,47,25,120,260.00,"31,200.00"
2019-09-01,2019090101006149,PRVU,14,28,440,259.00,"113,960.00"
2019-09-01,2019090101006148,PRVU,14,28,500,259.00,"129,500.00"
2019-09-01,2019090101006147,PRVU,42,28,100,259.00,"25,900.00"
2019-09-01,2019090101006146,PRVU,21,28,50,259.00,"12,950.00"
2019-09-01,2019090101006176,PRVU,35,49,189,259.00,"48,951.00"
2019-09-01,2019090101006168,PRVU,35,28,11,259.00,"2,849.00"
2019-09-01,2019090101006167,PRVU,1,28,"1,500",259.00,"388,500.00"
2019-09-01,2019090101006166,PRVU,45,28,150,259.00,"38,850.00"
2019-09-01,2019090101006165,PRVU,46,28,79,259.00,"20,461.00"
2019-09-01,2019090101006164,PRVU,14,28,60,259.00,"15,540.00"
2019-09-01,2019090101006191,PRVU,21,28,100,259.00,"25,900.00"
2019-09-01,2019090101006190,PRVU,38,28,25,259.00,"6,475.00"
2019-09-01,2019090101006189,PRVU,48,28,499,259.00,"129,241.00"
2019-09-01,2019090101006188,PRVU,56,28,500,259.00,"129,500.00"
2019-09-01,2019090101006187,PRVU,56,28,19,259.00,"4,921.00"
2019-09-01,2019090101006177,PRVU,56,49,11,259.00,"2,849.00"
2019-09-01,2019090101006273,PRVU,19,25,100,260.00,"26,000.00"
2019-09-01,2019090101006211,PRVU,47,25,140,260.00,"36,400.00"
2019-09-01,2019090101006194,PRVU,39,28,57,259.00,"14,763.00"
2019-09-01,2019090101006193,PRVU,8,28,100,259.00,"25,900.00"
2019-09-01,2019090101006192,PRVU,18,28,500,259.00,"129,500.00"
2019-09-01,2019090101006306,RBCLPO,49,42,10,"8,037.00","80,370.00"
2019-09-01,2019090101006305,RBCLPO,42,42,10,"8,038.00","80,380.00"
2019-09-01,2019090101006304,RBCLPO,14,42,10,"8,040.00","80,400.00"
2019-09-01,2019090101006448,RHPL,37,44,50,174.00,"8,700.00"
2019-09-01,2019090101006442,RHPL,37,56,360,174.00,"62,640.00"
2019-09-01,2019090101006441,RHPL,26,56,100,174.00,"17,400.00"
2019-09-01,2019090101006440,RHPL,34,56,40,174.00,"6,960.00"
2019-09-01,2019090101006410,RHPL,34,44,40,174.00,"6,960.00"
2019-09-01,2019090101006367,RHPL,48,56,10,176.00,"1,760.00"
2019-09-01,2019090101005988,RHPL,51,44,40,175.00,"7,000.00"
2019-09-01,2019090101005984,RHPL,55,42,40,175.00,"7,000.00"
2019-09-01,2019090101005981,RHPL,55,37,40,175.00,"7,000.00"
2019-09-01,2019090101006050,RHPL,57,44,40,175.00,"7,000.00"
2019-09-01,2019090101006032,RHPL,57,44,40,175.00,"7,000.00"
2019-09-01,2019090101006017,RHPL,57,7,40,175.00,"7,000.00"
2019-09-01,2019090101006007,RHPL,57,36,30,175.00,"5,250.00"
2019-09-01,2019090101006004,RHPL,57,43,30,175.00,"5,250.00"
2019-09-01,2019090101006003,RHPL,51,43,10,175.00,"1,750.00"
2019-09-01,2019090101006101,RHPL,6,44,40,175.00,"7,000.00"
2019-09-01,2019090101006088,RHPL,6,36,30,175.00,"5,250.00"
2019-09-01,2019090101006085,RHPL,6,37,40,175.00,"7,000.00"
2019-09-01,2019090101006082,RHPL,6,20,40,175.00,"7,000.00"
2019-09-01,2019090101006074,RHPL,6,44,20,175.00,"3,500.00"
2019-09-01,2019090101006073,RHPL,57,44,20,175.00,"3,500.00"
2019-09-01,2019090101006136,RHPL,6,44,50,175.00,"8,750.00"
2019-09-01,2019090101006133,RHPL,6,56,30,175.00,"5,250.00"
2019-09-01,2019090101006128,RHPL,6,20,40,175.00,"7,000.00"
2019-09-01,2019090101006120,RHPL,6,44,40,175.00,"7,000.00"
2019-09-01,2019090101006113,RHPL,6,37,40,175.00,"7,000.00"
2019-09-01,2019090101006103,RHPL,6,37,40,175.00,"7,000.00"
2019-09-01,2019090101006206,RHPL,34,44,40,174.00,"6,960.00"
2019-09-01,2019090101006185,RHPL,52,44,50,175.00,"8,750.00"
2019-09-01,2019090101006184,RHPL,52,43,20,175.00,"3,500.00"
2019-09-01,2019090101006161,RHPL,6,43,20,175.00,"3,500.00"
2019-09-01,2019090101006158,RHPL,6,37,40,175.00,"7,000.00"
2019-09-01,2019090101006156,RHPL,6,7,30,175.00,"5,250.00"
2019-09-01,2019090101006366,RHPL,34,44,40,174.00,"6,960.00"
2019-09-01,2019090101006351,RHPL,48,56,30,176.00,"5,280.00"
2019-09-01,2019090101006350,RHPL,34,44,40,174.00,"6,960.00"
2019-09-01,2019090101006272,RHPL,34,44,40,174.00,"6,960.00"
2019-09-01,2019090101006237,RHPL,34,44,40,174.00,"6,960.00"
2019-09-01,2019090101006236,RHPL,34,7,40,174.00,"6,960.00"
2019-09-01,2019090101006276,RLFL,34,38,10,121.00,"1,210.00"
2019-09-01,2019090101006087,RSDC,58,16,90,350.00,"31,500.00"
2019-09-01,2019090101006060,SABSL,22,53,10,485.00,"4,850.00"
2019-09-01,2019090101006170,SADBL,7,4,60,141.00,"8,460.00"
2019-09-01,2019090101006169,SADBL,36,4,178,141.00,"25,098.00"
2019-09-01,2019090101006451,SANIMA,34,4,181,346.00,"62,626.00"
2019-09-01,2019090101006450,SANIMA,57,4,90,346.00,"31,140.00"
2019-09-01,2019090101006449,SANIMA,1,4,95,346.00,"32,870.00"
2019-09-01,2019090101006435,SANIMA,47,57,30,348.00,"10,440.00"
2019-09-01,2019090101006067,SANIMA,1,4,85,346.00,"29,410.00"
2019-09-01,2019090101006460,SBI,54,11,100,440.00,"44,000.00"
2019-09-01,2019090101006459,SBI,58,11,100,440.00,"44,000.00"
2019-09-01,2019090101006458,SBI,45,11,10,440.00,"4,400.00"
2019-09-01,2019090101006059,SBI,21,11,50,442.00,"22,100.00"
2019-09-01,2019090101006201,SBL,47,13,55,314.00,"17,270.00"
2019-09-01,2019090101006200,SBL,47,58,85,314.00,"26,690.00"
2019-09-01,2019090101006137,SBL,47,58,115,314.00,"36,110.00"
2019-09-01,2019090101006051,SBL,47,58,100,314.00,"31,400.00"
2019-09-01,2019090101006431,SDESI,41,19,18,619.00,"11,142.00"
2019-09-01,2019090101006332,SDESI,41,40,34,619.00,"21,046.00"
2019-09-01,2019090101006331,SDESI,18,40,50,620.00,"31,000.00"
2019-09-01,2019090101006330,SDESI,39,40,16,620.00,"9,920.00"
2019-09-01,2019090101006369,SEF,8,55,"27,600",8.92,"246,192.00"
2019-09-01,2019090101006368,SEF,8,50,500,8.90,"4,450.00"
2019-09-01,2019090101006129,SHINE,18,42,200,246.00,"49,200.00"
2019-09-01,2019090101006439,SHIVM,42,44,200,545.00,"109,000.00"
2019-09-01,2019090101006438,SHIVM,38,44,200,545.00,"109,000.00"
2019-09-01,2019090101006437,SHIVM,26,44,80,546.00,"43,680.00"
2019-09-01,2019090101006385,SHIVM,38,28,20,550.00,"11,000.00"
2019-09-01,2019090101006251,SHIVM,26,42,20,546.00,"10,920.00"
2019-09-01,2019090101006250,SHIVM,26,42,280,546.00,"152,880.00"
2019-09-01,2019090101006155,SHIVM,26,42,200,546.00,"109,200.00"
2019-09-01,2019090101006125,SHIVM,26,44,20,546.00,"10,920.00"
2019-09-01,2019090101006467,SHPC,16,13,10,216.00,"2,160.00"
2019-09-01,2019090101006084,SIC,14,50,95,539.00,"51,205.00"
2019-09-01,2019090101006076,SICL,34,35,30,754.00,"22,620.00"
2019-09-01,2019090101006447,SIL,41,39,160,400.00,"64,000.00"
2019-09-01,2019090101006477,SJCL,14,43,20,190.00,"3,800.00"
2019-09-01,2019090101006404,SJCL,14,33,150,190.00,"28,500.00"
2019-09-01,2019090101006020,SJCL,43,43,20,191.00,"3,820.00"
2019-09-01,2019090101006001,SJCL,47,38,30,192.00,"5,760.00"
2019-09-01,2019090101005995,SJCL,43,36,20,191.00,"3,820.00"
2019-09-01,2019090101005985,SJCL,43,46,20,191.00,"3,820.00"
2019-09-01,2019090101006075,SJCL,43,36,20,191.00,"3,820.00"
2019-09-01,2019090101006139,SJCL,43,20,10,191.00,"1,910.00"
2019-09-01,2019090101006138,SJCL,1,20,10,192.00,"1,920.00"
2019-09-01,2019090101006111,SJCL,1,45,20,192.00,"3,840.00"
2019-09-01,2019090101006110,SJCL,48,20,10,193.00,"1,930.00"
2019-09-01,2019090101006100,SJCL,1,20,20,192.00,"3,840.00"
2019-09-01,2019090101006204,SJCL,6,43,500,191.00,"95,500.00"
2019-09-01,2019090101006203,SJCL,16,43,50,191.00,"9,550.00"
2019-09-01,2019090101006202,SJCL,7,43,990,191.00,"189,090.00"
2019-09-01,2019090101006180,SJCL,7,43,10,191.00,"1,910.00"
2019-09-01,2019090101006179,SJCL,43,43,10,191.00,"1,910.00"
2019-09-01,2019090101006151,SJCL,43,56,20,191.00,"3,820.00"
2019-09-01,2019090101006363,SKBBL,34,41,"1,000",957.00,"957,000.00"
2019-09-01,2019090101006334,SLBBL,1,38,10,556.00,"5,560.00"
2019-09-01,2019090101006454,SLBSL,57,38,100,739.00,"73,900.00"
2019-09-01,2019090101006453,SLBSL,44,38,100,739.00,"73,900.00"
2019-09-01,2019090101006311,SMATA,6,28,50,"1,295.00","64,750.00"
2019-09-01,2019090101006310,SMATA,45,28,50,"1,297.00","64,850.00"
2019-09-01,2019090101006309,SMATA,39,28,100,"1,298.00","129,800.00"
2019-09-01,2019090101006308,SMATA,43,28,10,"1,300.00","13,000.00"
2019-09-01,2019090101006307,SMATA,18,28,10,"1,302.00","13,020.00"
2019-09-01,2019090101006066,SMB,33,38,10,470.00,"4,700.00"
2019-09-01,2019090101006339,SMFBS,57,49,10,812.00,"8,120.00"
2019-09-01,2019090101006108,SMFBS,22,36,10,803.00,"8,030.00"
2019-09-01,2019090101006033,SMFBS,22,36,10,803.00,"8,030.00"
2019-09-01,2019090101006409,SPARS,34,17,10,590.00,"5,900.00"
2019-09-01,2019090101006408,SPARS,34,45,10,585.00,"5,850.00"
2019-09-01,2019090101006474,SWBBL,34,16,100,925.00,"92,500.00"
2019-09-01,2019090101006473,SWBBL,34,45,200,924.00,"184,800.00"
2019-09-01,2019090101006472,SWBBL,34,45,137,923.00,"126,451.00"
2019-09-01,2019090101006039,SWBBL,34,42,180,919.00,"165,420.00"
2019-09-01,2019090101006038,SWBBL,51,42,20,920.00,"18,400.00"
2019-09-01,2019090101006362,TRH,45,34,20,297.00,"5,940.00"
2019-09-01,2019090101006042,TRH,49,38,180,292.00,"52,560.00"
2019-09-01,2019090101006041,TRH,25,38,50,292.00,"14,600.00"
2019-09-01,2019090101006378,UFL,22,34,450,192.00,"86,400.00"
2019-09-01,2019090101006377,UFL,22,32,200,191.00,"38,200.00"
2019-09-01,2019090101006263,UFL,32,32,100,192.00,"19,200.00"
2019-09-01,2019090101006199,UFL,32,32,100,192.00,"19,200.00"
2019-09-01,2019090101006154,UFL,32,32,100,192.00,"19,200.00"
2019-09-01,2019090101005997,UFL,32,25,100,192.00,"19,200.00"
2019-09-01,2019090101005983,UMHL,7,16,14,105.00,"1,470.00"
2019-09-01,2019090101006372,UPPER,33,59,10,246.00,"2,460.00"
2019-09-01,2019090101006371,UPPER,33,19,40,245.00,"9,800.00"
2019-09-01,2019090101006370,UPPER,33,59,60,245.00,"14,700.00"
2019-09-01,2019090101006249,UPPER,55,29,90,244.00,"21,960.00"
2019-09-01,2019090101006248,UPPER,52,29,910,244.00,"222,040.00"
2019-09-01,2019090101006132,UPPER,19,59,50,245.00,"12,250.00"
2019-09-01,2019090101006000,UPPER,58,59,190,245.00,"46,550.00"
2019-09-01,2019090101006266,VLBS,33,58,100,566.00,"56,600.00"
2019-09-01,2019090101006265,VLBS,35,58,10,567.00,"5,670.00"
2019-09-01,2019090101005752,ADBL,44,42,285,422.00,"120,270.00"
2019-09-01,2019090101005751,ADBL,6,42,15,423.00,"6,345.00"
2019-09-01,2019090101005662,ADBL,19,55,91,423.00,"38,493.00"
2019-09-01,2019090101005564,ADBL,44,58,175,422.00,"73,850.00"
2019-09-01,2019090101005563,ADBL,38,58,25,422.00,"10,550.00"
2019-09-01,2019090101005885,AHPC,28,7,232,99.00,"22,968.00"
2019-09-01,2019090101005838,AHPC,25,37,50,100.00,"5,000.00"
2019-09-01,2019090101005928,AKJCL,7,16,20,61.00,"1,220.00"
2019-09-01,2019090101005905,AKJCL,7,22,600,61.00,"36,600.00"
2019-09-01,2019090101005904,AKJCL,32,22,80,61.00,"4,880.00"
2019-09-01,2019090101005903,AKJCL,29,22,20,61.00,"1,220.00"
2019-09-01,2019090101005877,AKJCL,29,43,10,61.00,610.00
2019-09-01,2019090101005836,AKJCL,29,43,15,61.00,915.00
2019-09-01,2019090101005864,AKPL,25,48,20,155.00,"3,100.00"
2019-09-01,2019090101005600,ALBSL,42,25,90,435.00,"39,150.00"
2019-09-01,2019090101005599,ALBSL,56,25,100,436.00,"43,600.00"
2019-09-01,2019090101005598,ALBSL,57,25,10,436.00,"4,360.00"
2019-09-01,2019090101005638,ALICL,28,45,580,314.00,"182,120.00"
2019-09-01,2019090101005576,ALICL,25,45,100,314.00,"31,400.00"
2019-09-01,2019090101005575,ALICL,35,45,100,314.00,"31,400.00"
2019-09-01,2019090101005574,ALICL,45,45,220,314.00,"69,080.00"
2019-09-01,2019090101005901,API,13,26,200,118.00,"23,600.00"
2019-09-01,2019090101005741,API,25,26,40,118.00,"4,720.00"
2019-09-01,2019090101005706,API,55,26,200,118.00,"23,600.00"
2019-09-01,2019090101005588,API,34,32,300,117.00,"35,100.00"
2019-09-01,2019090101005587,API,29,32,200,117.00,"23,400.00"
2019-09-01,2019090101005579,API,22,26,10,118.00,"1,180.00"
2019-09-01,2019090101005880,BOKL,25,14,100,253.00,"25,300.00"
2019-09-01,2019090101005806,BOKL,19,33,47,253.00,"11,891.00"
2019-09-01,2019090101005497,BOKL,19,28,78,253.00,"19,734.00"
2019-09-01,2019090101005894,BPCL,33,43,22,381.00,"8,382.00"
2019-09-01,2019090101005703,BPCL,33,43,22,381.00,"8,382.00"
2019-09-01,2019090101005976,CBL,34,11,200,148.00,"29,600.00"
2019-09-01,2019090101005975,CBL,25,11,73,148.00,"10,804.00"
2019-09-01,2019090101005929,CBL,32,1,100,149.00,"14,900.00"
2019-09-01,2019090101005758,CCBL,52,43,20,158.00,"3,160.00"
2019-09-01,2019090101005743,CCBL,32,48,200,159.00,"31,800.00"
2019-09-01,2019090101005740,CEFL,59,4,"1,000",104.00,"104,000.00"
2019-09-01,2019090101005739,CEFL,44,4,500,104.00,"52,000.00"
2019-09-01,2019090101005738,CEFL,44,4,"1,000",105.00,"105,000.00"
2019-09-01,2019090101005926,CFCL,1,28,500,113.00,"56,500.00"
2019-09-01,2019090101005726,CHCL,4,45,61,436.00,"26,596.00"
2019-09-01,2019090101005502,CHCL,20,45,39,436.00,"17,004.00"
2019-09-01,2019090101005629,CIT,38,32,20,"2,340.00","46,800.00"
2019-09-01,2019090101005717,CZBIL,42,25,200,217.00,"43,400.00"
2019-09-01,2019090101005704,CZBIL,44,28,"1,000",216.00,"216,000.00"
2019-09-01,2019090101005680,CZBIL,51,25,205,217.00,"44,485.00"
2019-09-01,2019090101005679,CZBIL,51,44,10,217.00,"2,170.00"
2019-09-01,2019090101005678,CZBIL,51,4,500,217.00,"108,500.00"
2019-09-01,2019090101005677,CZBIL,51,48,240,217.00,"52,080.00"
2019-09-01,2019090101005676,CZBIL,51,28,45,217.00,"9,765.00"
2019-09-01,2019090101005667,CZBIL,44,28,"1,382",216.00,"298,512.00"
2019-09-01,2019090101005532,CZBIL,44,11,294,216.00,"63,504.00"
2019-09-01,2019090101005531,CZBIL,35,11,30,216.00,"6,480.00"
2019-09-01,2019090101005530,CZBIL,16,11,295,216.00,"63,720.00"
2019-09-01,2019090101005517,CZBIL,39,28,200,217.00,"43,400.00"
2019-09-01,2019090101005715,EIC,58,28,50,310.00,"15,500.00"
2019-09-01,2019090101005636,EIC,37,1,25,307.00,"7,675.00"
2019-09-01,2019090101005695,FOWAD,10,53,10,"1,319.00","13,190.00"
2019-09-01,2019090101005670,GBBL,1,28,528,211.00,"111,408.00"
2019-09-01,2019090101005669,GBBL,49,28,172,211.00,"36,292.00"
2019-09-01,2019090101005628,GBBL,47,39,100,213.00,"21,300.00"
2019-09-01,2019090101005817,GILB,43,16,22,733.00,"16,126.00"
2019-09-01,2019090101005816,GILB,43,16,22,733.00,"16,126.00"
2019-09-01,2019090101005936,GLBSL,39,45,10,470.00,"4,700.00"
2019-09-01,2019090101005529,GLBSL,48,45,10,470.00,"4,700.00"
2019-09-01,2019090101005520,GLBSL,34,36,10,465.00,"4,650.00"
2019-09-01,2019090101005847,GLICL,11,29,23,400.00,"9,200.00"
2019-09-01,2019090101005707,GLICL,25,29,10,400.00,"4,000.00"
2019-09-01,2019090101005909,GMFBS,6,43,10,510.00,"5,100.00"
2019-09-01,2019090101005496,GMFBS,39,36,10,510.00,"5,100.00"
2019-09-01,2019090101005863,HBL,49,7,174,533.00,"92,742.00"
2019-09-01,2019090101005862,HBL,22,7,100,533.00,"53,300.00"
2019-09-01,2019090101005861,HBL,58,7,90,534.00,"48,060.00"
2019-09-01,2019090101005860,HBL,28,7,100,534.00,"53,400.00"
2019-09-01,2019090101005859,HBL,45,7,10,534.00,"5,340.00"
2019-09-01,2019090101005830,HBL,51,44,69,535.00,"36,915.00"
2019-09-01,2019090101005829,HBL,16,44,500,535.00,"267,500.00"
2019-09-01,2019090101005828,HBL,40,44,45,535.00,"24,075.00"
2019-09-01,2019090101005827,HBL,32,44,500,536.00,"268,000.00"
2019-09-01,2019090101005826,HBL,45,44,20,537.00,"10,740.00"
2019-09-01,2019090101005893,HDL,6,52,50,"1,505.00","75,250.00"
2019-09-01,2019090101005892,HDL,32,52,10,"1,510.00","15,100.00"
2019-09-01,2019090101005947,HIDCL,28,16,30,140.00,"4,200.00"
2019-09-01,2019090101005934,HURJA,45,43,20,119.00,"2,380.00"
2019-09-01,2019090101005810,HURJA,45,43,10,119.00,"1,190.00"
2019-09-01,2019090101005650,ICFC,36,39,500,161.00,"80,500.00"
2019-09-01,2019090101005890,ILBS,17,48,75,447.00,"33,525.00"
2019-09-01,2019090101005562,ILBS,32,43,50,446.00,"22,300.00"
2019-09-01,2019090101005949,JBBL,20,25,39,160.00,"6,240.00"
2019-09-01,2019090101005948,JBBL,44,25,61,160.00,"9,760.00"
2019-09-01,2019090101005794,JBBL,44,28,500,160.00,"80,000.00"
2019-09-01,2019090101005961,JOSHI,13,43,20,64.00,"1,280.00"
2019-09-01,2019090101005798,JOSHI,13,43,20,64.00,"1,280.00"
2019-09-01,2019090101005735,JOSHI,13,10,20,64.00,"1,280.00"
2019-09-01,2019090101005601,JOSHI,57,10,20,65.00,"1,300.00"
2019-09-01,2019090101005578,JOSHI,57,10,20,65.00,"1,300.00"
2019-09-01,2019090101005858,KBL,14,25,50,203.00,"10,150.00"
2019-09-01,2019090101005756,KBL,59,43,337,203.00,"68,411.00"
2019-09-01,2019090101005705,KBL,42,43,130,203.00,"26,390.00"
2019-09-01,2019090101005571,KBL,39,43,33,203.00,"6,699.00"
2019-09-01,2019090101005495,KBL,39,43,467,203.00,"94,801.00"
2019-09-01,2019090101005770,KPCL,55,42,10,83.00,830.00
2019-09-01,2019090101005547,KPCL,55,52,10,82.00,820.00
2019-09-01,2019090101005946,LBBL,45,28,87,176.00,"15,312.00"
2019-09-01,2019090101005945,LBBL,25,28,100,176.00,"17,600.00"
2019-09-01,2019090101005944,LBBL,22,28,40,176.00,"7,040.00"
2019-09-01,2019090101005943,LBBL,14,28,100,176.00,"17,600.00"
2019-09-01,2019090101005942,LBBL,46,28,500,176.00,"88,000.00"
2019-09-01,2019090101005941,LBBL,14,28,78,176.00,"13,728.00"
2019-09-01,2019090101005772,LBBL,14,45,222,176.00,"39,072.00"
2019-09-01,2019090101005771,LBBL,4,45,978,176.00,"172,128.00"
2019-09-01,2019090101005970,LBL,34,49,523,212.00,"110,876.00"
2019-09-01,2019090101005969,LBL,57,49,91,213.00,"19,383.00"
2019-09-01,2019090101005916,LBL,57,19,59,213.00,"12,567.00"
2019-09-01,2019090101005915,LBL,32,19,441,213.00,"93,933.00"
2019-09-01,2019090101005869,LBL,32,22,542,213.00,"115,446.00"
2019-09-01,2019090101005790,LBL,32,22,17,213.00,"3,621.00"
2019-09-01,2019090101005789,LBL,57,22,200,213.00,"42,600.00"
2019-09-01,2019090101005788,LBL,34,22,"1,589",213.00,"338,457.00"
2019-09-01,2019090101005535,LICN,25,25,10,"1,039.00","10,390.00"
2019-09-01,2019090101005642,MBL,33,43,264,248.00,"65,472.00"
2019-09-01,2019090101005641,MBL,57,43,20,248.00,"4,960.00"
2019-09-01,2019090101005625,MBL,34,43,200,249.00,"49,800.00"
2019-09-01,2019090101005624,MBL,42,43,66,249.00,"16,434.00"
2019-09-01,2019090101005908,MEGA,33,49,500,198.00,"99,000.00"
2019-09-01,2019090101005486,MEGA,42,33,500,198.00,"99,000.00"
2019-09-01,2019090101005485,MEGA,33,33,"1,000",198.00,"198,000.00"
2019-09-01,2019090101005484,MEGA,49,33,"1,000",198.00,"198,000.00"
2019-09-01,2019090101005483,MEGA,57,33,300,198.00,"59,400.00"
2019-09-01,2019090101005482,MEGA,17,33,248,198.00,"49,104.00"
2019-09-01,2019090101005504,MEGA,32,35,100,197.00,"19,700.00"
2019-09-01,2019090101005487,MEGA,49,33,300,198.00,"59,400.00"
2019-09-01,2019090101005528,MEGA,58,35,223,197.00,"43,931.00"
2019-09-01,2019090101005506,MEGA,58,35,500,197.00,"98,500.00"
2019-09-01,2019090101005505,MEGA,34,35,200,197.00,"39,400.00"
2019-09-01,2019090101005580,MEGA,50,33,500,198.00,"99,000.00"
2019-09-01,2019090101005546,MEGA,58,35,"1,106",197.00,"217,882.00"
2019-09-01,2019090101005549,MERO,40,5,10,560.00,"5,600.00"
2019-09-01,2019090101005511,MERO,45,25,100,558.00,"55,800.00"
2019-09-01,2019090101005510,MERO,8,25,82,558.00,"45,756.00"
2019-09-01,2019090101005824,MFIL,28,41,250,125.00,"31,250.00"
2019-09-01,2019090101005823,MFIL,53,41,100,125.00,"12,500.00"
2019-09-01,2019090101005822,MFIL,56,41,50,125.00,"6,250.00"
2019-09-01,2019090101005783,MHNL,18,43,40,91.00,"3,640.00"
2019-09-01,2019090101005760,MLBL,51,50,300,213.00,"63,900.00"
2019-09-01,2019090101005755,MLBL,41,50,130,213.00,"27,690.00"
2019-09-01,2019090101005754,MLBL,41,49,200,213.00,"42,600.00"
2019-09-01,2019090101005753,MLBL,41,28,170,213.00,"36,210.00"
2019-09-01,2019090101005700,MLBL,34,28,300,213.00,"63,900.00"
2019-09-01,2019090101005723,MNBBL,52,40,270,317.00,"85,590.00"
2019-09-01,2019090101005722,MNBBL,49,40,100,317.00,"31,700.00"
2019-09-01,2019090101005721,MNBBL,41,40,100,317.00,"31,700.00"
2019-09-01,2019090101005534,MNBBL,29,13,20,318.00,"6,360.00"
2019-09-01,2019090101005807,MSLB,22,32,89,952.00,"84,728.00"
2019-09-01,2019090101005831,NABIL,5,1,15,770.00,"11,550.00"
2019-09-01,2019090101005716,NABIL,6,52,10,769.00,"7,690.00"
2019-09-01,2019090101005551,NABIL,5,52,20,769.00,"15,380.00"
2019-09-01,2019090101005891,NADEP,19,13,10,462.00,"4,620.00"
2019-09-01,2019090101005801,NADEP,45,40,50,461.00,"23,050.00"
2019-09-01,2019090101005730,NADEP,45,45,30,461.00,"13,830.00"
2019-09-01,2019090101005729,NADEP,39,45,100,461.00,"46,100.00"
2019-09-01,2019090101005728,NADEP,56,45,80,461.00,"36,880.00"
2019-09-01,2019090101005727,NADEP,40,45,20,462.00,"9,240.00"
2019-09-01,2019090101005978,NBB,6,6,"1,000",211.00,"211,000.00"
2019-09-01,2019090101005977,NBB,44,6,938,211.00,"197,918.00"
2019-09-01,2019090101005832,NBL,6,4,160,320.00,"51,200.00"
2019-09-01,2019090101005812,NBL,56,4,10,320.00,"3,200.00"
2019-09-01,2019090101005697,NBL,42,4,300,320.00,"96,000.00"
2019-09-01,2019090101005674,NBL,44,51,"1,000",319.00,"319,000.00"
2019-09-01,2019090101005654,NBL,39,4,50,320.00,"16,000.00"
2019-09-01,2019090101005573,NBL,43,4,300,320.00,"96,000.00"
2019-09-01,2019090101005559,NBL,45,4,20,320.00,"6,400.00"
2019-09-01,2019090101005552,NBL,55,4,20,320.00,"6,400.00"
2019-09-01,2019090101005490,NBL,54,51,"1,000",320.00,"320,000.00"
2019-09-01,2019090101005875,NCCB,11,28,73,201.00,"14,673.00"
2019-09-01,2019090101005874,NCCB,35,28,500,201.00,"100,500.00"
2019-09-01,2019090101005873,NCCB,52,28,150,201.00,"30,150.00"
2019-09-01,2019090101005872,NCCB,40,28,300,201.00,"60,300.00"
2019-09-01,2019090101005871,NCCB,22,28,100,201.00,"20,100.00"
2019-09-01,2019090101005870,NCCB,57,28,290,201.00,"58,290.00"
2019-09-01,2019090101005548,NCCB,6,25,30,202.00,"6,060.00"
2019-09-01,2019090101005699,NGPL,14,4,64,104.00,"6,656.00"
2019-09-01,2019090101005608,NGPL,47,28,998,103.00,"102,794.00"
2019-09-01,2019090101005607,NGPL,4,28,100,103.00,"10,300.00"
2019-09-01,2019090101005606,NGPL,1,28,100,103.00,"10,300.00"
2019-09-01,2019090101005605,NGPL,41,28,500,103.00,"51,500.00"
2019-09-01,2019090101005604,NGPL,16,28,100,103.00,"10,300.00"
2019-09-01,2019090101005566,NGPL,45,28,"1,000",105.00,"105,000.00"
2019-09-01,2019090101005565,NGPL,14,28,15,105.00,"1,575.00"
2019-09-01,2019090101005543,NGPL,28,28,10,106.00,"1,060.00"
2019-09-01,2019090101005603,NGPL,57,28,300,103.00,"30,900.00"
2019-09-01,2019090101005602,NGPL,45,28,500,103.00,"51,500.00"
2019-09-01,2019090101005570,NGPL,6,28,67,104.00,"6,968.00"
2019-09-01,2019090101005569,NGPL,5,28,140,104.00,"14,560.00"
2019-09-01,2019090101005568,NGPL,53,28,100,104.00,"10,400.00"
2019-09-01,2019090101005567,NGPL,1,28,80,104.00,"8,320.00"
2019-09-01,2019090101005964,NIB,41,4,100,460.00,"46,000.00"
2019-09-01,2019090101005956,NIB,41,4,43,460.00,"19,780.00"
2019-09-01,2019090101005955,NIB,11,4,50,460.00,"23,000.00"
2019-09-01,2019090101005954,NIB,45,4,89,460.00,"40,940.00"
2019-09-01,2019090101005766,NIB,45,42,300,460.00,"138,000.00"
2019-09-01,2019090101005527,NIB,45,52,50,460.00,"23,000.00"
2019-09-01,2019090101005494,NIB,40,11,100,461.00,"46,100.00"
2019-09-01,2019090101005746,NIBPO,41,6,300,423.00,"126,900.00"
2019-09-01,2019090101005698,NIBPO,17,4,50,424.00,"21,200.00"
2019-09-01,2019090101005584,NIBPO,22,4,67,424.00,"28,408.00"
2019-09-01,2019090101005583,NIBPO,59,4,500,424.00,"212,000.00"
2019-09-01,2019090101005582,NIBPO,7,4,10,425.00,"4,250.00"
2019-09-01,2019090101005581,NIBPO,39,4,200,425.00,"85,000.00"
2019-09-01,2019090101005951,NICA,38,57,100,440.00,"44,000.00"
2019-09-01,2019090101005763,NICA,1,59,19,439.00,"8,341.00"
2019-09-01,2019090101005686,NICA,14,28,100,441.00,"44,100.00"
2019-09-01,2019090101005665,NICA,14,28,100,441.00,"44,100.00"
2019-09-01,2019090101005640,NICA,42,14,91,440.00,"40,040.00"
2019-09-01,2019090101005639,NICA,52,14,59,440.00,"25,960.00"
2019-09-01,2019090101005555,NICA,25,45,150,440.00,"66,000.00"
2019-09-01,2019090101005554,NICA,21,45,71,440.00,"31,240.00"
2019-09-01,2019090101005516,NICA,39,28,20,441.00,"8,820.00"
2019-09-01,2019090101005622,NICA,52,34,41,440.00,"18,040.00"
2019-09-01,2019090101005621,NICA,35,34,50,440.00,"22,000.00"
2019-09-01,2019090101005620,NICA,36,34,73,440.00,"32,120.00"
2019-09-01,2019090101005558,NICA,36,45,127,440.00,"55,880.00"
2019-09-01,2019090101005557,NICA,41,45,50,440.00,"22,000.00"
2019-09-01,2019090101005556,NICA,58,45,30,440.00,"13,200.00"
2019-09-01,2019090101005652,NICL,25,22,20,279.00,"5,580.00"
2019-09-01,2019090101005895,NLG,25,38,12,611.00,"7,332.00"
2019-09-01,2019090101005974,NLIC,44,44,148,807.00,"119,436.00"
2019-09-01,2019090101005963,NLIC,42,19,30,809.00,"24,270.00"
2019-09-01,2019090101005950,NLIC,44,6,200,807.00,"161,400.00"
2019-09-01,2019090101005940,NLIC,48,19,100,809.00,"80,900.00"
2019-09-01,2019090101005922,NLIC,44,28,541,807.00,"436,587.00"
2019-09-01,2019090101005896,NLIC,5,19,50,809.00,"40,450.00"
2019-09-01,2019090101005762,NLIC,43,19,20,809.00,"16,180.00"
2019-09-01,2019090101005694,NLIC,29,28,35,810.00,"28,350.00"
2019-09-01,2019090101005643,NLIC,22,28,20,810.00,"16,200.00"
2019-09-01,2019090101005526,NLIC,55,28,20,810.00,"16,200.00"
2019-09-01,2019090101005491,NLIC,17,6,20,811.00,"16,220.00"
2019-09-01,2019090101005887,NLIC,34,49,50,808.00,"40,400.00"
2019-09-01,2019090101005886,NLIC,29,49,16,808.00,"12,928.00"
2019-09-01,2019090101005866,NLIC,29,7,21,808.00,"16,968.00"
2019-09-01,2019090101005839,NLIC,29,7,21,808.00,"16,968.00"
2019-09-01,2019090101005814,NLIC,29,7,21,808.00,"16,968.00"
2019-09-01,2019090101005795,NLIC,29,7,21,808.00,"16,968.00"
2019-09-01,2019090101005958,NLICL,53,41,200,536.00,"107,200.00"
2019-09-01,2019090101005659,NMBHF1,26,34,"2,346",9.42,"22,099.32"
2019-09-01,2019090101005658,NMBHF1,1,34,654,9.43,"6,167.22"
2019-09-01,2019090101005619,NMFBS,47,29,20,"1,440.00","28,800.00"
2019-09-01,2019090101005618,NMFBS,45,29,35,"1,440.00","50,400.00"
2019-09-01,2019090101005617,NMFBS,40,29,50,"1,441.00","72,050.00"
2019-09-01,2019090101005616,NMFBS,1,29,15,"1,441.00","21,615.00"
2019-09-01,2019090101005615,NMFBS,58,29,20,"1,442.00","28,840.00"
2019-09-01,2019090101005522,NNLB,57,45,118,425.00,"50,150.00"
2019-09-01,2019090101005521,NNLB,58,45,24,425.00,"10,200.00"
2019-09-01,2019090101005768,NSEWA,51,45,200,430.00,"86,000.00"
2019-09-01,2019090101005733,NSEWA,1,38,20,430.00,"8,600.00"
2019-09-01,2019090101005635,NTC,59,22,10,663.00,"6,630.00"
2019-09-01,2019090101005631,NUBL,34,41,200,852.00,"170,400.00"
2019-09-01,2019090101005668,OHL,57,42,400,545.00,"218,000.00"
2019-09-01,2019090101005649,OHL,40,26,200,545.00,"109,000.00"
2019-09-01,2019090101005884,PCBL,43,53,324,273.00,"88,452.00"
2019-09-01,2019090101005883,PCBL,11,53,126,273.00,"34,398.00"
2019-09-01,2019090101005882,PCBL,33,53,50,274.00,"13,700.00"
2019-09-01,2019090101005745,PFL,14,38,134,132.00,"17,688.00"
2019-09-01,2019090101005744,PFL,39,38,10,133.00,"1,330.00"
2019-09-01,2019090101005664,PFL,14,10,13,132.00,"1,716.00"
2019-09-01,2019090101005663,PFL,14,10,13,132.00,"1,716.00"
2019-09-01,2019090101005586,PIC,37,50,178,394.00,"70,132.00"
2019-09-01,2019090101005585,PIC,37,50,22,395.00,"8,690.00"
2019-09-01,2019090101005773,PPCL,7,43,10,100.00,"1,000.00"
2019-09-01,2019090101005592,PPCL,7,36,30,100.00,"3,000.00"
2019-09-01,2019090101005553,PPCL,7,22,30,100.00,"3,000.00"
2019-09-01,2019090101005923,PRIN,41,51,140,330.00,"46,200.00"
2019-09-01,2019090101005912,PRIN,41,58,105,330.00,"34,650.00"
2019-09-01,2019090101005837,PRIN,41,58,100,330.00,"33,000.00"
2019-09-01,2019090101005736,PRIN,7,59,97,327.00,"31,719.00"
2019-09-01,2019090101005962,PRVU,47,28,100,260.00,"26,000.00"
2019-09-01,2019090101005920,PRVU,47,28,100,260.00,"26,000.00"
2019-09-01,2019090101005725,PRVU,13,43,340,259.00,"88,060.00"
2019-09-01,2019090101005724,PRVU,43,43,40,259.00,"10,360.00"
2019-09-01,2019090101005657,PRVU,43,28,50,260.00,"13,000.00"
2019-09-01,2019090101005525,PRVU,22,28,644,260.00,"167,440.00"
2019-09-01,2019090101005524,PRVU,41,28,100,260.00,"26,000.00"
2019-09-01,2019090101005523,PRVU,42,28,100,260.00,"26,000.00"
2019-09-01,2019090101005507,PRVU,39,28,20,261.00,"5,220.00"
2019-09-01,2019090101005489,PRVU,47,28,100,261.00,"26,100.00"
2019-09-01,2019090101005685,RADHI,7,39,12,136.00,"1,632.00"
2019-09-01,2019090101005957,RBCL,48,34,10,"8,874.00","88,740.00"
2019-09-01,2019090101005881,RBCL,49,28,14,"8,877.00","124,278.00"
2019-09-01,2019090101005844,RBCL,38,28,20,"8,880.00","177,600.00"
2019-09-01,2019090101005843,RBCL,25,28,20,"8,881.00","177,620.00"
2019-09-01,2019090101005842,RBCL,13,28,10,"8,890.00","88,900.00"
2019-09-01,2019090101005841,RBCL,48,28,10,"8,900.00","89,000.00"
2019-09-01,2019090101005917,RBCLPO,49,34,20,"8,037.00","160,740.00"
2019-09-01,2019090101005898,RBCLPO,45,34,10,"8,100.00","81,000.00"
2019-09-01,2019090101005897,RBCLPO,41,34,10,"8,105.00","81,050.00"
2019-09-01,2019090101005960,RHPL,55,46,20,175.00,"3,500.00"
2019-09-01,2019090101005959,RHPL,57,46,20,175.00,"3,500.00"
2019-09-01,2019090101005953,RHPL,57,44,40,175.00,"7,000.00"
2019-09-01,2019090101005952,RHPL,57,37,50,175.00,"8,750.00"
2019-09-01,2019090101005935,RHPL,57,42,50,175.00,"8,750.00"
2019-09-01,2019090101005930,RHPL,57,36,30,175.00,"5,250.00"
2019-09-01,2019090101005509,RHPL,7,45,30,175.00,"5,250.00"
2019-09-01,2019090101005499,RHPL,7,18,30,175.00,"5,250.00"
2019-09-01,2019090101005590,RHPL,7,18,30,175.00,"5,250.00"
2019-09-01,2019090101005589,RHPL,7,7,30,175.00,"5,250.00"
2019-09-01,2019090101005542,RHPL,36,55,20,176.00,"3,520.00"
2019-09-01,2019090101005541,RHPL,36,55,40,176.00,"7,040.00"
2019-09-01,2019090101005540,RHPL,36,55,40,176.00,"7,040.00"
2019-09-01,2019090101005512,RHPL,7,36,30,175.00,"5,250.00"
2019-09-01,2019090101005646,RHPL,29,59,40,176.00,"7,040.00"
2019-09-01,2019090101005645,RHPL,29,55,40,176.00,"7,040.00"
2019-09-01,2019090101005644,RHPL,29,55,10,176.00,"1,760.00"
2019-09-01,2019090101005637,RHPL,7,36,30,175.00,"5,250.00"
2019-09-01,2019090101005623,RHPL,7,18,30,175.00,"5,250.00"
2019-09-01,2019090101005593,RHPL,7,42,40,175.00,"7,000.00"
2019-09-01,2019090101005710,RHPL,1,42,50,176.00,"8,800.00"
2019-09-01,2019090101005696,RHPL,1,39,30,176.00,"5,280.00"
2019-09-01,2019090101005656,RHPL,1,42,20,176.00,"3,520.00"
2019-09-01,2019090101005655,RHPL,29,42,20,176.00,"3,520.00"
2019-09-01,2019090101005648,RHPL,29,55,40,176.00,"7,040.00"
2019-09-01,2019090101005647,RHPL,29,55,50,176.00,"8,800.00"
2019-09-01,2019090101005764,RHPL,7,44,40,175.00,"7,000.00"
2019-09-01,2019090101005757,RHPL,7,44,40,175.00,"7,000.00"
2019-09-01,2019090101005747,RHPL,7,44,40,175.00,"7,000.00"
2019-09-01,2019090101005742,RHPL,7,43,40,175.00,"7,000.00"
2019-09-01,2019090101005731,RHPL,7,44,40,175.00,"7,000.00"
2019-09-01,2019090101005720,RHPL,7,18,30,175.00,"5,250.00"
2019-09-01,2019090101005834,RHPL,32,44,40,175.00,"7,000.00"
2019-09-01,2019090101005809,RHPL,32,44,40,175.00,"7,000.00"
2019-09-01,2019090101005800,RHPL,32,22,10,175.00,"1,750.00"
2019-09-01,2019090101005799,RHPL,32,36,30,175.00,"5,250.00"
2019-09-01,2019090101005796,RHPL,32,44,40,175.00,"7,000.00"
2019-09-01,2019090101005774,RHPL,32,44,50,175.00,"8,750.00"
2019-09-01,2019090101005879,RHPL,32,37,50,175.00,"8,750.00"
2019-09-01,2019090101005868,RHPL,32,44,40,175.00,"7,000.00"
2019-09-01,2019090101005867,RHPL,32,36,30,175.00,"5,250.00"
2019-09-01,2019090101005865,RHPL,32,37,40,175.00,"7,000.00"
2019-09-01,2019090101005846,RHPL,32,44,40,175.00,"7,000.00"
2019-09-01,2019090101005835,RHPL,32,37,40,175.00,"7,000.00"
2019-09-01,2019090101005914,RHPL,57,37,10,175.00,"1,750.00"
2019-09-01,2019090101005913,RHPL,28,37,30,175.00,"5,250.00"
2019-09-01,2019090101005906,RHPL,28,44,40,175.00,"7,000.00"
2019-09-01,2019090101005900,RHPL,28,37,30,175.00,"5,250.00"
2019-09-01,2019090101005899,RHPL,32,37,10,175.00,"1,750.00"
2019-09-01,2019090101005888,RHPL,32,44,40,175.00,"7,000.00"
2019-09-01,2019090101005927,RMDC,52,45,30,655.00,"19,650.00"
2019-09-01,2019090101005748,RMDC,34,29,103,652.00,"67,156.00"
2019-09-01,2019090101005498,SABSL,22,14,10,485.00,"4,850.00"
2019-09-01,2019090101005939,SANIMA,1,11,20,346.00,"6,920.00"
2019-09-01,2019090101005938,SANIMA,57,11,60,346.00,"20,760.00"
2019-09-01,2019090101005937,SANIMA,32,11,120,346.00,"41,520.00"
2019-09-01,2019090101005614,SANIMA,57,1,90,346.00,"31,140.00"
2019-09-01,2019090101005613,SANIMA,47,1,60,346.00,"20,760.00"
2019-09-01,2019090101005612,SANIMA,14,1,100,346.00,"34,600.00"
2019-09-01,2019090101005611,SANIMA,58,1,100,346.00,"34,600.00"
2019-09-01,2019090101005561,SBI,36,11,30,444.00,"13,320.00"
2019-09-01,2019090101005595,SBL,44,11,17,312.00,"5,304.00"
2019-09-01,2019090101005594,SBL,34,11,490,312.00,"152,880.00"
2019-09-01,2019090101005833,SCB,58,48,100,617.00,"61,700.00"
2019-09-01,2019090101005609,SCB,38,34,145,616.00,"89,320.00"
2019-09-01,2019090101005889,SDESI,39,39,1,621.00,621.00
2019-09-01,2019090101005791,SDESI,39,39,1,621.00,621.00
2019-09-01,2019090101005492,SDESI,39,39,1,621.00,621.00
2019-09-01,2019090101005767,SFFIL,34,6,100,260.00,"26,000.00"
2019-09-01,2019090101005626,SFFIL,42,47,11,258.00,"2,838.00"
2019-09-01,2019090101005840,SHIVM,38,50,150,545.00,"81,750.00"
2019-09-01,2019090101005820,SHIVM,38,50,100,545.00,"54,500.00"
2019-09-01,2019090101005819,SHIVM,32,50,350,545.00,"190,750.00"
2019-09-01,2019090101005818,SHIVM,45,50,100,545.00,"54,500.00"
2019-09-01,2019090101005782,SHIVM,45,57,100,545.00,"54,500.00"
2019-09-01,2019090101005560,SHIVM,4,28,300,547.00,"164,100.00"
2019-09-01,2019090101005513,SHIVM,4,28,200,547.00,"109,400.00"
2019-09-01,2019090101005688,SHIVM,44,49,150,546.00,"81,900.00"
2019-09-01,2019090101005683,SHIVM,44,44,950,546.00,"518,700.00"
2019-09-01,2019090101005682,SHIVM,52,44,50,547.00,"27,350.00"
2019-09-01,2019090101005666,SHIVM,52,54,40,547.00,"21,880.00"
2019-09-01,2019090101005660,SHIVM,10,54,50,547.00,"27,350.00"
2019-09-01,2019090101005708,SHIVM,45,49,10,546.00,"5,460.00"
2019-09-01,2019090101005693,SHIVM,38,49,100,546.00,"54,600.00"
2019-09-01,2019090101005692,SHIVM,44,49,100,546.00,"54,600.00"
2019-09-01,2019090101005691,SHIVM,45,49,150,546.00,"81,900.00"
2019-09-01,2019090101005690,SHIVM,25,49,50,546.00,"27,300.00"
2019-09-01,2019090101005689,SHIVM,22,49,10,546.00,"5,460.00"
2019-09-01,2019090101005781,SHIVM,34,57,50,545.00,"27,250.00"
2019-09-01,2019090101005780,SHIVM,32,57,50,546.00,"27,300.00"
2019-09-01,2019090101005732,SHIVM,38,44,830,548.00,"454,840.00"
2019-09-01,2019090101005714,SHIVM,19,44,170,548.00,"93,160.00"
2019-09-01,2019090101005713,SHIVM,19,34,100,547.00,"54,700.00"
2019-09-01,2019090101005712,SHIVM,19,49,230,546.00,"125,580.00"
2019-09-01,2019090101005797,SHL,58,19,500,226.00,"113,000.00"
2019-09-01,2019090101005711,SHL,58,29,"1,400",226.00,"316,400.00"
2019-09-01,2019090101005539,SHL,58,50,100,226.00,"22,600.00"
2019-09-01,2019090101005538,SHL,52,50,100,226.00,"22,600.00"
2019-09-01,2019090101005537,SHL,43,50,100,226.00,"22,600.00"
2019-09-01,2019090101005536,SHL,53,50,100,227.00,"22,700.00"
2019-09-01,2019090101005805,SHPC,1,45,31,212.00,"6,572.00"
2019-09-01,2019090101005804,SHPC,45,45,269,212.00,"57,028.00"
2019-09-01,2019090101005803,SHPC,57,45,100,213.00,"21,300.00"
2019-09-01,2019090101005802,SHPC,35,45,250,213.00,"53,250.00"
2019-09-01,2019090101005921,SICL,34,14,278,754.00,"209,612.00"
2019-09-01,2019090101005792,SICL,34,50,457,754.00,"344,578.00"
2019-09-01,2019090101005591,SICL,11,50,186,754.00,"140,244.00"
2019-09-01,2019090101005488,SICL,11,45,42,754.00,"31,668.00"
2019-09-01,2019090101005793,SIL,25,39,20,402.00,"8,040.00"
2019-09-01,2019090101005737,SIL,37,58,41,400.00,"16,400.00"
2019-09-01,2019090101005687,SIL,25,58,50,401.00,"20,050.00"
2019-09-01,2019090101005508,SIL,38,39,20,402.00,"8,040.00"
2019-09-01,2019090101005973,SJCL,51,38,50,192.00,"9,600.00"
2019-09-01,2019090101005972,SJCL,6,38,120,192.00,"23,040.00"
2019-09-01,2019090101005968,SJCL,6,42,20,192.00,"3,840.00"
2019-09-01,2019090101005911,SJCL,6,36,10,192.00,"1,920.00"
2019-09-01,2019090101005910,SJCL,26,36,10,192.00,"1,920.00"
2019-09-01,2019090101005480,SJCL,14,39,20,192.00,"3,840.00"
2019-09-01,2019090101005479,SJCL,14,55,20,192.00,"3,840.00"
2019-09-01,2019090101005481,SJCL,14,55,20,192.00,"3,840.00"
2019-09-01,2019090101005503,SJCL,43,36,20,191.00,"3,820.00"
2019-09-01,2019090101005501,SJCL,43,45,10,191.00,"1,910.00"
2019-09-01,2019090101005500,SJCL,1,45,10,191.00,"1,910.00"
2019-09-01,2019090101005493,SJCL,14,16,10,192.00,"1,920.00"
2019-09-01,2019090101005533,SJCL,36,55,20,192.00,"3,840.00"
2019-09-01,2019090101005515,SJCL,36,59,20,192.00,"3,840.00"
2019-09-01,2019090101005514,SJCL,36,16,10,192.00,"1,920.00"
2019-09-01,2019090101005597,SJCL,55,55,10,192.00,"1,920.00"
2019-09-01,2019090101005596,SJCL,36,55,10,192.00,"1,920.00"
2019-09-01,2019090101005577,SJCL,36,42,20,192.00,"3,840.00"
2019-09-01,2019090101005572,SJCL,36,18,20,192.00,"3,840.00"
2019-09-01,2019090101005702,SJCL,29,39,20,193.00,"3,860.00"
2019-09-01,2019090101005701,SJCL,29,42,20,193.00,"3,860.00"
2019-09-01,2019090101005684,SJCL,29,42,40,193.00,"7,720.00"
2019-09-01,2019090101005651,SJCL,55,42,10,192.00,"1,920.00"
2019-09-01,2019090101005630,SJCL,55,7,20,192.00,"3,840.00"
2019-09-01,2019090101005610,SJCL,55,36,10,192.00,"1,920.00"
2019-09-01,2019090101005784,SJCL,29,52,50,193.00,"9,650.00"
2019-09-01,2019090101005775,SJCL,58,39,100,194.00,"19,400.00"
2019-09-01,2019090101005765,SJCL,29,58,20,193.00,"3,860.00"
2019-09-01,2019090101005750,SJCL,29,43,20,193.00,"3,860.00"
2019-09-01,2019090101005734,SJCL,29,36,20,193.00,"3,860.00"
2019-09-01,2019090101005709,SJCL,29,18,10,193.00,"1,930.00"
2019-09-01,2019090101005907,SJCL,26,42,20,192.00,"3,840.00"
2019-09-01,2019090101005845,SJCL,26,36,20,192.00,"3,840.00"
2019-09-01,2019090101005813,SJCL,26,22,10,192.00,"1,920.00"
2019-09-01,2019090101005787,SJCL,26,52,240,192.00,"46,080.00"
2019-09-01,2019090101005786,SJCL,1,52,100,192.00,"19,200.00"
2019-09-01,2019090101005785,SJCL,56,52,110,192.00,"21,120.00"
2019-09-01,2019090101005759,SKBBL,5,22,122,962.00,"117,364.00"
2019-09-01,2019090101005925,SLBBL,36,5,30,557.00,"16,710.00"
2019-09-01,2019090101005924,SLBBL,36,48,70,555.00,"38,850.00"
2019-09-01,2019090101005876,SLBBL,49,45,60,550.00,"33,000.00"
2019-09-01,2019090101005857,SLBBL,49,42,22,550.00,"12,100.00"
2019-09-01,2019090101005856,SLBBL,26,42,200,550.00,"110,000.00"
2019-09-01,2019090101005855,SLBBL,58,42,200,550.00,"110,000.00"
2019-09-01,2019090101005545,SLBBL,7,48,10,555.00,"5,550.00"
2019-09-01,2019090101005544,SLBBL,29,48,40,555.00,"22,200.00"
2019-09-01,2019090101005848,SLBBL,35,42,30,553.00,"16,590.00"
2019-09-01,2019090101005815,SLBBL,1,33,10,554.00,"5,540.00"
2019-09-01,2019090101005854,SLBBL,11,42,100,550.00,"55,000.00"
2019-09-01,2019090101005853,SLBBL,10,42,13,551.00,"7,163.00"
2019-09-01,2019090101005852,SLBBL,58,42,300,551.00,"165,300.00"
2019-09-01,2019090101005851,SLBBL,57,42,200,552.00,"110,400.00"
2019-09-01,2019090101005850,SLBBL,45,42,100,552.00,"55,200.00"
2019-09-01,2019090101005849,SLBBL,44,42,25,553.00,"13,825.00"
2019-09-01,2019090101005779,SLICL,32,48,15,278.00,"4,170.00"
2019-09-01,2019090101005778,SLICL,32,48,15,278.00,"4,170.00"
2019-09-01,2019090101005777,SLICL,32,48,15,278.00,"4,170.00"
2019-09-01,2019090101005776,SLICL,32,48,54,278.00,"15,012.00"
2019-09-01,2019090101005519,SLICL,47,48,66,278.00,"18,348.00"
2019-09-01,2019090101005518,SLICL,47,48,34,278.00,"9,452.00"
2019-09-01,2019090101005965,SMFBS,22,36,10,803.00,"8,030.00"
2019-09-01,2019090101005902,SMFBS,22,34,20,803.00,"16,060.00"
2019-09-01,2019090101005878,SMFBS,22,36,10,803.00,"8,030.00"
2019-09-01,2019090101005825,SMFBS,22,36,10,803.00,"8,030.00"
2019-09-01,2019090101005661,SMFBS,22,36,10,803.00,"8,030.00"
2019-09-01,2019090101005933,SRBL,34,40,"1,468",230.00,"337,640.00"
2019-09-01,2019090101005932,SRBL,43,40,100,230.00,"23,000.00"
2019-09-01,2019090101005931,SRBL,34,40,432,230.00,"99,360.00"
2019-09-01,2019090101005919,SRBL,41,46,50,231.00,"11,550.00"
2019-09-01,2019090101005918,SRBL,41,48,50,231.00,"11,550.00"
2019-09-01,2019090101005627,SRBL,34,11,494,230.00,"113,620.00"
2019-09-01,2019090101005808,SWBBL,58,45,50,923.00,"46,150.00"
2019-09-01,2019090101005749,TRH,22,38,200,292.00,"58,400.00"
2019-09-01,2019090101005673,TRH,35,38,20,292.00,"5,840.00"
2019-09-01,2019090101005672,TRH,36,38,200,292.00,"58,400.00"
2019-09-01,2019090101005671,TRH,26,38,180,292.00,"52,560.00"
2019-09-01,2019090101005967,UFL,22,58,447,190.00,"84,930.00"
2019-09-01,2019090101005966,UFL,22,7,100,189.00,"18,900.00"
2019-09-01,2019090101005761,UFL,32,58,53,192.00,"10,176.00"
2019-09-01,2019090101005719,UFL,32,28,50,192.00,"9,600.00"
2019-09-01,2019090101005718,UFL,32,52,47,192.00,"9,024.00"
2019-09-01,2019090101005675,UFL,32,52,50,192.00,"9,600.00"
2019-09-01,2019090101005653,UFL,32,28,200,189.00,"37,800.00"
2019-09-01,2019090101005971,UPCL,42,16,50,76.00,"3,800.00"
2019-09-01,2019090101005811,UPCL,29,34,250,77.00,"19,250.00"
2019-09-01,2019090101005681,UPCL,7,34,250,77.00,"19,250.00"
2019-09-01,2019090101005769,UPPER,58,42,10,245.00,"2,450.00"
2019-09-01,2019090101005550,UPPER,52,4,40,244.00,"9,760.00"
2019-09-01,2019090101005821,VLBS,17,57,10,565.00,"5,650.00"
2019-09-01,2019090101005633,VLBS,33,44,40,573.00,"22,920.00"
2019-09-01,2019090101005632,VLBS,17,44,50,574.00,"28,700.00"
2019-09-01,2019090101005634,VLBS,57,44,50,573.00,"28,650.00"
2019-09-01,2019090101005463,ADBL,40,55,20,423.00,"8,460.00"
2019-09-01,2019090101005462,ADBL,56,55,50,423.00,"21,150.00"
2019-09-01,2019090101005461,ADBL,34,55,139,423.00,"58,797.00"
2019-09-01,2019090101005424,ADBL,34,48,86,423.00,"36,378.00"
2019-09-01,2019090101005408,ADBL,34,42,"1,000",423.00,"423,000.00"
2019-09-01,2019090101005335,ADBL,34,41,275,423.00,"116,325.00"
2019-09-01,2019090101005334,ADBL,36,41,725,423.00,"306,675.00"
2019-09-01,2019090101005269,ADBL,36,58,114,423.00,"48,222.00"
2019-09-01,2019090101005074,ADBL,36,14,100,423.00,"42,300.00"
2019-09-01,2019090101005032,ADBL,36,1,61,423.00,"25,803.00"
2019-09-01,2019090101005031,ADBL,42,1,39,423.00,"16,497.00"
2019-09-01,2019090101005400,ALICL,10,32,250,315.00,"78,750.00"
2019-09-01,2019090101005399,ALICL,20,32,48,315.00,"15,120.00"
2019-09-01,2019090101005398,ALICL,39,32,130,318.00,"41,340.00"
2019-09-01,2019090101005338,ALICL,45,57,180,314.00,"56,520.00"
2019-09-01,2019090101005337,ALICL,38,57,20,314.00,"6,280.00"
2019-09-01,2019090101005211,ALICL,37,32,500,315.00,"157,500.00"
2019-09-01,2019090101004989,ALICL,8,58,50,318.00,"15,900.00"
2019-09-01,2019090101005210,ALICL,28,32,"1,000",315.00,"315,000.00"
2019-09-01,2019090101005209,ALICL,19,32,50,315.00,"15,750.00"
2019-09-01,2019090101005208,ALICL,25,32,100,315.00,"31,500.00"
2019-09-01,2019090101005207,ALICL,19,32,50,316.00,"15,800.00"
2019-09-01,2019090101005206,ALICL,57,32,87,316.00,"27,492.00"
2019-09-01,2019090101005205,ALICL,8,32,50,318.00,"15,900.00"
2019-09-01,2019090101005268,API,25,26,57,119.00,"6,783.00"
2019-09-01,2019090101005223,API,29,38,800,117.00,"93,600.00"
2019-09-01,2019090101005222,API,52,38,100,117.00,"11,700.00"
2019-09-01,2019090101005221,API,43,38,100,117.00,"11,700.00"
2019-09-01,2019090101005191,API,41,32,"1,000",118.00,"118,000.00"
2019-09-01,2019090101005184,API,34,32,300,118.00,"35,400.00"
2019-09-01,2019090101005190,API,25,32,100,118.00,"11,800.00"
2019-09-01,2019090101005189,API,51,32,"1,000",118.00,"118,000.00"
2019-09-01,2019090101005188,API,38,32,300,118.00,"35,400.00"
2019-09-01,2019090101005187,API,22,32,"1,000",118.00,"118,000.00"
2019-09-01,2019090101005186,API,37,32,500,118.00,"59,000.00"
2019-09-01,2019090101005185,API,35,32,500,118.00,"59,000.00"
2019-09-01,2019090101005428,BOKL,56,28,500,253.00,"126,500.00"
2019-09-01,2019090101005152,BOKL,34,48,45,252.00,"11,340.00"
2019-09-01,2019090101005117,BOKL,57,28,30,253.00,"7,590.00"
2019-09-01,2019090101004987,BOKL,34,48,414,252.00,"104,328.00"
2019-09-01,2019090101005099,CBBL,49,40,200,968.00,"193,600.00"
2019-09-01,2019090101005272,CBL,25,33,27,148.00,"3,996.00"
2019-09-01,2019090101005271,CBL,44,33,"2,973",148.00,"440,004.00"
2019-09-01,2019090101005016,CBL,22,38,500,149.00,"74,500.00"
2019-09-01,2019090101005015,CBL,22,38,430,149.00,"64,070.00"
2019-09-01,2019090101004993,CBL,44,48,27,148.00,"3,996.00"
2019-09-01,2019090101004992,CBL,6,48,73,148.00,"10,804.00"
2019-09-01,2019090101005401,CCBL,52,35,11,158.00,"1,738.00"
2019-09-01,2019090101005394,CCBL,52,17,18,158.00,"2,844.00"
2019-09-01,2019090101005393,CCBL,34,17,10,158.00,"1,580.00"
2019-09-01,2019090101005386,CCBL,52,35,18,158.00,"2,844.00"
2019-09-01,2019090101005352,CCBL,34,35,490,158.00,"77,420.00"
2019-09-01,2019090101005351,CCBL,22,35,400,158.00,"63,200.00"
2019-09-01,2019090101005069,CCBL,22,40,100,158.00,"15,800.00"
2019-09-01,2019090101005234,CHCL,4,45,100,436.00,"43,600.00"
2019-09-01,2019090101005051,CHCL,36,42,90,434.00,"39,060.00"
2019-09-01,2019090101005050,CHCL,25,42,200,434.00,"86,800.00"
2019-09-01,2019090101005049,CHCL,29,42,150,434.00,"65,100.00"
2019-09-01,2019090101005048,CHCL,1,42,60,434.00,"26,040.00"
2019-09-01,2019090101005387,CHL,39,4,10,75.00,750.00
2019-09-01,2019090101005476,CIT,38,33,30,"2,340.00","70,200.00"
2019-09-01,2019090101005204,CIT,16,44,90,"2,335.00","210,150.00"
2019-09-01,2019090101005203,CIT,45,44,10,"2,335.00","23,350.00"
2019-09-01,2019090101005180,CIT,42,33,20,"2,340.00","46,800.00"
2019-09-01,2019090101005425,CZBIL,57,28,40,217.00,"8,680.00"
2019-09-01,2019090101005155,CZBIL,16,48,100,216.00,"21,600.00"
2019-09-01,2019090101005113,CZBIL,14,28,200,217.00,"43,400.00"
2019-09-01,2019090101005018,CZBIL,16,28,550,216.00,"118,800.00"
2019-09-01,2019090101005001,CZBIL,16,48,55,216.00,"11,880.00"
2019-09-01,2019090101005000,CZBIL,50,48,48,216.00,"10,368.00"
2019-09-01,2019090101005108,DBBL,29,35,10,131.00,"1,310.00"
2019-09-01,2019090101005192,DHPL,7,44,100,56.00,"5,600.00"
2019-09-01,2019090101005445,EBL,57,10,87,630.00,"54,810.00"
2019-09-01,2019090101005444,EBL,6,10,30,630.00,"18,900.00"
2019-09-01,2019090101005443,EBL,19,10,301,630.00,"189,630.00"
2019-09-01,2019090101005442,EBL,36,10,20,632.00,"12,640.00"
2019-09-01,2019090101005441,EBL,28,10,159,632.00,"100,488.00"
2019-09-01,2019090101005407,EBL,28,40,41,632.00,"25,912.00"
2019-09-01,2019090101005138,EBL,50,32,270,633.00,"170,910.00"
2019-09-01,2019090101005126,EBL,43,10,28,634.00,"17,752.00"
2019-09-01,2019090101005116,EBL,38,10,50,634.00,"31,700.00"
2019-09-01,2019090101005105,EBL,38,22,150,634.00,"95,100.00"
2019-09-01,2019090101005104,EBL,1,22,50,636.00,"31,800.00"
2019-09-01,2019090101005406,EBL,35,40,20,632.00,"12,640.00"
2019-09-01,2019090101005405,EBL,14,40,39,632.00,"24,648.00"
2019-09-01,2019090101005305,EBL,14,25,41,632.00,"25,912.00"
2019-09-01,2019090101005304,EBL,58,25,70,633.00,"44,310.00"
2019-09-01,2019090101005266,EBL,58,32,30,633.00,"18,990.00"
2019-09-01,2019090101005021,EIC,37,28,10,310.00,"3,100.00"
2019-09-01,2019090101005391,FOWAD,35,28,49,"1,304.00","63,896.00"
2019-09-01,2019090101005390,FOWAD,49,28,100,"1,305.00","130,500.00"
2019-09-01,2019090101005389,FOWAD,52,28,20,"1,305.00","26,100.00"
2019-09-01,2019090101005388,FOWAD,11,28,31,"1,305.00","40,455.00"
2019-09-01,2019090101005465,GBBL,47,39,100,213.00,"21,300.00"
2019-09-01,2019090101005299,GBBL,49,18,53,211.00,"11,183.00"
2019-09-01,2019090101005156,GDBL,22,36,150,205.00,"30,750.00"
2019-09-01,2019090101005181,GDBL,58,36,500,206.00,"103,000.00"
2019-09-01,2019090101005159,GDBL,1,36,"1,700",205.00,"348,500.00"
2019-09-01,2019090101005158,GDBL,20,36,50,205.00,"10,250.00"
2019-09-01,2019090101005157,GDBL,36,36,100,205.00,"20,500.00"
2019-09-01,2019090101005014,GFCL,56,29,100,136.00,"13,600.00"
2019-09-01,2019090101005378,GLBSL,34,36,10,465.00,"4,650.00"
2019-09-01,2019090101005361,GMFBS,39,36,10,510.00,"5,100.00"
2019-09-01,2019090101005289,GRDBL,56,57,150,108.00,"16,200.00"
2019-09-01,2019090101005309,HBL,1,7,100,537.00,"53,700.00"
2019-09-01,2019090101005133,HDL,25,17,42,"1,500.00","63,000.00"
2019-09-01,2019090101005132,HDL,22,17,10,"1,500.00","15,000.00"
2019-09-01,2019090101005131,HDL,13,17,100,"1,500.00","150,000.00"
2019-09-01,2019090101005130,HDL,58,17,48,"1,500.00","72,000.00"
2019-09-01,2019090101005125,HDL,58,17,250,"1,500.00","375,000.00"
2019-09-01,2019090101005124,HDL,35,17,50,"1,501.00","75,050.00"
2019-09-01,2019090101005004,HDL,56,33,100,"1,506.00","150,600.00"
2019-09-01,2019090101005010,HDL,38,33,30,"1,501.00","45,030.00"
2019-09-01,2019090101005009,HDL,26,33,240,"1,503.00","360,720.00"
2019-09-01,2019090101005008,HDL,3,33,50,"1,504.00","75,200.00"
2019-09-01,2019090101005007,HDL,22,33,100,"1,504.00","150,400.00"
2019-09-01,2019090101005006,HDL,39,33,200,"1,505.00","301,000.00"
2019-09-01,2019090101005005,HDL,26,33,200,"1,505.00","301,000.00"
2019-09-01,2019090101005060,HDL,58,17,170,"1,500.00","255,000.00"
2019-09-01,2019090101005036,HDL,58,34,130,"1,500.00","195,000.00"
2019-09-01,2019090101005027,HDL,58,17,200,"1,500.00","300,000.00"
2019-09-01,2019090101005013,HDL,58,33,202,"1,500.00","303,000.00"
2019-09-01,2019090101005012,HDL,54,33,178,"1,500.00","267,000.00"
2019-09-01,2019090101005011,HDL,40,33,200,"1,501.00","300,200.00"
2019-09-01,2019090101005161,HIDCL,44,42,551,138.00,"76,038.00"
2019-09-01,2019090101005150,HIDCL,26,42,300,139.00,"41,700.00"
2019-09-01,2019090101005149,HIDCL,7,42,"1,000",139.00,"139,000.00"
2019-09-01,2019090101005148,HIDCL,22,42,20,139.00,"2,780.00"
2019-09-01,2019090101005147,HIDCL,38,42,"1,000",139.00,"139,000.00"
2019-09-01,2019090101005146,HIDCL,41,42,50,140.00,"7,000.00"
2019-09-01,2019090101005145,HIDCL,52,42,110,140.00,"15,400.00"
2019-09-01,2019090101005144,HIDCL,52,42,200,140.00,"28,000.00"
2019-09-01,2019090101005143,HIDCL,48,42,301,141.00,"42,441.00"
2019-09-01,2019090101005142,HIDCL,10,42,207,141.00,"29,187.00"
2019-09-01,2019090101005318,HURJA,41,45,70,119.00,"8,330.00"
2019-09-01,2019090101005317,HURJA,41,38,10,119.00,"1,190.00"
2019-09-01,2019090101005392,ILBS,11,36,10,445.00,"4,450.00"
2019-09-01,2019090101005384,ILBS,22,25,100,446.00,"44,600.00"
2019-09-01,2019090101005356,ILBS,11,48,10,445.00,"4,450.00"
2019-09-01,2019090101005235,ILBS,21,48,10,446.00,"4,460.00"
2019-09-01,2019090101005024,ILBS,45,48,25,447.00,"11,175.00"
2019-09-01,2019090101005385,JBBL,47,37,130,161.00,"20,930.00"
2019-09-01,2019090101005168,JBBL,44,44,600,160.00,"96,000.00"
2019-09-01,2019090101005073,JBBL,38,37,210,161.00,"33,810.00"
2019-09-01,2019090101005307,JOSHI,57,34,10,65.00,650.00
2019-09-01,2019090101005306,JOSHI,51,34,10,65.00,650.00
2019-09-01,2019090101005336,KBL,14,43,33,203.00,"6,699.00"
2019-09-01,2019090101005251,KBL,14,43,967,203.00,"196,301.00"
2019-09-01,2019090101005250,KBL,4,43,33,203.00,"6,699.00"
2019-09-01,2019090101005042,KBL,4,48,367,203.00,"74,501.00"
2019-09-01,2019090101005028,KBL,40,48,242,202.00,"48,884.00"
2019-09-01,2019090101005129,KRBL,41,35,12,107.00,"1,284.00"
2019-09-01,2019090101005404,KSBBL,21,36,311,143.00,"44,473.00"
2019-09-01,2019090101005403,KSBBL,48,36,189,143.00,"27,027.00"
2019-09-01,2019090101005373,LBBL,4,4,22,176.00,"3,872.00"
2019-09-01,2019090101005372,LBBL,50,4,150,176.00,"26,400.00"
2019-09-01,2019090101005358,LBBL,50,4,50,176.00,"8,800.00"
2019-09-01,2019090101005354,LBBL,50,4,50,176.00,"8,800.00"
2019-09-01,2019090101005348,LBBL,50,4,50,176.00,"8,800.00"
2019-09-01,2019090101005039,LBBL,50,1,100,176.00,"17,600.00"
2019-09-01,2019090101005165,LBL,34,48,84,213.00,"17,892.00"
2019-09-01,2019090101005112,LBL,34,36,300,213.00,"63,900.00"
2019-09-01,2019090101005059,LBL,34,1,27,213.00,"5,751.00"
2019-09-01,2019090101005344,LGIL,43,53,100,378.00,"37,800.00"
2019-09-01,2019090101005343,LGIL,20,53,50,378.00,"18,900.00"
2019-09-01,2019090101005342,LGIL,34,53,575,379.00,"217,925.00"
2019-09-01,2019090101005308,LGIL,41,41,170,380.00,"64,600.00"
2019-09-01,2019090101005066,LGIL,41,1,30,380.00,"11,400.00"
2019-09-01,2019090101005471,LICN,28,28,50,"1,020.00","51,000.00"
2019-09-01,2019090101005470,LICN,20,28,100,"1,021.00","102,100.00"
2019-09-01,2019090101005469,LICN,39,28,131,"1,022.00","133,882.00"
2019-09-01,2019090101005468,LICN,53,28,50,"1,023.00","51,150.00"
2019-09-01,2019090101005041,LLBS,7,21,100,726.00,"72,600.00"
2019-09-01,2019090101005040,LLBS,57,21,100,730.00,"73,000.00"
2019-09-01,2019090101005030,LLBS,21,36,10,735.00,"7,350.00"
2019-09-01,2019090101005456,MBL,42,43,134,249.00,"33,366.00"
2019-09-01,2019090101005455,MBL,28,43,226,249.00,"56,274.00"
2019-09-01,2019090101005418,MBL,28,43,774,249.00,"192,726.00"
2019-09-01,2019090101005417,MBL,14,43,726,249.00,"180,774.00"
2019-09-01,2019090101005402,MBL,14,43,74,249.00,"18,426.00"
2019-09-01,2019090101005369,MBL,47,45,66,250.00,"16,500.00"
2019-09-01,2019090101005087,MBL,4,38,200,249.00,"49,800.00"
2019-09-01,2019090101005086,MBL,35,38,50,249.00,"12,450.00"
2019-09-01,2019090101004991,MBL,35,59,100,250.00,"25,000.00"
2019-09-01,2019090101005368,MBL,47,59,34,250.00,"8,500.00"
2019-09-01,2019090101005346,MBL,14,46,200,249.00,"49,800.00"
2019-09-01,2019090101005345,MBL,42,46,300,249.00,"74,700.00"
2019-09-01,2019090101005107,MBL,42,44,50,249.00,"12,450.00"
2019-09-01,2019090101005089,MBL,42,38,150,249.00,"37,350.00"
2019-09-01,2019090101005088,MBL,57,38,100,249.00,"24,900.00"
2019-09-01,2019090101005467,MEGA,41,45,100,199.00,"19,900.00"
2019-09-01,2019090101005044,MEGA,6,45,50,199.00,"9,950.00"
2019-09-01,2019090101005357,MERO,8,40,33,558.00,"18,414.00"
2019-09-01,2019090101005045,MLBL,57,28,200,213.00,"42,600.00"
2019-09-01,2019090101004985,MLBL,41,28,30,213.00,"6,390.00"
2019-09-01,2019090101005360,MNBBL,53,18,20,316.00,"6,320.00"
2019-09-01,2019090101005359,MNBBL,42,18,50,317.00,"15,850.00"
2019-09-01,2019090101005076,MNBBL,7,1,44,316.00,"13,904.00"
2019-09-01,2019090101005043,MNBBL,7,48,100,316.00,"31,600.00"
2019-09-01,2019090101005295,MSMBS,51,43,50,482.00,"24,100.00"
2019-09-01,2019090101005294,MSMBS,58,43,100,485.00,"48,500.00"
2019-09-01,2019090101005293,MSMBS,40,43,67,486.00,"32,562.00"
2019-09-01,2019090101005324,NABIL,34,18,157,767.00,"120,419.00"
2019-09-01,2019090101005198,NABIL,34,25,91,767.00,"69,797.00"
2019-09-01,2019090101005197,NABIL,42,25,30,768.00,"23,040.00"
2019-09-01,2019090101005196,NABIL,29,25,29,768.00,"22,272.00"
2019-09-01,2019090101005154,NABIL,43,25,25,770.00,"19,250.00"
2019-09-01,2019090101005019,NABIL,29,59,65,768.00,"49,920.00"
2019-09-01,2019090101005340,NADEP,38,59,100,465.00,"46,500.00"
2019-09-01,2019090101005219,NADEP,40,40,20,463.00,"9,260.00"
2019-09-01,2019090101005277,NBB,44,38,"1,000",211.00,"211,000.00"
2019-09-01,2019090101005062,NBB,44,48,12,211.00,"2,532.00"
2019-09-01,2019090101005035,NBB,44,40,50,211.00,"10,550.00"
2019-09-01,2019090101005459,NBL,6,51,100,320.00,"32,000.00"
2019-09-01,2019090101005458,NBL,6,17,400,320.00,"128,000.00"
2019-09-01,2019090101005326,NBL,35,17,20,320.00,"6,400.00"
2019-09-01,2019090101005286,NBL,1,17,80,320.00,"25,600.00"
2019-09-01,2019090101005237,NBL,34,50,644,320.00,"206,080.00"
2019-09-01,2019090101005236,NBL,34,32,599,320.00,"191,680.00"
2019-09-01,2019090101005160,NBL,43,50,56,320.00,"17,920.00"
2019-09-01,2019090101005095,NBL,5,50,300,320.00,"96,000.00"
2019-09-01,2019090101004999,NBL,56,32,"1,000",320.00,"320,000.00"
2019-09-01,2019090101004998,NBL,6,32,500,320.00,"160,000.00"
2019-09-01,2019090101004997,NBL,44,32,116,320.00,"37,120.00"
2019-09-01,2019090101005447,NCCB,22,25,210,202.00,"42,420.00"
2019-09-01,2019090101005446,NCCB,22,28,290,202.00,"58,580.00"
2019-09-01,2019090101005439,NCCB,57,45,210,201.00,"42,210.00"
2019-09-01,2019090101005438,NCCB,35,45,20,201.00,"4,020.00"
2019-09-01,2019090101005437,NCCB,6,45,20,201.00,"4,020.00"
2019-09-01,2019090101005301,NCCB,45,43,109,201.00,"21,909.00"
2019-09-01,2019090101005178,NCCB,45,46,41,201.00,"8,241.00"
2019-09-01,2019090101005177,NCCB,36,46,500,201.00,"100,500.00"
2019-09-01,2019090101005176,NCCB,21,46,459,201.00,"92,259.00"
2019-09-01,2019090101004988,NGPL,1,28,10,108.00,"1,080.00"
2019-09-01,2019090101005421,NIB,45,40,44,460.00,"20,240.00"
2019-09-01,2019090101005412,NIB,45,22,17,460.00,"7,820.00"
2019-09-01,2019090101005411,NIB,45,22,83,460.00,"38,180.00"
2019-09-01,2019090101005377,NIB,45,40,44,460.00,"20,240.00"
2019-09-01,2019090101005376,NIB,45,18,136,460.00,"62,560.00"
2019-09-01,2019090101005341,NIB,22,11,100,461.00,"46,100.00"
2019-09-01,2019090101005070,NIB,6,48,30,460.00,"13,800.00"
2019-09-01,2019090101004982,NIB,38,6,95,460.00,"43,700.00"
2019-09-01,2019090101004981,NIB,45,6,50,460.00,"23,000.00"
2019-09-01,2019090101004980,NIB,44,6,85,460.00,"39,100.00"
2019-09-01,2019090101005323,NIB,45,48,17,460.00,"7,820.00"
2019-09-01,2019090101005253,NIB,45,39,100,460.00,"46,000.00"
2019-09-01,2019090101005238,NIB,45,48,50,460.00,"23,000.00"
2019-09-01,2019090101005170,NIB,45,48,17,460.00,"7,820.00"
2019-09-01,2019090101005072,NIB,45,48,53,460.00,"24,380.00"
2019-09-01,2019090101005071,NIB,36,48,20,460.00,"9,200.00"
2019-09-01,2019090101005473,NICA,21,57,200,440.00,"88,000.00"
2019-09-01,2019090101005329,NICA,21,11,29,440.00,"12,760.00"
2019-09-01,2019090101005328,NICA,56,11,60,440.00,"26,400.00"
2019-09-01,2019090101005327,NICA,33,11,411,440.00,"180,840.00"
2019-09-01,2019090101005316,NICA,33,11,250,440.00,"110,000.00"
2019-09-01,2019090101005216,NICA,33,39,100,440.00,"44,000.00"
2019-09-01,2019090101005090,NICA,57,7,210,440.00,"92,400.00"
2019-09-01,2019090101005064,NICA,57,43,150,440.00,"66,000.00"
2019-09-01,2019090101005022,NICA,57,4,500,440.00,"220,000.00"
2019-09-01,2019090101005183,NICA,33,44,200,440.00,"88,000.00"
2019-09-01,2019090101005151,NICA,33,45,500,440.00,"220,000.00"
2019-09-01,2019090101005094,NICA,33,7,539,440.00,"237,160.00"
2019-09-01,2019090101005093,NICA,25,7,100,440.00,"44,000.00"
2019-09-01,2019090101005092,NICA,48,7,51,440.00,"22,440.00"
2019-09-01,2019090101005091,NICA,25,7,100,440.00,"44,000.00"
2019-09-01,2019090101005347,NICL,26,18,176,275.00,"48,400.00"
2019-09-01,2019090101005333,NICL,57,33,14,276.00,"3,864.00"
2019-09-01,2019090101005332,NICL,57,7,147,276.00,"40,572.00"
2019-09-01,2019090101005075,NICL,26,22,200,275.00,"55,000.00"
2019-09-01,2019090101005058,NIL,41,48,242,384.00,"92,928.00"
2019-09-01,2019090101005167,NLBBL,8,6,130,525.00,"68,250.00"
2019-09-01,2019090101005432,NLIC,28,42,50,810.00,"40,500.00"
2019-09-01,2019090101005292,NLIC,41,33,25,811.00,"20,275.00"
2019-09-01,2019090101005265,NLIC,44,28,13,807.00,"10,491.00"
2019-09-01,2019090101005264,NLIC,8,28,50,807.00,"40,350.00"
2019-09-01,2019090101005263,NLIC,14,28,10,807.00,"8,070.00"
2019-09-01,2019090101005262,NLIC,39,28,44,808.00,"35,552.00"
2019-09-01,2019090101005217,NLIC,58,29,16,810.00,"12,960.00"
2019-09-01,2019090101005169,NLIC,5,35,180,810.00,"145,800.00"
2019-09-01,2019090101005166,NLIC,5,43,27,810.00,"21,870.00"
2019-09-01,2019090101005080,NLIC,5,48,21,810.00,"17,010.00"
2019-09-01,2019090101005067,NLIC,5,41,272,810.00,"220,320.00"
2019-09-01,2019090101005037,NLIC,53,41,50,810.00,"40,500.00"
2019-09-01,2019090101005261,NLIC,53,28,30,809.00,"24,270.00"
2019-09-01,2019090101005260,NLIC,6,28,50,809.00,"40,450.00"
2019-09-01,2019090101005259,NLIC,11,28,100,809.00,"80,900.00"
2019-09-01,2019090101005258,NLIC,58,28,203,810.00,"164,430.00"
2019-09-01,2019090101005254,NLIC,34,6,20,811.00,"16,220.00"
2019-09-01,2019090101005252,NLIC,58,48,21,810.00,"17,010.00"
2019-09-01,2019090101005371,NMBSF1,33,21,"5,000",11.08,"55,400.00"
2019-09-01,2019090101005320,NMBSF1,33,28,"6,100",11.08,"67,588.00"
2019-09-01,2019090101005319,NMBSF1,33,28,"3,900",11.08,"43,212.00"
2019-09-01,2019090101005255,NMBSF1,33,13,"2,000",11.09,"22,180.00"
2019-09-01,2019090101005364,NTC,35,28,100,660.00,"66,000.00"
2019-09-01,2019090101005420,OHL,53,4,30,544.00,"16,320.00"
2019-09-01,2019090101005419,OHL,35,4,20,545.00,"10,900.00"
2019-09-01,2019090101005285,OHL,52,7,50,550.00,"27,500.00"
2019-09-01,2019090101005284,OHL,43,7,50,551.00,"27,550.00"
2019-09-01,2019090101005097,PCBL,11,48,74,273.00,"20,202.00"
2019-09-01,2019090101005096,PCBL,21,48,26,273.00,"7,098.00"
2019-09-01,2019090101005057,PCBL,21,40,50,273.00,"13,650.00"
2019-09-01,2019090101004984,PCBL,22,19,100,274.00,"27,400.00"
2019-09-01,2019090101005410,PIC,57,48,11,395.00,"4,345.00"
2019-09-01,2019090101005331,PIC,57,32,88,395.00,"34,760.00"
2019-09-01,2019090101005330,PIC,26,32,12,395.00,"4,740.00"
2019-09-01,2019090101005291,PIC,26,32,88,395.00,"34,760.00"
2019-09-01,2019090101005290,PIC,7,32,12,395.00,"4,740.00"
2019-09-01,2019090101005267,PIC,7,48,11,395.00,"4,345.00"
2019-09-01,2019090101005098,PIC,7,48,50,395.00,"19,750.00"
2019-09-01,2019090101004983,PIC,7,45,77,395.00,"30,415.00"
2019-09-01,2019090101004979,PIC,59,45,23,395.00,"9,085.00"
2019-09-01,2019090101005023,PMHPL,45,45,10,98.00,980.00
2019-09-01,2019090101005454,PPCL,7,36,20,100.00,"2,000.00"
2019-09-01,2019090101005436,PRVU,42,43,500,260.00,"130,000.00"
2019-09-01,2019090101005435,PRVU,42,28,"1,422",260.00,"369,720.00"
2019-09-01,2019090101005363,PRVU,47,28,78,260.00,"20,280.00"
2019-09-01,2019090101005362,PRVU,47,59,22,260.00,"5,720.00"
2019-09-01,2019090101005106,PRVU,43,48,10,259.00,"2,590.00"
2019-09-01,2019090101005085,PRVU,47,28,878,260.00,"228,280.00"
2019-09-01,2019090101005084,PRVU,47,33,122,260.00,"31,720.00"
2019-09-01,2019090101005201,PRVU,26,28,100,260.00,"26,000.00"
2019-09-01,2019090101005199,PRVU,36,28,50,260.00,"13,000.00"
2019-09-01,2019090101005288,PRVU,49,59,200,260.00,"52,000.00"
2019-09-01,2019090101005215,PRVU,46,59,278,260.00,"72,280.00"
2019-09-01,2019090101005214,PRVU,46,35,250,260.00,"65,000.00"
2019-09-01,2019090101005213,PRVU,46,28,472,260.00,"122,720.00"
2019-09-01,2019090101005194,RBCL,59,6,10,"8,900.00","89,000.00"
2019-09-01,2019090101005179,RBCL,59,52,10,"8,900.00","89,000.00"
2019-09-01,2019090101005322,RBCLPO,32,42,15,"8,150.00","122,250.00"
2019-09-01,2019090101005279,RBCLPO,32,42,15,"8,150.00","122,250.00"
2019-09-01,2019090101005257,RBCLPO,52,41,10,"8,150.00","81,500.00"
2019-09-01,2019090101005474,RHPL,7,36,30,175.00,"5,250.00"
2019-09-01,2019090101005472,RHPL,7,16,30,175.00,"5,250.00"
2019-09-01,2019090101005464,RHPL,7,49,40,175.00,"7,000.00"
2019-09-01,2019090101005434,RHPL,7,39,40,175.00,"7,000.00"
2019-09-01,2019090101005433,RHPL,7,49,40,175.00,"7,000.00"
2019-09-01,2019090101005423,RHPL,7,36,30,175.00,"5,250.00"
2019-09-01,2019090101005052,RHPL,40,28,220,175.00,"38,500.00"
2019-09-01,2019090101005038,RHPL,40,58,30,175.00,"5,250.00"
2019-09-01,2019090101005026,RHPL,40,40,20,175.00,"3,500.00"
2019-09-01,2019090101005110,RHPL,34,7,30,174.00,"5,220.00"
2019-09-01,2019090101005077,RHPL,34,55,40,174.00,"6,960.00"
2019-09-01,2019090101005056,RHPL,34,28,180,174.00,"31,320.00"
2019-09-01,2019090101005055,RHPL,59,28,300,174.00,"52,200.00"
2019-09-01,2019090101005054,RHPL,35,28,200,174.00,"34,800.00"
2019-09-01,2019090101005053,RHPL,43,28,100,175.00,"17,500.00"
2019-09-01,2019090101005278,RHPL,7,42,50,175.00,"8,750.00"
2019-09-01,2019090101005232,RHPL,40,58,20,176.00,"3,520.00"
2019-09-01,2019090101005218,RHPL,13,35,10,175.00,"1,750.00"
2019-09-01,2019090101005162,RHPL,47,47,30,176.00,"5,280.00"
2019-09-01,2019090101005153,RHPL,13,55,50,175.00,"8,750.00"
2019-09-01,2019090101005128,RHPL,34,55,40,174.00,"6,960.00"
2019-09-01,2019090101005310,RHPL,13,45,30,176.00,"5,280.00"
2019-09-01,2019090101005303,RHPL,13,55,50,176.00,"8,800.00"
2019-09-01,2019090101005302,RHPL,13,58,10,176.00,"1,760.00"
2019-09-01,2019090101005300,RHPL,7,42,50,175.00,"8,750.00"
2019-09-01,2019090101005297,RHPL,7,55,40,175.00,"7,000.00"
2019-09-01,2019090101005287,RHPL,7,45,40,175.00,"7,000.00"
2019-09-01,2019090101005370,RHPL,1,22,20,176.00,"3,520.00"
2019-09-01,2019090101005366,RHPL,1,42,10,176.00,"1,760.00"
2019-09-01,2019090101005365,RHPL,13,42,40,176.00,"7,040.00"
2019-09-01,2019090101005350,RHPL,13,55,40,176.00,"7,040.00"
2019-09-01,2019090101005339,RHPL,13,42,40,176.00,"7,040.00"
2019-09-01,2019090101005321,RHPL,13,55,40,176.00,"7,040.00"
2019-09-01,2019090101005422,RHPL,7,49,40,175.00,"7,000.00"
2019-09-01,2019090101005414,RHPL,7,42,30,175.00,"5,250.00"
2019-09-01,2019090101005413,RHPL,7,45,40,175.00,"7,000.00"
2019-09-01,2019090101005397,RHPL,7,49,20,175.00,"3,500.00"
2019-09-01,2019090101005396,RHPL,7,49,10,176.00,"1,760.00"
2019-09-01,2019090101005395,RHPL,1,49,20,176.00,"3,520.00"
2019-09-01,2019090101005233,RMDC,34,34,115,652.00,"74,980.00"
2019-09-01,2019090101005002,RRHP,47,17,500,103.00,"51,500.00"
2019-09-01,2019090101005475,SABSL,22,14,10,485.00,"4,850.00"
2019-09-01,2019090101005349,SABSL,22,46,10,485.00,"4,850.00"
2019-09-01,2019090101005193,SABSL,22,28,10,485.00,"4,850.00"
2019-09-01,2019090101005123,SABSL,22,14,10,485.00,"4,850.00"
2019-09-01,2019090101005109,SABSL,22,49,10,485.00,"4,850.00"
2019-09-01,2019090101005103,SABSL,22,14,10,485.00,"4,850.00"
2019-09-01,2019090101005033,SABSL,22,59,10,485.00,"4,850.00"
2019-09-01,2019090101005182,SADBL,36,48,100,141.00,"14,100.00"
2019-09-01,2019090101005047,SADBL,36,45,222,141.00,"31,302.00"
2019-09-01,2019090101005046,SADBL,59,45,161,141.00,"22,701.00"
2019-09-01,2019090101005164,SAEF,56,45,990,9.70,"9,603.00"
2019-09-01,2019090101005163,SAEF,16,45,"20,010",9.71,"194,297.10"
2019-09-01,2019090101005136,SAEF,16,45,"19,890",9.71,"193,131.90"
2019-09-01,2019090101005135,SAEF,36,45,300,9.75,"2,925.00"
2019-09-01,2019090101005229,SANIMA,35,43,45,346.00,"15,570.00"
2019-09-01,2019090101005228,SANIMA,35,43,50,346.00,"17,300.00"
2019-09-01,2019090101005227,SANIMA,39,43,100,346.00,"34,600.00"
2019-09-01,2019090101005226,SANIMA,39,43,30,346.00,"10,380.00"
2019-09-01,2019090101005225,SANIMA,36,43,36,346.00,"12,456.00"
2019-09-01,2019090101005224,SANIMA,48,43,39,347.00,"13,533.00"
2019-09-01,2019090101005061,SBI,36,25,10,441.00,"4,410.00"
2019-09-01,2019090101005440,SBL,38,33,57,313.00,"17,841.00"
2019-09-01,2019090101005114,SBL,34,48,10,312.00,"3,120.00"
2019-09-01,2019090101005079,SBL,35,33,30,313.00,"9,390.00"
2019-09-01,2019090101005078,SBL,54,33,13,313.00,"4,069.00"
2019-09-01,2019090101005034,SCB,38,25,20,616.00,"12,320.00"
2019-09-01,2019090101005415,SDESI,25,25,10,627.00,"6,270.00"
2019-09-01,2019090101005171,SDESI,39,25,184,620.00,"114,080.00"
2019-09-01,2019090101005121,SDESI,41,40,150,618.00,"92,700.00"
2019-09-01,2019090101005120,SDESI,25,40,100,619.00,"61,900.00"
2019-09-01,2019090101005029,SDESI,25,51,10,627.00,"6,270.00"
2019-09-01,2019090101005025,SEF,13,41,100,8.79,879.00
2019-09-01,2019090101005240,SFFIL,19,47,200,260.00,"52,000.00"
2019-09-01,2019090101005239,SFFIL,19,47,200,260.00,"52,000.00"
2019-09-01,2019090101005083,SFFIL,56,6,51,260.00,"13,260.00"
2019-09-01,2019090101005427,SHIVM,44,53,900,546.00,"491,400.00"
2019-09-01,2019090101005426,SHIVM,21,53,100,547.00,"54,700.00"
2019-09-01,2019090101005379,SHIVM,21,44,78,548.00,"42,744.00"
2019-09-01,2019090101005367,SHIVM,16,44,50,548.00,"27,400.00"
2019-09-01,2019090101005283,SHIVM,42,42,200,547.00,"109,400.00"
2019-09-01,2019090101005175,SHIVM,42,19,100,549.00,"54,900.00"
2019-09-01,2019090101005174,SHIVM,25,19,100,549.00,"54,900.00"
2019-09-01,2019090101005173,SHIVM,51,19,50,549.00,"27,450.00"
2019-09-01,2019090101005134,SHIVM,14,58,50,550.00,"27,500.00"
2019-09-01,2019090101005111,SHIVM,45,52,200,550.00,"110,000.00"
2019-09-01,2019090101005065,SHIVM,42,40,100,552.00,"55,200.00"
2019-09-01,2019090101005247,SHIVM,1,44,30,548.00,"16,440.00"
2019-09-01,2019090101005246,SHIVM,49,44,20,548.00,"10,960.00"
2019-09-01,2019090101005245,SHIVM,40,44,20,548.00,"10,960.00"
2019-09-01,2019090101005244,SHIVM,13,44,200,548.00,"109,600.00"
2019-09-01,2019090101005243,SHIVM,22,44,200,548.00,"109,600.00"
2019-09-01,2019090101005242,SHIVM,38,44,102,548.00,"55,896.00"
2019-09-01,2019090101005282,SHIVM,45,42,100,547.00,"54,700.00"
2019-09-01,2019090101005281,SHIVM,44,42,100,547.00,"54,700.00"
2019-09-01,2019090101005280,SHIVM,57,42,100,547.00,"54,700.00"
2019-09-01,2019090101005276,SHIVM,58,44,100,548.00,"54,800.00"
2019-09-01,2019090101005273,SHIVM,22,44,100,548.00,"54,800.00"
2019-09-01,2019090101005256,SHIVM,22,44,100,548.00,"54,800.00"
2019-09-01,2019090101005477,SIC,42,52,15,549.00,"8,235.00"
2019-09-01,2019090101005382,SIC,38,52,10,549.00,"5,490.00"
2019-09-01,2019090101005231,SIC,58,50,10,550.00,"5,500.00"
2019-09-01,2019090101005460,SICL,11,49,72,754.00,"54,288.00"
2019-09-01,2019090101005082,SIFC,34,17,"1,950",152.00,"296,400.00"
2019-09-01,2019090101005081,SIFC,43,17,50,153.00,"7,650.00"
2019-09-01,2019090101005068,SIL,45,45,10,403.00,"4,030.00"
2019-09-01,2019090101005478,SJCL,14,55,10,192.00,"1,920.00"
2019-09-01,2019090101005466,SJCL,1,36,10,191.00,"1,910.00"
2019-09-01,2019090101005453,SJCL,56,55,10,192.00,"1,920.00"
2019-09-01,2019090101005452,SJCL,56,55,20,192.00,"3,840.00"
2019-09-01,2019090101005451,SJCL,56,55,20,192.00,"3,840.00"
2019-09-01,2019090101005122,SJCL,29,7,20,189.00,"3,780.00"
2019-09-01,2019090101005115,SJCL,59,55,20,190.00,"3,800.00"
2019-09-01,2019090101005102,SJCL,29,40,10,189.00,"1,890.00"
2019-09-01,2019090101005101,SJCL,29,58,200,189.00,"37,800.00"
2019-09-01,2019090101005100,SJCL,29,26,20,189.00,"3,780.00"
2019-09-01,2019090101005063,SJCL,29,55,20,189.00,"3,780.00"
2019-09-01,2019090101005230,SJCL,55,55,10,191.00,"1,910.00"
2019-09-01,2019090101005220,SJCL,55,58,20,191.00,"3,820.00"
2019-09-01,2019090101005172,SJCL,55,55,20,191.00,"3,820.00"
2019-09-01,2019090101005141,SJCL,39,55,10,190.00,"1,900.00"
2019-09-01,2019090101005140,SJCL,39,4,20,190.00,"3,800.00"
2019-09-01,2019090101005139,SJCL,39,58,20,190.00,"3,800.00"
2019-09-01,2019090101005298,SJCL,39,45,20,190.00,"3,800.00"
2019-09-01,2019090101005296,SJCL,39,42,20,190.00,"3,800.00"
2019-09-01,2019090101005275,SJCL,39,45,20,190.00,"3,800.00"
2019-09-01,2019090101005249,SJCL,39,28,490,192.00,"94,080.00"
2019-09-01,2019090101005248,SJCL,39,28,500,192.00,"96,000.00"
2019-09-01,2019090101005241,SJCL,40,55,10,191.00,"1,910.00"
2019-09-01,2019090101005375,SJCL,6,42,20,191.00,"3,820.00"
2019-09-01,2019090101005353,SJCL,6,42,20,191.00,"3,820.00"
2019-09-01,2019090101005325,SJCL,14,45,10,190.00,"1,900.00"
2019-09-01,2019090101005315,SJCL,11,43,20,190.00,"3,800.00"
2019-09-01,2019090101005314,SJCL,39,43,70,190.00,"13,300.00"
2019-09-01,2019090101005313,SJCL,39,42,20,190.00,"3,800.00"
2019-09-01,2019090101005450,SJCL,56,55,20,192.00,"3,840.00"
2019-09-01,2019090101005449,SJCL,56,55,10,192.00,"1,920.00"
2019-09-01,2019090101005448,SJCL,56,42,20,192.00,"3,840.00"
2019-09-01,2019090101005416,SJCL,1,36,20,191.00,"3,820.00"
2019-09-01,2019090101005381,SJCL,1,22,10,191.00,"1,910.00"
2019-09-01,2019090101005380,SJCL,6,22,10,191.00,"1,910.00"
2019-09-01,2019090101005429,SKBBL,34,33,50,963.00,"48,150.00"
2019-09-01,2019090101004996,SLBBL,11,48,100,555.00,"55,500.00"
2019-09-01,2019090101005409,SLBSL,11,38,75,744.00,"55,800.00"
2019-09-01,2019090101005020,SLBSL,22,38,80,740.00,"59,200.00"
2019-09-01,2019090101005200,SLICL,33,48,50,278.00,"13,900.00"
2019-09-01,2019090101005127,SLICL,42,48,100,278.00,"27,800.00"
2019-09-01,2019090101005212,SMB,33,48,40,470.00,"18,800.00"
2019-09-01,2019090101005311,SMFBS,22,46,10,803.00,"8,030.00"
2019-09-01,2019090101005202,SMFBS,45,34,10,803.00,"8,030.00"
2019-09-01,2019090101005119,SMFBS,45,6,10,803.00,"8,030.00"
2019-09-01,2019090101005374,SPARS,39,48,10,581.00,"5,810.00"
2019-09-01,2019090101005137,SPARS,39,48,60,581.00,"34,860.00"
2019-09-01,2019090101005312,UFL,22,52,100,186.00,"18,600.00"
2019-09-01,2019090101005270,UFL,32,52,37,183.00,"6,771.00"
2019-09-01,2019090101004995,UIC,57,58,20,289.00,"5,780.00"
2019-09-01,2019090101004994,UIC,42,58,30,290.00,"8,700.00"
2019-09-01,2019090101005195,UMHL,7,4,10,105.00,"1,050.00"
2019-09-01,2019090101005118,UNHPL,25,3,20,60.00,"1,200.00"
2019-09-01,2019090101005274,UPCL,29,49,50,78.00,"3,900.00"
2019-09-01,2019090101005457,UPPER,52,4,50,244.00,"12,200.00"
2019-09-01,2019090101005431,UPPER,57,19,218,244.00,"53,192.00"
2019-09-01,2019090101005430,UPPER,57,50,32,244.00,"7,808.00"
2019-09-01,2019090101005383,UPPER,6,50,150,244.00,"36,600.00"
2019-09-01,2019090101005017,UPPER,11,50,300,244.00,"73,200.00"
2019-09-01,2019090101005003,UPPER,51,50,100,244.00,"24,400.00"
2019-09-01,2019090101004990,UPPER,42,50,60,244.00,"14,640.00"
2019-09-01,2019090101004986,UPPER,19,50,60,244.00,"14,640.00"
2019-09-01,2019090101005355,VLBS,33,57,10,573.00,"5,730.00"
2019-09-01,2019090101004633,ADBL,42,51,161,423.00,"68,103.00"
2019-09-01,2019090101004632,ADBL,38,51,133,423.00,"56,259.00"
2019-09-01,2019090101004631,ADBL,38,51,30,423.00,"12,690.00"
2019-09-01,2019090101004630,ADBL,39,51,76,424.00,"32,224.00"
2019-09-01,2019090101004561,ADBL,39,52,24,424.00,"10,176.00"
2019-09-01,2019090101004560,ADBL,46,52,20,424.00,"8,480.00"
2019-09-01,2019090101004559,ADBL,21,52,39,424.00,"16,536.00"
2019-09-01,2019090101004535,ADBL,49,14,10,425.00,"4,250.00"
2019-09-01,2019090101004480,ADBL,49,14,10,425.00,"4,250.00"
2019-09-01,2019090101004862,AKJCL,11,7,20,62.00,"1,240.00"
2019-09-01,2019090101004736,AKJCL,29,7,20,61.00,"1,220.00"
2019-09-01,2019090101004715,AKPL,52,54,100,152.00,"15,200.00"
2019-09-01,2019090101004978,ALBSL,57,48,10,436.00,"4,360.00"
2019-09-01,2019090101004584,ALBSL,38,19,10,440.00,"4,400.00"
2019-09-01,2019090101004933,ALICL,57,28,13,316.00,"4,108.00"
2019-09-01,2019090101004932,ALICL,57,28,300,316.00,"94,800.00"
2019-09-01,2019090101004931,ALICL,37,28,500,317.00,"158,500.00"
2019-09-01,2019090101004930,ALICL,57,28,20,318.00,"6,360.00"
2019-09-01,2019090101004929,ALICL,14,28,167,318.00,"53,106.00"
2019-09-01,2019090101004786,ALICL,14,35,33,318.00,"10,494.00"
2019-09-01,2019090101004785,ALICL,41,35,75,318.00,"23,850.00"
2019-09-01,2019090101004911,API,57,26,500,119.00,"59,500.00"
2019-09-01,2019090101004818,API,58,26,500,119.00,"59,500.00"
2019-09-01,2019090101004817,API,52,26,100,119.00,"11,900.00"
2019-09-01,2019090101004581,API,34,41,200,118.00,"23,600.00"
2019-09-01,2019090101004550,API,14,45,28,120.00,"3,360.00"
2019-09-01,2019090101004922,BFC,7,14,100,93.00,"9,300.00"
2019-09-01,2019090101004920,BOKL,56,58,100,252.00,"25,200.00"
2019-09-01,2019090101004806,BOKL,28,28,392,253.00,"99,176.00"
2019-09-01,2019090101004796,BOKL,28,6,608,253.00,"153,824.00"
2019-09-01,2019090101004795,BOKL,7,6,10,253.00,"2,530.00"
2019-09-01,2019090101004794,BOKL,41,6,100,253.00,"25,300.00"
2019-09-01,2019090101004793,BOKL,45,6,100,253.00,"25,300.00"
2019-09-01,2019090101004792,BOKL,39,6,182,253.00,"46,046.00"
2019-09-01,2019090101004755,BPCL,38,10,11,380.00,"4,180.00"
2019-09-01,2019090101004577,BPCL,38,41,61,380.00,"23,180.00"
2019-09-01,2019090101004576,BPCL,21,41,100,380.00,"38,000.00"
2019-09-01,2019090101004575,BPCL,37,41,39,380.00,"14,820.00"
2019-09-01,2019090101004898,CBBL,49,6,59,968.00,"57,112.00"
2019-09-01,2019090101004487,CBL,36,38,70,149.00,"10,430.00"
2019-09-01,2019090101004486,CBL,36,49,30,149.00,"4,470.00"
2019-09-01,2019090101004859,CCBL,48,48,100,159.00,"15,900.00"
2019-09-01,2019090101004782,CCBL,22,48,100,159.00,"15,900.00"
2019-09-01,2019090101004701,CCBL,32,48,100,159.00,"15,900.00"
2019-09-01,2019090101004687,CCBL,59,48,50,159.00,"7,950.00"
2019-09-01,2019090101004504,CCBL,59,55,473,159.00,"75,207.00"
2019-09-01,2019090101004657,CHCL,1,58,90,434.00,"39,060.00"
2019-09-01,2019090101004656,CHCL,52,58,50,434.00,"21,700.00"
2019-09-01,2019090101004655,CHCL,8,58,100,435.00,"43,500.00"
2019-09-01,2019090101004609,CHL,50,16,10,75.00,750.00
2019-09-01,2019090101004819,CLBSL,50,40,11,490.00,"5,390.00"
2019-09-01,2019090101004860,CZBIL,50,10,10,216.00,"2,160.00"
2019-09-01,2019090101004777,CZBIL,37,28,500,217.00,"108,500.00"
2019-09-01,2019090101004646,CZBIL,50,25,465,216.00,"100,440.00"
2019-09-01,2019090101004645,CZBIL,50,25,500,216.00,"108,000.00"
2019-09-01,2019090101004644,CZBIL,18,25,300,216.00,"64,800.00"
2019-09-01,2019090101004643,CZBIL,5,25,235,216.00,"50,760.00"
2019-09-01,2019090101004566,CZBIL,52,4,"2,000",216.00,"432,000.00"
2019-09-01,2019090101004565,CZBIL,40,4,35,216.00,"7,560.00"
2019-09-01,2019090101004506,CZBIL,45,28,100,217.00,"21,700.00"
2019-09-01,2019090101004585,CZBIL,49,28,10,217.00,"2,170.00"
2019-09-01,2019090101004571,CZBIL,5,4,265,216.00,"57,240.00"
2019-09-01,2019090101004570,CZBIL,41,4,100,216.00,"21,600.00"
2019-09-01,2019090101004569,CZBIL,16,4,"1,000",216.00,"216,000.00"
2019-09-01,2019090101004568,CZBIL,57,4,300,216.00,"64,800.00"
2019-09-01,2019090101004567,CZBIL,1,4,300,216.00,"64,800.00"
2019-09-01,2019090101004812,DBBL,34,40,106,131.00,"13,886.00"
2019-09-01,2019090101004608,DDBL,35,46,155,730.00,"113,150.00"
2019-09-01,2019090101004607,DDBL,35,46,100,730.00,"73,000.00"
2019-09-01,2019090101004606,DDBL,35,46,200,730.00,"146,000.00"
2019-09-01,2019090101004605,DDBL,35,46,100,730.00,"73,000.00"
2019-09-01,2019090101004604,DDBL,35,46,200,730.00,"146,000.00"
2019-09-01,2019090101004603,DDBL,35,46,200,730.00,"146,000.00"
2019-09-01,2019090101004602,DDBL,35,46,200,731.00,"146,200.00"
2019-09-01,2019090101004601,DDBL,35,46,20,731.00,"14,620.00"
2019-09-01,2019090101004600,DDBL,34,46,20,731.00,"14,620.00"
2019-09-01,2019090101004599,DDBL,45,46,100,731.00,"73,100.00"
2019-09-01,2019090101004598,DDBL,3,46,20,732.00,"14,640.00"
2019-09-01,2019090101004623,EBL,50,19,230,633.00,"145,590.00"
2019-09-01,2019090101004622,EBL,50,19,20,633.00,"12,660.00"
2019-09-01,2019090101004574,EBL,50,25,480,633.00,"303,840.00"
2019-09-01,2019090101004573,EBL,26,25,375,633.00,"237,375.00"
2019-09-01,2019090101004572,EBL,44,25,45,634.00,"28,530.00"
2019-09-01,2019090101004534,EBL,44,44,150,634.00,"95,100.00"
2019-09-01,2019090101004594,EDBL,48,36,15,273.00,"4,095.00"
2019-09-01,2019090101004735,EIC,37,5,90,310.00,"27,900.00"
2019-09-01,2019090101004734,EIC,1,5,10,310.00,"3,100.00"
2019-09-01,2019090101004634,EIC,55,1,25,311.00,"7,775.00"
2019-09-01,2019090101004578,EIC,55,29,25,311.00,"7,775.00"
2019-09-01,2019090101004548,EIC,35,46,100,311.00,"31,100.00"
2019-09-01,2019090101004807,FMDBL,37,50,250,377.00,"94,250.00"
2019-09-01,2019090101004772,FMDBL,49,41,50,376.00,"18,800.00"
2019-09-01,2019090101004771,FMDBL,59,41,100,376.00,"37,600.00"
2019-09-01,2019090101004564,FMDBL,42,50,350,377.00,"131,950.00"
2019-09-01,2019090101004789,FOWAD,37,32,20,"1,306.00","26,120.00"
2019-09-01,2019090101004788,FOWAD,34,32,20,"1,306.00","26,120.00"
2019-09-01,2019090101004713,FOWAD,40,28,100,"1,307.00","130,700.00"
2019-09-01,2019090101004712,FOWAD,28,28,59,"1,308.00","77,172.00"
2019-09-01,2019090101004620,GBBL,49,21,"1,775",211.00,"374,525.00"
2019-09-01,2019090101004619,GBBL,42,21,100,211.00,"21,100.00"
2019-09-01,2019090101004618,GBBL,39,21,500,212.00,"106,000.00"
2019-09-01,2019090101004617,GBBL,58,21,400,212.00,"84,800.00"
2019-09-01,2019090101004616,GBBL,36,21,25,212.00,"5,300.00"
2019-09-01,2019090101004615,GBBL,35,21,200,214.00,"42,800.00"
2019-09-01,2019090101004815,GDBL,46,47,250,206.00,"51,500.00"
2019-09-01,2019090101004814,GDBL,14,47,100,206.00,"20,600.00"
2019-09-01,2019090101004720,GDBL,14,28,400,206.00,"82,400.00"
2019-09-01,2019090101004719,GDBL,14,28,100,206.00,"20,600.00"
2019-09-01,2019090101004711,GILB,55,55,27,747.00,"20,169.00"
2019-09-01,2019090101004707,GILB,45,16,20,735.00,"14,700.00"
2019-09-01,2019090101004700,GILB,52,16,20,736.00,"14,720.00"
2019-09-01,2019090101004919,GLICL,36,49,17,397.00,"6,749.00"
2019-09-01,2019090101004834,GLICL,53,49,40,397.00,"15,880.00"
2019-09-01,2019090101004833,GLICL,21,49,500,397.00,"198,500.00"
2019-09-01,2019090101004805,GLICL,22,49,100,398.00,"39,800.00"
2019-09-01,2019090101004804,GLICL,34,49,10,398.00,"3,980.00"
2019-09-01,2019090101004625,GLICL,37,50,262,402.00,"105,324.00"
2019-09-01,2019090101004912,GMFBS,55,55,10,518.00,"5,180.00"
2019-09-01,2019090101004857,GMFBS,55,55,10,518.00,"5,180.00"
2019-09-01,2019090101004549,GMFBS,10,45,10,515.00,"5,150.00"
2019-09-01,2019090101004563,HBL,40,1,15,535.00,"8,025.00"
2019-09-01,2019090101004556,HBL,16,1,85,536.00,"45,560.00"
2019-09-01,2019090101004498,HBL,16,1,415,536.00,"222,440.00"
2019-09-01,2019090101004497,HBL,16,1,10,536.00,"5,360.00"
2019-09-01,2019090101004540,HDL,26,17,110,"1,503.00","165,330.00"
2019-09-01,2019090101004539,HDL,53,17,40,"1,503.00","60,120.00"
2019-09-01,2019090101004538,HDL,49,17,50,"1,504.00","75,200.00"
2019-09-01,2019090101004537,HDL,3,17,50,"1,504.00","75,200.00"
2019-09-01,2019090101004536,HDL,51,17,50,"1,504.00","75,200.00"
2019-09-01,2019090101004853,HGI,41,39,45,310.00,"13,950.00"
2019-09-01,2019090101004848,HGI,20,43,200,306.00,"61,200.00"
