Date,Transact. No.,Symbol,Buyer,Seller,Quantity,Rate,Amount
2020-10-06,2020100604002227,BBC,14,47,10,"1,662.00","16,620.00"
2020-10-06,2020100604002143,BBC,14,26,10,"1,662.00","16,620.00"
2020-10-06,2020100604002142,BBC,14,18,10,"1,662.00","16,620.00"
2020-10-06,2020100604002141,BBC,14,40,50,"1,661.00","83,050.00"
2020-10-06,2020100604002140,BBC,14,57,20,"1,660.00","33,200.00"
2020-10-06,2020100604001950,GBD80/81,13,59,25,"1,040.00","26,000.00"
2020-10-06,2020100604002057,GIMES1,14,21,"2,500",9.45,"23,625.00"
2020-10-06,2020100604002056,GIMES1,14,36,"4,100",9.45,"38,745.00"
2020-10-06,2020100604002055,GIMES1,14,16,500,9.45,"4,725.00"
2020-10-06,2020100604002197,LUK,21,25,100,9.00,900.00
2020-10-06,2020100604002158,LUK,21,22,400,9.00,"3,600.00"
2020-10-06,2020100604002012,LUK,21,34,400,9.00,"3,600.00"
2020-10-06,2020100604001968,LUK,21,10,"5,550",9.00,"49,950.00"
2020-10-06,2020100604002192,NEF,38,19,414,8.85,"3,663.90"
2020-10-06,2020100604001956,NEF,16,19,"2,000",8.85,"17,700.00"
2020-10-06,2020100604002214,NIBLPF,34,18,"1,510",8.86,"13,378.60"
2020-10-06,2020100604002213,NIBLPF,49,18,"1,015",8.87,"9,003.05"
2020-10-06,2020100604002156,NIBLPF,49,32,"2,475",8.87,"21,953.25"
2020-10-06,2020100604002038,NIBLPF,49,17,"1,010",8.87,"8,958.70"
2020-10-06,2020100604002198,NIBPO,44,7,100,359.00,"35,900.00"
2020-10-06,2020100604002190,NIBPO,13,4,100,359.00,"35,900.00"
2020-10-06,2020100604002188,NIBPO,13,4,200,359.00,"71,800.00"
2020-10-06,2020100604002049,NIBPO,14,4,200,359.00,"71,800.00"
2020-10-06,2020100604002083,NICBF,42,41,500,8.85,"4,425.00"
2020-10-06,2020100604001970,NICBF,49,55,"1,000",8.86,"8,860.00"
2020-10-06,2020100604002209,NICGF,11,4,"2,000",9.52,"19,040.00"
2020-10-06,2020100604002151,NICGF,11,38,100,9.52,952.00
2020-10-06,2020100604002016,NICGF,14,11,"2,500",9.55,"23,875.00"
2020-10-06,2020100604002015,NICGF,14,7,"1,000",9.55,"9,550.00"
2020-10-06,2020100604001883,NMB50,49,49,100,9.15,915.00
2020-10-06,2020100604002128,NMBHF1,8,28,"24,741",9.45,"233,802.45"
2020-10-06,2020100604001937,NMBHF1,43,56,"15,000",9.35,"140,250.00"
2020-10-06,2020100604002167,RBCLPO,16,45,30,"10,210.00","306,300.00"
2020-10-06,2020100604002164,RBCLPO,42,45,40,"10,250.00","410,000.00"
2020-10-06,2020100604002163,RBCLPO,40,45,30,"10,252.00","307,560.00"
2020-10-06,2020100604002026,RBCLPO,40,45,14,"10,252.00","143,528.00"
2020-10-06,2020100604002025,RBCLPO,40,45,50,"10,252.00","512,600.00"
2020-10-06,2020100604002024,RBCLPO,50,45,10,"10,253.00","102,530.00"
2020-10-06,2020100604002023,RBCLPO,33,45,126,"10,255.00","1,292,130.00"
2020-10-06,2020100604001793,RBCLPO,57,38,20,"10,253.00","205,060.00"
2020-10-06,2020100604002244,RLI,32,58,10,620.00,"6,200.00"
2020-10-06,2020100604002243,RLI,32,53,10,620.00,"6,200.00"
2020-10-06,2020100604002242,RLI,32,35,10,620.00,"6,200.00"
2020-10-06,2020100604002241,RLI,32,35,10,620.00,"6,200.00"
2020-10-06,2020100604002240,RLI,32,47,10,620.00,"6,200.00"
2020-10-06,2020100604002239,RLI,34,4,10,619.00,"6,190.00"
2020-10-06,2020100604001748,RLI,11,58,50,620.00,"31,000.00"
2020-10-06,2020100604001747,RLI,16,58,60,620.00,"37,200.00"
2020-10-06,2020100604001746,RLI,16,37,10,620.00,"6,200.00"
2020-10-06,2020100604001745,RLI,16,47,10,620.00,"6,200.00"
2020-10-06,2020100604001754,RLI,56,58,20,619.00,"12,380.00"
2020-10-06,2020100604001753,RLI,56,58,100,619.00,"61,900.00"
2020-10-06,2020100604001752,RLI,35,58,10,619.00,"6,190.00"
2020-10-06,2020100604001751,RLI,16,58,510,619.00,"315,690.00"
2020-10-06,2020100604001750,RLI,35,58,20,619.00,"12,380.00"
2020-10-06,2020100604001749,RLI,49,58,59,619.00,"36,521.00"
2020-10-06,2020100604001760,RLI,22,58,100,619.00,"61,900.00"
2020-10-06,2020100604001759,RLI,14,58,50,619.00,"30,950.00"
2020-10-06,2020100604001758,RLI,55,58,200,619.00,"123,800.00"
2020-10-06,2020100604001757,RLI,16,58,100,619.00,"61,900.00"
2020-10-06,2020100604001756,RLI,11,58,50,619.00,"30,950.00"
2020-10-06,2020100604001755,RLI,25,58,20,619.00,"12,380.00"
2020-10-06,2020100604001766,RLI,21,58,20,619.00,"12,380.00"
2020-10-06,2020100604001765,RLI,38,58,50,619.00,"30,950.00"
2020-10-06,2020100604001764,RLI,3,58,20,619.00,"12,380.00"
2020-10-06,2020100604001763,RLI,6,58,500,619.00,"309,500.00"
2020-10-06,2020100604001762,RLI,45,58,10,619.00,"6,190.00"
2020-10-06,2020100604001761,RLI,43,58,500,619.00,"309,500.00"
2020-10-06,2020100604001772,RLI,22,58,100,618.00,"61,800.00"
2020-10-06,2020100604001771,RLI,32,58,100,618.00,"61,800.00"
2020-10-06,2020100604001770,RLI,6,58,200,618.00,"123,600.00"
2020-10-06,2020100604001769,RLI,25,58,100,618.00,"61,800.00"
2020-10-06,2020100604001768,RLI,52,58,50,618.00,"30,900.00"
2020-10-06,2020100604001767,RLI,25,58,200,619.00,"123,800.00"
2020-10-06,2020100604001778,RLI,59,58,50,618.00,"30,900.00"
2020-10-06,2020100604001777,RLI,13,58,50,618.00,"30,900.00"
2020-10-06,2020100604001776,RLI,34,58,20,618.00,"12,360.00"
2020-10-06,2020100604001775,RLI,34,58,100,618.00,"61,800.00"
2020-10-06,2020100604001774,RLI,17,58,10,618.00,"6,180.00"
2020-10-06,2020100604001773,RLI,57,58,200,618.00,"123,600.00"
2020-10-06,2020100604001784,RLI,29,58,50,618.00,"30,900.00"
2020-10-06,2020100604001783,RLI,14,58,50,618.00,"30,900.00"
2020-10-06,2020100604001782,RLI,19,58,20,618.00,"12,360.00"
2020-10-06,2020100604001781,RLI,14,58,100,618.00,"61,800.00"
2020-10-06,2020100604001780,RLI,17,58,65,618.00,"40,170.00"
2020-10-06,2020100604001779,RLI,34,58,558,618.00,"344,844.00"
2020-10-06,2020100604001790,RLI,49,58,128,618.00,"79,104.00"
2020-10-06,2020100604001789,RLI,17,58,80,618.00,"49,440.00"
2020-10-06,2020100604001788,RLI,1,58,90,618.00,"55,620.00"
2020-10-06,2020100604001787,RLI,49,58,40,618.00,"24,720.00"
2020-10-06,2020100604001786,RLI,20,58,90,618.00,"55,620.00"
2020-10-06,2020100604001785,RLI,22,58,100,618.00,"61,800.00"
2020-10-06,2020100604001797,RLI,49,42,10,618.00,"6,180.00"
2020-10-06,2020100604001796,RLI,49,17,10,618.00,"6,180.00"
2020-10-06,2020100604001795,RLI,49,59,10,618.00,"6,180.00"
2020-10-06,2020100604001794,RLI,49,38,10,618.00,"6,180.00"
2020-10-06,2020100604001792,RLI,49,46,10,618.00,"6,180.00"
2020-10-06,2020100604001791,RLI,49,38,10,618.00,"6,180.00"
2020-10-06,2020100604001803,RLI,49,37,10,618.00,"6,180.00"
2020-10-06,2020100604001802,RLI,49,59,10,618.00,"6,180.00"
2020-10-06,2020100604001801,RLI,49,42,10,618.00,"6,180.00"
2020-10-06,2020100604001800,RLI,49,59,10,618.00,"6,180.00"
2020-10-06,2020100604001799,RLI,49,59,10,618.00,"6,180.00"
2020-10-06,2020100604001798,RLI,49,46,10,618.00,"6,180.00"
2020-10-06,2020100604001809,RLI,49,46,10,618.00,"6,180.00"
2020-10-06,2020100604001808,RLI,41,16,10,619.00,"6,190.00"
2020-10-06,2020100604001807,RLI,49,59,10,618.00,"6,180.00"
2020-10-06,2020100604001806,RLI,49,48,10,618.00,"6,180.00"
2020-10-06,2020100604001805,RLI,49,10,10,618.00,"6,180.00"
2020-10-06,2020100604001804,RLI,49,59,10,618.00,"6,180.00"
2020-10-06,2020100604001815,RLI,58,20,10,618.00,"6,180.00"
2020-10-06,2020100604001814,RLI,58,59,10,618.00,"6,180.00"
2020-10-06,2020100604001813,RLI,58,53,10,618.00,"6,180.00"
2020-10-06,2020100604001812,RLI,8,42,10,619.00,"6,190.00"
2020-10-06,2020100604001811,RLI,47,44,10,619.00,"6,190.00"
2020-10-06,2020100604001810,RLI,47,59,10,618.00,"6,180.00"
2020-10-06,2020100604001821,RLI,58,48,10,618.00,"6,180.00"
2020-10-06,2020100604001820,RLI,58,21,10,618.00,"6,180.00"
2020-10-06,2020100604001819,RLI,58,49,10,618.00,"6,180.00"
2020-10-06,2020100604001818,RLI,58,10,10,618.00,"6,180.00"
2020-10-06,2020100604001817,RLI,58,35,10,618.00,"6,180.00"
2020-10-06,2020100604001816,RLI,58,59,10,618.00,"6,180.00"
2020-10-06,2020100604001827,RLI,58,20,10,618.00,"6,180.00"
2020-10-06,2020100604001826,RLI,58,51,10,618.00,"6,180.00"
2020-10-06,2020100604001825,RLI,58,22,10,618.00,"6,180.00"
2020-10-06,2020100604001824,RLI,58,10,10,618.00,"6,180.00"
2020-10-06,2020100604001823,RLI,58,59,10,618.00,"6,180.00"
2020-10-06,2020100604001822,RLI,58,42,10,618.00,"6,180.00"
2020-10-06,2020100604001833,RLI,29,48,10,618.00,"6,180.00"
2020-10-06,2020100604001832,RLI,58,58,10,618.00,"6,180.00"
2020-10-06,2020100604001831,RLI,58,58,10,618.00,"6,180.00"
2020-10-06,2020100604001830,RLI,58,10,10,618.00,"6,180.00"
2020-10-06,2020100604001829,RLI,58,46,10,618.00,"6,180.00"
2020-10-06,2020100604001828,RLI,58,37,10,618.00,"6,180.00"
2020-10-06,2020100604001839,RLI,59,22,10,618.00,"6,180.00"
2020-10-06,2020100604001838,RLI,57,36,10,618.00,"6,180.00"
2020-10-06,2020100604001837,RLI,57,20,10,618.00,"6,180.00"
2020-10-06,2020100604001836,RLI,29,59,10,618.00,"6,180.00"
2020-10-06,2020100604001835,RLI,29,59,10,618.00,"6,180.00"
2020-10-06,2020100604001834,RLI,29,58,10,618.00,"6,180.00"
2020-10-06,2020100604001845,RLI,57,59,10,619.00,"6,190.00"
2020-10-06,2020100604001844,RLI,57,56,10,619.00,"6,190.00"
2020-10-06,2020100604001843,RLI,59,48,10,618.00,"6,180.00"
2020-10-06,2020100604001842,RLI,59,59,10,618.00,"6,180.00"
2020-10-06,2020100604001841,RLI,59,55,10,618.00,"6,180.00"
2020-10-06,2020100604001840,RLI,59,56,10,618.00,"6,180.00"
2020-10-06,2020100604001851,RLI,47,16,10,618.00,"6,180.00"
2020-10-06,2020100604001850,RLI,47,56,10,618.00,"6,180.00"
2020-10-06,2020100604001849,RLI,57,42,10,619.00,"6,190.00"
2020-10-06,2020100604001848,RLI,57,56,10,619.00,"6,190.00"
2020-10-06,2020100604001847,RLI,57,20,10,619.00,"6,190.00"
2020-10-06,2020100604001846,RLI,57,41,10,619.00,"6,190.00"
2020-10-06,2020100604001857,RLI,47,45,10,618.00,"6,180.00"
2020-10-06,2020100604001856,RLI,47,22,10,618.00,"6,180.00"
2020-10-06,2020100604001855,RLI,47,56,10,618.00,"6,180.00"
2020-10-06,2020100604001854,RLI,47,42,10,618.00,"6,180.00"
2020-10-06,2020100604001853,RLI,47,56,10,618.00,"6,180.00"
2020-10-06,2020100604001852,RLI,47,59,10,618.00,"6,180.00"
2020-10-06,2020100604001863,RLI,56,56,10,618.00,"6,180.00"
2020-10-06,2020100604001862,RLI,56,22,10,618.00,"6,180.00"
2020-10-06,2020100604001861,RLI,56,48,10,618.00,"6,180.00"
2020-10-06,2020100604001860,RLI,56,59,10,618.00,"6,180.00"
2020-10-06,2020100604001859,RLI,47,59,10,618.00,"6,180.00"
2020-10-06,2020100604001858,RLI,47,42,10,618.00,"6,180.00"
2020-10-06,2020100604001869,RLI,56,38,10,618.00,"6,180.00"
2020-10-06,2020100604001868,RLI,56,59,10,618.00,"6,180.00"
2020-10-06,2020100604001867,RLI,56,22,10,618.00,"6,180.00"
2020-10-06,2020100604001866,RLI,56,29,10,618.00,"6,180.00"
2020-10-06,2020100604001865,RLI,56,38,10,618.00,"6,180.00"
2020-10-06,2020100604001864,RLI,56,59,10,618.00,"6,180.00"
2020-10-06,2020100604001876,RLI,56,56,10,618.00,"6,180.00"
2020-10-06,2020100604001875,RLI,56,59,10,618.00,"6,180.00"
2020-10-06,2020100604001874,RLI,56,38,10,618.00,"6,180.00"
2020-10-06,2020100604001873,RLI,56,48,10,618.00,"6,180.00"
2020-10-06,2020100604001872,RLI,56,59,10,618.00,"6,180.00"
2020-10-06,2020100604001871,RLI,56,38,10,618.00,"6,180.00"
2020-10-06,2020100604001882,RLI,46,42,10,618.00,"6,180.00"
2020-10-06,2020100604001881,RLI,46,38,10,618.00,"6,180.00"
2020-10-06,2020100604001880,RLI,56,56,10,618.00,"6,180.00"
2020-10-06,2020100604001879,RLI,56,38,10,618.00,"6,180.00"
2020-10-06,2020100604001878,RLI,56,56,10,618.00,"6,180.00"
2020-10-06,2020100604001877,RLI,56,59,10,618.00,"6,180.00"
2020-10-06,2020100604001889,RLI,19,22,10,618.00,"6,180.00"
2020-10-06,2020100604001888,RLI,19,8,10,618.00,"6,180.00"
2020-10-06,2020100604001887,RLI,19,52,10,618.00,"6,180.00"
2020-10-06,2020100604001886,RLI,19,38,10,618.00,"6,180.00"
2020-10-06,2020100604001885,RLI,46,34,10,618.00,"6,180.00"
2020-10-06,2020100604001884,RLI,46,36,10,618.00,"6,180.00"
2020-10-06,2020100604001895,RLI,13,49,10,618.00,"6,180.00"
2020-10-06,2020100604001894,RLI,19,21,10,618.00,"6,180.00"
2020-10-06,2020100604001893,RLI,19,38,10,618.00,"6,180.00"
2020-10-06,2020100604001892,RLI,19,22,10,618.00,"6,180.00"
2020-10-06,2020100604001891,RLI,19,8,10,618.00,"6,180.00"
2020-10-06,2020100604001890,RLI,19,34,10,618.00,"6,180.00"
2020-10-06,2020100604001901,RLI,44,26,10,618.00,"6,180.00"
2020-10-06,2020100604001900,RLI,44,42,10,618.00,"6,180.00"
2020-10-06,2020100604001899,RLI,13,38,10,618.00,"6,180.00"
2020-10-06,2020100604001898,RLI,13,34,10,618.00,"6,180.00"
2020-10-06,2020100604001897,RLI,13,38,10,618.00,"6,180.00"
2020-10-06,2020100604001896,RLI,13,26,10,618.00,"6,180.00"
2020-10-06,2020100604001907,RLI,35,38,10,619.00,"6,190.00"
2020-10-06,2020100604001906,RLI,35,48,10,619.00,"6,190.00"
2020-10-06,2020100604001905,RLI,56,36,10,618.00,"6,180.00"
2020-10-06,2020100604001904,RLI,25,38,10,618.00,"6,180.00"
2020-10-06,2020100604001903,RLI,25,34,10,618.00,"6,180.00"
2020-10-06,2020100604001902,RLI,44,38,10,618.00,"6,180.00"
2020-10-06,2020100604001913,RLI,45,59,10,620.00,"6,200.00"
2020-10-06,2020100604001912,RLI,35,46,10,619.00,"6,190.00"
2020-10-06,2020100604001911,RLI,35,38,10,619.00,"6,190.00"
2020-10-06,2020100604001910,RLI,35,45,10,619.00,"6,190.00"
2020-10-06,2020100604001909,RLI,35,36,10,619.00,"6,190.00"
2020-10-06,2020100604001908,RLI,35,46,10,619.00,"6,190.00"
2020-10-06,2020100604001919,RLI,45,35,10,620.00,"6,200.00"
2020-10-06,2020100604001918,RLI,45,47,10,620.00,"6,200.00"
2020-10-06,2020100604001917,RLI,45,22,10,620.00,"6,200.00"
2020-10-06,2020100604001916,RLI,45,47,10,620.00,"6,200.00"
2020-10-06,2020100604001915,RLI,45,47,10,620.00,"6,200.00"
2020-10-06,2020100604001914,RLI,45,58,10,620.00,"6,200.00"
2020-10-06,2020100604001925,RLI,45,57,10,620.00,"6,200.00"
2020-10-06,2020100604001924,RLI,45,17,10,620.00,"6,200.00"
2020-10-06,2020100604001923,RLI,45,42,10,620.00,"6,200.00"
2020-10-06,2020100604001922,RLI,45,48,10,620.00,"6,200.00"
2020-10-06,2020100604001921,RLI,45,38,10,620.00,"6,200.00"
2020-10-06,2020100604001920,RLI,45,47,10,620.00,"6,200.00"
2020-10-06,2020100604001931,RLI,45,50,10,620.00,"6,200.00"
2020-10-06,2020100604001930,RLI,45,44,10,620.00,"6,200.00"
2020-10-06,2020100604001929,RLI,45,50,10,620.00,"6,200.00"
2020-10-06,2020100604001928,RLI,45,48,10,620.00,"6,200.00"
2020-10-06,2020100604001927,RLI,45,22,10,620.00,"6,200.00"
2020-10-06,2020100604001926,RLI,45,22,10,620.00,"6,200.00"
2020-10-06,2020100604001938,RLI,35,22,10,619.00,"6,190.00"
2020-10-06,2020100604001936,RLI,35,44,10,619.00,"6,190.00"
2020-10-06,2020100604001935,RLI,35,57,10,619.00,"6,190.00"
2020-10-06,2020100604001934,RLI,45,29,390,620.00,"241,800.00"
2020-10-06,2020100604001933,RLI,45,17,10,620.00,"6,200.00"
2020-10-06,2020100604001932,RLI,45,26,10,620.00,"6,200.00"
2020-10-06,2020100604001945,RLI,56,22,10,618.00,"6,180.00"
2020-10-06,2020100604001944,RLI,56,59,10,618.00,"6,180.00"
2020-10-06,2020100604001942,RLI,56,38,10,618.00,"6,180.00"
2020-10-06,2020100604001941,RLI,56,59,10,618.00,"6,180.00"
2020-10-06,2020100604001940,RLI,56,38,10,618.00,"6,180.00"
2020-10-06,2020100604001939,RLI,56,48,10,618.00,"6,180.00"
2020-10-06,2020100604001952,RLI,56,59,10,618.00,"6,180.00"
2020-10-06,2020100604001951,RLI,56,21,10,618.00,"6,180.00"
2020-10-06,2020100604001949,RLI,56,22,10,618.00,"6,180.00"
2020-10-06,2020100604001948,RLI,56,20,10,618.00,"6,180.00"
2020-10-06,2020100604001947,RLI,56,26,10,618.00,"6,180.00"
2020-10-06,2020100604001946,RLI,56,41,10,618.00,"6,180.00"
2020-10-06,2020100604001959,RLI,47,38,10,618.00,"6,180.00"
2020-10-06,2020100604001958,RLI,47,20,10,618.00,"6,180.00"
2020-10-06,2020100604001957,RLI,47,38,10,618.00,"6,180.00"
2020-10-06,2020100604001955,RLI,47,38,10,618.00,"6,180.00"
2020-10-06,2020100604001954,RLI,56,58,10,618.00,"6,180.00"
2020-10-06,2020100604001953,RLI,56,38,10,618.00,"6,180.00"
2020-10-06,2020100604001965,RLI,47,38,10,618.00,"6,180.00"
2020-10-06,2020100604001964,RLI,47,21,10,618.00,"6,180.00"
2020-10-06,2020100604001963,RLI,47,22,10,618.00,"6,180.00"
2020-10-06,2020100604001962,RLI,47,38,10,618.00,"6,180.00"
2020-10-06,2020100604001961,RLI,47,46,10,618.00,"6,180.00"
2020-10-06,2020100604001960,RLI,47,49,10,618.00,"6,180.00"
2020-10-06,2020100604001973,RLI,35,50,10,619.00,"6,190.00"
2020-10-06,2020100604001972,RLI,35,11,10,619.00,"6,190.00"
2020-10-06,2020100604001971,RLI,47,21,10,618.00,"6,180.00"
2020-10-06,2020100604001969,RLI,47,20,10,618.00,"6,180.00"
2020-10-06,2020100604001967,RLI,47,21,10,618.00,"6,180.00"
2020-10-06,2020100604001966,RLI,47,38,10,618.00,"6,180.00"
2020-10-06,2020100604001979,RLI,47,26,10,618.00,"6,180.00"
2020-10-06,2020100604001978,RLI,47,8,10,618.00,"6,180.00"
2020-10-06,2020100604001977,RLI,47,29,10,618.00,"6,180.00"
2020-10-06,2020100604001976,RLI,35,58,10,619.00,"6,190.00"
2020-10-06,2020100604001975,RLI,47,26,10,618.00,"6,180.00"
2020-10-06,2020100604001974,RLI,35,3,10,619.00,"6,190.00"
2020-10-06,2020100604001985,RLI,52,20,10,618.00,"6,180.00"
2020-10-06,2020100604001984,RLI,52,38,10,618.00,"6,180.00"
2020-10-06,2020100604001983,RLI,52,29,10,618.00,"6,180.00"
2020-10-06,2020100604001982,RLI,52,21,10,618.00,"6,180.00"
2020-10-06,2020100604001981,RLI,47,46,10,618.00,"6,180.00"
2020-10-06,2020100604001980,RLI,47,38,10,618.00,"6,180.00"
2020-10-06,2020100604001991,RLI,58,29,19,620.00,"11,780.00"
2020-10-06,2020100604001990,RLI,3,3,10,619.00,"6,190.00"
2020-10-06,2020100604001989,RLI,52,32,10,618.00,"6,180.00"
2020-10-06,2020100604001988,RLI,52,56,10,618.00,"6,180.00"
2020-10-06,2020100604001987,RLI,52,38,10,618.00,"6,180.00"
2020-10-06,2020100604001986,RLI,52,35,10,618.00,"6,180.00"
2020-10-06,2020100604001997,RLI,22,55,10,619.00,"6,190.00"
2020-10-06,2020100604001996,RLI,22,56,10,619.00,"6,190.00"
2020-10-06,2020100604001995,RLI,22,36,10,619.00,"6,190.00"
2020-10-06,2020100604001994,RLI,22,48,10,619.00,"6,190.00"
2020-10-06,2020100604001993,RLI,22,58,10,619.00,"6,190.00"
2020-10-06,2020100604001992,RLI,22,45,10,619.00,"6,190.00"
2020-10-06,2020100604002003,RLI,1,36,10,619.00,"6,190.00"
2020-10-06,2020100604002002,RLI,1,19,10,619.00,"6,190.00"
2020-10-06,2020100604002001,RLI,22,20,10,619.00,"6,190.00"
2020-10-06,2020100604002000,RLI,22,57,10,619.00,"6,190.00"
2020-10-06,2020100604001999,RLI,22,34,10,619.00,"6,190.00"
2020-10-06,2020100604001998,RLI,22,26,10,619.00,"6,190.00"
2020-10-06,2020100604002009,RLI,34,20,10,619.00,"6,190.00"
2020-10-06,2020100604002008,RLI,34,46,10,619.00,"6,190.00"
2020-10-06,2020100604002007,RLI,34,48,10,619.00,"6,190.00"
2020-10-06,2020100604002006,RLI,34,58,10,619.00,"6,190.00"
2020-10-06,2020100604002005,RLI,44,29,500,620.00,"310,000.00"
2020-10-06,2020100604002004,RLI,1,40,10,619.00,"6,190.00"
2020-10-06,2020100604002018,RLI,34,45,10,619.00,"6,190.00"
2020-10-06,2020100604002017,RLI,34,45,10,619.00,"6,190.00"
2020-10-06,2020100604002014,RLI,34,52,10,619.00,"6,190.00"
2020-10-06,2020100604002013,RLI,34,20,10,619.00,"6,190.00"
2020-10-06,2020100604002011,RLI,34,56,10,619.00,"6,190.00"
2020-10-06,2020100604002010,RLI,34,26,10,619.00,"6,190.00"
2020-10-06,2020100604002028,RLI,34,21,10,619.00,"6,190.00"
2020-10-06,2020100604002027,RLI,34,51,10,619.00,"6,190.00"
2020-10-06,2020100604002022,RLI,34,21,10,619.00,"6,190.00"
2020-10-06,2020100604002021,RLI,34,20,10,619.00,"6,190.00"
2020-10-06,2020100604002020,RLI,34,29,10,619.00,"6,190.00"
2020-10-06,2020100604002019,RLI,34,41,10,619.00,"6,190.00"
2020-10-06,2020100604002036,RLI,44,29,300,620.00,"186,000.00"
2020-10-06,2020100604002035,RLI,34,48,10,619.00,"6,190.00"
2020-10-06,2020100604002032,RLI,44,29,300,620.00,"186,000.00"
2020-10-06,2020100604002031,RLI,34,26,10,619.00,"6,190.00"
2020-10-06,2020100604002030,RLI,34,56,10,619.00,"6,190.00"
2020-10-06,2020100604002029,RLI,34,42,10,619.00,"6,190.00"
2020-10-06,2020100604002043,RLI,32,29,50,620.00,"31,000.00"
2020-10-06,2020100604002042,RLI,34,22,10,619.00,"6,190.00"
2020-10-06,2020100604002041,RLI,44,29,300,620.00,"186,000.00"
2020-10-06,2020100604002040,RLI,34,58,10,619.00,"6,190.00"
2020-10-06,2020100604002039,RLI,34,55,10,619.00,"6,190.00"
2020-10-06,2020100604002037,RLI,58,29,100,620.00,"62,000.00"
2020-10-06,2020100604002050,RLI,34,8,10,619.00,"6,190.00"
2020-10-06,2020100604002048,RLI,44,29,100,620.00,"62,000.00"
2020-10-06,2020100604002047,RLI,4,29,10,620.00,"6,200.00"
2020-10-06,2020100604002046,RLI,34,58,10,619.00,"6,190.00"
2020-10-06,2020100604002045,RLI,34,55,10,619.00,"6,190.00"
2020-10-06,2020100604002044,RLI,44,29,100,620.00,"62,000.00"
2020-10-06,2020100604002059,RLI,26,29,110,620.00,"68,200.00"
2020-10-06,2020100604002058,RLI,44,29,100,620.00,"62,000.00"
2020-10-06,2020100604002054,RLI,34,56,10,619.00,"6,190.00"
2020-10-06,2020100604002053,RLI,44,29,100,620.00,"62,000.00"
2020-10-06,2020100604002052,RLI,34,28,10,619.00,"6,190.00"
2020-10-06,2020100604002051,RLI,34,53,100,619.00,"61,900.00"
2020-10-06,2020100604002065,RLI,44,58,10,620.00,"6,200.00"
2020-10-06,2020100604002064,RLI,44,4,10,620.00,"6,200.00"
2020-10-06,2020100604002063,RLI,44,42,10,620.00,"6,200.00"
2020-10-06,2020100604002062,RLI,44,48,10,620.00,"6,200.00"
2020-10-06,2020100604002061,RLI,44,29,30,620.00,"18,600.00"
2020-10-06,2020100604002060,RLI,34,58,10,619.00,"6,190.00"
2020-10-06,2020100604002071,RLI,44,29,10,620.00,"6,200.00"
2020-10-06,2020100604002070,RLI,44,46,10,620.00,"6,200.00"
2020-10-06,2020100604002069,RLI,34,21,10,619.00,"6,190.00"
2020-10-06,2020100604002068,RLI,44,35,10,620.00,"6,200.00"
2020-10-06,2020100604002067,RLI,44,52,10,620.00,"6,200.00"
2020-10-06,2020100604002066,RLI,44,52,10,620.00,"6,200.00"
2020-10-06,2020100604002077,RLI,44,29,10,620.00,"6,200.00"
2020-10-06,2020100604002076,RLI,44,57,10,620.00,"6,200.00"
2020-10-06,2020100604002075,RLI,44,58,10,620.00,"6,200.00"
2020-10-06,2020100604002074,RLI,44,29,10,620.00,"6,200.00"
2020-10-06,2020100604002073,RLI,44,29,10,620.00,"6,200.00"
2020-10-06,2020100604002072,RLI,44,58,10,620.00,"6,200.00"
2020-10-06,2020100604002084,RLI,34,58,10,619.00,"6,190.00"
2020-10-06,2020100604002082,RLI,44,36,100,620.00,"62,000.00"
2020-10-06,2020100604002081,RLI,34,16,10,619.00,"6,190.00"
2020-10-06,2020100604002080,RLI,34,58,10,619.00,"6,190.00"
2020-10-06,2020100604002079,RLI,44,36,10,620.00,"6,200.00"
2020-10-06,2020100604002078,RLI,44,4,10,620.00,"6,200.00"
2020-10-06,2020100604002090,RLI,34,58,10,619.00,"6,190.00"
2020-10-06,2020100604002089,RLI,44,45,40,621.00,"24,840.00"
2020-10-06,2020100604002088,RLI,44,58,10,621.00,"6,210.00"
2020-10-06,2020100604002087,RLI,44,11,10,620.00,"6,200.00"
2020-10-06,2020100604002086,RLI,44,36,40,620.00,"24,800.00"
2020-10-06,2020100604002085,RLI,34,29,10,619.00,"6,190.00"
2020-10-06,2020100604002096,RLI,34,22,10,619.00,"6,190.00"
2020-10-06,2020100604002095,RLI,34,59,10,619.00,"6,190.00"
2020-10-06,2020100604002094,RLI,34,57,10,619.00,"6,190.00"
2020-10-06,2020100604002093,RLI,34,16,10,619.00,"6,190.00"
2020-10-06,2020100604002092,RLI,41,58,10,620.00,"6,200.00"
2020-10-06,2020100604002091,RLI,34,38,10,619.00,"6,190.00"
2020-10-06,2020100604002102,RLI,41,6,10,620.00,"6,200.00"
2020-10-06,2020100604002101,RLI,41,58,10,620.00,"6,200.00"
2020-10-06,2020100604002100,RLI,34,22,10,619.00,"6,190.00"
2020-10-06,2020100604002099,RLI,34,16,10,619.00,"6,190.00"
2020-10-06,2020100604002098,RLI,34,16,10,619.00,"6,190.00"
2020-10-06,2020100604002097,RLI,34,29,10,619.00,"6,190.00"
2020-10-06,2020100604002108,RLI,41,33,10,620.00,"6,200.00"
2020-10-06,2020100604002107,RLI,34,8,10,619.00,"6,190.00"
2020-10-06,2020100604002106,RLI,41,33,10,620.00,"6,200.00"
2020-10-06,2020100604002105,RLI,41,33,100,620.00,"62,000.00"
2020-10-06,2020100604002104,RLI,41,16,10,620.00,"6,200.00"
2020-10-06,2020100604002103,RLI,41,52,10,620.00,"6,200.00"
2020-10-06,2020100604002114,RLI,54,17,10,620.00,"6,200.00"
2020-10-06,2020100604002113,RLI,54,38,10,620.00,"6,200.00"
2020-10-06,2020100604002112,RLI,54,56,10,620.00,"6,200.00"
2020-10-06,2020100604002111,RLI,34,21,10,619.00,"6,190.00"
2020-10-06,2020100604002110,RLI,34,38,10,620.00,"6,200.00"
2020-10-06,2020100604002109,RLI,49,33,200,620.00,"124,000.00"
2020-10-06,2020100604002121,RLI,34,8,10,619.00,"6,190.00"
2020-10-06,2020100604002120,RLI,58,38,10,620.00,"6,200.00"
2020-10-06,2020100604002119,RLI,34,4,10,619.00,"6,190.00"
2020-10-06,2020100604002118,RLI,54,26,10,620.00,"6,200.00"
2020-10-06,2020100604002116,RLI,54,59,10,620.00,"6,200.00"
2020-10-06,2020100604002115,RLI,54,58,10,620.00,"6,200.00"
2020-10-06,2020100604002127,RLI,34,48,10,619.00,"6,190.00"
2020-10-06,2020100604002126,RLI,34,38,10,619.00,"6,190.00"
2020-10-06,2020100604002125,RLI,34,4,10,619.00,"6,190.00"
2020-10-06,2020100604002124,RLI,34,22,10,619.00,"6,190.00"
2020-10-06,2020100604002123,RLI,34,4,10,619.00,"6,190.00"
2020-10-06,2020100604002122,RLI,34,38,10,619.00,"6,190.00"
2020-10-06,2020100604002134,RLI,41,4,10,620.00,"6,200.00"
2020-10-06,2020100604002133,RLI,41,38,10,620.00,"6,200.00"
2020-10-06,2020100604002132,RLI,41,58,10,620.00,"6,200.00"
2020-10-06,2020100604002131,RLI,34,26,10,619.00,"6,190.00"
2020-10-06,2020100604002130,RLI,34,52,10,620.00,"6,200.00"
2020-10-06,2020100604002129,RLI,34,4,10,619.00,"6,190.00"
2020-10-06,2020100604002144,RLI,16,20,10,620.00,"6,200.00"
2020-10-06,2020100604002139,RLI,16,40,10,620.00,"6,200.00"
2020-10-06,2020100604002138,RLI,16,4,10,620.00,"6,200.00"
2020-10-06,2020100604002137,RLI,16,38,10,620.00,"6,200.00"
2020-10-06,2020100604002136,RLI,16,8,10,620.00,"6,200.00"
2020-10-06,2020100604002135,RLI,16,57,10,620.00,"6,200.00"
2020-10-06,2020100604002150,RLI,16,4,10,620.00,"6,200.00"
2020-10-06,2020100604002149,RLI,16,38,10,620.00,"6,200.00"
2020-10-06,2020100604002148,RLI,16,3,10,620.00,"6,200.00"
2020-10-06,2020100604002147,RLI,16,41,50,620.00,"31,000.00"
2020-10-06,2020100604002146,RLI,16,4,10,620.00,"6,200.00"
2020-10-06,2020100604002145,RLI,16,38,10,620.00,"6,200.00"
2020-10-06,2020100604002159,RLI,34,45,160,621.00,"99,360.00"
2020-10-06,2020100604002157,RLI,33,45,10,621.00,"6,210.00"
2020-10-06,2020100604002155,RLI,16,42,10,620.00,"6,200.00"
2020-10-06,2020100604002154,RLI,16,4,10,620.00,"6,200.00"
2020-10-06,2020100604002153,RLI,16,58,10,620.00,"6,200.00"
2020-10-06,2020100604002152,RLI,16,38,10,620.00,"6,200.00"
2020-10-06,2020100604002168,RLI,33,45,100,621.00,"62,100.00"
2020-10-06,2020100604002166,RLI,16,38,10,620.00,"6,200.00"
2020-10-06,2020100604002165,RLI,16,42,10,620.00,"6,200.00"
2020-10-06,2020100604002162,RLI,16,29,10,620.00,"6,200.00"
2020-10-06,2020100604002161,RLI,16,58,10,620.00,"6,200.00"
2020-10-06,2020100604002160,RLI,16,22,10,620.00,"6,200.00"
2020-10-06,2020100604002174,RLI,16,52,10,620.00,"6,200.00"
2020-10-06,2020100604002173,RLI,16,58,10,620.00,"6,200.00"
2020-10-06,2020100604002172,RLI,34,45,10,621.00,"6,210.00"
2020-10-06,2020100604002171,RLI,16,38,10,620.00,"6,200.00"
2020-10-06,2020100604002170,RLI,16,17,10,620.00,"6,200.00"
2020-10-06,2020100604002169,RLI,16,21,10,620.00,"6,200.00"
2020-10-06,2020100604002180,RLI,16,19,500,620.00,"310,000.00"
2020-10-06,2020100604002179,RLI,16,28,10,620.00,"6,200.00"
2020-10-06,2020100604002178,RLI,16,4,30,620.00,"18,600.00"
2020-10-06,2020100604002177,RLI,16,42,10,620.00,"6,200.00"
2020-10-06,2020100604002176,RLI,16,48,10,620.00,"6,200.00"
2020-10-06,2020100604002175,RLI,16,8,10,620.00,"6,200.00"
2020-10-06,2020100604002186,RLI,16,17,10,620.00,"6,200.00"
2020-10-06,2020100604002185,RLI,16,39,10,620.00,"6,200.00"
2020-10-06,2020100604002184,RLI,16,38,10,620.00,"6,200.00"
2020-10-06,2020100604002183,RLI,16,34,10,620.00,"6,200.00"
2020-10-06,2020100604002182,RLI,16,42,10,620.00,"6,200.00"
2020-10-06,2020100604002181,RLI,16,19,10,620.00,"6,200.00"
2020-10-06,2020100604002195,RLI,16,38,10,620.00,"6,200.00"
2020-10-06,2020100604002194,RLI,16,34,10,620.00,"6,200.00"
2020-10-06,2020100604002193,RLI,16,58,10,620.00,"6,200.00"
2020-10-06,2020100604002191,RLI,16,32,10,620.00,"6,200.00"
2020-10-06,2020100604002189,RLI,16,42,10,620.00,"6,200.00"
2020-10-06,2020100604002187,RLI,16,14,10,620.00,"6,200.00"
2020-10-06,2020100604002204,RLI,26,42,10,620.00,"6,200.00"
2020-10-06,2020100604002203,RLI,26,58,10,620.00,"6,200.00"
2020-10-06,2020100604002202,RLI,22,45,490,621.00,"304,290.00"
2020-10-06,2020100604002201,RLI,26,38,10,620.00,"6,200.00"
2020-10-06,2020100604002199,RLI,26,49,10,620.00,"6,200.00"
2020-10-06,2020100604002196,RLI,16,29,10,620.00,"6,200.00"
2020-10-06,2020100604002211,RLI,26,42,10,620.00,"6,200.00"
2020-10-06,2020100604002210,RLI,26,22,10,620.00,"6,200.00"
2020-10-06,2020100604002208,RLI,26,47,10,620.00,"6,200.00"
2020-10-06,2020100604002207,RLI,39,45,10,621.00,"6,210.00"
2020-10-06,2020100604002206,RLI,26,5,10,620.00,"6,200.00"
2020-10-06,2020100604002205,RLI,26,43,10,620.00,"6,200.00"
2020-10-06,2020100604002219,RLI,10,58,10,620.00,"6,200.00"
2020-10-06,2020100604002218,RLI,49,58,200,620.00,"124,000.00"
2020-10-06,2020100604002217,RLI,1,58,30,620.00,"18,600.00"
2020-10-06,2020100604002216,RLI,1,10,10,620.00,"6,200.00"
2020-10-06,2020100604002215,RLI,1,58,10,620.00,"6,200.00"
2020-10-06,2020100604002212,RLI,26,48,10,620.00,"6,200.00"
2020-10-06,2020100604002225,RLI,49,58,150,620.00,"93,000.00"
2020-10-06,2020100604002224,RLI,33,58,"1,050",620.00,"651,000.00"
2020-10-06,2020100604002223,RLI,42,58,10,620.00,"6,200.00"
2020-10-06,2020100604002222,RLI,44,58,40,620.00,"24,800.00"
2020-10-06,2020100604002221,RLI,58,58,10,620.00,"6,200.00"
2020-10-06,2020100604002220,RLI,36,58,200,620.00,"124,000.00"
2020-10-06,2020100604002232,RLI,49,41,10,620.00,"6,200.00"
2020-10-06,2020100604002231,RLI,42,45,20,621.00,"12,420.00"
2020-10-06,2020100604002230,RLI,45,45,100,621.00,"62,100.00"
2020-10-06,2020100604002229,RLI,49,58,10,620.00,"6,200.00"
2020-10-06,2020100604002228,RLI,49,4,10,620.00,"6,200.00"
2020-10-06,2020100604002226,RLI,49,45,10,620.00,"6,200.00"
2020-10-06,2020100604002238,RLI,1,56,10,620.00,"6,200.00"
2020-10-06,2020100604002237,RLI,1,45,10,620.00,"6,200.00"
2020-10-06,2020100604002236,RLI,1,10,10,620.00,"6,200.00"
2020-10-06,2020100604002235,RLI,1,44,10,620.00,"6,200.00"
2020-10-06,2020100604002234,RLI,1,4,10,620.00,"6,200.00"
2020-10-06,2020100604002233,RLI,49,58,10,620.00,"6,200.00"
2020-10-06,2020100604002200,SAEF,8,18,"1,000",10.25,"10,250.00"
2020-10-06,2020100604002034,SAEF,7,35,"1,000",10.30,"10,300.00"
2020-10-06,2020100604002033,SAEF,7,4,"1,000",10.30,"10,300.00"
2020-10-06,2020100604001870,SAND2085,14,45,50,"1,030.00","51,500.00"
2020-10-06,2020100604002117,SEF,34,43,100,9.22,922.00
2020-10-06,2020100604001943,SEF,34,42,"1,000",9.30,"9,300.00"
2020-10-06,2020100604001263,BBC,34,18,10,"1,662.00","16,620.00"
2020-10-06,2020100604001494,CMF1,43,11,"1,500",9.68,"14,520.00"
2020-10-06,2020100604001451,CMF1,8,42,100,9.55,955.00
2020-10-06,2020100604001326,GBD80/81,13,45,50,"1,040.00","52,000.00"
2020-10-06,2020100604001641,GIMES1,56,39,100,9.37,937.00
2020-10-06,2020100604001364,LUK,57,41,300,9.09,"2,727.00"
2020-10-06,2020100604001363,LUK,57,47,"5,000",9.09,"45,450.00"
2020-10-06,2020100604001362,LUK,57,58,100,8.92,892.00
2020-10-06,2020100604001361,LUK,57,49,400,8.92,"3,568.00"
2020-10-06,2020100604001652,NBF2,17,8,100,9.14,914.00
2020-10-06,2020100604001651,NBF2,17,32,100,9.00,900.00
2020-10-06,2020100604001640,NBF2,7,57,100,8.89,889.00
2020-10-06,2020100604001552,NEF,34,7,977,8.97,"8,763.69"
2020-10-06,2020100604001526,NEF,34,26,"2,414",8.90,"21,484.60"
2020-10-06,2020100604001384,NEF,34,29,483,8.80,"4,250.40"
2020-10-06,2020100604001712,NIBPO,39,16,21,357.00,"7,497.00"
2020-10-06,2020100604001706,NIBPO,39,16,100,357.00,"35,700.00"
2020-10-06,2020100604001703,NIBPO,55,16,779,358.00,"278,882.00"
2020-10-06,2020100604001702,NIBPO,14,16,"1,000",358.00,"358,000.00"
2020-10-06,2020100604001701,NIBPO,55,50,122,358.00,"43,676.00"
2020-10-06,2020100604001647,NIBPO,55,4,99,358.00,"35,442.00"
2020-10-06,2020100604001573,NIBPO,4,4,8,353.00,"2,824.00"
2020-10-06,2020100604001646,NIBPO,13,4,200,358.00,"71,600.00"
2020-10-06,2020100604001645,NIBPO,32,4,500,359.00,"179,500.00"
2020-10-06,2020100604001644,NIBPO,32,4,501,359.00,"179,859.00"
2020-10-06,2020100604001643,NIBPO,52,4,500,359.00,"179,500.00"
2020-10-06,2020100604001642,NIBPO,42,4,100,359.00,"35,900.00"
2020-10-06,2020100604001587,NIBPO,35,4,100,360.00,"36,000.00"
2020-10-06,2020100604001410,NIBSF1,56,7,"5,000",9.61,"48,050.00"
2020-10-06,2020100604001409,NIBSF1,53,7,"1,000",9.72,"9,720.00"
2020-10-06,2020100604001408,NIBSF1,51,7,"4,900",9.75,"47,775.00"
2020-10-06,2020100604001655,NICGF,11,39,500,9.52,"4,760.00"
2020-10-06,2020100604001501,NICGF,11,42,200,9.52,"1,904.00"
2020-10-06,2020100604001629,NMB50,49,35,100,9.15,915.00
2020-10-06,2020100604001539,NMBHF1,11,7,"3,308",9.30,"30,764.40"
2020-10-06,2020100604001538,NMBHF1,51,7,"1,000",9.31,"9,310.00"
2020-10-06,2020100604001537,NMBHF1,19,7,"5,000",9.31,"46,550.00"
2020-10-06,2020100604001536,NMBHF1,25,7,"5,000",9.32,"46,600.00"
2020-10-06,2020100604001369,NMBHF1,34,29,"1,664",9.31,"15,491.84"
2020-10-06,2020100604001368,NMBHF1,34,16,"3,933",9.31,"36,616.23"
2020-10-06,2020100604001367,NMBHF1,34,29,"1,664",9.31,"15,491.84"
2020-10-06,2020100604001324,NMBHF1,11,7,300,9.30,"2,790.00"
2020-10-06,2020100604001744,RLI,16,59,10,620.00,"6,200.00"
2020-10-06,2020100604001743,RLI,16,42,10,620.00,"6,200.00"
2020-10-06,2020100604001742,RLI,16,59,10,620.00,"6,200.00"
2020-10-06,2020100604001741,RLI,16,59,10,620.00,"6,200.00"
2020-10-06,2020100604001740,RLI,16,46,10,620.00,"6,200.00"
2020-10-06,2020100604001739,RLI,16,42,10,620.00,"6,200.00"
2020-10-06,2020100604001246,RLI,11,14,10,620.00,"6,200.00"
2020-10-06,2020100604001245,RLI,11,38,10,620.00,"6,200.00"
2020-10-06,2020100604001252,RLI,22,8,10,621.00,"6,210.00"
2020-10-06,2020100604001251,RLI,22,42,10,621.00,"6,210.00"
2020-10-06,2020100604001250,RLI,22,48,10,621.00,"6,210.00"
2020-10-06,2020100604001249,RLI,22,46,10,621.00,"6,210.00"
2020-10-06,2020100604001248,RLI,22,34,10,621.00,"6,210.00"
2020-10-06,2020100604001247,RLI,11,57,10,620.00,"6,200.00"
2020-10-06,2020100604001259,RLI,22,39,10,621.00,"6,210.00"
2020-10-06,2020100604001258,RLI,22,21,10,621.00,"6,210.00"
2020-10-06,2020100604001257,RLI,22,53,10,621.00,"6,210.00"
2020-10-06,2020100604001256,RLI,22,28,10,621.00,"6,210.00"
2020-10-06,2020100604001254,RLI,22,41,10,621.00,"6,210.00"
2020-10-06,2020100604001253,RLI,22,38,10,621.00,"6,210.00"
2020-10-06,2020100604001268,RLI,22,57,10,621.00,"6,210.00"
2020-10-06,2020100604001266,RLI,22,28,10,621.00,"6,210.00"
2020-10-06,2020100604001264,RLI,22,38,10,621.00,"6,210.00"
2020-10-06,2020100604001262,RLI,22,13,10,621.00,"6,210.00"
2020-10-06,2020100604001261,RLI,22,40,10,621.00,"6,210.00"
2020-10-06,2020100604001260,RLI,22,57,10,621.00,"6,210.00"
2020-10-06,2020100604001274,RLI,22,39,10,621.00,"6,210.00"
2020-10-06,2020100604001273,RLI,22,49,10,621.00,"6,210.00"
2020-10-06,2020100604001272,RLI,22,28,10,621.00,"6,210.00"
2020-10-06,2020100604001271,RLI,22,28,10,621.00,"6,210.00"
2020-10-06,2020100604001270,RLI,22,40,10,621.00,"6,210.00"
2020-10-06,2020100604001269,RLI,22,28,10,621.00,"6,210.00"
2020-10-06,2020100604001280,RLI,22,40,10,621.00,"6,210.00"
2020-10-06,2020100604001279,RLI,22,28,10,621.00,"6,210.00"
2020-10-06,2020100604001278,RLI,22,52,10,621.00,"6,210.00"
2020-10-06,2020100604001277,RLI,22,38,10,621.00,"6,210.00"
2020-10-06,2020100604001276,RLI,22,28,10,621.00,"6,210.00"
2020-10-06,2020100604001275,RLI,22,57,10,621.00,"6,210.00"
2020-10-06,2020100604001286,RLI,22,40,10,621.00,"6,210.00"
2020-10-06,2020100604001285,RLI,22,28,10,621.00,"6,210.00"
2020-10-06,2020100604001284,RLI,22,39,10,621.00,"6,210.00"
2020-10-06,2020100604001283,RLI,22,28,10,621.00,"6,210.00"
2020-10-06,2020100604001282,RLI,22,57,10,621.00,"6,210.00"
2020-10-06,2020100604001281,RLI,22,22,10,621.00,"6,210.00"
2020-10-06,2020100604001293,RLI,22,39,10,621.00,"6,210.00"
2020-10-06,2020100604001292,RLI,22,20,10,621.00,"6,210.00"
2020-10-06,2020100604001290,RLI,22,28,10,621.00,"6,210.00"
2020-10-06,2020100604001289,RLI,22,28,10,621.00,"6,210.00"
2020-10-06,2020100604001288,RLI,22,34,10,621.00,"6,210.00"
2020-10-06,2020100604001287,RLI,22,28,10,621.00,"6,210.00"
2020-10-06,2020100604001299,RLI,11,36,10,622.00,"6,220.00"
2020-10-06,2020100604001298,RLI,11,58,10,622.00,"6,220.00"
2020-10-06,2020100604001297,RLI,11,59,10,622.00,"6,220.00"
2020-10-06,2020100604001296,RLI,11,6,10,622.00,"6,220.00"
2020-10-06,2020100604001295,RLI,11,44,10,622.00,"6,220.00"
2020-10-06,2020100604001294,RLI,11,3,10,622.00,"6,220.00"
2020-10-06,2020100604001305,RLI,22,28,10,621.00,"6,210.00"
2020-10-06,2020100604001304,RLI,22,28,10,621.00,"6,210.00"
2020-10-06,2020100604001303,RLI,11,40,10,622.00,"6,220.00"
2020-10-06,2020100604001302,RLI,11,4,10,622.00,"6,220.00"
2020-10-06,2020100604001301,RLI,11,59,10,622.00,"6,220.00"
2020-10-06,2020100604001300,RLI,11,10,10,622.00,"6,220.00"
2020-10-06,2020100604001311,RLI,22,40,10,621.00,"6,210.00"
2020-10-06,2020100604001310,RLI,22,21,10,621.00,"6,210.00"
2020-10-06,2020100604001309,RLI,22,14,10,621.00,"6,210.00"
2020-10-06,2020100604001308,RLI,22,28,10,621.00,"6,210.00"
2020-10-06,2020100604001307,RLI,22,21,10,621.00,"6,210.00"
2020-10-06,2020100604001306,RLI,22,21,10,621.00,"6,210.00"
2020-10-06,2020100604001317,RLI,57,21,10,621.00,"6,210.00"
2020-10-06,2020100604001316,RLI,57,20,10,621.00,"6,210.00"
2020-10-06,2020100604001315,RLI,57,28,10,621.00,"6,210.00"
2020-10-06,2020100604001314,RLI,57,14,10,621.00,"6,210.00"
2020-10-06,2020100604001313,RLI,57,28,10,621.00,"6,210.00"
2020-10-06,2020100604001312,RLI,22,52,10,621.00,"6,210.00"
2020-10-06,2020100604001329,RLI,11,28,10,620.00,"6,200.00"
2020-10-06,2020100604001328,RLI,11,14,10,620.00,"6,200.00"
2020-10-06,2020100604001327,RLI,11,21,10,620.00,"6,200.00"
2020-10-06,2020100604001325,RLI,56,56,10,621.00,"6,210.00"
2020-10-06,2020100604001323,RLI,11,21,10,620.00,"6,200.00"
2020-10-06,2020100604001322,RLI,11,28,10,620.00,"6,200.00"
2020-10-06,2020100604001335,RLI,11,36,10,620.00,"6,200.00"
2020-10-06,2020100604001334,RLI,11,52,10,620.00,"6,200.00"
2020-10-06,2020100604001333,RLI,11,28,10,620.00,"6,200.00"
2020-10-06,2020100604001332,RLI,11,21,10,620.00,"6,200.00"
2020-10-06,2020100604001331,RLI,11,21,10,620.00,"6,200.00"
2020-10-06,2020100604001330,RLI,11,21,10,620.00,"6,200.00"
2020-10-06,2020100604001341,RLI,11,49,10,620.00,"6,200.00"
2020-10-06,2020100604001340,RLI,11,21,10,620.00,"6,200.00"
2020-10-06,2020100604001339,RLI,11,28,10,620.00,"6,200.00"
2020-10-06,2020100604001338,RLI,11,21,10,620.00,"6,200.00"
2020-10-06,2020100604001337,RLI,3,21,10,621.00,"6,210.00"
2020-10-06,2020100604001336,RLI,11,21,10,620.00,"6,200.00"
2020-10-06,2020100604001347,RLI,11,21,10,621.00,"6,210.00"
2020-10-06,2020100604001346,RLI,11,3,10,621.00,"6,210.00"
2020-10-06,2020100604001345,RLI,11,21,10,620.00,"6,200.00"
2020-10-06,2020100604001344,RLI,11,28,10,620.00,"6,200.00"
2020-10-06,2020100604001343,RLI,11,28,10,620.00,"6,200.00"
2020-10-06,2020100604001342,RLI,11,21,10,620.00,"6,200.00"
2020-10-06,2020100604001354,RLI,11,36,10,621.00,"6,210.00"
2020-10-06,2020100604001353,RLI,11,36,10,621.00,"6,210.00"
2020-10-06,2020100604001351,RLI,11,21,10,621.00,"6,210.00"
2020-10-06,2020100604001350,RLI,11,34,10,621.00,"6,210.00"
2020-10-06,2020100604001349,RLI,11,28,10,621.00,"6,210.00"
2020-10-06,2020100604001348,RLI,11,28,10,621.00,"6,210.00"
2020-10-06,2020100604001360,RLI,43,21,10,620.00,"6,200.00"
2020-10-06,2020100604001359,RLI,11,56,10,620.00,"6,200.00"
2020-10-06,2020100604001358,RLI,11,28,10,620.00,"6,200.00"
2020-10-06,2020100604001357,RLI,42,21,10,621.00,"6,210.00"
2020-10-06,2020100604001356,RLI,11,21,10,621.00,"6,210.00"
2020-10-06,2020100604001355,RLI,11,52,10,621.00,"6,210.00"
2020-10-06,2020100604001373,RLI,43,28,10,620.00,"6,200.00"
2020-10-06,2020100604001372,RLI,43,59,10,620.00,"6,200.00"
2020-10-06,2020100604001371,RLI,43,21,10,620.00,"6,200.00"
2020-10-06,2020100604001370,RLI,43,36,10,620.00,"6,200.00"
2020-10-06,2020100604001366,RLI,43,21,10,620.00,"6,200.00"
2020-10-06,2020100604001365,RLI,43,28,10,620.00,"6,200.00"
2020-10-06,2020100604001379,RLI,43,59,10,620.00,"6,200.00"
2020-10-06,2020100604001378,RLI,43,21,10,620.00,"6,200.00"
2020-10-06,2020100604001377,RLI,43,28,10,620.00,"6,200.00"
2020-10-06,2020100604001376,RLI,43,52,10,620.00,"6,200.00"
2020-10-06,2020100604001375,RLI,43,58,10,620.00,"6,200.00"
2020-10-06,2020100604001374,RLI,43,11,10,620.00,"6,200.00"
2020-10-06,2020100604001386,RLI,25,59,10,620.00,"6,200.00"
2020-10-06,2020100604001385,RLI,25,21,10,620.00,"6,200.00"
2020-10-06,2020100604001383,RLI,25,48,10,620.00,"6,200.00"
2020-10-06,2020100604001382,RLI,25,45,10,620.00,"6,200.00"
2020-10-06,2020100604001381,RLI,43,28,10,620.00,"6,200.00"
2020-10-06,2020100604001380,RLI,43,58,10,620.00,"6,200.00"
2020-10-06,2020100604001392,RLI,25,21,10,620.00,"6,200.00"
2020-10-06,2020100604001391,RLI,25,59,10,620.00,"6,200.00"
2020-10-06,2020100604001390,RLI,25,34,10,620.00,"6,200.00"
2020-10-06,2020100604001389,RLI,25,21,10,620.00,"6,200.00"
2020-10-06,2020100604001388,RLI,25,28,10,620.00,"6,200.00"
2020-10-06,2020100604001387,RLI,25,21,10,620.00,"6,200.00"
2020-10-06,2020100604001398,RLI,25,28,10,620.00,"6,200.00"
2020-10-06,2020100604001397,RLI,25,21,10,620.00,"6,200.00"
2020-10-06,2020100604001396,RLI,25,59,10,620.00,"6,200.00"
2020-10-06,2020100604001395,RLI,25,21,10,620.00,"6,200.00"
2020-10-06,2020100604001394,RLI,25,28,10,620.00,"6,200.00"
2020-10-06,2020100604001393,RLI,25,28,10,620.00,"6,200.00"
2020-10-06,2020100604001404,RLI,25,36,10,620.00,"6,200.00"
2020-10-06,2020100604001403,RLI,25,21,10,620.00,"6,200.00"
2020-10-06,2020100604001402,RLI,25,28,10,620.00,"6,200.00"
2020-10-06,2020100604001401,RLI,25,28,10,620.00,"6,200.00"
2020-10-06,2020100604001400,RLI,25,21,10,620.00,"6,200.00"
2020-10-06,2020100604001399,RLI,25,49,10,620.00,"6,200.00"
2020-10-06,2020100604001414,RLI,25,59,10,620.00,"6,200.00"
2020-10-06,2020100604001412,RLI,25,28,10,620.00,"6,200.00"
2020-10-06,2020100604001411,RLI,25,28,10,620.00,"6,200.00"
2020-10-06,2020100604001407,RLI,25,48,10,620.00,"6,200.00"
2020-10-06,2020100604001406,RLI,25,28,10,620.00,"6,200.00"
2020-10-06,2020100604001405,RLI,25,59,10,620.00,"6,200.00"
2020-10-06,2020100604001421,RLI,57,28,10,620.00,"6,200.00"
2020-10-06,2020100604001420,RLI,44,39,10,620.00,"6,200.00"
2020-10-06,2020100604001419,RLI,44,40,10,620.00,"6,200.00"
2020-10-06,2020100604001418,RLI,44,52,10,620.00,"6,200.00"
2020-10-06,2020100604001417,RLI,25,21,10,620.00,"6,200.00"
2020-10-06,2020100604001415,RLI,25,57,10,620.00,"6,200.00"
2020-10-06,2020100604001427,RLI,57,28,10,620.00,"6,200.00"
2020-10-06,2020100604001426,RLI,57,59,10,620.00,"6,200.00"
2020-10-06,2020100604001425,RLI,57,21,10,620.00,"6,200.00"
2020-10-06,2020100604001424,RLI,57,28,10,620.00,"6,200.00"
2020-10-06,2020100604001423,RLI,57,28,10,620.00,"6,200.00"
2020-10-06,2020100604001422,RLI,57,21,10,620.00,"6,200.00"
2020-10-06,2020100604001433,RLI,36,28,10,620.00,"6,200.00"
2020-10-06,2020100604001432,RLI,36,28,10,620.00,"6,200.00"
2020-10-06,2020100604001431,RLI,42,36,10,620.00,"6,200.00"
2020-10-06,2020100604001430,RLI,42,21,10,620.00,"6,200.00"
2020-10-06,2020100604001429,RLI,57,28,10,620.00,"6,200.00"
2020-10-06,2020100604001428,RLI,57,21,10,620.00,"6,200.00"
2020-10-06,2020100604001439,RLI,36,28,10,620.00,"6,200.00"
2020-10-06,2020100604001438,RLI,36,47,10,620.00,"6,200.00"
2020-10-06,2020100604001437,RLI,36,29,10,620.00,"6,200.00"
2020-10-06,2020100604001436,RLI,36,39,10,620.00,"6,200.00"
2020-10-06,2020100604001435,RLI,36,59,10,620.00,"6,200.00"
2020-10-06,2020100604001434,RLI,36,21,10,620.00,"6,200.00"
2020-10-06,2020100604001445,RLI,6,36,10,620.00,"6,200.00"
2020-10-06,2020100604001444,RLI,6,21,10,620.00,"6,200.00"
2020-10-06,2020100604001443,RLI,6,28,10,620.00,"6,200.00"
2020-10-06,2020100604001442,RLI,6,52,10,620.00,"6,200.00"
2020-10-06,2020100604001441,RLI,36,28,10,620.00,"6,200.00"
2020-10-06,2020100604001440,RLI,36,21,10,620.00,"6,200.00"
2020-10-06,2020100604001452,RLI,6,22,10,620.00,"6,200.00"
2020-10-06,2020100604001450,RLI,6,21,10,620.00,"6,200.00"
2020-10-06,2020100604001449,RLI,6,36,10,620.00,"6,200.00"
2020-10-06,2020100604001448,RLI,6,21,10,620.00,"6,200.00"
2020-10-06,2020100604001447,RLI,6,58,10,620.00,"6,200.00"
2020-10-06,2020100604001446,RLI,6,21,10,620.00,"6,200.00"
2020-10-06,2020100604001460,RLI,6,21,10,620.00,"6,200.00"
2020-10-06,2020100604001459,RLI,6,28,10,620.00,"6,200.00"
2020-10-06,2020100604001458,RLI,6,36,10,620.00,"6,200.00"
2020-10-06,2020100604001457,RLI,6,21,10,620.00,"6,200.00"
2020-10-06,2020100604001456,RLI,6,28,10,620.00,"6,200.00"
2020-10-06,2020100604001455,RLI,6,21,10,620.00,"6,200.00"
2020-10-06,2020100604001466,RLI,13,21,10,620.00,"6,200.00"
2020-10-06,2020100604001465,RLI,36,28,10,620.00,"6,200.00"
2020-10-06,2020100604001464,RLI,6,38,10,620.00,"6,200.00"
2020-10-06,2020100604001463,RLI,6,1,10,620.00,"6,200.00"
2020-10-06,2020100604001462,RLI,6,21,10,620.00,"6,200.00"
2020-10-06,2020100604001461,RLI,6,28,10,620.00,"6,200.00"
2020-10-06,2020100604001472,RLI,1,1,10,622.00,"6,220.00"
2020-10-06,2020100604001471,RLI,1,16,10,621.00,"6,210.00"
2020-10-06,2020100604001470,RLI,1,51,10,621.00,"6,210.00"
2020-10-06,2020100604001469,RLI,28,28,10,620.00,"6,200.00"
2020-10-06,2020100604001468,RLI,28,28,10,620.00,"6,200.00"
2020-10-06,2020100604001467,RLI,13,28,10,620.00,"6,200.00"
2020-10-06,2020100604001478,RLI,1,1,10,622.00,"6,220.00"
2020-10-06,2020100604001477,RLI,1,1,10,622.00,"6,220.00"
2020-10-06,2020100604001476,RLI,1,11,10,622.00,"6,220.00"
2020-10-06,2020100604001475,RLI,1,1,10,622.00,"6,220.00"
2020-10-06,2020100604001474,RLI,1,1,10,622.00,"6,220.00"
2020-10-06,2020100604001473,RLI,1,1,10,622.00,"6,220.00"
2020-10-06,2020100604001484,RLI,1,1,10,622.00,"6,220.00"
2020-10-06,2020100604001483,RLI,1,1,10,622.00,"6,220.00"
2020-10-06,2020100604001482,RLI,1,1,10,622.00,"6,220.00"
2020-10-06,2020100604001481,RLI,1,1,10,622.00,"6,220.00"
2020-10-06,2020100604001480,RLI,1,34,10,622.00,"6,220.00"
2020-10-06,2020100604001479,RLI,1,1,10,622.00,"6,220.00"
2020-10-06,2020100604001490,RLI,1,1,10,622.00,"6,220.00"
2020-10-06,2020100604001489,RLI,1,1,10,622.00,"6,220.00"
2020-10-06,2020100604001488,RLI,1,1,10,622.00,"6,220.00"
2020-10-06,2020100604001487,RLI,1,6,10,622.00,"6,220.00"
2020-10-06,2020100604001486,RLI,1,59,10,622.00,"6,220.00"
2020-10-06,2020100604001485,RLI,1,45,10,622.00,"6,220.00"
2020-10-06,2020100604001497,RLI,28,58,10,620.00,"6,200.00"
2020-10-06,2020100604001496,RLI,28,1,10,620.00,"6,200.00"
2020-10-06,2020100604001495,RLI,28,21,10,620.00,"6,200.00"
2020-10-06,2020100604001493,RLI,1,1,10,622.00,"6,220.00"
2020-10-06,2020100604001492,RLI,1,1,10,622.00,"6,220.00"
2020-10-06,2020100604001491,RLI,1,1,10,622.00,"6,220.00"
2020-10-06,2020100604001504,RLI,39,38,10,620.00,"6,200.00"
2020-10-06,2020100604001503,RLI,39,38,10,620.00,"6,200.00"
2020-10-06,2020100604001502,RLI,39,28,10,620.00,"6,200.00"
2020-10-06,2020100604001500,RLI,39,36,10,620.00,"6,200.00"
2020-10-06,2020100604001499,RLI,39,28,10,620.00,"6,200.00"
2020-10-06,2020100604001498,RLI,39,28,10,620.00,"6,200.00"
2020-10-06,2020100604001510,RLI,39,21,10,620.00,"6,200.00"
2020-10-06,2020100604001509,RLI,39,28,10,620.00,"6,200.00"
2020-10-06,2020100604001508,RLI,39,21,10,620.00,"6,200.00"
2020-10-06,2020100604001507,RLI,39,16,10,620.00,"6,200.00"
2020-10-06,2020100604001506,RLI,39,28,10,620.00,"6,200.00"
2020-10-06,2020100604001505,RLI,39,49,10,620.00,"6,200.00"
2020-10-06,2020100604001516,RLI,39,1,10,620.00,"6,200.00"
2020-10-06,2020100604001515,RLI,39,34,10,620.00,"6,200.00"
2020-10-06,2020100604001514,RLI,39,21,10,620.00,"6,200.00"
2020-10-06,2020100604001513,RLI,39,21,10,620.00,"6,200.00"
2020-10-06,2020100604001512,RLI,39,28,10,620.00,"6,200.00"
2020-10-06,2020100604001511,RLI,39,32,10,620.00,"6,200.00"
2020-10-06,2020100604001524,RLI,34,41,310,620.00,"192,200.00"
2020-10-06,2020100604001523,RLI,44,41,90,620.00,"55,800.00"
2020-10-06,2020100604001522,RLI,34,21,10,620.00,"6,200.00"
2020-10-06,2020100604001521,RLI,14,57,10,620.00,"6,200.00"
2020-10-06,2020100604001518,RLI,39,28,10,620.00,"6,200.00"
2020-10-06,2020100604001517,RLI,39,21,10,620.00,"6,200.00"
2020-10-06,2020100604001531,RLI,34,28,10,620.00,"6,200.00"
2020-10-06,2020100604001530,RLI,34,21,10,620.00,"6,200.00"
2020-10-06,2020100604001529,RLI,34,28,10,620.00,"6,200.00"
2020-10-06,2020100604001528,RLI,34,21,10,620.00,"6,200.00"
2020-10-06,2020100604001527,RLI,34,21,10,620.00,"6,200.00"
2020-10-06,2020100604001525,RLI,34,11,10,620.00,"6,200.00"
2020-10-06,2020100604001541,RLI,34,38,10,620.00,"6,200.00"
2020-10-06,2020100604001540,RLI,34,21,10,620.00,"6,200.00"
2020-10-06,2020100604001535,RLI,34,28,10,620.00,"6,200.00"
2020-10-06,2020100604001534,RLI,34,21,10,620.00,"6,200.00"
2020-10-06,2020100604001533,RLI,34,21,10,620.00,"6,200.00"
2020-10-06,2020100604001532,RLI,34,34,10,620.00,"6,200.00"
2020-10-06,2020100604001548,RLI,34,1,10,620.00,"6,200.00"
2020-10-06,2020100604001547,RLI,34,38,10,620.00,"6,200.00"
2020-10-06,2020100604001546,RLI,34,38,10,620.00,"6,200.00"
2020-10-06,2020100604001545,RLI,34,33,10,620.00,"6,200.00"
2020-10-06,2020100604001543,RLI,34,38,10,620.00,"6,200.00"
2020-10-06,2020100604001542,RLI,34,1,10,620.00,"6,200.00"
2020-10-06,2020100604001555,RLI,34,1,10,620.00,"6,200.00"
2020-10-06,2020100604001554,RLI,34,21,10,620.00,"6,200.00"
2020-10-06,2020100604001553,RLI,34,33,10,620.00,"6,200.00"
2020-10-06,2020100604001551,RLI,34,21,10,620.00,"6,200.00"
2020-10-06,2020100604001550,RLI,34,33,10,620.00,"6,200.00"
2020-10-06,2020100604001549,RLI,34,28,10,620.00,"6,200.00"
2020-10-06,2020100604001561,RLI,34,1,10,620.00,"6,200.00"
2020-10-06,2020100604001560,RLI,34,28,10,620.00,"6,200.00"
2020-10-06,2020100604001559,RLI,34,21,10,620.00,"6,200.00"
2020-10-06,2020100604001558,RLI,34,21,10,620.00,"6,200.00"
2020-10-06,2020100604001557,RLI,34,1,10,620.00,"6,200.00"
2020-10-06,2020100604001556,RLI,34,28,10,620.00,"6,200.00"
2020-10-06,2020100604001567,RLI,34,28,10,620.00,"6,200.00"
2020-10-06,2020100604001566,RLI,34,16,10,620.00,"6,200.00"
2020-10-06,2020100604001565,RLI,34,34,10,620.00,"6,200.00"
2020-10-06,2020100604001564,RLI,34,28,10,620.00,"6,200.00"
2020-10-06,2020100604001563,RLI,34,3,10,620.00,"6,200.00"
2020-10-06,2020100604001562,RLI,34,28,10,620.00,"6,200.00"
2020-10-06,2020100604001574,RLI,34,16,10,620.00,"6,200.00"
2020-10-06,2020100604001572,RLI,34,1,10,620.00,"6,200.00"
2020-10-06,2020100604001571,RLI,34,39,10,620.00,"6,200.00"
2020-10-06,2020100604001570,RLI,34,22,10,620.00,"6,200.00"
2020-10-06,2020100604001569,RLI,34,34,10,620.00,"6,200.00"
2020-10-06,2020100604001568,RLI,34,28,10,620.00,"6,200.00"
2020-10-06,2020100604001580,RLI,44,51,10,621.00,"6,210.00"
2020-10-06,2020100604001579,RLI,44,51,10,621.00,"6,210.00"
2020-10-06,2020100604001578,RLI,44,51,10,621.00,"6,210.00"
2020-10-06,2020100604001577,RLI,44,51,10,621.00,"6,210.00"
2020-10-06,2020100604001576,RLI,34,21,10,620.00,"6,200.00"
2020-10-06,2020100604001575,RLI,34,13,10,620.00,"6,200.00"
2020-10-06,2020100604001586,RLI,44,51,10,621.00,"6,210.00"
2020-10-06,2020100604001585,RLI,44,51,10,621.00,"6,210.00"
2020-10-06,2020100604001584,RLI,44,51,10,621.00,"6,210.00"
2020-10-06,2020100604001583,RLI,44,51,10,621.00,"6,210.00"
2020-10-06,2020100604001582,RLI,44,51,10,621.00,"6,210.00"
2020-10-06,2020100604001581,RLI,44,51,10,621.00,"6,210.00"
2020-10-06,2020100604001593,RLI,34,59,10,620.00,"6,200.00"
2020-10-06,2020100604001592,RLI,34,28,10,620.00,"6,200.00"
2020-10-06,2020100604001591,RLI,43,51,10,621.00,"6,210.00"
2020-10-06,2020100604001590,RLI,34,47,10,620.00,"6,200.00"
2020-10-06,2020100604001589,RLI,34,28,10,620.00,"6,200.00"
2020-10-06,2020100604001588,RLI,34,53,10,620.00,"6,200.00"
2020-10-06,2020100604001599,RLI,34,7,10,620.00,"6,200.00"
2020-10-06,2020100604001598,RLI,34,59,10,620.00,"6,200.00"
2020-10-06,2020100604001597,RLI,34,48,500,620.00,"310,000.00"
2020-10-06,2020100604001596,RLI,34,4,10,620.00,"6,200.00"
2020-10-06,2020100604001595,RLI,34,21,10,620.00,"6,200.00"
2020-10-06,2020100604001594,RLI,34,28,10,620.00,"6,200.00"
2020-10-06,2020100604001605,RLI,55,51,10,621.00,"6,210.00"
2020-10-06,2020100604001604,RLI,55,51,10,621.00,"6,210.00"
2020-10-06,2020100604001603,RLI,34,34,10,620.00,"6,200.00"
2020-10-06,2020100604001602,RLI,34,28,10,620.00,"6,200.00"
2020-10-06,2020100604001601,RLI,34,28,10,620.00,"6,200.00"
2020-10-06,2020100604001600,RLI,34,21,10,620.00,"6,200.00"
2020-10-06,2020100604001611,RLI,55,51,10,621.00,"6,210.00"
2020-10-06,2020100604001610,RLI,55,51,10,621.00,"6,210.00"
2020-10-06,2020100604001609,RLI,55,51,10,621.00,"6,210.00"
2020-10-06,2020100604001608,RLI,55,51,10,621.00,"6,210.00"
2020-10-06,2020100604001607,RLI,55,51,10,621.00,"6,210.00"
2020-10-06,2020100604001606,RLI,55,51,10,621.00,"6,210.00"
2020-10-06,2020100604001619,RLI,34,57,10,620.00,"6,200.00"
2020-10-06,2020100604001618,RLI,34,59,10,620.00,"6,200.00"
2020-10-06,2020100604001615,RLI,34,56,10,620.00,"6,200.00"
2020-10-06,2020100604001614,RLI,34,28,10,620.00,"6,200.00"
2020-10-06,2020100604001613,RLI,55,14,10,621.00,"6,210.00"
2020-10-06,2020100604001612,RLI,55,34,10,621.00,"6,210.00"
2020-10-06,2020100604001625,RLI,39,42,10,621.00,"6,210.00"
2020-10-06,2020100604001624,RLI,39,28,10,621.00,"6,210.00"
2020-10-06,2020100604001623,RLI,39,19,10,621.00,"6,210.00"
2020-10-06,2020100604001622,RLI,39,28,10,621.00,"6,210.00"
2020-10-06,2020100604001621,RLI,34,28,10,620.00,"6,200.00"
2020-10-06,2020100604001620,RLI,34,41,10,620.00,"6,200.00"
2020-10-06,2020100604001632,RLI,39,42,10,621.00,"6,210.00"
2020-10-06,2020100604001631,RLI,39,7,10,621.00,"6,210.00"
2020-10-06,2020100604001630,RLI,39,28,10,621.00,"6,210.00"
2020-10-06,2020100604001628,RLI,39,19,10,621.00,"6,210.00"
2020-10-06,2020100604001627,RLI,39,38,10,621.00,"6,210.00"
2020-10-06,2020100604001626,RLI,39,28,10,621.00,"6,210.00"
2020-10-06,2020100604001648,RLI,39,58,10,621.00,"6,210.00"
2020-10-06,2020100604001639,RLI,39,28,10,621.00,"6,210.00"
2020-10-06,2020100604001636,RLI,39,58,10,621.00,"6,210.00"
2020-10-06,2020100604001635,RLI,39,7,10,621.00,"6,210.00"
2020-10-06,2020100604001634,RLI,39,28,10,621.00,"6,210.00"
2020-10-06,2020100604001633,RLI,39,28,10,621.00,"6,210.00"
2020-10-06,2020100604001657,RLI,39,28,10,621.00,"6,210.00"
2020-10-06,2020100604001656,RLI,39,34,10,621.00,"6,210.00"
2020-10-06,2020100604001654,RLI,39,34,10,621.00,"6,210.00"
2020-10-06,2020100604001653,RLI,39,34,10,621.00,"6,210.00"
2020-10-06,2020100604001650,RLI,39,46,10,621.00,"6,210.00"
2020-10-06,2020100604001649,RLI,39,28,10,621.00,"6,210.00"
2020-10-06,2020100604001663,RLI,39,39,10,621.00,"6,210.00"
2020-10-06,2020100604001662,RLI,39,13,10,621.00,"6,210.00"
2020-10-06,2020100604001661,RLI,39,34,10,621.00,"6,210.00"
2020-10-06,2020100604001660,RLI,39,34,10,621.00,"6,210.00"
2020-10-06,2020100604001659,RLI,39,37,10,621.00,"6,210.00"
2020-10-06,2020100604001658,RLI,39,22,10,621.00,"6,210.00"
2020-10-06,2020100604001670,RLI,57,34,10,621.00,"6,210.00"
2020-10-06,2020100604001669,RLI,57,37,10,621.00,"6,210.00"
2020-10-06,2020100604001668,RLI,57,46,10,621.00,"6,210.00"
2020-10-06,2020100604001667,RLI,57,44,10,621.00,"6,210.00"
2020-10-06,2020100604001666,RLI,39,34,10,621.00,"6,210.00"
2020-10-06,2020100604001664,RLI,39,34,10,621.00,"6,210.00"
2020-10-06,2020100604001676,RLI,34,28,10,621.00,"6,210.00"
2020-10-06,2020100604001675,RLI,34,34,10,621.00,"6,210.00"
2020-10-06,2020100604001674,RLI,34,28,10,621.00,"6,210.00"
2020-10-06,2020100604001673,RLI,3,11,10,622.00,"6,220.00"
2020-10-06,2020100604001672,RLI,34,3,10,621.00,"6,210.00"
2020-10-06,2020100604001671,RLI,57,21,10,621.00,"6,210.00"
2020-10-06,2020100604001683,RLI,34,28,10,620.00,"6,200.00"
2020-10-06,2020100604001682,RLI,34,52,10,620.00,"6,200.00"
2020-10-06,2020100604001680,RLI,34,28,10,620.00,"6,200.00"
2020-10-06,2020100604001679,RLI,34,44,10,621.00,"6,210.00"
2020-10-06,2020100604001678,RLI,34,28,10,621.00,"6,210.00"
2020-10-06,2020100604001677,RLI,34,52,10,621.00,"6,210.00"
2020-10-06,2020100604001689,RLI,1,8,10,620.00,"6,200.00"
2020-10-06,2020100604001688,RLI,1,8,10,620.00,"6,200.00"
2020-10-06,2020100604001687,RLI,1,28,10,620.00,"6,200.00"
2020-10-06,2020100604001686,RLI,1,28,10,620.00,"6,200.00"
2020-10-06,2020100604001685,RLI,34,28,10,620.00,"6,200.00"
2020-10-06,2020100604001684,RLI,42,52,10,621.00,"6,210.00"
2020-10-06,2020100604001696,RLI,56,7,10,620.00,"6,200.00"
2020-10-06,2020100604001694,RLI,40,44,10,621.00,"6,210.00"
2020-10-06,2020100604001693,RLI,40,11,10,621.00,"6,210.00"
2020-10-06,2020100604001692,RLI,56,52,10,620.00,"6,200.00"
2020-10-06,2020100604001691,RLI,56,8,10,620.00,"6,200.00"
2020-10-06,2020100604001690,RLI,1,40,10,620.00,"6,200.00"
2020-10-06,2020100604001707,RLI,56,46,10,620.00,"6,200.00"
2020-10-06,2020100604001705,RLI,56,34,10,620.00,"6,200.00"
2020-10-06,2020100604001704,RLI,56,34,10,620.00,"6,200.00"
2020-10-06,2020100604001700,RLI,56,44,10,620.00,"6,200.00"
2020-10-06,2020100604001698,RLI,56,14,10,620.00,"6,200.00"
2020-10-06,2020100604001697,RLI,56,37,10,620.00,"6,200.00"
2020-10-06,2020100604001714,RLI,41,37,10,620.00,"6,200.00"
2020-10-06,2020100604001713,RLI,41,17,10,620.00,"6,200.00"
2020-10-06,2020100604001711,RLI,41,42,10,620.00,"6,200.00"
2020-10-06,2020100604001710,RLI,41,41,10,620.00,"6,200.00"
2020-10-06,2020100604001709,RLI,41,46,10,620.00,"6,200.00"
2020-10-06,2020100604001708,RLI,56,56,10,620.00,"6,200.00"
2020-10-06,2020100604001720,RLI,8,34,50,620.00,"31,000.00"
2020-10-06,2020100604001719,RLI,51,34,20,620.00,"12,400.00"
2020-10-06,2020100604001718,RLI,41,34,430,620.00,"266,600.00"
2020-10-06,2020100604001717,RLI,49,54,10,621.00,"6,210.00"
2020-10-06,2020100604001716,RLI,41,42,10,620.00,"6,200.00"
2020-10-06,2020100604001715,RLI,41,46,10,620.00,"6,200.00"
2020-10-06,2020100604001726,RLI,49,34,50,620.00,"31,000.00"
2020-10-06,2020100604001725,RLI,49,34,50,620.00,"31,000.00"
2020-10-06,2020100604001724,RLI,6,34,20,620.00,"12,400.00"
2020-10-06,2020100604001723,RLI,47,34,20,620.00,"12,400.00"
2020-10-06,2020100604001722,RLI,38,34,150,620.00,"93,000.00"
2020-10-06,2020100604001721,RLI,57,34,20,620.00,"12,400.00"
2020-10-06,2020100604001732,RLI,17,59,10,620.00,"6,200.00"
2020-10-06,2020100604001731,RLI,17,42,10,620.00,"6,200.00"
2020-10-06,2020100604001730,RLI,39,50,10,621.00,"6,210.00"
2020-10-06,2020100604001729,RLI,8,59,10,620.00,"6,200.00"
2020-10-06,2020100604001728,RLI,8,33,10,620.00,"6,200.00"
2020-10-06,2020100604001727,RLI,52,34,190,620.00,"117,800.00"
2020-10-06,2020100604001738,RLI,16,59,10,620.00,"6,200.00"
2020-10-06,2020100604001737,RLI,16,42,10,620.00,"6,200.00"
2020-10-06,2020100604001736,RLI,16,59,10,620.00,"6,200.00"
2020-10-06,2020100604001735,RLI,16,22,10,620.00,"6,200.00"
2020-10-06,2020100604001734,RLI,16,33,10,620.00,"6,200.00"
2020-10-06,2020100604001733,RLI,16,58,10,620.00,"6,200.00"
2020-10-06,2020100604001699,SAEF,33,41,"1,000",10.23,"10,230.00"
2020-10-06,2020100604001695,SAEF,33,41,"8,500",10.23,"86,955.00"
2020-10-06,2020100604001665,SAEF,33,39,500,10.23,"5,115.00"
2020-10-06,2020100604001617,SAEF,47,39,400,10.26,"4,104.00"
2020-10-06,2020100604001616,SAEF,47,22,"19,500",10.26,"200,070.00"
2020-10-06,2020100604001544,SAEF,33,10,"1,000",10.23,"10,230.00"
2020-10-06,2020100604001520,SAEF,33,7,"2,500",10.25,"25,625.00"
2020-10-06,2020100604001519,SAEF,33,58,"4,500",10.25,"46,125.00"
2020-10-06,2020100604001267,SAEF,38,44,"1,700",10.22,"17,374.00"
2020-10-06,2020100604001255,SAEF,49,19,"1,000",10.21,"10,210.00"
2020-10-06,2020100604001681,SEF,34,39,500,9.22,"4,610.00"
2020-10-06,2020100604001454,SEF,34,8,"55,500",9.38,"520,590.00"
2020-10-06,2020100604001453,SEF,34,8,"9,500",9.38,"89,110.00"
2020-10-06,2020100604001413,SEF,34,14,500,9.38,"4,690.00"
2020-10-06,2020100604001291,SEF,34,22,"7,500",9.45,"70,875.00"
2020-10-06,2020100604001265,SEF,34,19,500,9.38,"4,690.00"
2020-10-06,2020100604001638,SFMF,34,35,500,9.50,"4,750.00"
2020-10-06,2020100604001637,SFMF,34,57,300,9.50,"2,850.00"
2020-10-06,2020100604001352,SFMF,42,57,200,9.50,"1,900.00"
2020-10-06,2020100604001416,STC,45,7,10,"3,495.00","34,950.00"
2020-10-06,2020100604001321,STC,21,19,10,"3,450.00","34,500.00"
2020-10-06,2020100604001320,STC,34,19,100,"3,450.00","345,000.00"
2020-10-06,2020100604001319,STC,26,19,30,"3,455.00","103,650.00"
2020-10-06,2020100604001318,STC,18,19,38,"3,460.00","131,480.00"
2020-10-06,2020100604001049,CMF1,43,52,700,9.60,"6,720.00"
2020-10-06,2020100604001048,GIMES1,56,36,"2,000",9.37,"18,740.00"
2020-10-06,2020100604001190,LEMF,34,42,"1,100",9.00,"9,900.00"
2020-10-06,2020100604001189,LEMF,34,52,500,9.00,"4,500.00"
2020-10-06,2020100604001188,LEMF,34,42,"2,000",9.00,"18,000.00"
2020-10-06,2020100604001187,LEMF,34,36,500,8.90,"4,450.00"
2020-10-06,2020100604001164,LUK,48,45,500,8.78,"4,390.00"
2020-10-06,2020100604001007,LUK,7,45,200,8.78,"1,756.00"
2020-10-06,2020100604001231,NBF2,5,35,500,9.07,"4,535.00"
2020-10-06,2020100604001230,NBF2,5,58,500,9.07,"4,535.00"
2020-10-06,2020100604001229,NBF2,5,26,"1,000",9.07,"9,070.00"
2020-10-06,2020100604001228,NBF2,5,43,"1,000",9.05,"9,050.00"
2020-10-06,2020100604001227,NBF2,5,10,"2,000",9.05,"18,100.00"
2020-10-06,2020100604001226,NBF2,5,58,600,9.01,"5,406.00"
2020-10-06,2020100604000767,NBF2,34,51,100,8.90,890.00
2020-10-06,2020100604001191,NBF2,34,42,200,8.90,"1,780.00"
2020-10-06,2020100604000926,NBF2,34,13,200,8.90,"1,780.00"
2020-10-06,2020100604001242,NEF,34,19,"1,448",8.80,"12,742.40"
2020-10-06,2020100604001234,NEF,8,45,897,8.81,"7,902.57"
2020-10-06,2020100604001186,NEF,19,45,"1,517",8.81,"13,364.77"
2020-10-06,2020100604001185,NEF,19,29,483,8.81,"4,255.23"
2020-10-06,2020100604001040,NEF,34,11,110,8.80,968.00
2020-10-06,2020100604001031,NEF,8,11,"1,017",8.81,"8,959.77"
2020-10-06,2020100604000879,NEF,50,35,"2,000",8.81,"17,620.00"
2020-10-06,2020100604000878,NEF,50,35,"2,846",8.82,"25,101.72"
2020-10-06,2020100604000877,NEF,47,35,500,8.85,"4,425.00"
2020-10-06,2020100604001021,NEF,8,29,483,8.81,"4,255.23"
2020-10-06,2020100604000925,NEF,34,32,966,8.80,"8,500.80"
2020-10-06,2020100604000905,NEF,34,35,"6,758",8.80,"59,470.40"
2020-10-06,2020100604000894,NEF,36,7,242,8.97,"2,170.74"
2020-10-06,2020100604000881,NEF,36,36,241,8.90,"2,144.90"
2020-10-06,2020100604000880,NEF,34,35,"1,412",8.80,"12,425.60"
2020-10-06,2020100604000972,NIBLPF,34,45,"2,175",9.02,"19,618.50"
2020-10-06,2020100604000959,NIBLPF,34,35,100,9.02,902.00
2020-10-06,2020100604000934,NIBLPF,34,58,200,9.02,"1,804.00"
2020-10-06,2020100604001139,NIBPO,4,4,6,353.00,"2,118.00"
2020-10-06,2020100604001009,NIBPO,4,4,6,353.00,"2,118.00"
2020-10-06,2020100604000783,NIBPO,55,6,500,360.00,"180,000.00"
2020-10-06,2020100604000782,NIBPO,11,6,100,360.00,"36,000.00"
2020-10-06,2020100604000781,NIBPO,8,6,500,361.00,"180,500.00"
2020-10-06,2020100604000978,NIBSF1,51,17,100,9.75,975.00
2020-10-06,2020100604000977,NIBSF1,17,17,"4,900",9.76,"47,824.00"
2020-10-06,2020100604000937,NIBSF1,17,58,100,9.76,976.00
2020-10-06,2020100604000890,NIBSF1,56,28,"5,000",9.77,"48,850.00"
2020-10-06,2020100604001206,NICBF,45,42,100,8.82,882.00
2020-10-06,2020100604000938,NICBF,49,13,100,8.81,881.00
2020-10-06,2020100604001217,NMB50,49,42,100,9.15,915.00
2020-10-06,2020100604000908,NMBHF1,11,32,832,9.32,"7,754.24"
2020-10-06,2020100604000901,NMBHF1,34,29,"1,664",9.29,"15,458.56"
2020-10-06,2020100604000885,NMBHF1,8,35,"1,489",9.30,"13,847.70"
2020-10-06,2020100604000884,NMBHF1,34,32,832,9.29,"7,729.28"
2020-10-06,2020100604000872,NMBHF1,51,35,"5,000",9.30,"46,500.00"
2020-10-06,2020100604000871,NMBHF1,45,35,"5,000",9.30,"46,500.00"
2020-10-06,2020100604000870,NMBHF1,13,35,668,9.31,"6,219.08"
2020-10-06,2020100604000869,NMBHF1,34,35,462,9.32,"4,305.84"
2020-10-06,2020100604000779,NMBHF1,34,32,832,9.32,"7,754.24"
2020-10-06,2020100604000762,NMBHF1,13,32,832,9.31,"7,745.92"
2020-10-06,2020100604001244,RLI,11,58,10,620.00,"6,200.00"
2020-10-06,2020100604001243,RLI,11,38,10,620.00,"6,200.00"
2020-10-06,2020100604001241,RLI,11,39,10,620.00,"6,200.00"
2020-10-06,2020100604001240,RLI,11,52,10,620.00,"6,200.00"
2020-10-06,2020100604001239,RLI,11,38,10,620.00,"6,200.00"
2020-10-06,2020100604001238,RLI,11,21,10,620.00,"6,200.00"
2020-10-06,2020100604000745,RLI,1,34,10,622.00,"6,220.00"
2020-10-06,2020100604000751,RLI,1,36,20,622.00,"12,440.00"
2020-10-06,2020100604000750,RLI,1,36,10,622.00,"6,220.00"
2020-10-06,2020100604000749,RLI,1,59,10,622.00,"6,220.00"
2020-10-06,2020100604000748,RLI,1,26,10,622.00,"6,220.00"
2020-10-06,2020100604000747,RLI,1,28,10,622.00,"6,220.00"
2020-10-06,2020100604000746,RLI,1,38,10,622.00,"6,220.00"
2020-10-06,2020100604000757,RLI,1,56,10,622.00,"6,220.00"
2020-10-06,2020100604000756,RLI,1,32,10,622.00,"6,220.00"
2020-10-06,2020100604000755,RLI,1,40,10,622.00,"6,220.00"
2020-10-06,2020100604000754,RLI,1,16,200,622.00,"124,400.00"
2020-10-06,2020100604000753,RLI,1,18,10,622.00,"6,220.00"
2020-10-06,2020100604000752,RLI,1,36,20,622.00,"12,440.00"
2020-10-06,2020100604000764,RLI,35,21,10,621.00,"6,210.00"
2020-10-06,2020100604000763,RLI,35,52,10,621.00,"6,210.00"
2020-10-06,2020100604000761,RLI,35,16,10,621.00,"6,210.00"
2020-10-06,2020100604000760,RLI,35,56,10,621.00,"6,210.00"
2020-10-06,2020100604000759,RLI,35,39,10,621.00,"6,210.00"
2020-10-06,2020100604000758,RLI,1,40,10,622.00,"6,220.00"
2020-10-06,2020100604000771,RLI,35,34,10,621.00,"6,210.00"
2020-10-06,2020100604000770,RLI,35,38,10,621.00,"6,210.00"
2020-10-06,2020100604000769,RLI,35,58,10,621.00,"6,210.00"
2020-10-06,2020100604000768,RLI,35,13,10,621.00,"6,210.00"
2020-10-06,2020100604000766,RLI,35,38,10,621.00,"6,210.00"
2020-10-06,2020100604000765,RLI,35,47,10,621.00,"6,210.00"
2020-10-06,2020100604000777,RLI,22,42,10,621.00,"6,210.00"
2020-10-06,2020100604000776,RLI,22,38,10,621.00,"6,210.00"
2020-10-06,2020100604000775,RLI,22,42,10,621.00,"6,210.00"
2020-10-06,2020100604000774,RLI,22,38,10,621.00,"6,210.00"
2020-10-06,2020100604000773,RLI,35,58,10,621.00,"6,210.00"
2020-10-06,2020100604000772,RLI,35,45,10,621.00,"6,210.00"
2020-10-06,2020100604000787,RLI,57,42,10,622.00,"6,220.00"
2020-10-06,2020100604000786,RLI,22,38,10,621.00,"6,210.00"
2020-10-06,2020100604000785,RLI,22,25,10,621.00,"6,210.00"
2020-10-06,2020100604000784,RLI,22,29,10,621.00,"6,210.00"
2020-10-06,2020100604000780,RLI,22,38,10,621.00,"6,210.00"
2020-10-06,2020100604000778,RLI,22,49,10,621.00,"6,210.00"
2020-10-06,2020100604000793,RLI,54,22,210,623.00,"130,830.00"
2020-10-06,2020100604000792,RLI,57,55,10,622.00,"6,220.00"
2020-10-06,2020100604000791,RLI,57,1,10,622.00,"6,220.00"
2020-10-06,2020100604000790,RLI,57,47,10,622.00,"6,220.00"
2020-10-06,2020100604000789,RLI,57,35,10,622.00,"6,220.00"
2020-10-06,2020100604000788,RLI,57,55,10,622.00,"6,220.00"
2020-10-06,2020100604000799,RLI,54,26,10,623.00,"6,230.00"
2020-10-06,2020100604000798,RLI,54,59,10,623.00,"6,230.00"
2020-10-06,2020100604000797,RLI,54,59,10,623.00,"6,230.00"
2020-10-06,2020100604000796,RLI,54,59,10,623.00,"6,230.00"
2020-10-06,2020100604000795,RLI,54,59,10,623.00,"6,230.00"
2020-10-06,2020100604000794,RLI,54,59,10,623.00,"6,230.00"
2020-10-06,2020100604000805,RLI,54,26,10,623.00,"6,230.00"
2020-10-06,2020100604000804,RLI,54,26,10,623.00,"6,230.00"
2020-10-06,2020100604000803,RLI,54,59,10,623.00,"6,230.00"
2020-10-06,2020100604000802,RLI,54,59,10,623.00,"6,230.00"
2020-10-06,2020100604000801,RLI,54,59,10,623.00,"6,230.00"
2020-10-06,2020100604000800,RLI,54,44,10,623.00,"6,230.00"
2020-10-06,2020100604000811,RLI,54,59,10,623.00,"6,230.00"
2020-10-06,2020100604000810,RLI,54,59,10,623.00,"6,230.00"
2020-10-06,2020100604000809,RLI,54,59,10,623.00,"6,230.00"
2020-10-06,2020100604000808,RLI,54,26,10,623.00,"6,230.00"
2020-10-06,2020100604000807,RLI,54,59,10,623.00,"6,230.00"
2020-10-06,2020100604000806,RLI,54,59,10,623.00,"6,230.00"
2020-10-06,2020100604000817,RLI,54,22,10,623.00,"6,230.00"
2020-10-06,2020100604000816,RLI,54,59,10,623.00,"6,230.00"
2020-10-06,2020100604000815,RLI,54,59,10,623.00,"6,230.00"
2020-10-06,2020100604000814,RLI,54,14,10,623.00,"6,230.00"
2020-10-06,2020100604000813,RLI,54,59,10,623.00,"6,230.00"
2020-10-06,2020100604000812,RLI,54,26,10,623.00,"6,230.00"
2020-10-06,2020100604000823,RLI,54,38,10,624.00,"6,240.00"
2020-10-06,2020100604000822,RLI,54,38,10,624.00,"6,240.00"
2020-10-06,2020100604000821,RLI,54,38,10,624.00,"6,240.00"
2020-10-06,2020100604000820,RLI,54,38,10,624.00,"6,240.00"
2020-10-06,2020100604000819,RLI,54,59,10,623.00,"6,230.00"
2020-10-06,2020100604000818,RLI,54,42,10,623.00,"6,230.00"
2020-10-06,2020100604000829,RLI,54,59,10,624.00,"6,240.00"
2020-10-06,2020100604000828,RLI,54,16,10,624.00,"6,240.00"
2020-10-06,2020100604000827,RLI,54,8,10,624.00,"6,240.00"
2020-10-06,2020100604000826,RLI,54,46,10,624.00,"6,240.00"
2020-10-06,2020100604000825,RLI,54,35,100,624.00,"62,400.00"
2020-10-06,2020100604000824,RLI,54,26,10,624.00,"6,240.00"
2020-10-06,2020100604000835,RLI,54,59,10,624.00,"6,240.00"
2020-10-06,2020100604000834,RLI,54,56,10,624.00,"6,240.00"
2020-10-06,2020100604000833,RLI,54,42,10,624.00,"6,240.00"
2020-10-06,2020100604000832,RLI,54,17,10,624.00,"6,240.00"
2020-10-06,2020100604000831,RLI,54,1,10,624.00,"6,240.00"
2020-10-06,2020100604000830,RLI,54,41,10,624.00,"6,240.00"
2020-10-06,2020100604000841,RLI,54,59,10,624.00,"6,240.00"
2020-10-06,2020100604000840,RLI,54,42,10,624.00,"6,240.00"
2020-10-06,2020100604000839,RLI,54,42,10,624.00,"6,240.00"
2020-10-06,2020100604000838,RLI,54,42,10,624.00,"6,240.00"
2020-10-06,2020100604000837,RLI,54,42,10,624.00,"6,240.00"
2020-10-06,2020100604000836,RLI,54,59,10,624.00,"6,240.00"
2020-10-06,2020100604000847,RLI,54,6,10,624.00,"6,240.00"
2020-10-06,2020100604000846,RLI,54,59,10,624.00,"6,240.00"
2020-10-06,2020100604000845,RLI,54,42,10,624.00,"6,240.00"
2020-10-06,2020100604000844,RLI,54,59,10,624.00,"6,240.00"
2020-10-06,2020100604000843,RLI,54,42,10,624.00,"6,240.00"
2020-10-06,2020100604000842,RLI,54,42,10,624.00,"6,240.00"
2020-10-06,2020100604000853,RLI,54,7,10,625.00,"6,250.00"
2020-10-06,2020100604000852,RLI,54,41,10,625.00,"6,250.00"
2020-10-06,2020100604000851,RLI,54,7,10,625.00,"6,250.00"
2020-10-06,2020100604000850,RLI,54,7,10,625.00,"6,250.00"
2020-10-06,2020100604000849,RLI,54,59,10,625.00,"6,250.00"
2020-10-06,2020100604000848,RLI,54,57,260,624.00,"162,240.00"
2020-10-06,2020100604000859,RLI,57,1,10,622.00,"6,220.00"
2020-10-06,2020100604000858,RLI,54,58,10,625.00,"6,250.00"
2020-10-06,2020100604000857,RLI,54,32,10,625.00,"6,250.00"
2020-10-06,2020100604000856,RLI,54,19,10,625.00,"6,250.00"
2020-10-06,2020100604000855,RLI,54,7,10,625.00,"6,250.00"
2020-10-06,2020100604000854,RLI,54,7,10,625.00,"6,250.00"
2020-10-06,2020100604000865,RLI,54,33,10,622.00,"6,220.00"
2020-10-06,2020100604000864,RLI,54,21,10,622.00,"6,220.00"
2020-10-06,2020100604000863,RLI,22,14,10,621.00,"6,210.00"
2020-10-06,2020100604000862,RLI,57,57,10,622.00,"6,220.00"
2020-10-06,2020100604000861,RLI,57,55,10,622.00,"6,220.00"
2020-10-06,2020100604000860,RLI,57,14,10,622.00,"6,220.00"
2020-10-06,2020100604000875,RLI,38,45,100,622.00,"62,200.00"
2020-10-06,2020100604000874,RLI,54,45,40,622.00,"24,880.00"
2020-10-06,2020100604000873,RLI,54,38,10,622.00,"6,220.00"
2020-10-06,2020100604000868,RLI,54,14,10,622.00,"6,220.00"
2020-10-06,2020100604000867,RLI,54,49,10,622.00,"6,220.00"
2020-10-06,2020100604000866,RLI,54,57,10,622.00,"6,220.00"
2020-10-06,2020100604000888,RLI,22,48,10,621.00,"6,210.00"
2020-10-06,2020100604000887,RLI,22,29,10,621.00,"6,210.00"
2020-10-06,2020100604000886,RLI,22,48,10,621.00,"6,210.00"
2020-10-06,2020100604000883,RLI,22,48,10,621.00,"6,210.00"
2020-10-06,2020100604000882,RLI,22,14,10,621.00,"6,210.00"
2020-10-06,2020100604000876,RLI,22,48,10,621.00,"6,210.00"
2020-10-06,2020100604000897,RLI,22,49,10,621.00,"6,210.00"
2020-10-06,2020100604000896,RLI,22,1,10,621.00,"6,210.00"
2020-10-06,2020100604000895,RLI,22,58,10,621.00,"6,210.00"
2020-10-06,2020100604000893,RLI,22,49,10,621.00,"6,210.00"
2020-10-06,2020100604000891,RLI,22,1,10,621.00,"6,210.00"
2020-10-06,2020100604000889,RLI,22,38,10,621.00,"6,210.00"
2020-10-06,2020100604000904,RLI,22,1,10,621.00,"6,210.00"
2020-10-06,2020100604000903,RLI,22,58,10,621.00,"6,210.00"
2020-10-06,2020100604000902,RLI,22,38,10,621.00,"6,210.00"
2020-10-06,2020100604000900,RLI,22,38,10,621.00,"6,210.00"
2020-10-06,2020100604000899,RLI,22,38,10,621.00,"6,210.00"
2020-10-06,2020100604000898,RLI,22,1,10,621.00,"6,210.00"
2020-10-06,2020100604000912,RLI,17,5,10,622.00,"6,220.00"
2020-10-06,2020100604000911,RLI,17,47,10,622.00,"6,220.00"
2020-10-06,2020100604000910,RLI,17,49,10,622.00,"6,220.00"
2020-10-06,2020100604000909,RLI,17,45,20,622.00,"12,440.00"
2020-10-06,2020100604000907,RLI,22,48,10,621.00,"6,210.00"
2020-10-06,2020100604000906,RLI,22,14,10,621.00,"6,210.00"
2020-10-06,2020100604000918,RLI,22,38,10,621.00,"6,210.00"
2020-10-06,2020100604000917,RLI,17,1,10,622.00,"6,220.00"
2020-10-06,2020100604000916,RLI,17,39,10,622.00,"6,220.00"
2020-10-06,2020100604000915,RLI,47,59,10,623.00,"6,230.00"
2020-10-06,2020100604000914,RLI,17,1,10,622.00,"6,220.00"
2020-10-06,2020100604000913,RLI,17,34,10,622.00,"6,220.00"
2020-10-06,2020100604000924,RLI,22,1,10,621.00,"6,210.00"
2020-10-06,2020100604000923,RLI,22,52,10,621.00,"6,210.00"
2020-10-06,2020100604000922,RLI,22,1,10,621.00,"6,210.00"
2020-10-06,2020100604000921,RLI,22,1,10,621.00,"6,210.00"
2020-10-06,2020100604000920,RLI,22,1,10,621.00,"6,210.00"
2020-10-06,2020100604000919,RLI,22,1,10,621.00,"6,210.00"
2020-10-06,2020100604000932,RLI,22,1,10,621.00,"6,210.00"
2020-10-06,2020100604000931,RLI,22,1,10,621.00,"6,210.00"
2020-10-06,2020100604000930,RLI,22,59,10,621.00,"6,210.00"
2020-10-06,2020100604000929,RLI,22,52,10,621.00,"6,210.00"
2020-10-06,2020100604000928,RLI,22,1,10,621.00,"6,210.00"
2020-10-06,2020100604000927,RLI,22,16,10,621.00,"6,210.00"
2020-10-06,2020100604000941,RLI,22,44,10,621.00,"6,210.00"
2020-10-06,2020100604000940,RLI,22,1,10,621.00,"6,210.00"
2020-10-06,2020100604000939,RLI,22,42,10,621.00,"6,210.00"
2020-10-06,2020100604000936,RLI,22,1,10,621.00,"6,210.00"
2020-10-06,2020100604000935,RLI,22,52,10,621.00,"6,210.00"
2020-10-06,2020100604000933,RLI,22,52,10,621.00,"6,210.00"
2020-10-06,2020100604000947,RLI,34,17,10,621.00,"6,210.00"
2020-10-06,2020100604000946,RLI,34,1,10,621.00,"6,210.00"
2020-10-06,2020100604000945,RLI,34,39,10,621.00,"6,210.00"
2020-10-06,2020100604000944,RLI,34,1,10,621.00,"6,210.00"
2020-10-06,2020100604000943,RLI,34,56,10,621.00,"6,210.00"
2020-10-06,2020100604000942,RLI,22,58,10,621.00,"6,210.00"
2020-10-06,2020100604000953,RLI,34,1,10,621.00,"6,210.00"
2020-10-06,2020100604000952,RLI,34,59,10,621.00,"6,210.00"
2020-10-06,2020100604000951,RLI,34,39,10,621.00,"6,210.00"
2020-10-06,2020100604000950,RLI,34,29,10,621.00,"6,210.00"
2020-10-06,2020100604000949,RLI,34,42,10,621.00,"6,210.00"
2020-10-06,2020100604000948,RLI,34,13,10,621.00,"6,210.00"
2020-10-06,2020100604000960,RLI,34,39,10,621.00,"6,210.00"
2020-10-06,2020100604000958,RLI,34,39,10,621.00,"6,210.00"
2020-10-06,2020100604000957,RLI,34,58,10,621.00,"6,210.00"
2020-10-06,2020100604000956,RLI,34,39,10,621.00,"6,210.00"
2020-10-06,2020100604000955,RLI,34,1,10,621.00,"6,210.00"
2020-10-06,2020100604000954,RLI,34,39,10,621.00,"6,210.00"
2020-10-06,2020100604000966,RLI,6,59,10,621.00,"6,210.00"
2020-10-06,2020100604000965,RLI,6,39,10,621.00,"6,210.00"
2020-10-06,2020100604000964,RLI,6,42,10,621.00,"6,210.00"
2020-10-06,2020100604000963,RLI,34,39,10,621.00,"6,210.00"
2020-10-06,2020100604000962,RLI,34,59,10,621.00,"6,210.00"
2020-10-06,2020100604000961,RLI,34,56,10,621.00,"6,210.00"
2020-10-06,2020100604000973,RLI,6,39,10,621.00,"6,210.00"
2020-10-06,2020100604000971,RLI,28,45,10,622.00,"6,220.00"
2020-10-06,2020100604000970,RLI,28,40,10,622.00,"6,220.00"
2020-10-06,2020100604000969,RLI,6,39,10,621.00,"6,210.00"
2020-10-06,2020100604000968,RLI,6,39,10,621.00,"6,210.00"
2020-10-06,2020100604000967,RLI,6,38,10,621.00,"6,210.00"
2020-10-06,2020100604000981,RLI,29,45,50,621.00,"31,050.00"
2020-10-06,2020100604000980,RLI,49,35,10,621.00,"6,210.00"
2020-10-06,2020100604000979,RLI,49,39,10,621.00,"6,210.00"
2020-10-06,2020100604000976,RLI,6,29,10,621.00,"6,210.00"
2020-10-06,2020100604000975,RLI,6,14,10,621.00,"6,210.00"
2020-10-06,2020100604000974,RLI,6,49,10,621.00,"6,210.00"
2020-10-06,2020100604000987,RLI,11,21,10,621.00,"6,210.00"
2020-10-06,2020100604000986,RLI,11,39,10,621.00,"6,210.00"
2020-10-06,2020100604000985,RLI,11,45,120,621.00,"74,520.00"
2020-10-06,2020100604000984,RLI,57,45,30,621.00,"18,630.00"
2020-10-06,2020100604000983,RLI,8,45,40,621.00,"24,840.00"
2020-10-06,2020100604000982,RLI,49,45,60,621.00,"37,260.00"
2020-10-06,2020100604000993,RLI,48,21,10,620.00,"6,200.00"
2020-10-06,2020100604000992,RLI,48,39,10,620.00,"6,200.00"
2020-10-06,2020100604000991,RLI,48,21,10,620.00,"6,200.00"
2020-10-06,2020100604000990,RLI,48,39,10,620.00,"6,200.00"
2020-10-06,2020100604000989,RLI,50,21,10,620.00,"6,200.00"
2020-10-06,2020100604000988,RLI,50,39,10,620.00,"6,200.00"
2020-10-06,2020100604000999,RLI,45,39,10,621.00,"6,210.00"
2020-10-06,2020100604000998,RLI,45,52,10,621.00,"6,210.00"
2020-10-06,2020100604000997,RLI,45,52,10,621.00,"6,210.00"
2020-10-06,2020100604000996,RLI,45,29,10,621.00,"6,210.00"
2020-10-06,2020100604000995,RLI,48,14,10,620.00,"6,200.00"
2020-10-06,2020100604000994,RLI,48,39,10,620.00,"6,200.00"
2020-10-06,2020100604001005,RLI,45,48,10,621.00,"6,210.00"
2020-10-06,2020100604001004,RLI,45,1,10,621.00,"6,210.00"
2020-10-06,2020100604001003,RLI,45,39,10,621.00,"6,210.00"
2020-10-06,2020100604001002,RLI,45,38,10,621.00,"6,210.00"
2020-10-06,2020100604001001,RLI,45,39,10,621.00,"6,210.00"
2020-10-06,2020100604001000,RLI,45,21,10,621.00,"6,210.00"
2020-10-06,2020100604001013,RLI,50,44,10,620.00,"6,200.00"
2020-10-06,2020100604001012,RLI,50,39,10,620.00,"6,200.00"
2020-10-06,2020100604001011,RLI,48,21,10,620.00,"6,200.00"
2020-10-06,2020100604001010,RLI,48,39,10,620.00,"6,200.00"
2020-10-06,2020100604001008,RLI,48,21,10,620.00,"6,200.00"
2020-10-06,2020100604001006,RLI,48,28,10,620.00,"6,200.00"
2020-10-06,2020100604001019,RLI,6,58,10,621.00,"6,210.00"
2020-10-06,2020100604001018,RLI,6,21,10,621.00,"6,210.00"
2020-10-06,2020100604001017,RLI,6,21,10,621.00,"6,210.00"
2020-10-06,2020100604001016,RLI,6,42,10,621.00,"6,210.00"
2020-10-06,2020100604001015,RLI,50,21,10,620.00,"6,200.00"
2020-10-06,2020100604001014,RLI,50,38,10,620.00,"6,200.00"
2020-10-06,2020100604001026,RLI,6,29,10,621.00,"6,210.00"
2020-10-06,2020100604001025,RLI,6,45,80,621.00,"49,680.00"
2020-10-06,2020100604001024,RLI,50,38,10,620.00,"6,200.00"
2020-10-06,2020100604001023,RLI,50,21,10,620.00,"6,200.00"
2020-10-06,2020100604001022,RLI,6,45,50,621.00,"31,050.00"
2020-10-06,2020100604001020,RLI,6,21,10,621.00,"6,210.00"
2020-10-06,2020100604001033,RLI,6,21,10,621.00,"6,210.00"
2020-10-06,2020100604001032,RLI,6,39,10,621.00,"6,210.00"
2020-10-06,2020100604001030,RLI,6,21,10,621.00,"6,210.00"
2020-10-06,2020100604001029,RLI,6,38,10,621.00,"6,210.00"
2020-10-06,2020100604001028,RLI,6,58,10,621.00,"6,210.00"
2020-10-06,2020100604001027,RLI,6,21,10,621.00,"6,210.00"
2020-10-06,2020100604001039,RLI,50,39,10,620.00,"6,200.00"
2020-10-06,2020100604001038,RLI,16,45,80,621.00,"49,680.00"
2020-10-06,2020100604001037,RLI,6,45,20,621.00,"12,420.00"
2020-10-06,2020100604001036,RLI,6,28,10,621.00,"6,210.00"
2020-10-06,2020100604001035,RLI,6,44,10,621.00,"6,210.00"
2020-10-06,2020100604001034,RLI,6,39,10,621.00,"6,210.00"
2020-10-06,2020100604001046,RLI,17,17,10,620.00,"6,200.00"
2020-10-06,2020100604001045,RLI,57,28,10,620.00,"6,200.00"
2020-10-06,2020100604001044,RLI,57,39,10,620.00,"6,200.00"
2020-10-06,2020100604001043,RLI,50,21,10,620.00,"6,200.00"
2020-10-06,2020100604001042,RLI,50,39,10,620.00,"6,200.00"
2020-10-06,2020100604001041,RLI,50,21,10,620.00,"6,200.00"
2020-10-06,2020100604001054,RLI,25,21,10,620.00,"6,200.00"
2020-10-06,2020100604001053,RLI,25,39,10,620.00,"6,200.00"
2020-10-06,2020100604001052,RLI,17,21,10,620.00,"6,200.00"
2020-10-06,2020100604001051,RLI,17,39,10,620.00,"6,200.00"
2020-10-06,2020100604001050,RLI,17,1,10,620.00,"6,200.00"
2020-10-06,2020100604001047,RLI,17,39,10,620.00,"6,200.00"
2020-10-06,2020100604001060,RLI,58,21,10,620.00,"6,200.00"
2020-10-06,2020100604001059,RLI,58,39,10,620.00,"6,200.00"
2020-10-06,2020100604001058,RLI,58,14,10,620.00,"6,200.00"
2020-10-06,2020100604001057,RLI,58,1,10,620.00,"6,200.00"
2020-10-06,2020100604001056,RLI,58,39,10,620.00,"6,200.00"
2020-10-06,2020100604001055,RLI,58,38,10,620.00,"6,200.00"
2020-10-06,2020100604001066,RLI,58,21,10,620.00,"6,200.00"
2020-10-06,2020100604001065,RLI,58,21,10,620.00,"6,200.00"
2020-10-06,2020100604001064,RLI,58,42,10,620.00,"6,200.00"
2020-10-06,2020100604001063,RLI,58,29,10,620.00,"6,200.00"
2020-10-06,2020100604001062,RLI,58,21,10,620.00,"6,200.00"
2020-10-06,2020100604001061,RLI,58,58,10,620.00,"6,200.00"
2020-10-06,2020100604001072,RLI,43,49,10,620.00,"6,200.00"
2020-10-06,2020100604001071,RLI,43,21,10,620.00,"6,200.00"
2020-10-06,2020100604001070,RLI,44,51,10,620.00,"6,200.00"
2020-10-06,2020100604001069,RLI,44,58,10,620.00,"6,200.00"
2020-10-06,2020100604001068,RLI,58,1,10,620.00,"6,200.00"
2020-10-06,2020100604001067,RLI,58,51,10,620.00,"6,200.00"
2020-10-06,2020100604001078,RLI,42,39,10,620.00,"6,200.00"
2020-10-06,2020100604001077,RLI,42,51,10,620.00,"6,200.00"
2020-10-06,2020100604001076,RLI,42,28,10,620.00,"6,200.00"
2020-10-06,2020100604001075,RLI,42,21,10,620.00,"6,200.00"
2020-10-06,2020100604001074,RLI,42,39,10,620.00,"6,200.00"
2020-10-06,2020100604001073,RLI,42,49,10,620.00,"6,200.00"
2020-10-06,2020100604001084,RLI,43,45,20,620.00,"12,400.00"
2020-10-06,2020100604001083,RLI,17,45,50,620.00,"31,000.00"
2020-10-06,2020100604001082,RLI,42,45,45,620.00,"27,900.00"
2020-10-06,2020100604001081,RLI,44,45,90,620.00,"55,800.00"
2020-10-06,2020100604001080,RLI,55,45,100,620.00,"62,000.00"
2020-10-06,2020100604001079,RLI,42,28,10,620.00,"6,200.00"
2020-10-06,2020100604001090,RLI,42,49,10,620.00,"6,200.00"
2020-10-06,2020100604001089,RLI,42,51,10,620.00,"6,200.00"
2020-10-06,2020100604001088,RLI,42,21,10,620.00,"6,200.00"
2020-10-06,2020100604001087,RLI,42,39,10,620.00,"6,200.00"
2020-10-06,2020100604001086,RLI,42,45,45,620.00,"27,900.00"
2020-10-06,2020100604001085,RLI,25,45,50,620.00,"31,000.00"
2020-10-06,2020100604001096,RLI,25,46,10,621.00,"6,210.00"
2020-10-06,2020100604001095,RLI,13,39,10,620.00,"6,200.00"
2020-10-06,2020100604001094,RLI,26,14,10,621.00,"6,210.00"
2020-10-06,2020100604001093,RLI,26,58,10,621.00,"6,210.00"
2020-10-06,2020100604001092,RLI,26,45,30,621.00,"18,630.00"
2020-10-06,2020100604001091,RLI,42,21,10,620.00,"6,200.00"
2020-10-06,2020100604001102,RLI,25,58,10,621.00,"6,210.00"
2020-10-06,2020100604001101,RLI,25,45,10,621.00,"6,210.00"
2020-10-06,2020100604001100,RLI,25,45,10,621.00,"6,210.00"
2020-10-06,2020100604001099,RLI,25,52,10,621.00,"6,210.00"
2020-10-06,2020100604001098,RLI,25,1,10,621.00,"6,210.00"
2020-10-06,2020100604001097,RLI,25,58,10,621.00,"6,210.00"
2020-10-06,2020100604001108,RLI,13,39,10,620.00,"6,200.00"
2020-10-06,2020100604001107,RLI,13,51,10,620.00,"6,200.00"
2020-10-06,2020100604001106,RLI,13,21,10,620.00,"6,200.00"
2020-10-06,2020100604001105,RLI,25,39,10,621.00,"6,210.00"
2020-10-06,2020100604001104,RLI,25,39,10,621.00,"6,210.00"
2020-10-06,2020100604001103,RLI,25,51,10,621.00,"6,210.00"
2020-10-06,2020100604001114,RLI,13,26,10,620.00,"6,200.00"
2020-10-06,2020100604001113,RLI,13,21,10,620.00,"6,200.00"
2020-10-06,2020100604001112,RLI,13,39,10,620.00,"6,200.00"
2020-10-06,2020100604001111,RLI,13,51,10,620.00,"6,200.00"
2020-10-06,2020100604001110,RLI,13,1,10,620.00,"6,200.00"
2020-10-06,2020100604001109,RLI,13,21,10,620.00,"6,200.00"
2020-10-06,2020100604001120,RLI,42,49,10,620.00,"6,200.00"
2020-10-06,2020100604001119,RLI,34,21,10,620.00,"6,200.00"
2020-10-06,2020100604001118,RLI,34,40,10,620.00,"6,200.00"
2020-10-06,2020100604001117,RLI,34,21,10,620.00,"6,200.00"
2020-10-06,2020100604001116,RLI,34,39,10,620.00,"6,200.00"
2020-10-06,2020100604001115,RLI,34,51,10,620.00,"6,200.00"
2020-10-06,2020100604001126,RLI,42,51,10,620.00,"6,200.00"
2020-10-06,2020100604001125,RLI,42,29,10,620.00,"6,200.00"
2020-10-06,2020100604001124,RLI,42,21,10,620.00,"6,200.00"
2020-10-06,2020100604001123,RLI,42,21,10,620.00,"6,200.00"
2020-10-06,2020100604001122,RLI,42,51,10,620.00,"6,200.00"
2020-10-06,2020100604001121,RLI,42,21,10,620.00,"6,200.00"
2020-10-06,2020100604001132,RLI,11,21,10,620.00,"6,200.00"
2020-10-06,2020100604001131,RLI,13,42,10,621.00,"6,210.00"
2020-10-06,2020100604001130,RLI,11,21,10,620.00,"6,200.00"
2020-10-06,2020100604001129,RLI,11,51,10,620.00,"6,200.00"
2020-10-06,2020100604001128,RLI,11,21,10,620.00,"6,200.00"
2020-10-06,2020100604001127,RLI,42,26,10,620.00,"6,200.00"
2020-10-06,2020100604001140,RLI,11,53,10,620.00,"6,200.00"
2020-10-06,2020100604001138,RLI,11,4,10,620.00,"6,200.00"
2020-10-06,2020100604001137,RLI,11,26,10,620.00,"6,200.00"
2020-10-06,2020100604001136,RLI,46,58,10,621.00,"6,210.00"
2020-10-06,2020100604001135,RLI,46,45,10,621.00,"6,210.00"
2020-10-06,2020100604001134,RLI,11,21,10,620.00,"6,200.00"
2020-10-06,2020100604001146,RLI,48,51,10,621.00,"6,210.00"
2020-10-06,2020100604001145,RLI,48,48,10,621.00,"6,210.00"
2020-10-06,2020100604001144,RLI,48,51,10,621.00,"6,210.00"
2020-10-06,2020100604001143,RLI,48,51,10,621.00,"6,210.00"
2020-10-06,2020100604001142,RLI,11,28,10,620.00,"6,200.00"
2020-10-06,2020100604001141,RLI,11,28,10,620.00,"6,200.00"
2020-10-06,2020100604001152,RLI,11,41,10,620.00,"6,200.00"
2020-10-06,2020100604001151,RLI,11,14,10,620.00,"6,200.00"
2020-10-06,2020100604001150,RLI,11,4,10,620.00,"6,200.00"
2020-10-06,2020100604001149,RLI,11,26,10,620.00,"6,200.00"
2020-10-06,2020100604001148,RLI,48,51,10,621.00,"6,210.00"
2020-10-06,2020100604001147,RLI,48,29,10,621.00,"6,210.00"
2020-10-06,2020100604001158,RLI,11,14,10,620.00,"6,200.00"
2020-10-06,2020100604001157,RLI,38,8,10,621.00,"6,210.00"
2020-10-06,2020100604001156,RLI,38,49,10,621.00,"6,210.00"
2020-10-06,2020100604001155,RLI,38,51,10,621.00,"6,210.00"
2020-10-06,2020100604001154,RLI,38,36,10,621.00,"6,210.00"
2020-10-06,2020100604001153,RLI,11,36,10,620.00,"6,200.00"
2020-10-06,2020100604001165,RLI,11,51,10,620.00,"6,200.00"
2020-10-06,2020100604001163,RLI,11,58,10,620.00,"6,200.00"
2020-10-06,2020100604001162,RLI,11,28,10,620.00,"6,200.00"
2020-10-06,2020100604001161,RLI,11,21,10,620.00,"6,200.00"
2020-10-06,2020100604001160,RLI,11,28,10,620.00,"6,200.00"
2020-10-06,2020100604001159,RLI,11,26,10,620.00,"6,200.00"
2020-10-06,2020100604001178,RLI,11,56,10,620.00,"6,200.00"
2020-10-06,2020100604001177,RLI,11,14,10,620.00,"6,200.00"
2020-10-06,2020100604001176,RLI,11,35,10,620.00,"6,200.00"
2020-10-06,2020100604001175,RLI,11,28,10,620.00,"6,200.00"
2020-10-06,2020100604001167,RLI,11,53,10,620.00,"6,200.00"
2020-10-06,2020100604001166,RLI,11,57,10,620.00,"6,200.00"
2020-10-06,2020100604001184,RLI,11,57,10,620.00,"6,200.00"
2020-10-06,2020100604001183,RLI,11,28,10,620.00,"6,200.00"
2020-10-06,2020100604001182,RLI,11,28,10,620.00,"6,200.00"
2020-10-06,2020100604001181,RLI,11,28,10,620.00,"6,200.00"
2020-10-06,2020100604001180,RLI,11,52,10,620.00,"6,200.00"
2020-10-06,2020100604001179,RLI,42,7,10,621.00,"6,210.00"
2020-10-06,2020100604001197,RLI,11,28,10,620.00,"6,200.00"
2020-10-06,2020100604001196,RLI,11,56,10,620.00,"6,200.00"
2020-10-06,2020100604001195,RLI,11,8,10,620.00,"6,200.00"
2020-10-06,2020100604001194,RLI,11,53,10,620.00,"6,200.00"
2020-10-06,2020100604001193,RLI,11,29,10,620.00,"6,200.00"
2020-10-06,2020100604001192,RLI,11,21,10,620.00,"6,200.00"
2020-10-06,2020100604001203,RLI,11,38,10,620.00,"6,200.00"
2020-10-06,2020100604001202,RLI,11,28,10,620.00,"6,200.00"
2020-10-06,2020100604001201,RLI,11,32,10,620.00,"6,200.00"
2020-10-06,2020100604001200,RLI,11,49,10,620.00,"6,200.00"
2020-10-06,2020100604001199,RLI,11,58,10,620.00,"6,200.00"
2020-10-06,2020100604001198,RLI,11,56,10,620.00,"6,200.00"
2020-10-06,2020100604001210,RLI,11,21,10,620.00,"6,200.00"
2020-10-06,2020100604001209,RLI,11,28,10,620.00,"6,200.00"
2020-10-06,2020100604001208,RLI,11,28,10,620.00,"6,200.00"
2020-10-06,2020100604001207,RLI,11,42,10,620.00,"6,200.00"
2020-10-06,2020100604001205,RLI,11,58,10,620.00,"6,200.00"
2020-10-06,2020100604001204,RLI,11,26,10,620.00,"6,200.00"
2020-10-06,2020100604001216,RLI,11,38,10,620.00,"6,200.00"
2020-10-06,2020100604001215,RLI,11,28,10,620.00,"6,200.00"
2020-10-06,2020100604001214,RLI,11,26,10,620.00,"6,200.00"
2020-10-06,2020100604001213,RLI,11,57,10,620.00,"6,200.00"
2020-10-06,2020100604001212,RLI,11,28,10,620.00,"6,200.00"
2020-10-06,2020100604001211,RLI,11,6,10,620.00,"6,200.00"
2020-10-06,2020100604001223,RLI,11,32,10,620.00,"6,200.00"
2020-10-06,2020100604001222,RLI,11,26,10,620.00,"6,200.00"
2020-10-06,2020100604001221,RLI,11,49,10,620.00,"6,200.00"
2020-10-06,2020100604001220,RLI,11,11,10,620.00,"6,200.00"
2020-10-06,2020100604001219,RLI,11,28,10,620.00,"6,200.00"
2020-10-06,2020100604001218,RLI,11,25,10,620.00,"6,200.00"
2020-10-06,2020100604001237,RLI,11,28,10,620.00,"6,200.00"
2020-10-06,2020100604001236,RLI,11,26,10,620.00,"6,200.00"
2020-10-06,2020100604001235,RLI,11,28,10,620.00,"6,200.00"
2020-10-06,2020100604001233,RLI,11,14,10,620.00,"6,200.00"
2020-10-06,2020100604001232,RLI,11,28,10,620.00,"6,200.00"
2020-10-06,2020100604001224,RLI,11,38,10,620.00,"6,200.00"
2020-10-06,2020100604001133,SAND2085,14,16,25,"1,026.00","25,650.00"
2020-10-06,2020100604001174,SEF,34,35,"1,500",9.40,"14,100.00"
2020-10-06,2020100604001173,SEF,34,1,"2,000",9.40,"18,800.00"
2020-10-06,2020100604001172,SEF,34,57,"5,000",9.39,"46,950.00"
2020-10-06,2020100604001171,SEF,34,57,"1,000",9.35,"9,350.00"
2020-10-06,2020100604001170,SEF,34,32,"2,000",9.32,"18,640.00"
2020-10-06,2020100604001169,SEF,34,59,"1,000",9.25,"9,250.00"
2020-10-06,2020100604001168,SEF,34,42,"1,000",9.25,"9,250.00"
2020-10-06,2020100604000892,SFMF,17,22,100,9.35,935.00
2020-10-06,2020100604001225,STC,34,19,100,"3,461.00","346,100.00"
2020-10-06,2020100604000617,CMF1,8,58,100,9.55,955.00
2020-10-06,2020100604000410,CMF1,7,57,"10,000",9.70,"97,000.00"
2020-10-06,2020100604000322,CMF1,7,48,"10,000",9.89,"98,900.00"
2020-10-06,2020100604000581,GBD80/81,13,50,30,"1,050.00","31,500.00"
2020-10-06,2020100604000623,KBLD86,13,29,25,"1,050.00","26,250.00"
2020-10-06,2020100604000622,KBLD86,13,39,150,"1,040.00","156,000.00"
2020-10-06,2020100604000643,LEMF,39,11,500,8.87,"4,435.00"
2020-10-06,2020100604000493,LUK,13,45,100,8.61,861.00
2020-10-06,2020100604000455,LUK,17,36,100,8.60,860.00
2020-10-06,2020100604000446,LUK,17,36,"1,250",8.60,"10,750.00"
2020-10-06,2020100604000445,LUK,17,36,"2,500",8.60,"21,500.00"
2020-10-06,2020100604000441,LUK,17,36,550,8.75,"4,812.50"
2020-10-06,2020100604000440,LUK,7,36,700,8.75,"6,125.00"
2020-10-06,2020100604000252,LUK,7,36,"1,000",8.75,"8,750.00"
2020-10-06,2020100604000251,LUK,37,36,100,8.75,875.00
2020-10-06,2020100604000250,LUK,34,36,100,8.75,875.00
2020-10-06,2020100604000246,LUK,8,36,500,8.76,"4,380.00"
2020-10-06,2020100604000377,LUK,7,22,100,8.75,875.00
2020-10-06,2020100604000366,LUK,7,22,200,8.75,"1,750.00"
2020-10-06,2020100604000355,LUK,17,54,250,8.75,"2,187.50"
2020-10-06,2020100604000266,LUK,10,49,100,8.92,892.00
2020-10-06,2020100604000259,LUK,17,45,200,8.75,"1,750.00"
2020-10-06,2020100604000253,LUK,17,36,300,8.75,"2,625.00"
2020-10-06,2020100604000693,NBF2,34,39,500,8.90,"4,450.00"
2020-10-06,2020100604000267,NEF,34,45,"1,207",8.80,"10,621.60"
2020-10-06,2020100604000594,NIBD2082,13,29,25,"1,050.00","26,250.00"
2020-10-06,2020100604000594,NIBD2082,13,29,25,"1,050.00","26,250.00"
2020-10-06,2020100604000605,NIBLPF,34,33,"2,525",9.02,"22,775.50"
2020-10-06,2020100604000735,NIBPO,8,4,500,361.00,"180,500.00"
2020-10-06,2020100604000664,NIBPO,55,4,500,361.00,"180,500.00"
2020-10-06,2020100604000571,NIBPO,35,4,"1,000",361.00,"361,000.00"
2020-10-06,2020100604000558,NIBPO,37,4,"1,000",361.00,"361,000.00"
2020-10-06,2020100604000556,NIBPO,37,4,"1,000",361.00,"361,000.00"
2020-10-06,2020100604000434,NIBPO,32,57,500,360.00,"180,000.00"
2020-10-06,2020100604000433,NIBPO,35,57,500,360.00,"180,000.00"
2020-10-06,2020100604000604,NICAD8283,13,18,450,"1,086.00","488,700.00"
2020-10-06,2020100604000603,NICAD8283,13,40,50,"1,086.00","54,300.00"
2020-10-06,2020100604000602,NICAD8283,13,1,25,"1,085.00","27,125.00"
2020-10-06,2020100604000608,NICD83/84,13,29,25,"1,050.00","26,250.00"
2020-10-06,2020100604000723,NICGF,11,11,"1,000",9.52,"9,520.00"
2020-10-06,2020100604000720,NICGF,11,1,100,9.52,952.00
2020-10-06,2020100604000597,NICGF,11,58,100,9.52,952.00
2020-10-06,2020100604000492,NMBHF1,28,6,"1,564",9.30,"14,545.20"
2020-10-06,2020100604000468,NMBHF1,25,6,423,9.30,"3,933.90"
2020-10-06,2020100604000467,NMBHF1,28,6,"1,000",9.30,"9,300.00"
2020-10-06,2020100604000466,NMBHF1,58,6,168,9.31,"1,564.08"
2020-10-06,2020100604000312,NMBHF1,58,19,832,9.31,"7,745.92"
2020-10-06,2020100604000708,RBCLPO,50,17,200,"10,400.00","2,080,000.00"
2020-10-06,2020100604000707,RBCLPO,49,17,19,"10,405.00","197,695.00"
2020-10-06,2020100604000744,RLI,1,59,10,622.00,"6,220.00"
2020-10-06,2020100604000743,RLI,1,28,10,622.00,"6,220.00"
2020-10-06,2020100604000742,RLI,1,59,10,622.00,"6,220.00"
2020-10-06,2020100604000741,RLI,1,34,10,622.00,"6,220.00"
2020-10-06,2020100604000740,RLI,1,59,10,622.00,"6,220.00"
2020-10-06,2020100604000739,RLI,1,34,10,622.00,"6,220.00"
2020-10-06,2020100604000245,RLI,34,38,10,621.00,"6,210.00"
2020-10-06,2020100604000256,RLI,34,26,10,622.00,"6,220.00"
2020-10-06,2020100604000255,RLI,34,11,10,622.00,"6,220.00"
2020-10-06,2020100604000254,RLI,34,28,10,622.00,"6,220.00"
2020-10-06,2020100604000249,RLI,59,22,10,622.00,"6,220.00"
2020-10-06,2020100604000248,RLI,59,42,10,622.00,"6,220.00"
2020-10-06,2020100604000247,RLI,34,45,10,621.00,"6,210.00"
2020-10-06,2020100604000263,RLI,47,46,10,623.00,"6,230.00"
2020-10-06,2020100604000262,RLI,47,21,10,623.00,"6,230.00"
2020-10-06,2020100604000261,RLI,34,44,10,622.00,"6,220.00"
2020-10-06,2020100604000260,RLI,34,44,10,622.00,"6,220.00"
2020-10-06,2020100604000258,RLI,34,16,10,622.00,"6,220.00"
2020-10-06,2020100604000257,RLI,34,38,10,622.00,"6,220.00"
2020-10-06,2020100604000271,RLI,34,51,10,621.00,"6,210.00"
2020-10-06,2020100604000270,RLI,34,44,10,621.00,"6,210.00"
2020-10-06,2020100604000269,RLI,34,39,10,622.00,"6,220.00"
2020-10-06,2020100604000268,RLI,34,44,10,622.00,"6,220.00"
2020-10-06,2020100604000265,RLI,34,44,10,622.00,"6,220.00"
2020-10-06,2020100604000264,RLI,47,46,10,623.00,"6,230.00"
2020-10-06,2020100604000277,RLI,41,38,10,623.00,"6,230.00"
2020-10-06,2020100604000276,RLI,41,1,10,623.00,"6,230.00"
2020-10-06,2020100604000275,RLI,41,58,10,623.00,"6,230.00"
2020-10-06,2020100604000274,RLI,41,17,10,623.00,"6,230.00"
2020-10-06,2020100604000273,RLI,41,32,10,623.00,"6,230.00"
2020-10-06,2020100604000272,RLI,34,42,10,621.00,"6,210.00"
2020-10-06,2020100604000283,RLI,41,16,10,623.00,"6,230.00"
2020-10-06,2020100604000282,RLI,41,46,10,623.00,"6,230.00"
2020-10-06,2020100604000281,RLI,41,43,10,623.00,"6,230.00"
2020-10-06,2020100604000280,RLI,41,32,10,623.00,"6,230.00"
2020-10-06,2020100604000279,RLI,41,50,10,623.00,"6,230.00"
2020-10-06,2020100604000278,RLI,41,39,10,623.00,"6,230.00"
2020-10-06,2020100604000289,RLI,41,32,10,623.00,"6,230.00"
2020-10-06,2020100604000288,RLI,41,29,10,623.00,"6,230.00"
2020-10-06,2020100604000287,RLI,41,34,10,623.00,"6,230.00"
2020-10-06,2020100604000286,RLI,41,53,10,623.00,"6,230.00"
2020-10-06,2020100604000285,RLI,41,45,10,623.00,"6,230.00"
2020-10-06,2020100604000284,RLI,41,33,10,623.00,"6,230.00"
2020-10-06,2020100604000295,RLI,34,32,10,621.00,"6,210.00"
2020-10-06,2020100604000294,RLI,34,49,10,621.00,"6,210.00"
2020-10-06,2020100604000293,RLI,34,58,10,621.00,"6,210.00"
2020-10-06,2020100604000292,RLI,41,36,10,623.00,"6,230.00"
2020-10-06,2020100604000291,RLI,41,48,10,623.00,"6,230.00"
2020-10-06,2020100604000290,RLI,41,20,10,623.00,"6,230.00"
2020-10-06,2020100604000301,RLI,34,13,10,621.00,"6,210.00"
2020-10-06,2020100604000300,RLI,34,36,10,621.00,"6,210.00"
2020-10-06,2020100604000299,RLI,34,4,10,621.00,"6,210.00"
2020-10-06,2020100604000298,RLI,34,36,10,621.00,"6,210.00"
2020-10-06,2020100604000297,RLI,38,38,10,623.00,"6,230.00"
2020-10-06,2020100604000296,RLI,38,32,10,623.00,"6,230.00"
2020-10-06,2020100604000307,RLI,34,45,50,621.00,"31,050.00"
2020-10-06,2020100604000306,RLI,34,29,10,621.00,"6,210.00"
2020-10-06,2020100604000305,RLI,34,38,10,621.00,"6,210.00"
2020-10-06,2020100604000304,RLI,34,49,10,621.00,"6,210.00"
2020-10-06,2020100604000303,RLI,34,42,10,621.00,"6,210.00"
2020-10-06,2020100604000302,RLI,34,36,10,621.00,"6,210.00"
2020-10-06,2020100604000314,RLI,34,18,10,621.00,"6,210.00"
2020-10-06,2020100604000313,RLI,34,48,10,621.00,"6,210.00"
2020-10-06,2020100604000311,RLI,34,49,10,621.00,"6,210.00"
2020-10-06,2020100604000310,RLI,34,20,10,621.00,"6,210.00"
2020-10-06,2020100604000309,RLI,34,17,10,621.00,"6,210.00"
2020-10-06,2020100604000308,RLI,34,36,10,621.00,"6,210.00"
2020-10-06,2020100604000320,RLI,45,52,10,622.00,"6,220.00"
2020-10-06,2020100604000319,RLI,34,18,10,621.00,"6,210.00"
2020-10-06,2020100604000318,RLI,34,34,10,621.00,"6,210.00"
2020-10-06,2020100604000317,RLI,34,1,10,621.00,"6,210.00"
2020-10-06,2020100604000316,RLI,34,51,10,621.00,"6,210.00"
2020-10-06,2020100604000315,RLI,34,42,10,621.00,"6,210.00"
2020-10-06,2020100604000327,RLI,45,38,10,622.00,"6,220.00"
2020-10-06,2020100604000326,RLI,45,42,10,622.00,"6,220.00"
2020-10-06,2020100604000325,RLI,45,18,10,622.00,"6,220.00"
2020-10-06,2020100604000324,RLI,45,14,10,622.00,"6,220.00"
2020-10-06,2020100604000323,RLI,45,51,10,622.00,"6,220.00"
2020-10-06,2020100604000321,RLI,45,51,10,622.00,"6,220.00"
2020-10-06,2020100604000333,RLI,58,4,10,623.00,"6,230.00"
2020-10-06,2020100604000332,RLI,58,32,10,623.00,"6,230.00"
2020-10-06,2020100604000331,RLI,58,44,10,623.00,"6,230.00"
2020-10-06,2020100604000330,RLI,58,45,20,622.00,"12,440.00"
2020-10-06,2020100604000329,RLI,45,45,10,622.00,"6,220.00"
2020-10-06,2020100604000328,RLI,45,51,10,622.00,"6,220.00"
2020-10-06,2020100604000339,RLI,34,6,10,621.00,"6,210.00"
2020-10-06,2020100604000338,RLI,34,42,10,621.00,"6,210.00"
2020-10-06,2020100604000337,RLI,58,58,10,623.00,"6,230.00"
2020-10-06,2020100604000336,RLI,58,35,10,623.00,"6,230.00"
2020-10-06,2020100604000335,RLI,58,32,10,623.00,"6,230.00"
2020-10-06,2020100604000334,RLI,58,58,10,623.00,"6,230.00"
2020-10-06,2020100604000345,RLI,34,29,10,621.00,"6,210.00"
2020-10-06,2020100604000344,RLI,34,10,10,621.00,"6,210.00"
2020-10-06,2020100604000343,RLI,34,1,10,621.00,"6,210.00"
2020-10-06,2020100604000342,RLI,34,45,10,621.00,"6,210.00"
2020-10-06,2020100604000341,RLI,34,18,10,621.00,"6,210.00"
2020-10-06,2020100604000340,RLI,34,16,10,621.00,"6,210.00"
2020-10-06,2020100604000351,RLI,34,51,10,621.00,"6,210.00"
2020-10-06,2020100604000350,RLI,34,58,10,621.00,"6,210.00"
2020-10-06,2020100604000349,RLI,34,8,10,621.00,"6,210.00"
2020-10-06,2020100604000348,RLI,34,21,10,621.00,"6,210.00"
2020-10-06,2020100604000347,RLI,34,38,10,621.00,"6,210.00"
2020-10-06,2020100604000346,RLI,34,58,10,621.00,"6,210.00"
2020-10-06,2020100604000358,RLI,34,29,10,621.00,"6,210.00"
2020-10-06,2020100604000357,RLI,34,40,10,621.00,"6,210.00"
2020-10-06,2020100604000356,RLI,34,40,10,621.00,"6,210.00"
2020-10-06,2020100604000354,RLI,34,47,10,621.00,"6,210.00"
2020-10-06,2020100604000353,RLI,34,29,10,621.00,"6,210.00"
2020-10-06,2020100604000352,RLI,34,39,10,621.00,"6,210.00"
2020-10-06,2020100604000364,RLI,34,42,10,621.00,"6,210.00"
2020-10-06,2020100604000363,RLI,34,40,10,621.00,"6,210.00"
2020-10-06,2020100604000362,RLI,34,58,10,621.00,"6,210.00"
2020-10-06,2020100604000361,RLI,34,22,10,621.00,"6,210.00"
2020-10-06,2020100604000360,RLI,34,39,10,621.00,"6,210.00"
2020-10-06,2020100604000359,RLI,34,18,10,621.00,"6,210.00"
2020-10-06,2020100604000371,RLI,34,38,10,621.00,"6,210.00"
2020-10-06,2020100604000370,RLI,34,56,10,621.00,"6,210.00"
2020-10-06,2020100604000369,RLI,34,40,10,621.00,"6,210.00"
2020-10-06,2020100604000368,RLI,34,1,10,621.00,"6,210.00"
2020-10-06,2020100604000367,RLI,34,40,10,621.00,"6,210.00"
2020-10-06,2020100604000365,RLI,34,22,10,621.00,"6,210.00"
2020-10-06,2020100604000379,RLI,34,59,10,621.00,"6,210.00"
2020-10-06,2020100604000378,RLI,34,22,10,621.00,"6,210.00"
2020-10-06,2020100604000376,RLI,34,52,10,621.00,"6,210.00"
2020-10-06,2020100604000375,RLI,34,59,10,621.00,"6,210.00"
2020-10-06,2020100604000374,RLI,34,8,10,621.00,"6,210.00"
2020-10-06,2020100604000373,RLI,34,58,10,621.00,"6,210.00"
2020-10-06,2020100604000385,RLI,34,8,10,621.00,"6,210.00"
2020-10-06,2020100604000384,RLI,34,44,10,621.00,"6,210.00"
2020-10-06,2020100604000383,RLI,34,41,10,621.00,"6,210.00"
2020-10-06,2020100604000382,RLI,34,38,10,621.00,"6,210.00"
2020-10-06,2020100604000381,RLI,34,50,10,621.00,"6,210.00"
2020-10-06,2020100604000380,RLI,34,22,10,621.00,"6,210.00"
