Date,Transact. No.,Symbol,Buyer,Seller,Quantity,Rate,Amount
2020-11-03,2020110304002730,CMF1,6,51,"13,600",9.81,"133,416.00"
2020-11-03,2020110304002715,CMF1,43,51,200,9.91,"1,982.00"
2020-11-03,2020110304002518,CMF1,6,17,100,9.81,981.00
2020-11-03,2020110304002429,CMF1,6,32,900,9.81,"8,829.00"
2020-11-03,2020110304002488,GBIMEP,48,34,"170,894",150.00,"25,634,100.00"
2020-11-03,2020110304002729,GIC,38,43,10,540.00,"5,400.00"
2020-11-03,2020110304002728,GIC,38,49,10,540.00,"5,400.00"
2020-11-03,2020110304002727,GIC,8,49,90,540.00,"48,600.00"
2020-11-03,2020110304002721,GIC,21,29,10,540.00,"5,400.00"
2020-11-03,2020110304002720,GIC,21,34,10,540.00,"5,400.00"
2020-11-03,2020110304002719,GIC,41,35,20,541.00,"10,820.00"
2020-11-03,2020110304002243,GIC,59,17,10,534.00,"5,340.00"
2020-11-03,2020110304002249,GIC,51,26,10,534.00,"5,340.00"
2020-11-03,2020110304002248,GIC,59,58,10,534.00,"5,340.00"
2020-11-03,2020110304002247,GIC,59,26,10,534.00,"5,340.00"
2020-11-03,2020110304002246,GIC,59,44,10,534.00,"5,340.00"
2020-11-03,2020110304002245,GIC,59,26,10,534.00,"5,340.00"
2020-11-03,2020110304002244,GIC,59,58,10,534.00,"5,340.00"
2020-11-03,2020110304002256,GIC,42,56,10,533.00,"5,330.00"
2020-11-03,2020110304002255,GIC,48,58,10,533.00,"5,330.00"
2020-11-03,2020110304002254,GIC,51,44,10,534.00,"5,340.00"
2020-11-03,2020110304002253,GIC,51,58,10,534.00,"5,340.00"
2020-11-03,2020110304002252,GIC,51,22,10,534.00,"5,340.00"
2020-11-03,2020110304002251,GIC,51,19,10,534.00,"5,340.00"
2020-11-03,2020110304002264,GIC,48,57,10,534.00,"5,340.00"
2020-11-03,2020110304002263,GIC,48,29,10,534.00,"5,340.00"
2020-11-03,2020110304002261,GIC,42,22,10,533.00,"5,330.00"
2020-11-03,2020110304002260,GIC,42,54,10,533.00,"5,330.00"
2020-11-03,2020110304002258,GIC,42,58,10,533.00,"5,330.00"
2020-11-03,2020110304002257,GIC,42,40,10,533.00,"5,330.00"
2020-11-03,2020110304002270,GIC,48,29,10,534.00,"5,340.00"
2020-11-03,2020110304002269,GIC,48,29,10,534.00,"5,340.00"
2020-11-03,2020110304002268,GIC,48,42,10,534.00,"5,340.00"
2020-11-03,2020110304002267,GIC,42,19,10,533.00,"5,330.00"
2020-11-03,2020110304002266,GIC,48,29,10,534.00,"5,340.00"
2020-11-03,2020110304002265,GIC,48,29,10,534.00,"5,340.00"
2020-11-03,2020110304002279,GIC,44,42,10,535.00,"5,350.00"
2020-11-03,2020110304002278,GIC,41,29,10,533.00,"5,330.00"
2020-11-03,2020110304002277,GIC,41,39,10,533.00,"5,330.00"
2020-11-03,2020110304002276,GIC,41,29,10,533.00,"5,330.00"
2020-11-03,2020110304002275,GIC,41,20,10,533.00,"5,330.00"
2020-11-03,2020110304002271,GIC,48,20,10,535.00,"5,350.00"
2020-11-03,2020110304002285,GIC,44,14,10,535.00,"5,350.00"
2020-11-03,2020110304002284,GIC,44,14,10,535.00,"5,350.00"
2020-11-03,2020110304002283,GIC,44,29,10,535.00,"5,350.00"
2020-11-03,2020110304002282,GIC,44,58,10,535.00,"5,350.00"
2020-11-03,2020110304002281,GIC,44,22,10,535.00,"5,350.00"
2020-11-03,2020110304002280,GIC,44,54,10,535.00,"5,350.00"
2020-11-03,2020110304002292,GIC,44,38,10,534.00,"5,340.00"
2020-11-03,2020110304002291,GIC,44,29,10,534.00,"5,340.00"
2020-11-03,2020110304002290,GIC,44,29,10,534.00,"5,340.00"
2020-11-03,2020110304002288,GIC,44,14,10,535.00,"5,350.00"
2020-11-03,2020110304002287,GIC,44,14,10,535.00,"5,350.00"
2020-11-03,2020110304002286,GIC,44,29,10,535.00,"5,350.00"
2020-11-03,2020110304002298,GIC,44,14,10,535.00,"5,350.00"
2020-11-03,2020110304002297,GIC,44,40,10,535.00,"5,350.00"
2020-11-03,2020110304002296,GIC,36,29,10,534.00,"5,340.00"
2020-11-03,2020110304002295,GIC,36,19,10,534.00,"5,340.00"
2020-11-03,2020110304002294,GIC,36,29,10,534.00,"5,340.00"
2020-11-03,2020110304002293,GIC,36,29,10,534.00,"5,340.00"
2020-11-03,2020110304002304,GIC,36,29,10,534.00,"5,340.00"
2020-11-03,2020110304002303,GIC,36,29,10,534.00,"5,340.00"
2020-11-03,2020110304002302,GIC,44,40,10,535.00,"5,350.00"
2020-11-03,2020110304002301,GIC,44,14,10,535.00,"5,350.00"
2020-11-03,2020110304002300,GIC,44,14,10,535.00,"5,350.00"
2020-11-03,2020110304002299,GIC,44,14,10,535.00,"5,350.00"
2020-11-03,2020110304002315,GIC,42,26,10,535.00,"5,350.00"
2020-11-03,2020110304002312,GIC,42,52,10,535.00,"5,350.00"
2020-11-03,2020110304002309,GIC,36,29,10,534.00,"5,340.00"
2020-11-03,2020110304002308,GIC,36,29,10,534.00,"5,340.00"
2020-11-03,2020110304002306,GIC,36,48,10,534.00,"5,340.00"
2020-11-03,2020110304002305,GIC,36,40,10,534.00,"5,340.00"
2020-11-03,2020110304002323,GIC,42,29,10,535.00,"5,350.00"
2020-11-03,2020110304002322,GIC,42,26,10,535.00,"5,350.00"
2020-11-03,2020110304002319,GIC,42,22,10,535.00,"5,350.00"
2020-11-03,2020110304002318,GIC,42,29,10,535.00,"5,350.00"
2020-11-03,2020110304002317,GIC,42,47,10,535.00,"5,350.00"
2020-11-03,2020110304002316,GIC,42,40,10,535.00,"5,350.00"
2020-11-03,2020110304002329,GIC,36,40,10,534.00,"5,340.00"
2020-11-03,2020110304002328,GIC,42,29,10,535.00,"5,350.00"
2020-11-03,2020110304002327,GIC,42,40,10,535.00,"5,350.00"
2020-11-03,2020110304002326,GIC,42,29,10,535.00,"5,350.00"
2020-11-03,2020110304002325,GIC,42,56,10,535.00,"5,350.00"
2020-11-03,2020110304002324,GIC,42,26,10,535.00,"5,350.00"
2020-11-03,2020110304002336,GIC,29,42,10,536.00,"5,360.00"
2020-11-03,2020110304002335,GIC,36,58,10,534.00,"5,340.00"
2020-11-03,2020110304002334,GIC,36,40,10,534.00,"5,340.00"
2020-11-03,2020110304002333,GIC,42,35,10,535.00,"5,350.00"
2020-11-03,2020110304002332,GIC,42,14,10,535.00,"5,350.00"
2020-11-03,2020110304002331,GIC,36,29,10,534.00,"5,340.00"
2020-11-03,2020110304002343,GIC,10,1,10,534.00,"5,340.00"
2020-11-03,2020110304002342,GIC,10,58,10,534.00,"5,340.00"
2020-11-03,2020110304002341,GIC,36,42,10,534.00,"5,340.00"
2020-11-03,2020110304002339,GIC,29,34,90,536.00,"48,240.00"
2020-11-03,2020110304002338,GIC,29,35,40,536.00,"21,440.00"
2020-11-03,2020110304002337,GIC,29,50,10,536.00,"5,360.00"
2020-11-03,2020110304002358,GIC,41,25,10,533.00,"5,330.00"
2020-11-03,2020110304002356,GIC,41,1,10,533.00,"5,330.00"
2020-11-03,2020110304002355,GIC,41,20,10,533.00,"5,330.00"
2020-11-03,2020110304002349,GIC,10,1,10,534.00,"5,340.00"
2020-11-03,2020110304002347,GIC,10,58,10,534.00,"5,340.00"
2020-11-03,2020110304002344,GIC,10,29,10,534.00,"5,340.00"
2020-11-03,2020110304002370,GIC,48,14,10,535.00,"5,350.00"
2020-11-03,2020110304002369,GIC,49,40,10,534.00,"5,340.00"
2020-11-03,2020110304002368,GIC,42,49,10,533.00,"5,330.00"
2020-11-03,2020110304002364,GIC,41,8,10,533.00,"5,330.00"
2020-11-03,2020110304002361,GIC,41,8,10,533.00,"5,330.00"
2020-11-03,2020110304002360,GIC,41,36,10,533.00,"5,330.00"
2020-11-03,2020110304002376,GIC,19,40,10,536.00,"5,360.00"
2020-11-03,2020110304002375,GIC,19,11,10,536.00,"5,360.00"
2020-11-03,2020110304002374,GIC,19,34,10,536.00,"5,360.00"
2020-11-03,2020110304002373,GIC,48,58,10,535.00,"5,350.00"
2020-11-03,2020110304002372,GIC,48,40,10,535.00,"5,350.00"
2020-11-03,2020110304002371,GIC,48,29,10,535.00,"5,350.00"
2020-11-03,2020110304002386,GIC,19,58,10,538.00,"5,380.00"
2020-11-03,2020110304002385,GIC,19,39,10,538.00,"5,380.00"
2020-11-03,2020110304002384,GIC,19,39,10,538.00,"5,380.00"
2020-11-03,2020110304002383,GIC,19,8,10,538.00,"5,380.00"
2020-11-03,2020110304002382,GIC,19,45,10,536.00,"5,360.00"
2020-11-03,2020110304002381,GIC,19,7,10,536.00,"5,360.00"
2020-11-03,2020110304002398,GIC,49,21,10,534.00,"5,340.00"
2020-11-03,2020110304002395,GIC,49,6,10,534.00,"5,340.00"
2020-11-03,2020110304002394,GIC,49,13,10,534.00,"5,340.00"
2020-11-03,2020110304002393,GIC,49,13,10,534.00,"5,340.00"
2020-11-03,2020110304002391,GIC,49,47,10,534.00,"5,340.00"
2020-11-03,2020110304002387,GIC,49,20,10,534.00,"5,340.00"
2020-11-03,2020110304002404,GIC,25,44,10,540.00,"5,400.00"
2020-11-03,2020110304002403,GIC,25,57,10,540.00,"5,400.00"
2020-11-03,2020110304002402,GIC,25,25,10,540.00,"5,400.00"
2020-11-03,2020110304002401,GIC,25,28,10,540.00,"5,400.00"
2020-11-03,2020110304002400,GIC,25,22,10,540.00,"5,400.00"
2020-11-03,2020110304002399,GIC,25,57,10,540.00,"5,400.00"
2020-11-03,2020110304002410,GIC,25,8,10,540.00,"5,400.00"
2020-11-03,2020110304002409,GIC,25,21,10,540.00,"5,400.00"
2020-11-03,2020110304002408,GIC,25,19,10,540.00,"5,400.00"
2020-11-03,2020110304002407,GIC,25,29,10,540.00,"5,400.00"
2020-11-03,2020110304002406,GIC,25,21,10,540.00,"5,400.00"
2020-11-03,2020110304002405,GIC,25,58,10,540.00,"5,400.00"
2020-11-03,2020110304002420,GIC,22,29,10,541.00,"5,410.00"
2020-11-03,2020110304002416,GIC,25,41,10,540.00,"5,400.00"
2020-11-03,2020110304002415,GIC,25,20,10,540.00,"5,400.00"
2020-11-03,2020110304002413,GIC,25,29,10,540.00,"5,400.00"
2020-11-03,2020110304002412,GIC,25,41,10,540.00,"5,400.00"
2020-11-03,2020110304002411,GIC,25,8,10,540.00,"5,400.00"
2020-11-03,2020110304002427,GIC,25,7,10,540.00,"5,400.00"
2020-11-03,2020110304002426,GIC,25,56,10,540.00,"5,400.00"
2020-11-03,2020110304002425,GIC,25,29,10,540.00,"5,400.00"
2020-11-03,2020110304002423,GIC,22,52,10,541.00,"5,410.00"
2020-11-03,2020110304002422,GIC,22,39,10,541.00,"5,410.00"
2020-11-03,2020110304002421,GIC,22,37,10,541.00,"5,410.00"
2020-11-03,2020110304002435,GIC,59,7,10,540.00,"5,400.00"
2020-11-03,2020110304002434,GIC,22,21,10,542.00,"5,420.00"
2020-11-03,2020110304002433,GIC,22,39,10,542.00,"5,420.00"
2020-11-03,2020110304002432,GIC,22,39,10,542.00,"5,420.00"
2020-11-03,2020110304002431,GIC,22,39,10,542.00,"5,420.00"
2020-11-03,2020110304002428,GIC,59,43,10,540.00,"5,400.00"
2020-11-03,2020110304002443,GIC,16,52,10,543.00,"5,430.00"
2020-11-03,2020110304002441,GIC,26,56,10,541.00,"5,410.00"
2020-11-03,2020110304002439,GIC,26,33,10,541.00,"5,410.00"
2020-11-03,2020110304002438,GIC,26,7,10,541.00,"5,410.00"
2020-11-03,2020110304002437,GIC,26,10,10,541.00,"5,410.00"
2020-11-03,2020110304002436,GIC,59,29,10,540.00,"5,400.00"
2020-11-03,2020110304002449,GIC,16,29,10,544.00,"5,440.00"
2020-11-03,2020110304002448,GIC,16,34,10,543.00,"5,430.00"
2020-11-03,2020110304002447,GIC,16,1,10,543.00,"5,430.00"
2020-11-03,2020110304002446,GIC,16,45,10,543.00,"5,430.00"
2020-11-03,2020110304002445,GIC,16,50,10,543.00,"5,430.00"
2020-11-03,2020110304002444,GIC,16,52,10,543.00,"5,430.00"
2020-11-03,2020110304002458,GIC,22,7,10,543.00,"5,430.00"
2020-11-03,2020110304002456,GIC,22,56,10,543.00,"5,430.00"
2020-11-03,2020110304002455,GIC,26,7,10,541.00,"5,410.00"
2020-11-03,2020110304002452,GIC,16,45,10,544.00,"5,440.00"
2020-11-03,2020110304002451,GIC,16,41,10,544.00,"5,440.00"
2020-11-03,2020110304002450,GIC,16,48,10,544.00,"5,440.00"
2020-11-03,2020110304002464,GIC,59,45,10,540.00,"5,400.00"
2020-11-03,2020110304002463,GIC,59,34,10,540.00,"5,400.00"
2020-11-03,2020110304002462,GIC,57,57,10,541.00,"5,410.00"
2020-11-03,2020110304002461,GIC,57,34,10,541.00,"5,410.00"
2020-11-03,2020110304002460,GIC,57,29,10,541.00,"5,410.00"
2020-11-03,2020110304002459,GIC,57,22,10,541.00,"5,410.00"
2020-11-03,2020110304002470,GIC,32,7,10,543.00,"5,430.00"
2020-11-03,2020110304002469,GIC,32,36,10,541.00,"5,410.00"
2020-11-03,2020110304002468,GIC,32,29,10,541.00,"5,410.00"
2020-11-03,2020110304002467,GIC,32,56,10,541.00,"5,410.00"
2020-11-03,2020110304002466,GIC,32,43,10,541.00,"5,410.00"
2020-11-03,2020110304002465,GIC,59,52,15,544.00,"8,160.00"
2020-11-03,2020110304002477,GIC,57,29,10,541.00,"5,410.00"
2020-11-03,2020110304002476,GIC,26,28,10,544.00,"5,440.00"
2020-11-03,2020110304002475,GIC,26,21,10,544.00,"5,440.00"
2020-11-03,2020110304002474,GIC,26,45,10,544.00,"5,440.00"
2020-11-03,2020110304002473,GIC,26,56,10,544.00,"5,440.00"
2020-11-03,2020110304002472,GIC,26,34,10,544.00,"5,440.00"
2020-11-03,2020110304002483,GIC,32,58,10,541.00,"5,410.00"
2020-11-03,2020110304002482,GIC,32,20,10,541.00,"5,410.00"
2020-11-03,2020110304002481,GIC,32,14,10,541.00,"5,410.00"
2020-11-03,2020110304002480,GIC,32,29,10,541.00,"5,410.00"
2020-11-03,2020110304002479,GIC,32,4,10,541.00,"5,410.00"
2020-11-03,2020110304002478,GIC,32,29,10,541.00,"5,410.00"
2020-11-03,2020110304002491,GIC,56,29,10,540.00,"5,400.00"
2020-11-03,2020110304002490,GIC,56,56,10,540.00,"5,400.00"
2020-11-03,2020110304002489,GIC,56,29,10,540.00,"5,400.00"
2020-11-03,2020110304002486,GIC,45,41,10,541.00,"5,410.00"
2020-11-03,2020110304002485,GIC,56,56,10,540.00,"5,400.00"
2020-11-03,2020110304002484,GIC,56,17,10,540.00,"5,400.00"
2020-11-03,2020110304002498,GIC,56,29,10,540.00,"5,400.00"
2020-11-03,2020110304002497,GIC,56,56,10,540.00,"5,400.00"
2020-11-03,2020110304002496,GIC,56,53,10,540.00,"5,400.00"
2020-11-03,2020110304002495,GIC,56,45,10,540.00,"5,400.00"
2020-11-03,2020110304002494,GIC,56,56,10,540.00,"5,400.00"
2020-11-03,2020110304002493,GIC,56,28,10,540.00,"5,400.00"
2020-11-03,2020110304002504,GIC,57,56,10,541.00,"5,410.00"
2020-11-03,2020110304002503,GIC,57,36,10,541.00,"5,410.00"
2020-11-03,2020110304002502,GIC,57,36,10,541.00,"5,410.00"
2020-11-03,2020110304002501,GIC,56,56,10,540.00,"5,400.00"
2020-11-03,2020110304002500,GIC,56,56,10,540.00,"5,400.00"
2020-11-03,2020110304002499,GIC,56,20,10,540.00,"5,400.00"
2020-11-03,2020110304002513,GIC,41,57,10,541.00,"5,410.00"
2020-11-03,2020110304002511,GIC,52,41,10,542.00,"5,420.00"
2020-11-03,2020110304002509,GIC,41,29,10,541.00,"5,410.00"
2020-11-03,2020110304002508,GIC,41,42,10,541.00,"5,410.00"
2020-11-03,2020110304002507,GIC,57,42,30,541.00,"16,230.00"
2020-11-03,2020110304002506,GIC,57,56,10,541.00,"5,410.00"
2020-11-03,2020110304002528,GIC,52,58,10,544.00,"5,440.00"
2020-11-03,2020110304002527,GIC,52,35,10,544.00,"5,440.00"
2020-11-03,2020110304002526,GIC,52,57,10,543.00,"5,430.00"
2020-11-03,2020110304002525,GIC,52,52,10,543.00,"5,430.00"
2020-11-03,2020110304002516,GIC,42,29,10,542.00,"5,420.00"
2020-11-03,2020110304002515,GIC,52,52,10,542.00,"5,420.00"
2020-11-03,2020110304002534,GIC,52,52,10,544.00,"5,440.00"
2020-11-03,2020110304002533,GIC,52,6,10,544.00,"5,440.00"
2020-11-03,2020110304002532,GIC,52,39,10,544.00,"5,440.00"
2020-11-03,2020110304002531,GIC,52,51,10,544.00,"5,440.00"
2020-11-03,2020110304002530,GIC,52,10,10,544.00,"5,440.00"
2020-11-03,2020110304002529,GIC,52,7,10,544.00,"5,440.00"
2020-11-03,2020110304002540,GIC,52,46,10,545.00,"5,450.00"
2020-11-03,2020110304002539,GIC,52,29,10,545.00,"5,450.00"
2020-11-03,2020110304002538,GIC,52,34,10,545.00,"5,450.00"
2020-11-03,2020110304002537,GIC,52,29,10,545.00,"5,450.00"
2020-11-03,2020110304002536,GIC,52,29,10,545.00,"5,450.00"
2020-11-03,2020110304002535,GIC,52,29,10,545.00,"5,450.00"
2020-11-03,2020110304002549,GIC,52,4,10,545.00,"5,450.00"
2020-11-03,2020110304002548,GIC,52,42,10,545.00,"5,450.00"
2020-11-03,2020110304002547,GIC,22,36,10,542.00,"5,420.00"
2020-11-03,2020110304002543,GIC,52,13,10,545.00,"5,450.00"
2020-11-03,2020110304002542,GIC,52,46,10,545.00,"5,450.00"
2020-11-03,2020110304002541,GIC,52,49,20,545.00,"10,900.00"
2020-11-03,2020110304002555,GIC,22,35,10,542.00,"5,420.00"
2020-11-03,2020110304002554,GIC,22,6,10,542.00,"5,420.00"
2020-11-03,2020110304002553,GIC,22,38,10,542.00,"5,420.00"
2020-11-03,2020110304002552,GIC,22,21,10,542.00,"5,420.00"
2020-11-03,2020110304002551,GIC,22,7,10,542.00,"5,420.00"
2020-11-03,2020110304002550,GIC,52,52,70,545.00,"38,150.00"
2020-11-03,2020110304002561,GIC,41,45,10,541.00,"5,410.00"
2020-11-03,2020110304002560,GIC,41,32,10,541.00,"5,410.00"
2020-11-03,2020110304002559,GIC,22,38,10,542.00,"5,420.00"
2020-11-03,2020110304002558,GIC,22,28,10,542.00,"5,420.00"
2020-11-03,2020110304002557,GIC,22,48,10,542.00,"5,420.00"
2020-11-03,2020110304002556,GIC,22,32,10,542.00,"5,420.00"
2020-11-03,2020110304002569,GIC,48,49,10,541.00,"5,410.00"
2020-11-03,2020110304002568,GIC,41,32,10,541.00,"5,410.00"
2020-11-03,2020110304002567,GIC,41,45,10,541.00,"5,410.00"
2020-11-03,2020110304002566,GIC,41,38,10,541.00,"5,410.00"
2020-11-03,2020110304002565,GIC,41,51,10,541.00,"5,410.00"
2020-11-03,2020110304002562,GIC,41,55,10,541.00,"5,410.00"
2020-11-03,2020110304002576,GIC,38,48,10,542.00,"5,420.00"
2020-11-03,2020110304002574,GIC,38,42,10,542.00,"5,420.00"
2020-11-03,2020110304002573,GIC,48,32,10,541.00,"5,410.00"
2020-11-03,2020110304002572,GIC,33,45,10,542.00,"5,420.00"
2020-11-03,2020110304002571,GIC,33,38,10,542.00,"5,420.00"
2020-11-03,2020110304002570,GIC,33,45,10,542.00,"5,420.00"
2020-11-03,2020110304002585,GIC,59,33,10,542.00,"5,420.00"
2020-11-03,2020110304002584,GIC,38,42,10,541.00,"5,410.00"
2020-11-03,2020110304002581,GIC,3,8,10,542.00,"5,420.00"
2020-11-03,2020110304002580,GIC,38,3,10,541.00,"5,410.00"
2020-11-03,2020110304002578,GIC,38,38,10,542.00,"5,420.00"
2020-11-03,2020110304002577,GIC,38,25,10,542.00,"5,420.00"
2020-11-03,2020110304002591,GIC,59,42,10,544.00,"5,440.00"
2020-11-03,2020110304002590,GIC,59,42,10,544.00,"5,440.00"
2020-11-03,2020110304002589,GIC,59,21,10,543.00,"5,430.00"
2020-11-03,2020110304002588,GIC,59,51,10,543.00,"5,430.00"
2020-11-03,2020110304002587,GIC,59,4,10,542.00,"5,420.00"
2020-11-03,2020110304002586,GIC,59,25,10,542.00,"5,420.00"
2020-11-03,2020110304002597,GIC,59,19,10,545.00,"5,450.00"
2020-11-03,2020110304002596,GIC,59,17,10,545.00,"5,450.00"
2020-11-03,2020110304002595,GIC,59,4,10,545.00,"5,450.00"
2020-11-03,2020110304002594,GIC,59,4,10,545.00,"5,450.00"
2020-11-03,2020110304002593,GIC,59,52,130,545.00,"70,850.00"
2020-11-03,2020110304002592,GIC,59,52,10,544.00,"5,440.00"
2020-11-03,2020110304002604,GIC,22,8,10,542.00,"5,420.00"
2020-11-03,2020110304002603,GIC,22,49,10,542.00,"5,420.00"
2020-11-03,2020110304002602,GIC,22,38,10,542.00,"5,420.00"
2020-11-03,2020110304002601,GIC,22,21,10,542.00,"5,420.00"
2020-11-03,2020110304002600,GIC,22,26,10,542.00,"5,420.00"
2020-11-03,2020110304002598,GIC,38,42,10,541.00,"5,410.00"
2020-11-03,2020110304002611,GIC,38,21,10,541.00,"5,410.00"
2020-11-03,2020110304002610,GIC,38,45,10,541.00,"5,410.00"
2020-11-03,2020110304002608,GIC,22,17,10,542.00,"5,420.00"
2020-11-03,2020110304002607,GIC,22,8,10,542.00,"5,420.00"
2020-11-03,2020110304002606,GIC,22,42,10,542.00,"5,420.00"
2020-11-03,2020110304002605,GIC,39,19,10,545.00,"5,450.00"
2020-11-03,2020110304002617,GIC,42,54,100,541.00,"54,100.00"
2020-11-03,2020110304002616,GIC,38,6,10,541.00,"5,410.00"
2020-11-03,2020110304002615,GIC,38,49,10,541.00,"5,410.00"
2020-11-03,2020110304002614,GIC,38,21,10,541.00,"5,410.00"
2020-11-03,2020110304002613,GIC,38,28,10,541.00,"5,410.00"
2020-11-03,2020110304002612,GIC,38,57,10,541.00,"5,410.00"
2020-11-03,2020110304002624,GIC,42,8,10,541.00,"5,410.00"
2020-11-03,2020110304002623,GIC,42,58,10,541.00,"5,410.00"
2020-11-03,2020110304002622,GIC,42,48,10,541.00,"5,410.00"
2020-11-03,2020110304002620,GIC,42,42,10,541.00,"5,410.00"
2020-11-03,2020110304002619,GIC,42,8,10,541.00,"5,410.00"
2020-11-03,2020110304002618,GIC,42,21,10,541.00,"5,410.00"
2020-11-03,2020110304002631,GIC,42,21,10,541.00,"5,410.00"
2020-11-03,2020110304002630,GIC,42,8,10,541.00,"5,410.00"
2020-11-03,2020110304002628,GIC,42,50,10,541.00,"5,410.00"
2020-11-03,2020110304002627,GIC,41,38,10,542.00,"5,420.00"
2020-11-03,2020110304002626,GIC,41,42,10,542.00,"5,420.00"
2020-11-03,2020110304002625,GIC,42,21,10,541.00,"5,410.00"
2020-11-03,2020110304002637,GIC,56,21,10,540.00,"5,400.00"
2020-11-03,2020110304002636,GIC,59,36,10,541.00,"5,410.00"
2020-11-03,2020110304002635,GIC,59,50,10,541.00,"5,410.00"
2020-11-03,2020110304002634,GIC,34,38,10,541.00,"5,410.00"
2020-11-03,2020110304002633,GIC,34,38,10,541.00,"5,410.00"
2020-11-03,2020110304002632,GIC,34,50,10,541.00,"5,410.00"
2020-11-03,2020110304002643,GIC,41,7,10,541.00,"5,410.00"
2020-11-03,2020110304002642,GIC,56,19,10,540.00,"5,400.00"
2020-11-03,2020110304002641,GIC,56,42,10,540.00,"5,400.00"
2020-11-03,2020110304002640,GIC,56,38,10,540.00,"5,400.00"
2020-11-03,2020110304002639,GIC,56,58,10,540.00,"5,400.00"
2020-11-03,2020110304002638,GIC,56,8,10,540.00,"5,400.00"
2020-11-03,2020110304002651,GIC,56,57,10,540.00,"5,400.00"
2020-11-03,2020110304002650,GIC,56,58,10,540.00,"5,400.00"
2020-11-03,2020110304002649,GIC,56,1,10,540.00,"5,400.00"
2020-11-03,2020110304002646,GIC,56,14,10,540.00,"5,400.00"
2020-11-03,2020110304002645,GIC,56,21,10,540.00,"5,400.00"
2020-11-03,2020110304002644,GIC,41,58,10,541.00,"5,410.00"
2020-11-03,2020110304002658,GIC,50,48,10,540.00,"5,400.00"
2020-11-03,2020110304002657,GIC,50,45,19,540.00,"10,260.00"
2020-11-03,2020110304002656,GIC,56,45,20,540.00,"10,800.00"
2020-11-03,2020110304002655,GIC,56,48,10,540.00,"5,400.00"
2020-11-03,2020110304002653,GIC,56,14,10,540.00,"5,400.00"
2020-11-03,2020110304002652,GIC,56,6,10,540.00,"5,400.00"
2020-11-03,2020110304002669,GIC,50,35,10,540.00,"5,400.00"
2020-11-03,2020110304002668,GIC,50,58,10,540.00,"5,400.00"
2020-11-03,2020110304002665,GIC,50,14,10,540.00,"5,400.00"
2020-11-03,2020110304002663,GIC,50,14,10,540.00,"5,400.00"
2020-11-03,2020110304002660,GIC,50,48,10,540.00,"5,400.00"
2020-11-03,2020110304002659,GIC,50,14,10,540.00,"5,400.00"
2020-11-03,2020110304002676,GIC,40,58,10,540.00,"5,400.00"
2020-11-03,2020110304002675,GIC,46,38,10,540.00,"5,400.00"
2020-11-03,2020110304002674,GIC,46,48,10,540.00,"5,400.00"
2020-11-03,2020110304002673,GIC,46,38,10,540.00,"5,400.00"
2020-11-03,2020110304002672,GIC,46,38,10,540.00,"5,400.00"
2020-11-03,2020110304002671,GIC,46,1,10,540.00,"5,400.00"
2020-11-03,2020110304002683,GIC,35,58,10,539.00,"5,390.00"
2020-11-03,2020110304002682,GIC,35,45,10,539.00,"5,390.00"
2020-11-03,2020110304002680,GIC,40,49,10,540.00,"5,400.00"
2020-11-03,2020110304002679,GIC,40,38,10,540.00,"5,400.00"
2020-11-03,2020110304002678,GIC,40,55,10,540.00,"5,400.00"
2020-11-03,2020110304002677,GIC,40,21,10,540.00,"5,400.00"
2020-11-03,2020110304002691,GIC,21,36,10,540.00,"5,400.00"
2020-11-03,2020110304002690,GIC,21,37,10,540.00,"5,400.00"
2020-11-03,2020110304002689,GIC,21,49,10,540.00,"5,400.00"
2020-11-03,2020110304002688,GIC,35,53,10,539.00,"5,390.00"
2020-11-03,2020110304002685,GIC,35,14,10,539.00,"5,390.00"
2020-11-03,2020110304002684,GIC,35,54,10,539.00,"5,390.00"
2020-11-03,2020110304002697,GIC,21,16,10,540.00,"5,400.00"
2020-11-03,2020110304002696,GIC,21,57,10,540.00,"5,400.00"
2020-11-03,2020110304002695,GIC,21,39,10,540.00,"5,400.00"
2020-11-03,2020110304002694,GIC,21,52,10,540.00,"5,400.00"
2020-11-03,2020110304002693,GIC,21,16,10,540.00,"5,400.00"
2020-11-03,2020110304002692,GIC,21,51,10,540.00,"5,400.00"
2020-11-03,2020110304002704,GIC,21,14,10,540.00,"5,400.00"
2020-11-03,2020110304002703,GIC,21,38,10,540.00,"5,400.00"
2020-11-03,2020110304002702,GIC,57,35,10,541.00,"5,410.00"
2020-11-03,2020110304002701,GIC,21,49,10,540.00,"5,400.00"
2020-11-03,2020110304002700,GIC,11,35,20,541.00,"10,820.00"
2020-11-03,2020110304002698,GIC,41,40,10,541.00,"5,410.00"
2020-11-03,2020110304002718,GIC,21,14,10,540.00,"5,400.00"
2020-11-03,2020110304002717,GIC,21,17,10,540.00,"5,400.00"
2020-11-03,2020110304002710,GIC,21,52,10,540.00,"5,400.00"
2020-11-03,2020110304002709,GIC,21,41,10,540.00,"5,400.00"
2020-11-03,2020110304002707,GIC,21,29,10,540.00,"5,400.00"
2020-11-03,2020110304002706,GIC,21,38,10,540.00,"5,400.00"
2020-11-03,2020110304002289,GIMES1,6,42,300,10.01,"3,003.00"
2020-11-03,2020110304002670,LEMF,26,6,"5,000",9.54,"47,700.00"
2020-11-03,2020110304002664,LEMF,26,57,"5,000",9.50,"47,500.00"
2020-11-03,2020110304002512,LEMF,33,55,"1,000",9.46,"9,460.00"
2020-11-03,2020110304002739,LUK,22,48,"2,000",9.21,"18,420.00"
2020-11-03,2020110304002699,LUK,22,32,100,9.21,921.00
2020-11-03,2020110304002667,LUK,22,58,100,9.21,921.00
2020-11-03,2020110304002419,LUK,22,32,100,9.25,925.00
2020-11-03,2020110304002311,LUK,6,47,"2,500",9.20,"23,000.00"
2020-11-03,2020110304002310,LUK,53,47,200,9.20,"1,840.00"
2020-11-03,2020110304002250,LUK,53,58,400,9.20,"3,680.00"
2020-11-03,2020110304002686,NBF2,14,21,100,9.54,954.00
2020-11-03,2020110304002666,NBF2,14,58,100,9.54,954.00
2020-11-03,2020110304002648,NBF2,14,22,"1,120",9.54,"10,684.80"
2020-11-03,2020110304002647,NBF2,6,22,"3,880",9.54,"37,015.20"
2020-11-03,2020110304002259,NBF2,6,3,"1,000",9.54,"9,540.00"
2020-11-03,2020110304002621,NBF2,6,11,"1,000",9.54,"9,540.00"
2020-11-03,2020110304002546,NBF2,6,14,120,9.54,"1,144.80"
2020-11-03,2020110304002505,NBF2,6,14,380,9.54,"3,625.20"
2020-11-03,2020110304002274,NBF2,6,22,"7,000",9.54,"66,780.00"
2020-11-03,2020110304002734,NEF,55,42,887,9.50,"8,426.50"
2020-11-03,2020110304002733,NEF,42,42,113,9.57,"1,081.41"
2020-11-03,2020110304002575,NEF,14,22,"15,000",9.60,"144,000.00"
2020-11-03,2020110304002454,NEF,51,17,517,9.75,"5,040.75"
2020-11-03,2020110304002453,NEF,51,48,483,9.75,"4,709.25"
2020-11-03,2020110304002346,NEF,3,41,"6,381",9.75,"62,214.75"
2020-11-03,2020110304002345,NEF,3,57,721,9.75,"7,029.75"
2020-11-03,2020110304002340,NEF,3,57,279,9.75,"2,720.25"
2020-11-03,2020110304002380,NIBLPF,53,10,647,9.85,"6,372.95"
2020-11-03,2020110304002379,NIBLPF,53,22,500,9.85,"4,925.00"
2020-11-03,2020110304002378,NIBLPF,53,22,"9,054",9.85,"89,181.90"
2020-11-03,2020110304002377,NIBLPF,53,4,"4,799",9.84,"47,222.16"
2020-11-03,2020110304002357,NIBLPF,53,4,"1,265",9.84,"12,447.60"
2020-11-03,2020110304002354,NIBLPF,53,17,"4,600",9.83,"45,218.00"
2020-11-03,2020110304002353,NIBLPF,53,35,"1,729",9.83,"16,996.07"
2020-11-03,2020110304002352,NIBLPF,53,35,"1,729",9.83,"16,996.07"
2020-11-03,2020110304002351,NIBLPF,53,35,677,9.70,"6,566.90"
2020-11-03,2020110304002737,NIBPO,19,57,"1,219",375.00,"457,125.00"
2020-11-03,2020110304002736,NIBPO,8,57,67,375.00,"25,125.00"
2020-11-03,2020110304002723,NIBPO,32,55,10,376.00,"3,760.00"
2020-11-03,2020110304002722,NIBPO,25,55,990,376.00,"372,240.00"
2020-11-03,2020110304002712,NIBPO,25,39,10,376.00,"3,760.00"
2020-11-03,2020110304002563,NIBPO,39,39,9,375.00,"3,375.00"
2020-11-03,2020110304002307,NIBPO,39,39,9,374.00,"3,366.00"
2020-11-03,2020110304002396,NIBPO,3,32,200,375.00,"75,000.00"
2020-11-03,2020110304002392,NIBPO,39,39,6,374.00,"2,244.00"
2020-11-03,2020110304002390,NIBPO,47,32,115,376.00,"43,240.00"
2020-11-03,2020110304002389,NIBPO,47,32,12,376.00,"4,512.00"
2020-11-03,2020110304002388,NIBPO,25,32,"1,000",376.00,"376,000.00"
2020-11-03,2020110304002350,NIBPO,39,39,9,374.00,"3,366.00"
2020-11-03,2020110304002514,NIBPO,8,32,933,375.00,"349,875.00"
2020-11-03,2020110304002487,NIBPO,14,32,67,377.00,"25,259.00"
2020-11-03,2020110304002471,NIBPO,14,32,173,377.00,"65,221.00"
2020-11-03,2020110304002457,NIBPO,39,39,9,375.00,"3,375.00"
2020-11-03,2020110304002414,NIBPO,39,39,6,374.00,"2,244.00"
2020-11-03,2020110304002397,NIBPO,19,32,"1,500",375.00,"562,500.00"
2020-11-03,2020110304002742,NICAD8283,6,34,100,"1,155.00","115,500.00"
2020-11-03,2020110304002741,NICAD8283,6,45,100,"1,154.00","115,400.00"
2020-11-03,2020110304002740,NICAD8283,6,58,50,"1,153.00","57,650.00"
2020-11-03,2020110304002545,NICBF,16,58,800,9.76,"7,808.00"
2020-11-03,2020110304002544,NICBF,16,41,"3,300",9.76,"32,208.00"
2020-11-03,2020110304002524,NICBF,16,8,"2,700",9.58,"25,866.00"
2020-11-03,2020110304002523,NICBF,16,28,"1,000",9.58,"9,580.00"
2020-11-03,2020110304002522,NICBF,16,57,500,9.57,"4,785.00"
2020-11-03,2020110304002521,NICBF,16,28,800,9.57,"7,656.00"
2020-11-03,2020110304002520,NICBF,16,11,200,9.50,"1,900.00"
2020-11-03,2020110304002440,NICBF,16,3,"1,000",9.45,"9,450.00"
2020-11-03,2020110304002262,NICBF,6,58,200,9.40,"1,880.00"
2020-11-03,2020110304002714,NICGF,14,58,"1,540",9.88,"15,215.20"
2020-11-03,2020110304002629,NICGF,14,34,460,9.88,"4,544.80"
2020-11-03,2020110304002599,NICGF,33,34,540,9.90,"5,346.00"
2020-11-03,2020110304002519,NICGF,33,58,"4,360",9.90,"43,164.00"
2020-11-03,2020110304002517,NICGF,33,17,100,9.90,990.00
2020-11-03,2020110304002442,NICGF,56,51,500,9.88,"4,940.00"
2020-11-03,2020110304002708,NMB50,14,58,"7,700",9.81,"75,537.00"
2020-11-03,2020110304002430,NMB50,14,48,200,9.81,"1,962.00"
2020-11-03,2020110304002424,NMB50,14,48,"1,000",9.81,"9,810.00"
2020-11-03,2020110304002418,NMB50,14,48,"1,000",9.81,"9,810.00"
2020-11-03,2020110304002417,NMB50,14,48,"1,000",9.81,"9,810.00"
2020-11-03,2020110304002330,NMB50,51,3,"1,000",9.85,"9,850.00"
2020-11-03,2020110304002367,NMBHF1,14,49,"1,577",9.65,"15,218.05"
2020-11-03,2020110304002366,NMBHF1,14,45,"1,409",9.64,"13,582.76"
2020-11-03,2020110304002365,NMBHF1,14,1,"1,577",9.64,"15,202.28"
2020-11-03,2020110304002321,NMBHF1,58,45,591,9.64,"5,697.24"
2020-11-03,2020110304002731,RBCLPO,42,35,10,"12,645.00","126,450.00"
2020-11-03,2020110304002726,RBCLPO,19,34,15,"12,600.00","189,000.00"
2020-11-03,2020110304002725,RBCLPO,32,34,15,"12,601.00","189,015.00"
2020-11-03,2020110304002724,RBCLPO,5,34,20,"12,602.00","252,040.00"
2020-11-03,2020110304002716,RBCLPO,32,35,20,"12,603.00","252,060.00"
2020-11-03,2020110304002705,RBCLPO,6,26,20,"12,605.00","252,100.00"
2020-11-03,2020110304002510,RBCLPO,19,19,10,"12,600.00","126,000.00"
2020-11-03,2020110304002320,RBCLPO,43,14,10,"12,553.00","125,530.00"
2020-11-03,2020110304002735,SAEF,14,37,"1,000",10.33,"10,330.00"
2020-11-03,2020110304002713,SAEF,59,22,500,10.30,"5,150.00"
2020-11-03,2020110304002681,SAEF,56,53,"1,500",10.24,"15,360.00"
2020-11-03,2020110304002654,SAEF,56,1,300,10.24,"3,072.00"
2020-11-03,2020110304002609,SAEF,56,34,500,10.24,"5,120.00"
2020-11-03,2020110304002583,SAEF,51,36,"5,000",10.25,"51,250.00"
2020-11-03,2020110304002711,SEF,14,58,"1,000",9.80,"9,800.00"
2020-11-03,2020110304002579,SEF,51,58,"1,000",9.80,"9,800.00"
2020-11-03,2020110304002492,SEF,58,53,"1,000",9.80,"9,800.00"
2020-11-03,2020110304002273,SEF,56,59,"1,000",9.80,"9,800.00"
2020-11-03,2020110304002272,SEF,56,54,"1,000",9.80,"9,800.00"
2020-11-03,2020110304002582,SFMF,28,58,100,9.31,931.00
2020-11-03,2020110304002662,SRBLD83,6,58,25,"1,075.00","26,875.00"
2020-11-03,2020110304002564,SRBLD83,6,6,25,"1,075.00","26,875.00"
2020-11-03,2020110304002738,STC,45,3,10,"3,869.00","38,690.00"
2020-11-03,2020110304002732,STC,40,52,10,"3,837.00","38,370.00"
2020-11-03,2020110304002687,STC,49,3,50,"3,830.00","191,500.00"
2020-11-03,2020110304002661,STC,57,34,30,"3,829.00","114,870.00"
2020-11-03,2020110304002363,STC,41,49,10,"3,845.00","38,450.00"
2020-11-03,2020110304002362,STC,41,26,10,"3,845.00","38,450.00"
2020-11-03,2020110304002359,STC,39,22,14,"3,845.00","53,830.00"
2020-11-03,2020110304002348,STC,48,22,10,"3,845.00","38,450.00"
2020-11-03,2020110304002314,STC,14,59,50,"3,844.00","192,200.00"
2020-11-03,2020110304002313,STC,14,6,10,"3,840.00","38,400.00"
2020-11-03,2020110304001851,BBC,32,26,5,"2,341.00","11,705.00"
2020-11-03,2020110304001753,BBC,32,25,5,"2,341.00","11,705.00"
2020-11-03,2020110304002169,CMF1,6,50,150,9.81,"1,471.50"
2020-11-03,2020110304002147,CMF1,6,32,100,9.81,981.00
2020-11-03,2020110304001818,CMF1,45,38,"6,700",9.80,"65,660.00"
2020-11-03,2020110304001756,GBIMEP,48,37,"79,348",150.00,"11,902,200.00"
2020-11-03,2020110304002242,GIC,45,20,10,535.00,"5,350.00"
2020-11-03,2020110304002241,GIC,45,44,10,535.00,"5,350.00"
2020-11-03,2020110304002240,GIC,45,26,10,535.00,"5,350.00"
2020-11-03,2020110304002239,GIC,45,29,10,535.00,"5,350.00"
2020-11-03,2020110304002238,GIC,45,49,10,535.00,"5,350.00"
2020-11-03,2020110304002237,GIC,45,49,10,535.00,"5,350.00"
2020-11-03,2020110304001744,GIC,44,38,10,528.00,"5,280.00"
2020-11-03,2020110304001743,GIC,44,34,10,528.00,"5,280.00"
2020-11-03,2020110304001750,GIC,44,54,10,528.00,"5,280.00"
2020-11-03,2020110304001749,GIC,44,38,10,528.00,"5,280.00"
2020-11-03,2020110304001748,GIC,44,34,10,528.00,"5,280.00"
2020-11-03,2020110304001747,GIC,49,54,10,529.00,"5,290.00"
2020-11-03,2020110304001746,GIC,49,57,10,529.00,"5,290.00"
2020-11-03,2020110304001745,GIC,49,29,10,529.00,"5,290.00"
2020-11-03,2020110304001758,GIC,44,38,10,528.00,"5,280.00"
2020-11-03,2020110304001757,GIC,44,54,10,528.00,"5,280.00"
2020-11-03,2020110304001755,GIC,44,14,10,528.00,"5,280.00"
2020-11-03,2020110304001754,GIC,44,38,10,528.00,"5,280.00"
2020-11-03,2020110304001752,GIC,44,57,10,528.00,"5,280.00"
2020-11-03,2020110304001751,GIC,44,49,10,528.00,"5,280.00"
2020-11-03,2020110304001765,GIC,44,57,10,528.00,"5,280.00"
2020-11-03,2020110304001764,GIC,26,54,10,529.00,"5,290.00"
2020-11-03,2020110304001763,GIC,26,14,10,529.00,"5,290.00"
2020-11-03,2020110304001762,GIC,44,54,10,528.00,"5,280.00"
2020-11-03,2020110304001761,GIC,44,14,10,528.00,"5,280.00"
2020-11-03,2020110304001760,GIC,44,38,10,528.00,"5,280.00"
2020-11-03,2020110304001772,GIC,44,40,10,528.00,"5,280.00"
2020-11-03,2020110304001771,GIC,44,35,10,528.00,"5,280.00"
2020-11-03,2020110304001770,GIC,44,54,10,528.00,"5,280.00"
2020-11-03,2020110304001769,GIC,44,38,10,528.00,"5,280.00"
2020-11-03,2020110304001768,GIC,44,54,10,528.00,"5,280.00"
2020-11-03,2020110304001767,GIC,44,54,10,528.00,"5,280.00"
2020-11-03,2020110304001779,GIC,43,41,10,530.00,"5,300.00"
2020-11-03,2020110304001778,GIC,43,39,10,530.00,"5,300.00"
2020-11-03,2020110304001777,GIC,47,20,10,528.00,"5,280.00"
2020-11-03,2020110304001776,GIC,44,38,10,528.00,"5,280.00"
2020-11-03,2020110304001774,GIC,44,42,10,528.00,"5,280.00"
2020-11-03,2020110304001773,GIC,44,38,10,528.00,"5,280.00"
2020-11-03,2020110304001785,GIC,43,42,10,530.00,"5,300.00"
2020-11-03,2020110304001784,GIC,43,19,10,530.00,"5,300.00"
2020-11-03,2020110304001783,GIC,43,4,10,530.00,"5,300.00"
2020-11-03,2020110304001782,GIC,43,39,10,530.00,"5,300.00"
2020-11-03,2020110304001781,GIC,43,58,10,530.00,"5,300.00"
2020-11-03,2020110304001780,GIC,43,28,10,530.00,"5,300.00"
2020-11-03,2020110304001791,GIC,43,8,10,530.00,"5,300.00"
2020-11-03,2020110304001790,GIC,43,35,10,530.00,"5,300.00"
2020-11-03,2020110304001789,GIC,43,54,10,530.00,"5,300.00"
2020-11-03,2020110304001788,GIC,43,38,10,530.00,"5,300.00"
2020-11-03,2020110304001787,GIC,43,41,10,530.00,"5,300.00"
2020-11-03,2020110304001786,GIC,43,54,10,530.00,"5,300.00"
2020-11-03,2020110304001797,GIC,43,41,10,530.00,"5,300.00"
2020-11-03,2020110304001796,GIC,43,48,10,530.00,"5,300.00"
2020-11-03,2020110304001795,GIC,43,50,10,530.00,"5,300.00"
2020-11-03,2020110304001794,GIC,43,4,10,530.00,"5,300.00"
2020-11-03,2020110304001793,GIC,43,26,10,530.00,"5,300.00"
2020-11-03,2020110304001792,GIC,43,6,10,530.00,"5,300.00"
2020-11-03,2020110304001803,GIC,43,17,10,530.00,"5,300.00"
2020-11-03,2020110304001802,GIC,43,42,10,530.00,"5,300.00"
2020-11-03,2020110304001801,GIC,43,36,10,530.00,"5,300.00"
2020-11-03,2020110304001800,GIC,43,49,10,530.00,"5,300.00"
2020-11-03,2020110304001799,GIC,43,42,10,530.00,"5,300.00"
2020-11-03,2020110304001798,GIC,43,49,10,530.00,"5,300.00"
2020-11-03,2020110304001809,GIC,43,45,10,530.00,"5,300.00"
2020-11-03,2020110304001808,GIC,43,58,10,530.00,"5,300.00"
2020-11-03,2020110304001807,GIC,43,58,10,530.00,"5,300.00"
2020-11-03,2020110304001806,GIC,43,56,10,530.00,"5,300.00"
2020-11-03,2020110304001805,GIC,43,4,10,530.00,"5,300.00"
2020-11-03,2020110304001804,GIC,43,45,200,530.00,"106,000.00"
2020-11-03,2020110304001815,GIC,43,34,10,530.00,"5,300.00"
2020-11-03,2020110304001814,GIC,43,45,10,530.00,"5,300.00"
2020-11-03,2020110304001813,GIC,43,4,10,530.00,"5,300.00"
2020-11-03,2020110304001812,GIC,43,46,10,530.00,"5,300.00"
2020-11-03,2020110304001811,GIC,43,47,10,530.00,"5,300.00"
2020-11-03,2020110304001810,GIC,43,32,10,530.00,"5,300.00"
2020-11-03,2020110304001839,GIC,58,57,10,530.00,"5,300.00"
2020-11-03,2020110304001831,GIC,17,42,10,529.00,"5,290.00"
2020-11-03,2020110304001830,GIC,17,20,10,529.00,"5,290.00"
2020-11-03,2020110304001829,GIC,17,57,10,529.00,"5,290.00"
2020-11-03,2020110304001819,GIC,17,42,10,529.00,"5,290.00"
2020-11-03,2020110304001816,GIC,43,56,10,530.00,"5,300.00"
2020-11-03,2020110304001853,GIC,51,38,10,530.00,"5,300.00"
2020-11-03,2020110304001852,GIC,51,48,10,530.00,"5,300.00"
2020-11-03,2020110304001850,GIC,19,28,50,531.00,"26,550.00"
2020-11-03,2020110304001849,GIC,51,22,10,530.00,"5,300.00"
2020-11-03,2020110304001848,GIC,51,1,10,530.00,"5,300.00"
2020-11-03,2020110304001846,GIC,58,49,10,529.00,"5,290.00"
2020-11-03,2020110304001860,GIC,33,38,10,531.00,"5,310.00"
2020-11-03,2020110304001859,GIC,33,25,10,531.00,"5,310.00"
2020-11-03,2020110304001858,GIC,43,47,10,530.00,"5,300.00"
2020-11-03,2020110304001857,GIC,43,47,10,530.00,"5,300.00"
2020-11-03,2020110304001856,GIC,43,50,10,530.00,"5,300.00"
2020-11-03,2020110304001855,GIC,51,47,10,530.00,"5,300.00"
2020-11-03,2020110304001866,GIC,17,44,10,531.00,"5,310.00"
2020-11-03,2020110304001865,GIC,43,47,10,530.00,"5,300.00"
2020-11-03,2020110304001864,GIC,43,38,10,530.00,"5,300.00"
2020-11-03,2020110304001863,GIC,43,58,10,530.00,"5,300.00"
2020-11-03,2020110304001862,GIC,33,42,10,531.00,"5,310.00"
2020-11-03,2020110304001861,GIC,33,21,10,531.00,"5,310.00"
2020-11-03,2020110304001872,GIC,47,58,40,532.00,"21,280.00"
2020-11-03,2020110304001871,GIC,47,35,10,532.00,"5,320.00"
2020-11-03,2020110304001870,GIC,47,35,10,532.00,"5,320.00"
2020-11-03,2020110304001869,GIC,47,6,10,532.00,"5,320.00"
2020-11-03,2020110304001868,GIC,43,47,10,530.00,"5,300.00"
2020-11-03,2020110304001867,GIC,43,17,10,530.00,"5,300.00"
2020-11-03,2020110304001884,GIC,43,47,10,530.00,"5,300.00"
2020-11-03,2020110304001883,GIC,51,1,10,531.00,"5,310.00"
2020-11-03,2020110304001880,GIC,43,47,10,530.00,"5,300.00"
2020-11-03,2020110304001878,GIC,43,47,10,530.00,"5,300.00"
2020-11-03,2020110304001877,GIC,17,41,10,531.00,"5,310.00"
2020-11-03,2020110304001874,GIC,56,47,10,531.00,"5,310.00"
2020-11-03,2020110304001891,GIC,57,42,10,532.00,"5,320.00"
2020-11-03,2020110304001890,GIC,57,7,10,532.00,"5,320.00"
2020-11-03,2020110304001889,GIC,57,7,10,532.00,"5,320.00"
2020-11-03,2020110304001888,GIC,57,35,10,532.00,"5,320.00"
2020-11-03,2020110304001887,GIC,57,7,10,532.00,"5,320.00"
2020-11-03,2020110304001886,GIC,57,58,60,532.00,"31,920.00"
2020-11-03,2020110304001897,GIC,57,46,10,532.00,"5,320.00"
2020-11-03,2020110304001896,GIC,57,6,10,532.00,"5,320.00"
2020-11-03,2020110304001895,GIC,57,41,10,532.00,"5,320.00"
2020-11-03,2020110304001894,GIC,57,41,10,532.00,"5,320.00"
2020-11-03,2020110304001893,GIC,57,21,10,532.00,"5,320.00"
2020-11-03,2020110304001892,GIC,57,34,10,532.00,"5,320.00"
2020-11-03,2020110304001918,GIC,57,14,10,532.00,"5,320.00"
2020-11-03,2020110304001917,GIC,57,37,10,532.00,"5,320.00"
2020-11-03,2020110304001901,GIC,57,36,10,532.00,"5,320.00"
2020-11-03,2020110304001900,GIC,57,49,10,532.00,"5,320.00"
2020-11-03,2020110304001899,GIC,57,11,10,532.00,"5,320.00"
2020-11-03,2020110304001898,GIC,57,11,10,532.00,"5,320.00"
2020-11-03,2020110304001924,GIC,42,50,10,533.00,"5,330.00"
2020-11-03,2020110304001923,GIC,42,58,10,533.00,"5,330.00"
2020-11-03,2020110304001922,GIC,42,58,10,533.00,"5,330.00"
2020-11-03,2020110304001921,GIC,42,49,10,533.00,"5,330.00"
2020-11-03,2020110304001920,GIC,42,48,10,533.00,"5,330.00"
2020-11-03,2020110304001919,GIC,57,56,10,532.00,"5,320.00"
2020-11-03,2020110304001930,GIC,57,56,10,532.00,"5,320.00"
2020-11-03,2020110304001929,GIC,42,28,10,533.00,"5,330.00"
2020-11-03,2020110304001928,GIC,42,21,10,533.00,"5,330.00"
2020-11-03,2020110304001927,GIC,42,21,10,533.00,"5,330.00"
2020-11-03,2020110304001926,GIC,42,22,10,533.00,"5,330.00"
2020-11-03,2020110304001925,GIC,42,37,10,533.00,"5,330.00"
2020-11-03,2020110304001936,GIC,57,56,10,532.00,"5,320.00"
2020-11-03,2020110304001935,GIC,17,45,10,533.00,"5,330.00"
2020-11-03,2020110304001934,GIC,17,42,10,533.00,"5,330.00"
2020-11-03,2020110304001933,GIC,17,57,10,533.00,"5,330.00"
2020-11-03,2020110304001932,GIC,17,34,10,533.00,"5,330.00"
2020-11-03,2020110304001931,GIC,57,37,10,532.00,"5,320.00"
2020-11-03,2020110304001944,GIC,57,14,10,532.00,"5,320.00"
2020-11-03,2020110304001943,GIC,57,42,10,532.00,"5,320.00"
2020-11-03,2020110304001941,GIC,57,11,10,532.00,"5,320.00"
2020-11-03,2020110304001940,GIC,57,11,10,532.00,"5,320.00"
2020-11-03,2020110304001939,GIC,57,14,10,532.00,"5,320.00"
2020-11-03,2020110304001938,GIC,44,45,131,533.00,"69,823.00"
2020-11-03,2020110304001956,GIC,33,45,10,533.00,"5,330.00"
2020-11-03,2020110304001955,GIC,33,47,10,533.00,"5,330.00"
2020-11-03,2020110304001953,GIC,19,16,10,534.00,"5,340.00"
2020-11-03,2020110304001952,GIC,33,38,10,533.00,"5,330.00"
2020-11-03,2020110304001951,GIC,49,38,10,533.00,"5,330.00"
2020-11-03,2020110304001945,GIC,49,14,10,533.00,"5,330.00"
2020-11-03,2020110304001962,GIC,33,10,10,533.00,"5,330.00"
2020-11-03,2020110304001961,GIC,33,56,10,533.00,"5,330.00"
2020-11-03,2020110304001960,GIC,33,47,10,533.00,"5,330.00"
2020-11-03,2020110304001959,GIC,33,43,10,533.00,"5,330.00"
2020-11-03,2020110304001958,GIC,33,57,10,533.00,"5,330.00"
2020-11-03,2020110304001957,GIC,57,5,10,534.00,"5,340.00"
2020-11-03,2020110304001968,GIC,25,19,10,534.00,"5,340.00"
2020-11-03,2020110304001967,GIC,25,39,10,534.00,"5,340.00"
2020-11-03,2020110304001966,GIC,25,35,10,534.00,"5,340.00"
2020-11-03,2020110304001965,GIC,25,52,10,534.00,"5,340.00"
2020-11-03,2020110304001964,GIC,25,52,10,534.00,"5,340.00"
2020-11-03,2020110304001963,GIC,25,42,10,534.00,"5,340.00"
2020-11-03,2020110304001979,GIC,3,41,10,535.00,"5,350.00"
2020-11-03,2020110304001978,GIC,25,47,10,534.00,"5,340.00"
2020-11-03,2020110304001972,GIC,25,52,10,534.00,"5,340.00"
2020-11-03,2020110304001971,GIC,25,3,10,534.00,"5,340.00"
2020-11-03,2020110304001970,GIC,25,58,10,534.00,"5,340.00"
2020-11-03,2020110304001969,GIC,25,45,10,534.00,"5,340.00"
2020-11-03,2020110304001985,GIC,3,45,10,535.00,"5,350.00"
2020-11-03,2020110304001984,GIC,3,17,10,535.00,"5,350.00"
2020-11-03,2020110304001983,GIC,3,41,10,535.00,"5,350.00"
2020-11-03,2020110304001982,GIC,3,33,10,535.00,"5,350.00"
2020-11-03,2020110304001981,GIC,3,38,10,535.00,"5,350.00"
2020-11-03,2020110304001980,GIC,3,42,10,535.00,"5,350.00"
2020-11-03,2020110304001991,GIC,59,42,10,534.00,"5,340.00"
2020-11-03,2020110304001990,GIC,25,34,10,534.00,"5,340.00"
2020-11-03,2020110304001989,GIC,3,58,10,535.00,"5,350.00"
2020-11-03,2020110304001988,GIC,3,48,10,535.00,"5,350.00"
2020-11-03,2020110304001987,GIC,3,52,10,535.00,"5,350.00"
2020-11-03,2020110304001986,GIC,3,33,10,535.00,"5,350.00"
2020-11-03,2020110304001997,GIC,47,51,10,536.00,"5,360.00"
2020-11-03,2020110304001996,GIC,47,42,10,536.00,"5,360.00"
2020-11-03,2020110304001995,GIC,47,11,10,536.00,"5,360.00"
2020-11-03,2020110304001994,GIC,59,34,10,534.00,"5,340.00"
2020-11-03,2020110304001993,GIC,59,41,10,534.00,"5,340.00"
2020-11-03,2020110304001992,GIC,59,47,10,534.00,"5,340.00"
2020-11-03,2020110304002004,GIC,53,34,10,535.00,"5,350.00"
2020-11-03,2020110304002002,GIC,53,34,10,535.00,"5,350.00"
2020-11-03,2020110304002001,GIC,47,47,10,536.00,"5,360.00"
2020-11-03,2020110304002000,GIC,47,47,10,536.00,"5,360.00"
2020-11-03,2020110304001999,GIC,47,41,10,536.00,"5,360.00"
2020-11-03,2020110304001998,GIC,47,58,10,536.00,"5,360.00"
2020-11-03,2020110304002010,GIC,28,14,10,537.00,"5,370.00"
2020-11-03,2020110304002009,GIC,28,38,10,537.00,"5,370.00"
2020-11-03,2020110304002008,GIC,28,34,10,537.00,"5,370.00"
2020-11-03,2020110304002007,GIC,53,45,10,535.00,"5,350.00"
2020-11-03,2020110304002006,GIC,53,34,10,535.00,"5,350.00"
2020-11-03,2020110304002005,GIC,53,47,10,535.00,"5,350.00"
2020-11-03,2020110304002016,GIC,28,21,10,537.00,"5,370.00"
2020-11-03,2020110304002015,GIC,28,40,10,537.00,"5,370.00"
2020-11-03,2020110304002014,GIC,28,34,10,537.00,"5,370.00"
2020-11-03,2020110304002013,GIC,28,29,10,537.00,"5,370.00"
2020-11-03,2020110304002012,GIC,28,48,10,537.00,"5,370.00"
2020-11-03,2020110304002011,GIC,28,14,10,537.00,"5,370.00"
2020-11-03,2020110304002022,GIC,50,42,10,538.00,"5,380.00"
2020-11-03,2020110304002021,GIC,50,36,10,538.00,"5,380.00"
2020-11-03,2020110304002020,GIC,33,34,10,535.00,"5,350.00"
2020-11-03,2020110304002019,GIC,33,34,10,535.00,"5,350.00"
2020-11-03,2020110304002018,GIC,33,29,10,535.00,"5,350.00"
2020-11-03,2020110304002017,GIC,28,42,10,537.00,"5,370.00"
2020-11-03,2020110304002028,GIC,50,34,10,540.00,"5,400.00"
2020-11-03,2020110304002027,GIC,50,57,10,540.00,"5,400.00"
2020-11-03,2020110304002026,GIC,50,4,10,540.00,"5,400.00"
2020-11-03,2020110304002025,GIC,50,14,10,540.00,"5,400.00"
2020-11-03,2020110304002024,GIC,50,54,10,539.00,"5,390.00"
2020-11-03,2020110304002023,GIC,50,52,10,539.00,"5,390.00"
2020-11-03,2020110304002035,GIC,50,6,10,540.00,"5,400.00"
2020-11-03,2020110304002033,GIC,50,45,10,540.00,"5,400.00"
2020-11-03,2020110304002032,GIC,50,41,10,540.00,"5,400.00"
2020-11-03,2020110304002031,GIC,50,40,10,539.00,"5,390.00"
2020-11-03,2020110304002030,GIC,50,56,10,540.00,"5,400.00"
2020-11-03,2020110304002029,GIC,50,41,10,540.00,"5,400.00"
2020-11-03,2020110304002049,GIC,21,41,10,541.00,"5,410.00"
2020-11-03,2020110304002048,GIC,50,42,10,540.00,"5,400.00"
2020-11-03,2020110304002047,GIC,50,35,10,540.00,"5,400.00"
2020-11-03,2020110304002046,GIC,50,10,10,540.00,"5,400.00"
2020-11-03,2020110304002039,GIC,50,55,10,540.00,"5,400.00"
2020-11-03,2020110304002038,GIC,50,6,10,540.00,"5,400.00"
2020-11-03,2020110304002060,GIC,50,34,10,542.00,"5,420.00"
2020-11-03,2020110304002059,GIC,21,45,10,541.00,"5,410.00"
2020-11-03,2020110304002058,GIC,49,16,10,542.00,"5,420.00"
2020-11-03,2020110304002057,GIC,49,34,10,542.00,"5,420.00"
2020-11-03,2020110304002056,GIC,49,45,10,542.00,"5,420.00"
2020-11-03,2020110304002052,GIC,21,45,10,541.00,"5,410.00"
2020-11-03,2020110304002076,GIC,33,17,10,544.00,"5,440.00"
2020-11-03,2020110304002075,GIC,45,52,100,544.00,"54,400.00"
2020-11-03,2020110304002074,GIC,21,38,10,542.00,"5,420.00"
2020-11-03,2020110304002073,GIC,21,14,10,542.00,"5,420.00"
2020-11-03,2020110304002068,GIC,50,42,10,542.00,"5,420.00"
2020-11-03,2020110304002065,GIC,50,26,10,542.00,"5,420.00"
2020-11-03,2020110304002083,GIC,51,54,100,545.00,"54,500.00"
2020-11-03,2020110304002082,GIC,51,36,10,545.00,"5,450.00"
2020-11-03,2020110304002081,GIC,51,57,40,545.00,"21,800.00"
2020-11-03,2020110304002080,GIC,33,57,60,545.00,"32,700.00"
2020-11-03,2020110304002079,GIC,33,21,10,545.00,"5,450.00"
2020-11-03,2020110304002078,GIC,33,17,10,544.00,"5,440.00"
2020-11-03,2020110304002097,GIC,51,55,10,545.00,"5,450.00"
2020-11-03,2020110304002096,GIC,51,47,10,545.00,"5,450.00"
2020-11-03,2020110304002095,GIC,51,10,10,545.00,"5,450.00"
2020-11-03,2020110304002094,GIC,51,47,10,545.00,"5,450.00"
2020-11-03,2020110304002085,GIC,51,57,10,545.00,"5,450.00"
2020-11-03,2020110304002084,GIC,51,38,10,545.00,"5,450.00"
2020-11-03,2020110304002103,GIC,28,48,10,549.00,"5,490.00"
2020-11-03,2020110304002102,GIC,28,42,10,549.00,"5,490.00"
2020-11-03,2020110304002101,GIC,28,52,10,548.00,"5,480.00"
2020-11-03,2020110304002100,GIC,34,47,10,546.00,"5,460.00"
2020-11-03,2020110304002099,GIC,34,34,10,546.00,"5,460.00"
2020-11-03,2020110304002098,GIC,34,55,10,546.00,"5,460.00"
2020-11-03,2020110304002112,GIC,38,52,10,548.00,"5,480.00"
2020-11-03,2020110304002111,GIC,34,6,10,546.00,"5,460.00"
2020-11-03,2020110304002108,GIC,34,14,10,546.00,"5,460.00"
2020-11-03,2020110304002106,GIC,34,45,10,546.00,"5,460.00"
2020-11-03,2020110304002105,GIC,28,22,10,549.00,"5,490.00"
2020-11-03,2020110304002104,GIC,28,35,10,549.00,"5,490.00"
2020-11-03,2020110304002133,GIC,21,39,10,546.00,"5,460.00"
2020-11-03,2020110304002132,GIC,21,52,10,546.00,"5,460.00"
2020-11-03,2020110304002130,GIC,1,28,100,549.00,"54,900.00"
2020-11-03,2020110304002129,GIC,21,56,10,546.00,"5,460.00"
2020-11-03,2020110304002117,GIC,34,52,10,548.00,"5,480.00"
2020-11-03,2020110304002113,GIC,38,56,10,549.00,"5,490.00"
2020-11-03,2020110304002144,GIC,45,20,10,545.00,"5,450.00"
2020-11-03,2020110304002142,GIC,45,20,10,545.00,"5,450.00"
2020-11-03,2020110304002141,GIC,45,29,10,545.00,"5,450.00"
2020-11-03,2020110304002140,GIC,45,20,10,545.00,"5,450.00"
2020-11-03,2020110304002136,GIC,51,20,10,545.00,"5,450.00"
2020-11-03,2020110304002135,GIC,21,34,170,546.00,"92,820.00"
2020-11-03,2020110304002152,GIC,45,52,110,545.00,"59,950.00"
2020-11-03,2020110304002151,GIC,45,47,10,545.00,"5,450.00"
2020-11-03,2020110304002150,GIC,45,20,10,545.00,"5,450.00"
2020-11-03,2020110304002149,GIC,45,38,10,545.00,"5,450.00"
2020-11-03,2020110304002148,GIC,45,20,10,545.00,"5,450.00"
2020-11-03,2020110304002145,GIC,45,10,10,545.00,"5,450.00"
2020-11-03,2020110304002159,GIC,38,20,10,545.00,"5,450.00"
2020-11-03,2020110304002158,GIC,38,52,10,545.00,"5,450.00"
2020-11-03,2020110304002157,GIC,21,34,10,542.00,"5,420.00"
2020-11-03,2020110304002156,GIC,21,29,10,542.00,"5,420.00"
2020-11-03,2020110304002154,GIC,34,52,10,545.00,"5,450.00"
2020-11-03,2020110304002153,GIC,42,52,70,545.00,"38,150.00"
2020-11-03,2020110304002168,GIC,21,56,10,542.00,"5,420.00"
2020-11-03,2020110304002164,GIC,21,20,10,542.00,"5,420.00"
2020-11-03,2020110304002163,GIC,21,29,10,542.00,"5,420.00"
2020-11-03,2020110304002162,GIC,21,22,10,542.00,"5,420.00"
2020-11-03,2020110304002161,GIC,21,20,10,542.00,"5,420.00"
2020-11-03,2020110304002160,GIC,38,59,10,545.00,"5,450.00"
2020-11-03,2020110304002175,GIC,21,52,60,542.00,"32,520.00"
2020-11-03,2020110304002174,GIC,21,36,10,542.00,"5,420.00"
2020-11-03,2020110304002173,GIC,21,36,10,542.00,"5,420.00"
2020-11-03,2020110304002172,GIC,21,28,10,542.00,"5,420.00"
2020-11-03,2020110304002171,GIC,21,29,10,542.00,"5,420.00"
2020-11-03,2020110304002170,GIC,21,20,10,542.00,"5,420.00"
2020-11-03,2020110304002186,GIC,21,29,10,541.00,"5,410.00"
2020-11-03,2020110304002185,GIC,21,41,10,541.00,"5,410.00"
2020-11-03,2020110304002183,GIC,21,20,10,541.00,"5,410.00"
2020-11-03,2020110304002182,GIC,21,34,10,541.00,"5,410.00"
2020-11-03,2020110304002180,GIC,21,29,10,541.00,"5,410.00"
2020-11-03,2020110304002179,GIC,21,56,10,541.00,"5,410.00"
2020-11-03,2020110304002193,GIC,29,52,460,540.00,"248,400.00"
2020-11-03,2020110304002192,GIC,29,38,10,540.00,"5,400.00"
2020-11-03,2020110304002191,GIC,29,21,10,540.00,"5,400.00"
2020-11-03,2020110304002189,GIC,29,29,10,540.00,"5,400.00"
2020-11-03,2020110304002188,GIC,29,38,10,540.00,"5,400.00"
2020-11-03,2020110304002187,GIC,21,56,10,541.00,"5,410.00"
2020-11-03,2020110304002200,GIC,34,38,10,536.00,"5,360.00"
2020-11-03,2020110304002199,GIC,34,29,10,536.00,"5,360.00"
2020-11-03,2020110304002198,GIC,34,5,10,536.00,"5,360.00"
2020-11-03,2020110304002197,GIC,34,20,10,536.00,"5,360.00"
2020-11-03,2020110304002196,GIC,42,10,10,536.00,"5,360.00"
2020-11-03,2020110304002194,GIC,42,29,10,536.00,"5,360.00"
2020-11-03,2020110304002209,GIC,29,29,10,538.00,"5,380.00"
2020-11-03,2020110304002208,GIC,29,20,10,538.00,"5,380.00"
2020-11-03,2020110304002207,GIC,29,50,10,538.00,"5,380.00"
2020-11-03,2020110304002204,GIC,34,29,10,536.00,"5,360.00"
2020-11-03,2020110304002203,GIC,34,29,10,536.00,"5,360.00"
2020-11-03,2020110304002201,GIC,34,20,10,536.00,"5,360.00"
2020-11-03,2020110304002215,GIC,29,39,10,538.00,"5,380.00"
2020-11-03,2020110304002214,GIC,29,41,10,538.00,"5,380.00"
2020-11-03,2020110304002213,GIC,29,20,10,538.00,"5,380.00"
2020-11-03,2020110304002212,GIC,58,52,20,540.00,"10,800.00"
2020-11-03,2020110304002211,GIC,29,29,10,538.00,"5,380.00"
2020-11-03,2020110304002210,GIC,29,58,10,538.00,"5,380.00"
2020-11-03,2020110304002221,GIC,3,20,10,535.00,"5,350.00"
2020-11-03,2020110304002220,GIC,3,42,10,535.00,"5,350.00"
2020-11-03,2020110304002219,GIC,6,20,10,535.00,"5,350.00"
2020-11-03,2020110304002218,GIC,6,44,10,535.00,"5,350.00"
2020-11-03,2020110304002217,GIC,29,44,10,538.00,"5,380.00"
2020-11-03,2020110304002216,GIC,29,58,10,538.00,"5,380.00"
2020-11-03,2020110304002229,GIC,3,20,10,535.00,"5,350.00"
2020-11-03,2020110304002228,GIC,3,58,10,535.00,"5,350.00"
2020-11-03,2020110304002227,GIC,3,50,10,535.00,"5,350.00"
2020-11-03,2020110304002226,GIC,3,44,10,535.00,"5,350.00"
2020-11-03,2020110304002225,GIC,3,20,10,535.00,"5,350.00"
2020-11-03,2020110304002224,GIC,3,44,10,535.00,"5,350.00"
2020-11-03,2020110304002236,GIC,45,20,10,535.00,"5,350.00"
2020-11-03,2020110304002234,GIC,45,44,10,535.00,"5,350.00"
2020-11-03,2020110304002233,GIC,45,20,10,535.00,"5,350.00"
2020-11-03,2020110304002232,GIC,45,29,10,535.00,"5,350.00"
2020-11-03,2020110304002231,GIC,3,58,10,535.00,"5,350.00"
2020-11-03,2020110304002230,GIC,3,20,10,535.00,"5,350.00"
2020-11-03,2020110304001977,GIMES1,6,35,"10,000",10.10,"101,000.00"
2020-11-03,2020110304001976,GIMES1,14,35,"1,000",10.10,"10,100.00"
2020-11-03,2020110304001975,GIMES1,6,35,"9,000",10.10,"90,900.00"
2020-11-03,2020110304002223,LEMF,59,32,"4,500",9.54,"42,930.00"
2020-11-03,2020110304002222,LEMF,59,47,500,9.54,"4,770.00"
2020-11-03,2020110304002195,LEMF,6,50,"1,000",9.43,"9,430.00"
2020-11-03,2020110304002184,LEMF,25,50,"1,000",9.43,"9,430.00"
2020-11-03,2020110304002055,LEMF,58,47,"1,000",9.54,"9,540.00"
2020-11-03,2020110304002036,LEMF,58,28,"1,000",9.54,"9,540.00"
2020-11-03,2020110304002206,LUK,53,53,100,9.20,920.00
2020-11-03,2020110304002190,LUK,53,53,100,9.20,920.00
2020-11-03,2020110304002176,LUK,53,53,100,9.20,920.00
2020-11-03,2020110304002115,LUK,53,42,500,9.20,"4,600.00"
2020-11-03,2020110304002064,LUK,34,32,"1,500",9.25,"13,875.00"
2020-11-03,2020110304002063,LUK,34,3,"1,000",9.22,"9,220.00"
2020-11-03,2020110304001881,LUK,53,45,200,9.20,"1,840.00"
2020-11-03,2020110304001879,LUK,53,45,200,9.20,"1,840.00"
2020-11-03,2020110304001875,LUK,53,45,200,9.20,"1,840.00"
2020-11-03,2020110304002037,NBF2,6,8,"1,620",9.54,"15,454.80"
2020-11-03,2020110304001835,NBF2,14,45,200,9.53,"1,906.00"
2020-11-03,2020110304001832,NBF2,14,50,400,9.53,"3,812.00"
2020-11-03,2020110304002003,NBF2,14,38,"1,000",9.53,"9,530.00"
2020-11-03,2020110304001876,NBF2,14,16,200,9.53,"1,906.00"
2020-11-03,2020110304001854,NBF2,14,50,200,9.53,"1,906.00"
2020-11-03,2020110304001841,NBF2,14,11,400,9.53,"3,812.00"
2020-11-03,2020110304001836,NBF2,21,8,380,9.54,"3,625.20"
2020-11-03,2020110304002205,NEF,3,26,"7,885",9.75,"76,878.75"
2020-11-03,2020110304002178,NEF,3,37,"1,127",9.75,"10,988.25"
2020-11-03,2020110304002177,NEF,3,14,"1,931",9.75,"18,827.25"
2020-11-03,2020110304002167,NEF,3,26,"5,000",9.74,"48,700.00"
2020-11-03,2020110304002166,NEF,3,48,"1,127",9.74,"10,976.98"
2020-11-03,2020110304002165,NEF,3,35,"2,414",9.74,"23,512.36"
2020-11-03,2020110304001843,NEF,58,49,448,9.35,"4,188.80"
2020-11-03,2020110304001842,NEF,45,49,552,9.35,"5,161.20"
2020-11-03,2020110304001840,NEF,45,47,448,9.35,"4,188.80"
2020-11-03,2020110304001825,NEF,6,46,"2,000",9.34,"18,680.00"
2020-11-03,2020110304001817,NEF,58,46,"1,000",9.34,"9,340.00"
2020-11-03,2020110304001950,NEF,45,39,"4,160",9.40,"39,104.00"
2020-11-03,2020110304001949,NEF,45,39,"5,000",9.40,"47,000.00"
2020-11-03,2020110304001948,NEF,58,39,104,9.40,977.60
2020-11-03,2020110304001947,NEF,58,39,"1,000",9.40,"9,400.00"
2020-11-03,2020110304001946,NEF,58,39,"1,000",9.40,"9,400.00"
2020-11-03,2020110304001844,NEF,6,49,127,9.34,"1,186.18"
2020-11-03,2020110304002072,NEF,3,26,"5,000",9.56,"47,800.00"
2020-11-03,2020110304002067,NEF,3,14,"3,028",9.55,"28,917.40"
2020-11-03,2020110304002066,NEF,3,56,966,9.55,"9,225.30"
2020-11-03,2020110304002062,NEF,3,58,848,9.51,"8,064.48"
2020-11-03,2020110304002054,NEF,55,55,"1,127",9.50,"10,706.50"
2020-11-03,2020110304002050,NEF,3,18,"2,414",9.47,"22,860.58"
2020-11-03,2020110304002124,NEF,3,28,"1,100",9.67,"10,637.00"
2020-11-03,2020110304002110,NEF,3,22,"10,000",9.64,"96,400.00"
2020-11-03,2020110304002109,NEF,3,52,"2,500",9.63,"24,075.00"
2020-11-03,2020110304002087,NEF,3,8,"5,000",9.60,"48,000.00"
2020-11-03,2020110304002086,NEF,3,17,"2,414",9.60,"23,174.40"
2020-11-03,2020110304002077,NEF,3,45,"5,500",9.57,"52,635.00"
2020-11-03,2020110304002155,NEF,3,22,"2,000",9.72,"19,440.00"
2020-11-03,2020110304002146,NEF,3,46,"2,173",9.69,"21,056.37"
2020-11-03,2020110304002143,NEF,3,50,"1,100",9.68,"10,648.00"
2020-11-03,2020110304002134,NEF,3,39,"2,414",9.60,"23,174.40"
2020-11-03,2020110304002126,NEF,3,50,"1,454",9.68,"14,074.72"
2020-11-03,2020110304002125,NEF,3,50,"2,663",9.68,"25,777.84"
2020-11-03,2020110304001937,NIBLPF,38,35,"1,848",9.70,"17,925.60"
2020-11-03,2020110304001873,NIBLPF,38,16,101,9.70,979.70
2020-11-03,2020110304001847,NIBLPF,38,49,"1,111",9.70,"10,776.70"
2020-11-03,2020110304001834,NIBLPF,38,16,"1,940",9.70,"18,818.00"
2020-11-03,2020110304001833,NIBLPF,33,16,585,9.70,"5,674.50"
2020-11-03,2020110304002093,NIBPO,6,32,136,374.00,"50,864.00"
2020-11-03,2020110304002092,NIBPO,21,32,150,375.00,"56,250.00"
2020-11-03,2020110304002091,NIBPO,41,32,"1,489",375.00,"558,375.00"
2020-11-03,2020110304002090,NIBPO,25,32,950,376.00,"357,200.00"
2020-11-03,2020110304002089,NIBPO,59,32,400,377.00,"150,800.00"
2020-11-03,2020110304002088,NIBPO,8,32,875,378.00,"330,750.00"
2020-11-03,2020110304002051,NIBPO,8,17,125,378.00,"47,250.00"
2020-11-03,2020110304001845,NIBSF1,6,11,"5,000",10.02,"50,100.00"
2020-11-03,2020110304001837,NIBSF1,6,11,"5,000",10.02,"50,100.00"
2020-11-03,2020110304001916,NICGF,47,19,"20,000",10.05,"201,000.00"
2020-11-03,2020110304001915,NICGF,47,54,"3,000",10.02,"30,060.00"
2020-11-03,2020110304001914,NICGF,47,1,500,10.00,"5,000.00"
2020-11-03,2020110304001913,NICGF,47,58,"20,900",10.00,"209,000.00"
2020-11-03,2020110304001912,NICGF,47,48,500,10.00,"5,000.00"
2020-11-03,2020110304001911,NICGF,47,36,"1,500",10.00,"15,000.00"
2020-11-03,2020110304001904,NICGF,47,11,500,9.99,"4,995.00"
2020-11-03,2020110304001903,NICGF,47,52,"1,900",9.97,"18,943.00"
2020-11-03,2020110304001902,NICGF,47,28,"1,300",9.96,"12,948.00"
2020-11-03,2020110304001910,NICGF,47,22,"2,500",10.00,"25,000.00"
2020-11-03,2020110304001909,NICGF,47,48,"1,000",10.00,"10,000.00"
2020-11-03,2020110304001908,NICGF,47,14,300,10.00,"3,000.00"
2020-11-03,2020110304001907,NICGF,47,19,200,10.00,"2,000.00"
2020-11-03,2020110304001906,NICGF,47,36,500,10.00,"5,000.00"
2020-11-03,2020110304001905,NICGF,47,46,500,9.99,"4,995.00"
2020-11-03,2020110304002044,NMB50,11,6,"1,400",9.83,"13,762.00"
2020-11-03,2020110304002043,NMB50,11,57,"1,000",9.83,"9,830.00"
2020-11-03,2020110304002042,NMB50,11,57,200,9.80,"1,960.00"
2020-11-03,2020110304002041,NMB50,11,45,200,9.79,"1,958.00"
2020-11-03,2020110304002040,NMB50,11,58,"1,000",9.75,"9,750.00"
2020-11-03,2020110304002139,NMBHF1,58,1,409,9.64,"3,942.76"
2020-11-03,2020110304002138,NMBHF1,58,1,"1,000",9.64,"9,640.00"
2020-11-03,2020110304002137,NMBHF1,58,1,168,9.64,"1,619.52"
2020-11-03,2020110304001954,NMBHF1,51,5,"4,000",9.61,"38,440.00"
2020-11-03,2020110304001882,NMBHF1,58,43,832,9.62,"8,003.84"
2020-11-03,2020110304002123,RBCLPO,32,17,50,"12,750.00","637,500.00"
2020-11-03,2020110304002122,RBCLPO,32,8,60,"12,749.00","764,940.00"
2020-11-03,2020110304002121,RBCLPO,32,59,20,"12,749.00","254,980.00"
2020-11-03,2020110304002120,RBCLPO,32,26,10,"12,748.00","127,480.00"
2020-11-03,2020110304002119,RBCLPO,32,25,10,"12,747.00","127,470.00"
2020-11-03,2020110304002118,RBCLPO,32,22,10,"12,746.00","127,460.00"
2020-11-03,2020110304001822,RBCLPO,34,43,50,"12,695.00","634,750.00"
2020-11-03,2020110304001821,RBCLPO,34,41,20,"12,694.00","253,880.00"
2020-11-03,2020110304001820,RBCLPO,34,8,40,"12,688.00","507,520.00"
2020-11-03,2020110304001759,RBCLPO,6,39,20,"12,625.00","252,500.00"
2020-11-03,2020110304002071,RBCLPO,32,39,30,"12,700.00","381,000.00"
2020-11-03,2020110304002070,RBCLPO,32,28,30,"12,700.00","381,000.00"
2020-11-03,2020110304002069,RBCLPO,32,22,10,"12,690.00","126,900.00"
2020-11-03,2020110304001942,RBCLPO,6,33,20,"12,700.00","254,000.00"
2020-11-03,2020110304001824,RBCLPO,34,42,10,"12,700.00","127,000.00"
2020-11-03,2020110304001823,RBCLPO,34,21,50,"12,700.00","635,000.00"
2020-11-03,2020110304002181,SAEF,49,41,"2,200",10.35,"22,770.00"
2020-11-03,2020110304002061,SAEF,6,17,"2,000",10.34,"20,680.00"
2020-11-03,2020110304001828,SAEF,28,41,800,10.35,"8,280.00"
2020-11-03,2020110304001827,SAEF,28,26,"2,000",10.34,"20,680.00"
2020-11-03,2020110304001826,SAEF,28,34,"2,200",10.32,"22,704.00"
2020-11-03,2020110304001974,SAND2085,6,26,25,"1,072.00","26,800.00"
2020-11-03,2020110304001973,SAND2085,6,34,25,"1,072.00","26,800.00"
2020-11-03,2020110304002202,SEF,14,50,200,9.79,"1,958.00"
2020-11-03,2020110304002131,SEF,14,49,"1,000",9.79,"9,790.00"
2020-11-03,2020110304002116,SEF,14,11,200,9.79,"1,958.00"
2020-11-03,2020110304002053,SEF,6,11,"5,000",9.79,"48,950.00"
2020-11-03,2020110304002034,SEF,6,50,500,9.77,"4,885.00"
2020-11-03,2020110304001885,SEF,6,43,200,9.77,"1,954.00"
2020-11-03,2020110304002235,STC,58,3,50,"3,839.00","191,950.00"
2020-11-03,2020110304002128,STC,26,4,20,"3,830.00","76,600.00"
2020-11-03,2020110304002127,STC,44,3,27,"3,829.00","103,383.00"
2020-11-03,2020110304002114,STC,40,3,23,"3,829.00","88,067.00"
2020-11-03,2020110304002107,STC,40,3,77,"3,829.00","294,833.00"
2020-11-03,2020110304002045,STC,59,59,300,"3,830.00","1,149,000.00"
2020-11-03,2020110304001838,STC,35,3,23,"3,830.00","88,090.00"
2020-11-03,2020110304001775,STC,35,3,12,"3,831.00","45,972.00"
2020-11-03,2020110304001766,STC,35,13,15,"3,830.00","57,450.00"
2020-11-03,2020110304001728,BBC,32,33,3,"2,341.00","7,023.00"
2020-11-03,2020110304001433,BBC,29,51,25,"2,341.00","58,525.00"
2020-11-03,2020110304001432,BBC,10,51,25,"2,341.00","58,525.00"
2020-11-03,2020110304001741,CMF1,22,38,"3,300",9.91,"32,703.00"
2020-11-03,2020110304001555,CMF1,22,58,500,9.91,"4,955.00"
2020-11-03,2020110304001742,GIC,44,54,10,528.00,"5,280.00"
2020-11-03,2020110304001740,GIC,44,34,10,528.00,"5,280.00"
2020-11-03,2020110304001739,GIC,42,38,10,529.00,"5,290.00"
2020-11-03,2020110304001738,GIC,44,49,10,528.00,"5,280.00"
2020-11-03,2020110304001737,GIC,44,54,10,528.00,"5,280.00"
2020-11-03,2020110304001736,GIC,44,34,10,528.00,"5,280.00"
2020-11-03,2020110304001249,GIC,33,22,10,523.00,"5,230.00"
2020-11-03,2020110304001248,GIC,33,34,10,523.00,"5,230.00"
2020-11-03,2020110304001247,GIC,33,7,10,523.00,"5,230.00"
2020-11-03,2020110304001245,GIC,33,1,10,523.00,"5,230.00"
2020-11-03,2020110304001244,GIC,33,17,10,523.00,"5,230.00"
2020-11-03,2020110304001243,GIC,33,7,10,523.00,"5,230.00"
2020-11-03,2020110304001257,GIC,33,6,10,523.00,"5,230.00"
2020-11-03,2020110304001256,GIC,33,11,10,523.00,"5,230.00"
2020-11-03,2020110304001255,GIC,33,37,10,523.00,"5,230.00"
2020-11-03,2020110304001252,GIC,33,39,10,523.00,"5,230.00"
2020-11-03,2020110304001251,GIC,33,46,10,523.00,"5,230.00"
2020-11-03,2020110304001250,GIC,33,46,10,523.00,"5,230.00"
2020-11-03,2020110304001264,GIC,33,21,10,523.00,"5,230.00"
2020-11-03,2020110304001262,GIC,33,14,10,523.00,"5,230.00"
2020-11-03,2020110304001261,GIC,33,39,10,523.00,"5,230.00"
2020-11-03,2020110304001260,GIC,33,58,10,523.00,"5,230.00"
2020-11-03,2020110304001259,GIC,33,11,10,523.00,"5,230.00"
2020-11-03,2020110304001258,GIC,33,46,10,523.00,"5,230.00"
2020-11-03,2020110304001270,GIC,33,42,20,523.00,"10,460.00"
2020-11-03,2020110304001269,GIC,33,7,10,523.00,"5,230.00"
2020-11-03,2020110304001268,GIC,33,55,10,523.00,"5,230.00"
2020-11-03,2020110304001267,GIC,33,35,10,523.00,"5,230.00"
2020-11-03,2020110304001266,GIC,33,38,10,523.00,"5,230.00"
2020-11-03,2020110304001265,GIC,33,14,10,523.00,"5,230.00"
2020-11-03,2020110304001280,GIC,33,42,10,523.00,"5,230.00"
2020-11-03,2020110304001279,GIC,33,39,10,523.00,"5,230.00"
2020-11-03,2020110304001276,GIC,33,58,10,523.00,"5,230.00"
2020-11-03,2020110304001275,GIC,33,46,10,523.00,"5,230.00"
2020-11-03,2020110304001273,GIC,33,45,10,523.00,"5,230.00"
2020-11-03,2020110304001271,GIC,58,34,50,524.00,"26,200.00"
2020-11-03,2020110304001290,GIC,33,43,10,523.00,"5,230.00"
2020-11-03,2020110304001288,GIC,33,39,10,523.00,"5,230.00"
2020-11-03,2020110304001287,GIC,33,48,10,523.00,"5,230.00"
2020-11-03,2020110304001286,GIC,33,45,10,523.00,"5,230.00"
2020-11-03,2020110304001284,GIC,33,6,10,523.00,"5,230.00"
2020-11-03,2020110304001282,GIC,33,56,10,523.00,"5,230.00"
2020-11-03,2020110304001305,GIC,33,8,10,523.00,"5,230.00"
2020-11-03,2020110304001303,GIC,33,38,10,523.00,"5,230.00"
2020-11-03,2020110304001302,GIC,33,41,10,523.00,"5,230.00"
2020-11-03,2020110304001296,GIC,33,58,10,523.00,"5,230.00"
2020-11-03,2020110304001295,GIC,33,43,10,523.00,"5,230.00"
2020-11-03,2020110304001292,GIC,33,43,10,523.00,"5,230.00"
2020-11-03,2020110304001315,GIC,33,7,10,523.00,"5,230.00"
2020-11-03,2020110304001314,GIC,33,43,10,523.00,"5,230.00"
2020-11-03,2020110304001313,GIC,33,1,10,523.00,"5,230.00"
2020-11-03,2020110304001311,GIC,33,3,10,523.00,"5,230.00"
2020-11-03,2020110304001308,GIC,33,8,10,523.00,"5,230.00"
2020-11-03,2020110304001306,GIC,33,19,10,523.00,"5,230.00"
2020-11-03,2020110304001321,GIC,33,54,10,523.00,"5,230.00"
2020-11-03,2020110304001320,GIC,33,35,10,523.00,"5,230.00"
2020-11-03,2020110304001319,GIC,33,7,10,523.00,"5,230.00"
2020-11-03,2020110304001318,GIC,33,39,10,523.00,"5,230.00"
2020-11-03,2020110304001317,GIC,33,38,10,523.00,"5,230.00"
2020-11-03,2020110304001316,GIC,33,39,10,523.00,"5,230.00"
2020-11-03,2020110304001336,GIC,33,39,10,523.00,"5,230.00"
2020-11-03,2020110304001334,GIC,33,57,10,523.00,"5,230.00"
2020-11-03,2020110304001331,GIC,33,7,10,523.00,"5,230.00"
2020-11-03,2020110304001330,GIC,33,45,10,523.00,"5,230.00"
2020-11-03,2020110304001328,GIC,33,39,10,523.00,"5,230.00"
2020-11-03,2020110304001326,GIC,33,7,10,523.00,"5,230.00"
2020-11-03,2020110304001345,GIC,43,19,10,524.00,"5,240.00"
2020-11-03,2020110304001344,GIC,43,34,445,524.00,"233,180.00"
2020-11-03,2020110304001343,GIC,33,26,10,523.00,"5,230.00"
2020-11-03,2020110304001342,GIC,33,41,10,523.00,"5,230.00"
2020-11-03,2020110304001341,GIC,33,38,10,523.00,"5,230.00"
2020-11-03,2020110304001339,GIC,33,34,10,523.00,"5,230.00"
2020-11-03,2020110304001351,GIC,17,45,10,524.00,"5,240.00"
2020-11-03,2020110304001350,GIC,17,6,475,524.00,"248,900.00"
2020-11-03,2020110304001349,GIC,33,32,10,523.00,"5,230.00"
2020-11-03,2020110304001348,GIC,43,6,25,524.00,"13,100.00"
2020-11-03,2020110304001347,GIC,43,45,10,524.00,"5,240.00"
2020-11-03,2020110304001346,GIC,43,55,10,524.00,"5,240.00"
2020-11-03,2020110304001357,GIC,17,21,10,524.00,"5,240.00"
2020-11-03,2020110304001356,GIC,17,48,10,524.00,"5,240.00"
2020-11-03,2020110304001355,GIC,17,45,10,524.00,"5,240.00"
2020-11-03,2020110304001354,GIC,17,45,10,524.00,"5,240.00"
2020-11-03,2020110304001353,GIC,17,58,10,524.00,"5,240.00"
2020-11-03,2020110304001352,GIC,17,46,10,524.00,"5,240.00"
2020-11-03,2020110304001364,GIC,17,40,10,524.00,"5,240.00"
2020-11-03,2020110304001363,GIC,17,46,10,524.00,"5,240.00"
2020-11-03,2020110304001362,GIC,17,57,10,524.00,"5,240.00"
2020-11-03,2020110304001360,GIC,17,57,10,524.00,"5,240.00"
2020-11-03,2020110304001359,GIC,17,57,10,524.00,"5,240.00"
2020-11-03,2020110304001358,GIC,17,25,10,524.00,"5,240.00"
2020-11-03,2020110304001373,GIC,17,21,10,524.00,"5,240.00"
2020-11-03,2020110304001372,GIC,17,45,10,524.00,"5,240.00"
2020-11-03,2020110304001371,GIC,17,34,10,524.00,"5,240.00"
2020-11-03,2020110304001370,GIC,17,42,10,524.00,"5,240.00"
2020-11-03,2020110304001369,GIC,17,38,10,524.00,"5,240.00"
2020-11-03,2020110304001366,GIC,17,46,10,524.00,"5,240.00"
2020-11-03,2020110304001380,GIC,42,6,10,525.00,"5,250.00"
2020-11-03,2020110304001379,GIC,42,17,60,525.00,"31,500.00"
2020-11-03,2020110304001378,GIC,33,22,10,523.00,"5,230.00"
2020-11-03,2020110304001377,GIC,17,8,10,524.00,"5,240.00"
2020-11-03,2020110304001376,GIC,17,6,10,524.00,"5,240.00"
2020-11-03,2020110304001374,GIC,17,39,10,524.00,"5,240.00"
2020-11-03,2020110304001386,GIC,29,17,500,525.00,"262,500.00"
2020-11-03,2020110304001385,GIC,48,8,10,524.00,"5,240.00"
2020-11-03,2020110304001384,GIC,33,22,10,523.00,"5,230.00"
2020-11-03,2020110304001383,GIC,42,17,110,525.00,"57,750.00"
2020-11-03,2020110304001382,GIC,42,49,10,525.00,"5,250.00"
2020-11-03,2020110304001381,GIC,42,48,10,525.00,"5,250.00"
2020-11-03,2020110304001393,GIC,48,8,10,524.00,"5,240.00"
2020-11-03,2020110304001392,GIC,48,36,10,524.00,"5,240.00"
2020-11-03,2020110304001390,GIC,14,54,10,525.00,"5,250.00"
2020-11-03,2020110304001389,GIC,14,17,30,525.00,"15,750.00"
2020-11-03,2020110304001388,GIC,48,38,10,524.00,"5,240.00"
2020-11-03,2020110304001387,GIC,48,22,10,524.00,"5,240.00"
2020-11-03,2020110304001401,GIC,50,18,10,524.00,"5,240.00"
2020-11-03,2020110304001398,GIC,48,49,10,524.00,"5,240.00"
2020-11-03,2020110304001397,GIC,48,11,10,524.00,"5,240.00"
2020-11-03,2020110304001396,GIC,48,45,10,524.00,"5,240.00"
2020-11-03,2020110304001395,GIC,48,22,10,524.00,"5,240.00"
2020-11-03,2020110304001394,GIC,48,36,10,524.00,"5,240.00"
2020-11-03,2020110304001408,GIC,50,38,10,524.00,"5,240.00"
2020-11-03,2020110304001407,GIC,50,32,10,524.00,"5,240.00"
2020-11-03,2020110304001405,GIC,50,8,10,524.00,"5,240.00"
2020-11-03,2020110304001404,GIC,50,21,10,524.00,"5,240.00"
2020-11-03,2020110304001403,GIC,50,6,10,524.00,"5,240.00"
2020-11-03,2020110304001402,GIC,50,26,10,524.00,"5,240.00"
2020-11-03,2020110304001414,GIC,49,54,10,524.00,"5,240.00"
2020-11-03,2020110304001413,GIC,49,16,10,524.00,"5,240.00"
2020-11-03,2020110304001412,GIC,49,34,10,524.00,"5,240.00"
2020-11-03,2020110304001411,GIC,50,39,10,524.00,"5,240.00"
2020-11-03,2020110304001410,GIC,50,8,10,524.00,"5,240.00"
2020-11-03,2020110304001409,GIC,50,58,10,524.00,"5,240.00"
2020-11-03,2020110304001420,GIC,41,38,10,525.00,"5,250.00"
2020-11-03,2020110304001419,GIC,41,38,10,525.00,"5,250.00"
2020-11-03,2020110304001418,GIC,41,38,10,525.00,"5,250.00"
2020-11-03,2020110304001417,GIC,41,32,10,525.00,"5,250.00"
2020-11-03,2020110304001416,GIC,41,42,10,525.00,"5,250.00"
2020-11-03,2020110304001415,GIC,49,36,10,524.00,"5,240.00"
2020-11-03,2020110304001426,GIC,41,8,10,525.00,"5,250.00"
2020-11-03,2020110304001425,GIC,41,47,10,525.00,"5,250.00"
2020-11-03,2020110304001424,GIC,41,52,10,525.00,"5,250.00"
2020-11-03,2020110304001423,GIC,41,17,10,525.00,"5,250.00"
2020-11-03,2020110304001422,GIC,41,41,10,525.00,"5,250.00"
2020-11-03,2020110304001421,GIC,41,38,10,525.00,"5,250.00"
2020-11-03,2020110304001435,GIC,49,17,10,524.00,"5,240.00"
2020-11-03,2020110304001431,GIC,49,16,10,524.00,"5,240.00"
2020-11-03,2020110304001430,GIC,41,58,10,525.00,"5,250.00"
2020-11-03,2020110304001429,GIC,41,13,10,525.00,"5,250.00"
2020-11-03,2020110304001428,GIC,41,49,10,525.00,"5,250.00"
2020-11-03,2020110304001427,GIC,41,52,10,525.00,"5,250.00"
2020-11-03,2020110304001442,GIC,50,36,10,524.00,"5,240.00"
2020-11-03,2020110304001440,GIC,50,36,10,524.00,"5,240.00"
2020-11-03,2020110304001439,GIC,49,17,10,524.00,"5,240.00"
2020-11-03,2020110304001438,GIC,49,11,10,524.00,"5,240.00"
2020-11-03,2020110304001437,GIC,49,8,10,524.00,"5,240.00"
2020-11-03,2020110304001436,GIC,49,54,10,524.00,"5,240.00"
2020-11-03,2020110304001451,GIC,50,21,10,524.00,"5,240.00"
2020-11-03,2020110304001450,GIC,50,16,10,524.00,"5,240.00"
2020-11-03,2020110304001449,GIC,50,21,10,524.00,"5,240.00"
2020-11-03,2020110304001448,GIC,50,54,10,524.00,"5,240.00"
2020-11-03,2020110304001447,GIC,50,47,10,524.00,"5,240.00"
2020-11-03,2020110304001445,GIC,50,54,10,524.00,"5,240.00"
2020-11-03,2020110304001458,GIC,34,8,10,524.00,"5,240.00"
2020-11-03,2020110304001457,GIC,34,8,10,524.00,"5,240.00"
2020-11-03,2020110304001455,GIC,34,54,10,524.00,"5,240.00"
2020-11-03,2020110304001454,GIC,34,8,10,524.00,"5,240.00"
2020-11-03,2020110304001453,GIC,50,21,10,524.00,"5,240.00"
2020-11-03,2020110304001452,GIC,50,54,10,524.00,"5,240.00"
2020-11-03,2020110304001469,GIC,3,47,10,524.00,"5,240.00"
2020-11-03,2020110304001468,GIC,3,21,10,524.00,"5,240.00"
2020-11-03,2020110304001467,GIC,33,8,10,523.00,"5,230.00"
2020-11-03,2020110304001462,GIC,33,8,10,523.00,"5,230.00"
2020-11-03,2020110304001460,GIC,33,39,10,523.00,"5,230.00"
2020-11-03,2020110304001459,GIC,34,8,10,524.00,"5,240.00"
2020-11-03,2020110304001475,GIC,3,28,10,524.00,"5,240.00"
2020-11-03,2020110304001474,GIC,3,39,10,524.00,"5,240.00"
2020-11-03,2020110304001473,GIC,3,47,10,524.00,"5,240.00"
2020-11-03,2020110304001472,GIC,3,56,10,524.00,"5,240.00"
2020-11-03,2020110304001471,GIC,3,36,10,524.00,"5,240.00"
2020-11-03,2020110304001470,GIC,3,14,10,524.00,"5,240.00"
2020-11-03,2020110304001485,GIC,48,38,10,525.00,"5,250.00"
2020-11-03,2020110304001482,GIC,3,8,10,524.00,"5,240.00"
2020-11-03,2020110304001481,GIC,3,58,10,524.00,"5,240.00"
2020-11-03,2020110304001480,GIC,3,8,10,524.00,"5,240.00"
2020-11-03,2020110304001479,GIC,3,8,10,524.00,"5,240.00"
2020-11-03,2020110304001476,GIC,3,39,10,524.00,"5,240.00"
2020-11-03,2020110304001491,GIC,48,39,10,525.00,"5,250.00"
2020-11-03,2020110304001490,GIC,48,39,10,525.00,"5,250.00"
2020-11-03,2020110304001489,GIC,48,39,10,525.00,"5,250.00"
2020-11-03,2020110304001488,GIC,48,52,10,525.00,"5,250.00"
2020-11-03,2020110304001487,GIC,48,29,10,525.00,"5,250.00"
2020-11-03,2020110304001486,GIC,48,38,10,525.00,"5,250.00"
2020-11-03,2020110304001497,GIC,48,38,10,525.00,"5,250.00"
2020-11-03,2020110304001496,GIC,48,32,10,525.00,"5,250.00"
2020-11-03,2020110304001495,GIC,48,41,10,525.00,"5,250.00"
2020-11-03,2020110304001494,GIC,48,6,10,525.00,"5,250.00"
2020-11-03,2020110304001493,GIC,48,22,10,525.00,"5,250.00"
2020-11-03,2020110304001492,GIC,48,13,10,525.00,"5,250.00"
2020-11-03,2020110304001503,GIC,48,57,10,525.00,"5,250.00"
2020-11-03,2020110304001502,GIC,48,38,10,525.00,"5,250.00"
2020-11-03,2020110304001501,GIC,48,58,10,525.00,"5,250.00"
2020-11-03,2020110304001500,GIC,48,38,10,525.00,"5,250.00"
2020-11-03,2020110304001499,GIC,48,58,320,525.00,"168,000.00"
2020-11-03,2020110304001498,GIC,48,55,10,525.00,"5,250.00"
2020-11-03,2020110304001513,GIC,48,55,10,526.00,"5,260.00"
2020-11-03,2020110304001512,GIC,48,29,10,526.00,"5,260.00"
2020-11-03,2020110304001511,GIC,48,14,10,526.00,"5,260.00"
2020-11-03,2020110304001510,GIC,48,11,10,526.00,"5,260.00"
2020-11-03,2020110304001509,GIC,48,4,10,526.00,"5,260.00"
2020-11-03,2020110304001506,GIC,48,39,10,525.00,"5,250.00"
2020-11-03,2020110304001519,GIC,48,40,10,526.00,"5,260.00"
2020-11-03,2020110304001518,GIC,48,40,10,526.00,"5,260.00"
2020-11-03,2020110304001517,GIC,48,20,10,526.00,"5,260.00"
2020-11-03,2020110304001516,GIC,48,41,10,526.00,"5,260.00"
2020-11-03,2020110304001515,GIC,48,41,10,526.00,"5,260.00"
2020-11-03,2020110304001514,GIC,48,41,10,526.00,"5,260.00"
2020-11-03,2020110304001526,GIC,48,39,10,526.00,"5,260.00"
2020-11-03,2020110304001525,GIC,48,38,10,526.00,"5,260.00"
2020-11-03,2020110304001523,GIC,48,20,10,526.00,"5,260.00"
2020-11-03,2020110304001522,GIC,48,20,10,526.00,"5,260.00"
2020-11-03,2020110304001521,GIC,48,57,10,526.00,"5,260.00"
2020-11-03,2020110304001520,GIC,48,55,10,526.00,"5,260.00"
2020-11-03,2020110304001537,GIC,48,13,10,526.00,"5,260.00"
2020-11-03,2020110304001536,GIC,48,8,10,526.00,"5,260.00"
2020-11-03,2020110304001534,GIC,48,36,10,526.00,"5,260.00"
2020-11-03,2020110304001531,GIC,48,39,10,526.00,"5,260.00"
2020-11-03,2020110304001530,GIC,48,22,10,526.00,"5,260.00"
2020-11-03,2020110304001528,GIC,48,22,10,526.00,"5,260.00"
2020-11-03,2020110304001544,GIC,48,26,10,526.00,"5,260.00"
2020-11-03,2020110304001542,GIC,48,13,10,526.00,"5,260.00"
2020-11-03,2020110304001541,GIC,48,21,10,526.00,"5,260.00"
2020-11-03,2020110304001540,GIC,48,44,10,527.00,"5,270.00"
2020-11-03,2020110304001539,GIC,48,38,10,526.00,"5,260.00"
2020-11-03,2020110304001538,GIC,48,22,10,526.00,"5,260.00"
2020-11-03,2020110304001550,GIC,48,57,10,526.00,"5,260.00"
2020-11-03,2020110304001549,GIC,41,4,10,527.00,"5,270.00"
2020-11-03,2020110304001548,GIC,41,28,10,527.00,"5,270.00"
2020-11-03,2020110304001547,GIC,41,52,10,527.00,"5,270.00"
2020-11-03,2020110304001546,GIC,41,55,10,527.00,"5,270.00"
2020-11-03,2020110304001545,GIC,41,35,10,527.00,"5,270.00"
2020-11-03,2020110304001557,GIC,34,4,10,527.00,"5,270.00"
2020-11-03,2020110304001556,GIC,48,21,10,526.00,"5,260.00"
2020-11-03,2020110304001554,GIC,48,21,10,526.00,"5,260.00"
2020-11-03,2020110304001553,GIC,48,13,10,526.00,"5,260.00"
2020-11-03,2020110304001552,GIC,48,21,10,526.00,"5,260.00"
2020-11-03,2020110304001551,GIC,48,32,10,526.00,"5,260.00"
2020-11-03,2020110304001563,GIC,34,58,10,527.00,"5,270.00"
2020-11-03,2020110304001562,GIC,34,58,10,527.00,"5,270.00"
2020-11-03,2020110304001561,GIC,34,35,10,527.00,"5,270.00"
2020-11-03,2020110304001560,GIC,34,40,10,527.00,"5,270.00"
2020-11-03,2020110304001559,GIC,34,58,10,527.00,"5,270.00"
2020-11-03,2020110304001558,GIC,34,58,10,527.00,"5,270.00"
2020-11-03,2020110304001569,GIC,34,21,10,527.00,"5,270.00"
2020-11-03,2020110304001568,GIC,34,21,10,527.00,"5,270.00"
2020-11-03,2020110304001567,GIC,34,57,10,527.00,"5,270.00"
2020-11-03,2020110304001566,GIC,34,21,10,527.00,"5,270.00"
2020-11-03,2020110304001565,GIC,34,57,10,527.00,"5,270.00"
2020-11-03,2020110304001564,GIC,34,26,10,527.00,"5,270.00"
2020-11-03,2020110304001575,GIC,34,22,10,527.00,"5,270.00"
2020-11-03,2020110304001574,GIC,34,21,10,527.00,"5,270.00"
2020-11-03,2020110304001573,GIC,34,21,10,527.00,"5,270.00"
2020-11-03,2020110304001572,GIC,34,21,10,527.00,"5,270.00"
2020-11-03,2020110304001571,GIC,34,21,10,527.00,"5,270.00"
2020-11-03,2020110304001570,GIC,34,57,10,527.00,"5,270.00"
2020-11-03,2020110304001584,GIC,48,21,10,526.00,"5,260.00"
2020-11-03,2020110304001582,GIC,48,21,10,526.00,"5,260.00"
2020-11-03,2020110304001581,GIC,57,21,10,527.00,"5,270.00"
2020-11-03,2020110304001579,GIC,57,21,10,527.00,"5,270.00"
2020-11-03,2020110304001577,GIC,57,21,10,527.00,"5,270.00"
2020-11-03,2020110304001576,GIC,34,21,10,527.00,"5,270.00"
2020-11-03,2020110304001591,GIC,48,58,10,526.00,"5,260.00"
2020-11-03,2020110304001590,GIC,48,21,10,526.00,"5,260.00"
2020-11-03,2020110304001589,GIC,48,21,10,526.00,"5,260.00"
2020-11-03,2020110304001587,GIC,49,51,10,527.00,"5,270.00"
2020-11-03,2020110304001586,GIC,48,21,10,526.00,"5,260.00"
2020-11-03,2020110304001585,GIC,48,21,10,526.00,"5,260.00"
2020-11-03,2020110304001604,GIC,49,21,10,527.00,"5,270.00"
2020-11-03,2020110304001603,GIC,49,14,10,527.00,"5,270.00"
2020-11-03,2020110304001602,GIC,49,21,10,527.00,"5,270.00"
2020-11-03,2020110304001601,GIC,48,57,10,526.00,"5,260.00"
2020-11-03,2020110304001600,GIC,48,21,10,526.00,"5,260.00"
2020-11-03,2020110304001592,GIC,48,21,10,526.00,"5,260.00"
2020-11-03,2020110304001611,GIC,48,21,10,526.00,"5,260.00"
2020-11-03,2020110304001610,GIC,48,58,10,526.00,"5,260.00"
2020-11-03,2020110304001609,GIC,48,21,10,526.00,"5,260.00"
2020-11-03,2020110304001608,GIC,48,21,10,526.00,"5,260.00"
2020-11-03,2020110304001606,GIC,49,26,10,527.00,"5,270.00"
2020-11-03,2020110304001605,GIC,49,21,10,527.00,"5,270.00"
2020-11-03,2020110304001619,GIC,35,4,10,528.00,"5,280.00"
2020-11-03,2020110304001618,GIC,35,46,10,528.00,"5,280.00"
2020-11-03,2020110304001617,GIC,35,26,10,528.00,"5,280.00"
2020-11-03,2020110304001615,GIC,49,20,10,526.00,"5,260.00"
2020-11-03,2020110304001613,GIC,48,21,10,526.00,"5,260.00"
2020-11-03,2020110304001612,GIC,48,21,10,526.00,"5,260.00"
2020-11-03,2020110304001631,GIC,41,42,10,528.00,"5,280.00"
2020-11-03,2020110304001630,GIC,41,55,10,528.00,"5,280.00"
2020-11-03,2020110304001629,GIC,41,11,10,528.00,"5,280.00"
2020-11-03,2020110304001628,GIC,41,41,10,528.00,"5,280.00"
2020-11-03,2020110304001626,GIC,49,48,10,526.00,"5,260.00"
2020-11-03,2020110304001620,GIC,35,46,10,528.00,"5,280.00"
2020-11-03,2020110304001641,GIC,36,58,10,526.00,"5,260.00"
2020-11-03,2020110304001640,GIC,36,20,10,526.00,"5,260.00"
2020-11-03,2020110304001638,GIC,36,54,10,526.00,"5,260.00"
2020-11-03,2020110304001635,GIC,36,22,10,526.00,"5,260.00"
2020-11-03,2020110304001634,GIC,49,36,10,528.00,"5,280.00"
2020-11-03,2020110304001632,GIC,41,58,10,528.00,"5,280.00"
2020-11-03,2020110304001648,GIC,25,45,100,528.00,"52,800.00"
2020-11-03,2020110304001647,GIC,25,58,10,528.00,"5,280.00"
2020-11-03,2020110304001646,GIC,25,38,10,528.00,"5,280.00"
2020-11-03,2020110304001645,GIC,48,47,10,526.00,"5,260.00"
2020-11-03,2020110304001644,GIC,48,7,10,526.00,"5,260.00"
2020-11-03,2020110304001643,GIC,48,42,10,526.00,"5,260.00"
2020-11-03,2020110304001656,GIC,17,49,10,529.00,"5,290.00"
2020-11-03,2020110304001655,GIC,17,17,10,529.00,"5,290.00"
2020-11-03,2020110304001653,GIC,34,54,10,527.00,"5,270.00"
2020-11-03,2020110304001652,GIC,34,8,10,527.00,"5,270.00"
2020-11-03,2020110304001650,GIC,25,34,10,528.00,"5,280.00"
2020-11-03,2020110304001649,GIC,25,57,10,528.00,"5,280.00"
2020-11-03,2020110304001662,GIC,17,54,10,529.00,"5,290.00"
2020-11-03,2020110304001661,GIC,17,6,10,529.00,"5,290.00"
2020-11-03,2020110304001660,GIC,17,58,10,529.00,"5,290.00"
2020-11-03,2020110304001659,GIC,17,35,10,529.00,"5,290.00"
2020-11-03,2020110304001658,GIC,17,35,10,529.00,"5,290.00"
2020-11-03,2020110304001657,GIC,17,45,10,529.00,"5,290.00"
2020-11-03,2020110304001668,GIC,17,21,10,529.00,"5,290.00"
2020-11-03,2020110304001667,GIC,17,34,10,529.00,"5,290.00"
2020-11-03,2020110304001666,GIC,17,45,10,529.00,"5,290.00"
2020-11-03,2020110304001665,GIC,17,6,10,529.00,"5,290.00"
2020-11-03,2020110304001664,GIC,17,34,10,529.00,"5,290.00"
2020-11-03,2020110304001663,GIC,17,58,10,529.00,"5,290.00"
2020-11-03,2020110304001674,GIC,45,54,10,529.00,"5,290.00"
2020-11-03,2020110304001673,GIC,45,33,10,529.00,"5,290.00"
2020-11-03,2020110304001672,GIC,45,55,10,529.00,"5,290.00"
2020-11-03,2020110304001671,GIC,45,54,10,529.00,"5,290.00"
2020-11-03,2020110304001670,GIC,45,33,10,529.00,"5,290.00"
2020-11-03,2020110304001669,GIC,45,55,10,529.00,"5,290.00"
2020-11-03,2020110304001680,GIC,57,33,10,528.00,"5,280.00"
2020-11-03,2020110304001679,GIC,45,34,30,529.00,"15,870.00"
2020-11-03,2020110304001678,GIC,45,58,10,529.00,"5,290.00"
2020-11-03,2020110304001677,GIC,45,37,10,529.00,"5,290.00"
2020-11-03,2020110304001676,GIC,45,22,10,529.00,"5,290.00"
2020-11-03,2020110304001675,GIC,45,55,10,529.00,"5,290.00"
2020-11-03,2020110304001686,GIC,17,42,10,530.00,"5,300.00"
2020-11-03,2020110304001685,GIC,17,42,10,530.00,"5,300.00"
2020-11-03,2020110304001684,GIC,17,54,10,529.00,"5,290.00"
2020-11-03,2020110304001683,GIC,17,33,10,529.00,"5,290.00"
2020-11-03,2020110304001682,GIC,17,34,50,529.00,"26,450.00"
2020-11-03,2020110304001681,GIC,17,55,10,528.00,"5,280.00"
2020-11-03,2020110304001692,GIC,17,42,10,530.00,"5,300.00"
2020-11-03,2020110304001691,GIC,17,22,10,530.00,"5,300.00"
2020-11-03,2020110304001690,GIC,17,7,10,530.00,"5,300.00"
2020-11-03,2020110304001689,GIC,17,45,10,530.00,"5,300.00"
2020-11-03,2020110304001688,GIC,17,58,10,530.00,"5,300.00"
2020-11-03,2020110304001687,GIC,17,6,10,530.00,"5,300.00"
2020-11-03,2020110304001698,GIC,17,17,10,530.00,"5,300.00"
2020-11-03,2020110304001697,GIC,17,7,10,530.00,"5,300.00"
2020-11-03,2020110304001696,GIC,17,42,10,530.00,"5,300.00"
2020-11-03,2020110304001695,GIC,17,38,10,530.00,"5,300.00"
2020-11-03,2020110304001694,GIC,17,7,10,530.00,"5,300.00"
2020-11-03,2020110304001693,GIC,17,58,10,530.00,"5,300.00"
2020-11-03,2020110304001704,GIC,17,7,10,530.00,"5,300.00"
2020-11-03,2020110304001703,GIC,17,45,100,530.00,"53,000.00"
2020-11-03,2020110304001702,GIC,17,7,10,530.00,"5,300.00"
2020-11-03,2020110304001701,GIC,17,51,10,530.00,"5,300.00"
2020-11-03,2020110304001700,GIC,17,42,10,530.00,"5,300.00"
2020-11-03,2020110304001699,GIC,17,42,10,530.00,"5,300.00"
2020-11-03,2020110304001710,GIC,17,35,10,527.00,"5,270.00"
2020-11-03,2020110304001709,GIC,17,54,10,527.00,"5,270.00"
2020-11-03,2020110304001708,GIC,17,54,10,527.00,"5,270.00"
2020-11-03,2020110304001707,GIC,17,42,10,530.00,"5,300.00"
2020-11-03,2020110304001706,GIC,17,42,10,530.00,"5,300.00"
2020-11-03,2020110304001705,GIC,17,42,10,530.00,"5,300.00"
2020-11-03,2020110304001716,GIC,44,55,10,528.00,"5,280.00"
2020-11-03,2020110304001715,GIC,44,48,10,528.00,"5,280.00"
2020-11-03,2020110304001714,GIC,44,45,10,528.00,"5,280.00"
2020-11-03,2020110304001713,GIC,17,54,10,527.00,"5,270.00"
2020-11-03,2020110304001712,GIC,17,22,10,527.00,"5,270.00"
2020-11-03,2020110304001711,GIC,17,54,10,527.00,"5,270.00"
2020-11-03,2020110304001722,GIC,44,54,10,528.00,"5,280.00"
2020-11-03,2020110304001721,GIC,44,54,10,528.00,"5,280.00"
2020-11-03,2020110304001720,GIC,44,54,10,528.00,"5,280.00"
2020-11-03,2020110304001719,GIC,44,38,10,528.00,"5,280.00"
2020-11-03,2020110304001718,GIC,44,56,10,528.00,"5,280.00"
2020-11-03,2020110304001717,GIC,44,54,10,528.00,"5,280.00"
2020-11-03,2020110304001729,GIC,44,34,10,528.00,"5,280.00"
2020-11-03,2020110304001727,GIC,44,54,10,528.00,"5,280.00"
2020-11-03,2020110304001726,GIC,44,34,10,528.00,"5,280.00"
2020-11-03,2020110304001725,GIC,44,20,10,528.00,"5,280.00"
2020-11-03,2020110304001724,GIC,44,54,10,528.00,"5,280.00"
2020-11-03,2020110304001723,GIC,44,21,10,528.00,"5,280.00"
2020-11-03,2020110304001735,GIC,44,54,10,528.00,"5,280.00"
2020-11-03,2020110304001734,GIC,44,34,10,528.00,"5,280.00"
2020-11-03,2020110304001733,GIC,44,49,10,528.00,"5,280.00"
2020-11-03,2020110304001732,GIC,44,21,10,528.00,"5,280.00"
2020-11-03,2020110304001731,GIC,44,35,10,528.00,"5,280.00"
2020-11-03,2020110304001730,GIC,44,54,10,528.00,"5,280.00"
2020-11-03,2020110304001456,GIMES1,6,39,"1,000",10.10,"10,100.00"
2020-11-03,2020110304001529,LEMF,53,26,"5,000",9.55,"47,750.00"
2020-11-03,2020110304001508,LEMF,53,58,"1,000",9.40,"9,400.00"
2020-11-03,2020110304001507,LEMF,53,3,"4,000",9.39,"37,560.00"
2020-11-03,2020110304001505,LEMF,33,49,"4,000",9.38,"37,520.00"
2020-11-03,2020110304001504,LEMF,33,49,"6,000",9.38,"56,280.00"
2020-11-03,2020110304001310,LEMF,17,26,"1,000",9.38,"9,380.00"
2020-11-03,2020110304001307,LEMF,17,26,"5,000",9.38,"46,900.00"
2020-11-03,2020110304001616,LUK,53,42,500,9.20,"4,600.00"
2020-11-03,2020110304001588,LUK,53,7,"2,500",9.20,"23,000.00"
2020-11-03,2020110304001543,LUK,45,21,"6,000",9.02,"54,120.00"
2020-11-03,2020110304001533,LUK,45,14,"1,500",9.02,"13,530.00"
2020-11-03,2020110304001532,LUK,26,14,500,9.03,"4,515.00"
2020-11-03,2020110304001478,LUK,48,7,"2,500",9.20,"23,000.00"
2020-11-03,2020110304001283,LUK,13,56,100,9.03,903.00
2020-11-03,2020110304001477,LUK,48,50,500,9.20,"4,600.00"
2020-11-03,2020110304001461,LUK,48,52,300,9.19,"2,757.00"
2020-11-03,2020110304001325,LUK,57,52,200,9.19,"1,838.00"
2020-11-03,2020110304001324,LUK,57,45,100,9.19,919.00
2020-11-03,2020110304001323,LUK,57,37,100,9.15,915.00
2020-11-03,2020110304001322,LUK,57,34,100,9.14,914.00
2020-11-03,2020110304001535,NBF2,14,47,500,9.53,"4,765.00"
2020-11-03,2020110304001406,NBF2,33,45,"4,000",9.55,"38,200.00"
2020-11-03,2020110304001361,NBF2,14,47,100,9.53,953.00
2020-11-03,2020110304001327,NBF2,14,20,500,9.53,"4,765.00"
2020-11-03,2020110304001246,NBF2,42,6,"1,750",9.52,"16,660.00"
2020-11-03,2020110304001654,NEF,45,46,"2,000",9.34,"18,680.00"
2020-11-03,2020110304001627,NEF,45,45,"2,000",9.34,"18,680.00"
2020-11-03,2020110304001527,NEF,21,47,"1,000",9.35,"9,350.00"
2020-11-03,2020110304001483,NEF,21,39,"1,000",9.35,"9,350.00"
2020-11-03,2020110304001293,NEF,33,40,"2,253",9.33,"21,020.49"
2020-11-03,2020110304001278,NEF,33,20,483,9.33,"4,506.39"
2020-11-03,2020110304001277,NEF,33,34,486,9.33,"4,534.38"
2020-11-03,2020110304001391,NIBLPF,42,17,400,9.80,"3,920.00"
2020-11-03,2020110304001338,NIBLPF,33,40,119,9.70,"1,154.30"
2020-11-03,2020110304001337,NIBLPF,38,40,"2,406",9.71,"23,362.26"
2020-11-03,2020110304001329,NIBLPF,38,58,"2,594",9.71,"25,187.74"
2020-11-03,2020110304001301,NIBLPF,33,34,210,9.70,"2,037.00"
2020-11-03,2020110304001300,NIBLPF,33,40,"2,525",9.70,"24,492.50"
2020-11-03,2020110304001297,NIBLPF,33,57,758,9.70,"7,352.60"
2020-11-03,2020110304001294,NIBLPF,33,57,758,9.70,"7,352.60"
2020-11-03,2020110304001642,NIBPO,39,39,9,376.00,"3,384.00"
2020-11-03,2020110304001289,NIBPO,25,20,50,376.00,"18,800.00"
2020-11-03,2020110304001651,NIBSF1,57,11,"5,000",10.01,"50,050.00"
2020-11-03,2020110304001625,NIBSF1,57,11,"5,000",10.01,"50,050.00"
2020-11-03,2020110304001466,NIBSF1,57,10,576,10.10,"5,817.60"
2020-11-03,2020110304001465,NIBSF1,57,45,"4,000",10.09,"40,360.00"
2020-11-03,2020110304001464,NIBSF1,57,7,"5,000",10.08,"50,400.00"
2020-11-03,2020110304001400,NICAD8283,6,29,500,"1,150.00","575,000.00"
2020-11-03,2020110304001399,NICAD8283,6,19,15,"1,149.00","17,235.00"
2020-11-03,2020110304001272,NICAD8283,6,42,50,"1,140.00","57,000.00"
2020-11-03,2020110304001624,NICBF,41,34,500,9.57,"4,785.00"
2020-11-03,2020110304001623,NICBF,41,45,"1,000",9.56,"9,560.00"
2020-11-03,2020110304001622,NICBF,41,20,100,9.50,950.00
2020-11-03,2020110304001621,NICBF,41,58,"1,000",9.50,"9,500.00"
2020-11-03,2020110304001367,NICBF,42,47,100,9.39,939.00
2020-11-03,2020110304001312,NICBF,42,41,"1,000",9.39,"9,390.00"
2020-11-03,2020110304001340,NICGF,34,56,"2,000",9.90,"19,800.00"
2020-11-03,2020110304001335,NMB50,14,47,200,9.64,"1,928.00"
2020-11-03,2020110304001299,NMB50,14,41,600,9.64,"5,784.00"
2020-11-03,2020110304001298,NMB50,54,41,400,9.64,"3,856.00"
2020-11-03,2020110304001639,RBCLPO,56,22,10,"12,625.00","126,250.00"
2020-11-03,2020110304001637,RBCLPO,56,19,20,"12,620.00","252,400.00"
2020-11-03,2020110304001636,RBCLPO,56,40,10,"12,620.00","126,200.00"
2020-11-03,2020110304001607,RBCLPO,32,33,30,"12,597.00","377,910.00"
2020-11-03,2020110304001599,RBCLPO,32,11,30,"12,597.00","377,910.00"
2020-11-03,2020110304001598,RBCLPO,32,22,20,"12,550.00","251,000.00"
2020-11-03,2020110304001333,RBCLPO,7,56,10,"12,500.00","125,000.00"
2020-11-03,2020110304001332,RBCLPO,7,59,10,"12,500.00","125,000.00"
2020-11-03,2020110304001274,RBCLPO,32,40,50,"12,350.00","617,500.00"
2020-11-03,2020110304001263,RBCLPO,4,40,30,"12,501.00","375,030.00"
2020-11-03,2020110304001254,RBCLPO,28,59,30,"12,502.00","375,060.00"
2020-11-03,2020110304001253,RBCLPO,28,59,20,"12,504.00","250,080.00"
2020-11-03,2020110304001580,RBCLPO,6,32,50,"12,545.00","627,250.00"
2020-11-03,2020110304001578,RBCLPO,6,28,10,"12,500.00","125,000.00"
2020-11-03,2020110304001484,RBCLPO,28,28,10,"12,500.00","125,000.00"
2020-11-03,2020110304001446,RBCLPO,56,43,10,"12,326.00","123,260.00"
2020-11-03,2020110304001444,RBCLPO,28,28,10,"12,500.00","125,000.00"
2020-11-03,2020110304001443,RBCLPO,28,28,20,"12,500.00","250,000.00"
2020-11-03,2020110304001597,RBCLPO,32,59,10,"12,550.00","125,500.00"
2020-11-03,2020110304001596,RBCLPO,32,56,10,"12,549.00","125,490.00"
2020-11-03,2020110304001595,RBCLPO,32,59,10,"12,549.00","125,490.00"
2020-11-03,2020110304001594,RBCLPO,32,18,10,"12,548.00","125,480.00"
2020-11-03,2020110304001593,RBCLPO,32,40,40,"12,547.00","501,880.00"
2020-11-03,2020110304001583,RBCLPO,6,18,20,"12,548.00","250,960.00"
2020-11-03,2020110304001633,SAEF,49,34,"2,000",10.32,"20,640.00"
2020-11-03,2020110304001614,SAEF,49,17,"2,000",10.30,"20,600.00"
2020-11-03,2020110304001375,SAEF,17,26,"3,000",10.34,"31,020.00"
2020-11-03,2020110304001368,SAEF,17,41,"2,000",10.30,"20,600.00"
2020-11-03,2020110304001365,SAEF,17,46,500,10.25,"5,125.00"
2020-11-03,2020110304001309,SAEF,49,58,500,10.22,"5,110.00"
2020-11-03,2020110304001291,SAEF,49,17,"2,000",10.22,"20,440.00"
2020-11-03,2020110304001463,SBLD2082,6,34,25,"1,053.00","26,325.00"
2020-11-03,2020110304001441,SEF,21,39,"1,000",9.80,"9,800.00"
2020-11-03,2020110304001434,SEF,21,58,"1,000",9.80,"9,800.00"
2020-11-03,2020110304001304,SEF,6,20,"1,000",9.77,"9,770.00"
2020-11-03,2020110304001285,SEF,6,57,"3,000",9.77,"29,310.00"
2020-11-03,2020110304001281,SFMF,26,41,"1,000",9.22,"9,220.00"
2020-11-03,2020110304001524,STC,19,36,50,"3,800.00","190,000.00"
2020-11-03,2020110304001103,CBBLPO,17,53,"10,000",570.00,"5,700,000.00"
2020-11-03,2020110304001102,CBBLPO,17,53,"10,000",570.00,"5,700,000.00"
2020-11-03,2020110304001101,CBBLPO,17,53,"10,000",570.00,"5,700,000.00"
2020-11-03,2020110304001077,CMF1,22,58,"1,000",9.91,"9,910.00"
2020-11-03,2020110304000936,CMF1,42,37,900,10.09,"9,081.00"
2020-11-03,2020110304000935,CMF1,42,6,100,10.05,"1,005.00"
2020-11-03,2020110304000934,CMF1,42,37,"3,000",10.02,"30,060.00"
2020-11-03,2020110304000933,CMF1,42,7,"10,000",10.01,"100,100.00"
2020-11-03,2020110304000932,CMF1,42,41,"2,100",10.00,"21,000.00"
2020-11-03,2020110304000826,CMF1,45,17,"1,000",9.92,"9,920.00"
2020-11-03,2020110304000931,CMF1,42,45,"3,900",10.00,"39,000.00"
2020-11-03,2020110304000930,CMF1,42,17,"5,000",10.00,"50,000.00"
2020-11-03,2020110304000929,CMF1,42,11,"1,000",9.99,"9,990.00"
2020-11-03,2020110304000928,CMF1,42,17,"4,000",9.97,"39,880.00"
2020-11-03,2020110304000924,CMF1,22,6,100,9.91,991.00
2020-11-03,2020110304000886,CMF1,22,6,100,9.91,991.00
2020-11-03,2020110304001242,GIC,33,1,10,523.00,"5,230.00"
2020-11-03,2020110304001241,GIC,33,22,10,523.00,"5,230.00"
2020-11-03,2020110304001240,GIC,33,38,10,523.00,"5,230.00"
2020-11-03,2020110304001239,GIC,7,34,200,524.00,"104,800.00"
2020-11-03,2020110304001238,GIC,33,22,10,523.00,"5,230.00"
2020-11-03,2020110304001237,GIC,33,45,10,523.00,"5,230.00"
2020-11-03,2020110304000743,GIC,41,17,100,525.00,"52,500.00"
2020-11-03,2020110304000762,GIC,26,39,10,525.00,"5,250.00"
2020-11-03,2020110304000761,GIC,26,56,10,525.00,"5,250.00"
2020-11-03,2020110304000759,GIC,26,44,10,525.00,"5,250.00"
2020-11-03,2020110304000757,GIC,32,21,10,525.00,"5,250.00"
2020-11-03,2020110304000756,GIC,32,42,10,525.00,"5,250.00"
2020-11-03,2020110304000744,GIC,32,17,20,525.00,"10,500.00"
2020-11-03,2020110304000782,GIC,56,58,10,526.00,"5,260.00"
2020-11-03,2020110304000772,GIC,26,1,10,525.00,"5,250.00"
2020-11-03,2020110304000768,GIC,26,25,10,525.00,"5,250.00"
2020-11-03,2020110304000766,GIC,26,42,10,525.00,"5,250.00"
2020-11-03,2020110304000765,GIC,26,1,10,525.00,"5,250.00"
2020-11-03,2020110304000764,GIC,49,21,10,526.00,"5,260.00"
2020-11-03,2020110304000788,GIC,56,59,10,527.00,"5,270.00"
2020-11-03,2020110304000787,GIC,56,38,10,527.00,"5,270.00"
2020-11-03,2020110304000786,GIC,56,7,10,526.00,"5,260.00"
2020-11-03,2020110304000785,GIC,56,7,10,526.00,"5,260.00"
2020-11-03,2020110304000784,GIC,56,7,10,526.00,"5,260.00"
2020-11-03,2020110304000783,GIC,56,58,10,526.00,"5,260.00"
2020-11-03,2020110304000794,GIC,45,37,10,525.00,"5,250.00"
2020-11-03,2020110304000793,GIC,45,47,10,525.00,"5,250.00"
2020-11-03,2020110304000792,GIC,26,58,10,525.00,"5,250.00"
2020-11-03,2020110304000791,GIC,26,40,10,525.00,"5,250.00"
2020-11-03,2020110304000790,GIC,26,21,10,525.00,"5,250.00"
2020-11-03,2020110304000789,GIC,56,17,130,528.00,"68,640.00"
2020-11-03,2020110304000801,GIC,41,6,10,525.00,"5,250.00"
2020-11-03,2020110304000799,GIC,41,29,10,525.00,"5,250.00"
2020-11-03,2020110304000798,GIC,41,49,10,525.00,"5,250.00"
2020-11-03,2020110304000797,GIC,41,47,10,525.00,"5,250.00"
2020-11-03,2020110304000796,GIC,13,40,10,526.00,"5,260.00"
2020-11-03,2020110304000795,GIC,13,7,10,526.00,"5,260.00"
2020-11-03,2020110304000812,GIC,41,14,10,525.00,"5,250.00"
2020-11-03,2020110304000809,GIC,41,45,10,525.00,"5,250.00"
2020-11-03,2020110304000808,GIC,13,41,10,526.00,"5,260.00"
2020-11-03,2020110304000806,GIC,41,21,10,525.00,"5,250.00"
2020-11-03,2020110304000803,GIC,41,1,10,525.00,"5,250.00"
2020-11-03,2020110304000802,GIC,41,42,10,525.00,"5,250.00"
2020-11-03,2020110304000821,GIC,58,17,180,525.00,"94,500.00"
2020-11-03,2020110304000820,GIC,42,17,100,526.00,"52,600.00"
2020-11-03,2020110304000818,GIC,58,58,10,525.00,"5,250.00"
2020-11-03,2020110304000816,GIC,58,21,10,525.00,"5,250.00"
2020-11-03,2020110304000815,GIC,42,58,10,525.00,"5,250.00"
2020-11-03,2020110304000814,GIC,41,36,10,525.00,"5,250.00"
2020-11-03,2020110304000829,GIC,36,36,10,525.00,"5,250.00"
2020-11-03,2020110304000827,GIC,5,10,10,524.00,"5,240.00"
2020-11-03,2020110304000825,GIC,5,21,10,524.00,"5,240.00"
2020-11-03,2020110304000824,GIC,45,21,10,524.00,"5,240.00"
2020-11-03,2020110304000823,GIC,45,49,10,524.00,"5,240.00"
2020-11-03,2020110304000822,GIC,41,17,60,525.00,"31,500.00"
2020-11-03,2020110304000840,GIC,36,45,10,525.00,"5,250.00"
2020-11-03,2020110304000838,GIC,5,49,10,524.00,"5,240.00"
2020-11-03,2020110304000836,GIC,5,40,10,524.00,"5,240.00"
2020-11-03,2020110304000835,GIC,5,21,10,524.00,"5,240.00"
2020-11-03,2020110304000834,GIC,5,35,10,524.00,"5,240.00"
2020-11-03,2020110304000833,GIC,5,18,10,524.00,"5,240.00"
2020-11-03,2020110304000848,GIC,34,1,10,524.00,"5,240.00"
2020-11-03,2020110304000847,GIC,34,21,10,524.00,"5,240.00"
2020-11-03,2020110304000846,GIC,34,50,10,524.00,"5,240.00"
2020-11-03,2020110304000845,GIC,5,25,10,524.00,"5,240.00"
2020-11-03,2020110304000842,GIC,5,21,10,524.00,"5,240.00"
2020-11-03,2020110304000841,GIC,5,42,10,524.00,"5,240.00"
2020-11-03,2020110304000856,GIC,8,21,10,524.00,"5,240.00"
2020-11-03,2020110304000855,GIC,8,45,10,524.00,"5,240.00"
2020-11-03,2020110304000853,GIC,34,21,10,524.00,"5,240.00"
2020-11-03,2020110304000851,GIC,36,17,250,525.00,"131,250.00"
2020-11-03,2020110304000850,GIC,34,8,10,524.00,"5,240.00"
2020-11-03,2020110304000849,GIC,34,37,10,524.00,"5,240.00"
2020-11-03,2020110304000868,GIC,8,21,10,524.00,"5,240.00"
2020-11-03,2020110304000866,GIC,8,42,10,524.00,"5,240.00"
2020-11-03,2020110304000865,GIC,8,59,10,524.00,"5,240.00"
2020-11-03,2020110304000861,GIC,8,45,10,524.00,"5,240.00"
2020-11-03,2020110304000860,GIC,8,10,10,524.00,"5,240.00"
2020-11-03,2020110304000857,GIC,41,17,100,525.00,"52,500.00"
2020-11-03,2020110304000879,GIC,38,51,10,524.00,"5,240.00"
2020-11-03,2020110304000877,GIC,38,46,10,524.00,"5,240.00"
2020-11-03,2020110304000872,GIC,38,10,10,524.00,"5,240.00"
2020-11-03,2020110304000871,GIC,8,22,10,524.00,"5,240.00"
2020-11-03,2020110304000870,GIC,8,10,10,524.00,"5,240.00"
2020-11-03,2020110304000869,GIC,8,6,10,524.00,"5,240.00"
2020-11-03,2020110304000887,GIC,38,38,10,524.00,"5,240.00"
2020-11-03,2020110304000885,GIC,38,53,10,524.00,"5,240.00"
2020-11-03,2020110304000884,GIC,38,47,10,524.00,"5,240.00"
2020-11-03,2020110304000883,GIC,38,41,10,524.00,"5,240.00"
2020-11-03,2020110304000882,GIC,38,59,10,524.00,"5,240.00"
2020-11-03,2020110304000881,GIC,38,10,10,524.00,"5,240.00"
2020-11-03,2020110304000895,GIC,3,52,10,524.00,"5,240.00"
2020-11-03,2020110304000894,GIC,3,59,10,524.00,"5,240.00"
2020-11-03,2020110304000893,GIC,34,17,200,525.00,"105,000.00"
2020-11-03,2020110304000892,GIC,3,17,10,524.00,"5,240.00"
2020-11-03,2020110304000889,GIC,3,52,10,524.00,"5,240.00"
2020-11-03,2020110304000888,GIC,38,39,10,524.00,"5,240.00"
2020-11-03,2020110304000904,GIC,3,59,10,524.00,"5,240.00"
2020-11-03,2020110304000902,GIC,3,22,10,524.00,"5,240.00"
2020-11-03,2020110304000899,GIC,3,59,10,524.00,"5,240.00"
2020-11-03,2020110304000898,GIC,3,58,10,524.00,"5,240.00"
2020-11-03,2020110304000897,GIC,3,17,10,524.00,"5,240.00"
2020-11-03,2020110304000896,GIC,3,35,10,524.00,"5,240.00"
2020-11-03,2020110304000913,GIC,3,40,10,524.00,"5,240.00"
2020-11-03,2020110304000912,GIC,3,45,10,524.00,"5,240.00"
2020-11-03,2020110304000911,GIC,3,52,10,524.00,"5,240.00"
2020-11-03,2020110304000909,GIC,3,52,10,524.00,"5,240.00"
2020-11-03,2020110304000907,GIC,3,59,10,524.00,"5,240.00"
2020-11-03,2020110304000906,GIC,3,52,10,524.00,"5,240.00"
2020-11-03,2020110304000926,GIC,38,55,10,524.00,"5,240.00"
2020-11-03,2020110304000925,GIC,47,47,10,524.00,"5,240.00"
2020-11-03,2020110304000923,GIC,3,39,10,524.00,"5,240.00"
2020-11-03,2020110304000922,GIC,3,55,10,524.00,"5,240.00"
2020-11-03,2020110304000921,GIC,3,49,10,524.00,"5,240.00"
2020-11-03,2020110304000919,GIC,3,37,10,524.00,"5,240.00"
2020-11-03,2020110304000953,GIC,6,17,50,525.00,"26,250.00"
2020-11-03,2020110304000952,GIC,58,22,10,524.00,"5,240.00"
2020-11-03,2020110304000951,GIC,58,55,10,524.00,"5,240.00"
2020-11-03,2020110304000945,GIC,58,55,10,524.00,"5,240.00"
2020-11-03,2020110304000938,GIC,58,47,10,524.00,"5,240.00"
2020-11-03,2020110304000927,GIC,38,55,10,524.00,"5,240.00"
2020-11-03,2020110304000970,GIC,34,22,10,524.00,"5,240.00"
2020-11-03,2020110304000969,GIC,34,42,10,524.00,"5,240.00"
2020-11-03,2020110304000967,GIC,34,22,10,524.00,"5,240.00"
2020-11-03,2020110304000966,GIC,34,55,10,524.00,"5,240.00"
2020-11-03,2020110304000965,GIC,49,37,10,524.00,"5,240.00"
2020-11-03,2020110304000963,GIC,58,38,10,524.00,"5,240.00"
2020-11-03,2020110304000977,GIC,34,57,10,524.00,"5,240.00"
2020-11-03,2020110304000975,GIC,34,28,10,524.00,"5,240.00"
2020-11-03,2020110304000974,GIC,34,45,10,524.00,"5,240.00"
2020-11-03,2020110304000973,GIC,34,43,10,524.00,"5,240.00"
2020-11-03,2020110304000972,GIC,34,52,10,524.00,"5,240.00"
2020-11-03,2020110304000971,GIC,34,50,10,524.00,"5,240.00"
2020-11-03,2020110304000987,GIC,47,59,10,524.00,"5,240.00"
2020-11-03,2020110304000986,GIC,47,59,10,524.00,"5,240.00"
2020-11-03,2020110304000984,GIC,34,45,10,524.00,"5,240.00"
2020-11-03,2020110304000982,GIC,34,39,10,524.00,"5,240.00"
2020-11-03,2020110304000981,GIC,34,45,10,524.00,"5,240.00"
2020-11-03,2020110304000978,GIC,34,43,10,524.00,"5,240.00"
2020-11-03,2020110304001003,GIC,50,10,10,523.00,"5,230.00"
2020-11-03,2020110304001001,GIC,50,21,10,523.00,"5,230.00"
2020-11-03,2020110304001000,GIC,50,52,10,523.00,"5,230.00"
2020-11-03,2020110304000999,GIC,50,37,10,523.00,"5,230.00"
2020-11-03,2020110304000998,GIC,50,39,10,523.00,"5,230.00"
2020-11-03,2020110304000993,GIC,58,3,10,523.00,"5,230.00"
2020-11-03,2020110304001011,GIC,43,42,10,523.00,"5,230.00"
2020-11-03,2020110304001010,GIC,43,58,10,523.00,"5,230.00"
2020-11-03,2020110304001009,GIC,43,3,10,523.00,"5,230.00"
2020-11-03,2020110304001008,GIC,47,3,30,523.00,"15,690.00"
2020-11-03,2020110304001006,GIC,43,57,10,523.00,"5,230.00"
2020-11-03,2020110304001004,GIC,43,3,10,523.00,"5,230.00"
2020-11-03,2020110304001018,GIC,43,45,10,523.00,"5,230.00"
2020-11-03,2020110304001016,GIC,43,42,10,523.00,"5,230.00"
