Date,Transact. No.,Symbol,Buyer,Seller,Quantity,Rate,Amount
2019-07-08,2019070801007237,ADBL,44,49,200,406.00,"81,200.00"
2019-07-08,2019070801007081,ADBL,19,49,300,406.00,"121,800.00"
2019-07-08,2019070801007080,ADBL,45,49,500,406.00,"203,000.00"
2019-07-08,2019070801006879,ADBL,45,41,385,407.00,"156,695.00"
2019-07-08,2019070801006878,ADBL,45,57,26,407.00,"10,582.00"
2019-07-08,2019070801006877,ADBL,45,41,159,407.00,"64,713.00"
2019-07-08,2019070801006876,ADBL,45,39,70,407.00,"28,490.00"
2019-07-08,2019070801006875,ADBL,45,25,280,406.00,"113,680.00"
2019-07-08,2019070801006792,ADBL,53,25,300,406.00,"121,800.00"
2019-07-08,2019070801007215,AKPL,41,59,20,189.00,"3,780.00"
2019-07-08,2019070801007160,AKPL,41,25,30,189.00,"5,670.00"
2019-07-08,2019070801007159,AKPL,41,16,26,188.00,"4,888.00"
2019-07-08,2019070801006837,AKPL,41,29,13,188.00,"2,444.00"
2019-07-08,2019070801006822,AKPL,41,41,10,187.00,"1,870.00"
2019-07-08,2019070801006811,AKPL,41,40,12,184.00,"2,208.00"
2019-07-08,2019070801006960,AKPL,36,36,13,186.00,"2,418.00"
2019-07-08,2019070801006841,AKPL,41,34,153,189.00,"28,917.00"
2019-07-08,2019070801006840,AKPL,41,25,30,189.00,"5,670.00"
2019-07-08,2019070801006839,AKPL,41,55,287,189.00,"54,243.00"
2019-07-08,2019070801006838,AKPL,41,41,30,188.00,"5,640.00"
2019-07-08,2019070801007090,ALBSL,40,38,10,392.00,"3,920.00"
2019-07-08,2019070801007030,ALBSL,7,25,200,400.00,"80,000.00"
2019-07-08,2019070801007029,ALBSL,7,51,10,400.00,"4,000.00"
2019-07-08,2019070801006943,ALBSL,45,38,10,391.00,"3,910.00"
2019-07-08,2019070801007028,ALBSL,7,39,10,400.00,"4,000.00"
2019-07-08,2019070801007027,ALBSL,7,56,70,400.00,"28,000.00"
2019-07-08,2019070801007015,ALBSL,7,43,100,398.00,"39,800.00"
2019-07-08,2019070801007014,ALBSL,7,26,10,395.00,"3,950.00"
2019-07-08,2019070801007013,ALBSL,7,16,30,395.00,"11,850.00"
2019-07-08,2019070801006996,ALBSL,45,59,10,391.00,"3,910.00"
2019-07-08,2019070801007147,API,25,34,20,144.00,"2,880.00"
2019-07-08,2019070801007116,API,45,25,500,142.00,"71,000.00"
2019-07-08,2019070801007069,API,28,51,300,143.00,"42,900.00"
2019-07-08,2019070801006846,BARUN,25,40,10,89.00,890.00
2019-07-08,2019070801006831,BFC,53,14,"1,640",100.00,"164,000.00"
2019-07-08,2019070801006830,BFC,11,14,"2,000",101.00,"202,000.00"
2019-07-08,2019070801006829,BFC,10,14,500,101.00,"50,500.00"
2019-07-08,2019070801006828,BFC,39,14,173,102.00,"17,646.00"
2019-07-08,2019070801006965,BOKL,26,34,139,255.00,"35,445.00"
2019-07-08,2019070801006964,BOKL,38,34,200,255.00,"51,000.00"
2019-07-08,2019070801006963,BOKL,51,34,154,255.00,"39,270.00"
2019-07-08,2019070801006962,BOKL,38,34,100,256.00,"25,600.00"
2019-07-08,2019070801006934,BOKL,51,41,346,255.00,"88,230.00"
2019-07-08,2019070801006797,BOKL,48,50,150,256.00,"38,400.00"
2019-07-08,2019070801006933,BOKL,36,41,20,255.00,"5,100.00"
2019-07-08,2019070801006932,BOKL,52,41,100,255.00,"25,500.00"
2019-07-08,2019070801006931,BOKL,13,41,34,255.00,"8,670.00"
2019-07-08,2019070801006852,BOKL,13,16,66,255.00,"16,830.00"
2019-07-08,2019070801006851,BOKL,20,16,22,255.00,"5,610.00"
2019-07-08,2019070801006836,BOKL,22,16,50,257.00,"12,850.00"
2019-07-08,2019070801007224,BPCL,36,38,23,408.00,"9,384.00"
2019-07-08,2019070801007223,BPCL,36,1,10,407.00,"4,070.00"
2019-07-08,2019070801007032,BPCL,50,5,427,405.00,"172,935.00"
2019-07-08,2019070801007031,BPCL,50,50,43,404.00,"17,372.00"
2019-07-08,2019070801007186,CBBL,57,57,615,945.00,"581,175.00"
2019-07-08,2019070801007141,CBBL,7,57,100,945.00,"94,500.00"
2019-07-08,2019070801006775,CBBL,43,16,16,942.00,"15,072.00"
2019-07-08,2019070801006774,CBBL,43,16,50,942.00,"47,100.00"
2019-07-08,2019070801006773,CBBL,43,16,100,942.00,"94,200.00"
2019-07-08,2019070801006772,CBBL,43,16,50,942.00,"47,100.00"
2019-07-08,2019070801007235,CBL,32,34,100,158.00,"15,800.00"
2019-07-08,2019070801007214,CBL,53,45,100,157.00,"15,700.00"
2019-07-08,2019070801007208,CBL,32,34,100,158.00,"15,800.00"
2019-07-08,2019070801007198,CBL,6,59,200,157.00,"31,400.00"
2019-07-08,2019070801007183,CBL,39,59,300,157.00,"47,100.00"
2019-07-08,2019070801007179,CBL,55,59,100,157.00,"15,700.00"
2019-07-08,2019070801006812,CBL,17,29,"1,621",157.00,"254,497.00"
2019-07-08,2019070801006808,CBL,1,34,500,158.00,"79,000.00"
2019-07-08,2019070801006801,CBL,17,29,974,157.00,"152,918.00"
2019-07-08,2019070801006793,CBL,17,29,"3,000",157.00,"471,000.00"
2019-07-08,2019070801006780,CBL,17,22,"1,000",157.00,"157,000.00"
2019-07-08,2019070801006747,CBL,17,38,"2,000",157.00,"314,000.00"
2019-07-08,2019070801006858,CBL,32,4,500,157.00,"78,500.00"
2019-07-08,2019070801006857,CBL,10,4,200,157.00,"31,400.00"
2019-07-08,2019070801006842,CBL,17,17,50,157.00,"7,850.00"
2019-07-08,2019070801006834,CBL,17,29,"1,214",157.00,"190,598.00"
2019-07-08,2019070801006814,CBL,17,29,"1,229",157.00,"192,953.00"
2019-07-08,2019070801006813,CBL,10,29,150,157.00,"23,550.00"
2019-07-08,2019070801006922,CBL,13,34,100,157.00,"15,700.00"
2019-07-08,2019070801006921,CBL,41,34,100,157.00,"15,700.00"
2019-07-08,2019070801006920,CBL,47,34,100,157.00,"15,700.00"
2019-07-08,2019070801006919,CBL,41,34,20,157.00,"3,140.00"
2019-07-08,2019070801006918,CBL,35,34,500,157.00,"78,500.00"
2019-07-08,2019070801006859,CBL,35,4,300,157.00,"47,100.00"
2019-07-08,2019070801006961,CBL,14,22,701,157.00,"110,057.00"
2019-07-08,2019070801006928,CBL,34,34,100,158.00,"15,800.00"
2019-07-08,2019070801006926,CBL,14,34,255,157.00,"40,035.00"
2019-07-08,2019070801006925,CBL,38,34,500,157.00,"78,500.00"
2019-07-08,2019070801006924,CBL,48,34,100,157.00,"15,700.00"
2019-07-08,2019070801006923,CBL,17,34,325,157.00,"51,025.00"
2019-07-08,2019070801007124,CBL,37,35,"3,000",157.00,"471,000.00"
2019-07-08,2019070801007123,CBL,14,35,504,157.00,"79,128.00"
2019-07-08,2019070801007120,CBL,57,34,500,158.00,"79,000.00"
2019-07-08,2019070801007068,CBL,59,59,1,158.00,158.00
2019-07-08,2019070801007026,CBL,1,34,500,158.00,"79,000.00"
2019-07-08,2019070801007004,CBL,14,45,40,157.00,"6,280.00"
2019-07-08,2019070801007178,CBL,59,59,300,157.00,"47,100.00"
2019-07-08,2019070801007177,CBL,50,59,500,157.00,"78,500.00"
2019-07-08,2019070801007176,CBL,53,59,100,157.00,"15,700.00"
2019-07-08,2019070801007175,CBL,1,34,500,158.00,"79,000.00"
2019-07-08,2019070801007126,CBL,42,35,996,157.00,"156,372.00"
2019-07-08,2019070801007125,CBL,17,35,500,157.00,"78,500.00"
2019-07-08,2019070801007164,CCBL,39,6,100,179.00,"17,900.00"
2019-07-08,2019070801007163,CCBL,39,59,200,179.00,"35,800.00"
2019-07-08,2019070801007045,CCBL,39,59,92,178.00,"16,376.00"
2019-07-08,2019070801006951,CCBL,34,6,50,179.00,"8,950.00"
2019-07-08,2019070801006939,CCBL,37,47,597,177.00,"105,669.00"
2019-07-08,2019070801006826,CCBL,43,34,"1,000",178.00,"178,000.00"
2019-07-08,2019070801006825,CCBL,42,34,"1,175",178.00,"209,150.00"
2019-07-08,2019070801006796,CCBL,42,43,825,178.00,"146,850.00"
2019-07-08,2019070801006795,CCBL,34,43,575,178.00,"102,350.00"
2019-07-08,2019070801006927,CCBL,37,40,93,177.00,"16,461.00"
2019-07-08,2019070801006904,CCBL,6,6,50,179.00,"8,950.00"
2019-07-08,2019070801006885,CCBL,7,7,344,178.00,"61,232.00"
2019-07-08,2019070801006863,CCBL,7,34,325,178.00,"57,850.00"
2019-07-08,2019070801006827,CCBL,37,34,"2,500",178.00,"445,000.00"
2019-07-08,2019070801007115,CHCL,50,3,298,514.00,"153,172.00"
2019-07-08,2019070801007114,CHCL,50,42,100,513.00,"51,300.00"
2019-07-08,2019070801006845,CHCL,7,33,25,513.00,"12,825.00"
2019-07-08,2019070801006844,CHCL,7,50,17,513.00,"8,721.00"
2019-07-08,2019070801007218,CIT,29,34,110,"2,430.00","267,300.00"
2019-07-08,2019070801007217,CIT,29,4,40,"2,428.00","97,120.00"
2019-07-08,2019070801007216,CIT,29,34,50,"2,427.00","121,350.00"
2019-07-08,2019070801006937,CIT,25,4,10,"2,428.00","24,280.00"
2019-07-08,2019070801006936,CIT,25,43,50,"2,425.00","121,250.00"
2019-07-08,2019070801006935,CIT,25,34,40,"2,420.00","96,800.00"
2019-07-08,2019070801006856,CIT,42,34,10,"2,420.00","24,200.00"
2019-07-08,2019070801006760,CIT,40,39,35,"2,406.00","84,210.00"
2019-07-08,2019070801006759,CIT,35,39,20,"2,407.00","48,140.00"
2019-07-08,2019070801006758,CIT,22,39,20,"2,408.00","48,160.00"
2019-07-08,2019070801006757,CIT,16,39,25,"2,409.00","60,225.00"
2019-07-08,2019070801007086,CZBIL,57,43,400,220.00,"88,000.00"
2019-07-08,2019070801006861,CZBIL,22,26,50,221.00,"11,050.00"
2019-07-08,2019070801006803,CZBIL,57,1,262,220.00,"57,640.00"
2019-07-08,2019070801007085,DDBL,7,29,100,712.00,"71,200.00"
2019-07-08,2019070801007084,DDBL,7,57,20,712.00,"14,240.00"
2019-07-08,2019070801006835,EBL,25,25,133,645.00,"85,785.00"
2019-07-08,2019070801007182,EDBL,38,36,100,285.00,"28,500.00"
2019-07-08,2019070801007231,EIC,50,7,100,371.00,"37,100.00"
2019-07-08,2019070801007230,EIC,22,7,570,372.00,"212,040.00"
2019-07-08,2019070801007229,EIC,25,7,40,373.00,"14,920.00"
2019-07-08,2019070801007228,EIC,45,7,50,375.00,"18,750.00"
2019-07-08,2019070801007227,EIC,45,7,30,375.00,"11,250.00"
2019-07-08,2019070801007064,FMDBL,44,22,35,380.00,"13,300.00"
2019-07-08,2019070801006788,FOWAD,35,47,40,"1,310.00","52,400.00"
2019-07-08,2019070801006770,FOWAD,49,47,50,"1,311.00","65,550.00"
2019-07-08,2019070801006769,FOWAD,10,47,10,"1,315.00","13,150.00"
2019-07-08,2019070801006768,FOWAD,8,47,51,"1,315.00","67,065.00"
2019-07-08,2019070801006767,FOWAD,5,47,50,"1,320.00","66,000.00"
2019-07-08,2019070801006766,FOWAD,6,47,40,"1,320.00","52,800.00"
2019-07-08,2019070801006765,FOWAD,4,47,21,"1,321.00","27,741.00"
2019-07-08,2019070801007066,GBBL,14,41,117,221.00,"25,857.00"
2019-07-08,2019070801007065,GBBL,45,41,43,221.00,"9,503.00"
2019-07-08,2019070801006777,GBBL,45,48,100,221.00,"22,100.00"
2019-07-08,2019070801007072,GBLBS,10,40,10,341.00,"3,410.00"
2019-07-08,2019070801006810,GBLBS,50,36,40,342.00,"13,680.00"
2019-07-08,2019070801006809,GBLBS,57,36,310,342.00,"106,020.00"
2019-07-08,2019070801007016,GDBL,58,13,325,213.00,"69,225.00"
2019-07-08,2019070801007017,GDBL,58,50,200,213.00,"42,600.00"
2019-07-08,2019070801006975,GHL,32,22,10,86.00,860.00
2019-07-08,2019070801007184,GILB,58,58,114,"1,260.00","143,640.00"
2019-07-08,2019070801007011,GILB,26,26,1,"1,260.00","1,260.00"
2019-07-08,2019070801006824,GILB,21,21,2,"1,240.00","2,480.00"
2019-07-08,2019070801006802,GILB,21,21,2,"1,240.00","2,480.00"
2019-07-08,2019070801006947,GLBSL,19,41,10,388.00,"3,880.00"
2019-07-08,2019070801006778,GLICL,36,58,106,475.00,"50,350.00"
2019-07-08,2019070801006745,GLICL,36,41,54,475.00,"25,650.00"
2019-07-08,2019070801007171,GMFBS,46,43,10,445.00,"4,450.00"
2019-07-08,2019070801007122,GMFBS,14,35,10,441.00,"4,410.00"
2019-07-08,2019070801006952,HGI,41,38,25,351.00,"8,775.00"
2019-07-08,2019070801007113,HPPL,35,38,10,175.00,"1,750.00"
2019-07-08,2019070801007099,HPPL,35,40,10,175.00,"1,750.00"
2019-07-08,2019070801006882,HURJA,21,39,20,140.00,"2,800.00"
2019-07-08,2019070801006948,ICFC,29,13,"1,000",161.00,"161,000.00"
2019-07-08,2019070801007082,IGI,43,29,40,358.00,"14,320.00"
2019-07-08,2019070802000007,ILBS,58,41,10,343.20,"3,432.00"
2019-07-08,2019070802000006,ILBS,25,42,10,342.00,"3,420.00"
2019-07-08,2019070802000005,ILBS,40,34,10,336.00,"3,360.00"
2019-07-08,2019070802000004,ILBS,25,34,10,330.00,"3,300.00"
2019-07-08,2019070802000003,ILBS,43,34,10,324.00,"3,240.00"
2019-07-08,2019070802000002,ILBS,35,34,10,318.00,"3,180.00"
2019-07-08,2019070802000001,ILBS,4,29,10,312.00,"3,120.00"
2019-07-08,2019070801006901,JBBL,29,3,200,158.00,"31,600.00"
2019-07-08,2019070801006900,JBBL,29,45,"2,000",158.00,"316,000.00"
2019-07-08,2019070801006899,JBBL,29,41,"1,158",158.00,"182,964.00"
2019-07-08,2019070801006865,JBBL,45,48,61,157.00,"9,577.00"
2019-07-08,2019070801006750,JOSHI,48,57,20,78.00,"1,560.00"
2019-07-08,2019070801007153,JSLBB,16,21,10,954.00,"9,540.00"
2019-07-08,2019070801006880,JSLBB,40,6,10,957.00,"9,570.00"
2019-07-08,2019070801007023,KBL,42,55,15,218.00,"3,270.00"
2019-07-08,2019070801007022,KBL,38,55,85,218.00,"18,530.00"
2019-07-08,2019070801006995,KBL,13,11,"1,000",219.00,"219,000.00"
2019-07-08,2019070801006994,KBL,13,55,163,219.00,"35,697.00"
2019-07-08,2019070801006968,KBL,34,55,50,219.00,"10,950.00"
2019-07-08,2019070801006938,KBL,38,55,100,218.00,"21,800.00"
2019-07-08,2019070801006896,KBL,38,55,20,218.00,"4,360.00"
2019-07-08,2019070801006781,KBL,19,55,250,219.00,"54,750.00"
2019-07-08,2019070801007033,KPCL,58,38,10,92.00,920.00
2019-07-08,2019070801006912,KSBBL,1,22,211,156.00,"32,916.00"
2019-07-08,2019070801006911,KSBBL,14,22,370,156.00,"57,720.00"
2019-07-08,2019070801006910,KSBBL,22,22,28,156.00,"4,368.00"
2019-07-08,2019070801006881,KSBBL,22,48,36,156.00,"5,616.00"
2019-07-08,2019070801006823,KSBBL,22,48,36,156.00,"5,616.00"
2019-07-08,2019070801006764,KSBBL,22,56,200,156.00,"31,200.00"
2019-07-08,2019070801006756,KSBBL,22,56,200,156.00,"31,200.00"
2019-07-08,2019070801006942,LBBL,45,38,500,190.00,"95,000.00"
2019-07-08,2019070801006748,LBBL,8,33,500,190.00,"95,000.00"
2019-07-08,2019070801007196,LBL,34,59,300,225.00,"67,500.00"
2019-07-08,2019070801007181,LBL,34,45,90,225.00,"20,250.00"
2019-07-08,2019070801007180,LBL,22,45,100,225.00,"22,500.00"
2019-07-08,2019070801007157,LBL,32,58,100,226.00,"22,600.00"
2019-07-08,2019070801007034,LGIL,28,57,150,440.00,"66,000.00"
2019-07-08,2019070801007024,MBL,16,52,500,257.00,"128,500.00"
2019-07-08,2019070801007140,MEGA,32,17,100,212.00,"21,200.00"
2019-07-08,2019070801007139,MEGA,22,17,736,212.00,"156,032.00"
2019-07-08,2019070801007138,MEGA,22,17,"2,000",212.00,"424,000.00"
2019-07-08,2019070801007137,MEGA,22,1,549,212.00,"116,388.00"
2019-07-08,2019070801007136,MEGA,22,32,78,212.00,"16,536.00"
2019-07-08,2019070801007135,MEGA,22,50,270,212.00,"57,240.00"
2019-07-08,2019070801007134,MEGA,22,32,240,212.00,"50,880.00"
2019-07-08,2019070801007133,MEGA,22,40,52,212.00,"11,024.00"
2019-07-08,2019070801007130,MEGA,28,40,20,212.00,"4,240.00"
2019-07-08,2019070801006969,MEGA,22,41,500,211.00,"105,500.00"
2019-07-08,2019070801006908,MEGA,49,40,50,212.00,"10,600.00"
2019-07-08,2019070801006907,MEGA,22,25,100,211.00,"21,100.00"
2019-07-08,2019070801007202,MERO,6,52,97,515.00,"49,955.00"
2019-07-08,2019070801006870,MERO,6,57,33,515.00,"16,995.00"
2019-07-08,2019070801006954,MFIL,49,8,"2,000",126.00,"252,000.00"
2019-07-08,2019070801006958,MNBBL,47,35,141,364.00,"51,324.00"
2019-07-08,2019070801007128,MPFL,58,14,10,125.00,"1,250.00"
2019-07-08,2019070801007127,MPFL,58,54,35,123.00,"4,305.00"
2019-07-08,2019070801007043,MSLB,50,42,13,885.00,"11,505.00"
2019-07-08,2019070801007209,NABIL,39,3,20,787.00,"15,740.00"
2019-07-08,2019070801006850,NABIL,8,39,50,786.00,"39,300.00"
2019-07-08,2019070801006833,NABIL,8,4,74,785.00,"58,090.00"
2019-07-08,2019070801007220,NADEP,22,26,20,410.00,"8,200.00"
2019-07-08,2019070801007219,NADEP,22,14,20,410.00,"8,200.00"
2019-07-08,2019070801007165,NADEP,1,6,20,408.00,"8,160.00"
2019-07-08,2019070801007076,NADEP,36,36,20,409.00,"8,180.00"
2019-07-08,2019070801006889,NADEP,1,38,20,408.00,"8,160.00"
2019-07-08,2019070801006771,NADEP,1,38,10,408.00,"4,080.00"
2019-07-08,2019070801006755,NADEP,1,38,10,408.00,"4,080.00"
2019-07-08,2019070801006874,NAGRO,5,7,100,491.00,"49,100.00"
2019-07-08,2019070801006866,NAGRO,5,33,10,500.00,"5,000.00"
2019-07-08,2019070801006986,NBB,34,20,611,219.00,"133,809.00"
2019-07-08,2019070801006985,NBB,38,20,300,219.00,"65,700.00"
2019-07-08,2019070801006984,NBB,38,20,"2,000",219.00,"438,000.00"
2019-07-08,2019070801006983,NBB,35,20,500,219.00,"109,500.00"
2019-07-08,2019070801006982,NBB,45,20,300,219.00,"65,700.00"
2019-07-08,2019070801006893,NBB,56,11,50,220.00,"11,000.00"
2019-07-08,2019070801006892,NBB,49,11,50,220.00,"11,000.00"
2019-07-08,2019070801006888,NBB,34,44,500,221.00,"110,500.00"
2019-07-08,2019070801006887,NBB,34,17,70,221.00,"15,470.00"
2019-07-08,2019070801006886,NBB,34,13,400,221.00,"88,400.00"
2019-07-08,2019070801006847,NBB,22,17,50,221.00,"11,050.00"
2019-07-08,2019070801006981,NBB,29,20,"1,000",219.00,"219,000.00"
2019-07-08,2019070801006980,NBB,26,20,100,219.00,"21,900.00"
2019-07-08,2019070801006979,NBB,38,20,139,219.00,"30,441.00"
2019-07-08,2019070801006978,NBB,49,20,"1,000",220.00,"220,000.00"
2019-07-08,2019070801006977,NBB,34,20,"1,000",220.00,"220,000.00"
2019-07-08,2019070801006976,NBB,56,20,50,220.00,"11,000.00"
2019-07-08,2019070801007225,NBL,16,58,50,336.00,"16,800.00"
2019-07-08,2019070801007162,NBL,37,34,600,337.00,"202,200.00"
2019-07-08,2019070801007161,NBL,37,50,400,337.00,"134,800.00"
2019-07-08,2019070801007146,NBL,37,50,600,337.00,"202,200.00"
2019-07-08,2019070801007145,NBL,37,49,300,337.00,"101,100.00"
2019-07-08,2019070801007144,NBL,37,34,100,337.00,"33,700.00"
2019-07-08,2019070801007039,NBL,16,4,194,336.00,"65,184.00"
2019-07-08,2019070801007038,NBL,49,4,200,336.00,"67,200.00"
2019-07-08,2019070801007037,NBL,38,4,106,336.00,"35,616.00"
2019-07-08,2019070801006884,NBL,38,52,144,336.00,"48,384.00"
2019-07-08,2019070801006883,NBL,55,52,156,336.00,"52,416.00"
2019-07-08,2019070801007201,NCCB,32,17,500,242.00,"121,000.00"
2019-07-08,2019070801007200,NCCB,32,7,24,242.00,"5,808.00"
2019-07-08,2019070801007199,NCCB,25,7,976,242.00,"236,192.00"
2019-07-08,2019070801007129,NCCB,58,19,10,243.00,"2,430.00"
2019-07-08,2019070801007092,NCCB,25,21,24,242.00,"5,808.00"
2019-07-08,2019070801007091,NCCB,32,21,476,242.00,"115,192.00"
2019-07-08,2019070801006890,NCCB,43,36,250,242.00,"60,500.00"
2019-07-08,2019070801006791,NCCB,22,19,135,243.00,"32,805.00"
2019-07-08,2019070801006790,NCCB,22,20,115,243.00,"27,945.00"
2019-07-08,2019070801006789,NCCB,43,1,303,242.00,"73,326.00"
2019-07-08,2019070801007020,NCCB,34,19,"1,000",243.00,"243,000.00"
2019-07-08,2019070801007010,NCCB,47,19,200,243.00,"48,600.00"
2019-07-08,2019070801007008,NCCB,11,19,500,243.00,"121,500.00"
2019-07-08,2019070801006990,NCCB,32,39,50,242.00,"12,100.00"
2019-07-08,2019070801006989,NCCB,32,39,250,242.00,"60,500.00"
2019-07-08,2019070801006891,NCCB,32,36,"1,750",242.00,"423,500.00"
2019-07-08,2019070801007005,NIB,54,47,17,517.00,"8,789.00"
2019-07-08,2019070801006869,NIB,36,47,20,517.00,"10,340.00"
2019-07-08,2019070801007170,NICA,7,52,200,452.00,"90,400.00"
2019-07-08,2019070801007071,NICA,58,49,100,450.00,"45,000.00"
2019-07-08,2019070801007063,NICA,58,52,75,450.00,"33,750.00"
2019-07-08,2019070801007062,NICA,53,52,100,450.00,"45,000.00"
2019-07-08,2019070801007061,NICA,54,52,50,450.00,"22,500.00"
2019-07-08,2019070801007060,NICA,45,52,100,450.00,"45,000.00"
2019-07-08,2019070801006820,NICA,49,43,200,451.00,"90,200.00"
2019-07-08,2019070801006819,NICA,22,43,204,451.00,"92,004.00"
2019-07-08,2019070801007003,NICA,33,52,275,450.00,"123,750.00"
2019-07-08,2019070801007002,NICA,6,52,100,450.00,"45,000.00"
2019-07-08,2019070801007001,NICA,41,52,30,450.00,"13,500.00"
2019-07-08,2019070801007000,NICA,45,52,500,451.00,"225,500.00"
2019-07-08,2019070801006999,NICA,54,52,200,451.00,"90,200.00"
2019-07-08,2019070801006905,NICA,34,11,356,452.00,"160,912.00"
2019-07-08,2019070801007059,NICA,45,52,100,450.00,"45,000.00"
2019-07-08,2019070801007058,NICA,29,52,200,450.00,"90,000.00"
2019-07-08,2019070801007057,NICA,44,52,200,450.00,"90,000.00"
2019-07-08,2019070801007056,NICA,35,52,50,450.00,"22,500.00"
2019-07-08,2019070801007055,NICA,59,52,200,450.00,"90,000.00"
2019-07-08,2019070801007054,NICA,33,52,25,450.00,"11,250.00"
2019-07-08,2019070801007226,NICL,43,47,10,356.00,"3,560.00"
2019-07-08,2019070801007110,NICL,6,52,805,354.00,"284,970.00"
2019-07-08,2019070801007109,NICL,42,52,100,355.00,"35,500.00"
2019-07-08,2019070801006873,NICL,7,58,300,355.00,"106,500.00"
2019-07-08,2019070801006872,NICL,7,32,100,355.00,"35,500.00"
2019-07-08,2019070801006871,NICL,7,38,388,355.00,"137,740.00"
2019-07-08,2019070801007142,NLIC,25,38,17,881.00,"14,977.00"
2019-07-08,2019070801007107,NLIC,56,46,100,882.00,"88,200.00"
2019-07-08,2019070801007040,NLIC,45,46,41,882.00,"36,162.00"
2019-07-08,2019070801006949,NLIC,6,46,100,882.00,"88,200.00"
2019-07-08,2019070801006906,NLIC,45,46,50,882.00,"44,100.00"
2019-07-08,2019070801007189,NLICL,47,19,240,580.00,"139,200.00"
2019-07-08,2019070801007188,NLICL,50,19,10,581.00,"5,810.00"
2019-07-08,2019070801007187,NLICL,22,19,150,582.00,"87,300.00"
2019-07-08,2019070801007087,NLICL,28,19,15,590.00,"8,850.00"
2019-07-08,2019070801006946,NLICL,47,8,200,580.00,"116,000.00"
2019-07-08,2019070801006945,NLICL,35,8,100,581.00,"58,100.00"
2019-07-08,2019070801006944,NLICL,11,8,200,581.00,"116,200.00"
2019-07-08,2019070801006971,NMBMF,26,26,5,965.00,"4,825.00"
2019-07-08,2019070801007156,NNLB,57,34,20,392.00,"7,840.00"
2019-07-08,2019070801006917,NSEWA,11,49,40,392.00,"15,680.00"
2019-07-08,2019070801007036,NTC,28,4,15,693.00,"10,395.00"
2019-07-08,2019070801007111,NUBL,22,49,100,842.00,"84,200.00"
2019-07-08,2019070801006832,OHL,45,5,100,612.00,"61,200.00"
2019-07-08,2019070801007044,PCBL,52,3,51,275.00,"14,025.00"
2019-07-08,2019070801006902,PCBL,46,39,20,275.00,"5,500.00"
2019-07-08,2019070801006897,PCBL,26,26,1,269.00,269.00
2019-07-08,2019070801007035,PIC,16,44,10,500.00,"5,000.00"
2019-07-08,2019070801006916,PIC,42,50,150,500.00,"75,000.00"
2019-07-08,2019070801006915,PIC,45,50,150,500.00,"75,000.00"
2019-07-08,2019070801006914,PIC,42,50,100,500.00,"50,000.00"
2019-07-08,2019070801006913,PIC,43,50,59,500.00,"29,500.00"
2019-07-08,2019070801007197,PLIC,34,41,300,435.00,"130,500.00"
2019-07-08,2019070801006786,PMHPL,32,38,10,102.00,"1,020.00"
2019-07-08,2019070801007191,PPCL,58,6,30,137.00,"4,110.00"
2019-07-08,2019070801007100,PPCL,58,19,380,137.00,"52,060.00"
2019-07-08,2019070801006987,PPCL,58,19,30,137.00,"4,110.00"
2019-07-08,2019070801006959,PPCL,58,19,30,137.00,"4,110.00"
2019-07-08,2019070801006895,PPCL,58,39,20,137.00,"2,740.00"
2019-07-08,2019070801006807,PPCL,58,38,10,137.00,"1,370.00"
2019-07-08,2019070801007103,PRIN,57,43,103,370.00,"38,110.00"
2019-07-08,2019070801007102,PRIN,29,43,287,370.00,"106,190.00"
2019-07-08,2019070801007101,PRIN,34,43,100,371.00,"37,100.00"
2019-07-08,2019070801007222,PRVU,13,47,65,260.00,"16,900.00"
2019-07-08,2019070801007192,PRVU,28,49,20,261.00,"5,220.00"
2019-07-08,2019070801007190,PRVU,13,47,65,260.00,"16,900.00"
2019-07-08,2019070801007169,PRVU,13,50,155,260.00,"40,300.00"
2019-07-08,2019070801007168,PRVU,13,47,65,260.00,"16,900.00"
2019-07-08,2019070801007154,PRVU,13,43,500,260.00,"130,000.00"
2019-07-08,2019070801006754,PRVU,56,47,78,260.00,"20,280.00"
2019-07-08,2019070801006753,PRVU,48,47,22,260.00,"5,720.00"
2019-07-08,2019070801006821,PRVU,10,47,90,260.00,"23,400.00"
2019-07-08,2019070801006800,PRVU,10,47,100,260.00,"26,000.00"
2019-07-08,2019070801006785,PRVU,10,47,58,260.00,"15,080.00"
2019-07-08,2019070801006784,PRVU,50,47,20,260.00,"5,200.00"
2019-07-08,2019070801006783,PRVU,56,47,22,260.00,"5,720.00"
2019-07-08,2019070801006894,PRVU,55,47,79,260.00,"20,540.00"
2019-07-08,2019070801006868,PRVU,55,47,82,260.00,"21,320.00"
2019-07-08,2019070801006864,PRVU,55,34,"1,800",260.00,"468,000.00"
2019-07-08,2019070801006862,PRVU,55,21,100,260.00,"26,000.00"
2019-07-08,2019070801006849,PRVU,55,47,34,260.00,"8,840.00"
2019-07-08,2019070801006848,PRVU,10,47,52,260.00,"13,520.00"
2019-07-08,2019070801006998,PRVU,55,47,75,260.00,"19,500.00"
2019-07-08,2019070801006997,PRVU,55,55,100,260.00,"26,000.00"
2019-07-08,2019070801006967,PRVU,55,47,75,260.00,"19,500.00"
2019-07-08,2019070801006950,PRVU,55,47,80,260.00,"20,800.00"
2019-07-08,2019070801006929,PRVU,55,47,80,260.00,"20,800.00"
2019-07-08,2019070801007052,PRVU,37,47,25,260.00,"6,500.00"
2019-07-08,2019070801007042,PRVU,37,55,200,260.00,"52,000.00"
2019-07-08,2019070801007025,PRVU,37,47,70,260.00,"18,200.00"
2019-07-08,2019070801007019,PRVU,37,49,205,260.00,"53,300.00"
2019-07-08,2019070801007018,PRVU,55,49,495,260.00,"128,700.00"
2019-07-08,2019070801007095,PRVU,51,47,70,260.00,"18,200.00"
2019-07-08,2019070801007093,PRVU,51,55,200,260.00,"52,000.00"
2019-07-08,2019070801007083,PRVU,51,47,70,260.00,"18,200.00"
2019-07-08,2019070801007074,PRVU,51,55,45,260.00,"11,700.00"
2019-07-08,2019070801007073,PRVU,42,55,55,260.00,"14,300.00"
2019-07-08,2019070801007053,PRVU,42,47,45,260.00,"11,700.00"
2019-07-08,2019070801007149,PRVU,13,47,65,260.00,"16,900.00"
2019-07-08,2019070801007119,PRVU,13,47,65,260.00,"16,900.00"
2019-07-08,2019070801007112,PRVU,47,49,100,261.00,"26,100.00"
2019-07-08,2019070801007106,PRVU,13,50,285,260.00,"74,100.00"
2019-07-08,2019070801007105,PRVU,25,50,100,260.00,"26,000.00"
2019-07-08,2019070801007104,PRVU,51,50,115,260.00,"29,900.00"
2019-07-08,2019070801007070,RADHI,26,26,1,140.00,140.00
2019-07-08,2019070801006898,RADHI,26,26,1,140.00,140.00
2019-07-08,2019070801007234,RMDC,19,13,10,671.00,"6,710.00"
2019-07-08,2019070801007143,RSDC,59,59,2,342.00,684.00
2019-07-08,2019070801006776,SADBL,29,58,"1,664",157.00,"261,248.00"
2019-07-08,2019070801006993,SANIMA,48,25,232,343.00,"79,576.00"
2019-07-08,2019070801006992,SANIMA,48,6,"1,002",343.00,"343,686.00"
2019-07-08,2019070801006991,SANIMA,48,57,127,343.00,"43,561.00"
2019-07-08,2019070801006805,SANIMA,47,16,247,341.00,"84,227.00"
2019-07-08,2019070801006804,SANIMA,14,16,13,341.00,"4,433.00"
2019-07-08,2019070801006799,SANIMA,14,4,21,341.00,"7,161.00"
2019-07-08,2019070801006798,SANIMA,34,4,79,342.00,"27,018.00"
2019-07-08,2019070801007233,SBI,34,37,100,462.00,"46,200.00"
2019-07-08,2019070801006966,SBI,45,44,500,463.00,"231,500.00"
2019-07-08,2019070801007158,SCB,39,38,20,655.00,"13,100.00"
2019-07-08,2019070801007007,SDESI,45,49,100,542.00,"54,200.00"
2019-07-08,2019070801007006,SDESI,14,49,16,542.00,"8,672.00"
2019-07-08,2019070801006782,SDESI,26,26,1,543.00,543.00
2019-07-08,2019070801007221,SEOS,28,49,100,10.70,"1,070.00"
2019-07-08,2019070801007009,SEOS,28,21,"19,900",10.70,"212,930.00"
2019-07-08,2019070801007174,SHINE,21,14,"1,000",252.00,"252,000.00"
2019-07-08,2019070801007213,SHIVM,21,7,460,612.00,"281,520.00"
2019-07-08,2019070801007212,SHIVM,21,34,290,612.00,"177,480.00"
2019-07-08,2019070801007211,SHIVM,21,51,50,611.00,"30,550.00"
2019-07-08,2019070801007210,SHIVM,21,44,200,610.00,"122,000.00"
2019-07-08,2019070801007118,SHIVM,45,34,50,612.00,"30,600.00"
2019-07-08,2019070801007050,SHIVM,45,34,300,612.00,"183,600.00"
2019-07-08,2019070801006854,SHIVM,38,36,50,608.00,"30,400.00"
2019-07-08,2019070801006853,SHIVM,45,36,150,609.00,"91,350.00"
2019-07-08,2019070801006763,SHIVM,45,57,350,609.00,"213,150.00"
2019-07-08,2019070801006762,SHIVM,8,57,50,609.00,"30,450.00"
2019-07-08,2019070801007049,SHIVM,45,32,50,612.00,"30,600.00"
2019-07-08,2019070801007048,SHIVM,45,26,250,611.00,"152,750.00"
2019-07-08,2019070801007047,SHIVM,45,44,50,610.00,"30,500.00"
2019-07-08,2019070801007046,SHIVM,45,58,100,610.00,"61,000.00"
2019-07-08,2019070801006867,SHIVM,39,58,100,610.00,"61,000.00"
2019-07-08,2019070801006855,SHIVM,59,36,341,608.00,"207,328.00"
2019-07-08,2019070801007172,SHL,25,17,100,232.00,"23,200.00"
2019-07-08,2019070801007067,SHPC,5,17,35,249.00,"8,715.00"
2019-07-08,2019070801007051,SHPC,57,17,965,249.00,"240,285.00"
2019-07-08,2019070801006806,SHPC,25,45,62,250.00,"15,500.00"
2019-07-08,2019070801007167,SIC,35,35,10,595.00,"5,950.00"
2019-07-08,2019070801007232,SIFC,34,17,10,154.00,"1,540.00"
2019-07-08,2019070801007206,SIL,44,10,10,449.00,"4,490.00"
2019-07-08,2019070801007185,SIL,34,52,417,443.00,"184,731.00"
2019-07-08,2019070801007108,SLBBL,21,57,20,461.00,"9,220.00"
2019-07-08,2019070801006955,SLBBL,51,42,500,455.00,"227,500.00"
2019-07-08,2019070801006957,SLBBL,25,42,170,453.00,"77,010.00"
2019-07-08,2019070801006956,SLBBL,42,42,30,454.00,"13,620.00"
2019-07-08,2019070801007094,SLBBL,25,29,40,453.00,"18,120.00"
2019-07-08,2019070801007079,SLBSL,11,43,45,525.00,"23,625.00"
2019-07-08,2019070801007078,SLBSL,42,43,15,526.00,"7,890.00"
2019-07-08,2019070801007077,SLBSL,52,43,30,526.00,"15,780.00"
2019-07-08,2019070801006953,SLBSL,52,38,10,526.00,"5,260.00"
2019-07-08,2019070801006988,SMATA,28,41,19,"1,110.00","21,090.00"
2019-07-08,2019070801006787,SMATA,45,51,19,"1,110.00","21,090.00"
2019-07-08,2019070801007236,SMFBS,21,42,10,465.00,"4,650.00"
2019-07-08,2019070801007204,SMFBS,21,42,10,465.00,"4,650.00"
2019-07-08,2019070801007173,SMFBS,21,42,10,465.00,"4,650.00"
2019-07-08,2019070801007166,SMFBS,21,45,10,465.00,"4,650.00"
2019-07-08,2019070801007155,SMFBS,21,17,10,465.00,"4,650.00"
2019-07-08,2019070801007150,SMFBS,21,45,10,465.00,"4,650.00"
2019-07-08,2019070801006779,SMFBS,59,34,10,463.00,"4,630.00"
2019-07-08,2019070801006752,SMFBS,6,7,10,466.00,"4,660.00"
2019-07-08,2019070801006751,SMFBS,6,29,10,466.00,"4,660.00"
2019-07-08,2019070801007132,SMFBS,18,42,10,468.00,"4,680.00"
2019-07-08,2019070801007131,SMFBS,21,42,10,465.00,"4,650.00"
2019-07-08,2019070801007121,SMFBS,21,45,10,465.00,"4,650.00"
2019-07-08,2019070801007096,SMFBS,22,45,10,464.00,"4,640.00"
2019-07-08,2019070801006860,SMFBS,22,25,10,464.00,"4,640.00"
2019-07-08,2019070801006843,SMFBS,22,25,10,464.00,"4,640.00"
2019-07-08,2019070801006761,SMFDB,16,5,10,510.00,"5,100.00"
2019-07-08,2019070801006909,SPARS,39,57,10,430.00,"4,300.00"
2019-07-08,2019070801007089,SRBL,45,52,10,246.00,"2,460.00"
2019-07-08,2019070801007088,SRBL,17,52,50,246.00,"12,300.00"
2019-07-08,2019070801006930,SRBL,21,46,62,247.00,"15,314.00"
2019-07-08,2019070801006794,SRBL,21,46,238,247.00,"58,786.00"
2019-07-08,2019070801006749,SRBL,21,45,10,246.00,"2,460.00"
2019-07-08,2019070801007205,SWBBL,14,16,10,884.00,"8,840.00"
2019-07-08,2019070801007195,SWBBL,35,6,266,876.00,"233,016.00"
2019-07-08,2019070801007194,SWBBL,16,6,74,876.00,"64,824.00"
2019-07-08,2019070801007193,SWBBL,25,6,60,877.00,"52,620.00"
2019-07-08,2019070801006818,SWBBL,16,39,426,876.00,"373,176.00"
2019-07-08,2019070801006817,SWBBL,47,39,200,877.00,"175,400.00"
2019-07-08,2019070801006816,SWBBL,17,39,172,880.00,"151,360.00"
2019-07-08,2019070801006815,SWBBL,8,39,20,881.00,"17,620.00"
2019-07-08,2019070801007207,TRH,39,46,10,316.00,"3,160.00"
2019-07-08,2019070801007117,TRH,36,58,150,315.00,"47,250.00"
2019-07-08,2019070801007075,UIC,26,11,20,860.00,"17,200.00"
2019-07-08,2019070801007041,UIC,26,11,50,860.00,"43,000.00"
2019-07-08,2019070801007203,UPPER,59,1,57,265.00,"15,105.00"
2019-07-08,2019070801007152,UPPER,16,37,189,264.00,"49,896.00"
2019-07-08,2019070801007151,UPPER,52,37,90,264.00,"23,760.00"
2019-07-08,2019070801007148,UPPER,46,37,500,264.00,"132,000.00"
2019-07-08,2019070801007098,UPPER,50,37,50,264.00,"13,200.00"
2019-07-08,2019070801006941,UPPER,25,52,158,264.00,"41,712.00"
2019-07-08,2019070801006940,UPPER,22,52,342,264.00,"90,288.00"
2019-07-08,2019070801006903,UPPER,22,36,50,264.00,"13,200.00"
2019-07-08,2019070801006746,UPPER,52,37,28,265.00,"7,420.00"
2019-07-08,2019070801006974,UPPER,3,8,10,264.00,"2,640.00"
2019-07-08,2019070801006973,UPPER,52,8,100,264.00,"26,400.00"
2019-07-08,2019070801006972,UPPER,25,8,802,264.00,"211,728.00"
2019-07-08,2019070801006970,UPPER,25,38,40,264.00,"10,560.00"
2019-07-08,2019070801007097,UPPER,52,37,90,264.00,"23,760.00"
2019-07-08,2019070801007021,UPPER,47,36,50,263.00,"13,150.00"
2019-07-08,2019070801007012,UPPER,47,8,88,263.00,"23,144.00"
2019-07-08,2019070801006706,ADBL,38,25,250,406.00,"101,500.00"
2019-07-08,2019070801006705,ADBL,1,25,170,406.00,"69,020.00"
2019-07-08,2019070801006491,ADBL,1,29,100,406.00,"40,600.00"
2019-07-08,2019070801006489,ADBL,1,59,152,406.00,"61,712.00"
2019-07-08,2019070801006488,ADBL,1,39,178,406.00,"72,268.00"
2019-07-08,2019070801006487,ADBL,47,39,72,406.00,"29,232.00"
2019-07-08,2019070801006413,AHPC,7,34,500,105.00,"52,500.00"
2019-07-08,2019070801006412,AHPC,7,51,"1,050",105.00,"110,250.00"
2019-07-08,2019070801006250,AHPC,34,51,50,105.00,"5,250.00"
2019-07-08,2019070801006609,AKPL,41,59,710,184.00,"130,640.00"
2019-07-08,2019070801006608,AKPL,13,59,310,184.00,"57,040.00"
2019-07-08,2019070801006607,AKPL,11,59,80,185.00,"14,800.00"
2019-07-08,2019070801006713,ALBSL,45,38,10,391.00,"3,910.00"
2019-07-08,2019070801006649,ALBSL,45,38,10,391.00,"3,910.00"
2019-07-08,2019070801006606,ALBSL,45,44,10,391.00,"3,910.00"
2019-07-08,2019070801006508,ALBSL,45,38,10,391.00,"3,910.00"
2019-07-08,2019070801006501,ALBSL,45,26,10,391.00,"3,910.00"
2019-07-08,2019070801006388,ALBSL,45,38,10,391.00,"3,910.00"
2019-07-08,2019070801006386,ALBSL,45,26,10,391.00,"3,910.00"
2019-07-08,2019070801006271,ALBSL,45,38,10,391.00,"3,910.00"
2019-07-08,2019070801006495,API,25,34,19,144.00,"2,736.00"
2019-07-08,2019070801006494,API,25,40,232,143.00,"33,176.00"
2019-07-08,2019070801006480,API,25,40,200,143.00,"28,600.00"
2019-07-08,2019070801006421,API,43,40,18,143.00,"2,574.00"
2019-07-08,2019070801006670,BOKL,52,50,200,256.00,"51,200.00"
2019-07-08,2019070801006669,BOKL,17,50,50,256.00,"12,800.00"
2019-07-08,2019070801006580,BOKL,25,1,"1,000",256.00,"256,000.00"
2019-07-08,2019070801006527,BOKL,21,1,100,256.00,"25,600.00"
2019-07-08,2019070801006471,BOKL,52,1,200,256.00,"51,200.00"
2019-07-08,2019070801006380,BOKL,20,21,78,255.00,"19,890.00"
2019-07-08,2019070801006379,BOKL,45,21,500,255.00,"127,500.00"
2019-07-08,2019070801006378,BOKL,42,21,100,255.00,"25,500.00"
2019-07-08,2019070801006373,BOKL,56,1,100,256.00,"25,600.00"
2019-07-08,2019070801006275,BOKL,6,1,100,256.00,"25,600.00"
2019-07-08,2019070801006563,CBBL,4,57,51,945.00,"48,195.00"
2019-07-08,2019070801006717,CBL,54,34,300,158.00,"47,400.00"
2019-07-08,2019070801006708,CBL,17,41,200,157.00,"31,400.00"
2019-07-08,2019070801006678,CBL,43,34,52,158.00,"8,216.00"
2019-07-08,2019070801006677,CBL,43,47,100,158.00,"15,800.00"
2019-07-08,2019070801006676,CBL,43,25,48,158.00,"7,584.00"
2019-07-08,2019070801006675,CBL,43,19,500,158.00,"79,000.00"
2019-07-08,2019070801006289,CBL,17,39,"1,100",157.00,"172,700.00"
2019-07-08,2019070801006276,CBL,17,39,700,157.00,"109,900.00"
2019-07-08,2019070801006596,CBL,17,22,129,157.00,"20,253.00"
2019-07-08,2019070801006497,CBL,1,32,562,158.00,"88,796.00"
2019-07-08,2019070801006496,CBL,1,52,38,158.00,"6,004.00"
2019-07-08,2019070801006468,CBL,41,52,12,158.00,"1,896.00"
2019-07-08,2019070801006467,CBL,41,22,"1,988",158.00,"314,104.00"
2019-07-08,2019070801006414,CBL,14,1,500,158.00,"79,000.00"
2019-07-08,2019070801006674,CBL,43,45,200,158.00,"31,600.00"
2019-07-08,2019070801006673,CBL,43,33,100,158.00,"15,800.00"
2019-07-08,2019070801006672,CBL,17,35,"1,000",157.00,"157,000.00"
2019-07-08,2019070801006667,CBL,17,11,154,157.00,"24,178.00"
2019-07-08,2019070801006602,CBL,17,32,"10,000",157.00,"1,570,000.00"
2019-07-08,2019070801006597,CBL,26,33,500,158.00,"79,000.00"
2019-07-08,2019070801006740,CCBL,34,39,500,178.00,"89,000.00"
2019-07-08,2019070801006736,CCBL,57,7,500,179.00,"89,500.00"
2019-07-08,2019070801006714,CCBL,34,41,100,178.00,"17,800.00"
2019-07-08,2019070801006458,CCBL,52,7,200,179.00,"35,800.00"
2019-07-08,2019070801006425,CCBL,34,34,100,178.00,"17,800.00"
2019-07-08,2019070801006371,CCBL,16,7,400,179.00,"71,600.00"
2019-07-08,2019070801006298,CCBL,57,25,500,178.00,"89,000.00"
2019-07-08,2019070801006297,CCBL,56,25,49,178.00,"8,722.00"
2019-07-08,2019070801006296,CCBL,51,25,100,178.00,"17,800.00"
2019-07-08,2019070801006295,CCBL,41,25,"1,000",178.00,"178,000.00"
2019-07-08,2019070801006294,CCBL,40,25,32,178.00,"5,696.00"
2019-07-08,2019070801006320,CCBL,34,58,725,178.00,"129,050.00"
2019-07-08,2019070801006319,CCBL,25,58,310,178.00,"55,180.00"
2019-07-08,2019070801006302,CCBL,25,25,190,178.00,"33,820.00"
2019-07-08,2019070801006301,CCBL,57,25,"1,000",178.00,"178,000.00"
2019-07-08,2019070801006300,CCBL,45,25,100,178.00,"17,800.00"
2019-07-08,2019070801006299,CCBL,51,25,100,178.00,"17,800.00"
2019-07-08,2019070801006479,CHCL,28,34,50,512.00,"25,600.00"
2019-07-08,2019070801006711,CIT,16,41,75,"2,416.00","181,200.00"
2019-07-08,2019070801006635,CIT,35,49,255,"2,405.00","613,275.00"
2019-07-08,2019070801006634,CIT,19,49,15,"2,410.00","36,150.00"
2019-07-08,2019070801006589,CIT,19,34,25,"2,410.00","60,250.00"
2019-07-08,2019070801006588,CIT,51,34,50,"2,410.00","120,500.00"
2019-07-08,2019070801006587,CIT,40,34,20,"2,412.00","48,240.00"
2019-07-08,2019070801006564,CIT,34,49,10,"2,420.00","24,200.00"
2019-07-08,2019070801006586,CIT,45,34,25,"2,413.00","60,325.00"
2019-07-08,2019070801006585,CIT,58,34,10,"2,413.00","24,130.00"
2019-07-08,2019070801006584,CIT,51,34,50,"2,416.00","120,800.00"
2019-07-08,2019070801006583,CIT,40,34,20,"2,416.00","48,320.00"
2019-07-08,2019070801006566,CIT,7,49,200,"2,417.00","483,400.00"
2019-07-08,2019070801006565,CIT,49,49,20,"2,418.00","48,360.00"
2019-07-08,2019070801006534,CMF1,43,22,500,9.50,"4,750.00"
2019-07-08,2019070801006712,CZBIL,57,42,"1,000",220.00,"220,000.00"
2019-07-08,2019070801006624,CZBIL,41,26,"1,000",221.00,"221,000.00"
2019-07-08,2019070801006478,CZBIL,57,16,"1,500",220.00,"330,000.00"
2019-07-08,2019070801006351,CZBIL,43,26,10,221.00,"2,210.00"
2019-07-08,2019070801006662,DBBL,57,51,"1,000",143.00,"143,000.00"
2019-07-08,2019070801006661,DBBL,7,51,"1,000",143.00,"143,000.00"
2019-07-08,2019070801006660,DBBL,38,51,100,143.00,"14,300.00"
2019-07-08,2019070801006659,DBBL,38,51,200,143.00,"28,600.00"
2019-07-08,2019070801006658,DBBL,39,51,"1,000",143.00,"143,000.00"
2019-07-08,2019070801006657,DBBL,56,51,14,143.00,"2,002.00"
2019-07-08,2019070801006656,DBBL,37,51,"2,000",143.00,"286,000.00"
2019-07-08,2019070801006655,DBBL,7,51,480,143.00,"68,640.00"
2019-07-08,2019070801006654,DBBL,55,51,200,143.00,"28,600.00"
2019-07-08,2019070801006287,DBBL,55,57,300,143.00,"42,900.00"
2019-07-08,2019070801006704,FOWAD,4,45,79,"1,321.00","104,359.00"
2019-07-08,2019070801006703,FOWAD,42,45,20,"1,321.00","26,420.00"
2019-07-08,2019070801006702,FOWAD,6,45,26,"1,321.00","34,346.00"
2019-07-08,2019070801006701,FOWAD,50,45,200,"1,322.00","264,400.00"
2019-07-08,2019070801006700,FOWAD,40,45,11,"1,323.00","14,553.00"
2019-07-08,2019070801006557,FOWAD,49,45,10,"1,325.00","13,250.00"
2019-07-08,2019070801006326,FOWAD,7,42,11,"1,330.00","14,630.00"
2019-07-08,2019070801006547,GBBL,45,59,157,221.00,"34,697.00"
2019-07-08,2019070801006546,GBBL,37,59,249,221.00,"55,029.00"
2019-07-08,2019070801006255,GBBL,37,16,751,221.00,"165,971.00"
2019-07-08,2019070801006254,GBBL,41,16,300,221.00,"66,300.00"
2019-07-08,2019070801006253,GBBL,56,16,600,221.00,"132,600.00"
2019-07-08,2019070801006252,GBBL,6,16,200,222.00,"44,400.00"
2019-07-08,2019070801006251,GBBL,53,16,46,222.00,"10,212.00"
2019-07-08,2019070801006663,GBLBS,42,14,15,343.00,"5,145.00"
2019-07-08,2019070801006503,GBLBS,48,14,90,343.00,"30,870.00"
2019-07-08,2019070801006502,GBLBS,48,8,10,343.00,"3,430.00"
2019-07-08,2019070801006456,GBLBS,8,8,10,343.00,"3,430.00"
2019-07-08,2019070801006485,GDBL,36,28,111,212.00,"23,532.00"
2019-07-08,2019070801006545,GDBL,36,29,218,212.00,"46,216.00"
2019-07-08,2019070801006715,GILB,26,26,1,"1,260.00","1,260.00"
2019-07-08,2019070801006405,GILB,58,39,200,"1,260.00","252,000.00"
2019-07-08,2019070801006737,GLBSL,19,45,10,395.00,"3,950.00"
2019-07-08,2019070801006633,GLBSL,19,7,10,392.00,"3,920.00"
2019-07-08,2019070801006419,GLBSL,1,38,10,389.00,"3,890.00"
2019-07-08,2019070801006744,GLICL,36,50,40,474.00,"18,960.00"
2019-07-08,2019070801006374,GLICL,58,50,10,474.00,"4,740.00"
2019-07-08,2019070801006629,GMFBS,36,36,10,442.00,"4,420.00"
2019-07-08,2019070801006681,GUFL,28,17,"1,000",120.00,"120,000.00"
2019-07-08,2019070801006738,HBL,51,5,87,534.00,"46,458.00"
2019-07-08,2019070801006735,HBL,51,45,10,534.00,"5,340.00"
2019-07-08,2019070801006343,HBL,21,34,199,534.00,"106,266.00"
2019-07-08,2019070801006342,HBL,26,34,50,535.00,"26,750.00"
2019-07-08,2019070801006341,HBL,17,34,200,535.00,"107,000.00"
2019-07-08,2019070801006340,HBL,45,34,50,535.00,"26,750.00"
2019-07-08,2019070801006339,HBL,32,34,150,535.00,"80,250.00"
2019-07-08,2019070801006338,HBL,22,34,200,535.00,"107,000.00"
2019-07-08,2019070801006337,HBL,45,34,51,536.00,"27,336.00"
2019-07-08,2019070801006605,HDL,5,45,20,"1,680.00","33,600.00"
2019-07-08,2019070801006604,HDL,58,45,180,"1,680.00","302,400.00"
2019-07-08,2019070801006554,HDL,58,54,20,"1,680.00","33,600.00"
2019-07-08,2019070801006553,HDL,58,54,300,"1,681.00","504,300.00"
2019-07-08,2019070801006552,HDL,13,54,200,"1,682.00","336,400.00"
2019-07-08,2019070801006551,HDL,33,54,100,"1,685.00","168,500.00"
2019-07-08,2019070801006550,HDL,7,54,50,"1,687.00","84,350.00"
2019-07-08,2019070801006484,HDL,7,39,50,"1,687.00","84,350.00"
2019-07-08,2019070801006465,HDL,5,39,10,"1,687.00","16,870.00"
2019-07-08,2019070801006556,HGI,41,1,37,351.00,"12,987.00"
2019-07-08,2019070801006555,HGI,57,1,80,351.00,"28,080.00"
2019-07-08,2019070801006509,HGI,37,26,50,352.00,"17,600.00"
2019-07-08,2019070801006481,ICFC,13,37,508,160.00,"81,280.00"
2019-07-08,2019070801006696,KBL,56,55,37,219.00,"8,103.00"
2019-07-08,2019070801006695,KBL,56,4,263,219.00,"57,597.00"
2019-07-08,2019070801006642,KBL,38,19,200,218.00,"43,600.00"
2019-07-08,2019070801006538,KBL,38,25,95,218.00,"20,710.00"
2019-07-08,2019070801006537,KBL,37,25,375,218.00,"81,750.00"
2019-07-08,2019070801006524,KBL,43,4,100,219.00,"21,900.00"
2019-07-08,2019070801006440,KBL,43,49,"2,000",218.00,"436,000.00"
2019-07-08,2019070801006439,KBL,17,49,200,218.00,"43,600.00"
2019-07-08,2019070801006438,KBL,41,49,200,218.00,"43,600.00"
2019-07-08,2019070801006437,KBL,8,49,500,218.00,"109,000.00"
2019-07-08,2019070801006436,KBL,17,49,125,218.00,"27,250.00"
2019-07-08,2019070801006446,KBL,49,49,500,218.00,"109,000.00"
2019-07-08,2019070801006445,KBL,45,49,100,218.00,"21,800.00"
2019-07-08,2019070801006444,KBL,52,49,"1,000",218.00,"218,000.00"
2019-07-08,2019070801006443,KBL,37,49,"2,000",218.00,"436,000.00"
2019-07-08,2019070801006442,KBL,59,49,100,218.00,"21,800.00"
2019-07-08,2019070801006441,KBL,50,49,100,218.00,"21,800.00"
2019-07-08,2019070801006452,KBL,59,49,"1,000",218.00,"218,000.00"
2019-07-08,2019070801006451,KBL,38,49,100,218.00,"21,800.00"
2019-07-08,2019070801006450,KBL,10,49,200,218.00,"43,600.00"
2019-07-08,2019070801006449,KBL,28,49,"1,000",218.00,"218,000.00"
2019-07-08,2019070801006448,KBL,53,49,50,218.00,"10,900.00"
2019-07-08,2019070801006447,KBL,45,49,100,218.00,"21,800.00"
2019-07-08,2019070801006523,KBL,35,4,100,219.00,"21,900.00"
2019-07-08,2019070801006469,KBL,43,4,500,219.00,"109,500.00"
2019-07-08,2019070801006457,KBL,19,4,20,219.00,"4,380.00"
2019-07-08,2019070801006455,KBL,37,49,125,218.00,"27,250.00"
2019-07-08,2019070801006454,KBL,13,49,100,218.00,"21,800.00"
2019-07-08,2019070801006453,KBL,51,49,500,218.00,"109,000.00"
2019-07-08,2019070801006418,LBBL,1,32,300,190.00,"57,000.00"
2019-07-08,2019070801006417,LBBL,1,13,231,190.00,"43,890.00"
2019-07-08,2019070801006383,LBBL,59,13,69,190.00,"13,110.00"
2019-07-08,2019070801006382,LBBL,59,32,100,190.00,"19,000.00"
2019-07-08,2019070801006381,LBBL,59,4,331,190.00,"62,890.00"
2019-07-08,2019070801006632,LBL,34,34,"1,000",225.00,"225,000.00"
2019-07-08,2019070801006631,LBL,34,58,150,225.00,"33,750.00"
2019-07-08,2019070801006630,LBL,34,13,162,225.00,"36,450.00"
2019-07-08,2019070801006610,LGIL,56,57,50,440.00,"22,000.00"
2019-07-08,2019070801006690,LICN,58,59,10,"1,610.00","16,100.00"
2019-07-08,2019070801006324,LICN,28,56,140,"1,601.00","224,140.00"
2019-07-08,2019070801006644,MBL,48,20,"1,232",257.00,"316,624.00"
2019-07-08,2019070801006549,MBL,58,17,"1,104",256.00,"282,624.00"
2019-07-08,2019070801006434,MBL,44,17,86,256.00,"22,016.00"
2019-07-08,2019070801006433,MBL,44,17,214,256.00,"54,784.00"
2019-07-08,2019070801006548,MDB,56,46,95,240.00,"22,800.00"
2019-07-08,2019070801006542,MDB,56,50,30,240.00,"7,200.00"
2019-07-08,2019070801006682,MEGA,22,37,501,211.00,"105,711.00"
2019-07-08,2019070801006680,MEGA,22,25,222,211.00,"46,842.00"
2019-07-08,2019070801006531,MEGA,37,40,18,212.00,"3,816.00"
2019-07-08,2019070801006493,MEGA,22,1,252,211.00,"53,172.00"
2019-07-08,2019070801006492,MEGA,28,1,18,211.00,"3,798.00"
2019-07-08,2019070801006354,MEGA,28,40,500,211.00,"105,500.00"
2019-07-08,2019070801006353,MEGA,28,26,182,211.00,"38,402.00"
2019-07-08,2019070801006329,MEGA,28,25,68,210.00,"14,280.00"
2019-07-08,2019070801006313,MEGA,28,14,50,210.00,"10,500.00"
2019-07-08,2019070801006265,MEGA,28,52,11,210.00,"2,310.00"
2019-07-08,2019070801006306,MERO,6,45,100,514.00,"51,400.00"
2019-07-08,2019070801006519,MFIL,40,45,500,128.00,"64,000.00"
2019-07-08,2019070801006518,MFIL,40,50,"2,590",128.00,"331,520.00"
2019-07-08,2019070801006637,MLBBL,58,10,10,400.00,"4,000.00"
2019-07-08,2019070801006693,MNBBL,32,6,100,363.00,"36,300.00"
2019-07-08,2019070801006692,MNBBL,32,1,20,363.00,"7,260.00"
2019-07-08,2019070801006598,MNBBL,32,1,150,363.00,"54,450.00"
2019-07-08,2019070801006514,MNBBL,11,1,500,363.00,"181,500.00"
2019-07-08,2019070801006504,MNBBL,13,1,50,363.00,"18,150.00"
2019-07-08,2019070801006424,NABIL,8,6,31,785.00,"24,335.00"
2019-07-08,2019070801006408,NABIL,49,39,50,786.00,"39,300.00"
2019-07-08,2019070801006407,NABIL,8,39,100,786.00,"78,600.00"
2019-07-08,2019070801006653,NADEP,1,38,10,408.00,"4,080.00"
2019-07-08,2019070801006636,NADEP,43,38,10,407.00,"4,070.00"
2019-07-08,2019070801006515,NADEP,43,38,10,407.00,"4,070.00"
2019-07-08,2019070801006396,NADEP,43,26,10,407.00,"4,070.00"
2019-07-08,2019070801006283,NADEP,45,38,20,408.00,"8,160.00"
2019-07-08,2019070801006267,NBB,16,53,270,220.00,"59,400.00"
2019-07-08,2019070801006716,NBL,55,59,500,336.00,"168,000.00"
2019-07-08,2019070801006688,NBL,55,48,594,336.00,"199,584.00"
2019-07-08,2019070801006687,NBL,58,48,100,336.00,"33,600.00"
2019-07-08,2019070801006686,NBL,50,48,100,336.00,"33,600.00"
2019-07-08,2019070801006685,NBL,43,48,"1,000",336.00,"336,000.00"
2019-07-08,2019070801006684,NBL,45,48,150,336.00,"50,400.00"
2019-07-08,2019070801006460,NBL,43,51,436,336.00,"146,496.00"
2019-07-08,2019070801006431,NBL,43,59,64,336.00,"21,504.00"
2019-07-08,2019070801006430,NBL,55,59,384,336.00,"129,024.00"
2019-07-08,2019070801006315,NBL,55,21,116,336.00,"38,976.00"
2019-07-08,2019070801006314,NBL,16,21,520,336.00,"174,720.00"
2019-07-08,2019070801006266,NBL,8,45,100,337.00,"33,700.00"
2019-07-08,2019070801006683,NBL,44,48,556,336.00,"186,816.00"
2019-07-08,2019070801006536,NBL,34,34,"4,900",337.00,"1,651,300.00"
2019-07-08,2019070801006535,NBL,34,45,100,337.00,"33,700.00"
2019-07-08,2019070801006463,NBL,44,51,444,336.00,"149,184.00"
2019-07-08,2019070801006462,NBL,37,51,100,336.00,"33,600.00"
2019-07-08,2019070801006461,NBL,35,51,20,336.00,"6,720.00"
2019-07-08,2019070801006699,NCCB,43,5,"1,000",242.00,"242,000.00"
2019-07-08,2019070801006579,NCCB,43,11,100,242.00,"24,200.00"
2019-07-08,2019070801006506,NCCB,43,34,"2,500",242.00,"605,000.00"
2019-07-08,2019070801006505,NCCB,43,5,847,242.00,"204,974.00"
2019-07-08,2019070801006423,NCCB,56,5,100,242.00,"24,200.00"
2019-07-08,2019070801006422,NCCB,8,5,53,242.00,"12,826.00"
2019-07-08,2019070801006268,NCCB,34,33,"1,000",242.00,"242,000.00"
2019-07-08,2019070801006395,NCCB,8,5,947,242.00,"229,174.00"
2019-07-08,2019070801006348,NCCB,55,5,53,242.00,"12,826.00"
2019-07-08,2019070801006347,NCCB,55,5,447,242.00,"108,174.00"
2019-07-08,2019070801006312,NCCB,8,5,553,242.00,"133,826.00"
2019-07-08,2019070801006311,NCCB,8,8,400,242.00,"96,800.00"
2019-07-08,2019070801006310,NCCB,8,33,47,242.00,"11,374.00"
2019-07-08,2019070801006280,NHDL,10,26,10,121.00,"1,210.00"
2019-07-08,2019070801006666,NIB,54,19,38,515.00,"19,570.00"
2019-07-08,2019070801006308,NIBPO,11,10,12,471.00,"5,652.00"
2019-07-08,2019070801006264,NIBPO,7,8,56,478.00,"26,768.00"
2019-07-08,2019070801006263,NIBPO,7,8,56,478.00,"26,768.00"
2019-07-08,2019070801006256,NIBPO,7,4,852,473.00,"402,996.00"
2019-07-08,2019070801006262,NIBPO,7,4,500,477.00,"238,500.00"
2019-07-08,2019070801006261,NIBPO,7,4,500,477.00,"238,500.00"
2019-07-08,2019070801006260,NIBPO,7,4,"2,000",475.00,"950,000.00"
2019-07-08,2019070801006259,NIBPO,7,52,451,475.00,"214,225.00"
2019-07-08,2019070801006258,NIBPO,7,4,"1,000",474.00,"474,000.00"
2019-07-08,2019070801006257,NIBPO,7,4,"1,000",473.00,"473,000.00"
2019-07-08,2019070801006664,NICA,22,37,96,451.00,"43,296.00"
2019-07-08,2019070801006647,NICA,45,49,300,451.00,"135,300.00"
2019-07-08,2019070801006646,NICA,54,49,14,451.00,"6,314.00"
2019-07-08,2019070801006595,NICA,54,49,36,451.00,"16,236.00"
2019-07-08,2019070801006594,NICA,45,49,364,451.00,"164,164.00"
2019-07-08,2019070801006593,NICA,51,49,100,452.00,"45,200.00"
2019-07-08,2019070801006592,NICA,51,56,100,452.00,"45,200.00"
2019-07-08,2019070801006420,NICA,45,55,136,451.00,"61,336.00"
2019-07-08,2019070801006305,NICA,11,28,91,450.00,"40,950.00"
2019-07-08,2019070801006304,NICA,45,28,500,450.00,"225,000.00"
2019-07-08,2019070801006303,NICA,8,28,50,450.00,"22,500.00"
2019-07-08,2019070801006411,NICL,6,52,600,354.00,"212,400.00"
2019-07-08,2019070801006410,NICL,35,52,100,354.00,"35,400.00"
2019-07-08,2019070801006599,NLBBL,6,34,50,486.00,"24,300.00"
2019-07-08,2019070801006530,NLG,25,59,10,740.00,"7,400.00"
2019-07-08,2019070801006734,NLIC,51,46,20,882.00,"17,640.00"
2019-07-08,2019070801006733,NLIC,56,46,100,882.00,"88,200.00"
2019-07-08,2019070801006732,NLIC,50,46,100,882.00,"88,200.00"
2019-07-08,2019070801006731,NLIC,16,46,10,883.00,"8,830.00"
2019-07-08,2019070801006730,NLIC,45,46,100,883.00,"88,300.00"
2019-07-08,2019070801006729,NLIC,56,46,100,883.00,"88,300.00"
2019-07-08,2019070801006722,NLIC,41,46,25,886.00,"22,150.00"
2019-07-08,2019070801006721,NLIC,34,46,47,886.00,"41,642.00"
2019-07-08,2019070801006345,NLIC,34,58,453,886.00,"401,358.00"
2019-07-08,2019070801006344,NLIC,1,58,47,886.00,"41,642.00"
2019-07-08,2019070801006728,NLIC,21,46,10,884.00,"8,840.00"
2019-07-08,2019070801006727,NLIC,42,46,50,884.00,"44,200.00"
2019-07-08,2019070801006726,NLIC,6,46,225,885.00,"199,125.00"
2019-07-08,2019070801006725,NLIC,41,46,100,885.00,"88,500.00"
2019-07-08,2019070801006724,NLIC,25,46,100,885.00,"88,500.00"
2019-07-08,2019070801006723,NLIC,45,46,91,885.00,"80,535.00"
2019-07-08,2019070801006392,NLICL,6,19,20,588.00,"11,760.00"
2019-07-08,2019070801006391,NLICL,11,19,200,588.00,"117,600.00"
2019-07-08,2019070801006390,NLICL,35,19,100,588.00,"58,800.00"
2019-07-08,2019070801006389,NLICL,44,19,15,589.00,"8,835.00"
2019-07-08,2019070801006591,NSEWA,36,36,10,393.00,"3,930.00"
2019-07-08,2019070801006616,NTC,59,43,130,690.00,"89,700.00"
2019-07-08,2019070801006615,NTC,16,43,500,690.00,"345,000.00"
2019-07-08,2019070801006614,NTC,21,43,25,691.00,"17,275.00"
2019-07-08,2019070801006613,NTC,13,43,20,691.00,"13,820.00"
2019-07-08,2019070801006612,NTC,25,43,50,691.00,"34,550.00"
2019-07-08,2019070801006742,NUBL,22,16,104,842.00,"87,568.00"
2019-07-08,2019070801006741,NUBL,56,16,46,842.00,"38,732.00"
2019-07-08,2019070801006272,NUBL,56,33,244,842.00,"205,448.00"
2019-07-08,2019070801006709,PCBL,32,52,121,274.00,"33,154.00"
2019-07-08,2019070801006671,PCBL,54,39,250,275.00,"68,750.00"
2019-07-08,2019070801006387,PCBL,6,39,10,275.00,"2,750.00"
2019-07-08,2019070801006328,PCBL,32,45,200,274.00,"54,800.00"
2019-07-08,2019070801006327,PCBL,32,13,596,274.00,"163,304.00"
2019-07-08,2019070801006318,PCBL,8,13,100,274.00,"27,400.00"
2019-07-08,2019070801006648,PIC,43,45,141,500.00,"70,500.00"
2019-07-08,2019070801006532,PMHPL,32,38,10,102.00,"1,020.00"
2019-07-08,2019070801006472,PMHPL,32,26,10,102.00,"1,020.00"
2019-07-08,2019070801006288,PMHPL,32,26,10,102.00,"1,020.00"
2019-07-08,2019070801006628,PPCL,58,39,10,137.00,"1,370.00"
2019-07-08,2019070801006627,PPCL,21,39,80,137.00,"10,960.00"
2019-07-08,2019070801006626,PPCL,56,39,30,137.00,"4,110.00"
2019-07-08,2019070801006372,PPCL,21,38,10,137.00,"1,370.00"
2019-07-08,2019070801006346,PPCL,21,38,10,137.00,"1,370.00"
2019-07-08,2019070801006651,PRIN,48,25,34,372.00,"12,648.00"
2019-07-08,2019070801006384,PRIN,11,40,40,371.00,"14,840.00"
2019-07-08,2019070801006743,PRVU,48,47,100,260.00,"26,000.00"
2019-07-08,2019070801006719,PRVU,48,47,78,260.00,"20,280.00"
2019-07-08,2019070801006718,PRVU,34,47,22,260.00,"5,720.00"
2019-07-08,2019070801006710,PRVU,34,47,115,260.00,"29,900.00"
2019-07-08,2019070801006698,PRVU,34,47,125,260.00,"32,500.00"
2019-07-08,2019070801006691,PRVU,34,47,130,260.00,"33,800.00"
2019-07-08,2019070801006274,PRVU,28,19,997,261.00,"260,217.00"
2019-07-08,2019070801006249,PRVU,28,44,21,261.00,"5,481.00"
2019-07-08,2019070801006248,PRVU,33,44,"2,000",261.00,"522,000.00"
2019-07-08,2019070801006247,PRVU,35,44,"2,000",261.00,"522,000.00"
2019-07-08,2019070801006246,PRVU,42,44,300,261.00,"78,300.00"
2019-07-08,2019070801006245,PRVU,41,44,179,261.00,"46,719.00"
2019-07-08,2019070801006333,PRVU,43,21,40,261.00,"10,440.00"
2019-07-08,2019070801006332,PRVU,57,21,150,261.00,"39,150.00"
2019-07-08,2019070801006331,PRVU,49,21,500,261.00,"130,500.00"
2019-07-08,2019070801006330,PRVU,1,21,12,261.00,"3,132.00"
2019-07-08,2019070801006285,PRVU,1,40,18,261.00,"4,698.00"
2019-07-08,2019070801006284,PRVU,28,40,982,261.00,"256,302.00"
2019-07-08,2019070801006399,PRVU,50,47,200,261.00,"52,200.00"
2019-07-08,2019070801006398,PRVU,57,47,100,261.00,"26,100.00"
2019-07-08,2019070801006397,PRVU,34,47,802,261.00,"209,322.00"
2019-07-08,2019070801006336,PRVU,34,21,198,261.00,"51,678.00"
2019-07-08,2019070801006335,PRVU,28,21,100,261.00,"26,100.00"
2019-07-08,2019070801006334,PRVU,32,21,500,261.00,"130,500.00"
2019-07-08,2019070801006464,PRVU,45,25,100,261.00,"26,100.00"
2019-07-08,2019070801006459,PRVU,43,47,800,260.00,"208,000.00"
2019-07-08,2019070801006428,PRVU,43,47,400,260.00,"104,000.00"
2019-07-08,2019070801006427,PRVU,45,47,500,260.00,"130,000.00"
2019-07-08,2019070801006404,PRVU,45,25,102,261.00,"26,622.00"
2019-07-08,2019070801006400,PRVU,45,47,98,261.00,"25,578.00"
2019-07-08,2019070801006517,PRVU,57,25,100,261.00,"26,100.00"
2019-07-08,2019070801006499,PRVU,39,47,200,260.00,"52,000.00"
2019-07-08,2019070801006498,PRVU,34,47,200,260.00,"52,000.00"
2019-07-08,2019070801006477,PRVU,34,47,300,260.00,"78,000.00"
2019-07-08,2019070801006476,PRVU,43,47,300,260.00,"78,000.00"
2019-07-08,2019070801006540,PRVU,10,47,100,261.00,"26,100.00"
2019-07-08,2019070801006526,PRVU,10,25,967,261.00,"252,387.00"
2019-07-08,2019070801006525,PRVU,10,25,198,261.00,"51,678.00"
2019-07-08,2019070801006522,PRVU,38,47,100,260.00,"26,000.00"
2019-07-08,2019070801006521,PRVU,44,47,200,260.00,"52,000.00"
2019-07-08,2019070801006520,PRVU,39,47,100,260.00,"26,000.00"
2019-07-08,2019070801006600,PRVU,8,47,170,260.00,"44,200.00"
2019-07-08,2019070801006590,PRVU,8,47,180,260.00,"46,800.00"
2019-07-08,2019070801006559,PRVU,8,47,150,260.00,"39,000.00"
2019-07-08,2019070801006558,PRVU,41,47,200,260.00,"52,000.00"
2019-07-08,2019070801006541,PRVU,38,47,100,260.00,"26,000.00"
2019-07-08,2019070801006622,PRVU,42,33,150,260.00,"39,000.00"
2019-07-08,2019070801006621,PRVU,58,33,"1,000",260.00,"260,000.00"
2019-07-08,2019070801006620,PRVU,29,33,50,260.00,"13,000.00"
2019-07-08,2019070801006619,PRVU,48,33,"5,000",260.00,"1,300,000.00"
2019-07-08,2019070801006618,PRVU,52,33,10,260.00,"2,600.00"
2019-07-08,2019070801006617,PRVU,8,33,"2,500",260.00,"650,000.00"
2019-07-08,2019070801006679,PRVU,34,47,130,260.00,"33,800.00"
2019-07-08,2019070801006665,PRVU,34,47,130,260.00,"33,800.00"
2019-07-08,2019070801006650,PRVU,34,47,140,260.00,"36,400.00"
2019-07-08,2019070801006643,PRVU,34,47,140,260.00,"36,400.00"
2019-07-08,2019070801006625,PRVU,34,47,170,260.00,"44,200.00"
2019-07-08,2019070801006623,PRVU,34,33,898,260.00,"233,480.00"
2019-07-08,2019070801006694,RADHI,26,26,1,140.00,140.00
2019-07-08,2019070801006652,RADHI,26,26,1,140.00,140.00
2019-07-08,2019070801006309,RADHI,25,26,11,140.00,"1,540.00"
2019-07-08,2019070801006570,RHPC,39,45,119,89.00,"10,591.00"
2019-07-08,2019070801006385,RHPC,5,45,381,89.00,"33,909.00"
2019-07-08,2019070801006567,RLFL,36,28,10,124.00,"1,240.00"
2019-07-08,2019070801006611,RMDC,50,22,46,668.00,"30,728.00"
2019-07-08,2019070801006561,RMDC,29,41,99,669.00,"66,231.00"
2019-07-08,2019070801006560,RMDC,50,41,21,669.00,"14,049.00"
2019-07-08,2019070801006273,RMDC,50,21,79,669.00,"52,851.00"
2019-07-08,2019070801006316,RRHP,40,26,10,107.00,"1,070.00"
2019-07-08,2019070801006516,SADBL,29,46,"2,083",157.00,"327,031.00"
2019-07-08,2019070801006512,SADBL,59,17,116,158.00,"18,328.00"
2019-07-08,2019070801006511,SADBL,59,33,384,158.00,"60,672.00"
2019-07-08,2019070801006435,SANIMA,34,21,250,342.00,"85,500.00"
2019-07-08,2019070801006281,SANIMA,34,45,200,342.00,"68,400.00"
2019-07-08,2019070801006279,SANIMA,34,37,471,342.00,"161,082.00"
2019-07-08,2019070801006278,SANIMA,59,37,100,342.00,"34,200.00"
2019-07-08,2019070801006277,SANIMA,47,37,79,342.00,"27,018.00"
2019-07-08,2019070801006582,SBI,48,44,450,463.00,"208,350.00"
2019-07-08,2019070801006581,SBI,48,39,41,462.00,"18,942.00"
2019-07-08,2019070801006370,SBL,7,56,57,320.00,"18,240.00"
2019-07-08,2019070801006369,SBL,7,16,300,320.00,"96,000.00"
2019-07-08,2019070801006368,SBL,7,28,200,320.00,"64,000.00"
2019-07-08,2019070801006367,SBL,7,5,"1,000",319.00,"319,000.00"
2019-07-08,2019070801006366,SBL,7,48,500,319.00,"159,500.00"
2019-07-08,2019070801006365,SBL,7,11,"1,000",319.00,"319,000.00"
2019-07-08,2019070801006358,SBL,7,28,"1,000",317.00,"317,000.00"
2019-07-08,2019070801006357,SBL,7,11,50,317.00,"15,850.00"
2019-07-08,2019070801006356,SBL,7,40,140,316.00,"44,240.00"
2019-07-08,2019070801006364,SBL,7,26,"1,000",318.00,"318,000.00"
2019-07-08,2019070801006363,SBL,7,11,50,318.00,"15,900.00"
2019-07-08,2019070801006362,SBL,7,56,100,318.00,"31,800.00"
2019-07-08,2019070801006361,SBL,7,6,103,318.00,"32,754.00"
2019-07-08,2019070801006360,SBL,7,6,"1,000",317.00,"317,000.00"
2019-07-08,2019070801006359,SBL,7,58,500,317.00,"158,500.00"
2019-07-08,2019070801006601,SDESI,36,36,21,543.00,"11,403.00"
2019-07-08,2019070801006466,SDESI,36,58,20,545.00,"10,900.00"
2019-07-08,2019070801006668,SHIVM,45,54,100,610.00,"61,000.00"
2019-07-08,2019070801006578,SHIVM,45,6,35,610.00,"21,350.00"
2019-07-08,2019070801006577,SHIVM,45,39,450,610.00,"274,500.00"
2019-07-08,2019070801006576,SHIVM,45,1,450,610.00,"274,500.00"
2019-07-08,2019070801006575,SHIVM,45,52,50,610.00,"30,500.00"
2019-07-08,2019070801006574,SHIVM,45,35,150,610.00,"91,500.00"
2019-07-08,2019070801006573,SHIVM,45,41,50,610.00,"30,500.00"
2019-07-08,2019070801006572,SHIVM,45,41,50,610.00,"30,500.00"
2019-07-08,2019070801006571,SHIVM,45,34,300,609.00,"182,700.00"
2019-07-08,2019070801006544,SHL,18,50,100,231.00,"23,100.00"
2019-07-08,2019070801006543,SHL,59,50,100,231.00,"23,100.00"
2019-07-08,2019070801006645,SHPC,57,22,35,249.00,"8,715.00"
2019-07-08,2019070801006290,SHPC,32,45,138,250.00,"34,500.00"
2019-07-08,2019070801006323,SICL,47,35,180,765.00,"137,700.00"
2019-07-08,2019070801006322,SICL,14,35,10,765.00,"7,650.00"
2019-07-08,2019070801006321,SICL,39,35,25,766.00,"19,150.00"
2019-07-08,2019070801006406,SIL,34,10,100,449.00,"44,900.00"
2019-07-08,2019070801006409,SINDU,59,34,10,140.00,"1,400.00"
2019-07-08,2019070801006293,SINDU,34,21,275,138.00,"37,950.00"
2019-07-08,2019070801006350,SKBBL,33,53,90,948.00,"85,320.00"
2019-07-08,2019070801006349,SKBBL,33,28,50,945.00,"47,250.00"
2019-07-08,2019070801006689,SLBBL,1,51,30,456.00,"13,680.00"
2019-07-08,2019070801006562,SLBBL,25,22,365,454.00,"165,710.00"
2019-07-08,2019070801006529,SLBBL,25,51,90,456.00,"41,040.00"
2019-07-08,2019070801006375,SLBBL,4,51,15,457.00,"6,855.00"
2019-07-08,2019070801006403,SLBBL,25,57,410,456.00,"186,960.00"
2019-07-08,2019070801006402,SLBBL,58,57,90,456.00,"41,040.00"
2019-07-08,2019070801006377,SLBBL,58,51,10,456.00,"4,560.00"
2019-07-08,2019070801006376,SLBBL,34,51,25,456.00,"11,400.00"
2019-07-08,2019070801006473,SLBSL,11,38,10,525.00,"5,250.00"
2019-07-08,2019070801006641,SLICL,59,1,19,457.00,"8,683.00"
2019-07-08,2019070801006513,SLICL,59,22,30,457.00,"13,710.00"
2019-07-08,2019070801006475,SLICL,35,28,50,458.00,"22,900.00"
2019-07-08,2019070801006739,SMFBS,59,41,10,463.00,"4,630.00"
2019-07-08,2019070801006720,SMFBS,54,48,10,464.00,"4,640.00"
2019-07-08,2019070801006707,SMFBS,54,48,10,464.00,"4,640.00"
2019-07-08,2019070801006697,SMFBS,6,39,10,465.00,"4,650.00"
2019-07-08,2019070801006569,SMFBS,6,51,10,465.00,"4,650.00"
2019-07-08,2019070801006539,SMFBS,59,7,10,463.00,"4,630.00"
2019-07-08,2019070801006355,SMFBS,59,7,10,463.00,"4,630.00"
2019-07-08,2019070801006307,SMFBS,59,55,10,463.00,"4,630.00"
2019-07-08,2019070801006286,SMFBS,59,51,10,463.00,"4,630.00"
2019-07-08,2019070801006282,SMFBS,59,55,10,463.00,"4,630.00"
2019-07-08,2019070801006270,SMFBS,59,55,10,463.00,"4,630.00"
2019-07-08,2019070801006269,SMFBS,59,51,10,463.00,"4,630.00"
2019-07-08,2019070801006533,SMFBS,59,49,10,463.00,"4,630.00"
2019-07-08,2019070801006510,SMFBS,59,49,10,463.00,"4,630.00"
2019-07-08,2019070801006500,SMFBS,59,7,10,463.00,"4,630.00"
2019-07-08,2019070801006470,SMFBS,59,7,10,463.00,"4,630.00"
2019-07-08,2019070801006426,SMFBS,59,7,10,463.00,"4,630.00"
2019-07-08,2019070801006394,SMFBS,59,7,10,463.00,"4,630.00"
2019-07-08,2019070801006474,SRBL,39,46,200,247.00,"49,400.00"
2019-07-08,2019070801006317,SWBBL,17,45,50,880.00,"44,000.00"
2019-07-08,2019070801006603,TRH,36,28,"1,530",315.00,"481,950.00"
2019-07-08,2019070801006393,TRH,44,26,650,315.00,"204,750.00"
2019-07-08,2019070801006432,UIC,8,5,40,870.00,"34,800.00"
2019-07-08,2019070801006490,UMHL,50,17,50,109.00,"5,450.00"
2019-07-08,2019070801006640,UPPER,25,37,53,265.00,"14,045.00"
2019-07-08,2019070801006639,UPPER,25,36,20,265.00,"5,300.00"
2019-07-08,2019070801006638,UPPER,25,25,77,265.00,"20,405.00"
2019-07-08,2019070801006352,UPPER,33,26,50,264.00,"13,200.00"
2019-07-08,2019070801006292,UPPER,33,38,28,264.00,"7,392.00"
2019-07-08,2019070801006291,UPPER,11,38,12,264.00,"3,168.00"
2019-07-08,2019070801006416,UPPER,22,26,18,264.00,"4,752.00"
2019-07-08,2019070801006415,UPPER,33,26,22,264.00,"5,808.00"
2019-07-08,2019070801006528,UPPER,22,10,200,264.00,"52,800.00"
2019-07-08,2019070801006507,UPPER,22,59,90,264.00,"23,760.00"
2019-07-08,2019070801006486,UPPER,22,26,50,264.00,"13,200.00"
2019-07-08,2019070801006483,UPPER,25,36,20,265.00,"5,300.00"
2019-07-08,2019070801006482,UPPER,25,52,480,265.00,"127,200.00"
2019-07-08,2019070801006429,UPPER,52,52,20,265.00,"5,300.00"
2019-07-08,2019070801006568,VLBS,16,44,13,471.00,"6,123.00"
2019-07-08,2019070801006061,ADBL,47,41,28,406.00,"11,368.00"
2019-07-08,2019070801006060,ADBL,54,41,35,406.00,"14,210.00"
2019-07-08,2019070801005778,ADBL,54,49,65,406.00,"26,390.00"
2019-07-08,2019070801005777,ADBL,48,49,85,406.00,"34,510.00"
2019-07-08,2019070801006238,AHPC,45,34,50,104.00,"5,200.00"
2019-07-08,2019070801006139,AHPC,33,51,100,105.00,"10,500.00"
2019-07-08,2019070801005772,AKPL,11,25,39,185.00,"7,215.00"
2019-07-08,2019070801006228,ALBSL,45,38,10,391.00,"3,910.00"
2019-07-08,2019070801006167,ALBSL,45,38,10,391.00,"3,910.00"
2019-07-08,2019070801006019,ALBSL,36,36,10,392.00,"3,920.00"
2019-07-08,2019070801005888,ALBSL,45,45,20,391.00,"7,820.00"
2019-07-08,2019070801005887,ALBSL,47,45,30,392.00,"11,760.00"
2019-07-08,2019070801006192,API,25,40,50,143.00,"7,150.00"
2019-07-08,2019070801006153,API,37,40,230,141.00,"32,430.00"
2019-07-08,2019070801006152,API,25,40,50,142.00,"7,100.00"
2019-07-08,2019070801006100,API,25,17,101,142.00,"14,342.00"
2019-07-08,2019070801006099,API,25,40,349,142.00,"49,558.00"
2019-07-08,2019070801005969,API,39,40,50,142.00,"7,100.00"
2019-07-08,2019070801005942,API,25,40,50,142.00,"7,100.00"
2019-07-08,2019070801005877,API,37,49,70,141.00,"9,870.00"
2019-07-08,2019070801006022,BOKL,57,16,700,256.00,"179,200.00"
2019-07-08,2019070801005863,BOKL,49,16,500,256.00,"128,000.00"
2019-07-08,2019070801005809,BOKL,51,16,100,257.00,"25,700.00"
2019-07-08,2019070801006210,BPCL,34,45,150,401.00,"60,150.00"
2019-07-08,2019070801006209,BPCL,45,45,50,402.00,"20,100.00"
2019-07-08,2019070801005844,BPCL,34,21,178,401.00,"71,378.00"
2019-07-08,2019070801005843,BPCL,34,21,322,401.00,"129,122.00"
2019-07-08,2019070801005825,BPCL,34,21,178,401.00,"71,378.00"
2019-07-08,2019070801005824,BPCL,44,21,50,402.00,"20,100.00"
2019-07-08,2019070801005823,BPCL,34,21,500,402.00,"201,000.00"
2019-07-08,2019070801005822,BPCL,17,21,272,402.00,"109,344.00"
2019-07-08,2019070801006213,CBL,39,22,12,158.00,"1,896.00"
2019-07-08,2019070801006212,CBL,39,46,38,158.00,"6,004.00"
2019-07-08,2019070801006211,CBL,39,47,650,158.00,"102,700.00"
2019-07-08,2019070801006066,CBL,54,47,600,158.00,"94,800.00"
2019-07-08,2019070801006057,CBL,41,47,100,158.00,"15,800.00"
2019-07-08,2019070801005938,CBL,45,47,100,158.00,"15,800.00"
2019-07-08,2019070801005810,CBL,17,56,"2,500",157.00,"392,500.00"
2019-07-08,2019070801005806,CBL,57,47,500,158.00,"79,000.00"
2019-07-08,2019070801006227,CCBL,40,22,"1,052",178.00,"187,256.00"
2019-07-08,2019070801006142,CCBL,40,25,23,178.00,"4,094.00"
2019-07-08,2019070801006037,CCBL,41,7,56,179.00,"10,024.00"
2019-07-08,2019070801006036,CCBL,41,45,44,179.00,"7,876.00"
2019-07-08,2019070801005962,CCBL,40,51,100,178.00,"17,800.00"
2019-07-08,2019070801005799,CCBL,41,45,424,179.00,"75,896.00"
2019-07-08,2019070801005798,CCBL,41,4,660,179.00,"118,140.00"
2019-07-08,2019070801005917,CCBL,40,56,200,178.00,"35,600.00"
2019-07-08,2019070801005869,CCBL,40,47,148,178.00,"26,344.00"
2019-07-08,2019070801005827,CCBL,40,51,11,178.00,"1,958.00"
2019-07-08,2019070801005802,CCBL,41,45,326,179.00,"58,354.00"
2019-07-08,2019070801005801,CCBL,41,34,90,179.00,"16,110.00"
2019-07-08,2019070801005800,CCBL,41,45,500,179.00,"89,500.00"
2019-07-08,2019070801006191,CHCL,28,33,206,512.00,"105,472.00"
2019-07-08,2019070801006165,CHCL,28,33,134,512.00,"68,608.00"
2019-07-08,2019070801006164,CHCL,19,33,450,512.00,"230,400.00"
2019-07-08,2019070801006128,CHCL,28,50,83,513.00,"42,579.00"
2019-07-08,2019070801006127,CHCL,28,17,120,513.00,"61,560.00"
2019-07-08,2019070801006126,CHCL,28,52,131,513.00,"67,203.00"
2019-07-08,2019070801006234,CIT,45,33,15,"2,417.00","36,255.00"
2019-07-08,2019070801006233,CIT,39,33,24,"2,417.00","58,008.00"
2019-07-08,2019070801006194,CIT,39,41,26,"2,417.00","62,842.00"
2019-07-08,2019070801006193,CIT,45,41,25,"2,418.00","60,450.00"
2019-07-08,2019070801006106,CIT,40,21,20,"2,418.00","48,360.00"
2019-07-08,2019070801006105,CIT,35,21,10,"2,419.00","24,190.00"
2019-07-08,2019070801006104,CIT,21,21,10,"2,420.00","24,200.00"
2019-07-08,2019070801006103,CIT,19,21,15,"2,420.00","36,300.00"
2019-07-08,2019070801006102,CIT,8,21,20,"2,421.00","48,420.00"
2019-07-08,2019070801006239,CZBIL,45,26,250,221.00,"55,250.00"
2019-07-08,2019070801006206,CZBIL,57,28,"1,603",220.00,"352,660.00"
2019-07-08,2019070801006205,CZBIL,1,28,100,220.00,"22,000.00"
2019-07-08,2019070801006204,CZBIL,55,28,200,220.00,"44,000.00"
2019-07-08,2019070801006203,CZBIL,55,28,97,220.00,"21,340.00"
2019-07-08,2019070801006097,CZBIL,55,53,500,220.00,"110,000.00"
2019-07-08,2019070801005916,CZBIL,25,26,100,221.00,"22,100.00"
2019-07-08,2019070801005909,CZBIL,55,17,403,220.00,"88,660.00"
2019-07-08,2019070801005908,CZBIL,37,17,50,220.00,"11,000.00"
2019-07-08,2019070801005907,CZBIL,42,17,"1,363",220.00,"299,860.00"
2019-07-08,2019070801005819,CZBIL,16,17,50,221.00,"11,050.00"
2019-07-08,2019070801006032,DBBL,57,59,500,143.00,"71,500.00"
2019-07-08,2019070801005986,DBBL,57,51,86,143.00,"12,298.00"
2019-07-08,2019070801005983,DBBL,57,1,"1,406",143.00,"201,058.00"
2019-07-08,2019070801005982,DBBL,43,1,594,143.00,"84,942.00"
2019-07-08,2019070801005899,DBBL,44,38,500,144.00,"72,000.00"
2019-07-08,2019070801006147,EBL,49,39,84,644.00,"54,096.00"
2019-07-08,2019070801006146,EBL,8,39,200,644.00,"128,800.00"
2019-07-08,2019070801006145,EBL,45,39,15,644.00,"9,660.00"
2019-07-08,2019070801006144,EBL,45,39,10,645.00,"6,450.00"
2019-07-08,2019070801006143,EBL,53,39,193,645.00,"124,485.00"
2019-07-08,2019070801005929,EBL,53,37,107,645.00,"69,015.00"
2019-07-08,2019070801005928,EBL,10,37,50,645.00,"32,250.00"
2019-07-08,2019070801005927,EBL,17,37,80,645.00,"51,600.00"
2019-07-08,2019070801005988,EIC,45,22,20,375.00,"7,500.00"
2019-07-08,2019070801006125,FOWAD,49,21,10,"1,325.00","13,250.00"
2019-07-08,2019070801006113,GBLBS,57,54,40,342.00,"13,680.00"
2019-07-08,2019070801006023,GBLBS,42,8,80,343.00,"27,440.00"
2019-07-08,2019070801006217,GDBL,36,33,500,212.00,"106,000.00"
2019-07-08,2019070801006215,GHL,32,54,20,86.00,"1,720.00"
2019-07-08,2019070801006072,GILB,58,32,21,"1,260.00","26,460.00"
2019-07-08,2019070801005940,GILB,38,58,11,"1,270.00","13,970.00"
2019-07-08,2019070801006116,GMFBS,39,36,10,441.00,"4,410.00"
2019-07-08,2019070801006092,GMFBS,39,55,20,441.00,"8,820.00"
2019-07-08,2019070801006091,GMFBS,36,55,10,442.00,"4,420.00"
2019-07-08,2019070801005792,GMFBS,39,26,20,441.00,"8,820.00"
2019-07-08,2019070801005826,GMFIL,13,16,50,126.00,"6,300.00"
2019-07-08,2019070801005906,GUFL,52,48,119,119.00,"14,161.00"
2019-07-08,2019070801006021,HBL,45,42,17,536.00,"9,112.00"
2019-07-08,2019070801006073,HDL,48,45,315,"1,688.00","531,720.00"
2019-07-08,2019070801005859,HDL,58,54,790,"1,688.00","1,333,520.00"
2019-07-08,2019070801005858,HDL,48,54,540,"1,690.00","912,600.00"
2019-07-08,2019070801005832,HGI,20,28,200,350.00,"70,000.00"
2019-07-08,2019070801005789,HGI,58,28,300,350.00,"105,000.00"
2019-07-08,2019070801006174,HIDCL,34,33,56,161.00,"9,016.00"
2019-07-08,2019070801006018,HIDCL,34,57,47,161.00,"7,567.00"
2019-07-08,2019070801005774,HIDCL,51,28,196,162.00,"31,752.00"
2019-07-08,2019070801005794,HURJA,17,28,20,139.00,"2,780.00"
2019-07-08,2019070801006040,JSLBB,34,6,10,957.00,"9,570.00"
2019-07-08,2019070801005770,KADBL,38,28,500,197.00,"98,500.00"
2019-07-08,2019070801006155,KBL,17,52,26,218.00,"5,668.00"
2019-07-08,2019070801006121,KBL,43,4,155,219.00,"33,945.00"
2019-07-08,2019070801006120,KBL,43,4,400,219.00,"87,600.00"
2019-07-08,2019070801006070,KBL,17,4,500,219.00,"109,500.00"
2019-07-08,2019070801006069,KBL,51,4,100,219.00,"21,900.00"
2019-07-08,2019070801006068,KBL,51,4,200,219.00,"43,800.00"
2019-07-08,2019070801005980,KBL,4,25,100,219.00,"21,900.00"
2019-07-08,2019070801005979,KBL,49,25,50,219.00,"10,950.00"
2019-07-08,2019070801005978,KBL,38,25,500,219.00,"109,500.00"
2019-07-08,2019070801005977,KBL,14,25,51,219.00,"11,169.00"
2019-07-08,2019070801005972,KBL,14,55,200,219.00,"43,800.00"
2019-07-08,2019070801005939,KBL,14,25,500,219.00,"109,500.00"
2019-07-08,2019070801006045,KBL,4,4,100,219.00,"21,900.00"
2019-07-08,2019070801006044,KBL,4,4,100,219.00,"21,900.00"
2019-07-08,2019070801006043,KBL,4,4,100,219.00,"21,900.00"
2019-07-08,2019070801006042,KBL,4,4,100,219.00,"21,900.00"
2019-07-08,2019070801006041,KBL,4,4,50,219.00,"10,950.00"
2019-07-08,2019070801005981,KBL,4,25,99,219.00,"21,681.00"
2019-07-08,2019070801006051,KBL,4,4,200,219.00,"43,800.00"
2019-07-08,2019070801006050,KBL,4,4,50,219.00,"10,950.00"
2019-07-08,2019070801006049,KBL,4,4,50,219.00,"10,950.00"
2019-07-08,2019070801006048,KBL,4,4,50,219.00,"10,950.00"
2019-07-08,2019070801006047,KBL,4,4,200,219.00,"43,800.00"
2019-07-08,2019070801006046,KBL,4,4,100,219.00,"21,900.00"
2019-07-08,2019070801006067,KBL,41,4,800,219.00,"175,200.00"
2019-07-08,2019070801006056,KBL,41,4,200,219.00,"43,800.00"
2019-07-08,2019070801006055,KBL,21,4,400,219.00,"87,600.00"
2019-07-08,2019070801006054,KBL,47,4,100,219.00,"21,900.00"
2019-07-08,2019070801006053,KBL,33,4,100,219.00,"21,900.00"
2019-07-08,2019070801006052,KBL,4,4,100,219.00,"21,900.00"
2019-07-08,2019070801005943,KRBL,41,16,186,116.00,"21,576.00"
2019-07-08,2019070801005867,KSBBL,26,26,15,157.00,"2,355.00"
2019-07-08,2019070801005830,LBBL,33,42,20,189.00,"3,780.00"
2019-07-08,2019070801006208,LBL,6,37,803,224.00,"179,872.00"
2019-07-08,2019070801006017,LBL,34,17,"1,483",224.00,"332,192.00"
2019-07-08,2019070801005936,LBL,32,17,500,224.00,"112,000.00"
2019-07-08,2019070801005935,LBL,1,17,52,224.00,"11,648.00"
2019-07-08,2019070801005768,LBL,1,58,148,224.00,"33,152.00"
2019-07-08,2019070801005767,LBL,13,58,100,224.00,"22,400.00"
2019-07-08,2019070801005766,LBL,14,58,100,224.00,"22,400.00"
2019-07-08,2019070801005765,LBL,14,58,100,224.00,"22,400.00"
2019-07-08,2019070801005764,LBL,21,58,25,224.00,"5,600.00"
2019-07-08,2019070801005763,LBL,28,58,108,224.00,"24,192.00"
2019-07-08,2019070801006013,LICN,35,56,10,"1,601.00","16,010.00"
2019-07-08,2019070801006012,LICN,1,56,18,"1,601.00","28,818.00"
2019-07-08,2019070801006232,LLBS,56,45,33,658.00,"21,714.00"
2019-07-08,2019070801006231,LLBS,49,45,17,659.00,"11,203.00"
2019-07-08,2019070801006237,MBL,58,17,"1,500",256.00,"384,000.00"
2019-07-08,2019070801006186,MBL,51,20,500,257.00,"128,500.00"
2019-07-08,2019070801006185,MBL,38,20,100,257.00,"25,700.00"
2019-07-08,2019070801006184,MBL,58,20,100,257.00,"25,700.00"
2019-07-08,2019070801006183,MBL,57,20,"1,000",258.00,"258,000.00"
2019-07-08,2019070801006182,MBL,40,20,129,258.00,"33,282.00"
2019-07-08,2019070801005856,MBL,13,17,30,260.00,"7,800.00"
2019-07-08,2019070801005814,MBL,51,49,125,259.00,"32,375.00"
2019-07-08,2019070801005804,MBL,13,17,30,260.00,"7,800.00"
2019-07-08,2019070801005793,MBL,44,17,200,260.00,"52,000.00"
2019-07-08,2019070801005786,MBL,13,17,30,260.00,"7,800.00"
2019-07-08,2019070801005785,MBL,50,17,20,260.00,"5,200.00"
2019-07-08,2019070801006004,MBL,51,17,250,259.00,"64,750.00"
2019-07-08,2019070801006003,MBL,50,17,158,259.00,"40,922.00"
2019-07-08,2019070801006002,MBL,51,17,500,259.00,"129,500.00"
2019-07-08,2019070801006001,MBL,58,17,100,259.00,"25,900.00"
2019-07-08,2019070801006000,MBL,37,17,"1,000",259.00,"259,000.00"
2019-07-08,2019070801005999,MBL,51,17,175,259.00,"45,325.00"
2019-07-08,2019070801006175,MBL,48,20,"1,840",258.00,"474,720.00"
2019-07-08,2019070801006096,MBL,48,1,160,258.00,"41,280.00"
2019-07-08,2019070801006095,MBL,3,1,10,258.00,"2,580.00"
2019-07-08,2019070801006007,MBL,21,17,30,259.00,"7,770.00"
2019-07-08,2019070801006006,MBL,44,17,200,259.00,"51,800.00"
2019-07-08,2019070801006005,MBL,51,17,200,259.00,"51,800.00"
2019-07-08,2019070801006181,MBL,35,20,200,258.00,"51,600.00"
2019-07-08,2019070801006180,MBL,35,20,50,258.00,"12,900.00"
2019-07-08,2019070801006179,MBL,51,20,250,258.00,"64,500.00"
2019-07-08,2019070801006178,MBL,44,20,500,258.00,"129,000.00"
2019-07-08,2019070801006177,MBL,58,20,100,258.00,"25,800.00"
2019-07-08,2019070801006176,MBL,50,20,50,258.00,"12,900.00"
2019-07-08,2019070801006222,MEGA,6,26,818,211.00,"172,598.00"
2019-07-08,2019070801006221,MEGA,6,46,182,211.00,"38,402.00"
2019-07-08,2019070801006190,MEGA,21,46,50,211.00,"10,550.00"
2019-07-08,2019070801006166,MEGA,1,46,500,211.00,"105,500.00"
2019-07-08,2019070801006064,MEGA,45,46,269,211.00,"56,759.00"
2019-07-08,2019070801006063,MEGA,45,32,231,211.00,"48,741.00"
2019-07-08,2019070801005787,MEGA,57,17,61,211.00,"12,871.00"
2019-07-08,2019070801006014,MEGA,28,42,40,210.00,"8,400.00"
2019-07-08,2019070801005911,MEGA,28,49,200,210.00,"42,000.00"
2019-07-08,2019070801005897,MEGA,28,41,900,210.00,"189,000.00"
2019-07-08,2019070801005818,MEGA,1,32,139,211.00,"29,329.00"
2019-07-08,2019070801005817,MEGA,1,33,361,211.00,"76,171.00"
2019-07-08,2019070801005788,MEGA,57,33,139,211.00,"29,329.00"
2019-07-08,2019070801005996,MERO,6,35,13,514.00,"6,682.00"
2019-07-08,2019070801005922,MERO,6,48,83,514.00,"42,662.00"
2019-07-08,2019070801006039,MFIL,49,37,"10,524",126.00,"1,326,024.00"
2019-07-08,2019070801005921,MFIL,28,17,330,125.00,"41,250.00"
2019-07-08,2019070801005920,MFIL,1,17,500,125.00,"62,500.00"
2019-07-08,2019070801005919,MFIL,13,17,30,126.00,"3,780.00"
2019-07-08,2019070801005918,MFIL,13,17,30,126.00,"3,780.00"
2019-07-08,2019070801005781,MFIL,32,29,400,126.00,"50,400.00"
2019-07-08,2019070801005997,MHNL,59,32,40,102.00,"4,080.00"
2019-07-08,2019070801005989,MHNL,59,32,30,102.00,"3,060.00"
2019-07-08,2019070801005984,MHNL,59,32,40,102.00,"4,080.00"
2019-07-08,2019070801005975,MHNL,59,32,30,102.00,"3,060.00"
2019-07-08,2019070801005971,MHNL,59,32,40,102.00,"4,080.00"
2019-07-08,2019070801005964,MHNL,59,32,40,102.00,"4,080.00"
2019-07-08,2019070801005960,MHNL,59,32,30,102.00,"3,060.00"
2019-07-08,2019070801005957,MHNL,59,32,10,102.00,"1,020.00"
2019-07-08,2019070801005956,MHNL,45,32,30,103.00,"3,090.00"
2019-07-08,2019070801005931,MHNL,45,28,30,103.00,"3,090.00"
2019-07-08,2019070801005923,MHNL,34,34,40,104.00,"4,160.00"
2019-07-08,2019070801005769,MLBBL,38,56,40,394.00,"15,760.00"
2019-07-08,2019070801005994,MLBL,36,53,424,193.00,"81,832.00"
2019-07-08,2019070801005993,MLBL,36,53,"1,080",193.00,"208,440.00"
2019-07-08,2019070801005992,MLBL,36,58,216,193.00,"41,688.00"
2019-07-08,2019070801005991,MLBL,36,58,216,193.00,"41,688.00"
2019-07-08,2019070801005990,MLBL,36,25,64,192.00,"12,288.00"
2019-07-08,2019070801005805,MLBL,36,19,24,191.00,"4,584.00"
2019-07-08,2019070801006230,MNBBL,34,1,150,363.00,"54,450.00"
2019-07-08,2019070801005966,MNBBL,34,1,500,363.00,"181,500.00"
2019-07-08,2019070801005965,MNBBL,49,1,130,363.00,"47,190.00"
2019-07-08,2019070801005855,MPFL,43,56,338,121.00,"40,898.00"
2019-07-08,2019070801005807,MPFL,43,58,180,121.00,"21,780.00"
2019-07-08,2019070801006136,NABIL,8,33,63,785.00,"49,455.00"
2019-07-08,2019070801006135,NABIL,40,33,10,787.00,"7,870.00"
2019-07-08,2019070801006207,NADEP,45,26,10,408.00,"4,080.00"
2019-07-08,2019070801006214,NAGRO,50,39,10,491.00,"4,910.00"
2019-07-08,2019070801006220,NBB,38,17,161,219.00,"35,259.00"
2019-07-08,2019070801006219,NBB,37,17,"1,000",219.00,"219,000.00"
2019-07-08,2019070801006218,NBB,35,17,59,219.00,"12,921.00"
2019-07-08,2019070801006133,NBB,45,17,250,220.00,"55,000.00"
2019-07-08,2019070801006132,NBB,58,17,500,220.00,"110,000.00"
2019-07-08,2019070801006131,NBB,53,17,30,220.00,"6,600.00"
2019-07-08,2019070801006008,NBB,33,45,175,220.00,"38,500.00"
2019-07-08,2019070801005987,NBB,33,42,30,220.00,"6,600.00"
2019-07-08,2019070801006071,NBB,53,41,300,220.00,"66,000.00"
2019-07-08,2019070801006016,NBB,53,1,245,220.00,"53,900.00"
2019-07-08,2019070801006015,NBB,53,45,425,220.00,"93,500.00"
2019-07-08,2019070801006011,NBB,45,45,200,220.00,"44,000.00"
2019-07-08,2019070801006010,NBB,59,45,100,220.00,"22,000.00"
2019-07-08,2019070801006009,NBB,28,45,100,220.00,"22,000.00"
2019-07-08,2019070801006226,NBL,16,13,500,337.00,"168,500.00"
2019-07-08,2019070801006225,NBL,47,13,360,337.00,"121,320.00"
2019-07-08,2019070801006224,NBL,47,13,110,337.00,"37,070.00"
2019-07-08,2019070801006200,NBL,47,44,170,337.00,"57,290.00"
2019-07-08,2019070801006199,NBL,47,44,"1,000",337.00,"337,000.00"
2019-07-08,2019070801006198,NBL,47,44,"1,000",337.00,"337,000.00"
2019-07-08,2019070801005955,NBL,47,34,248,337.00,"83,576.00"
2019-07-08,2019070801005925,NBL,47,49,400,337.00,"134,800.00"
2019-07-08,2019070801005850,NBL,44,6,110,338.00,"37,180.00"
2019-07-08,2019070801006110,NBL,47,48,298,337.00,"100,426.00"
2019-07-08,2019070801006109,NBL,47,48,"4,000",337.00,"1,348,000.00"
2019-07-08,2019070801006108,NBL,47,48,"1,702",337.00,"573,574.00"
2019-07-08,2019070801006035,NBL,47,49,298,337.00,"100,426.00"
2019-07-08,2019070801006034,NBL,47,49,702,337.00,"236,574.00"
2019-07-08,2019070801005963,NBL,47,28,50,337.00,"16,850.00"
2019-07-08,2019070801006197,NBL,47,44,"1,500",337.00,"505,500.00"
2019-07-08,2019070801006196,NBL,47,44,330,337.00,"111,210.00"
2019-07-08,2019070801006187,NBL,29,6,500,338.00,"169,000.00"
2019-07-08,2019070801006172,NBL,47,49,500,337.00,"168,500.00"
2019-07-08,2019070801006150,NBL,47,16,172,337.00,"57,964.00"
2019-07-08,2019070801006148,NBL,47,14,100,337.00,"33,700.00"
2019-07-08,2019070801006129,NCCB,55,33,55,242.00,"13,310.00"
2019-07-08,2019070801006123,NCCB,6,28,500,241.00,"120,500.00"
2019-07-08,2019070801006122,NCCB,7,33,310,242.00,"75,020.00"
2019-07-08,2019070801006101,NCCB,6,17,914,241.00,"220,274.00"
2019-07-08,2019070801006098,NCCB,6,17,"1,535",241.00,"369,935.00"
2019-07-08,2019070801006089,NCCB,54,17,200,242.00,"48,400.00"
2019-07-08,2019070801006074,NCCB,48,1,200,242.00,"48,400.00"
2019-07-08,2019070801005846,NCCB,48,47,599,242.00,"144,958.00"
2019-07-08,2019070801005845,NCCB,8,47,201,242.00,"48,642.00"
2019-07-08,2019070801005796,NCCB,8,8,525,242.00,"127,050.00"
2019-07-08,2019070801006082,NCCB,47,17,100,242.00,"24,200.00"
2019-07-08,2019070801006081,NCCB,47,17,100,242.00,"24,200.00"
2019-07-08,2019070801006080,NCCB,41,17,"1,000",242.00,"242,000.00"
2019-07-08,2019070801006079,NCCB,35,17,"1,000",242.00,"242,000.00"
2019-07-08,2019070801006078,NCCB,1,17,200,242.00,"48,400.00"
2019-07-08,2019070801006077,NCCB,48,17,201,242.00,"48,642.00"
2019-07-08,2019070801006088,NCCB,55,17,200,242.00,"48,400.00"
2019-07-08,2019070801006087,NCCB,57,17,100,242.00,"24,200.00"
2019-07-08,2019070801006086,NCCB,19,17,300,242.00,"72,600.00"
2019-07-08,2019070801006085,NCCB,40,17,200,242.00,"48,400.00"
2019-07-08,2019070801006084,NCCB,57,17,200,242.00,"48,400.00"
2019-07-08,2019070801006083,NCCB,5,17,500,242.00,"121,000.00"
2019-07-08,2019070801006138,NHPC,33,19,500,65.00,"32,500.00"
2019-07-08,2019070801006137,NHPC,33,28,"2,235",65.00,"145,275.00"
2019-07-08,2019070801006244,NIB,59,21,351,514.00,"180,414.00"
2019-07-08,2019070801006243,NIB,10,21,44,514.00,"22,616.00"
2019-07-08,2019070801006242,NIB,42,21,100,514.00,"51,400.00"
2019-07-08,2019070801006241,NIB,35,21,30,514.00,"15,420.00"
2019-07-08,2019070801006240,NIB,25,21,200,515.00,"103,000.00"
2019-07-08,2019070801006134,NIB,25,34,107,515.00,"55,105.00"
2019-07-08,2019070801005803,NIB,35,50,470,514.00,"241,580.00"
2019-07-08,2019070801006171,NICA,8,28,150,450.00,"67,500.00"
2019-07-08,2019070801006170,NICA,6,28,"1,500",450.00,"675,000.00"
2019-07-08,2019070801006169,NICA,26,28,150,451.00,"67,650.00"
2019-07-08,2019070801006168,NICA,32,28,200,451.00,"90,200.00"
2019-07-08,2019070801005985,NICA,6,34,200,450.00,"90,000.00"
2019-07-08,2019070801005885,NICA,45,17,"1,468",451.00,"662,068.00"
2019-07-08,2019070801005866,NICA,45,17,500,451.00,"225,500.00"
2019-07-08,2019070801005857,NICA,45,17,500,451.00,"225,500.00"
2019-07-08,2019070801005849,NICA,45,25,200,451.00,"90,200.00"
2019-07-08,2019070801005816,NICA,45,41,100,451.00,"45,100.00"
2019-07-08,2019070801005815,NICA,45,25,200,451.00,"90,200.00"
2019-07-08,2019070801005745,NICA,6,26,200,450.00,"90,000.00"
2019-07-08,2019070801005898,NICL,7,34,586,355.00,"208,030.00"
2019-07-08,2019070801005884,NICL,6,32,95,354.00,"33,630.00"
2019-07-08,2019070801005874,NICL,7,40,271,355.00,"96,205.00"
2019-07-08,2019070801005821,NICL,6,44,104,354.00,"36,816.00"
2019-07-08,2019070801005934,NLIC,1,43,108,886.00,"95,688.00"
2019-07-08,2019070801005933,NLIC,1,43,160,886.00,"141,760.00"
2019-07-08,2019070801005932,NLIC,19,43,32,886.00,"28,352.00"
2019-07-08,2019070801005813,NLIC,19,56,10,886.00,"8,860.00"
2019-07-08,2019070801006119,NLICL,44,25,25,589.00,"14,725.00"
2019-07-08,2019070801006118,NLICL,44,25,50,589.00,"29,450.00"
2019-07-08,2019070801006117,NLICL,35,25,25,590.00,"14,750.00"
2019-07-08,2019070801006141,NMBSF1,39,39,"5,000",10.62,"53,100.00"
2019-07-08,2019070801006154,NSEWA,11,26,10,392.00,"3,920.00"
2019-07-08,2019070801005851,NTC,44,43,100,693.00,"69,300.00"
2019-07-08,2019070801005773,OHL,25,5,100,612.00,"61,200.00"
2019-07-08,2019070801006124,PCBL,45,13,200,274.00,"54,800.00"
2019-07-08,2019070801006115,PCBL,38,13,"1,000",274.00,"274,000.00"
2019-07-08,2019070801005930,PCBL,34,13,"1,000",274.00,"274,000.00"
2019-07-08,2019070801005896,PCBL,26,26,1,269.00,269.00
2019-07-08,2019070801005883,PCBL,35,13,30,274.00,"8,220.00"
2019-07-08,2019070801005882,PCBL,57,13,74,274.00,"20,276.00"
2019-07-08,2019070801006130,PFL,19,6,23,139.00,"3,197.00"
2019-07-08,2019070801005865,PICL,40,10,200,554.00,"110,800.00"
2019-07-08,2019070801005864,PICL,19,10,100,554.00,"55,400.00"
2019-07-08,2019070801006223,PMHPL,32,26,10,102.00,"1,020.00"
2019-07-08,2019070801006160,PMHPL,32,26,10,102.00,"1,020.00"
2019-07-08,2019070801006090,PMHPL,32,26,10,102.00,"1,020.00"
2019-07-08,2019070801005998,PMHPL,32,28,10,102.00,"1,020.00"
2019-07-08,2019070801005976,PMHPL,39,26,10,102.00,"1,020.00"
2019-07-08,2019070801005941,PPCL,34,34,30,137.00,"4,110.00"
2019-07-08,2019070801006094,PRIN,29,11,26,370.00,"9,620.00"
2019-07-08,2019070801006093,PRIN,5,11,24,371.00,"8,904.00"
2019-07-08,2019070801005868,PRIN,5,45,76,371.00,"28,196.00"
2019-07-08,2019070801005820,PRIN,59,43,10,373.00,"3,730.00"
2019-07-08,2019070801006216,PRVU,34,50,54,262.00,"14,148.00"
2019-07-08,2019070801006201,PRVU,41,34,54,261.00,"14,094.00"
2019-07-08,2019070801006173,PRVU,41,55,386,261.00,"100,746.00"
2019-07-08,2019070801006140,PRVU,21,50,500,262.00,"131,000.00"
2019-07-08,2019070801006065,PRVU,59,50,200,262.00,"52,400.00"
2019-07-08,2019070801005775,PRVU,44,37,69,262.00,"18,078.00"
2019-07-08,2019070801005837,PRVU,39,13,70,261.00,"18,270.00"
2019-07-08,2019070801005836,PRVU,39,13,50,261.00,"13,050.00"
2019-07-08,2019070801005835,PRVU,21,13,500,261.00,"130,500.00"
2019-07-08,2019070801005834,PRVU,51,13,265,261.00,"69,165.00"
2019-07-08,2019070801005833,PRVU,36,13,334,261.00,"87,174.00"
2019-07-08,2019070801005776,PRVU,44,50,31,262.00,"8,122.00"
2019-07-08,2019070801005900,PRVU,34,56,219,261.00,"57,159.00"
2019-07-08,2019070801005842,PRVU,34,13,281,261.00,"73,341.00"
2019-07-08,2019070801005841,PRVU,33,13,200,261.00,"52,200.00"
2019-07-08,2019070801005840,PRVU,54,13,100,261.00,"26,100.00"
2019-07-08,2019070801005839,PRVU,42,13,200,261.00,"52,200.00"
2019-07-08,2019070801005838,PRVU,56,13,"1,000",261.00,"261,000.00"
2019-07-08,2019070801006059,PRVU,41,45,381,261.00,"99,441.00"
2019-07-08,2019070801006058,PRVU,8,45,619,261.00,"161,559.00"
2019-07-08,2019070801005904,PRVU,8,56,381,261.00,"99,441.00"
2019-07-08,2019070801005903,PRVU,25,56,100,261.00,"26,100.00"
2019-07-08,2019070801005902,PRVU,41,56,100,261.00,"26,100.00"
2019-07-08,2019070801005901,PRVU,50,56,100,261.00,"26,100.00"
2019-07-08,2019070801005961,RADHI,25,8,11,140.00,"1,540.00"
2019-07-08,2019070801006158,RLFL,36,26,10,126.00,"1,260.00"
2019-07-08,2019070801006202,RMDC,50,50,30,668.00,"20,040.00"
2019-07-08,2019070801005968,RMDC,50,33,43,668.00,"28,724.00"
2019-07-08,2019070801005967,RMDC,28,33,157,669.00,"105,033.00"
2019-07-08,2019070801005910,RMDC,28,33,300,669.00,"200,700.00"
2019-07-08,2019070801006107,RRHP,40,26,10,107.00,"1,070.00"
2019-07-08,2019070801006157,RSDC,43,33,30,341.00,"10,230.00"
2019-07-08,2019070801006156,RSDC,56,33,10,342.00,"3,420.00"
2019-07-08,2019070801006151,SADBL,29,21,253,157.00,"39,721.00"
2019-07-08,2019070801005831,SADBL,29,56,"1,000",157.00,"157,000.00"
2019-07-08,2019070801005873,SANIMA,47,56,921,342.00,"314,982.00"
2019-07-08,2019070801005872,SANIMA,11,56,100,342.00,"34,200.00"
2019-07-08,2019070801005871,SANIMA,47,56,50,342.00,"17,100.00"
2019-07-08,2019070801005870,SANIMA,25,56,129,342.00,"44,118.00"
2019-07-08,2019070801005829,SANIMA,25,49,150,342.00,"51,300.00"
2019-07-08,2019070801005795,SANIMA,13,57,30,343.00,"10,290.00"
2019-07-08,2019070801005784,SANIMA,44,57,100,343.00,"34,300.00"
2019-07-08,2019070801005771,SANIMA,13,57,30,343.00,"10,290.00"
2019-07-08,2019070801005811,SBI,44,44,50,463.00,"23,150.00"
2019-07-08,2019070801005797,SBI,16,16,311,461.00,"143,371.00"
2019-07-08,2019070801005780,SBL,57,48,100,315.00,"31,500.00"
2019-07-08,2019070801005779,SBL,35,48,44,315.00,"13,860.00"
2019-07-08,2019070801006114,SCB,34,14,100,654.00,"65,400.00"
2019-07-08,2019070801005954,SCB,42,5,260,653.00,"169,780.00"
2019-07-08,2019070801005953,SCB,16,5,10,654.00,"6,540.00"
2019-07-08,2019070801005808,SCB,11,28,30,658.00,"19,740.00"
2019-07-08,2019070801005946,SCB,4,5,20,656.00,"13,120.00"
2019-07-08,2019070801005945,SCB,45,5,10,656.00,"6,560.00"
2019-07-08,2019070801005944,SCB,8,5,25,656.00,"16,400.00"
2019-07-08,2019070801005854,SCB,8,49,35,656.00,"22,960.00"
2019-07-08,2019070801005853,SCB,51,49,25,656.00,"16,400.00"
2019-07-08,2019070801005852,SCB,11,49,30,657.00,"19,710.00"
2019-07-08,2019070801005952,SCB,50,5,25,654.00,"16,350.00"
2019-07-08,2019070801005951,SCB,44,5,200,655.00,"131,000.00"
2019-07-08,2019070801005950,SCB,34,5,200,655.00,"131,000.00"
2019-07-08,2019070801005949,SCB,45,5,100,655.00,"65,500.00"
2019-07-08,2019070801005948,SCB,48,5,100,655.00,"65,500.00"
2019-07-08,2019070801005947,SCB,54,5,50,656.00,"32,800.00"
2019-07-08,2019070801006062,SDESI,36,36,21,546.00,"11,466.00"
2019-07-08,2019070801006159,SEOS,28,4,"35,000",10.60,"371,000.00"
2019-07-08,2019070801006235,SHIVM,38,54,50,608.00,"30,400.00"
2019-07-08,2019070801005915,SHIVM,32,45,10,607.00,"6,070.00"
2019-07-08,2019070801005914,SHIVM,40,45,100,607.00,"60,700.00"
2019-07-08,2019070801005913,SHIVM,26,45,40,607.00,"24,280.00"
2019-07-08,2019070801005912,SHIVM,1,45,50,608.00,"30,400.00"
2019-07-08,2019070801005891,SHIVM,1,41,50,608.00,"30,400.00"
2019-07-08,2019070801005783,SHIVM,59,41,20,609.00,"12,180.00"
2019-07-08,2019070801006162,SHL,29,21,116,231.00,"26,796.00"
2019-07-08,2019070801006112,SIC,35,35,40,607.00,"24,280.00"
2019-07-08,2019070801006031,SIC,56,35,40,610.00,"24,400.00"
2019-07-08,2019070801006030,SIC,21,35,48,610.00,"29,280.00"
2019-07-08,2019070801005958,SINDU,59,34,10,140.00,"1,400.00"
2019-07-08,2019070801005894,SINDU,34,34,525,138.00,"72,450.00"
2019-07-08,2019070801005886,SINDU,34,34,850,138.00,"117,300.00"
2019-07-08,2019070801005848,SINDU,21,34,24,140.00,"3,360.00"
2019-07-08,2019070801005847,SINDU,21,57,26,140.00,"3,640.00"
2019-07-08,2019070801006189,SKBBL,35,21,45,942.00,"42,390.00"
2019-07-08,2019070801006188,SKBBL,35,21,150,942.00,"141,300.00"
2019-07-08,2019070801005973,SLBSL,11,41,10,525.00,"5,250.00"
2019-07-08,2019070801005905,SLICL,50,25,17,458.00,"7,786.00"
2019-07-08,2019070801005782,SLICL,33,17,55,456.00,"25,080.00"
2019-07-08,2019070801006229,SMFBS,59,7,10,463.00,"4,630.00"
2019-07-08,2019070801006163,SMFBS,59,56,10,463.00,"4,630.00"
2019-07-08,2019070801006161,SMFBS,59,38,10,463.00,"4,630.00"
2019-07-08,2019070801006149,SMFBS,59,7,10,463.00,"4,630.00"
2019-07-08,2019070801006111,SMFBS,59,41,10,463.00,"4,630.00"
2019-07-08,2019070801006033,SMFBS,48,49,10,463.00,"4,630.00"
2019-07-08,2019070801005862,SMFBS,48,34,10,463.00,"4,630.00"
2019-07-08,2019070801005861,SMFBS,48,41,10,463.00,"4,630.00"
2019-07-08,2019070801005860,SMFBS,48,59,10,463.00,"4,630.00"
2019-07-08,2019070801005828,SMFBS,48,37,10,463.00,"4,630.00"
2019-07-08,2019070801005812,SMFBS,48,58,10,463.00,"4,630.00"
2019-07-08,2019070801005974,SMFBS,48,7,10,463.00,"4,630.00"
2019-07-08,2019070801005937,SMFBS,48,20,10,463.00,"4,630.00"
2019-07-08,2019070801005926,SMFBS,34,20,10,464.00,"4,640.00"
2019-07-08,2019070801005924,SMFBS,34,10,10,464.00,"4,640.00"
2019-07-08,2019070801005895,SMFBS,34,37,10,464.00,"4,640.00"
2019-07-08,2019070801005876,SMFBS,48,59,10,463.00,"4,630.00"
2019-07-08,2019070801006195,SMFDB,17,56,40,505.00,"20,200.00"
2019-07-08,2019070801005995,SMFDB,58,56,10,505.00,"5,050.00"
2019-07-08,2019070801006236,SPARS,39,39,10,430.00,"4,300.00"
2019-07-08,2019070801005970,SPARS,34,34,10,431.00,"4,310.00"
2019-07-08,2019070801006038,SRBL,21,4,252,246.00,"61,992.00"
2019-07-08,2019070801005893,SRBL,25,4,100,246.00,"24,600.00"
2019-07-08,2019070801005892,SRBL,43,4,276,246.00,"67,896.00"
2019-07-08,2019070801005890,SRBL,34,17,234,247.00,"57,798.00"
2019-07-08,2019070801005889,SRBL,34,16,86,247.00,"21,242.00"
2019-07-08,2019070801005791,UMHL,19,17,200,109.00,"21,800.00"
2019-07-08,2019070801005790,UMHL,1,17,476,109.00,"51,884.00"
2019-07-08,2019070801006076,UPPER,11,6,988,264.00,"260,832.00"
2019-07-08,2019070801006075,UPPER,33,6,320,264.00,"84,480.00"
2019-07-08,2019070801006029,UPPER,33,1,280,264.00,"73,920.00"
2019-07-08,2019070801006028,UPPER,42,1,180,264.00,"47,520.00"
2019-07-08,2019070801006027,UPPER,25,1,300,264.00,"79,200.00"
2019-07-08,2019070801006026,UPPER,45,1,200,264.00,"52,800.00"
2019-07-08,2019070801005747,UPPER,56,59,"1,500",265.00,"397,500.00"
2019-07-08,2019070801005746,UPPER,59,59,145,265.00,"38,425.00"
2019-07-08,2019070801005753,UPPER,1,59,200,265.00,"53,000.00"
2019-07-08,2019070801005752,UPPER,59,59,97,265.00,"25,705.00"
2019-07-08,2019070801005751,UPPER,6,59,500,265.00,"132,500.00"
2019-07-08,2019070801005750,UPPER,28,59,500,265.00,"132,500.00"
2019-07-08,2019070801005749,UPPER,25,59,"1,000",265.00,"265,000.00"
2019-07-08,2019070801005748,UPPER,21,59,20,265.00,"5,300.00"
2019-07-08,2019070801005759,UPPER,22,59,10,265.00,"2,650.00"
2019-07-08,2019070801005758,UPPER,19,59,200,265.00,"53,000.00"
2019-07-08,2019070801005757,UPPER,33,59,"1,000",265.00,"265,000.00"
2019-07-08,2019070801005756,UPPER,40,59,100,265.00,"26,500.00"
2019-07-08,2019070801005755,UPPER,20,59,200,265.00,"53,000.00"
2019-07-08,2019070801005754,UPPER,25,59,200,265.00,"53,000.00"
2019-07-08,2019070801005879,UPPER,45,6,100,265.00,"26,500.00"
2019-07-08,2019070801005878,UPPER,50,6,32,265.00,"8,480.00"
2019-07-08,2019070801005875,UPPER,50,41,40,265.00,"10,600.00"
2019-07-08,2019070801005762,UPPER,50,59,128,265.00,"33,920.00"
2019-07-08,2019070801005761,UPPER,38,59,500,265.00,"132,500.00"
2019-07-08,2019070801005760,UPPER,42,59,700,265.00,"185,500.00"
2019-07-08,2019070801006025,UPPER,3,1,20,264.00,"5,280.00"
2019-07-08,2019070801006024,UPPER,25,1,20,264.00,"5,280.00"
2019-07-08,2019070801006020,UPPER,25,28,50,264.00,"13,200.00"
2019-07-08,2019070801005959,UPPER,25,36,40,264.00,"10,560.00"
2019-07-08,2019070801005881,UPPER,21,6,50,265.00,"13,250.00"
2019-07-08,2019070801005880,UPPER,17,6,300,265.00,"79,500.00"
2019-07-08,2019070801005542,ADBL,48,48,65,406.00,"26,390.00"
2019-07-08,2019070801005541,ADBL,39,48,35,406.00,"14,210.00"
2019-07-08,2019070801005537,ADBL,39,16,253,406.00,"102,718.00"
2019-07-08,2019070801005389,ADBL,39,25,196,406.00,"79,576.00"
2019-07-08,2019070801005567,AHPC,45,41,300,104.00,"31,200.00"
2019-07-08,2019070801005630,AKPL,13,46,15,184.00,"2,760.00"
2019-07-08,2019070801005629,AKPL,11,46,11,185.00,"2,035.00"
2019-07-08,2019070801005369,ALBSL,47,58,10,392.00,"3,920.00"
2019-07-08,2019070801005337,ALBSL,36,36,10,393.00,"3,930.00"
2019-07-08,2019070801005727,ALICL,54,48,44,382.00,"16,808.00"
2019-07-08,2019070801005423,API,25,40,51,142.00,"7,242.00"
2019-07-08,2019070801005648,BFC,45,14,200,101.00,"20,200.00"
2019-07-08,2019070801005322,BFC,45,52,46,101.00,"4,646.00"
2019-07-08,2019070801005744,BOKL,11,48,200,256.00,"51,200.00"
2019-07-08,2019070801005743,BOKL,6,48,216,256.00,"55,296.00"
2019-07-08,2019070801005595,BOKL,6,11,639,256.00,"163,584.00"
2019-07-08,2019070801005319,BOKL,52,32,100,256.00,"25,600.00"
2019-07-08,2019070801005318,BOKL,34,32,290,256.00,"74,240.00"
2019-07-08,2019070801005306,BOKL,34,32,710,256.00,"181,760.00"
2019-07-08,2019070801005305,BOKL,19,32,300,256.00,"76,800.00"
2019-07-08,2019070801005304,BOKL,49,32,490,256.00,"125,440.00"
2019-07-08,2019070801005529,BOKL,6,16,145,256.00,"37,120.00"
2019-07-08,2019070801005528,BOKL,57,16,200,256.00,"51,200.00"
2019-07-08,2019070801005527,BOKL,38,16,50,256.00,"12,800.00"
2019-07-08,2019070801005526,BOKL,6,16,199,256.00,"50,944.00"
2019-07-08,2019070801005321,BOKL,6,32,301,256.00,"77,056.00"
2019-07-08,2019070801005320,BOKL,45,32,250,256.00,"64,000.00"
2019-07-08,2019070801005620,BPCL,1,50,100,404.00,"40,400.00"
2019-07-08,2019070801005504,CBBL,4,58,149,945.00,"140,805.00"
2019-07-08,2019070801005503,CBBL,43,58,100,945.00,"94,500.00"
2019-07-08,2019070801005260,CBBL,35,34,15,945.00,"14,175.00"
2019-07-08,2019070801005259,CBBL,35,34,50,945.00,"47,250.00"
2019-07-08,2019070801005258,CBBL,45,34,25,945.00,"23,625.00"
2019-07-08,2019070801005502,CBBL,35,58,100,945.00,"94,500.00"
2019-07-08,2019070801005501,CBBL,35,58,80,945.00,"75,600.00"
2019-07-08,2019070801005500,CBBL,35,58,50,945.00,"47,250.00"
2019-07-08,2019070801005499,CBBL,35,58,30,945.00,"28,350.00"
2019-07-08,2019070801005498,CBBL,35,58,56,945.00,"52,920.00"
2019-07-08,2019070801005497,CBBL,35,58,35,945.00,"33,075.00"
2019-07-08,2019070801005715,CBL,6,47,50,158.00,"7,900.00"
2019-07-08,2019070801005612,CBL,1,22,"2,000",158.00,"316,000.00"
2019-07-08,2019070801005566,CBL,1,47,500,158.00,"79,000.00"
2019-07-08,2019070801005565,CBL,1,47,225,158.00,"35,550.00"
2019-07-08,2019070801005564,CBL,1,39,400,158.00,"63,200.00"
2019-07-08,2019070801005563,CBL,1,35,100,158.00,"15,800.00"
2019-07-08,2019070801005285,CBL,41,47,117,158.00,"18,486.00"
2019-07-08,2019070801005284,CBL,41,47,103,158.00,"16,274.00"
2019-07-08,2019070801005283,CBL,41,25,780,158.00,"123,240.00"
2019-07-08,2019070801005274,CBL,22,25,220,158.00,"34,760.00"
2019-07-08,2019070801005273,CBL,22,21,258,158.00,"40,764.00"
2019-07-08,2019070801005272,CBL,22,29,22,158.00,"3,476.00"
2019-07-08,2019070801005374,CBL,26,42,500,157.00,"78,500.00"
2019-07-08,2019070801005373,CBL,28,42,562,157.00,"88,234.00"
2019-07-08,2019070801005296,CBL,28,59,138,157.00,"21,666.00"
2019-07-08,2019070801005295,CBL,11,59,200,157.00,"31,400.00"
2019-07-08,2019070801005294,CBL,22,59,600,157.00,"94,200.00"
2019-07-08,2019070801005293,CBL,38,59,62,157.00,"9,734.00"
2019-07-08,2019070801005380,CBL,51,42,500,157.00,"78,500.00"
2019-07-08,2019070801005379,CBL,8,42,"5,000",157.00,"785,000.00"
2019-07-08,2019070801005378,CBL,43,42,"1,000",157.00,"157,000.00"
2019-07-08,2019070801005377,CBL,34,42,500,157.00,"78,500.00"
2019-07-08,2019070801005376,CBL,42,42,200,157.00,"31,400.00"
2019-07-08,2019070801005375,CBL,29,42,350,157.00,"54,950.00"
2019-07-08,2019070801005413,CBL,58,17,500,157.00,"78,500.00"
2019-07-08,2019070801005412,CBL,13,17,97,157.00,"15,229.00"
2019-07-08,2019070801005411,CBL,44,17,768,157.00,"120,576.00"
2019-07-08,2019070801005402,CBL,17,22,500,158.00,"79,000.00"
2019-07-08,2019070801005382,CBL,44,42,"1,232",157.00,"193,424.00"
2019-07-08,2019070801005381,CBL,57,42,"1,000",157.00,"157,000.00"
2019-07-08,2019070801005562,CBL,1,42,434,158.00,"68,572.00"
2019-07-08,2019070801005510,CBL,17,16,46,157.00,"7,222.00"
2019-07-08,2019070801005449,CBL,7,42,66,158.00,"10,428.00"
2019-07-08,2019070801005448,CBL,7,47,84,158.00,"13,272.00"
2019-07-08,2019070801005415,CBL,17,17,576,157.00,"90,432.00"
2019-07-08,2019070801005414,CBL,45,17,200,157.00,"31,400.00"
2019-07-08,2019070801005642,CCBL,40,39,119,178.00,"21,182.00"
2019-07-08,2019070801005557,CCBL,4,58,2,180.00,360.00
2019-07-08,2019070801005477,CCBL,40,32,88,178.00,"15,664.00"
2019-07-08,2019070801005371,CCBL,40,16,227,178.00,"40,406.00"
2019-07-08,2019070801005370,CCBL,44,16,25,178.00,"4,450.00"
2019-07-08,2019070801005341,CCBL,44,4,25,178.00,"4,450.00"
2019-07-08,2019070801005340,CCBL,51,4,73,178.00,"12,994.00"
2019-07-08,2019070801005339,CCBL,13,4,100,178.00,"17,800.00"
2019-07-08,2019070801005338,CCBL,49,4,52,178.00,"9,256.00"
2019-07-08,2019070801005280,CCBL,49,51,97,178.00,"17,266.00"
2019-07-08,2019070801005430,CFCL,1,17,436,119.00,"51,884.00"
2019-07-08,2019070801005429,CFCL,1,17,500,120.00,"60,000.00"
2019-07-08,2019070801005428,CFCL,28,17,"2,000",120.00,"240,000.00"
2019-07-08,2019070801005416,CHCL,19,41,50,512.00,"25,600.00"
2019-07-08,2019070801005297,CHCL,45,52,200,513.00,"102,600.00"
2019-07-08,2019070801005578,CMF1,43,16,500,9.50,"4,750.00"
2019-07-08,2019070801005605,CZBIL,4,58,2,220.00,440.00
2019-07-08,2019070801005493,CZBIL,42,16,144,220.00,"31,680.00"
2019-07-08,2019070801005419,CZBIL,42,14,400,220.00,"88,000.00"
2019-07-08,2019070801005361,CZBIL,43,17,103,221.00,"22,763.00"
2019-07-08,2019070801005360,CZBIL,43,38,452,221.00,"99,892.00"
2019-07-08,2019070801005271,CZBIL,42,17,93,220.00,"20,460.00"
2019-07-08,2019070801005264,CZBIL,32,17,100,220.00,"22,000.00"
2019-07-08,2019070801005263,CZBIL,46,17,200,220.00,"44,000.00"
2019-07-08,2019070801005262,CZBIL,51,17,155,220.00,"34,100.00"
2019-07-08,2019070801005270,CZBIL,56,17,90,220.00,"19,800.00"
2019-07-08,2019070801005269,CZBIL,54,17,200,220.00,"44,000.00"
2019-07-08,2019070801005268,CZBIL,16,17,"1,000",220.00,"220,000.00"
2019-07-08,2019070801005267,CZBIL,32,17,500,220.00,"110,000.00"
2019-07-08,2019070801005266,CZBIL,51,17,510,220.00,"112,200.00"
2019-07-08,2019070801005265,CZBIL,1,17,"1,000",220.00,"220,000.00"
2019-07-08,2019070801005593,DBBL,57,38,100,144.00,"14,400.00"
2019-07-08,2019070801005538,DBBL,43,52,100,143.00,"14,300.00"
2019-07-08,2019070801005391,DBBL,43,16,140,143.00,"20,020.00"
2019-07-08,2019070801005324,DBBL,43,17,166,143.00,"23,738.00"
2019-07-08,2019070801005323,DBBL,51,17,334,143.00,"47,762.00"
2019-07-08,2019070801005505,DDBL,28,22,28,710.00,"19,880.00"
2019-07-08,2019070801005431,DDBL,28,47,200,710.00,"142,000.00"
2019-07-08,2019070801005397,DDBL,28,16,100,710.00,"71,000.00"
2019-07-08,2019070801005573,EBL,17,40,20,645.00,"12,900.00"
2019-07-08,2019070801005572,EBL,8,40,200,645.00,"129,000.00"
2019-07-08,2019070801005571,EBL,35,40,10,645.00,"6,450.00"
2019-07-08,2019070801005570,EBL,34,40,100,646.00,"64,600.00"
2019-07-08,2019070801005569,EBL,35,40,100,646.00,"64,600.00"
2019-07-08,2019070801005568,EBL,8,40,70,646.00,"45,220.00"
2019-07-08,2019070801005286,EBL,8,17,70,646.00,"45,220.00"
2019-07-08,2019070801005492,EIC,1,16,100,375.00,"37,500.00"
