Date,Transact. No.,Symbol,Buyer,Seller,Quantity,Rate,Amount
2020-01-22,2020012201015337,ADBL,47,17,100,386.00,"38,600.00"
2020-01-22,2020012201015079,ADBL,35,4,50,385.00,"19,250.00"
2020-01-22,2020012201015435,AKPL,29,19,10,128.00,"1,280.00"
2020-01-22,2020012201015404,AKPL,29,5,200,127.00,"25,400.00"
2020-01-22,2020012201015403,AKPL,29,10,141,127.00,"17,907.00"
2020-01-22,2020012201015319,AKPL,48,21,100,126.00,"12,600.00"
2020-01-22,2020012201015487,ALBSL,16,39,10,670.00,"6,700.00"
2020-01-22,2020012201015464,ALICL,1,57,15,525.00,"7,875.00"
2020-01-22,2020012201015460,ALICL,25,57,10,525.00,"5,250.00"
2020-01-22,2020012201015411,ALICL,1,22,266,526.00,"139,916.00"
2020-01-22,2020012201015410,ALICL,1,57,18,520.00,"9,360.00"
2020-01-22,2020012201015396,ALICL,48,57,200,520.00,"104,000.00"
2020-01-22,2020012201015395,ALICL,5,57,500,523.00,"261,500.00"
2020-01-22,2020012201015121,ALICL,44,57,100,525.00,"52,500.00"
2020-01-22,2020012201015394,ALICL,49,57,82,524.00,"42,968.00"
2020-01-22,2020012201015366,ALICL,49,38,228,524.00,"119,472.00"
2020-01-22,2020012201015357,ALICL,49,45,100,524.00,"52,400.00"
2020-01-22,2020012201015300,ALICL,49,17,100,524.00,"52,400.00"
2020-01-22,2020012201015224,ALICL,58,17,100,525.00,"52,500.00"
2020-01-22,2020012201015129,ALICL,49,26,490,524.00,"256,760.00"
2020-01-22,2020012201015368,API,25,6,20,124.00,"2,480.00"
2020-01-22,2020012201015367,API,25,49,80,123.00,"9,840.00"
2020-01-22,2020012201015309,API,25,49,25,123.00,"3,075.00"
2020-01-22,2020012201015173,API,1,38,13,121.00,"1,573.00"
2020-01-22,2020012201015125,API,40,38,200,122.00,"24,400.00"
2020-01-22,2020012201015124,API,22,38,50,122.00,"6,100.00"
2020-01-22,2020012201015123,API,25,38,237,122.00,"28,914.00"
2020-01-22,2020012201015425,BFC,21,45,207,102.00,"21,114.00"
2020-01-22,2020012201015424,BFC,34,45,293,102.00,"29,886.00"
2020-01-22,2020012201015419,BOKL,5,45,10,235.00,"2,350.00"
2020-01-22,2020012201015455,CBBL,26,3,18,891.00,"16,038.00"
2020-01-22,2020012201015117,CBBL,26,4,50,891.00,"44,550.00"
2020-01-22,2020012201015354,CBL,43,48,10,151.00,"1,510.00"
2020-01-22,2020012201015484,CCBL,45,39,122,184.00,"22,448.00"
2020-01-22,2020012201015483,CCBL,45,39,301,185.00,"55,685.00"
2020-01-22,2020012201015444,CCBL,45,38,199,185.00,"36,815.00"
2020-01-22,2020012201015311,CHL,11,41,15,92.00,"1,380.00"
2020-01-22,2020012201015211,CHL,59,41,50,92.00,"4,600.00"
2020-01-22,2020012201015210,CHL,11,41,35,93.00,"3,255.00"
2020-01-22,2020012201015209,CIT,3,35,300,"2,225.00","667,500.00"
2020-01-22,2020012201015294,CLBSL,45,20,10,892.00,"8,920.00"
2020-01-22,2020012201015379,CZBIL,41,33,24,197.00,"4,728.00"
2020-01-22,2020012201015155,CZBIL,57,49,500,198.00,"99,000.00"
2020-01-22,2020012201015375,DDBL,25,16,200,"1,039.00","207,800.00"
2020-01-22,2020012201015308,DDBL,25,38,115,"1,038.00","119,370.00"
2020-01-22,2020012201015281,DDBL,38,38,35,"1,038.00","36,330.00"
2020-01-22,2020012201015164,DDBL,38,1,100,"1,037.00","103,700.00"
2020-01-22,2020012201015508,EBL,1,44,720,617.00,"444,240.00"
2020-01-22,2020012201015507,EBL,14,44,780,618.00,"482,040.00"
2020-01-22,2020012201015423,EBL,14,58,185,618.00,"114,330.00"
2020-01-22,2020012201015422,EBL,29,58,100,619.00,"61,900.00"
2020-01-22,2020012201015213,EBL,7,55,50,619.00,"30,950.00"
2020-01-22,2020012201015212,EBL,51,55,50,619.00,"30,950.00"
2020-01-22,2020012201015190,EBL,56,55,500,621.00,"310,500.00"
2020-01-22,2020012201015445,EIC,57,52,50,352.00,"17,600.00"
2020-01-22,2020012201015120,EIC,25,17,150,350.00,"52,500.00"
2020-01-22,2020012201015119,EIC,37,17,100,350.00,"35,000.00"
2020-01-22,2020012201015118,EIC,57,17,400,350.00,"140,000.00"
2020-01-22,2020012201015141,FMDBL,48,34,39,408.00,"15,912.00"
2020-01-22,2020012201015474,GBIME,21,16,25,305.00,"7,625.00"
2020-01-22,2020012201015469,GBIME,21,16,25,305.00,"7,625.00"
2020-01-22,2020012201015468,GBIME,21,50,49,305.00,"14,945.00"
2020-01-22,2020012201015463,GBIME,41,50,331,305.00,"100,955.00"
2020-01-22,2020012201015462,GBIME,57,50,"1,000",305.00,"305,000.00"
2020-01-22,2020012201015443,GBIME,57,50,100,305.00,"30,500.00"
2020-01-22,2020012201015010,GBIME,36,50,250,305.00,"76,250.00"
2020-01-22,2020012201015009,GBIME,10,50,500,305.00,"152,500.00"
2020-01-22,2020012201015016,GBIME,28,50,800,305.00,"244,000.00"
2020-01-22,2020012201015015,GBIME,49,50,10,305.00,"3,050.00"
2020-01-22,2020012201015014,GBIME,47,50,100,305.00,"30,500.00"
2020-01-22,2020012201015013,GBIME,45,50,100,305.00,"30,500.00"
2020-01-22,2020012201015012,GBIME,4,50,500,305.00,"152,500.00"
2020-01-22,2020012201015011,GBIME,43,50,100,305.00,"30,500.00"
2020-01-22,2020012201015022,GBIME,7,50,500,305.00,"152,500.00"
2020-01-22,2020012201015021,GBIME,44,50,50,305.00,"15,250.00"
2020-01-22,2020012201015020,GBIME,41,50,100,305.00,"30,500.00"
2020-01-22,2020012201015019,GBIME,46,50,500,305.00,"152,500.00"
2020-01-22,2020012201015018,GBIME,29,50,300,305.00,"91,500.00"
2020-01-22,2020012201015017,GBIME,37,50,100,305.00,"30,500.00"
2020-01-22,2020012201015028,GBIME,39,50,650,305.00,"198,250.00"
2020-01-22,2020012201015027,GBIME,49,50,"1,000",305.00,"305,000.00"
2020-01-22,2020012201015026,GBIME,11,50,500,305.00,"152,500.00"
2020-01-22,2020012201015025,GBIME,8,50,200,305.00,"61,000.00"
2020-01-22,2020012201015024,GBIME,19,50,200,305.00,"61,000.00"
2020-01-22,2020012201015023,GBIME,45,50,55,305.00,"16,775.00"
2020-01-22,2020012201015034,GBIME,51,50,"1,000",305.00,"305,000.00"
2020-01-22,2020012201015033,GBIME,55,50,50,305.00,"15,250.00"
2020-01-22,2020012201015032,GBIME,42,50,100,305.00,"30,500.00"
2020-01-22,2020012201015031,GBIME,52,50,50,305.00,"15,250.00"
2020-01-22,2020012201015030,GBIME,32,50,34,305.00,"10,370.00"
2020-01-22,2020012201015029,GBIME,40,50,"1,500",305.00,"457,500.00"
2020-01-22,2020012201015040,GBIME,57,50,500,305.00,"152,500.00"
2020-01-22,2020012201015039,GBIME,39,50,"1,300",305.00,"396,500.00"
2020-01-22,2020012201015038,GBIME,57,50,300,305.00,"91,500.00"
2020-01-22,2020012201015037,GBIME,39,50,100,305.00,"30,500.00"
2020-01-22,2020012201015036,GBIME,22,50,"2,000",305.00,"610,000.00"
2020-01-22,2020012201015035,GBIME,33,50,500,305.00,"152,500.00"
2020-01-22,2020012201015046,GBIME,32,50,"1,000",305.00,"305,000.00"
2020-01-22,2020012201015045,GBIME,16,50,50,305.00,"15,250.00"
2020-01-22,2020012201015044,GBIME,34,50,400,305.00,"122,000.00"
2020-01-22,2020012201015043,GBIME,1,50,447,305.00,"136,335.00"
2020-01-22,2020012201015042,GBIME,57,50,500,305.00,"152,500.00"
2020-01-22,2020012201015041,GBIME,51,50,100,305.00,"30,500.00"
2020-01-22,2020012201015052,GBIME,32,50,450,305.00,"137,250.00"
2020-01-22,2020012201015051,GBIME,57,50,200,305.00,"61,000.00"
2020-01-22,2020012201015050,GBIME,42,50,500,305.00,"152,500.00"
2020-01-22,2020012201015049,GBIME,41,50,"1,000",305.00,"305,000.00"
2020-01-22,2020012201015048,GBIME,14,50,500,305.00,"152,500.00"
2020-01-22,2020012201015047,GBIME,11,50,250,305.00,"76,250.00"
2020-01-22,2020012201015058,GBIME,21,50,500,305.00,"152,500.00"
2020-01-22,2020012201015057,GBIME,45,50,100,305.00,"30,500.00"
2020-01-22,2020012201015056,GBIME,14,50,100,305.00,"30,500.00"
2020-01-22,2020012201015055,GBIME,1,50,"1,000",305.00,"305,000.00"
2020-01-22,2020012201015054,GBIME,17,50,100,305.00,"30,500.00"
2020-01-22,2020012201015053,GBIME,1,50,15,305.00,"4,575.00"
2020-01-22,2020012201015064,GBIME,59,50,50,305.00,"15,250.00"
2020-01-22,2020012201015063,GBIME,25,50,200,305.00,"61,000.00"
2020-01-22,2020012201015062,GBIME,41,50,200,305.00,"61,000.00"
2020-01-22,2020012201015061,GBIME,45,50,60,305.00,"18,300.00"
2020-01-22,2020012201015060,GBIME,40,50,50,305.00,"15,250.00"
2020-01-22,2020012201015059,GBIME,56,50,100,305.00,"30,500.00"
2020-01-22,2020012201015085,GBIME,49,22,679,305.00,"207,095.00"
2020-01-22,2020012201015084,GBIME,13,22,500,305.00,"152,500.00"
2020-01-22,2020012201015083,GBIME,28,22,100,305.00,"30,500.00"
2020-01-22,2020012201015082,GBIME,35,22,28,305.00,"8,540.00"
2020-01-22,2020012201015066,GBIME,35,50,102,305.00,"31,110.00"
2020-01-22,2020012201015065,GBIME,48,50,100,305.00,"30,500.00"
2020-01-22,2020012201015163,GBIME,8,44,"1,000",306.00,"306,000.00"
2020-01-22,2020012201015157,GBIME,17,44,50,306.00,"15,300.00"
2020-01-22,2020012201015110,GBIME,19,44,15,306.00,"4,590.00"
2020-01-22,2020012201015109,GBIME,49,55,150,305.00,"45,750.00"
2020-01-22,2020012201015090,GBIME,8,44,11,306.00,"3,366.00"
2020-01-22,2020012201015089,GBIME,8,34,200,306.00,"61,200.00"
2020-01-22,2020012201015223,GBIME,6,17,28,305.00,"8,540.00"
2020-01-22,2020012201015208,GBIME,6,44,390,305.00,"118,950.00"
2020-01-22,2020012201015207,GBIME,42,44,50,305.00,"15,250.00"
2020-01-22,2020012201015206,GBIME,49,44,160,305.00,"48,800.00"
2020-01-22,2020012201015196,GBIME,46,44,500,306.00,"153,000.00"
2020-01-22,2020012201015165,GBIME,49,6,11,305.00,"3,355.00"
2020-01-22,2020012201015238,GBIME,42,50,163,305.00,"49,715.00"
2020-01-22,2020012201015237,GBIME,48,50,100,305.00,"30,500.00"
2020-01-22,2020012201015236,GBIME,33,50,"1,000",305.00,"305,000.00"
2020-01-22,2020012201015235,GBIME,20,50,100,305.00,"30,500.00"
2020-01-22,2020012201015234,GBIME,56,50,100,305.00,"30,500.00"
2020-01-22,2020012201015233,GBIME,38,50,50,305.00,"15,250.00"
2020-01-22,2020012201015244,GBIME,18,50,"1,000",305.00,"305,000.00"
2020-01-22,2020012201015243,GBIME,42,50,500,305.00,"152,500.00"
2020-01-22,2020012201015242,GBIME,51,50,"1,000",305.00,"305,000.00"
2020-01-22,2020012201015241,GBIME,19,50,200,305.00,"61,000.00"
2020-01-22,2020012201015240,GBIME,45,50,50,305.00,"15,250.00"
2020-01-22,2020012201015239,GBIME,47,50,"1,000",305.00,"305,000.00"
2020-01-22,2020012201015250,GBIME,33,50,50,305.00,"15,250.00"
2020-01-22,2020012201015249,GBIME,21,50,100,305.00,"30,500.00"
2020-01-22,2020012201015248,GBIME,45,50,22,305.00,"6,710.00"
2020-01-22,2020012201015247,GBIME,22,50,100,305.00,"30,500.00"
2020-01-22,2020012201015246,GBIME,41,50,100,305.00,"30,500.00"
2020-01-22,2020012201015245,GBIME,45,50,500,305.00,"152,500.00"
2020-01-22,2020012201015256,GBIME,45,50,200,305.00,"61,000.00"
2020-01-22,2020012201015255,GBIME,39,50,100,305.00,"30,500.00"
2020-01-22,2020012201015254,GBIME,39,50,50,305.00,"15,250.00"
2020-01-22,2020012201015253,GBIME,50,50,"1,500",305.00,"457,500.00"
2020-01-22,2020012201015252,GBIME,19,50,50,305.00,"15,250.00"
2020-01-22,2020012201015251,GBIME,51,50,500,305.00,"152,500.00"
2020-01-22,2020012201015262,GBIME,19,50,"1,000",305.00,"305,000.00"
2020-01-22,2020012201015261,GBIME,39,50,"1,000",305.00,"305,000.00"
2020-01-22,2020012201015260,GBIME,35,50,500,305.00,"152,500.00"
2020-01-22,2020012201015259,GBIME,41,50,"1,000",305.00,"305,000.00"
2020-01-22,2020012201015258,GBIME,51,50,200,305.00,"61,000.00"
2020-01-22,2020012201015257,GBIME,57,50,330,305.00,"100,650.00"
2020-01-22,2020012201015268,GBIME,26,50,500,305.00,"152,500.00"
2020-01-22,2020012201015267,GBIME,35,50,"1,500",305.00,"457,500.00"
2020-01-22,2020012201015266,GBIME,14,50,200,305.00,"61,000.00"
2020-01-22,2020012201015265,GBIME,57,50,94,305.00,"28,670.00"
2020-01-22,2020012201015264,GBIME,26,50,"3,000",305.00,"915,000.00"
2020-01-22,2020012201015263,GBIME,49,50,50,305.00,"15,250.00"
2020-01-22,2020012201015274,GBIME,45,50,200,305.00,"61,000.00"
2020-01-22,2020012201015273,GBIME,6,50,200,305.00,"61,000.00"
2020-01-22,2020012201015272,GBIME,14,50,500,305.00,"152,500.00"
2020-01-22,2020012201015271,GBIME,41,50,200,305.00,"61,000.00"
2020-01-22,2020012201015270,GBIME,52,50,100,305.00,"30,500.00"
2020-01-22,2020012201015269,GBIME,35,50,100,305.00,"30,500.00"
2020-01-22,2020012201015307,GBIME,39,5,650,304.00,"197,600.00"
2020-01-22,2020012201015306,GBIME,49,5,150,304.00,"45,600.00"
2020-01-22,2020012201015305,GBIME,52,5,200,304.00,"60,800.00"
2020-01-22,2020012201015296,GBIME,19,50,500,305.00,"152,500.00"
2020-01-22,2020012201015282,GBIME,54,50,30,305.00,"9,150.00"
2020-01-22,2020012201015278,GBIME,14,50,"2,000",305.00,"610,000.00"
2020-01-22,2020012201015333,GBIME,50,38,10,304.00,"3,040.00"
2020-01-22,2020012201015332,GBIME,7,38,53,304.00,"16,112.00"
2020-01-22,2020012201015331,GBIME,47,38,100,304.00,"30,400.00"
2020-01-22,2020012201015330,GBIME,42,38,20,304.00,"6,080.00"
2020-01-22,2020012201015329,GBIME,48,38,50,304.00,"15,200.00"
2020-01-22,2020012201015328,GBIME,39,38,350,304.00,"106,400.00"
2020-01-22,2020012201015369,GBIME,34,50,500,305.00,"152,500.00"
2020-01-22,2020012201015352,GBIME,8,17,225,304.00,"68,400.00"
2020-01-22,2020012201015343,GBIME,49,50,500,305.00,"152,500.00"
2020-01-22,2020012201015336,GBIME,8,38,118,304.00,"35,872.00"
2020-01-22,2020012201015335,GBIME,52,38,100,304.00,"30,400.00"
2020-01-22,2020012201015334,GBIME,42,38,100,304.00,"30,400.00"
2020-01-22,2020012201015426,GBIME,35,50,20,305.00,"6,100.00"
2020-01-22,2020012201015413,GBIME,49,50,500,305.00,"152,500.00"
2020-01-22,2020012201015408,GBIME,59,50,500,305.00,"152,500.00"
2020-01-22,2020012201015400,GBIME,52,50,"1,000",305.00,"305,000.00"
2020-01-22,2020012201015389,GBIME,35,50,20,305.00,"6,100.00"
2020-01-22,2020012201015371,GBIME,13,50,"1,000",305.00,"305,000.00"
2020-01-22,2020012201015458,GBLBS,13,14,15,414.00,"6,210.00"
2020-01-22,2020012201015442,GBLBS,52,45,50,413.00,"20,650.00"
2020-01-22,2020012201015441,GBLBS,52,14,79,411.00,"32,469.00"
2020-01-22,2020012201015393,GBLBS,57,25,80,410.00,"32,800.00"
2020-01-22,2020012201015358,GBLBS,44,14,685,411.00,"281,535.00"
2020-01-22,2020012201015349,GBLBS,44,34,300,411.00,"123,300.00"
2020-01-22,2020012201015341,GBLBS,44,58,15,411.00,"6,165.00"
2020-01-22,2020012201015279,GBLBS,44,7,500,411.00,"205,500.00"
2020-01-22,2020012201015219,GBLBS,44,36,500,411.00,"205,500.00"
2020-01-22,2020012201015381,GFCL,50,39,10,152.00,"1,520.00"
2020-01-22,2020012201015283,GGBSL,34,32,10,856.00,"8,560.00"
2020-01-22,2020012201015383,GLBSL,38,58,20,637.00,"12,740.00"
2020-01-22,2020012201015382,GLBSL,34,58,50,638.00,"31,900.00"
2020-01-22,2020012201015459,GLICL,39,26,100,695.00,"69,500.00"
2020-01-22,2020012201015398,GLICL,38,34,10,703.00,"7,030.00"
2020-01-22,2020012201015280,GLICL,25,43,10,704.00,"7,040.00"
2020-01-22,2020012201015421,GMFBS,19,45,10,780.00,"7,800.00"
2020-01-22,2020012201015399,GMFBS,28,14,10,769.00,"7,690.00"
2020-01-22,2020012201015275,GMFBS,28,51,80,769.00,"61,520.00"
2020-01-22,2020012201015168,GMFBS,28,49,83,769.00,"63,827.00"
2020-01-22,2020012201015276,GUFL,39,45,50,135.00,"6,750.00"
2020-01-22,2020012201015116,HBL,44,16,74,578.00,"42,772.00"
2020-01-22,2020012201015088,HBL,33,35,39,580.00,"22,620.00"
2020-01-22,2020012201015284,HDL,10,51,100,"1,259.00","125,900.00"
2020-01-22,2020012201015094,HDL,10,45,200,"1,259.00","251,800.00"
2020-01-22,2020012201015226,HGI,58,35,205,364.00,"74,620.00"
2020-01-22,2020012201015160,HGI,58,44,200,364.00,"72,800.00"
2020-01-22,2020012201015374,HIDCL,11,52,121,140.00,"16,940.00"
2020-01-22,2020012201015373,HIDCL,11,25,200,139.00,"27,800.00"
2020-01-22,2020012201015351,HPPL,10,42,20,155.00,"3,100.00"
2020-01-22,2020012201015482,IGI,58,58,378,403.00,"152,334.00"
2020-01-22,2020012201015456,IGI,58,4,358,403.00,"144,274.00"
2020-01-22,2020012201015427,ILBS,10,11,10,800.00,"8,000.00"
2020-01-22,2020012201015217,ILBS,25,19,200,791.00,"158,200.00"
2020-01-22,2020012201015216,ILBS,21,19,30,791.00,"23,730.00"
2020-01-22,2020012201015172,ILBS,1,19,100,792.00,"79,200.00"
2020-01-22,2020012201015171,ILBS,25,19,30,792.00,"23,760.00"
2020-01-22,2020012201015170,ILBS,10,19,10,798.00,"7,980.00"
2020-01-22,2020012201015081,JBBL,14,34,"2,355",175.00,"412,125.00"
2020-01-22,2020012201015301,KADBL,44,36,10,246.00,"2,460.00"
2020-01-22,2020012201015409,KBL,58,28,10,198.00,"1,980.00"
2020-01-22,2020012201015364,KBL,38,4,30,196.00,"5,880.00"
2020-01-22,2020012201015325,KBL,38,5,46,196.00,"9,016.00"
2020-01-22,2020012201015324,KBL,38,5,500,196.00,"98,000.00"
2020-01-22,2020012201015323,KBL,8,5,500,196.00,"98,000.00"
2020-01-22,2020012201015322,KBL,38,5,954,197.00,"187,938.00"
2020-01-22,2020012201015230,KBL,16,5,"1,000",197.00,"197,000.00"
2020-01-22,2020012201015229,KBL,52,5,500,197.00,"98,500.00"
2020-01-22,2020012201015228,KBL,19,5,474,197.00,"93,378.00"
2020-01-22,2020012201015156,KBL,14,55,500,198.00,"99,000.00"
2020-01-22,2020012201015080,KBL,19,22,208,197.00,"40,976.00"
2020-01-22,2020012201015293,KBL,38,59,46,197.00,"9,062.00"
2020-01-22,2020012201015292,KBL,25,59,60,197.00,"11,820.00"
2020-01-22,2020012201015291,KBL,13,59,100,197.00,"19,700.00"
2020-01-22,2020012201015290,KBL,11,59,94,197.00,"18,518.00"
2020-01-22,2020012201015231,KBL,11,5,26,197.00,"5,122.00"
2020-01-22,2020012201015473,LBL,58,59,135,213.00,"28,755.00"
2020-01-22,2020012201015472,LBL,34,59,365,213.00,"77,745.00"
2020-01-22,2020012201015461,LGIL,34,11,53,438.00,"23,214.00"
2020-01-22,2020012201015087,LGIL,37,29,500,439.00,"219,500.00"
2020-01-22,2020012201015086,LGIL,25,29,50,440.00,"22,000.00"
2020-01-22,2020012201015386,LICN,5,52,25,"1,230.00","30,750.00"
2020-01-22,2020012201015350,LLBS,34,18,50,"1,002.00","50,100.00"
2020-01-22,2020012201015304,LLBS,34,28,150,987.00,"148,050.00"
2020-01-22,2020012201015303,LLBS,34,28,100,988.00,"98,800.00"
2020-01-22,2020012201015225,LLBS,34,18,21,"1,002.00","21,042.00"
2020-01-22,2020012201015467,MBL,10,49,10,236.00,"2,360.00"
2020-01-22,2020012201015466,MBL,25,49,190,236.00,"44,840.00"
2020-01-22,2020012201015297,MEGA,43,45,10,203.00,"2,030.00"
2020-01-22,2020012201015429,MERO,1,22,488,642.00,"313,296.00"
2020-01-22,2020012201015428,MERO,58,22,12,652.00,"7,824.00"
2020-01-22,2020012201015287,MERO,58,43,66,653.00,"43,098.00"
2020-01-22,2020012201015215,MERO,58,40,638,652.00,"415,976.00"
2020-01-22,2020012201015214,MERO,58,48,150,651.00,"97,650.00"
2020-01-22,2020012201015127,MERO,58,43,500,651.00,"325,500.00"
2020-01-22,2020012201015126,MERO,58,17,37,651.00,"24,087.00"
2020-01-22,2020012201015070,MERO,59,43,500,643.00,"321,500.00"
2020-01-22,2020012201015069,MERO,59,43,200,643.00,"128,600.00"
2020-01-22,2020012201015302,MLBBL,37,10,44,625.00,"27,500.00"
2020-01-22,2020012201015108,MNBBL,26,42,200,319.00,"63,800.00"
2020-01-22,2020012201015107,MNBBL,25,42,"5,000",319.00,"1,595,000.00"
2020-01-22,2020012201015106,MNBBL,28,42,300,319.00,"95,700.00"
2020-01-22,2020012201015105,MNBBL,38,42,575,319.00,"183,425.00"
2020-01-22,2020012201015104,MNBBL,42,42,100,320.00,"32,000.00"
2020-01-22,2020012201015103,MNBBL,44,42,200,320.00,"64,000.00"
2020-01-22,2020012201015096,MNBBL,53,42,50,322.00,"16,100.00"
2020-01-22,2020012201015095,MNBBL,42,42,150,322.00,"48,300.00"
2020-01-22,2020012201015102,MNBBL,48,42,"2,000",320.00,"640,000.00"
2020-01-22,2020012201015101,MNBBL,43,42,250,320.00,"80,000.00"
2020-01-22,2020012201015100,MNBBL,6,42,151,320.00,"48,320.00"
2020-01-22,2020012201015099,MNBBL,35,42,100,321.00,"32,100.00"
2020-01-22,2020012201015098,MNBBL,26,42,100,321.00,"32,100.00"
2020-01-22,2020012201015097,MNBBL,52,42,600,321.00,"192,600.00"
2020-01-22,2020012201015420,MSLB,7,19,300,895.00,"268,500.00"
2020-01-22,2020012201015451,NABIL,16,6,70,745.00,"52,150.00"
2020-01-22,2020012201015450,NABIL,19,6,420,745.00,"312,900.00"
2020-01-22,2020012201015205,NABIL,19,43,580,745.00,"432,100.00"
2020-01-22,2020012201015204,NABIL,55,43,20,745.00,"14,900.00"
2020-01-22,2020012201015203,NABIL,39,43,50,745.00,"37,250.00"
2020-01-22,2020012201015202,NABIL,38,43,100,745.00,"74,500.00"
2020-01-22,2020012201015201,NABIL,55,43,50,746.00,"37,300.00"
2020-01-22,2020012201015134,NADEP,5,44,245,617.00,"151,165.00"
2020-01-22,2020012201015133,NADEP,1,44,87,617.00,"53,679.00"
2020-01-22,2020012201015132,NADEP,1,44,100,618.00,"61,800.00"
2020-01-22,2020012201015131,NADEP,11,44,50,618.00,"30,900.00"
2020-01-22,2020012201015130,NADEP,48,44,18,618.00,"11,124.00"
2020-01-22,2020012201015416,NBB,51,4,160,203.00,"32,480.00"
2020-01-22,2020012201015347,NBB,51,6,337,203.00,"68,411.00"
2020-01-22,2020012201015346,NBB,50,6,13,203.00,"2,639.00"
2020-01-22,2020012201015439,NBL,43,57,10,288.00,"2,880.00"
2020-01-22,2020012201015432,NBL,49,57,100,288.00,"28,800.00"
2020-01-22,2020012201015140,NBL,58,10,350,287.00,"100,450.00"
2020-01-22,2020012201015139,NBL,14,10,100,287.00,"28,700.00"
2020-01-22,2020012201015138,NBL,14,10,100,287.00,"28,700.00"
2020-01-22,2020012201015137,NBL,40,10,500,287.00,"143,500.00"
2020-01-22,2020012201015136,NBL,37,10,250,287.00,"71,750.00"
2020-01-22,2020012201015449,NCCB,14,6,213,201.00,"42,813.00"
2020-01-22,2020012201015448,NCCB,3,6,100,201.00,"20,100.00"
2020-01-22,2020012201015447,NCCB,49,6,100,201.00,"20,100.00"
2020-01-22,2020012201015446,NCCB,42,6,50,201.00,"10,050.00"
2020-01-22,2020012201015418,NCCB,33,16,10,203.00,"2,030.00"
2020-01-22,2020012201015417,NCCB,33,59,300,202.00,"60,600.00"
2020-01-22,2020012201015295,NIB,28,57,151,401.00,"60,551.00"
2020-01-22,2020012201015159,NIB,28,14,340,401.00,"136,340.00"
2020-01-22,2020012201015158,NIB,49,14,100,401.00,"40,100.00"
2020-01-22,2020012201015365,NICA,55,39,200,478.00,"95,600.00"
2020-01-22,2020012201015197,NICA,45,39,300,478.00,"143,400.00"
2020-01-22,2020012201015486,NICL,38,26,10,384.00,"3,840.00"
2020-01-22,2020012201015471,NICL,42,58,20,380.00,"7,600.00"
2020-01-22,2020012201015378,NICL,38,26,10,384.00,"3,840.00"
2020-01-22,2020012201015377,NICL,43,26,10,384.00,"3,840.00"
2020-01-22,2020012201015363,NICL,42,46,31,380.00,"11,780.00"
2020-01-22,2020012201015362,NICL,46,46,100,381.00,"38,100.00"
2020-01-22,2020012201015361,NICL,40,46,200,381.00,"76,200.00"
2020-01-22,2020012201015360,NICL,52,46,169,381.00,"64,389.00"
2020-01-22,2020012201015485,NIL,29,6,400,455.00,"182,000.00"
2020-01-22,2020012201015122,NIL,28,51,200,457.00,"91,400.00"
2020-01-22,2020012201015348,NLIC,45,26,150,"1,070.00","160,500.00"
2020-01-22,2020012201015327,NLIC,45,25,500,"1,070.00","535,000.00"
2020-01-22,2020012201015113,NLIC,45,43,706,"1,070.00","755,420.00"
2020-01-22,2020012201015112,NLIC,58,43,285,"1,071.00","305,235.00"
2020-01-22,2020012201015111,NLIC,35,43,200,"1,072.00","214,400.00"
2020-01-22,2020012201015397,NLICL,56,28,10,637.00,"6,370.00"
2020-01-22,2020012201015338,NMB,19,57,50,362.00,"18,100.00"
2020-01-22,2020012201015318,NMB,19,14,842,362.00,"304,804.00"
2020-01-22,2020012201015317,NMB,57,14,500,362.00,"181,000.00"
2020-01-22,2020012201015316,NMB,58,14,200,362.00,"72,400.00"
2020-01-22,2020012201015315,NMB,19,14,20,362.00,"7,240.00"
2020-01-22,2020012201015314,NMB,19,14,100,362.00,"36,200.00"
2020-01-22,2020012201015313,NMB,45,14,100,362.00,"36,200.00"
2020-01-22,2020012201015312,NMB,42,14,238,362.00,"86,156.00"
2020-01-22,2020012201015162,NMB,42,6,212,362.00,"76,744.00"
2020-01-22,2020012201015161,NMB,45,6,100,363.00,"36,300.00"
2020-01-22,2020012201015479,NTC,7,38,10,621.00,"6,210.00"
2020-01-22,2020012201015478,NTC,56,38,50,621.00,"31,050.00"
2020-01-22,2020012201015477,NTC,35,38,100,622.00,"62,200.00"
2020-01-22,2020012201015476,NTC,19,38,20,623.00,"12,460.00"
2020-01-22,2020012201015475,NTC,47,38,10,623.00,"6,230.00"
2020-01-22,2020012201015392,NTC,22,28,20,625.00,"12,500.00"
2020-01-22,2020012201015391,NTC,44,28,20,625.00,"12,500.00"
2020-01-22,2020012201015390,NTC,42,28,420,625.00,"262,500.00"
2020-01-22,2020012201015356,OHL,44,45,159,517.00,"82,203.00"
2020-01-22,2020012201015321,OHL,46,43,14,522.00,"7,308.00"
2020-01-22,2020012201015433,PCBL,5,49,10,271.00,"2,710.00"
2020-01-22,2020012201015342,PCBL,33,33,1,270.00,270.00
2020-01-22,2020012201015320,PIC,17,57,50,535.00,"26,750.00"
2020-01-22,2020012201015078,PIC,58,38,34,531.00,"18,054.00"
2020-01-22,2020012201015077,PIC,28,38,100,532.00,"53,200.00"
2020-01-22,2020012201015076,PIC,41,38,100,532.00,"53,200.00"
2020-01-22,2020012201015075,PIC,56,38,200,533.00,"106,600.00"
2020-01-22,2020012201015074,PIC,41,38,400,533.00,"213,200.00"
2020-01-22,2020012201015073,PIC,26,38,50,535.00,"26,750.00"
2020-01-22,2020012201015072,PIC,41,38,116,535.00,"62,060.00"
2020-01-22,2020012201015388,PLIC,58,50,20,541.00,"10,820.00"
2020-01-22,2020012201015387,PLIC,58,6,100,540.00,"54,000.00"
2020-01-22,2020012201015339,PLIC,25,53,127,536.00,"68,072.00"
2020-01-22,2020012201015277,PLIC,46,49,100,535.00,"53,500.00"
2020-01-22,2020012201015199,PLIC,10,53,150,536.00,"80,400.00"
2020-01-22,2020012201015198,PLIC,58,53,100,536.00,"53,600.00"
2020-01-22,2020012201015146,PLIC,56,6,100,538.00,"53,800.00"
2020-01-22,2020012201015145,PLIC,41,6,50,538.00,"26,900.00"
2020-01-22,2020012201015144,PLIC,34,6,200,538.00,"107,600.00"
2020-01-22,2020012201015143,PLIC,20,6,50,538.00,"26,900.00"
2020-01-22,2020012201015091,PLIC,41,21,50,539.00,"26,950.00"
2020-01-22,2020012201015480,PRIN,34,6,20,426.00,"8,520.00"
2020-01-22,2020012201015452,PRIN,34,34,100,424.00,"42,400.00"
2020-01-22,2020012201015326,PRIN,34,58,98,426.00,"41,748.00"
2020-01-22,2020012201015189,PRIN,34,43,100,427.00,"42,700.00"
2020-01-22,2020012201015188,PRIN,34,42,100,425.00,"42,500.00"
2020-01-22,2020012201015187,PRIN,34,17,200,425.00,"85,000.00"
2020-01-22,2020012201015149,PRIN,34,17,100,425.00,"42,500.00"
2020-01-22,2020012201015148,PRIN,34,36,200,424.00,"84,800.00"
2020-01-22,2020012201015147,PRIN,34,58,100,423.00,"42,300.00"
2020-01-22,2020012201015135,PRIN,38,51,400,421.00,"168,400.00"
2020-01-22,2020012201015067,PRIN,55,58,400,423.00,"169,200.00"
2020-01-22,2020012201015385,PRVU,28,13,10,254.00,"2,540.00"
2020-01-22,2020012201015384,PRVU,28,43,228,252.00,"57,456.00"
2020-01-22,2020012201015355,PRVU,42,43,200,252.00,"50,400.00"
2020-01-22,2020012201015289,PRVU,22,6,462,251.00,"115,962.00"
2020-01-22,2020012201015194,PRVU,22,57,212,251.00,"53,212.00"
2020-01-22,2020012201015193,PRVU,43,57,25,251.00,"6,275.00"
2020-01-22,2020012201015192,PRVU,47,57,80,251.00,"20,080.00"
2020-01-22,2020012201015191,PRVU,46,57,221,251.00,"55,471.00"
2020-01-22,2020012201015298,RHPL,45,42,300,171.00,"51,300.00"
2020-01-22,2020012201015232,RHPL,52,38,40,170.00,"6,800.00"
2020-01-22,2020012201015200,RHPL,52,26,40,170.00,"6,800.00"
2020-01-22,2020012201015093,RHPL,52,38,50,170.00,"8,500.00"
2020-01-22,2020012201015380,RSDC,45,17,200,415.00,"83,000.00"
2020-01-22,2020012201015412,SABSL,22,42,20,800.00,"16,000.00"
2020-01-22,2020012201015142,SANIMA,21,54,200,352.00,"70,400.00"
2020-01-22,2020012201015195,SBI,36,6,74,420.00,"31,080.00"
2020-01-22,2020012201015453,SBL,41,1,25,325.00,"8,125.00"
2020-01-22,2020012201015345,SDESI,34,39,30,802.00,"24,060.00"
2020-01-22,2020012201015344,SDESI,34,1,20,802.00,"16,040.00"
2020-01-22,2020012201015186,SDESI,34,11,10,787.00,"7,870.00"
2020-01-22,2020012201015185,SDESI,34,34,67,787.00,"52,729.00"
2020-01-22,2020012201015184,SDESI,34,1,100,785.00,"78,500.00"
2020-01-22,2020012201015183,SDESI,34,38,23,785.00,"18,055.00"
2020-01-22,2020012201015176,SDESI,34,53,100,778.00,"77,800.00"
2020-01-22,2020012201015175,SDESI,34,25,27,778.00,"21,006.00"
2020-01-22,2020012201015174,SDESI,34,25,27,778.00,"21,006.00"
2020-01-22,2020012201015182,SDESI,34,39,100,784.00,"78,400.00"
2020-01-22,2020012201015181,SDESI,34,38,350,783.00,"274,050.00"
2020-01-22,2020012201015180,SDESI,34,43,23,780.00,"17,940.00"
2020-01-22,2020012201015179,SDESI,34,53,100,780.00,"78,000.00"
2020-01-22,2020012201015178,SDESI,34,59,90,780.00,"70,200.00"
2020-01-22,2020012201015177,SDESI,34,29,100,779.00,"77,900.00"
2020-01-22,2020012201015370,SHINE,26,57,200,260.00,"52,000.00"
2020-01-22,2020012201015288,SHINE,26,57,300,260.00,"78,000.00"
2020-01-22,2020012201015092,SHINE,26,57,165,260.00,"42,900.00"
2020-01-22,2020012201015499,SHIVM,49,36,981,516.00,"506,196.00"
2020-01-22,2020012201015498,SHIVM,38,36,200,517.00,"103,400.00"
2020-01-22,2020012201015497,SHIVM,48,36,75,517.00,"38,775.00"
2020-01-22,2020012201015496,SHIVM,21,36,50,517.00,"25,850.00"
2020-01-22,2020012201015495,SHIVM,46,36,150,517.00,"77,550.00"
2020-01-22,2020012201015494,SHIVM,16,36,50,517.00,"25,850.00"
2020-01-22,2020012201015457,SHIVM,7,4,50,519.00,"25,950.00"
2020-01-22,2020012201015407,SHIVM,25,34,10,520.00,"5,200.00"
2020-01-22,2020012201015406,SHIVM,47,58,50,519.00,"25,950.00"
2020-01-22,2020012201015493,SHIVM,51,36,584,517.00,"301,928.00"
2020-01-22,2020012201015492,SHIVM,58,36,250,518.00,"129,500.00"
2020-01-22,2020012201015491,SHIVM,56,36,250,518.00,"129,500.00"
2020-01-22,2020012201015490,SHIVM,38,36,10,521.00,"5,210.00"
2020-01-22,2020012201015489,SHIVM,38,34,40,520.00,"20,800.00"
2020-01-22,2020012201015488,SHIVM,56,14,200,518.00,"103,600.00"
2020-01-22,2020012201015310,SHL,11,46,100,206.00,"20,600.00"
2020-01-22,2020012201015218,SHL,45,46,100,206.00,"20,600.00"
2020-01-22,2020012201015154,SHL,56,46,200,205.00,"41,000.00"
2020-01-22,2020012201015153,SHL,51,46,500,205.00,"102,500.00"
2020-01-22,2020012201015152,SHL,34,46,300,205.00,"61,500.00"
2020-01-22,2020012201015286,SHPC,6,50,241,203.00,"48,923.00"
2020-01-22,2020012201015285,SHPC,59,50,34,203.00,"6,902.00"
2020-01-22,2020012201015353,SIC,25,11,64,667.00,"42,688.00"
2020-01-22,2020012201015434,SICL,45,58,190,984.00,"186,960.00"
2020-01-22,2020012201015115,SIFC,50,13,83,158.00,"13,114.00"
2020-01-22,2020012201015071,SIFC,50,13,250,158.00,"39,500.00"
2020-01-22,2020012201015401,SIL,21,11,18,522.00,"9,396.00"
2020-01-22,2020012201015227,SJCL,45,26,20,160.00,"3,200.00"
2020-01-22,2020012201015166,SJCL,45,38,20,160.00,"3,200.00"
2020-01-22,2020012201015114,SLBBL,26,39,100,725.00,"72,500.00"
2020-01-22,2020012201015506,SLICL,16,17,311,422.00,"131,242.00"
2020-01-22,2020012201015505,SLICL,57,17,500,423.00,"211,500.00"
2020-01-22,2020012201015504,SLICL,46,17,189,425.00,"80,325.00"
2020-01-22,2020012201015503,SLICL,46,4,11,425.00,"4,675.00"
2020-01-22,2020012201015502,SLICL,16,4,708,426.00,"301,608.00"
2020-01-22,2020012201015501,SLICL,16,4,400,426.00,"170,400.00"
2020-01-22,2020012201015128,SLICL,58,44,774,432.00,"334,368.00"
2020-01-22,2020012201015402,SLICL,40,34,100,428.00,"42,800.00"
2020-01-22,2020012201015376,SLICL,40,17,94,428.00,"40,232.00"
2020-01-22,2020012201015299,SLICL,40,48,200,430.00,"86,000.00"
2020-01-22,2020012201015222,SLICL,40,26,11,428.00,"4,708.00"
2020-01-22,2020012201015221,SLICL,42,26,139,428.00,"59,492.00"
2020-01-22,2020012201015220,SLICL,42,26,350,430.00,"150,500.00"
2020-01-22,2020012201015437,SLICL,35,22,500,430.00,"215,000.00"
2020-01-22,2020012201015436,SLICL,35,26,440,430.00,"189,200.00"
2020-01-22,2020012201015431,SLICL,39,17,419,427.00,"178,913.00"
2020-01-22,2020012201015430,SLICL,40,17,95,428.00,"40,660.00"
2020-01-22,2020012201015415,SLICL,49,26,50,430.00,"21,500.00"
2020-01-22,2020012201015414,SLICL,50,26,10,430.00,"4,300.00"
2020-01-22,2020012201015500,SLICL,39,4,81,427.00,"34,587.00"
2020-01-22,2020012201015481,SLICL,49,6,10,430.00,"4,300.00"
2020-01-22,2020012201015470,SLICL,45,6,10,430.00,"4,300.00"
2020-01-22,2020012201015465,SLICL,39,26,500,427.00,"213,500.00"
2020-01-22,2020012201015454,SLICL,35,6,10,430.00,"4,300.00"
2020-01-22,2020012201015438,SLICL,35,38,50,430.00,"21,500.00"
2020-01-22,2020012201015169,SMFDB,45,18,14,672.00,"9,408.00"
2020-01-22,2020012201015167,SMFDB,45,16,24,672.00,"16,128.00"
2020-01-22,2020012201015440,SRBL,19,21,100,242.00,"24,200.00"
2020-01-22,2020012201015068,STC,55,28,200,"2,429.00","485,800.00"
2020-01-22,2020012201015359,TRH,26,19,10,313.00,"3,130.00"
2020-01-22,2020012201015372,UIC,35,59,100,384.00,"38,400.00"
2020-01-22,2020012201015405,UPCL,45,35,10,75.00,750.00
2020-01-22,2020012201015340,UPPER,19,57,142,249.00,"35,358.00"
2020-01-22,2020012201015151,WOMI,40,53,475,950.00,"451,250.00"
2020-01-22,2020012201015150,WOMI,40,40,25,949.00,"23,725.00"
2020-01-22,2020012201014695,ADBL,14,17,100,386.00,"38,600.00"
2020-01-22,2020012201014628,ADBL,19,17,100,386.00,"38,600.00"
2020-01-22,2020012201014828,AKPL,52,19,10,128.00,"1,280.00"
2020-01-22,2020012201014753,ALBSL,34,58,300,660.00,"198,000.00"
2020-01-22,2020012201014899,ALICL,21,17,70,529.00,"37,030.00"
2020-01-22,2020012201014878,ALICL,21,17,30,529.00,"15,870.00"
2020-01-22,2020012201014877,ALICL,21,34,470,529.00,"248,630.00"
2020-01-22,2020012201014867,ALICL,49,34,300,529.00,"158,700.00"
2020-01-22,2020012201014815,ALICL,53,34,180,529.00,"95,220.00"
2020-01-22,2020012201014814,ALICL,53,55,120,528.00,"63,360.00"
2020-01-22,2020012201014627,ALICL,21,57,100,525.00,"52,500.00"
2020-01-22,2020012201014626,ALICL,21,44,650,525.00,"341,250.00"
2020-01-22,2020012201014581,ALICL,21,11,320,524.00,"167,680.00"
2020-01-22,2020012201014580,ALICL,21,26,50,524.00,"26,200.00"
2020-01-22,2020012201014813,ALICL,53,25,200,527.00,"105,400.00"
2020-01-22,2020012201014792,ALICL,40,41,600,527.00,"316,200.00"
2020-01-22,2020012201014791,ALICL,40,19,188,527.00,"99,076.00"
2020-01-22,2020012201014716,ALICL,21,49,285,526.00,"149,910.00"
2020-01-22,2020012201014676,ALICL,21,17,100,525.00,"52,500.00"
2020-01-22,2020012201014664,ALICL,21,36,433,521.00,"225,593.00"
2020-01-22,2020012201014927,API,25,52,63,122.00,"7,686.00"
2020-01-22,2020012201014926,API,25,52,500,122.00,"61,000.00"
2020-01-22,2020012201014925,API,1,52,200,122.00,"24,400.00"
2020-01-22,2020012201014924,API,1,52,200,122.00,"24,400.00"
2020-01-22,2020012201014923,API,55,52,37,122.00,"4,514.00"
2020-01-22,2020012201014806,API,49,6,100,124.00,"12,400.00"
2020-01-22,2020012201014760,API,25,6,20,124.00,"2,480.00"
2020-01-22,2020012201014739,API,55,25,902,122.00,"110,044.00"
2020-01-22,2020012201014738,API,43,25,100,123.00,"12,300.00"
2020-01-22,2020012201014981,BOKL,14,5,79,231.00,"18,249.00"
2020-01-22,2020012201014980,BOKL,17,5,50,231.00,"11,550.00"
2020-01-22,2020012201014979,BOKL,59,5,250,231.00,"57,750.00"
2020-01-22,2020012201014978,BOKL,13,5,250,231.00,"57,750.00"
2020-01-22,2020012201014977,BOKL,59,5,50,231.00,"11,550.00"
2020-01-22,2020012201014976,BOKL,41,5,130,231.00,"30,030.00"
2020-01-22,2020012201014804,BOKL,11,52,360,233.00,"83,880.00"
2020-01-22,2020012201014803,BOKL,39,52,100,233.00,"23,300.00"
2020-01-22,2020012201014802,BOKL,39,52,100,233.00,"23,300.00"
2020-01-22,2020012201014975,BOKL,26,5,300,232.00,"69,600.00"
2020-01-22,2020012201014974,BOKL,43,5,200,232.00,"46,400.00"
2020-01-22,2020012201014973,BOKL,17,5,60,232.00,"13,920.00"
2020-01-22,2020012201014972,BOKL,34,5,450,232.00,"104,400.00"
2020-01-22,2020012201014971,BOKL,37,5,41,232.00,"9,512.00"
2020-01-22,2020012201014970,BOKL,11,5,140,233.00,"32,620.00"
2020-01-22,2020012201014669,BPCL,40,50,100,325.00,"32,500.00"
2020-01-22,2020012201014957,CBBL,26,39,40,891.00,"35,640.00"
2020-01-22,2020012201014897,CBL,33,51,"1,700",150.00,"255,000.00"
2020-01-22,2020012201014896,CBL,33,29,300,150.00,"45,000.00"
2020-01-22,2020012201014895,CBL,33,28,"1,000",150.00,"150,000.00"
2020-01-22,2020012201014853,CBL,29,22,168,149.00,"25,032.00"
2020-01-22,2020012201014852,CBL,33,22,332,149.00,"49,468.00"
2020-01-22,2020012201014541,CBL,33,1,100,149.00,"14,900.00"
2020-01-22,2020012201014665,CCBL,6,42,500,183.00,"91,500.00"
2020-01-22,2020012201014690,CIT,3,45,50,"2,224.00","111,200.00"
2020-01-22,2020012201014590,CIT,57,59,100,"2,220.00","222,000.00"
2020-01-22,2020012201014960,CLBSL,13,42,22,875.00,"19,250.00"
2020-01-22,2020012201014959,CLBSL,13,42,10,870.00,"8,700.00"
2020-01-22,2020012201014937,CLBSL,13,39,11,863.00,"9,493.00"
2020-01-22,2020012201014936,CLBSL,13,51,11,860.00,"9,460.00"
2020-01-22,2020012201014935,CLBSL,13,21,22,855.00,"18,810.00"
2020-01-22,2020012201014652,CLBSL,16,48,20,849.00,"16,980.00"
2020-01-22,2020012201014995,DDBL,38,1,250,"1,037.00","259,250.00"
2020-01-22,2020012201014994,DDBL,38,43,115,"1,037.00","119,255.00"
2020-01-22,2020012201014744,DDBL,38,11,100,"1,035.00","103,500.00"
2020-01-22,2020012201014674,DDBL,17,43,50,"1,037.00","51,850.00"
2020-01-22,2020012201014766,EIC,20,35,120,350.00,"42,000.00"
2020-01-22,2020012201014765,EIC,36,35,100,350.00,"35,000.00"
2020-01-22,2020012201014764,EIC,42,35,60,350.00,"21,000.00"
2020-01-22,2020012201014752,EIC,35,52,50,352.00,"17,600.00"
2020-01-22,2020012201014751,EIC,35,45,150,352.00,"52,800.00"
2020-01-22,2020012201014948,FMDBL,48,40,300,408.00,"122,400.00"
2020-01-22,2020012201014947,FMDBL,53,40,500,408.00,"204,000.00"
2020-01-22,2020012201014781,FMDBL,47,26,125,409.00,"51,125.00"
2020-01-22,2020012201014780,FMDBL,41,26,200,410.00,"82,000.00"
2020-01-22,2020012201014688,FMDBL,52,22,150,413.00,"61,950.00"
2020-01-22,2020012201014687,FMDBL,52,35,50,413.00,"20,650.00"
2020-01-22,2020012201014811,GBBL,45,34,"1,000",230.00,"230,000.00"
2020-01-22,2020012201014660,GBBL,52,14,32,232.00,"7,424.00"
2020-01-22,2020012201015008,GBIME,56,50,500,305.00,"152,500.00"
2020-01-22,2020012201015007,GBIME,57,50,"1,000",305.00,"305,000.00"
2020-01-22,2020012201015006,GBIME,46,50,300,305.00,"91,500.00"
2020-01-22,2020012201015005,GBIME,55,50,300,305.00,"91,500.00"
2020-01-22,2020012201015004,GBIME,40,50,"1,000",305.00,"305,000.00"
2020-01-22,2020012201015003,GBIME,8,50,500,305.00,"152,500.00"
2020-01-22,2020012201014526,GBIME,6,44,117,306.00,"35,802.00"
2020-01-22,2020012201014525,GBIME,42,44,20,306.00,"6,120.00"
2020-01-22,2020012201014524,GBIME,33,44,430,306.00,"131,580.00"
2020-01-22,2020012201014523,GBIME,33,21,200,306.00,"61,200.00"
2020-01-22,2020012201014604,GBIME,1,39,600,306.00,"183,600.00"
2020-01-22,2020012201014603,GBIME,34,39,"2,000",306.00,"612,000.00"
2020-01-22,2020012201014602,GBIME,10,39,265,306.00,"81,090.00"
2020-01-22,2020012201014598,GBIME,11,55,100,307.00,"30,700.00"
2020-01-22,2020012201014556,GBIME,11,55,25,307.00,"7,675.00"
2020-01-22,2020012201014530,GBIME,10,44,"1,183",306.00,"361,998.00"
2020-01-22,2020012201014610,GBIME,10,39,795,306.00,"243,270.00"
2020-01-22,2020012201014609,GBIME,56,39,100,306.00,"30,600.00"
2020-01-22,2020012201014608,GBIME,55,39,500,306.00,"153,000.00"
2020-01-22,2020012201014607,GBIME,21,39,500,306.00,"153,000.00"
2020-01-22,2020012201014606,GBIME,32,39,200,306.00,"61,200.00"
2020-01-22,2020012201014605,GBIME,45,39,40,306.00,"12,240.00"
2020-01-22,2020012201014618,GBIME,21,34,300,306.00,"91,800.00"
2020-01-22,2020012201014617,GBIME,51,34,250,306.00,"76,500.00"
2020-01-22,2020012201014616,GBIME,32,34,100,306.00,"30,600.00"
2020-01-22,2020012201014615,GBIME,40,34,"1,000",306.00,"306,000.00"
2020-01-22,2020012201014614,GBIME,10,34,"2,205",306.00,"674,730.00"
2020-01-22,2020012201014612,GBIME,29,55,250,307.00,"76,750.00"
2020-01-22,2020012201014704,GBIME,6,34,55,306.00,"16,830.00"
2020-01-22,2020012201014681,GBIME,47,33,115,305.00,"35,075.00"
2020-01-22,2020012201014675,GBIME,47,43,400,305.00,"122,000.00"
2020-01-22,2020012201014621,GBIME,35,34,30,306.00,"9,180.00"
2020-01-22,2020012201014620,GBIME,7,34,55,306.00,"16,830.00"
2020-01-22,2020012201014619,GBIME,52,34,100,306.00,"30,600.00"
2020-01-22,2020012201014901,GBIME,47,45,593,305.00,"180,865.00"
2020-01-22,2020012201014862,GBIME,52,34,75,306.00,"22,950.00"
2020-01-22,2020012201014800,GBIME,6,34,"1,000",306.00,"306,000.00"
2020-01-22,2020012201014783,GBIME,57,34,100,306.00,"30,600.00"
2020-01-22,2020012201014769,GBIME,17,34,500,306.00,"153,000.00"
2020-01-22,2020012201014761,GBIME,47,34,200,306.00,"61,200.00"
2020-01-22,2020012201014996,GBIME,37,50,381,305.00,"116,205.00"
2020-01-22,2020012201014990,GBIME,37,58,292,305.00,"89,060.00"
2020-01-22,2020012201014989,GBIME,37,1,327,305.00,"99,735.00"
2020-01-22,2020012201014988,GBIME,47,1,15,305.00,"4,575.00"
2020-01-22,2020012201014944,GBIME,45,34,100,306.00,"30,600.00"
2020-01-22,2020012201014916,GBIME,26,34,30,306.00,"9,180.00"
2020-01-22,2020012201015002,GBIME,59,50,200,305.00,"61,000.00"
2020-01-22,2020012201015001,GBIME,57,50,520,305.00,"158,600.00"
2020-01-22,2020012201015000,GBIME,39,50,100,305.00,"30,500.00"
2020-01-22,2020012201014999,GBIME,37,50,50,305.00,"15,250.00"
2020-01-22,2020012201014998,GBIME,8,50,"1,000",305.00,"305,000.00"
2020-01-22,2020012201014997,GBIME,32,50,"1,000",305.00,"305,000.00"
2020-01-22,2020012201014958,GBLBS,57,50,100,410.00,"41,000.00"
2020-01-22,2020012201014849,GBLBS,57,36,200,410.00,"82,000.00"
2020-01-22,2020012201014810,GBLBS,57,1,200,410.00,"82,000.00"
2020-01-22,2020012201014538,GFCL,43,41,990,151.00,"149,490.00"
2020-01-22,2020012201014888,GGBSL,34,48,10,856.00,"8,560.00"
2020-01-22,2020012201014677,GGBSL,38,52,110,860.00,"94,600.00"
2020-01-22,2020012201014611,GIMES1,5,53,100,8.50,850.00
2020-01-22,2020012201014574,GLBSL,52,19,110,645.00,"70,950.00"
2020-01-22,2020012201014573,GLBSL,52,6,10,644.00,"6,440.00"
2020-01-22,2020012201014900,GLICL,35,34,100,700.00,"70,000.00"
2020-01-22,2020012201014879,GLICL,49,34,100,701.00,"70,100.00"
2020-01-22,2020012201014855,GLICL,25,34,100,702.00,"70,200.00"
2020-01-22,2020012201014854,GLICL,52,34,100,702.00,"70,200.00"
2020-01-22,2020012201014795,GLICL,21,34,21,703.00,"14,763.00"
2020-01-22,2020012201014683,GLICL,21,1,79,703.00,"55,537.00"
2020-01-22,2020012201014682,GLICL,7,1,21,703.00,"14,763.00"
2020-01-22,2020012201014567,GLICL,7,13,79,703.00,"55,537.00"
2020-01-22,2020012201014566,GLICL,21,13,41,704.00,"28,864.00"
2020-01-22,2020012201014510,GLICL,21,13,59,704.00,"41,536.00"
2020-01-22,2020012201014509,GLICL,38,13,61,706.00,"43,066.00"
2020-01-22,2020012201014729,GMFBS,28,42,10,769.00,"7,690.00"
2020-01-22,2020012201014728,GMFBS,6,42,20,769.00,"15,380.00"
2020-01-22,2020012201014689,GMFBS,6,56,10,769.00,"7,690.00"
2020-01-22,2020012201014984,GRDBL,38,25,50,113.00,"5,650.00"
2020-01-22,2020012201014983,GRDBL,46,25,100,114.00,"11,400.00"
2020-01-22,2020012201014848,HBL,33,35,150,580.00,"87,000.00"
2020-01-22,2020012201014757,HBL,33,7,311,576.00,"179,136.00"
2020-01-22,2020012201014756,HBL,38,7,100,578.00,"57,800.00"
2020-01-22,2020012201014586,HBL,34,16,300,578.00,"173,400.00"
2020-01-22,2020012201014585,HBL,44,16,500,578.00,"289,000.00"
2020-01-22,2020012201014584,HBL,29,16,400,578.00,"231,200.00"
2020-01-22,2020012201014745,HDL,49,33,175,"1,255.00","219,625.00"
2020-01-22,2020012201014662,HDL,49,38,200,"1,255.00","251,000.00"
2020-01-22,2020012201014785,HGI,42,55,100,366.00,"36,600.00"
2020-01-22,2020012201014735,HGI,58,34,500,364.00,"182,000.00"
2020-01-22,2020012201014734,HGI,58,45,95,363.00,"34,485.00"
2020-01-22,2020012201014663,HGI,1,45,50,363.00,"18,150.00"
2020-01-22,2020012201014946,HIDCL,41,25,200,139.00,"27,800.00"
2020-01-22,2020012201014808,HIDCL,10,54,12,138.00,"1,656.00"
2020-01-22,2020012201014807,HIDCL,10,54,265,138.00,"36,570.00"
2020-01-22,2020012201014759,HURJA,17,56,20,112.00,"2,240.00"
2020-01-22,2020012201014529,IGI,5,4,300,404.00,"121,200.00"
2020-01-22,2020012201014902,ILBS,38,11,150,800.00,"120,000.00"
2020-01-22,2020012201014809,JBBL,57,11,250,174.00,"43,500.00"
2020-01-22,2020012201014596,JBBL,57,59,500,174.00,"87,000.00"
2020-01-22,2020012201014527,JOSHI,38,29,130,63.00,"8,190.00"
2020-01-22,2020012201014737,JSLBB,45,16,50,"1,410.00","70,500.00"
2020-01-22,2020012201014755,KBL,58,28,100,198.00,"19,800.00"
2020-01-22,2020012201014805,KSBBL,59,6,300,156.00,"46,800.00"
2020-01-22,2020012201014919,LBBL,32,39,100,194.00,"19,400.00"
2020-01-22,2020012201014861,LBBL,14,39,300,193.00,"57,900.00"
2020-01-22,2020012201014773,LBBL,14,45,40,193.00,"7,720.00"
2020-01-22,2020012201014537,LBL,34,39,325,213.00,"69,225.00"
2020-01-22,2020012201014754,LGIL,42,37,100,445.00,"44,500.00"
2020-01-22,2020012201014914,LLBS,19,28,100,995.00,"99,500.00"
2020-01-22,2020012201014913,LLBS,34,28,50,996.00,"49,800.00"
2020-01-22,2020012201014772,LLBS,34,45,50,"1,000.00","50,000.00"
2020-01-22,2020012201014771,LLBS,34,45,40,"1,000.00","40,000.00"
2020-01-22,2020012201014727,LLBS,19,45,50,"1,005.00","50,250.00"
2020-01-22,2020012201014726,LLBS,19,7,50,"1,005.00","50,250.00"
2020-01-22,2020012201014629,LLBS,34,38,24,"1,003.00","24,072.00"
2020-01-22,2020012201014511,LLBS,34,13,100,"1,004.00","100,400.00"
2020-01-22,2020012201014824,MBL,19,21,150,236.00,"35,400.00"
2020-01-22,2020012201014671,MBL,6,33,300,237.00,"71,100.00"
2020-01-22,2020012201014670,MBL,34,33,27,237.00,"6,399.00"
2020-01-22,2020012201014659,MBL,34,43,173,237.00,"41,001.00"
2020-01-22,2020012201014578,MEGA,56,39,202,202.00,"40,804.00"
2020-01-22,2020012201014963,MERO,16,17,163,651.00,"106,113.00"
2020-01-22,2020012201014962,MERO,16,59,100,650.00,"65,000.00"
2020-01-22,2020012201014961,MERO,16,17,37,650.00,"24,050.00"
2020-01-22,2020012201014885,MERO,3,17,324,650.00,"210,600.00"
2020-01-22,2020012201014884,MERO,3,59,108,649.00,"70,092.00"
2020-01-22,2020012201014883,MERO,3,43,68,648.00,"44,064.00"
2020-01-22,2020012201014733,MFIL,43,26,10,214.00,"2,140.00"
2020-01-22,2020012201014701,MFIL,43,25,199,212.00,"42,188.00"
2020-01-22,2020012201014700,MFIL,43,57,84,212.00,"17,808.00"
2020-01-22,2020012201014699,MFIL,43,40,"1,634",211.00,"344,774.00"
2020-01-22,2020012201014698,MFIL,43,47,200,211.00,"42,200.00"
2020-01-22,2020012201014697,MFIL,43,32,210,210.00,"44,100.00"
2020-01-22,2020012201014696,MFIL,43,59,"1,500",210.00,"315,000.00"
2020-01-22,2020012201014592,MFIL,28,32,483,209.00,"100,947.00"
2020-01-22,2020012201014591,MFIL,28,4,21,208.00,"4,368.00"
2020-01-22,2020012201014950,MPFL,18,35,30,148.00,"4,440.00"
2020-01-22,2020012201014949,MPFL,18,41,100,147.00,"14,700.00"
2020-01-22,2020012201014921,MPFL,18,48,100,146.00,"14,600.00"
2020-01-22,2020012201014894,MPFL,18,28,100,144.00,"14,400.00"
2020-01-22,2020012201014893,MPFL,18,34,10,144.00,"1,440.00"
2020-01-22,2020012201014892,MPFL,18,41,76,144.00,"10,944.00"
2020-01-22,2020012201014891,MPFL,18,34,160,143.00,"22,880.00"
2020-01-22,2020012201014890,MPFL,18,3,216,142.00,"30,672.00"
2020-01-22,2020012201014943,NABIL,45,34,50,747.00,"37,350.00"
2020-01-22,2020012201014942,NABIL,44,34,20,747.00,"14,940.00"
2020-01-22,2020012201014941,NABIL,1,34,77,747.00,"57,519.00"
2020-01-22,2020012201014860,NABIL,1,58,23,747.00,"17,181.00"
2020-01-22,2020012201014859,NABIL,13,58,27,747.00,"20,169.00"
2020-01-22,2020012201014841,NABIL,46,6,28,748.00,"20,944.00"
2020-01-22,2020012201014650,NABIL,45,25,30,749.00,"22,470.00"
2020-01-22,2020012201014539,NADEP,48,17,93,618.00,"57,474.00"
2020-01-22,2020012201014750,NBB,49,52,100,204.00,"20,400.00"
2020-01-22,2020012201014749,NBB,42,52,500,204.00,"102,000.00"
2020-01-22,2020012201014748,NBB,42,52,50,204.00,"10,200.00"
2020-01-22,2020012201014747,NBB,45,52,350,204.00,"71,400.00"
2020-01-22,2020012201014622,NBB,45,39,300,204.00,"61,200.00"
2020-01-22,2020012201014535,NBB,45,22,700,204.00,"142,800.00"
2020-01-22,2020012201014534,NBB,51,22,250,204.00,"51,000.00"
2020-01-22,2020012201014880,NBL,37,28,200,287.00,"57,400.00"
2020-01-22,2020012201014858,NBL,33,57,50,288.00,"14,400.00"
2020-01-22,2020012201014820,NBL,37,35,550,287.00,"157,850.00"
2020-01-22,2020012201014819,NBL,25,35,500,287.00,"143,500.00"
2020-01-22,2020012201014818,NBL,47,35,400,287.00,"114,800.00"
2020-01-22,2020012201014817,NBL,59,35,"1,000",287.00,"287,000.00"
2020-01-22,2020012201014816,NBL,42,35,50,287.00,"14,350.00"
2020-01-22,2020012201014686,NBL,35,17,100,288.00,"28,800.00"
2020-01-22,2020012201014666,NBL,35,17,150,288.00,"43,200.00"
2020-01-22,2020012201014589,NBL,35,16,300,288.00,"86,400.00"
2020-01-22,2020012201014536,NBL,35,38,200,288.00,"57,600.00"
2020-01-22,2020012201014873,NCCB,33,33,8,202.00,"1,616.00"
2020-01-22,2020012201014724,NCCB,14,33,17,201.00,"3,417.00"
2020-01-22,2020012201014742,NIB,28,56,500,401.00,"200,500.00"
2020-01-22,2020012201014741,NIB,38,56,100,401.00,"40,100.00"
2020-01-22,2020012201014993,NICA,57,6,100,477.00,"47,700.00"
2020-01-22,2020012201014845,NICA,57,58,80,477.00,"38,160.00"
2020-01-22,2020012201014844,NICA,45,58,20,478.00,"9,560.00"
2020-01-22,2020012201014661,NICA,55,6,800,478.00,"382,400.00"
2020-01-22,2020012201014649,NICA,42,6,50,478.00,"23,900.00"
2020-01-22,2020012201014632,NICA,14,6,150,478.00,"71,700.00"
2020-01-22,2020012201014557,NICA,57,45,660,478.00,"315,480.00"
2020-01-22,2020012201014563,NICA,47,45,50,478.00,"23,900.00"
2020-01-22,2020012201014562,NICA,17,45,200,478.00,"95,600.00"
2020-01-22,2020012201014561,NICA,49,45,500,478.00,"239,000.00"
2020-01-22,2020012201014560,NICA,14,45,30,478.00,"14,340.00"
2020-01-22,2020012201014559,NICA,37,45,200,478.00,"95,600.00"
2020-01-22,2020012201014558,NICA,7,45,52,478.00,"24,856.00"
2020-01-22,2020012201014869,NICL,52,37,31,381.00,"11,811.00"
2020-01-22,2020012201014868,NICL,45,37,17,381.00,"6,477.00"
2020-01-22,2020012201014835,NICL,35,46,200,383.00,"76,600.00"
2020-01-22,2020012201014834,NICL,22,46,300,383.00,"114,900.00"
2020-01-22,2020012201014743,NICL,22,54,200,383.00,"76,600.00"
2020-01-22,2020012201014568,NICL,46,26,150,384.00,"57,600.00"
2020-01-22,2020012201014881,NIL,14,52,100,458.00,"45,800.00"
2020-01-22,2020012201014740,NIL,21,7,100,459.00,"45,900.00"
2020-01-22,2020012201014597,NIL,14,57,100,458.00,"45,800.00"
2020-01-22,2020012201014906,NLBBL,5,53,250,640.00,"160,000.00"
2020-01-22,2020012201014905,NLBBL,45,53,100,640.00,"64,000.00"
2020-01-22,2020012201014904,NLBBL,44,53,100,640.00,"64,000.00"
2020-01-22,2020012201014903,NLBBL,47,53,50,641.00,"32,050.00"
2020-01-22,2020012201014872,NLBBL,47,43,450,641.00,"288,450.00"
2020-01-22,2020012201014871,NLBBL,17,43,100,641.00,"64,100.00"
2020-01-22,2020012201014774,NLBBL,22,41,200,644.00,"128,800.00"
2020-01-22,2020012201014870,NLBBL,1,43,50,641.00,"32,050.00"
2020-01-22,2020012201014779,NLBBL,19,41,30,642.00,"19,260.00"
2020-01-22,2020012201014778,NLBBL,51,41,200,642.00,"128,400.00"
2020-01-22,2020012201014777,NLBBL,57,41,200,642.00,"128,400.00"
2020-01-22,2020012201014776,NLBBL,59,41,500,643.00,"321,500.00"
2020-01-22,2020012201014775,NLBBL,32,41,50,643.00,"32,150.00"
2020-01-22,2020012201014922,NLG,37,43,100,804.00,"80,400.00"
2020-01-22,2020012201014876,NLG,38,43,10,804.00,"8,040.00"
2020-01-22,2020012201014702,NLG,33,34,60,797.00,"47,820.00"
2020-01-22,2020012201014801,NLIC,58,44,215,"1,073.00","230,695.00"
2020-01-22,2020012201014787,NLIC,14,44,610,"1,073.00","654,530.00"
2020-01-22,2020012201014786,NLIC,14,26,390,"1,072.00","418,080.00"
2020-01-22,2020012201014770,NLIC,45,35,100,"1,070.00","107,000.00"
2020-01-22,2020012201014725,NLIC,45,1,100,"1,070.00","107,000.00"
2020-01-22,2020012201014653,NLIC,45,58,400,"1,070.00","428,000.00"
2020-01-22,2020012201014651,NLIC,58,58,100,"1,072.00","107,200.00"
2020-01-22,2020012201014641,NLIC,57,35,18,"1,072.00","19,296.00"
2020-01-22,2020012201014569,NLIC,26,35,282,"1,072.00","302,304.00"
2020-01-22,2020012201014540,NLIC,26,59,200,"1,072.00","214,400.00"
2020-01-22,2020012201014528,NLIC,26,42,18,"1,072.00","19,296.00"
2020-01-22,2020012201014940,NLICL,44,58,"1,000",632.00,"632,000.00"
2020-01-22,2020012201014939,NLICL,40,58,165,634.00,"104,610.00"
2020-01-22,2020012201014938,NLICL,44,58,"1,000",635.00,"635,000.00"
2020-01-22,2020012201014514,NLICL,40,53,135,634.00,"85,590.00"
2020-01-22,2020012201014513,NLICL,19,53,100,634.00,"63,400.00"
2020-01-22,2020012201014658,NMB,42,39,50,362.00,"18,100.00"
2020-01-22,2020012201014657,NMB,59,39,200,362.00,"72,400.00"
2020-01-22,2020012201014656,NMB,28,39,50,362.00,"18,100.00"
2020-01-22,2020012201014601,NMB,28,7,100,362.00,"36,200.00"
2020-01-22,2020012201014600,NMB,10,7,200,363.00,"72,600.00"
2020-01-22,2020012201014599,NMB,49,7,500,363.00,"181,500.00"
2020-01-22,2020012201014986,NNLB,19,32,10,680.00,"6,800.00"
2020-01-22,2020012201014840,NNLB,44,19,100,673.00,"67,300.00"
2020-01-22,2020012201014839,NNLB,5,19,20,673.00,"13,460.00"
2020-01-22,2020012201014838,NNLB,25,19,20,675.00,"13,500.00"
2020-01-22,2020012201014837,NNLB,25,19,100,676.00,"67,600.00"
2020-01-22,2020012201014579,NNLB,19,41,10,686.00,"6,860.00"
2020-01-22,2020012201014613,NSEWA,52,54,10,655.00,"6,550.00"
2020-01-22,2020012201014875,NTC,51,38,100,626.00,"62,600.00"
2020-01-22,2020012201014715,NUBL,59,54,180,920.00,"165,600.00"
2020-01-22,2020012201014521,NUBL,19,35,20,918.00,"18,360.00"
2020-01-22,2020012201014520,NUBL,19,4,60,918.00,"55,080.00"
2020-01-22,2020012201014678,PCBL,32,39,232,270.00,"62,640.00"
2020-01-22,2020012201014992,PLIC,40,53,100,540.00,"54,000.00"
2020-01-22,2020012201014991,PLIC,29,53,23,540.00,"12,420.00"
2020-01-22,2020012201014982,PLIC,29,50,266,540.00,"143,640.00"
2020-01-22,2020012201014934,PLIC,29,59,56,540.00,"30,240.00"
2020-01-22,2020012201014930,PLIC,29,54,113,540.00,"61,020.00"
2020-01-22,2020012201014929,PLIC,29,17,500,540.00,"270,000.00"
2020-01-22,2020012201014693,PLIC,38,37,200,541.00,"108,200.00"
2020-01-22,2020012201014654,PLIC,46,34,500,541.00,"270,500.00"
2020-01-22,2020012201014576,PLIC,44,34,154,540.00,"83,160.00"
2020-01-22,2020012201014575,PLIC,44,40,200,540.00,"108,000.00"
2020-01-22,2020012201014928,PLIC,29,49,42,540.00,"22,680.00"
2020-01-22,2020012201014829,PLIC,49,49,300,540.00,"162,000.00"
2020-01-22,2020012201014782,PLIC,52,49,"1,000",540.00,"540,000.00"
2020-01-22,2020012201014717,PLIC,44,49,"1,158",540.00,"625,320.00"
2020-01-22,2020012201014714,PLIC,7,38,822,541.00,"444,702.00"
2020-01-22,2020012201014694,PLIC,44,37,988,540.00,"533,520.00"
2020-01-22,2020012201014987,PRIN,55,6,100,423.00,"42,300.00"
2020-01-22,2020012201014945,PRIN,51,36,100,424.00,"42,400.00"
2020-01-22,2020012201014648,PRIN,59,17,200,425.00,"85,000.00"
2020-01-22,2020012201014918,PRVU,46,43,279,251.00,"70,029.00"
2020-01-22,2020012201014917,PRVU,32,43,840,251.00,"210,840.00"
2020-01-22,2020012201014847,PRVU,32,43,500,251.00,"125,500.00"
2020-01-22,2020012201014836,PRVU,32,43,500,251.00,"125,500.00"
2020-01-22,2020012201014790,PRVU,32,59,160,251.00,"40,160.00"
2020-01-22,2020012201014789,PRVU,56,59,300,251.00,"75,300.00"
2020-01-22,2020012201014788,PRVU,25,59,40,251.00,"10,040.00"
2020-01-22,2020012201014640,RHPC,45,40,550,80.00,"44,000.00"
2020-01-22,2020012201014639,RHPC,51,40,500,80.00,"40,000.00"
2020-01-22,2020012201014638,RHPC,29,40,368,80.00,"29,440.00"
2020-01-22,2020012201014637,RHPC,51,40,"1,000",80.00,"80,000.00"
2020-01-22,2020012201014595,RHPC,33,40,20,81.00,"1,620.00"
2020-01-22,2020012201014594,RHPC,11,40,100,81.00,"8,100.00"
2020-01-22,2020012201014593,RHPC,32,40,156,81.00,"12,636.00"
2020-01-22,2020012201014886,RHPL,52,38,40,170.00,"6,800.00"
2020-01-22,2020012201014793,RHPL,52,38,40,170.00,"6,800.00"
2020-01-22,2020012201014758,RHPL,52,39,30,170.00,"5,100.00"
2020-01-22,2020012201014732,RHPL,52,26,250,170.00,"42,500.00"
2020-01-22,2020012201014731,RHPL,22,26,290,170.00,"49,300.00"
2020-01-22,2020012201014680,RMDC,41,34,45,620.00,"27,900.00"
2020-01-22,2020012201014679,RMDC,41,44,78,620.00,"48,360.00"
2020-01-22,2020012201014898,RSDC,39,39,100,412.00,"41,200.00"
2020-01-22,2020012201014554,SABSL,32,58,10,800.00,"8,000.00"
2020-01-22,2020012201014553,SABSL,32,48,10,800.00,"8,000.00"
2020-01-22,2020012201014552,SABSL,32,19,60,800.00,"48,000.00"
2020-01-22,2020012201014551,SABSL,32,1,100,800.00,"80,000.00"
2020-01-22,2020012201014550,SABSL,32,48,10,800.00,"8,000.00"
2020-01-22,2020012201014549,SABSL,32,26,10,800.00,"8,000.00"
2020-01-22,2020012201014548,SABSL,32,13,125,799.00,"99,875.00"
2020-01-22,2020012201014547,SABSL,32,42,20,798.00,"15,960.00"
2020-01-22,2020012201014912,SANIMA,14,7,"1,000",351.00,"351,000.00"
2020-01-22,2020012201014911,SANIMA,14,26,451,351.00,"158,301.00"
2020-01-22,2020012201014910,SANIMA,14,56,100,350.00,"35,000.00"
2020-01-22,2020012201014794,SANIMA,45,36,100,349.00,"34,900.00"
2020-01-22,2020012201014746,SBL,41,16,169,325.00,"54,925.00"
2020-01-22,2020012201014832,SCB,56,22,118,613.00,"72,334.00"
2020-01-22,2020012201014831,SCB,51,22,12,613.00,"7,356.00"
2020-01-22,2020012201014830,SCB,45,22,20,614.00,"12,280.00"
2020-01-22,2020012201014812,SCB,34,57,50,614.00,"30,700.00"
2020-01-22,2020012201014692,SCB,51,40,88,613.00,"53,944.00"
2020-01-22,2020012201014691,SCB,45,40,80,613.00,"49,040.00"
2020-01-22,2020012201014588,SCB,14,43,45,614.00,"27,630.00"
2020-01-22,2020012201014587,SCB,21,43,50,614.00,"30,700.00"
2020-01-22,2020012201014866,SDESI,34,5,20,775.00,"15,500.00"
2020-01-22,2020012201014865,SDESI,34,47,20,775.00,"15,500.00"
2020-01-22,2020012201014864,SDESI,34,50,27,775.00,"20,925.00"
2020-01-22,2020012201014863,SDESI,34,26,10,775.00,"7,750.00"
2020-01-22,2020012201014668,SDESI,25,26,10,775.00,"7,750.00"
2020-01-22,2020012201014915,SHINE,26,57,75,260.00,"19,500.00"
2020-01-22,2020012201014667,SHINE,26,57,240,262.00,"62,880.00"
2020-01-22,2020012201014655,SHINE,34,17,100,259.00,"25,900.00"
2020-01-22,2020012201014955,SHIVM,56,57,50,518.00,"25,900.00"
2020-01-22,2020012201014954,SHIVM,56,35,500,518.00,"259,000.00"
2020-01-22,2020012201014953,SHIVM,52,35,100,518.00,"51,800.00"
2020-01-22,2020012201014952,SHIVM,57,35,200,518.00,"103,600.00"
2020-01-22,2020012201014951,SHIVM,39,35,200,518.00,"103,600.00"
2020-01-22,2020012201014543,SHIVM,48,35,180,518.00,"93,240.00"
2020-01-22,2020012201014723,SHIVM,6,50,130,518.00,"67,340.00"
2020-01-22,2020012201014673,SHIVM,6,50,270,518.00,"139,860.00"
2020-01-22,2020012201014672,SHIVM,33,50,150,518.00,"77,700.00"
2020-01-22,2020012201014546,SHIVM,52,35,220,517.00,"113,740.00"
2020-01-22,2020012201014545,SHIVM,51,35,100,517.00,"51,700.00"
2020-01-22,2020012201014544,SHIVM,41,35,500,517.00,"258,500.00"
2020-01-22,2020012201014799,SHIVM,51,49,716,517.00,"370,172.00"
2020-01-22,2020012201014798,SHIVM,51,49,100,517.00,"51,700.00"
2020-01-22,2020012201014797,SHIVM,25,49,100,517.00,"51,700.00"
2020-01-22,2020012201014796,SHIVM,52,49,119,517.00,"61,523.00"
2020-01-22,2020012201014763,SHIVM,39,50,70,518.00,"36,260.00"
2020-01-22,2020012201014762,SHIVM,52,3,161,517.00,"83,237.00"
2020-01-22,2020012201014908,SHIVM,19,57,20,520.00,"10,400.00"
2020-01-22,2020012201014907,SHIVM,19,59,40,520.00,"20,800.00"
2020-01-22,2020012201014874,SHIVM,26,59,160,520.00,"83,200.00"
2020-01-22,2020012201014857,SHIVM,26,19,50,520.00,"26,000.00"
2020-01-22,2020012201014856,SHIVM,26,49,150,520.00,"78,000.00"
2020-01-22,2020012201014827,SHIVM,51,34,100,517.00,"51,700.00"
2020-01-22,2020012201014722,SHL,45,46,200,205.00,"41,000.00"
2020-01-22,2020012201014721,SHL,48,46,200,205.00,"41,000.00"
2020-01-22,2020012201014720,SHL,56,46,100,205.00,"20,500.00"
2020-01-22,2020012201014719,SHL,41,46,"1,000",205.00,"205,000.00"
2020-01-22,2020012201014718,SHL,46,46,500,205.00,"102,500.00"
2020-01-22,2020012201014515,SHPC,19,56,100,206.00,"20,600.00"
2020-01-22,2020012201014531,SICL,52,45,240,994.00,"238,560.00"
2020-01-22,2020012201014843,SICL,58,58,50,995.00,"49,750.00"
2020-01-22,2020012201014842,SICL,58,11,50,994.00,"49,700.00"
2020-01-22,2020012201014625,SICL,58,58,650,983.00,"638,950.00"
2020-01-22,2020012201014624,SICL,19,58,100,984.00,"98,400.00"
2020-01-22,2020012201014623,SICL,44,58,200,985.00,"197,000.00"
2020-01-22,2020012201014532,SICL,52,58,260,995.00,"258,700.00"
2020-01-22,2020012201014685,SIFC,14,13,"1,000",158.00,"158,000.00"
2020-01-22,2020012201014985,SJCL,45,38,20,160.00,"3,200.00"
2020-01-22,2020012201014846,SJCL,45,38,20,160.00,"3,200.00"
2020-01-22,2020012201014784,SJCL,45,39,20,160.00,"3,200.00"
2020-01-22,2020012201014703,SKBBL,39,53,10,948.00,"9,480.00"
2020-01-22,2020012201014647,SKBBL,39,42,800,945.00,"756,000.00"
2020-01-22,2020012201014646,SKBBL,39,35,50,944.00,"47,200.00"
2020-01-22,2020012201014645,SKBBL,39,3,65,940.00,"61,100.00"
2020-01-22,2020012201014644,SKBBL,39,22,312,938.00,"292,656.00"
2020-01-22,2020012201014643,SKBBL,39,16,50,938.00,"46,900.00"
2020-01-22,2020012201014642,SKBBL,39,42,60,938.00,"56,280.00"
2020-01-22,2020012201014583,SKBBL,39,34,65,935.00,"60,775.00"
2020-01-22,2020012201014582,SKBBL,39,3,65,935.00,"60,775.00"
2020-01-22,2020012201014522,SKBBL,59,47,175,930.00,"162,750.00"
2020-01-22,2020012201014708,SLBBL,44,14,200,725.00,"145,000.00"
2020-01-22,2020012201014707,SLBBL,39,14,350,726.00,"254,100.00"
2020-01-22,2020012201014706,SLBBL,47,14,500,726.00,"363,000.00"
2020-01-22,2020012201014705,SLBBL,6,14,200,727.00,"145,400.00"
2020-01-22,2020012201014969,SLICL,58,19,70,432.00,"30,240.00"
2020-01-22,2020012201014968,SLICL,58,35,150,432.00,"64,800.00"
2020-01-22,2020012201014967,SLICL,58,17,500,432.00,"216,000.00"
2020-01-22,2020012201014966,SLICL,58,17,"1,000",431.00,"431,000.00"
2020-01-22,2020012201014965,SLICL,58,17,100,430.00,"43,000.00"
2020-01-22,2020012201014964,SLICL,58,44,406,430.00,"174,580.00"
2020-01-22,2020012201014519,SLICL,42,35,500,428.00,"214,000.00"
2020-01-22,2020012201014630,SLICL,45,44,469,430.00,"201,670.00"
2020-01-22,2020012201014572,SLICL,42,37,86,428.00,"36,808.00"
2020-01-22,2020012201014571,SLICL,42,37,628,429.00,"269,412.00"
2020-01-22,2020012201014570,SLICL,18,44,50,430.00,"21,500.00"
2020-01-22,2020012201014542,SLICL,42,8,372,429.00,"159,588.00"
2020-01-22,2020012201014533,SLICL,51,8,200,429.00,"85,800.00"
2020-01-22,2020012201014822,SLICL,14,44,269,430.00,"115,670.00"
2020-01-22,2020012201014821,SLICL,14,17,100,429.00,"42,900.00"
2020-01-22,2020012201014736,SLICL,53,44,"1,000",430.00,"430,000.00"
2020-01-22,2020012201014730,SLICL,40,44,200,430.00,"86,000.00"
2020-01-22,2020012201014684,SLICL,16,44,50,429.00,"21,450.00"
2020-01-22,2020012201014631,SLICL,45,44,31,430.00,"13,330.00"
2020-01-22,2020012201014889,SLICL,45,44,394,430.00,"169,420.00"
2020-01-22,2020012201014887,SLICL,42,49,100,428.00,"42,800.00"
2020-01-22,2020012201014882,SLICL,29,44,300,430.00,"129,000.00"
2020-01-22,2020012201014851,SLICL,6,22,100,430.00,"43,000.00"
2020-01-22,2020012201014850,SLICL,6,50,69,430.00,"29,670.00"
2020-01-22,2020012201014823,SLICL,14,50,131,430.00,"56,330.00"
2020-01-22,2020012201014833,SMATA,44,48,10,750.00,"7,500.00"
2020-01-22,2020012201014555,SMFDB,45,45,40,672.00,"26,880.00"
2020-01-22,2020012201014512,SMFDB,5,50,100,673.00,"67,300.00"
2020-01-22,2020012201014933,SRBL,43,29,636,240.00,"152,640.00"
2020-01-22,2020012201014932,SRBL,57,29,176,240.00,"42,240.00"
2020-01-22,2020012201014931,SRBL,17,29,59,241.00,"14,219.00"
2020-01-22,2020012201014826,SRBL,17,25,441,241.00,"106,281.00"
2020-01-22,2020012201014825,SRBL,19,25,59,241.00,"14,219.00"
2020-01-22,2020012201014713,STC,16,38,50,"2,401.00","120,050.00"
2020-01-22,2020012201014712,STC,32,38,100,"2,401.00","240,100.00"
2020-01-22,2020012201014711,STC,45,38,50,"2,401.00","120,050.00"
2020-01-22,2020012201014710,STC,34,38,10,"2,401.00","24,010.00"
2020-01-22,2020012201014709,STC,22,38,30,"2,402.00","72,060.00"
2020-01-22,2020012201014636,STC,22,51,170,"2,402.00","408,340.00"
2020-01-22,2020012201014635,STC,52,51,50,"2,403.00","120,150.00"
2020-01-22,2020012201014634,STC,22,51,10,"2,407.00","24,070.00"
2020-01-22,2020012201014633,STC,46,51,270,"2,407.00","649,890.00"
2020-01-22,2020012201014518,STC,46,28,30,"2,407.00","72,210.00"
2020-01-22,2020012201014517,STC,39,28,50,"2,407.00","120,350.00"
2020-01-22,2020012201014516,STC,42,28,20,"2,410.00","48,200.00"
2020-01-22,2020012201014909,TRH,21,45,430,307.00,"132,010.00"
2020-01-22,2020012201014768,TRH,21,1,70,307.00,"21,490.00"
2020-01-22,2020012201014767,TRH,36,1,100,307.00,"30,700.00"
2020-01-22,2020012201014920,UNHPL,17,56,50,57.00,"2,850.00"
2020-01-22,2020012201014577,UPPER,33,32,10,252.00,"2,520.00"
2020-01-22,2020012201014956,VLBS,45,40,121,851.00,"102,971.00"
2020-01-22,2020012201014565,WOMI,48,49,32,945.00,"30,240.00"
2020-01-22,2020012201014564,WOMI,10,49,18,949.00,"17,082.00"
2020-01-22,2020012201014374,ADBL,35,4,129,385.00,"49,665.00"
2020-01-22,2020012201014373,ADBL,41,4,21,385.00,"8,085.00"
2020-01-22,2020012201014482,ALBSL,32,34,15,660.00,"9,900.00"
2020-01-22,2020012201014481,ALBSL,38,34,300,660.00,"198,000.00"
2020-01-22,2020012201014480,ALBSL,45,34,300,660.00,"198,000.00"
2020-01-22,2020012201014479,ALBSL,49,34,500,660.00,"330,000.00"
2020-01-22,2020012201014478,ALBSL,59,34,500,661.00,"330,500.00"
2020-01-22,2020012201014477,ALBSL,25,34,60,662.00,"39,720.00"
2020-01-22,2020012201014498,ALICL,5,44,"1,000",523.00,"523,000.00"
2020-01-22,2020012201014494,ALICL,21,34,400,520.00,"208,000.00"
2020-01-22,2020012201014493,ALICL,21,1,100,520.00,"52,000.00"
2020-01-22,2020012201014434,ALICL,45,44,594,520.00,"308,880.00"
2020-01-22,2020012201014400,ALICL,21,44,115,520.00,"59,800.00"
2020-01-22,2020012201014383,ALICL,21,44,385,520.00,"200,200.00"
2020-01-22,2020012201014193,ALICL,7,51,200,519.00,"103,800.00"
2020-01-22,2020012201014117,ALICL,10,43,100,520.00,"52,000.00"
2020-01-22,2020012201014032,ALICL,57,54,500,520.00,"260,000.00"
2020-01-22,2020012201014031,ALICL,21,54,100,520.00,"52,000.00"
2020-01-22,2020012201014030,ALICL,59,54,314,520.00,"163,280.00"
2020-01-22,2020012201014382,ALICL,26,44,50,521.00,"26,050.00"
2020-01-22,2020012201014330,ALICL,58,34,100,522.00,"52,200.00"
2020-01-22,2020012201014329,ALICL,58,21,400,522.00,"208,800.00"
2020-01-22,2020012201014322,ALICL,49,44,200,523.00,"104,600.00"
2020-01-22,2020012201014321,ALICL,44,52,200,523.00,"104,600.00"
2020-01-22,2020012201014237,ALICL,7,52,100,523.00,"52,300.00"
2020-01-22,2020012201014176,API,25,6,19,124.00,"2,356.00"
2020-01-22,2020012201014022,API,25,41,"2,000",122.00,"244,000.00"
2020-01-22,2020012201014116,BFC,34,7,707,102.00,"72,114.00"
2020-01-22,2020012201014115,BFC,14,7,500,102.00,"51,000.00"
2020-01-22,2020012201014114,BFC,21,7,293,102.00,"29,886.00"
2020-01-22,2020012201014324,BOKL,8,52,440,234.00,"102,960.00"
2020-01-22,2020012201014304,BPCL,6,47,89,324.00,"28,836.00"
2020-01-22,2020012201014018,BPCL,40,6,50,326.00,"16,300.00"
2020-01-22,2020012201014357,CBBL,26,45,111,891.00,"98,901.00"
2020-01-22,2020012201014356,CBBL,35,45,10,892.00,"8,920.00"
2020-01-22,2020012201014355,CBBL,49,45,319,892.00,"284,548.00"
2020-01-22,2020012201014442,CBL,33,44,500,149.00,"74,500.00"
2020-01-22,2020012201014375,CCBL,6,33,12,183.00,"2,196.00"
2020-01-22,2020012201014312,CCBL,6,28,198,183.00,"36,234.00"
2020-01-22,2020012201014311,CCBL,14,28,71,184.00,"13,064.00"
2020-01-22,2020012201014096,CCBL,14,44,29,184.00,"5,336.00"
2020-01-22,2020012201014467,CHCL,22,11,72,429.00,"30,888.00"
2020-01-22,2020012201014182,CIT,57,38,20,"2,218.00","44,360.00"
2020-01-22,2020012201014083,CLBSL,16,37,30,849.00,"25,470.00"
2020-01-22,2020012201014082,CLBSL,25,37,70,850.00,"59,500.00"
2020-01-22,2020012201014189,CZBIL,22,57,20,199.00,"3,980.00"
2020-01-22,2020012201014124,CZBIL,26,34,990,198.00,"196,020.00"
2020-01-22,2020012201014391,DDBL,49,43,20,"1,033.00","20,660.00"
2020-01-22,2020012201014389,DDBL,22,43,100,"1,033.00","103,300.00"
2020-01-22,2020012201014388,DDBL,48,43,20,"1,033.00","20,660.00"
2020-01-22,2020012201014387,DDBL,7,43,10,"1,034.00","10,340.00"
2020-01-22,2020012201014170,DDBL,22,43,200,"1,035.00","207,000.00"
2020-01-22,2020012201014310,EBL,11,4,20,622.00,"12,440.00"
2020-01-22,2020012201014093,EIC,32,45,450,351.00,"157,950.00"
2020-01-22,2020012201014328,FMDBL,18,6,170,412.00,"70,040.00"
2020-01-22,2020012201014119,FMDBL,41,53,235,412.00,"96,820.00"
2020-01-22,2020012201014104,FMDBL,47,58,58,409.00,"23,722.00"
2020-01-22,2020012201014059,FMDBL,47,1,17,409.00,"6,953.00"
2020-01-22,2020012201014058,FMDBL,43,1,100,409.00,"40,900.00"
2020-01-22,2020012201014474,GBBL,45,17,436,230.00,"100,280.00"
2020-01-22,2020012201014292,GBBL,19,45,100,231.00,"23,100.00"
2020-01-22,2020012201014291,GBBL,19,52,51,231.00,"11,781.00"
2020-01-22,2020012201014212,GBBL,42,52,200,231.00,"46,200.00"
2020-01-22,2020012201014466,GBIME,42,55,500,307.00,"153,500.00"
2020-01-22,2020012201014450,GBIME,18,55,50,307.00,"15,350.00"
2020-01-22,2020012201014439,GBIME,33,7,370,306.00,"113,220.00"
2020-01-22,2020012201014438,GBIME,56,7,500,306.00,"153,000.00"
2020-01-22,2020012201014437,GBIME,14,7,500,306.00,"153,000.00"
2020-01-22,2020012201014436,GBIME,47,7,630,306.00,"192,780.00"
2020-01-22,2020012201014054,GBIME,55,39,200,306.00,"61,200.00"
2020-01-22,2020012201014042,GBIME,48,39,100,306.00,"30,600.00"
2020-01-22,2020012201014009,GBIME,47,43,200,305.00,"61,000.00"
2020-01-22,2020012201014077,GBIME,33,49,113,306.00,"34,578.00"
2020-01-22,2020012201014076,GBIME,33,55,24,306.00,"7,344.00"
2020-01-22,2020012201014075,GBIME,33,39,63,306.00,"19,278.00"
2020-01-22,2020012201014066,GBIME,47,35,226,305.00,"68,930.00"
2020-01-22,2020012201014065,GBIME,38,39,100,306.00,"30,600.00"
2020-01-22,2020012201014062,GBIME,14,39,500,306.00,"153,000.00"
2020-01-22,2020012201014118,GBIME,52,49,100,306.00,"30,600.00"
2020-01-22,2020012201014108,GBIME,49,49,200,306.00,"61,200.00"
2020-01-22,2020012201014107,GBIME,29,49,361,306.00,"110,466.00"
2020-01-22,2020012201014106,GBIME,29,13,139,306.00,"42,534.00"
2020-01-22,2020012201014087,GBIME,58,49,60,306.00,"18,360.00"
2020-01-22,2020012201014078,GBIME,34,49,100,306.00,"30,600.00"
2020-01-22,2020012201014181,GBIME,25,59,476,306.00,"145,656.00"
2020-01-22,2020012201014180,GBIME,50,59,24,306.00,"7,344.00"
2020-01-22,2020012201014175,GBIME,21,34,500,307.00,"153,500.00"
2020-01-22,2020012201014127,GBIME,50,45,110,306.00,"33,660.00"
2020-01-22,2020012201014126,GBIME,50,49,66,306.00,"20,196.00"
2020-01-22,2020012201014122,GBIME,22,49,"1,000",306.00,"306,000.00"
2020-01-22,2020012201014223,GBIME,41,29,56,306.00,"17,136.00"
2020-01-22,2020012201014211,GBIME,41,5,123,306.00,"37,638.00"
2020-01-22,2020012201014210,GBIME,48,5,500,306.00,"153,000.00"
2020-01-22,2020012201014209,GBIME,25,5,377,306.00,"115,362.00"
2020-01-22,2020012201014201,GBIME,17,34,500,307.00,"153,500.00"
2020-01-22,2020012201014188,GBIME,25,29,147,306.00,"44,982.00"
2020-01-22,2020012201014336,GBIME,17,34,295,307.00,"90,565.00"
2020-01-22,2020012201014327,GBIME,28,8,167,306.00,"51,102.00"
2020-01-22,2020012201014326,GBIME,50,8,500,306.00,"153,000.00"
2020-01-22,2020012201014325,GBIME,41,8,732,306.00,"223,992.00"
2020-01-22,2020012201014296,GBIME,41,29,89,306.00,"27,234.00"
2020-01-22,2020012201014239,GBIME,54,34,"1,000",307.00,"307,000.00"
2020-01-22,2020012201014354,GBIME,56,13,96,307.00,"29,472.00"
2020-01-22,2020012201014353,GBIME,56,21,104,307.00,"31,928.00"
2020-01-22,2020012201014350,GBIME,21,21,96,307.00,"29,472.00"
2020-01-22,2020012201014349,GBIME,21,51,204,307.00,"62,628.00"
2020-01-22,2020012201014338,GBIME,17,51,105,307.00,"32,235.00"
2020-01-22,2020012201014337,GBIME,17,42,100,307.00,"30,700.00"
2020-01-22,2020012201014392,GBIME,37,44,200,307.00,"61,400.00"
2020-01-22,2020012201014365,GBIME,5,44,200,307.00,"61,400.00"
2020-01-22,2020012201014364,GBIME,39,44,466,307.00,"143,062.00"
2020-01-22,2020012201014363,GBIME,39,13,34,307.00,"10,438.00"
2020-01-22,2020012201014359,GBIME,26,13,200,307.00,"61,400.00"
2020-01-22,2020012201014358,GBIME,42,13,70,307.00,"21,490.00"
2020-01-22,2020012201014431,GBIME,47,22,39,306.00,"11,934.00"
2020-01-22,2020012201014425,GBIME,17,55,466,307.00,"143,062.00"
2020-01-22,2020012201014424,GBIME,17,44,134,307.00,"41,138.00"
2020-01-22,2020012201014410,GBIME,47,52,56,306.00,"17,136.00"
2020-01-22,2020012201014395,GBIME,47,57,275,306.00,"84,150.00"
2020-01-22,2020012201014394,GBIME,28,57,333,306.00,"101,898.00"
2020-01-22,2020012201014472,GBLBS,57,45,150,410.00,"61,500.00"
2020-01-22,2020012201014258,GBLBS,46,14,14,414.00,"5,796.00"
2020-01-22,2020012201014049,GBLBS,57,32,20,410.00,"8,200.00"
2020-01-22,2020012201014409,GFCL,50,41,40,150.00,"6,000.00"
2020-01-22,2020012201014348,GGBSL,38,6,10,860.00,"8,600.00"
2020-01-22,2020012201014313,GGBSL,38,25,10,860.00,"8,600.00"
2020-01-22,2020012201014043,GGBSL,38,48,10,860.00,"8,600.00"
2020-01-22,2020012201014148,GILB,58,5,37,"1,260.00","46,620.00"
2020-01-22,2020012201014147,GILB,19,5,100,"1,260.00","126,000.00"
2020-01-22,2020012201014146,GILB,11,5,15,"1,260.00","18,900.00"
2020-01-22,2020012201014145,GILB,57,5,50,"1,261.00","63,050.00"
2020-01-22,2020012201014144,GILB,28,5,10,"1,261.00","12,610.00"
2020-01-22,2020012201014143,GILB,53,5,20,"1,261.00","25,220.00"
2020-01-22,2020012201014294,GIMES1,5,53,400,8.34,"3,336.00"
2020-01-22,2020012201014352,GLICL,7,48,400,709.00,"283,600.00"
2020-01-22,2020012201014288,GLICL,16,26,200,710.00,"142,000.00"
2020-01-22,2020012201014287,GLICL,16,34,200,709.00,"141,800.00"
2020-01-22,2020012201014286,GLICL,16,51,100,708.00,"70,800.00"
2020-01-22,2020012201014253,GLICL,38,33,48,706.00,"33,888.00"
2020-01-22,2020012201014252,GLICL,21,33,27,706.00,"19,062.00"
2020-01-22,2020012201014251,GLICL,48,33,125,707.00,"88,375.00"
2020-01-22,2020012201014101,GLICL,7,26,155,710.00,"110,050.00"
2020-01-22,2020012201014100,GLICL,7,13,100,710.00,"71,000.00"
2020-01-22,2020012201014452,GMFBS,45,7,30,770.00,"23,100.00"
2020-01-22,2020012201014486,HBL,19,35,150,580.00,"87,000.00"
2020-01-22,2020012201014485,HBL,19,50,200,580.00,"116,000.00"
2020-01-22,2020012201014484,HBL,19,49,50,579.00,"28,950.00"
2020-01-22,2020012201014219,HBL,35,49,150,579.00,"86,850.00"
2020-01-22,2020012201014123,HBL,43,56,100,580.00,"58,000.00"
2020-01-22,2020012201014490,HDL,50,59,10,"1,260.00","12,600.00"
2020-01-22,2020012201014305,HDL,52,59,50,"1,260.00","63,000.00"
2020-01-22,2020012201014218,HDL,11,59,10,"1,260.00","12,600.00"
2020-01-22,2020012201014200,HDL,49,49,200,"1,255.00","251,000.00"
2020-01-22,2020012201014199,HDL,26,49,200,"1,255.00","251,000.00"
2020-01-22,2020012201014198,HDL,34,49,380,"1,256.00","477,280.00"
2020-01-22,2020012201014036,HDL,37,7,30,"1,257.00","37,710.00"
2020-01-22,2020012201014035,HDL,45,7,90,"1,258.00","113,220.00"
2020-01-22,2020012201014197,HDL,56,49,50,"1,256.00","62,800.00"
2020-01-22,2020012201014196,HDL,32,49,100,"1,256.00","125,600.00"
2020-01-22,2020012201014195,HDL,11,49,70,"1,256.00","87,920.00"
2020-01-22,2020012201014039,HDL,11,7,30,"1,256.00","37,680.00"
2020-01-22,2020012201014038,HDL,1,7,100,"1,257.00","125,700.00"
2020-01-22,2020012201014037,HDL,39,7,50,"1,257.00","62,850.00"
2020-01-22,2020012201014402,HGI,1,40,200,363.00,"72,600.00"
2020-01-22,2020012201014408,HIDCL,10,33,235,138.00,"32,430.00"
2020-01-22,2020012201014407,HIDCL,44,33,15,138.00,"2,070.00"
2020-01-22,2020012201014187,HURJA,35,19,50,113.00,"5,650.00"
2020-01-22,2020012201014186,HURJA,35,39,20,113.00,"2,260.00"
2020-01-22,2020012201014185,HURJA,35,54,20,113.00,"2,260.00"
2020-01-22,2020012201014169,IGI,58,43,264,403.00,"106,392.00"
2020-01-22,2020012201014315,IGI,5,17,100,404.00,"40,400.00"
2020-01-22,2020012201014314,IGI,5,38,30,404.00,"12,120.00"
2020-01-22,2020012201014079,ILBS,10,14,10,799.00,"7,990.00"
2020-01-22,2020012201014020,ILBS,10,42,30,798.00,"23,940.00"
2020-01-22,2020012201014019,ILBS,7,42,10,798.00,"7,980.00"
2020-01-22,2020012201014303,JFL,34,57,200,184.00,"36,800.00"
2020-01-22,2020012201014142,JOSHI,38,38,20,63.00,"1,260.00"
2020-01-22,2020012201014270,KBL,19,54,100,197.00,"19,700.00"
2020-01-22,2020012201014191,KBL,19,49,218,197.00,"42,946.00"
2020-01-22,2020012201014190,KBL,28,49,52,197.00,"10,244.00"
2020-01-22,2020012201014290,KKHC,25,25,341,52.00,"17,732.00"
2020-01-22,2020012201014226,KKHC,25,25,12,52.00,624.00
2020-01-22,2020012201014225,KKHC,58,25,50,52.00,"2,600.00"
2020-01-22,2020012201014224,KKHC,11,25,76,52.00,"3,952.00"
2020-01-22,2020012201014184,KRBL,19,59,100,112.00,"11,200.00"
2020-01-22,2020012201014183,KRBL,35,59,100,112.00,"11,200.00"
2020-01-22,2020012201014344,KSBBL,59,45,710,156.00,"110,760.00"
2020-01-22,2020012201014151,KSBBL,59,51,"1,000",156.00,"156,000.00"
2020-01-22,2020012201014113,KSBBL,40,55,"1,000",155.00,"155,000.00"
2020-01-22,2020012201014332,LBBL,14,57,"2,690",194.00,"521,860.00"
2020-01-22,2020012201014295,LBBL,37,57,190,194.00,"36,860.00"
2020-01-22,2020012201014221,LBBL,37,57,120,194.00,"23,280.00"
2020-01-22,2020012201014220,LBBL,37,42,70,194.00,"13,580.00"
2020-01-22,2020012201014099,LBBL,14,17,119,193.00,"22,967.00"
2020-01-22,2020012201014098,LBBL,42,17,200,193.00,"38,600.00"
2020-01-22,2020012201014097,LBBL,26,17,681,193.00,"131,433.00"
2020-01-22,2020012201014074,LBL,59,51,100,214.00,"21,400.00"
2020-01-22,2020012201014418,LGIL,38,16,510,443.00,"225,930.00"
2020-01-22,2020012201014435,MBL,34,59,300,237.00,"71,100.00"
2020-01-22,2020012201014384,MBL,34,55,500,237.00,"118,500.00"
2020-01-22,2020012201014506,MDB,44,29,75,283.00,"21,225.00"
2020-01-22,2020012201014390,MDB,44,29,50,283.00,"14,150.00"
2020-01-22,2020012201014333,MDB,16,16,1,278.00,278.00
2020-01-22,2020012201014483,MLBBL,5,57,200,621.00,"124,200.00"
2020-01-22,2020012201014203,MLBBL,41,51,100,626.00,"62,600.00"
2020-01-22,2020012201014423,MLBL,47,4,500,210.00,"105,000.00"
2020-01-22,2020012201014473,MNBBL,42,32,150,322.00,"48,300.00"
2020-01-22,2020012201014012,MNBBL,58,32,275,323.00,"88,825.00"
2020-01-22,2020012201014011,MNBBL,58,6,100,323.00,"32,300.00"
2020-01-22,2020012201014010,MNBBL,58,49,478,322.00,"153,916.00"
2020-01-22,2020012201014073,MNBBL,46,34,200,324.00,"64,800.00"
2020-01-22,2020012201014072,MNBBL,46,19,200,324.00,"64,800.00"
2020-01-22,2020012201014071,MNBBL,46,28,100,324.00,"32,400.00"
2020-01-22,2020012201014013,MNBBL,58,4,47,323.00,"15,181.00"
2020-01-22,2020012201014443,MSLB,14,21,26,890.00,"23,140.00"
2020-01-22,2020012201014351,NABIL,11,6,10,750.00,"7,500.00"
2020-01-22,2020012201014471,NADEP,52,53,10,623.00,"6,230.00"
2020-01-22,2020012201014456,NADEP,48,44,89,618.00,"55,002.00"
2020-01-22,2020012201014455,NADEP,45,44,100,618.00,"61,800.00"
2020-01-22,2020012201014454,NADEP,1,44,100,619.00,"61,900.00"
2020-01-22,2020012201014453,NADEP,59,44,11,622.00,"6,842.00"
2020-01-22,2020012201014411,NADEP,4,4,3,620.00,"1,860.00"
2020-01-22,2020012201014372,NBL,35,32,"1,500",288.00,"432,000.00"
2020-01-22,2020012201014371,NBL,35,7,"2,500",288.00,"720,000.00"
2020-01-22,2020012201014370,NBL,35,11,100,288.00,"28,800.00"
2020-01-22,2020012201014369,NBL,35,7,150,288.00,"43,200.00"
2020-01-22,2020012201014307,NBL,58,7,"1,000",288.00,"288,000.00"
2020-01-22,2020012201014240,NBL,58,28,"1,500",288.00,"432,000.00"
2020-01-22,2020012201014179,NBL,58,50,495,288.00,"142,560.00"
2020-01-22,2020012201014347,NCCB,49,16,69,202.00,"13,938.00"
2020-01-22,2020012201014173,NCCB,22,16,20,202.00,"4,040.00"
2020-01-22,2020012201014085,NCCB,33,28,10,204.00,"2,040.00"
2020-01-22,2020012201014053,NEF,26,8,"2,891",8.22,"23,764.02"
2020-01-22,2020012201014052,NEF,19,8,"2,000",8.23,"16,460.00"
2020-01-22,2020012201014051,NEF,26,8,"3,000",8.24,"24,720.00"
2020-01-22,2020012201014050,NEF,26,8,"1,000",8.34,"8,340.00"
2020-01-22,2020012201014386,NGPL,11,26,44,117.00,"5,148.00"
2020-01-22,2020012201014044,NGPL,17,59,"1,273",116.00,"147,668.00"
2020-01-22,2020012201014208,NIB,49,17,46,401.00,"18,446.00"
2020-01-22,2020012201014207,NIB,28,17,18,401.00,"7,218.00"
2020-01-22,2020012201014206,NIB,28,17,136,401.00,"54,536.00"
2020-01-22,2020012201014168,NIB,28,52,100,401.00,"40,100.00"
2020-01-22,2020012201014140,NIB,28,44,363,401.00,"145,563.00"
2020-01-22,2020012201014103,NIB,28,57,100,401.00,"40,100.00"
2020-01-22,2020012201014064,NIB,40,57,30,402.00,"12,060.00"
2020-01-22,2020012201014015,NIB,35,57,50,402.00,"20,100.00"
2020-01-22,2020012201014468,NICA,57,38,150,478.00,"71,700.00"
2020-01-22,2020012201014376,NICA,38,28,500,479.00,"239,500.00"
2020-01-22,2020012201014141,NICA,57,4,190,478.00,"90,820.00"
2020-01-22,2020012201014029,NICA,17,40,500,478.00,"239,000.00"
2020-01-22,2020012201014028,NICA,40,40,150,478.00,"71,700.00"
2020-01-22,2020012201014017,NICA,40,39,350,478.00,"167,300.00"
2020-01-22,2020012201014016,NICA,46,39,650,478.00,"310,700.00"
2020-01-22,2020012201014475,NICL,32,26,50,384.00,"19,200.00"
2020-01-22,2020012201014095,NICL,40,37,100,390.00,"39,000.00"
2020-01-22,2020012201014094,NICL,40,49,300,389.00,"116,700.00"
2020-01-22,2020012201014045,NICL,16,37,"1,000",390.00,"390,000.00"
2020-01-22,2020012201014021,NICL,10,37,20,390.00,"7,800.00"
2020-01-22,2020012201014451,NIL,29,48,100,455.00,"45,500.00"
2020-01-22,2020012201014445,NIL,47,7,100,459.00,"45,900.00"
2020-01-22,2020012201014091,NIL,49,6,130,460.00,"59,800.00"
2020-01-22,2020012201014090,NIL,49,43,200,460.00,"92,000.00"
2020-01-22,2020012201014089,NIL,49,16,20,460.00,"9,200.00"
2020-01-22,2020012201014285,NLBBL,32,46,150,643.00,"96,450.00"
2020-01-22,2020012201014284,NLBBL,22,46,150,643.00,"96,450.00"
2020-01-22,2020012201014174,NLBBL,22,57,50,643.00,"32,150.00"
2020-01-22,2020012201014150,NLBBL,45,57,50,644.00,"32,200.00"
2020-01-22,2020012201014293,NLG,33,10,40,797.00,"31,880.00"
2020-01-22,2020012201014495,NLIC,29,44,175,"1,073.00","187,775.00"
2020-01-22,2020012201014492,NLIC,29,25,25,"1,073.00","26,825.00"
2020-01-22,2020012201014469,NLIC,35,35,200,"1,074.00","214,800.00"
2020-01-22,2020012201014302,NLIC,25,57,26,"1,073.00","27,898.00"
2020-01-22,2020012201014249,NLIC,25,38,100,"1,073.00","107,300.00"
2020-01-22,2020012201014222,NLIC,29,57,12,"1,075.00","12,900.00"
2020-01-22,2020012201014476,NLICL,49,53,265,640.00,"169,600.00"
2020-01-22,2020012201014413,NLICL,49,7,20,640.00,"12,800.00"
2020-01-22,2020012201014393,NLICL,6,25,56,641.00,"35,896.00"
2020-01-22,2020012201014342,NLICL,6,57,39,641.00,"24,999.00"
2020-01-22,2020012201014250,NLICL,6,34,105,641.00,"67,305.00"
2020-01-22,2020012201014202,NLICL,41,34,100,643.00,"64,300.00"
2020-01-22,2020012201014112,NLICL,41,46,400,643.00,"257,200.00"
2020-01-22,2020012201014041,NLICL,41,6,100,642.00,"64,200.00"
2020-01-22,2020012201014040,NLICL,45,6,75,643.00,"48,225.00"
2020-01-22,2020012201014497,NMB,28,4,50,362.00,"18,100.00"
2020-01-22,2020012201014496,NMB,42,4,100,363.00,"36,300.00"
2020-01-22,2020012201014421,NMB,19,34,300,363.00,"108,900.00"
2020-01-22,2020012201014420,NMB,36,34,153,363.00,"55,539.00"
2020-01-22,2020012201014192,NMB,11,6,30,365.00,"10,950.00"
2020-01-22,2020012201014167,NMB,36,29,147,363.00,"53,361.00"
2020-01-22,2020012201014025,NMB,51,5,43,364.00,"15,652.00"
2020-01-22,2020012201014070,NMB,40,5,157,363.00,"56,991.00"
2020-01-22,2020012201014069,NMB,14,5,500,363.00,"181,500.00"
2020-01-22,2020012201014068,NMB,46,5,100,363.00,"36,300.00"
2020-01-22,2020012201014067,NMB,17,5,243,363.00,"88,209.00"
2020-01-22,2020012201014027,NMB,17,5,757,363.00,"274,791.00"
2020-01-22,2020012201014026,NMB,47,5,200,364.00,"72,800.00"
2020-01-22,2020012201014166,NMB,52,29,200,363.00,"72,600.00"
2020-01-22,2020012201014165,NMB,48,29,100,363.00,"36,300.00"
2020-01-22,2020012201014164,NMB,42,29,200,363.00,"72,600.00"
2020-01-22,2020012201014163,NMB,44,29,10,363.00,"3,630.00"
2020-01-22,2020012201014162,NMB,40,29,343,363.00,"124,509.00"
2020-01-22,2020012201014102,NMB,35,6,25,365.00,"9,125.00"
2020-01-22,2020012201014406,NMFBS,33,26,10,"1,550.00","15,500.00"
2020-01-22,2020012201014405,NMFBS,33,49,19,"1,540.00","29,260.00"
2020-01-22,2020012201014381,NMFBS,33,1,50,"1,530.00","76,500.00"
2020-01-22,2020012201014446,NNLB,25,17,80,675.00,"54,000.00"
2020-01-22,2020012201014441,NNLB,19,3,10,685.00,"6,850.00"
2020-01-22,2020012201014401,NNLB,43,7,40,675.00,"27,000.00"
2020-01-22,2020012201014385,NNLB,25,7,100,675.00,"67,500.00"
2020-01-22,2020012201014430,NUBL,59,49,400,917.00,"366,800.00"
2020-01-22,2020012201014429,NUBL,59,19,200,916.00,"183,200.00"
2020-01-22,2020012201014428,NUBL,59,58,100,915.00,"91,500.00"
2020-01-22,2020012201014427,NUBL,59,19,60,912.00,"54,720.00"
2020-01-22,2020012201014426,NUBL,59,49,50,910.00,"45,500.00"
2020-01-22,2020012201014380,OHL,44,57,137,517.00,"70,829.00"
2020-01-22,2020012201014412,PIC,41,57,84,535.00,"44,940.00"
2020-01-22,2020012201014331,PIC,51,49,10,539.00,"5,390.00"
2020-01-22,2020012201014153,PIC,22,49,30,539.00,"16,170.00"
2020-01-22,2020012201014491,PICL,50,26,10,665.00,"6,650.00"
2020-01-22,2020012201014444,PICL,50,7,100,660.00,"66,000.00"
2020-01-22,2020012201014404,PICL,52,7,400,660.00,"264,000.00"
2020-01-22,2020012201014273,PICL,52,49,100,660.00,"66,000.00"
2020-01-22,2020012201014272,PICL,50,49,200,661.00,"132,200.00"
2020-01-22,2020012201014271,PICL,21,49,50,662.00,"33,100.00"
2020-01-22,2020012201014238,PICL,21,10,50,662.00,"33,100.00"
2020-01-22,2020012201014470,PLIC,51,52,10,541.00,"5,410.00"
2020-01-22,2020012201014366,PLIC,43,34,100,540.00,"54,000.00"
2020-01-22,2020012201014283,PLIC,43,37,300,540.00,"162,000.00"
2020-01-22,2020012201014178,PLIC,41,58,247,539.00,"133,133.00"
2020-01-22,2020012201014149,PLIC,41,51,200,539.00,"107,800.00"
2020-01-22,2020012201014111,PLIC,46,52,20,540.00,"10,800.00"
2020-01-22,2020012201014088,PLIC,46,22,37,540.00,"19,980.00"
2020-01-22,2020012201014034,PLIC,35,34,200,541.00,"108,200.00"
2020-01-22,2020012201014033,PLIC,49,34,199,541.00,"107,659.00"
2020-01-22,2020012201014024,PLIC,49,6,101,541.00,"54,641.00"
2020-01-22,2020012201014343,PRIN,26,44,500,424.00,"212,000.00"
2020-01-22,2020012201014309,PRIN,59,58,500,425.00,"212,500.00"
2020-01-22,2020012201014308,PRIN,57,58,77,425.00,"32,725.00"
2020-01-22,2020012201014154,PRIN,57,1,423,426.00,"180,198.00"
2020-01-22,2020012201014081,PRIN,35,58,125,425.00,"53,125.00"
2020-01-22,2020012201014080,PRIN,34,58,200,425.00,"85,000.00"
2020-01-22,2020012201014060,PRIN,34,3,100,425.00,"42,500.00"
2020-01-22,2020012201014345,PRVU,11,43,72,252.00,"18,144.00"
2020-01-22,2020012201014256,PRVU,28,57,12,253.00,"3,036.00"
2020-01-22,2020012201014255,PRVU,28,34,"1,000",252.00,"252,000.00"
2020-01-22,2020012201014254,PRVU,28,44,188,252.00,"47,376.00"
2020-01-22,2020012201014172,PRVU,44,44,62,252.00,"15,624.00"
2020-01-22,2020012201014171,PRVU,40,44,670,252.00,"168,840.00"
2020-01-22,2020012201014346,RHPL,22,1,500,170.00,"85,000.00"
2020-01-22,2020012201014139,RHPL,22,59,210,170.00,"35,700.00"
2020-01-22,2020012201014138,RHPL,34,59,100,170.00,"17,000.00"
2020-01-22,2020012201014137,RHPL,58,59,100,170.00,"17,000.00"
2020-01-22,2020012201014136,RHPL,45,59,500,170.00,"85,000.00"
2020-01-22,2020012201014135,RHPL,43,59,600,170.00,"102,000.00"
2020-01-22,2020012201014128,RHPL,36,59,320,171.00,"54,720.00"
2020-01-22,2020012201014086,RHPL,36,37,70,171.00,"11,970.00"
2020-01-22,2020012201014134,RHPL,39,59,200,170.00,"34,000.00"
2020-01-22,2020012201014133,RHPL,56,59,"1,000",170.00,"170,000.00"
2020-01-22,2020012201014132,RHPL,11,59,100,170.00,"17,000.00"
2020-01-22,2020012201014131,RHPL,25,59,500,170.00,"85,000.00"
2020-01-22,2020012201014130,RHPL,56,59,370,170.00,"62,900.00"
2020-01-22,2020012201014129,RHPL,36,59,"1,000",171.00,"171,000.00"
2020-01-22,2020012201014289,RMDC,11,44,30,620.00,"18,600.00"
2020-01-22,2020012201014084,SABSL,7,48,10,800.00,"8,000.00"
2020-01-22,2020012201014465,SADBL,44,44,171,158.00,"27,018.00"
2020-01-22,2020012201014236,SANIMA,45,52,200,350.00,"70,000.00"
2020-01-22,2020012201014235,SANIMA,45,57,800,350.00,"280,000.00"
2020-01-22,2020012201014234,SANIMA,45,47,300,350.00,"105,000.00"
2020-01-22,2020012201014233,SANIMA,45,34,99,350.00,"34,650.00"
2020-01-22,2020012201014232,SANIMA,45,34,346,350.00,"121,100.00"
2020-01-22,2020012201014231,SANIMA,45,45,100,350.00,"35,000.00"
2020-01-22,2020012201014230,SANIMA,45,17,550,350.00,"192,500.00"
2020-01-22,2020012201014229,SANIMA,45,39,500,350.00,"175,000.00"
2020-01-22,2020012201014228,SANIMA,45,57,500,350.00,"175,000.00"
2020-01-22,2020012201014227,SANIMA,45,34,15,350.00,"5,250.00"
2020-01-22,2020012201014105,SAPDBL,4,4,181,147.00,"26,607.00"
2020-01-22,2020012201014063,SAPDBL,4,4,10,145.00,"1,450.00"
2020-01-22,2020012201014205,SBI,18,45,200,421.00,"84,200.00"
2020-01-22,2020012201014125,SBI,42,45,500,421.00,"210,500.00"
2020-01-22,2020012201014504,SBL,41,52,162,325.00,"52,650.00"
2020-01-22,2020012201014503,SBL,10,52,100,325.00,"32,500.00"
2020-01-22,2020012201014502,SBL,49,52,25,325.00,"8,125.00"
2020-01-22,2020012201014403,SBL,49,8,253,325.00,"82,225.00"
2020-01-22,2020012201014399,SBL,52,16,31,327.00,"10,137.00"
2020-01-22,2020012201014398,SBL,52,57,469,327.00,"153,363.00"
2020-01-22,2020012201014242,SBL,14,34,200,326.00,"65,200.00"
2020-01-22,2020012201014241,SBL,25,34,"1,293",326.00,"421,518.00"
2020-01-22,2020012201014248,SBL,49,34,"1,222",325.00,"397,150.00"
2020-01-22,2020012201014247,SBL,10,34,300,325.00,"97,500.00"
2020-01-22,2020012201014246,SBL,45,34,"1,000",325.00,"325,000.00"
2020-01-22,2020012201014245,SBL,16,34,200,326.00,"65,200.00"
2020-01-22,2020012201014244,SBL,44,34,80,326.00,"26,080.00"
2020-01-22,2020012201014243,SBL,49,34,"1,000",326.00,"326,000.00"
2020-01-22,2020012201014433,SCB,38,48,100,615.00,"61,500.00"
2020-01-22,2020012201014432,SCB,45,48,100,615.00,"61,500.00"
2020-01-22,2020012201014121,SFFIL,18,52,480,210.00,"100,800.00"
2020-01-22,2020012201014120,SFFIL,18,6,80,210.00,"16,800.00"
2020-01-22,2020012201014368,SHINE,34,34,140,259.00,"36,260.00"
2020-01-22,2020012201014367,SHINE,32,34,360,259.00,"93,240.00"
2020-01-22,2020012201014282,SHINE,32,34,140,259.00,"36,260.00"
2020-01-22,2020012201014281,SHINE,32,34,50,259.00,"12,950.00"
2020-01-22,2020012201014280,SHINE,4,34,500,259.00,"129,500.00"
2020-01-22,2020012201014279,SHINE,34,34,50,260.00,"13,000.00"
2020-01-22,2020012201014278,SHINE,34,34,50,260.00,"13,000.00"
2020-01-22,2020012201014277,SHINE,34,34,50,260.00,"13,000.00"
2020-01-22,2020012201014276,SHINE,34,34,50,260.00,"13,000.00"
2020-01-22,2020012201014275,SHINE,34,34,100,260.00,"26,000.00"
2020-01-22,2020012201014274,SHINE,34,34,10,261.00,"2,610.00"
2020-01-22,2020012201014397,SHIVM,48,45,20,518.00,"10,360.00"
2020-01-22,2020012201014396,SHIVM,42,45,10,518.00,"5,180.00"
2020-01-22,2020012201014301,SHIVM,42,53,40,518.00,"20,720.00"
2020-01-22,2020012201014300,SHIVM,18,53,100,518.00,"51,800.00"
2020-01-22,2020012201014299,SHIVM,50,53,50,518.00,"25,900.00"
2020-01-22,2020012201014298,SHIVM,56,53,10,518.00,"5,180.00"
2020-01-22,2020012201014257,SHIVM,8,53,200,519.00,"103,800.00"
2020-01-22,2020012201014014,SHIVM,34,4,50,520.00,"26,000.00"
2020-01-22,2020012201014177,SIC,32,44,20,675.00,"13,500.00"
2020-01-22,2020012201014464,SICL,28,45,200,994.00,"198,800.00"
2020-01-22,2020012201014449,SICL,52,45,60,994.00,"59,640.00"
2020-01-22,2020012201014448,SICL,52,28,40,994.00,"39,760.00"
2020-01-22,2020012201014447,SICL,52,52,100,993.00,"99,300.00"
2020-01-22,2020012201014362,SICL,44,34,100,993.00,"99,300.00"
2020-01-22,2020012201014318,SICL,58,16,150,990.00,"148,500.00"
2020-01-22,2020012201014317,SICL,58,33,415,990.00,"410,850.00"
2020-01-22,2020012201014316,SICL,58,22,100,989.00,"98,900.00"
2020-01-22,2020012201014152,SICL,37,3,100,989.00,"98,900.00"
2020-01-22,2020012201014361,SICL,44,33,100,993.00,"99,300.00"
2020-01-22,2020012201014360,SICL,44,33,65,993.00,"64,545.00"
2020-01-22,2020012201014340,SICL,58,33,35,993.00,"34,755.00"
2020-01-22,2020012201014339,SICL,58,5,65,992.00,"64,480.00"
2020-01-22,2020012201014320,SICL,58,5,35,992.00,"34,720.00"
2020-01-22,2020012201014319,SICL,58,34,300,990.00,"297,000.00"
2020-01-22,2020012201014306,SIFC,25,13,187,161.00,"30,107.00"
2020-01-22,2020012201014204,SIL,7,44,200,526.00,"105,200.00"
2020-01-22,2020012201014416,SJCL,45,52,330,160.00,"52,800.00"
2020-01-22,2020012201014415,SJCL,38,52,500,160.00,"80,000.00"
2020-01-22,2020012201014414,SJCL,43,52,170,160.00,"27,200.00"
2020-01-22,2020012201014194,SJCL,43,6,20,160.00,"3,200.00"
2020-01-22,2020012201014501,SLBBL,57,51,500,728.00,"364,000.00"
2020-01-22,2020012201014500,SLBBL,50,51,30,728.00,"21,840.00"
2020-01-22,2020012201014499,SLBBL,16,51,20,730.00,"14,600.00"
2020-01-22,2020012201014157,SLBBL,19,22,100,731.00,"73,100.00"
2020-01-22,2020012201014156,SLBBL,34,22,100,732.00,"73,200.00"
2020-01-22,2020012201014155,SLBBL,39,22,30,733.00,"21,990.00"
2020-01-22,2020012201014161,SLBBL,39,22,150,730.00,"109,500.00"
2020-01-22,2020012201014160,SLBBL,57,22,500,730.00,"365,000.00"
2020-01-22,2020012201014159,SLBBL,6,22,20,730.00,"14,600.00"
2020-01-22,2020012201014158,SLBBL,6,22,100,731.00,"73,100.00"
2020-01-22,2020012201014505,SLICL,42,17,125,428.00,"53,500.00"
2020-01-22,2020012201014489,SLICL,42,4,50,428.00,"21,400.00"
2020-01-22,2020012201014488,SLICL,26,4,50,428.00,"21,400.00"
2020-01-22,2020012201014487,SLICL,57,4,200,428.00,"85,600.00"
2020-01-22,2020012201014422,SLICL,44,44,"1,481",430.00,"636,830.00"
2020-01-22,2020012201014417,SLICL,44,39,19,430.00,"8,170.00"
2020-01-22,2020012201014110,SLICL,45,39,50,430.00,"21,500.00"
2020-01-22,2020012201014109,SLICL,45,17,452,429.00,"193,908.00"
2020-01-22,2020012201014092,SLICL,39,42,500,428.00,"214,000.00"
2020-01-22,2020012201014264,SLICL,45,1,174,431.00,"74,994.00"
2020-01-22,2020012201014263,SLICL,45,42,200,431.00,"86,200.00"
2020-01-22,2020012201014262,SLICL,45,5,170,430.00,"73,100.00"
2020-01-22,2020012201014261,SLICL,45,5,150,430.00,"64,500.00"
2020-01-22,2020012201014260,SLICL,45,5,84,430.00,"36,120.00"
2020-01-22,2020012201014259,SLICL,45,28,56,430.00,"24,080.00"
2020-01-22,2020012201014341,SLICL,40,34,400,432.00,"172,800.00"
2020-01-22,2020012201014269,SLICL,45,26,57,433.00,"24,681.00"
2020-01-22,2020012201014268,SLICL,45,5,200,433.00,"86,600.00"
2020-01-22,2020012201014267,SLICL,45,26,180,433.00,"77,940.00"
2020-01-22,2020012201014266,SLICL,45,36,31,433.00,"13,423.00"
2020-01-22,2020012201014265,SLICL,45,1,198,432.00,"85,536.00"
2020-01-22,2020012201014440,SPARS,22,32,100,780.00,"78,000.00"
2020-01-22,2020012201014048,SPARS,47,38,485,777.00,"376,845.00"
2020-01-22,2020012201014047,SPARS,34,38,100,777.00,"77,700.00"
2020-01-22,2020012201014046,SPARS,25,38,15,778.00,"11,670.00"
2020-01-22,2020012201014023,SPARS,25,32,10,778.00,"7,780.00"
2020-01-22,2020012201014463,SRBL,19,11,385,241.00,"92,785.00"
2020-01-22,2020012201014462,SRBL,17,11,15,242.00,"3,630.00"
2020-01-22,2020012201014461,STC,19,28,30,"2,410.00","72,300.00"
2020-01-22,2020012201014460,STC,58,28,50,"2,410.00","120,500.00"
2020-01-22,2020012201014459,STC,5,28,20,"2,410.00","48,200.00"
2020-01-22,2020012201014458,STC,46,28,50,"2,411.00","120,550.00"
2020-01-22,2020012201014457,STC,34,28,50,"2,412.00","120,600.00"
2020-01-22,2020012201014379,SWBBL,59,4,490,"1,035.00","507,150.00"
2020-01-22,2020012201014378,SWBBL,59,34,500,"1,030.00","515,000.00"
2020-01-22,2020012201014377,SWBBL,59,56,10,"1,025.00","10,250.00"
2020-01-22,2020012201014335,SWBBL,33,45,125,"1,024.00","128,000.00"
2020-01-22,2020012201014334,SWBBL,33,17,80,"1,024.00","81,920.00"
2020-01-22,2020012201014323,SWBBL,44,33,45,"1,018.00","45,810.00"
2020-01-22,2020012201014297,SWBBL,44,44,95,"1,018.00","96,710.00"
2020-01-22,2020012201014061,TMDBL,39,57,183,176.00,"32,208.00"
2020-01-22,2020012201014508,UPPER,29,33,100,249.00,"24,900.00"
2020-01-22,2020012201014507,UPPER,1,33,50,249.00,"12,450.00"
2020-01-22,2020012201014419,UPPER,52,32,20,252.00,"5,040.00"
2020-01-22,2020012201014213,UPPER,33,56,50,251.00,"12,550.00"
2020-01-22,2020012201014217,UPPER,33,21,40,252.00,"10,080.00"
2020-01-22,2020012201014216,UPPER,33,34,30,252.00,"7,560.00"
2020-01-22,2020012201014215,UPPER,33,3,50,252.00,"12,600.00"
2020-01-22,2020012201014214,UPPER,33,3,40,252.00,"10,080.00"
2020-01-22,2020012201014057,WOMI,10,48,182,949.00,"172,718.00"
2020-01-22,2020012201014056,WOMI,34,48,48,950.00,"45,600.00"
2020-01-22,2020012201014055,WOMI,43,48,70,951.00,"66,570.00"
2020-01-22,2020012201013859,ADBL,51,29,10,387.00,"3,870.00"
2020-01-22,2020012201013830,AHPC,59,7,"1,750",95.00,"166,250.00"
2020-01-22,2020012201013796,AHPC,29,7,500,95.00,"47,500.00"
2020-01-22,2020012201013766,AHPC,34,29,621,94.00,"58,374.00"
2020-01-22,2020012201013699,AKJCL,43,6,10,59.00,590.00
2020-01-22,2020012201013602,AKPL,8,47,160,125.00,"20,000.00"
2020-01-22,2020012201013601,AKPL,58,47,840,125.00,"105,000.00"
2020-01-22,2020012201013776,ALBSL,16,16,500,669.00,"334,500.00"
2020-01-22,2020012201013645,ALBSL,16,14,60,663.00,"39,780.00"
2020-01-22,2020012201013644,ALBSL,58,14,140,663.00,"92,820.00"
2020-01-22,2020012201013615,ALBSL,58,34,10,663.00,"6,630.00"
2020-01-22,2020012201013952,ALICL,7,44,400,525.00,"210,000.00"
2020-01-22,2020012201013951,ALICL,7,53,500,524.00,"262,000.00"
2020-01-22,2020012201013950,ALICL,7,43,100,524.00,"52,400.00"
2020-01-22,2020012201013888,ALICL,59,3,20,520.00,"10,400.00"
2020-01-22,2020012201013880,ALICL,59,17,16,520.00,"8,320.00"
2020-01-22,2020012201013867,ALICL,59,22,150,520.00,"78,000.00"
2020-01-22,2020012201013866,ALICL,21,22,170,520.00,"88,400.00"
2020-01-22,2020012201013754,ALICL,32,22,200,525.00,"105,000.00"
2020-01-22,2020012201013723,ALICL,44,22,20,528.00,"10,560.00"
2020-01-22,2020012201013613,ALICL,44,22,20,528.00,"10,560.00"
2020-01-22,2020012201013515,ALICL,21,57,30,520.00,"15,600.00"
2020-01-22,2020012201013781,API,55,38,561,122.00,"68,442.00"
2020-01-22,2020012201013780,API,1,38,539,123.00,"66,297.00"
2020-01-22,2020012201013682,API,1,49,461,123.00,"56,703.00"
2020-01-22,2020012201013681,API,37,49,100,123.00,"12,300.00"
2020-01-22,2020012201013680,API,34,49,"1,000",123.00,"123,000.00"
2020-01-22,2020012201013679,API,57,49,138,123.00,"16,974.00"
2020-01-22,2020012201013584,API,57,34,17,123.00,"2,091.00"
2020-01-22,2020012201013715,BOKL,5,45,10,235.00,"2,350.00"
2020-01-22,2020012201013526,BOKL,28,45,190,235.00,"44,650.00"
2020-01-22,2020012201013524,BOKL,8,22,10,234.00,"2,340.00"
2020-01-22,2020012201013523,BPCL,6,38,110,324.00,"35,640.00"
2020-01-22,2020012201013608,CBBL,49,40,118,892.00,"105,256.00"
2020-01-22,2020012201013946,CBL,33,10,68,149.00,"10,132.00"
2020-01-22,2020012201013945,CBL,41,10,50,149.00,"7,450.00"
2020-01-22,2020012201013944,CBL,41,10,50,149.00,"7,450.00"
2020-01-22,2020012201013943,CBL,29,10,82,149.00,"12,218.00"
2020-01-22,2020012201013845,CBL,32,51,"1,000",150.00,"150,000.00"
2020-01-22,2020012201013844,CBL,32,1,300,150.00,"45,000.00"
2020-01-22,2020012201013843,CBL,32,26,500,150.00,"75,000.00"
2020-01-22,2020012201013842,CBL,32,54,120,150.00,"18,000.00"
2020-01-22,2020012201013841,CBL,32,52,200,150.00,"30,000.00"
2020-01-22,2020012201013840,CBL,32,37,20,150.00,"3,000.00"
2020-01-22,2020012201013839,CBL,32,16,"1,400",150.00,"210,000.00"
2020-01-22,2020012201013798,CBL,29,51,100,149.00,"14,900.00"
2020-01-22,2020012201014007,CCBL,6,42,122,183.00,"22,326.00"
2020-01-22,2020012201013744,CCBL,45,38,800,185.00,"148,000.00"
2020-01-22,2020012201013775,CIT,3,7,135,"2,216.00","299,160.00"
2020-01-22,2020012201013774,CIT,1,7,25,"2,216.00","55,400.00"
2020-01-22,2020012201013773,CIT,5,7,100,"2,217.00","221,700.00"
2020-01-22,2020012201013772,CIT,44,7,10,"2,217.00","22,170.00"
2020-01-22,2020012201013771,CIT,57,7,100,"2,220.00","222,000.00"
2020-01-22,2020012201013770,CIT,52,7,20,"2,220.00","44,400.00"
2020-01-22,2020012201013769,CIT,45,7,10,"2,220.00","22,200.00"
2020-01-22,2020012201013768,CIT,57,7,100,"2,221.00","222,100.00"
2020-01-22,2020012201013739,CIT,57,33,100,"2,225.00","222,500.00"
2020-01-22,2020012201013662,CIT,14,33,100,"2,222.00","222,200.00"
2020-01-22,2020012201013580,CORBL,48,6,30,131.00,"3,930.00"
2020-01-22,2020012201013779,CZBIL,26,6,10,198.00,"1,980.00"
2020-01-22,2020012201013564,CZBIL,43,1,238,198.00,"47,124.00"
2020-01-22,2020012201013536,CZBIL,41,38,10,197.00,"1,970.00"
2020-01-22,2020012201013510,CZBIL,16,1,549,198.00,"108,702.00"
2020-01-22,2020012201013509,CZBIL,16,56,10,198.00,"1,980.00"
2020-01-22,2020012201013901,DDBL,7,33,100,"1,035.00","103,500.00"
2020-01-22,2020012201013868,DDBL,43,33,100,"1,035.00","103,500.00"
2020-01-22,2020012201013782,DHPL,34,6,100,54.00,"5,400.00"
2020-01-22,2020012201013982,EIC,32,22,250,351.00,"87,750.00"
2020-01-22,2020012201013719,FMDBL,43,48,200,409.00,"81,800.00"
2020-01-22,2020012201013531,FOWAD,22,43,20,"1,235.00","24,700.00"
2020-01-22,2020012201013674,GBBL,45,35,100,230.00,"23,000.00"
2020-01-22,2020012201014003,GBIME,36,39,"1,000",306.00,"306,000.00"
2020-01-22,2020012201013998,GBIME,51,39,50,306.00,"15,300.00"
2020-01-22,2020012201013997,GBIME,47,20,451,305.00,"137,555.00"
2020-01-22,2020012201013996,GBIME,44,39,100,306.00,"30,600.00"
2020-01-22,2020012201013989,GBIME,11,39,"1,000",306.00,"306,000.00"
2020-01-22,2020012201013976,GBIME,25,39,200,306.00,"61,200.00"
2020-01-22,2020012201013527,GBIME,6,43,30,305.00,"9,150.00"
2020-01-22,2020012201013511,GBIME,1,38,50,306.00,"15,300.00"
2020-01-22,2020012201013571,GBIME,55,38,13,306.00,"3,978.00"
2020-01-22,2020012201013555,GBIME,32,36,317,305.00,"96,685.00"
2020-01-22,2020012201013554,GBIME,51,36,28,305.00,"8,540.00"
2020-01-22,2020012201013530,GBIME,51,43,472,305.00,"143,960.00"
2020-01-22,2020012201013529,GBIME,14,43,200,305.00,"61,000.00"
2020-01-22,2020012201013528,GBIME,14,43,100,305.00,"30,500.00"
2020-01-22,2020012201013590,GBIME,19,44,500,306.00,"153,000.00"
2020-01-22,2020012201013587,GBIME,44,44,100,306.00,"30,600.00"
2020-01-22,2020012201013579,GBIME,1,48,267,305.00,"81,435.00"
2020-01-22,2020012201013578,GBIME,32,48,183,305.00,"55,815.00"
2020-01-22,2020012201013573,GBIME,20,44,200,306.00,"61,200.00"
2020-01-22,2020012201013572,GBIME,55,44,"1,987",306.00,"608,022.00"
2020-01-22,2020012201013654,GBIME,41,44,"1,000",306.00,"306,000.00"
2020-01-22,2020012201013649,GBIME,40,44,100,306.00,"30,600.00"
2020-01-22,2020012201013643,GBIME,13,44,200,306.00,"61,200.00"
2020-01-22,2020012201013629,GBIME,47,44,240,306.00,"73,440.00"
2020-01-22,2020012201013616,GBIME,45,44,200,306.00,"61,200.00"
2020-01-22,2020012201013603,GBIME,56,44,200,306.00,"61,200.00"
2020-01-22,2020012201013672,GBIME,1,34,95,305.00,"28,975.00"
2020-01-22,2020012201013671,GBIME,32,34,152,305.00,"46,360.00"
2020-01-22,2020012201013670,GBIME,1,34,53,305.00,"16,165.00"
2020-01-22,2020012201013669,GBIME,58,44,100,306.00,"30,600.00"
2020-01-22,2020012201013666,GBIME,47,44,15,306.00,"4,590.00"
2020-01-22,2020012201013663,GBIME,58,44,100,306.00,"30,600.00"
2020-01-22,2020012201013725,GBIME,6,34,300,307.00,"92,100.00"
