Date,Transact. No.,Symbol,Buyer,Seller,Quantity,Rate,Amount
2019-03-07,2019030701005189,ADBL,41,8,200,294.00,"58,800.00"
2019-03-07,2019030701005107,ADBL,14,34,75,293.00,"21,975.00"
2019-03-07,2019030701005514,AHPC,32,45,300,101.00,"30,300.00"
2019-03-07,2019030701005328,AHPC,26,45,700,101.00,"70,700.00"
2019-03-07,2019030701005513,AKPL,58,56,20,167.00,"3,340.00"
2019-03-07,2019030701005499,ALICL,49,25,30,398.00,"11,940.00"
2019-03-07,2019030701005449,ALICL,39,25,50,398.00,"19,900.00"
2019-03-07,2019030701005376,ALICL,50,25,120,398.00,"47,760.00"
2019-03-07,2019030701005232,ALICL,21,28,74,399.00,"29,526.00"
2019-03-07,2019030701005231,ALICL,21,58,26,399.00,"10,374.00"
2019-03-07,2019030701005230,ALICL,1,44,50,398.00,"19,900.00"
2019-03-07,2019030701005154,ALICL,45,38,100,397.00,"39,700.00"
2019-03-07,2019030701005153,ALICL,45,56,225,397.00,"89,325.00"
2019-03-07,2019030701005114,ALICL,5,57,100,397.00,"39,700.00"
2019-03-07,2019030701005113,ALICL,5,25,100,397.00,"39,700.00"
2019-03-07,2019030701005466,AMFI,45,58,10,659.00,"6,590.00"
2019-03-07,2019030701005358,AMFI,1,58,10,650.00,"6,500.00"
2019-03-07,2019030701005339,AMFI,1,58,10,650.00,"6,500.00"
2019-03-07,2019030701005323,AMFI,1,58,10,650.00,"6,500.00"
2019-03-07,2019030701005396,API,25,16,29,129.00,"3,741.00"
2019-03-07,2019030701005351,API,55,39,"1,000",128.00,"128,000.00"
2019-03-07,2019030701005276,API,25,33,28,128.00,"3,584.00"
2019-03-07,2019030701005275,API,25,37,100,128.00,"12,800.00"
2019-03-07,2019030701005274,API,25,59,222,128.00,"28,416.00"
2019-03-07,2019030701005146,API,25,59,50,128.00,"6,400.00"
2019-03-07,2019030701005179,BFC,42,43,100,96.00,"9,600.00"
2019-03-07,2019030701005411,BOKL,52,51,80,246.00,"19,680.00"
2019-03-07,2019030701005410,BOKL,52,19,20,246.00,"4,920.00"
2019-03-07,2019030701005267,BPCL,46,58,140,350.00,"49,000.00"
2019-03-07,2019030701005266,BPCL,46,10,100,348.00,"34,800.00"
2019-03-07,2019030701005063,BPCL,33,10,10,348.00,"3,480.00"
2019-03-07,2019030701005145,CBBL,42,58,10,886.00,"8,860.00"
2019-03-07,2019030701005048,CBBL,29,58,100,878.00,"87,800.00"
2019-03-07,2019030701005464,CBL,43,39,10,152.00,"1,520.00"
2019-03-07,2019030701005459,CBL,34,39,100,152.00,"15,200.00"
2019-03-07,2019030701005268,CBL,34,14,"1,000",151.00,"151,000.00"
2019-03-07,2019030701005258,CBL,58,17,200,151.00,"30,200.00"
2019-03-07,2019030701005257,CBL,58,56,"1,000",151.00,"151,000.00"
2019-03-07,2019030701005256,CBL,58,55,100,151.00,"15,100.00"
2019-03-07,2019030701005216,CBL,25,16,780,151.00,"117,780.00"
2019-03-07,2019030701005255,CBL,58,41,338,151.00,"51,038.00"
2019-03-07,2019030701005254,CBL,58,43,138,151.00,"20,838.00"
2019-03-07,2019030701005253,CBL,58,33,449,151.00,"67,799.00"
2019-03-07,2019030701005219,CBL,25,33,820,151.00,"123,820.00"
2019-03-07,2019030701005218,CBL,25,6,100,151.00,"15,100.00"
2019-03-07,2019030701005217,CBL,25,19,300,151.00,"45,300.00"
2019-03-07,2019030701005493,CCBL,44,21,200,163.00,"32,600.00"
2019-03-07,2019030701005492,CCBL,44,50,552,163.00,"89,976.00"
2019-03-07,2019030701005491,CCBL,44,43,129,163.00,"21,027.00"
2019-03-07,2019030701005490,CCBL,44,45,300,163.00,"48,900.00"
2019-03-07,2019030701005447,CCBL,52,43,100,163.00,"16,300.00"
2019-03-07,2019030701005022,CHCL,5,13,200,507.00,"101,400.00"
2019-03-07,2019030701005021,CHCL,5,59,200,507.00,"101,400.00"
2019-03-07,2019030701005386,CHLBS,57,50,20,566.00,"11,320.00"
2019-03-07,2019030701005329,CHLBS,57,39,10,560.00,"5,600.00"
2019-03-07,2019030701005278,CHLBS,50,41,40,567.00,"22,680.00"
2019-03-07,2019030701005503,CIT,58,51,150,"2,563.00","384,450.00"
2019-03-07,2019030701005502,CIT,5,51,20,"2,563.00","51,260.00"
2019-03-07,2019030701005501,CIT,13,51,25,"2,565.00","64,125.00"
2019-03-07,2019030701005471,CIT,45,28,30,"2,570.00","77,100.00"
2019-03-07,2019030701005421,CIT,7,50,10,"2,572.00","25,720.00"
2019-03-07,2019030701005500,CORBL,32,40,10,92.00,920.00
2019-03-07,2019030701005434,CZBIL,45,28,100,208.00,"20,800.00"
2019-03-07,2019030701005331,CZBIL,45,32,200,208.00,"41,600.00"
2019-03-07,2019030701005163,CZBIL,45,55,567,208.00,"117,936.00"
2019-03-07,2019030701005512,DBBL,49,16,10,124.00,"1,240.00"
2019-03-07,2019030701005309,DBBL,32,37,"1,000",123.00,"123,000.00"
2019-03-07,2019030701005180,EBL,50,6,300,518.00,"155,400.00"
2019-03-07,2019030701005488,FMDBL,47,44,150,368.00,"55,200.00"
2019-03-07,2019030701005373,FMDBL,1,44,50,371.00,"18,550.00"
2019-03-07,2019030701005406,FOWAD,33,48,20,"1,555.00","31,100.00"
2019-03-07,2019030701005423,GBIME,52,32,100,264.00,"26,400.00"
2019-03-07,2019030701005155,GBIME,49,34,28,263.00,"7,364.00"
2019-03-07,2019030701005319,GBLBS,34,58,500,446.00,"223,000.00"
2019-03-07,2019030701005318,GBLBS,34,35,10,446.00,"4,460.00"
2019-03-07,2019030701005317,GBLBS,34,34,40,445.00,"17,800.00"
2019-03-07,2019030701005316,GBLBS,34,45,500,445.00,"222,500.00"
2019-03-07,2019030701005315,GBLBS,34,26,10,445.00,"4,450.00"
2019-03-07,2019030701005314,GBLBS,34,26,10,445.00,"4,450.00"
2019-03-07,2019030701005313,GBLBS,34,26,10,445.00,"4,450.00"
2019-03-07,2019030701005312,GBLBS,34,26,10,445.00,"4,450.00"
2019-03-07,2019030701005439,GDBL,55,34,10,182.00,"1,820.00"
2019-03-07,2019030701005269,GDBL,42,25,70,181.00,"12,670.00"
2019-03-07,2019030701005045,GDBL,36,32,"1,115",179.00,"199,585.00"
2019-03-07,2019030701005044,GDBL,42,32,300,179.00,"53,700.00"
2019-03-07,2019030701005419,GLICL,46,32,500,708.00,"354,000.00"
2019-03-07,2019030701005277,GRDBL,26,43,"1,000",104.00,"104,000.00"
2019-03-07,2019030701005364,HDL,52,32,10,"1,343.00","13,430.00"
2019-03-07,2019030701005363,HDL,52,38,10,"1,338.00","13,380.00"
2019-03-07,2019030701005391,HGI,22,34,100,388.00,"38,800.00"
2019-03-07,2019030701005390,HGI,22,42,130,388.00,"50,440.00"
2019-03-07,2019030701005486,HIDCL,45,46,100,133.00,"13,300.00"
2019-03-07,2019030701005485,HIDCL,45,46,177,133.00,"23,541.00"
2019-03-07,2019030701005287,HIDCL,45,35,23,133.00,"3,059.00"
2019-03-07,2019030701005476,ICFC,14,49,500,150.00,"75,000.00"
2019-03-07,2019030701005465,ICFC,14,43,200,149.00,"29,800.00"
2019-03-07,2019030701005458,JBNL,39,42,122,170.00,"20,740.00"
2019-03-07,2019030701005457,JBNL,39,25,70,170.00,"11,900.00"
2019-03-07,2019030701005456,JBNL,39,32,308,170.00,"52,360.00"
2019-03-07,2019030701005440,JBNL,57,32,412,170.00,"70,040.00"
2019-03-07,2019030701005380,JBNL,7,32,280,170.00,"47,600.00"
2019-03-07,2019030701005379,JBNL,7,44,100,170.00,"17,000.00"
2019-03-07,2019030701005378,JBNL,7,59,120,170.00,"20,400.00"
2019-03-07,2019030701005235,JBNL,5,59,180,170.00,"30,600.00"
2019-03-07,2019030701005234,JBNL,5,35,120,170.00,"20,400.00"
2019-03-07,2019030701005166,JBNL,57,17,53,169.00,"8,957.00"
2019-03-07,2019030701005148,JBNL,49,17,"1,499",169.00,"253,331.00"
2019-03-07,2019030701005147,JBNL,49,21,501,169.00,"84,669.00"
2019-03-07,2019030701005342,JSLBB,58,44,10,"2,420.00","24,200.00"
2019-03-07,2019030701005393,KBL,33,17,"1,000",235.00,"235,000.00"
2019-03-07,2019030701005392,KBL,33,26,382,235.00,"89,770.00"
2019-03-07,2019030701005194,KBL,48,26,150,235.00,"35,250.00"
2019-03-07,2019030701005193,KBL,48,54,350,235.00,"82,250.00"
2019-03-07,2019030701005338,KMFL,56,17,20,890.00,"17,800.00"
2019-03-07,2019030701005337,KMFL,56,17,20,890.00,"17,800.00"
2019-03-07,2019030701005336,KMFL,56,17,20,885.00,"17,700.00"
2019-03-07,2019030701005350,KNBL,58,17,10,124.00,"1,240.00"
2019-03-07,2019030701005349,KNBL,58,56,10,124.00,"1,240.00"
2019-03-07,2019030701005433,KPCL,6,16,10,93.00,930.00
2019-03-07,2019030701005479,LBBL,5,57,10,173.00,"1,730.00"
2019-03-07,2019030701005478,LBBL,5,32,500,173.00,"86,500.00"
2019-03-07,2019030701005477,LBBL,5,43,90,173.00,"15,570.00"
2019-03-07,2019030701005441,LBBL,49,43,200,173.00,"34,600.00"
2019-03-07,2019030701005437,LBL,32,16,500,190.00,"95,000.00"
2019-03-07,2019030701005436,LBL,26,16,300,190.00,"57,000.00"
2019-03-07,2019030701005357,LBL,26,35,200,190.00,"38,000.00"
2019-03-07,2019030701005227,LBL,33,16,"1,000",190.00,"190,000.00"
2019-03-07,2019030701005226,LBL,33,17,500,190.00,"95,000.00"
2019-03-07,2019030701005424,LEMF,42,39,"27,786",7.20,"200,059.20"
2019-03-07,2019030701005429,LGIL,43,36,10,514.00,"5,140.00"
2019-03-07,2019030701005409,LGIL,49,36,10,514.00,"5,140.00"
2019-03-07,2019030701005302,LGIL,59,39,319,509.00,"162,371.00"
2019-03-07,2019030701005301,LGIL,34,39,200,510.00,"102,000.00"
2019-03-07,2019030701005300,LGIL,48,39,50,510.00,"25,500.00"
2019-03-07,2019030701005272,LICN,59,17,10,"1,459.00","14,590.00"
2019-03-07,2019030701005271,LICN,59,17,190,"1,450.00","275,500.00"
2019-03-07,2019030701005205,LICN,59,17,10,"1,450.00","14,500.00"
2019-03-07,2019030701005106,LICN,28,17,60,"1,441.00","86,460.00"
2019-03-07,2019030701005105,LICN,55,17,300,"1,442.00","432,600.00"
2019-03-07,2019030701005104,LICN,14,17,20,"1,442.00","28,840.00"
2019-03-07,2019030701005103,LICN,39,17,200,"1,450.00","290,000.00"
2019-03-07,2019030701005341,LLBS,49,17,250,788.00,"197,000.00"
2019-03-07,2019030701005359,MBL,57,17,32,212.00,"6,784.00"
2019-03-07,2019030701005247,MBL,34,46,20,214.00,"4,280.00"
2019-03-07,2019030701005229,MBL,34,40,240,214.00,"51,360.00"
2019-03-07,2019030701005223,MBL,34,49,500,214.00,"107,000.00"
2019-03-07,2019030701005151,MBL,34,42,545,214.00,"116,630.00"
2019-03-07,2019030701005150,MBL,34,46,500,214.00,"107,000.00"
2019-03-07,2019030701005149,MBL,34,1,195,213.00,"41,535.00"
2019-03-07,2019030701005343,MEGA,44,57,50,161.00,"8,050.00"
2019-03-07,2019030701005198,MEGA,44,25,50,161.00,"8,050.00"
2019-03-07,2019030701005504,MERO,34,44,20,605.00,"12,100.00"
2019-03-07,2019030701005470,MERO,34,17,19,605.00,"11,495.00"
2019-03-07,2019030701005120,MERO,45,25,29,603.00,"17,487.00"
2019-03-07,2019030701005119,MERO,45,25,50,604.00,"30,200.00"
2019-03-07,2019030701005029,MFIL,52,1,"1,000",113.00,"113,000.00"
2019-03-07,2019030701005448,MIDBL,34,57,200,152.00,"30,400.00"
2019-03-07,2019030701005394,MLBBL,48,17,140,605.00,"84,700.00"
2019-03-07,2019030701005244,MLBBL,26,17,100,605.00,"60,500.00"
2019-03-07,2019030701005041,MMFDB,29,43,150,955.00,"143,250.00"
2019-03-07,2019030701005040,MMFDB,29,45,60,954.00,"57,240.00"
2019-03-07,2019030701005039,MMFDB,29,25,10,954.00,"9,540.00"
2019-03-07,2019030701005389,MNBBL,40,17,78,340.00,"26,520.00"
2019-03-07,2019030701005388,MNBBL,43,17,160,340.00,"54,400.00"
2019-03-07,2019030701005036,MNBBL,43,38,100,340.00,"34,000.00"
2019-03-07,2019030701005035,MNBBL,43,14,100,340.00,"34,000.00"
2019-03-07,2019030701005346,MNBBL,14,17,41,342.00,"14,022.00"
2019-03-07,2019030701005345,MNBBL,14,25,59,342.00,"20,178.00"
2019-03-07,2019030701005206,MNBBL,43,41,40,340.00,"13,600.00"
2019-03-07,2019030701005057,MNBBL,49,32,500,341.00,"170,500.00"
2019-03-07,2019030701005056,MNBBL,49,49,265,341.00,"90,365.00"
2019-03-07,2019030701005055,MNBBL,49,38,76,340.00,"25,840.00"
2019-03-07,2019030701005505,NABIL,54,35,250,688.00,"172,000.00"
2019-03-07,2019030701005347,NABIL,44,35,20,688.00,"13,760.00"
2019-03-07,2019030701005164,NABIL,29,3,220,687.00,"151,140.00"
2019-03-07,2019030701005162,NABIL,26,35,200,688.00,"137,600.00"
2019-03-07,2019030701005121,NABIL,29,41,160,687.00,"109,920.00"
2019-03-07,2019030701005059,NABIL,29,44,60,687.00,"41,220.00"
2019-03-07,2019030701005289,NADEP,1,39,10,692.00,"6,920.00"
2019-03-07,2019030701005288,NADEP,1,39,10,692.00,"6,920.00"
2019-03-07,2019030701005384,NBB,34,38,600,187.00,"112,200.00"
2019-03-07,2019030701005383,NBB,34,16,"1,000",187.00,"187,000.00"
2019-03-07,2019030701005382,NBB,34,16,"1,000",187.00,"187,000.00"
2019-03-07,2019030701005381,NBB,34,48,128,187.00,"23,936.00"
2019-03-07,2019030701005233,NBB,44,1,101,186.00,"18,786.00"
2019-03-07,2019030701005124,NBB,34,45,50,187.00,"9,350.00"
2019-03-07,2019030701005123,NBB,34,17,534,187.00,"99,858.00"
2019-03-07,2019030701005129,NBB,34,48,16,187.00,"2,992.00"
2019-03-07,2019030701005128,NBB,34,33,300,187.00,"56,100.00"
2019-03-07,2019030701005127,NBB,34,45,200,187.00,"37,400.00"
2019-03-07,2019030701005126,NBB,34,7,500,187.00,"93,500.00"
2019-03-07,2019030701005125,NBB,34,16,400,187.00,"74,800.00"
2019-03-07,2019030701005417,NBBL,55,17,10,650.00,"6,500.00"
2019-03-07,2019030701005416,NBBL,55,21,25,650.00,"16,250.00"
2019-03-07,2019030701005191,NBL,57,16,"1,000",288.00,"288,000.00"
2019-03-07,2019030701005190,NBL,57,16,"1,000",288.00,"288,000.00"
2019-03-07,2019030701005511,NCCB,52,58,20,210.00,"4,200.00"
2019-03-07,2019030701005461,NCCB,33,56,240,209.00,"50,160.00"
2019-03-07,2019030701005460,NCCB,51,56,820,209.00,"171,380.00"
2019-03-07,2019030701005310,NCCB,7,32,800,210.00,"168,000.00"
2019-03-07,2019030701005286,NCCB,7,32,120,211.00,"25,320.00"
2019-03-07,2019030701005285,NCCB,7,58,180,211.00,"37,980.00"
2019-03-07,2019030701005052,NCCB,33,22,500,210.00,"105,000.00"
2019-03-07,2019030701005051,NCCB,33,52,100,210.00,"21,000.00"
2019-03-07,2019030701005050,NCCB,33,58,"1,500",210.00,"315,000.00"
2019-03-07,2019030701005049,NCCB,33,58,"1,243",210.00,"261,030.00"
2019-03-07,2019030701005284,NCCB,7,4,300,211.00,"63,300.00"
2019-03-07,2019030701005273,NCCB,7,38,200,210.00,"42,000.00"
2019-03-07,2019030701005167,NCCB,46,7,353,210.00,"74,130.00"
2019-03-07,2019030701005143,NCCB,46,1,145,210.00,"30,450.00"
2019-03-07,2019030701005054,NCCB,33,57,"1,000",210.00,"210,000.00"
2019-03-07,2019030701005053,NCCB,33,32,"1,000",210.00,"210,000.00"
2019-03-07,2019030701005469,NEF,42,29,"4,808",7.94,"38,175.52"
2019-03-07,2019030701005468,NEF,42,54,"15,000",7.90,"118,500.00"
2019-03-07,2019030701005418,NHPC,56,58,50,67.00,"3,350.00"
2019-03-07,2019030701005377,NHPC,20,37,"2,000",66.00,"132,000.00"
2019-03-07,2019030701005138,NHPC,20,37,"2,000",65.00,"130,000.00"
2019-03-07,2019030701005137,NHPC,20,32,733,65.00,"47,645.00"
2019-03-07,2019030701005112,NHPC,20,42,"1,000",64.00,"64,000.00"
2019-03-07,2019030701005111,NHPC,20,14,250,64.00,"16,000.00"
2019-03-07,2019030701005110,NHPC,20,37,"2,000",64.00,"128,000.00"
2019-03-07,2019030701005109,NHPC,20,16,"1,000",63.00,"63,000.00"
2019-03-07,2019030701005108,NHPC,20,56,370,63.00,"23,310.00"
2019-03-07,2019030701005473,NIB,48,10,300,517.00,"155,100.00"
2019-03-07,2019030701005159,NIB,46,10,40,517.00,"20,680.00"
2019-03-07,2019030701005144,NIB,14,13,300,516.00,"154,800.00"
2019-03-07,2019030701005414,NIBPO,47,17,80,470.00,"37,600.00"
2019-03-07,2019030701005428,NICA,48,17,32,391.00,"12,512.00"
2019-03-07,2019030701005427,NICA,49,17,250,391.00,"97,750.00"
2019-03-07,2019030701005426,NICA,45,17,382,391.00,"149,362.00"
2019-03-07,2019030701005228,NICA,45,13,18,391.00,"7,038.00"
2019-03-07,2019030701005203,NICA,45,11,100,391.00,"39,100.00"
2019-03-07,2019030701005202,NICA,45,11,100,391.00,"39,100.00"
2019-03-07,2019030701005196,NICA,45,38,200,392.00,"78,400.00"
2019-03-07,2019030701005195,NICA,45,8,300,392.00,"117,600.00"
2019-03-07,2019030701005165,NICA,45,52,100,391.00,"39,100.00"
2019-03-07,2019030701005062,NICA,45,55,100,391.00,"39,100.00"
2019-03-07,2019030701005038,NICA,45,17,100,391.00,"39,100.00"
2019-03-07,2019030701005037,NICA,45,51,50,391.00,"19,550.00"
2019-03-07,2019030701005177,NICL,36,40,725,383.00,"277,675.00"
2019-03-07,2019030701005176,NICL,36,46,500,383.00,"191,500.00"
2019-03-07,2019030701005175,NICL,36,16,125,383.00,"47,875.00"
2019-03-07,2019030701005174,NICL,36,38,40,383.00,"15,320.00"
2019-03-07,2019030701005173,NICL,36,58,100,382.00,"38,200.00"
2019-03-07,2019030701005172,NICL,36,35,150,382.00,"57,300.00"
2019-03-07,2019030701005171,NICL,36,40,60,382.00,"22,920.00"
2019-03-07,2019030701005170,NICL,36,40,300,381.00,"114,300.00"
2019-03-07,2019030701005169,NICL,36,46,100,380.00,"38,000.00"
2019-03-07,2019030701005168,NICL,36,16,200,380.00,"76,000.00"
2019-03-07,2019030701005462,NIL,16,39,10,527.00,"5,270.00"
2019-03-07,2019030701005402,NIL,16,34,200,525.00,"105,000.00"
2019-03-07,2019030701005401,NIL,16,1,247,525.00,"129,675.00"
2019-03-07,2019030701005400,NIL,16,29,50,525.00,"26,250.00"
2019-03-07,2019030701005399,NIL,16,29,100,525.00,"52,500.00"
2019-03-07,2019030701005398,NIL,16,39,100,524.00,"52,400.00"
2019-03-07,2019030701005139,NIL,10,42,65,522.00,"33,930.00"
2019-03-07,2019030701005047,NIL,16,34,237,523.00,"123,951.00"
2019-03-07,2019030701005046,NIL,16,28,63,523.00,"32,949.00"
2019-03-07,2019030701005397,NIL,16,25,400,524.00,"209,600.00"
2019-03-07,2019030701005385,NIL,44,6,300,523.00,"156,900.00"
2019-03-07,2019030701005375,NIL,44,37,100,523.00,"52,300.00"
2019-03-07,2019030701005325,NIL,13,25,50,524.00,"26,200.00"
2019-03-07,2019030701005324,NIL,13,49,50,524.00,"26,200.00"
2019-03-07,2019030701005156,NIL,44,34,263,523.00,"137,549.00"
2019-03-07,2019030701005280,NLBBL,58,49,180,471.00,"84,780.00"
2019-03-07,2019030701005279,NLBBL,58,17,20,470.00,"9,400.00"
2019-03-07,2019030701005122,NLBBL,58,22,200,470.00,"94,000.00"
2019-03-07,2019030701005510,NLIC,56,39,50,"1,110.00","55,500.00"
2019-03-07,2019030701005463,NLIC,50,39,13,"1,111.00","14,443.00"
2019-03-07,2019030701005356,NLIC,33,38,100,"1,112.00","111,200.00"
2019-03-07,2019030701005355,NLIC,33,44,100,"1,111.00","111,100.00"
2019-03-07,2019030701005335,NLIC,48,20,3,"1,110.00","3,330.00"
2019-03-07,2019030701005334,NLIC,35,20,97,"1,110.00","107,670.00"
2019-03-07,2019030701005184,NLIC,13,48,50,"1,109.00","55,450.00"
2019-03-07,2019030701005183,NLIC,13,29,17,"1,108.00","18,836.00"
2019-03-07,2019030701005182,NLIC,13,16,17,"1,108.00","18,836.00"
2019-03-07,2019030701005181,NLIC,13,16,17,"1,108.00","18,836.00"
2019-03-07,2019030701005028,NLIC,49,18,17,"1,105.00","18,785.00"
2019-03-07,2019030701005290,NLIC,49,53,126,"1,110.00","139,860.00"
2019-03-07,2019030701005204,NLIC,21,53,100,"1,110.00","111,000.00"
2019-03-07,2019030701005188,NLIC,13,53,274,"1,110.00","304,140.00"
2019-03-07,2019030701005187,NLIC,13,58,50,"1,110.00","55,500.00"
2019-03-07,2019030701005186,NLIC,13,25,25,"1,109.00","27,725.00"
2019-03-07,2019030701005185,NLIC,13,53,50,"1,109.00","55,450.00"
2019-03-07,2019030701005304,NLIC,48,57,127,"1,110.00","140,970.00"
2019-03-07,2019030701005295,NLIC,49,57,23,"1,110.00","25,530.00"
2019-03-07,2019030701005294,NLIC,49,19,100,"1,110.00","111,000.00"
2019-03-07,2019030701005293,NLIC,49,54,17,"1,110.00","18,870.00"
2019-03-07,2019030701005292,NLIC,49,54,17,"1,110.00","18,870.00"
2019-03-07,2019030701005291,NLIC,49,42,117,"1,110.00","129,870.00"
2019-03-07,2019030701005330,NLIC,11,38,20,"1,112.00","22,240.00"
2019-03-07,2019030701005322,NLIC,35,48,17,"1,110.00","18,870.00"
2019-03-07,2019030701005321,NLIC,35,44,69,"1,110.00","76,590.00"
2019-03-07,2019030701005320,NLIC,35,44,17,"1,110.00","18,870.00"
2019-03-07,2019030701005306,NLIC,48,59,50,"1,110.00","55,500.00"
2019-03-07,2019030701005305,NLIC,48,44,20,"1,110.00","22,200.00"
2019-03-07,2019030701005430,NLICL,34,1,50,652.00,"32,600.00"
2019-03-07,2019030701005348,NLICL,39,14,50,652.00,"32,600.00"
2019-03-07,2019030701005270,NLICL,35,56,50,650.00,"32,500.00"
2019-03-07,2019030701005118,NLICL,35,56,500,650.00,"325,000.00"
2019-03-07,2019030701005117,NLICL,52,56,50,650.00,"32,500.00"
2019-03-07,2019030701005467,NMB,52,55,100,315.00,"31,500.00"
2019-03-07,2019030701005452,NMB,4,17,547,313.00,"171,211.00"
2019-03-07,2019030701005370,NMB,49,16,200,314.00,"62,800.00"
2019-03-07,2019030701005369,NMB,49,16,200,314.00,"62,800.00"
2019-03-07,2019030701005368,NMB,49,25,500,314.00,"157,000.00"
2019-03-07,2019030701005367,NMB,49,57,200,314.00,"62,800.00"
2019-03-07,2019030701005366,NMB,49,37,115,314.00,"36,110.00"
2019-03-07,2019030701005116,NMB,43,56,300,313.00,"93,900.00"
2019-03-07,2019030701005115,NMB,43,56,47,313.00,"14,711.00"
2019-03-07,2019030701005031,NMB,32,56,53,313.00,"16,589.00"
2019-03-07,2019030701005030,NMB,32,56,70,313.00,"21,910.00"
2019-03-07,2019030701005444,NMBSF1,8,28,"10,000",10.20,"102,000.00"
2019-03-07,2019030701005403,NMBSF1,28,28,"30,000",10.15,"304,500.00"
2019-03-07,2019030701005362,NMBSF1,28,19,"3,400",10.15,"34,510.00"
2019-03-07,2019030701005361,NMBSF1,42,19,"1,000",10.15,"10,150.00"
2019-03-07,2019030701005405,NMFBS,58,47,12,"1,683.00","20,196.00"
2019-03-07,2019030701005404,NMFBS,58,47,12,"1,681.00","20,172.00"
2019-03-07,2019030701005066,NMFBS,58,17,23,"1,683.00","38,709.00"
2019-03-07,2019030701005065,NMFBS,58,53,10,"1,683.00","16,830.00"
2019-03-07,2019030701005064,NMFBS,58,52,12,"1,682.00","20,184.00"
2019-03-07,2019030701005453,NSEWA,11,22,20,571.00,"11,420.00"
2019-03-07,2019030701005420,NTC,48,59,50,684.00,"34,200.00"
2019-03-07,2019030701005161,NTC,42,59,10,684.00,"6,840.00"
2019-03-07,2019030701005387,NUBL,38,22,35,725.00,"25,375.00"
2019-03-07,2019030701005019,OHL,58,1,134,429.00,"57,486.00"
2019-03-07,2019030701005018,OHL,58,45,50,429.00,"21,450.00"
2019-03-07,2019030701005515,PCBL,50,36,"1,000",312.00,"312,000.00"
2019-03-07,2019030701005506,PIC,49,18,50,"1,030.00","51,500.00"
2019-03-07,2019030701005446,PIC,49,32,50,"1,030.00","51,500.00"
2019-03-07,2019030701005445,PIC,49,5,76,"1,030.00","78,280.00"
2019-03-07,2019030701005353,PIC,49,5,108,"1,030.00","111,240.00"
2019-03-07,2019030701005344,PIC,49,32,76,"1,030.00","78,280.00"
2019-03-07,2019030701005303,PIC,49,43,12,"1,030.00","12,360.00"
2019-03-07,2019030701005215,PIC,21,43,17,"1,035.00","17,595.00"
2019-03-07,2019030701005214,PIC,21,41,50,"1,034.00","51,700.00"
2019-03-07,2019030701005213,PIC,21,43,11,"1,034.00","11,374.00"
2019-03-07,2019030701005212,PIC,21,43,11,"1,034.00","11,374.00"
2019-03-07,2019030701005211,PIC,21,7,11,"1,033.00","11,363.00"
2019-03-07,2019030701005481,PICL,58,53,100,694.00,"69,400.00"
2019-03-07,2019030701005480,PICL,58,32,200,693.00,"138,600.00"
2019-03-07,2019030701005252,PICL,34,58,120,693.00,"83,160.00"
2019-03-07,2019030701005222,PICL,34,58,360,693.00,"249,480.00"
2019-03-07,2019030701005221,PICL,34,59,20,692.00,"13,840.00"
2019-03-07,2019030701005220,PICL,34,53,200,690.00,"138,000.00"
2019-03-07,2019030701005058,PICL,58,53,120,690.00,"82,800.00"
2019-03-07,2019030701005455,PLIC,7,44,20,450.00,"9,000.00"
2019-03-07,2019030701005340,PLIC,34,25,769,449.00,"345,281.00"
2019-03-07,2019030701005259,PLIC,46,25,731,448.00,"327,488.00"
2019-03-07,2019030701005251,PLIC,46,45,269,448.00,"120,512.00"
2019-03-07,2019030701005068,PLIC,46,56,200,449.00,"89,800.00"
2019-03-07,2019030701005067,PLIC,46,19,200,449.00,"89,800.00"
2019-03-07,2019030701005250,PRIN,4,16,300,418.00,"125,400.00"
2019-03-07,2019030701005249,PRIN,4,28,250,418.00,"104,500.00"
2019-03-07,2019030701005248,PRIN,4,39,100,418.00,"41,800.00"
2019-03-07,2019030701005225,PRIN,4,57,250,417.00,"104,250.00"
2019-03-07,2019030701005224,PRIN,4,38,200,417.00,"83,400.00"
2019-03-07,2019030701005178,PRIN,14,22,120,416.00,"49,920.00"
2019-03-07,2019030701005061,PRIN,26,22,30,416.00,"12,480.00"
2019-03-07,2019030701005043,PRIN,52,22,50,416.00,"20,800.00"
2019-03-07,2019030701005042,PRIN,52,22,150,416.00,"62,400.00"
2019-03-07,2019030701005020,PRIN,1,22,50,416.00,"20,800.00"
2019-03-07,2019030701005498,PRVU,43,34,"2,000",224.00,"448,000.00"
2019-03-07,2019030701005497,PRVU,43,26,100,224.00,"22,400.00"
2019-03-07,2019030701005496,PRVU,43,56,100,224.00,"22,400.00"
2019-03-07,2019030701005495,PRVU,43,34,100,224.00,"22,400.00"
2019-03-07,2019030701005494,PRVU,43,17,50,224.00,"11,200.00"
2019-03-07,2019030701005443,PURBL,14,34,270,188.00,"50,760.00"
2019-03-07,2019030701005311,PURBL,14,20,30,188.00,"5,640.00"
2019-03-07,2019030701005245,PURBL,58,49,79,187.00,"14,773.00"
2019-03-07,2019030701005395,RBCL,51,37,20,"9,350.00","187,000.00"
2019-03-07,2019030701005408,RBCLPO,59,59,10,"8,506.00","85,060.00"
2019-03-07,2019030701005407,RBCLPO,53,59,20,"8,506.00","170,120.00"
2019-03-07,2019030701005017,RBCLPO,33,25,15,"8,510.00","127,650.00"
2019-03-07,2019030701005281,RMDC,41,33,10,540.00,"5,400.00"
2019-03-07,2019030701005487,SANIMA,52,42,100,300.00,"30,000.00"
2019-03-07,2019030701005422,SANIMA,35,19,102,299.00,"30,498.00"
2019-03-07,2019030701005243,SANIMA,35,22,"1,000",300.00,"300,000.00"
2019-03-07,2019030701005242,SANIMA,35,16,100,300.00,"30,000.00"
2019-03-07,2019030701005241,SANIMA,35,13,300,300.00,"90,000.00"
2019-03-07,2019030701005240,SANIMA,35,19,50,300.00,"15,000.00"
2019-03-07,2019030701005132,SANIMA,33,56,100,299.00,"29,900.00"
2019-03-07,2019030701005131,SANIMA,33,39,100,299.00,"29,900.00"
2019-03-07,2019030701005130,SANIMA,33,38,108,298.00,"32,184.00"
2019-03-07,2019030701005239,SANIMA,35,59,40,300.00,"12,000.00"
2019-03-07,2019030701005238,SANIMA,35,32,100,300.00,"30,000.00"
2019-03-07,2019030701005210,SANIMA,35,19,398,299.00,"119,002.00"
2019-03-07,2019030701005209,SANIMA,33,19,102,299.00,"30,498.00"
2019-03-07,2019030701005197,SANIMA,35,38,"1,000",300.00,"300,000.00"
2019-03-07,2019030701005141,SANIMA,33,17,90,299.00,"26,910.00"
2019-03-07,2019030701005327,SBBLJ,20,45,10,189.00,"1,890.00"
2019-03-07,2019030701005489,SBI,45,1,150,382.00,"57,300.00"
2019-03-07,2019030701005415,SBL,50,1,100,281.00,"28,100.00"
2019-03-07,2019030701005207,SBL,50,48,183,281.00,"51,423.00"
2019-03-07,2019030701005133,SBL,1,1,100,282.00,"28,200.00"
2019-03-07,2019030701005069,SBL,51,1,500,282.00,"141,000.00"
2019-03-07,2019030701005060,SBL,42,46,51,283.00,"14,433.00"
2019-03-07,2019030701005365,SCB,7,34,100,533.00,"53,300.00"
2019-03-07,2019030701005308,SCB,48,5,50,532.00,"26,600.00"
2019-03-07,2019030701005307,SCB,1,5,22,532.00,"11,704.00"
2019-03-07,2019030701005299,SCB,1,6,78,532.00,"41,496.00"
2019-03-07,2019030701005283,SCB,45,6,100,532.00,"53,200.00"
2019-03-07,2019030701005033,SCB,32,6,300,532.00,"159,600.00"
2019-03-07,2019030701005032,SCB,45,6,22,532.00,"11,704.00"
2019-03-07,2019030701005034,SDESI,16,33,300,590.00,"177,000.00"
2019-03-07,2019030701005438,SEOS,28,28,"10,000",9.60,"96,000.00"
2019-03-07,2019030701005432,SHL,37,56,200,204.00,"40,800.00"
2019-03-07,2019030701005431,SHL,49,56,500,204.00,"102,000.00"
2019-03-07,2019030701005509,SHPC,17,36,190,224.00,"42,560.00"
2019-03-07,2019030701005508,SHPC,45,36,10,225.00,"2,250.00"
2019-03-07,2019030701005374,SHPC,28,57,20,226.00,"4,520.00"
2019-03-07,2019030701005454,SIC,34,53,50,"1,295.00","64,750.00"
2019-03-07,2019030701005360,SIC,34,16,50,"1,295.00","64,750.00"
2019-03-07,2019030701005265,SIC,25,16,50,"1,295.00","64,750.00"
2019-03-07,2019030701005333,SICL,34,58,10,881.00,"8,810.00"
2019-03-07,2019030701005332,SICL,34,58,30,880.00,"26,400.00"
2019-03-07,2019030701005264,SIL,45,40,350,612.00,"214,200.00"
2019-03-07,2019030701005263,SIL,45,35,150,611.00,"91,650.00"
2019-03-07,2019030701005262,SIL,45,56,300,611.00,"183,300.00"
2019-03-07,2019030701005192,SINDU,34,26,100,118.00,"11,800.00"
2019-03-07,2019030701005136,SLBBL,22,1,50,510.00,"25,500.00"
2019-03-07,2019030701005135,SLBBL,22,41,50,510.00,"25,500.00"
2019-03-07,2019030701005483,SLBSL,25,8,90,777.00,"69,930.00"
2019-03-07,2019030701005482,SLBSL,25,38,10,777.00,"7,770.00"
2019-03-07,2019030701005450,SLBSL,6,5,10,776.00,"7,760.00"
2019-03-07,2019030701005442,SLBSL,22,13,10,770.00,"7,700.00"
2019-03-07,2019030701005412,SLBSL,22,13,10,770.00,"7,700.00"
2019-03-07,2019030701005475,SLICL,53,39,150,535.00,"80,250.00"
2019-03-07,2019030701005474,SLICL,53,49,50,534.00,"26,700.00"
2019-03-07,2019030701005472,SLICL,38,49,50,534.00,"26,700.00"
2019-03-07,2019030701005435,SLICL,38,39,50,535.00,"26,750.00"
2019-03-07,2019030701005372,SLICL,22,56,85,538.00,"45,730.00"
2019-03-07,2019030701005199,SLICL,42,42,55,537.00,"29,535.00"
2019-03-07,2019030701005158,SLICL,53,43,100,536.00,"53,600.00"
2019-03-07,2019030701005157,SLICL,53,32,100,535.00,"53,500.00"
2019-03-07,2019030701005142,SLICL,16,26,28,532.00,"14,896.00"
2019-03-07,2019030701005371,SLICL,22,39,15,535.00,"8,025.00"
2019-03-07,2019030701005354,SLICL,17,39,285,535.00,"152,475.00"
2019-03-07,2019030701005352,SLICL,17,16,15,535.00,"8,025.00"
2019-03-07,2019030701005282,SLICL,17,32,200,535.00,"107,000.00"
2019-03-07,2019030701005201,SLICL,42,25,100,537.00,"53,700.00"
2019-03-07,2019030701005200,SLICL,42,37,448,537.00,"240,576.00"
2019-03-07,2019030701005016,SMFDB,19,22,10,649.00,"6,490.00"
2019-03-07,2019030701005160,SMFDB,39,32,40,666.00,"26,640.00"
2019-03-07,2019030701005027,SMFDB,22,58,130,653.00,"84,890.00"
2019-03-07,2019030701005026,SMFDB,22,38,39,650.00,"25,350.00"
2019-03-07,2019030701005507,UIC,16,16,10,782.00,"7,820.00"
2019-03-07,2019030701005425,UIC,55,58,50,772.00,"38,600.00"
2019-03-07,2019030701005025,UIC,45,38,100,782.00,"78,200.00"
2019-03-07,2019030701005024,UIC,45,55,40,781.00,"31,240.00"
2019-03-07,2019030701005023,UIC,45,21,20,780.00,"15,600.00"
2019-03-07,2019030701005140,UMHL,46,58,40,109.00,"4,360.00"
2019-03-07,2019030701005208,UNL,26,25,10,"19,105.00","191,050.00"
2019-03-07,2019030701005484,UPPER,35,19,200,230.00,"46,000.00"
2019-03-07,2019030701005451,UPPER,35,56,72,230.00,"16,560.00"
2019-03-07,2019030701005413,UPPER,35,38,"1,000",230.00,"230,000.00"
2019-03-07,2019030701005326,UPPER,42,52,200,231.00,"46,200.00"
2019-03-07,2019030701005246,UPPER,35,1,100,230.00,"23,000.00"
2019-03-07,2019030701005072,UPPER,35,51,50,229.00,"11,450.00"
2019-03-07,2019030701005071,UPPER,35,8,30,229.00,"6,870.00"
2019-03-07,2019030701005070,UPPER,35,22,301,229.00,"68,929.00"
2019-03-07,2019030701005078,UPPER,35,46,40,229.00,"9,160.00"
2019-03-07,2019030701005077,UPPER,35,6,500,229.00,"114,500.00"
2019-03-07,2019030701005076,UPPER,35,42,40,229.00,"9,160.00"
2019-03-07,2019030701005075,UPPER,35,42,50,229.00,"11,450.00"
2019-03-07,2019030701005074,UPPER,35,42,50,229.00,"11,450.00"
2019-03-07,2019030701005073,UPPER,35,42,50,229.00,"11,450.00"
2019-03-07,2019030701005084,UPPER,35,59,40,230.00,"9,200.00"
2019-03-07,2019030701005083,UPPER,35,59,50,230.00,"11,500.00"
2019-03-07,2019030701005082,UPPER,35,6,25,229.00,"5,725.00"
2019-03-07,2019030701005081,UPPER,35,37,40,229.00,"9,160.00"
2019-03-07,2019030701005080,UPPER,35,51,200,229.00,"45,800.00"
2019-03-07,2019030701005079,UPPER,35,39,100,229.00,"22,900.00"
2019-03-07,2019030701005090,UPPER,35,33,200,230.00,"46,000.00"
2019-03-07,2019030701005089,UPPER,35,14,100,230.00,"23,000.00"
2019-03-07,2019030701005088,UPPER,35,51,50,230.00,"11,500.00"
2019-03-07,2019030701005087,UPPER,35,7,"1,000",230.00,"230,000.00"
2019-03-07,2019030701005086,UPPER,35,34,40,230.00,"9,200.00"
2019-03-07,2019030701005085,UPPER,35,34,40,230.00,"9,200.00"
2019-03-07,2019030701005096,UPPER,35,54,40,230.00,"9,200.00"
2019-03-07,2019030701005095,UPPER,35,38,"1,000",230.00,"230,000.00"
2019-03-07,2019030701005094,UPPER,35,57,100,230.00,"23,000.00"
2019-03-07,2019030701005093,UPPER,35,59,50,230.00,"11,500.00"
2019-03-07,2019030701005092,UPPER,35,53,50,230.00,"11,500.00"
2019-03-07,2019030701005091,UPPER,35,53,70,230.00,"16,100.00"
2019-03-07,2019030701005102,UPPER,35,42,40,230.00,"9,200.00"
2019-03-07,2019030701005101,UPPER,35,39,40,230.00,"9,200.00"
2019-03-07,2019030701005100,UPPER,35,36,150,230.00,"34,500.00"
2019-03-07,2019030701005099,UPPER,35,54,40,230.00,"9,200.00"
2019-03-07,2019030701005098,UPPER,35,54,50,230.00,"11,500.00"
2019-03-07,2019030701005097,UPPER,35,40,200,230.00,"46,000.00"
2019-03-07,2019030701005237,UPPER,35,14,76,230.00,"17,480.00"
2019-03-07,2019030701005236,UPPER,35,14,24,230.00,"5,520.00"
2019-03-07,2019030701005152,UPPER,35,54,50,230.00,"11,500.00"
2019-03-07,2019030701005134,UPPER,35,56,100,230.00,"23,000.00"
2019-03-07,2019030701005298,WOMI,34,48,100,"1,128.00","112,800.00"
2019-03-07,2019030701005297,WOMI,34,52,13,"1,117.00","14,521.00"
2019-03-07,2019030701005296,WOMI,34,33,80,"1,116.00","89,280.00"
2019-03-07,2019030701005261,WOMI,34,33,70,"1,116.00","78,120.00"
2019-03-07,2019030701005260,WOMI,34,49,30,"1,116.00","33,480.00"
2019-03-07,2019030701004816,ADBL,45,26,11,294.00,"3,234.00"
2019-03-07,2019030701004756,ADBL,49,26,20,294.00,"5,880.00"
2019-03-07,2019030701004587,AHPC,32,35,108,101.00,"10,908.00"
2019-03-07,2019030701004671,AKJCL,37,47,20,80.00,"1,600.00"
2019-03-07,2019030701004524,AKJCL,37,47,10,80.00,800.00
2019-03-07,2019030701004968,ALICL,39,25,20,397.00,"7,940.00"
2019-03-07,2019030701004891,ALICL,47,25,50,396.00,"19,800.00"
2019-03-07,2019030701004890,ALICL,47,25,75,396.00,"29,700.00"
2019-03-07,2019030701004748,ALICL,17,25,80,397.00,"31,760.00"
2019-03-07,2019030701004747,ALICL,17,35,200,397.00,"79,400.00"
2019-03-07,2019030701004746,ALICL,17,51,50,396.00,"19,800.00"
2019-03-07,2019030701004745,ALICL,17,57,100,396.00,"39,600.00"
2019-03-07,2019030701004744,ALICL,17,44,370,395.00,"146,150.00"
2019-03-07,2019030701004739,ALICL,17,44,100,395.00,"39,500.00"
2019-03-07,2019030701004525,AMFI,45,58,15,659.00,"9,885.00"
2019-03-07,2019030701004562,API,25,59,150,128.00,"19,200.00"
2019-03-07,2019030701004644,BOKL,26,39,200,245.00,"49,000.00"
2019-03-07,2019030701004643,BOKL,26,35,200,245.00,"49,000.00"
2019-03-07,2019030701004642,BOKL,26,49,100,245.00,"24,500.00"
2019-03-07,2019030701004630,BOKL,21,39,100,244.00,"24,400.00"
2019-03-07,2019030701004629,BOKL,21,51,78,244.00,"19,032.00"
2019-03-07,2019030701004596,BOKL,5,51,50,244.00,"12,200.00"
2019-03-07,2019030701004977,BPCL,46,10,90,348.00,"31,320.00"
2019-03-07,2019030701004976,BPCL,46,44,10,348.00,"3,480.00"
2019-03-07,2019030701004808,BPCL,42,37,30,344.00,"10,320.00"
2019-03-07,2019030701005009,CBBL,10,16,200,885.00,"177,000.00"
2019-03-07,2019030701005008,CBBL,10,16,200,885.00,"177,000.00"
2019-03-07,2019030701005007,CBBL,10,51,250,885.00,"221,250.00"
2019-03-07,2019030701005006,CBBL,10,14,13,885.00,"11,505.00"
2019-03-07,2019030701005000,CBBL,29,58,99,878.00,"86,922.00"
2019-03-07,2019030701004999,CBBL,45,58,109,878.00,"95,702.00"
2019-03-07,2019030701004620,CBBL,47,51,180,882.00,"158,760.00"
2019-03-07,2019030701004598,CBBL,47,51,20,882.00,"17,640.00"
2019-03-07,2019030701004597,CBBL,47,37,280,882.00,"246,960.00"
2019-03-07,2019030701004998,CBBL,1,58,26,879.00,"22,854.00"
2019-03-07,2019030701004650,CBBL,47,37,150,883.00,"132,450.00"
2019-03-07,2019030701004635,CBBL,47,37,300,883.00,"264,900.00"
2019-03-07,2019030701004623,CBBL,47,37,50,883.00,"44,150.00"
2019-03-07,2019030701004622,CBBL,47,11,20,883.00,"17,660.00"
2019-03-07,2019030701004621,CBBL,47,54,50,883.00,"44,150.00"
2019-03-07,2019030701004975,CBL,1,16,100,151.00,"15,100.00"
2019-03-07,2019030701004946,CBL,11,16,120,151.00,"18,120.00"
2019-03-07,2019030701004945,CBL,11,53,80,151.00,"12,080.00"
2019-03-07,2019030701004645,CBL,58,56,87,150.00,"13,050.00"
2019-03-07,2019030701004566,CBL,58,54,90,150.00,"13,500.00"
2019-03-07,2019030701005001,CCBL,51,39,200,162.00,"32,400.00"
2019-03-07,2019030701004947,CCBL,10,39,300,162.00,"48,600.00"
2019-03-07,2019030701004731,CCBL,36,38,196,161.00,"31,556.00"
2019-03-07,2019030701004697,CCBL,36,56,191,161.00,"30,751.00"
2019-03-07,2019030701004696,CCBL,16,56,155,161.00,"24,955.00"
2019-03-07,2019030701004695,CCBL,11,56,60,162.00,"9,720.00"
2019-03-07,2019030701004963,CFCL,59,49,10,107.00,"1,070.00"
2019-03-07,2019030701004926,CFCL,42,14,50,106.00,"5,300.00"
2019-03-07,2019030701004565,CFCL,42,6,50,106.00,"5,300.00"
2019-03-07,2019030701004937,CHCL,45,38,40,506.00,"20,240.00"
2019-03-07,2019030701004930,CHCL,46,38,100,506.00,"50,600.00"
2019-03-07,2019030701005011,CHLBS,50,29,10,565.00,"5,650.00"
2019-03-07,2019030701004900,CHLBS,47,16,20,568.00,"11,360.00"
2019-03-07,2019030701004638,CHLBS,39,51,10,561.00,"5,610.00"
2019-03-07,2019030701004634,CHLBS,57,47,10,560.00,"5,600.00"
2019-03-07,2019030701004567,CHLBS,5,51,10,561.00,"5,610.00"
2019-03-07,2019030701004557,CHLBS,5,51,10,561.00,"5,610.00"
2019-03-07,2019030701004939,CIT,33,57,15,"2,570.00","38,550.00"
2019-03-07,2019030701004938,CIT,33,14,15,"2,570.00","38,550.00"
2019-03-07,2019030701004683,CIT,1,1,1,"2,550.00","2,550.00"
2019-03-07,2019030701004668,CIT,33,14,60,"2,570.00","154,200.00"
2019-03-07,2019030701004906,CZBIL,45,47,100,208.00,"20,800.00"
2019-03-07,2019030701004905,CZBIL,45,41,100,208.00,"20,800.00"
2019-03-07,2019030701004904,CZBIL,45,46,200,208.00,"41,600.00"
2019-03-07,2019030701004850,CZBIL,33,29,248,207.00,"51,336.00"
2019-03-07,2019030701004849,CZBIL,33,29,402,207.00,"83,214.00"
2019-03-07,2019030701004848,CZBIL,33,22,460,207.00,"95,220.00"
2019-03-07,2019030701004940,DBBL,32,37,400,123.00,"49,200.00"
2019-03-07,2019030701004927,DDBL,41,59,151,598.00,"90,298.00"
2019-03-07,2019030701004876,DDBL,45,59,538,598.00,"321,724.00"
2019-03-07,2019030701004875,DDBL,45,59,150,598.00,"89,700.00"
2019-03-07,2019030701004874,DDBL,45,55,50,598.00,"29,900.00"
2019-03-07,2019030701004873,DDBL,45,25,144,597.00,"85,968.00"
2019-03-07,2019030701004872,DDBL,45,39,100,597.00,"59,700.00"
2019-03-07,2019030701004871,DDBL,45,58,200,597.00,"119,400.00"
2019-03-07,2019030701004870,DDBL,45,40,100,596.00,"59,600.00"
2019-03-07,2019030701004869,DDBL,45,55,18,596.00,"10,728.00"
2019-03-07,2019030701004974,EBL,1,48,50,519.00,"25,950.00"
2019-03-07,2019030701004972,EBL,22,48,100,519.00,"51,900.00"
2019-03-07,2019030701004959,EBL,22,48,50,519.00,"25,950.00"
2019-03-07,2019030701004887,EBL,52,48,10,519.00,"5,190.00"
2019-03-07,2019030701004778,EBL,57,48,125,519.00,"64,875.00"
2019-03-07,2019030701004777,EBL,57,44,50,519.00,"25,950.00"
2019-03-07,2019030701004776,EBL,57,43,150,518.00,"77,700.00"
2019-03-07,2019030701004962,FMDBL,1,41,10,373.00,"3,730.00"
2019-03-07,2019030701004841,FMDBL,48,34,300,370.00,"111,000.00"
2019-03-07,2019030701004831,FMDBL,1,51,12,369.00,"4,428.00"
2019-03-07,2019030701004711,FMDBL,47,56,25,368.00,"9,200.00"
2019-03-07,2019030701004595,FMDBL,48,51,100,369.00,"36,900.00"
2019-03-07,2019030701004540,FMDBL,38,42,100,373.00,"37,300.00"
2019-03-07,2019030701004771,FOWAD,32,48,13,"1,550.00","20,150.00"
2019-03-07,2019030701004770,FOWAD,32,48,13,"1,550.00","20,150.00"
2019-03-07,2019030701004769,FOWAD,32,48,13,"1,550.00","20,150.00"
2019-03-07,2019030701004768,FOWAD,32,48,13,"1,550.00","20,150.00"
2019-03-07,2019030701004767,FOWAD,32,48,13,"1,550.00","20,150.00"
2019-03-07,2019030701004766,FOWAD,32,48,13,"1,550.00","20,150.00"
2019-03-07,2019030701004837,GBBL,57,46,436,185.00,"80,660.00"
2019-03-07,2019030701004836,GBBL,57,50,64,185.00,"11,840.00"
2019-03-07,2019030701005004,GBIME,48,32,100,264.00,"26,400.00"
2019-03-07,2019030701004982,GBIME,10,32,200,264.00,"52,800.00"
2019-03-07,2019030701004781,GBLBS,36,39,10,442.00,"4,420.00"
2019-03-07,2019030701004743,GBLBS,36,59,60,442.00,"26,520.00"
2019-03-07,2019030701004729,GBLBS,40,42,100,444.00,"44,400.00"
2019-03-07,2019030701004728,GBLBS,40,43,10,444.00,"4,440.00"
2019-03-07,2019030701004727,GBLBS,40,29,10,443.00,"4,430.00"
2019-03-07,2019030701004958,GDBL,41,32,200,180.00,"36,000.00"
2019-03-07,2019030701004559,GDBL,42,32,500,180.00,"90,000.00"
2019-03-07,2019030701004558,GDBL,16,32,183,180.00,"32,940.00"
2019-03-07,2019030701004754,GFCL,43,59,37,114.00,"4,218.00"
2019-03-07,2019030701004753,GFCL,47,59,73,115.00,"8,395.00"
2019-03-07,2019030701004760,GRDBL,1,26,80,103.00,"8,240.00"
2019-03-07,2019030701004759,GRDBL,1,26,200,103.00,"20,600.00"
2019-03-07,2019030701004758,GRDBL,34,26,200,103.00,"20,600.00"
2019-03-07,2019030701004757,GRDBL,51,26,20,103.00,"2,060.00"
2019-03-07,2019030701004669,GUFL,47,47,374,108.00,"40,392.00"
2019-03-07,2019030701004735,HBL,13,13,68,433.00,"29,444.00"
2019-03-07,2019030701004995,HDL,45,32,70,"1,337.00","93,590.00"
2019-03-07,2019030701004712,HDL,42,55,10,"1,337.00","13,370.00"
2019-03-07,2019030701004659,HDL,57,32,80,"1,330.00","106,400.00"
2019-03-07,2019030701004628,HDL,42,32,10,"1,330.00","13,300.00"
2019-03-07,2019030701004719,HGI,17,7,450,386.00,"173,700.00"
2019-03-07,2019030701005010,HIDCL,11,1,70,133.00,"9,310.00"
2019-03-07,2019030701004997,HIDCL,11,1,70,133.00,"9,310.00"
2019-03-07,2019030701004990,HIDCL,11,1,70,133.00,"9,310.00"
2019-03-07,2019030701004985,HIDCL,11,1,70,133.00,"9,310.00"
2019-03-07,2019030701004973,HIDCL,11,1,14,133.00,"1,862.00"
2019-03-07,2019030701004663,HIDCL,11,56,56,132.00,"7,392.00"
2019-03-07,2019030701004855,HPPL,36,39,20,170.00,"3,400.00"
2019-03-07,2019030701004832,HPPL,36,45,10,170.00,"1,700.00"
2019-03-07,2019030701004690,HPPL,45,33,195,182.00,"35,490.00"
2019-03-07,2019030701004689,HPPL,45,42,20,182.00,"3,640.00"
2019-03-07,2019030701004688,HPPL,45,16,10,182.00,"1,820.00"
2019-03-07,2019030701004639,HPPL,37,37,10,179.00,"1,790.00"
2019-03-07,2019030701004773,JBNL,57,59,135,168.00,"22,680.00"
2019-03-07,2019030701004772,JBNL,41,59,50,168.00,"8,400.00"
2019-03-07,2019030701004704,JBNL,35,21,794,169.00,"134,186.00"
2019-03-07,2019030701004632,JBNL,35,51,206,169.00,"34,814.00"
2019-03-07,2019030701004556,JBNL,35,54,100,169.00,"16,900.00"
2019-03-07,2019030701004555,JBNL,35,42,100,169.00,"16,900.00"
2019-03-07,2019030701004541,JBNL,32,25,100,169.00,"16,900.00"
2019-03-07,2019030701004554,JBNL,35,41,899,169.00,"151,931.00"
2019-03-07,2019030701004553,JBNL,35,43,"1,000",169.00,"169,000.00"
2019-03-07,2019030701004552,JBNL,35,52,"2,014",169.00,"340,366.00"
2019-03-07,2019030701004551,JBNL,35,38,100,169.00,"16,900.00"
2019-03-07,2019030701004543,JBNL,32,38,400,169.00,"67,600.00"
2019-03-07,2019030701004542,JBNL,32,56,500,169.00,"84,500.00"
2019-03-07,2019030701004591,JFL,49,3,"2,000",162.00,"324,000.00"
2019-03-07,2019030701004654,KBBL,5,43,200,209.00,"41,800.00"
2019-03-07,2019030701004932,KBL,22,48,"1,200",234.00,"280,800.00"
2019-03-07,2019030701004911,KBL,49,44,250,234.00,"58,500.00"
2019-03-07,2019030701004740,KMCDB,22,58,10,852.00,"8,520.00"
2019-03-07,2019030701004725,KMCDB,22,58,50,836.00,"41,800.00"
2019-03-07,2019030701004724,KMCDB,22,17,30,835.00,"25,050.00"
2019-03-07,2019030701004655,KMCDB,22,29,318,825.00,"262,350.00"
2019-03-07,2019030701004636,KMCDB,22,29,500,825.00,"412,500.00"
2019-03-07,2019030701004908,KPCL,37,29,10,92.00,920.00
2019-03-07,2019030701004679,KPCL,37,37,10,92.00,920.00
2019-03-07,2019030701004821,KSBBL,20,38,32,135.00,"4,320.00"
2019-03-07,2019030701004820,KSBBL,20,38,100,135.00,"13,500.00"
2019-03-07,2019030701004980,LBBL,5,43,210,173.00,"36,330.00"
2019-03-07,2019030701004979,LBBL,5,32,490,173.00,"84,770.00"
2019-03-07,2019030701004920,LBL,22,38,62,190.00,"11,780.00"
2019-03-07,2019030701004919,LBL,22,38,62,190.00,"11,780.00"
2019-03-07,2019030701004918,LBL,22,13,100,190.00,"19,000.00"
2019-03-07,2019030701004917,LBL,22,59,"1,000",190.00,"190,000.00"
2019-03-07,2019030701004830,LBL,32,42,637,189.00,"120,393.00"
2019-03-07,2019030701004586,LBL,21,13,200,190.00,"38,000.00"
2019-03-07,2019030701004637,LICN,35,17,30,"1,460.00","43,800.00"
2019-03-07,2019030701004791,LLBS,10,16,100,788.00,"78,800.00"
2019-03-07,2019030701004790,LLBS,10,48,62,785.00,"48,670.00"
2019-03-07,2019030701004789,LLBS,10,39,50,784.00,"39,200.00"
2019-03-07,2019030701004751,LLBS,45,39,450,784.00,"352,800.00"
2019-03-07,2019030701004750,LLBS,45,49,50,784.00,"39,200.00"
2019-03-07,2019030701004734,LLBS,21,25,24,780.00,"18,720.00"
2019-03-07,2019030701004733,LLBS,21,39,48,780.00,"37,440.00"
2019-03-07,2019030701004592,LLBS,6,43,24,779.00,"18,696.00"
2019-03-07,2019030701004971,MBL,45,46,"2,000",212.00,"424,000.00"
2019-03-07,2019030701004970,MBL,22,46,"1,000",212.00,"212,000.00"
2019-03-07,2019030701004787,MBL,50,59,109,211.00,"22,999.00"
2019-03-07,2019030701004786,MBL,59,59,100,212.00,"21,200.00"
2019-03-07,2019030701004858,MDB,38,38,220,225.00,"49,500.00"
2019-03-07,2019030701004857,MEGA,45,43,30,162.00,"4,860.00"
2019-03-07,2019030701004763,MEGA,19,48,250,161.00,"40,250.00"
2019-03-07,2019030701004762,MEGA,19,48,100,161.00,"16,100.00"
2019-03-07,2019030701004633,MEGA,28,48,961,161.00,"154,721.00"
2019-03-07,2019030701004612,MEGA,28,48,"1,539",161.00,"247,779.00"
2019-03-07,2019030701004611,MEGA,28,47,400,161.00,"64,400.00"
2019-03-07,2019030701004610,MEGA,28,57,200,161.00,"32,200.00"
2019-03-07,2019030701004609,MEGA,28,25,33,161.00,"5,313.00"
2019-03-07,2019030701004608,MEGA,28,51,28,161.00,"4,508.00"
2019-03-07,2019030701004607,MEGA,28,32,300,161.00,"48,300.00"
2019-03-07,2019030701004606,MEGA,28,55,500,161.00,"80,500.00"
2019-03-07,2019030701004884,MFIL,49,38,108,112.00,"12,096.00"
2019-03-07,2019030701004883,MFIL,43,38,55,112.00,"6,160.00"
2019-03-07,2019030701004882,MFIL,51,38,36,113.00,"4,068.00"
2019-03-07,2019030701004960,MLBBL,57,41,40,602.00,"24,080.00"
2019-03-07,2019030701004730,MMFDB,29,38,200,953.00,"190,600.00"
2019-03-07,2019030701004942,MNBBL,40,14,100,340.00,"34,000.00"
2019-03-07,2019030701004941,MNBBL,40,14,100,340.00,"34,000.00"
2019-03-07,2019030701004914,MNBBL,55,14,600,340.00,"204,000.00"
2019-03-07,2019030701004895,MNBBL,48,38,100,339.00,"33,900.00"
2019-03-07,2019030701004894,MNBBL,34,38,50,339.00,"16,950.00"
2019-03-07,2019030701004893,MNBBL,14,38,25,339.00,"8,475.00"
2019-03-07,2019030701004845,MSLB,41,41,10,"1,363.00","13,630.00"
2019-03-07,2019030701004916,NABIL,22,35,35,688.00,"24,080.00"
2019-03-07,2019030701004915,NABIL,22,35,65,688.00,"44,720.00"
2019-03-07,2019030701004813,NABIL,42,35,155,688.00,"106,640.00"
2019-03-07,2019030701004812,NABIL,42,43,65,687.00,"44,655.00"
2019-03-07,2019030701004803,NABIL,19,43,155,687.00,"106,485.00"
2019-03-07,2019030701004802,NABIL,19,59,45,687.00,"30,915.00"
2019-03-07,2019030701004801,NABIL,49,59,20,687.00,"13,740.00"
2019-03-07,2019030701004749,NABIL,29,35,30,688.00,"20,640.00"
2019-03-07,2019030701004892,NABILP,26,44,200,650.00,"130,000.00"
2019-03-07,2019030701004923,NBB,14,29,200,186.00,"37,200.00"
2019-03-07,2019030701004922,NBB,14,51,100,186.00,"18,600.00"
2019-03-07,2019030701004658,NBB,26,56,600,186.00,"111,600.00"
2019-03-07,2019030701004996,NBBL,55,45,51,640.00,"32,640.00"
2019-03-07,2019030701004854,NBL,43,50,46,287.00,"13,202.00"
2019-03-07,2019030701004840,NBL,17,50,300,287.00,"86,100.00"
2019-03-07,2019030701004809,NBL,37,50,150,287.00,"43,050.00"
2019-03-07,2019030701004792,NBL,48,37,50,286.00,"14,300.00"
2019-03-07,2019030701004726,NBL,1,50,35,287.00,"10,045.00"
2019-03-07,2019030701005015,NCCB,4,58,"1,257",210.00,"263,970.00"
2019-03-07,2019030701005014,NCCB,4,32,"1,000",210.00,"210,000.00"
2019-03-07,2019030701005013,NCCB,4,17,80,210.00,"16,800.00"
2019-03-07,2019030701005012,NCCB,4,58,663,210.00,"139,230.00"
2019-03-07,2019030701004903,NCCB,34,58,100,210.00,"21,000.00"
2019-03-07,2019030701004864,NCCB,51,29,180,209.00,"37,620.00"
2019-03-07,2019030701004863,NCCB,28,29,500,209.00,"104,500.00"
2019-03-07,2019030701004862,NCCB,25,29,20,209.00,"4,180.00"
2019-03-07,2019030701004861,NCCB,25,29,50,209.00,"10,450.00"
2019-03-07,2019030701004653,NCCB,57,58,50,210.00,"10,500.00"
2019-03-07,2019030701004984,NGPL,33,17,41,114.00,"4,674.00"
2019-03-07,2019030701004888,NHPC,21,56,100,63.00,"6,300.00"
2019-03-07,2019030701004798,NHPC,57,56,210,62.00,"13,020.00"
2019-03-07,2019030701004797,NHPC,42,56,100,62.00,"6,200.00"
2019-03-07,2019030701004796,NHPC,25,56,590,62.00,"36,580.00"
2019-03-07,2019030701004648,NHPC,25,51,410,62.00,"25,420.00"
2019-03-07,2019030701004647,NHPC,43,51,50,62.00,"3,100.00"
2019-03-07,2019030701004646,NHPC,58,51,40,62.00,"2,480.00"
2019-03-07,2019030701005002,NIB,49,10,"1,000",517.00,"517,000.00"
2019-03-07,2019030701004967,NIB,14,17,200,516.00,"103,200.00"
2019-03-07,2019030701004966,NIB,48,17,50,516.00,"25,800.00"
2019-03-07,2019030701004708,NIB,8,10,120,517.00,"62,040.00"
2019-03-07,2019030701004707,NIB,8,55,60,517.00,"31,020.00"
2019-03-07,2019030701004706,NIB,8,49,200,517.00,"103,400.00"
2019-03-07,2019030701004705,NIB,8,39,90,517.00,"46,530.00"
2019-03-07,2019030701004673,NIB,21,1,23,516.00,"11,868.00"
2019-03-07,2019030701004651,NIB,41,39,20,517.00,"10,340.00"
2019-03-07,2019030701004657,NIBPO,47,8,420,470.00,"197,400.00"
2019-03-07,2019030701004656,NIBPO,49,8,80,471.00,"37,680.00"
2019-03-07,2019030701004961,NICA,45,5,138,390.00,"53,820.00"
2019-03-07,2019030701004703,NICA,45,45,100,390.00,"39,000.00"
2019-03-07,2019030701004678,NICA,45,10,60,390.00,"23,400.00"
2019-03-07,2019030701004662,NICA,16,10,50,390.00,"19,500.00"
2019-03-07,2019030701004661,NICA,16,10,50,390.00,"19,500.00"
2019-03-07,2019030701004660,NICA,42,10,500,390.00,"195,000.00"
2019-03-07,2019030701004619,NICA,49,51,200,391.00,"78,200.00"
2019-03-07,2019030701004569,NICL,45,10,400,378.00,"151,200.00"
2019-03-07,2019030701004568,NICL,45,58,70,378.00,"26,460.00"
2019-03-07,2019030701004575,NICL,45,41,200,380.00,"76,000.00"
2019-03-07,2019030701004574,NICL,45,32,500,380.00,"190,000.00"
2019-03-07,2019030701004573,NICL,45,46,190,380.00,"72,200.00"
2019-03-07,2019030701004572,NICL,45,25,500,379.00,"189,500.00"
2019-03-07,2019030701004571,NICL,45,56,50,379.00,"18,950.00"
2019-03-07,2019030701004570,NICL,45,32,400,379.00,"151,600.00"
2019-03-07,2019030701004578,NICL,45,7,50,380.00,"19,000.00"
2019-03-07,2019030701004577,NICL,45,7,50,380.00,"19,000.00"
2019-03-07,2019030701004576,NICL,45,42,82,380.00,"31,160.00"
2019-03-07,2019030701004815,NIL,50,28,200,523.00,"104,600.00"
2019-03-07,2019030701004810,NIL,7,28,10,523.00,"5,230.00"
2019-03-07,2019030701004631,NIL,57,28,177,523.00,"92,571.00"
2019-03-07,2019030701004564,NIL,39,28,50,523.00,"26,150.00"
2019-03-07,2019030701004539,NIL,10,28,73,522.00,"38,106.00"
2019-03-07,2019030701004535,NIL,43,28,100,522.00,"52,200.00"
2019-03-07,2019030701004983,NLBBL,58,17,150,470.00,"70,500.00"
2019-03-07,2019030701004582,NLG,7,6,10,823.00,"8,230.00"
2019-03-07,2019030701005005,NLIC,8,8,3,"1,100.00","3,300.00"
2019-03-07,2019030701004993,NLIC,19,42,20,"1,106.00","22,120.00"
2019-03-07,2019030701004929,NLIC,19,59,17,"1,106.00","18,802.00"
2019-03-07,2019030701004928,NLIC,19,7,28,"1,106.00","30,968.00"
2019-03-07,2019030701004925,NLIC,49,16,100,"1,105.00","110,500.00"
2019-03-07,2019030701004886,NLIC,50,25,100,"1,105.00","110,500.00"
2019-03-07,2019030701004600,NLIC,45,29,87,"1,103.00","95,961.00"
2019-03-07,2019030701004580,NLIC,58,29,13,"1,103.00","14,339.00"
2019-03-07,2019030701004522,NLIC,14,55,20,"1,102.00","22,040.00"
2019-03-07,2019030701004665,NLIC,37,37,17,"1,103.00","18,751.00"
2019-03-07,2019030701004605,NLIC,45,20,"3,133","1,105.00","3,461,965.00"
2019-03-07,2019030701004604,NLIC,45,1,60,"1,105.00","66,300.00"
2019-03-07,2019030701004603,NLIC,45,50,20,"1,104.00","22,080.00"
2019-03-07,2019030701004602,NLIC,45,8,100,"1,104.00","110,400.00"
2019-03-07,2019030701004601,NLIC,45,5,100,"1,104.00","110,400.00"
2019-03-07,2019030701004885,NLIC,50,17,17,"1,105.00","18,785.00"
2019-03-07,2019030701004800,NLIC,20,17,13,"1,105.00","14,365.00"
2019-03-07,2019030701004779,NLIC,13,47,17,"1,102.00","18,734.00"
2019-03-07,2019030701004682,NLIC,41,52,50,"1,105.00","55,250.00"
2019-03-07,2019030701004681,NLIC,41,42,49,"1,105.00","54,145.00"
2019-03-07,2019030701004680,NLIC,41,20,367,"1,105.00","405,535.00"
2019-03-07,2019030701004931,NLICL,52,43,200,650.00,"130,000.00"
2019-03-07,2019030701004910,NLICL,21,28,40,654.00,"26,160.00"
2019-03-07,2019030701004901,NLICL,26,32,100,653.00,"65,300.00"
2019-03-07,2019030701004687,NLICL,25,32,43,651.00,"27,993.00"
2019-03-07,2019030701004987,NMB,32,28,100,312.00,"31,200.00"
2019-03-07,2019030701004907,NMB,45,56,30,313.00,"9,390.00"
2019-03-07,2019030701004859,NMB,45,56,500,313.00,"156,500.00"
2019-03-07,2019030701004839,NMB,32,53,277,312.00,"86,424.00"
2019-03-07,2019030701004838,NMB,42,53,23,312.00,"7,176.00"
2019-03-07,2019030701004835,NMB,45,56,400,313.00,"125,200.00"
2019-03-07,2019030701004563,NMB,42,17,11,312.00,"3,432.00"
2019-03-07,2019030701004561,NMB,42,21,20,312.00,"6,240.00"
2019-03-07,2019030701004834,NMB,45,22,100,313.00,"31,300.00"
2019-03-07,2019030701004833,NMB,45,43,100,313.00,"31,300.00"
2019-03-07,2019030701004788,NMB,32,43,300,313.00,"93,900.00"
2019-03-07,2019030701004774,NMB,38,43,100,313.00,"31,300.00"
2019-03-07,2019030701004641,NMB,42,25,77,312.00,"24,024.00"
2019-03-07,2019030701004640,NMB,42,25,78,312.00,"24,336.00"
2019-03-07,2019030701004889,NMBSF1,25,28,"10,000",10.18,"101,800.00"
2019-03-07,2019030701004853,NNLB,48,25,75,470.00,"35,250.00"
2019-03-07,2019030701004852,NNLB,48,58,10,470.00,"4,700.00"
2019-03-07,2019030701004844,NNLB,48,29,10,465.00,"4,650.00"
2019-03-07,2019030701004590,NSEWA,39,22,60,560.00,"33,600.00"
2019-03-07,2019030701004589,NSEWA,39,54,60,560.00,"33,600.00"
2019-03-07,2019030701004588,NSEWA,39,17,10,560.00,"5,600.00"
2019-03-07,2019030701004537,NSEWA,39,45,10,550.00,"5,500.00"
2019-03-07,2019030701004560,NTC,6,34,360,680.00,"244,800.00"
2019-03-07,2019030701004949,NUBL,38,16,10,725.00,"7,250.00"
2019-03-07,2019030701004948,NUBL,38,5,67,725.00,"48,575.00"
2019-03-07,2019030701004811,PFL,42,1,39,130.00,"5,070.00"
2019-03-07,2019030701004538,PFL,48,58,13,131.00,"1,703.00"
2019-03-07,2019030701004981,PIC,16,25,50,"1,032.00","51,600.00"
2019-03-07,2019030701004954,PIC,49,39,11,"1,030.00","11,330.00"
2019-03-07,2019030701004953,PIC,49,13,50,"1,030.00","51,500.00"
2019-03-07,2019030701004952,PIC,49,28,400,"1,030.00","412,000.00"
2019-03-07,2019030701004951,PIC,49,19,200,"1,029.00","205,800.00"
2019-03-07,2019030701004950,PIC,49,5,143,"1,028.00","147,004.00"
2019-03-07,2019030701004627,PICL,39,35,100,690.00,"69,000.00"
2019-03-07,2019030701004626,PICL,39,37,205,690.00,"141,450.00"
2019-03-07,2019030701004594,PICL,58,32,200,689.00,"137,800.00"
2019-03-07,2019030701004593,PICL,58,45,100,688.00,"68,800.00"
2019-03-07,2019030701004956,PLIC,16,7,15,447.00,"6,705.00"
2019-03-07,2019030701004955,PLIC,35,7,100,447.00,"44,700.00"
2019-03-07,2019030701004738,PLIC,7,43,100,450.00,"45,000.00"
2019-03-07,2019030701004737,PLIC,7,16,262,450.00,"117,900.00"
2019-03-07,2019030701004736,PLIC,7,51,30,449.00,"13,470.00"
2019-03-07,2019030701004675,PLIC,35,16,138,450.00,"62,100.00"
2019-03-07,2019030701004674,PLIC,35,29,112,450.00,"50,400.00"
2019-03-07,2019030701004921,PMHPL,47,29,10,112.00,"1,120.00"
2019-03-07,2019030701004909,PMHPL,28,8,10,114.00,"1,140.00"
2019-03-07,2019030701004865,PMHPL,28,8,10,114.00,"1,140.00"
2019-03-07,2019030701004847,PMHPL,28,8,10,114.00,"1,140.00"
2019-03-07,2019030701004807,PMHPL,28,39,100,114.00,"11,400.00"
2019-03-07,2019030701004806,PMHPL,28,43,10,114.00,"1,140.00"
2019-03-07,2019030701004666,PMHPL,47,8,10,112.00,"1,120.00"
2019-03-07,2019030701004805,PMHPL,28,46,150,114.00,"17,100.00"
2019-03-07,2019030701004804,PMHPL,28,29,10,113.00,"1,130.00"
2019-03-07,2019030701004780,PMHPL,47,8,10,112.00,"1,120.00"
2019-03-07,2019030701004752,PMHPL,47,8,10,112.00,"1,120.00"
2019-03-07,2019030701004685,PMHPL,47,29,10,112.00,"1,120.00"
2019-03-07,2019030701004684,PMHPL,47,47,10,112.00,"1,120.00"
2019-03-07,2019030701005003,PRIN,42,42,100,415.00,"41,500.00"
2019-03-07,2019030701004965,PRIN,58,45,250,414.00,"103,500.00"
2019-03-07,2019030701004944,PRIN,34,45,300,414.00,"124,200.00"
2019-03-07,2019030701004851,PRIN,49,45,200,414.00,"82,800.00"
2019-03-07,2019030701004822,PRIN,14,45,150,414.00,"62,100.00"
2019-03-07,2019030701004764,PRIN,35,45,100,414.00,"41,400.00"
2019-03-07,2019030701004829,PRVU,43,56,"1,000",224.00,"224,000.00"
2019-03-07,2019030701004828,PRVU,43,19,180,224.00,"40,320.00"
2019-03-07,2019030701004827,PRVU,43,59,140,224.00,"31,360.00"
2019-03-07,2019030701004826,PRVU,43,28,500,224.00,"112,000.00"
2019-03-07,2019030701004825,PRVU,43,56,"1,000",223.00,"223,000.00"
2019-03-07,2019030701004676,PRVU,5,56,100,222.00,"22,200.00"
2019-03-07,2019030701004584,PRVU,34,48,185,221.00,"40,885.00"
2019-03-07,2019030701004583,PRVU,51,48,228,221.00,"50,388.00"
2019-03-07,2019030701004902,PURBL,10,38,106,185.00,"19,610.00"
2019-03-07,2019030701004846,RBCL,34,38,10,"9,300.00","93,000.00"
2019-03-07,2019030701004986,RLFL,1,25,315,114.00,"35,910.00"
2019-03-07,2019030701004842,RLFL,37,25,100,114.00,"11,400.00"
2019-03-07,2019030701004775,RLFL,1,37,10,112.00,"1,120.00"
2019-03-07,2019030701004924,RMDC,39,59,57,530.00,"30,210.00"
2019-03-07,2019030701004547,RMDC,44,55,60,539.00,"32,340.00"
2019-03-07,2019030701004716,SANIMA,40,38,80,298.00,"23,840.00"
2019-03-07,2019030701004715,SANIMA,43,38,12,298.00,"3,576.00"
2019-03-07,2019030701004667,SANIMA,43,56,20,298.00,"5,960.00"
2019-03-07,2019030701004868,SBI,48,34,37,380.00,"14,060.00"
2019-03-07,2019030701004860,SBI,49,28,241,382.00,"92,062.00"
2019-03-07,2019030701004714,SBI,8,28,249,382.00,"95,118.00"
2019-03-07,2019030701004713,SBI,8,19,51,382.00,"19,482.00"
2019-03-07,2019030701004649,SBI,21,28,10,382.00,"3,820.00"
2019-03-07,2019030701004585,SBI,45,21,321,381.00,"122,301.00"
2019-03-07,2019030701004936,SBL,35,1,395,284.00,"112,180.00"
2019-03-07,2019030701004935,SBL,35,39,30,284.00,"8,520.00"
2019-03-07,2019030701004934,SBL,35,6,300,284.00,"85,200.00"
2019-03-07,2019030701004933,SBL,35,8,275,284.00,"78,100.00"
2019-03-07,2019030701004898,SBL,42,56,449,283.00,"127,067.00"
2019-03-07,2019030701004897,SBL,6,56,51,283.00,"14,433.00"
2019-03-07,2019030701004824,SBL,6,57,49,283.00,"13,867.00"
2019-03-07,2019030701004823,SBL,6,44,100,283.00,"28,300.00"
2019-03-07,2019030701004761,SBL,51,51,150,282.00,"42,300.00"
2019-03-07,2019030701004701,SBL,50,42,674,281.00,"189,394.00"
2019-03-07,2019030701004700,SBL,50,32,20,281.00,"5,620.00"
2019-03-07,2019030701004699,SBL,50,32,37,281.00,"10,397.00"
2019-03-07,2019030701004625,SEF,53,58,900,9.20,"8,280.00"
2019-03-07,2019030701004624,SEF,43,58,100,9.21,921.00
2019-03-07,2019030701004957,SHINE,36,38,20,240.00,"4,800.00"
2019-03-07,2019030701004698,SHINE,14,58,120,241.00,"28,920.00"
2019-03-07,2019030701004686,SHINE,14,58,"1,000",240.00,"240,000.00"
2019-03-07,2019030701004599,SHPC,41,47,33,223.00,"7,359.00"
2019-03-07,2019030701004867,SIC,33,59,50,"1,286.00","64,300.00"
2019-03-07,2019030701004992,SICL,42,28,46,875.00,"40,250.00"
2019-03-07,2019030701004991,SICL,22,28,54,875.00,"47,250.00"
2019-03-07,2019030701004795,SICL,22,38,46,875.00,"40,250.00"
2019-03-07,2019030701004794,SICL,50,38,50,875.00,"43,750.00"
2019-03-07,2019030701004793,SICL,13,38,10,879.00,"8,790.00"
2019-03-07,2019030701004581,SICL,21,58,50,880.00,"44,000.00"
2019-03-07,2019030701004517,SICL,25,58,420,880.00,"369,600.00"
2019-03-07,2019030701004516,SICL,25,40,80,880.00,"70,400.00"
2019-03-07,2019030701004969,SIL,43,44,238,610.00,"145,180.00"
2019-03-07,2019030701004717,SIL,53,5,64,609.00,"38,976.00"
2019-03-07,2019030701004694,SIL,34,44,262,610.00,"159,820.00"
2019-03-07,2019030701004693,SIL,34,52,100,607.00,"60,700.00"
2019-03-07,2019030701004692,SIL,34,48,50,606.00,"30,300.00"
2019-03-07,2019030701004691,SIL,34,37,17,606.00,"10,302.00"
2019-03-07,2019030701004521,SKBBL,56,44,50,860.00,"43,000.00"
2019-03-07,2019030701004523,SLBBL,14,56,100,503.00,"50,300.00"
2019-03-07,2019030701004720,SLBBL,52,32,140,504.00,"70,560.00"
2019-03-07,2019030701004723,SLBBL,52,44,40,508.00,"20,320.00"
2019-03-07,2019030701004722,SLBBL,52,19,100,508.00,"50,800.00"
2019-03-07,2019030701004721,SLBBL,52,34,138,505.00,"69,690.00"
2019-03-07,2019030701004881,SLBS,58,45,36,979.00,"35,244.00"
2019-03-07,2019030701004880,SLBS,58,14,36,975.00,"35,100.00"
2019-03-07,2019030701004879,SLBS,58,54,10,970.00,"9,700.00"
2019-03-07,2019030701004878,SLBS,58,58,13,969.00,"12,597.00"
2019-03-07,2019030701004877,SLBS,58,8,15,960.00,"14,400.00"
2019-03-07,2019030701004785,SLBSL,49,38,10,777.00,"7,770.00"
2019-03-07,2019030701004784,SLBSL,49,26,10,777.00,"7,770.00"
2019-03-07,2019030701004783,SLBSL,49,45,10,777.00,"7,770.00"
2019-03-07,2019030701004782,SLBSL,49,5,20,776.00,"15,520.00"
2019-03-07,2019030701004672,SLBSL,18,8,10,769.00,"7,690.00"
2019-03-07,2019030701004670,SLBSL,58,58,20,775.00,"15,500.00"
2019-03-07,2019030701004550,SLBSL,59,19,10,775.00,"7,750.00"
2019-03-07,2019030701004549,SLBSL,59,35,10,775.00,"7,750.00"
2019-03-07,2019030701004548,SLBSL,59,8,10,775.00,"7,750.00"
2019-03-07,2019030701004520,SLBSL,59,38,10,774.00,"7,740.00"
2019-03-07,2019030701004519,SLBSL,59,38,10,774.00,"7,740.00"
2019-03-07,2019030701004819,SLICL,33,56,180,535.00,"96,300.00"
2019-03-07,2019030701004818,SLICL,33,1,100,534.00,"53,400.00"
2019-03-07,2019030701004741,SLICL,38,51,20,534.00,"10,680.00"
2019-03-07,2019030701004677,SLICL,38,56,20,535.00,"10,700.00"
2019-03-07,2019030701004546,SMFDB,50,56,90,637.00,"57,330.00"
2019-03-07,2019030701004545,SMFDB,7,56,100,638.00,"63,800.00"
2019-03-07,2019030701004544,SMFDB,58,56,50,640.00,"32,000.00"
2019-03-07,2019030701004709,SRBL,54,54,8,211.00,"1,688.00"
2019-03-07,2019030701004534,SRBL,35,41,271,214.00,"57,994.00"
2019-03-07,2019030701004533,SRBL,35,42,505,214.00,"108,070.00"
2019-03-07,2019030701004532,SRBL,35,55,100,214.00,"21,400.00"
2019-03-07,2019030701004531,SRBL,35,6,300,214.00,"64,200.00"
2019-03-07,2019030701004530,SRBL,35,14,500,213.00,"106,500.00"
2019-03-07,2019030701004529,SRBL,35,29,200,213.00,"42,600.00"
2019-03-07,2019030701004528,SRBL,35,46,100,213.00,"21,300.00"
2019-03-07,2019030701004527,SRBL,35,56,100,211.00,"21,100.00"
2019-03-07,2019030701004526,SRBL,35,29,199,211.00,"41,989.00"
2019-03-07,2019030701004817,SWBBL,1,13,50,815.00,"40,750.00"
2019-03-07,2019030701004579,SWBBL,40,41,30,814.00,"24,420.00"
2019-03-07,2019030701004994,UMHL,22,58,10,109.00,"1,090.00"
2019-03-07,2019030701004978,UPPER,35,26,40,228.00,"9,120.00"
2019-03-07,2019030701004943,UPPER,35,39,50,228.00,"11,400.00"
2019-03-07,2019030701004913,UPPER,35,39,40,228.00,"9,120.00"
2019-03-07,2019030701004912,UPPER,35,40,100,228.00,"22,800.00"
2019-03-07,2019030701004899,UPPER,35,8,50,228.00,"11,400.00"
2019-03-07,2019030701004613,UPPER,21,44,40,229.00,"9,160.00"
2019-03-07,2019030701004536,UPPER,35,8,50,228.00,"11,400.00"
2019-03-07,2019030701004518,UPPER,35,8,50,228.00,"11,400.00"
2019-03-07,2019030701004652,UPPER,35,29,50,228.00,"11,400.00"
2019-03-07,2019030701004618,UPPER,21,8,20,229.00,"4,580.00"
2019-03-07,2019030701004617,UPPER,21,8,50,229.00,"11,450.00"
2019-03-07,2019030701004616,UPPER,21,54,100,229.00,"22,900.00"
2019-03-07,2019030701004615,UPPER,21,7,50,229.00,"11,450.00"
2019-03-07,2019030701004614,UPPER,21,44,40,229.00,"9,160.00"
2019-03-07,2019030701004718,UPPER,35,29,40,228.00,"9,120.00"
2019-03-07,2019030701004710,UPPER,35,29,40,228.00,"9,120.00"
2019-03-07,2019030701004702,UPPER,35,29,50,228.00,"11,400.00"
2019-03-07,2019030701004664,UPPER,35,29,40,228.00,"9,120.00"
2019-03-07,2019030701004765,UPPER,35,1,50,228.00,"11,400.00"
2019-03-07,2019030701004755,UPPER,35,39,50,228.00,"11,400.00"
2019-03-07,2019030701004742,UPPER,35,8,50,228.00,"11,400.00"
2019-03-07,2019030701004896,UPPER,35,29,50,228.00,"11,400.00"
2019-03-07,2019030701004866,UPPER,35,7,50,228.00,"11,400.00"
2019-03-07,2019030701004856,UPPER,35,8,50,228.00,"11,400.00"
2019-03-07,2019030701004843,UPPER,35,8,40,228.00,"9,120.00"
2019-03-07,2019030701004814,UPPER,35,8,40,228.00,"9,120.00"
2019-03-07,2019030701004799,UPPER,35,8,50,228.00,"11,400.00"
2019-03-07,2019030701004989,VLBS,50,37,80,685.00,"54,800.00"
2019-03-07,2019030701004988,VLBS,50,13,20,677.00,"13,540.00"
2019-03-07,2019030701004964,VLBS,49,42,10,676.00,"6,760.00"
2019-03-07,2019030701004142,ADBL,26,16,180,293.00,"52,740.00"
2019-03-07,2019030701004141,ADBL,26,45,30,292.00,"8,760.00"
2019-03-07,2019030701004387,AHPC,32,58,990,101.00,"99,990.00"
2019-03-07,2019030701004341,AHPC,57,25,500,100.00,"50,000.00"
2019-03-07,2019030701004247,AHPC,48,25,500,100.00,"50,000.00"
2019-03-07,2019030701004276,AKJCL,34,57,20,79.00,"1,580.00"
2019-03-07,2019030701004275,AKJCL,34,57,10,79.00,790.00
2019-03-07,2019030701004162,AKJCL,21,19,10,78.00,780.00
2019-03-07,2019030701004031,AKJCL,21,16,20,78.00,"1,560.00"
2019-03-07,2019030701004412,AKPL,22,42,79,165.00,"13,035.00"
2019-03-07,2019030701004338,ALICL,17,44,30,395.00,"11,850.00"
2019-03-07,2019030701004337,ALICL,17,44,470,395.00,"185,650.00"
2019-03-07,2019030701004170,ALICL,25,44,30,395.00,"11,850.00"
2019-03-07,2019030701004169,ALICL,25,11,20,395.00,"7,900.00"
2019-03-07,2019030701004307,API,25,59,50,128.00,"6,400.00"
2019-03-07,2019030701004304,API,25,42,120,127.00,"15,240.00"
2019-03-07,2019030701004278,API,48,42,300,127.00,"38,100.00"
2019-03-07,2019030701004450,BOKL,13,51,51,244.00,"12,444.00"
2019-03-07,2019030701004440,BOKL,13,51,100,244.00,"24,400.00"
2019-03-07,2019030701004429,BOKL,35,51,50,244.00,"12,200.00"
2019-03-07,2019030701004303,BPCL,42,26,10,344.00,"3,440.00"
2019-03-07,2019030701004255,BPCL,42,26,10,344.00,"3,440.00"
2019-03-07,2019030701004221,BPCL,42,26,10,344.00,"3,440.00"
2019-03-07,2019030701004254,CBBL,47,37,20,882.00,"17,640.00"
2019-03-07,2019030701004119,CBBL,29,37,200,882.00,"176,400.00"
2019-03-07,2019030701004297,CBL,58,52,210,150.00,"31,500.00"
2019-03-07,2019030701004224,CBL,58,56,"1,000",150.00,"150,000.00"
2019-03-07,2019030701004220,CBL,25,56,"1,000",150.00,"150,000.00"
2019-03-07,2019030701004404,CCBL,32,54,183,162.00,"29,646.00"
2019-03-07,2019030701004403,CCBL,32,25,"1,000",162.00,"162,000.00"
2019-03-07,2019030701004402,CCBL,32,25,100,162.00,"16,200.00"
2019-03-07,2019030701004344,CCBL,16,53,11,161.00,"1,771.00"
2019-03-07,2019030701004372,CFCL,49,49,10,107.00,"1,070.00"
2019-03-07,2019030701004427,CHCL,32,56,32,505.00,"16,160.00"
2019-03-07,2019030701004269,CHCL,1,32,35,505.00,"17,675.00"
2019-03-07,2019030701004386,CHLBS,5,8,10,561.00,"5,610.00"
2019-03-07,2019030701004376,CHLBS,5,8,10,561.00,"5,610.00"
2019-03-07,2019030701004362,CHLBS,5,8,10,561.00,"5,610.00"
2019-03-07,2019030701004336,CHLBS,5,8,10,561.00,"5,610.00"
2019-03-07,2019030701004328,CHLBS,5,8,10,561.00,"5,610.00"
2019-03-07,2019030701004316,CHLBS,5,8,10,561.00,"5,610.00"
2019-03-07,2019030701004109,CHLBS,19,8,10,564.00,"5,640.00"
2019-03-07,2019030701004108,CHLBS,19,48,10,564.00,"5,640.00"
2019-03-07,2019030701004107,CHLBS,19,33,10,564.00,"5,640.00"
2019-03-07,2019030701004115,CHLBS,19,38,10,567.00,"5,670.00"
2019-03-07,2019030701004114,CHLBS,19,47,20,567.00,"11,340.00"
2019-03-07,2019030701004113,CHLBS,19,26,10,565.00,"5,650.00"
2019-03-07,2019030701004112,CHLBS,19,39,10,565.00,"5,650.00"
2019-03-07,2019030701004111,CHLBS,19,39,10,565.00,"5,650.00"
2019-03-07,2019030701004110,CHLBS,19,39,10,565.00,"5,650.00"
2019-03-07,2019030701004408,CIT,58,14,40,"2,570.00","102,800.00"
2019-03-07,2019030701004390,CIT,51,14,10,"2,570.00","25,700.00"
2019-03-07,2019030701004351,CIT,34,42,400,"2,572.00","1,028,800.00"
2019-03-07,2019030701004350,CIT,34,55,10,"2,572.00","25,720.00"
2019-03-07,2019030701004349,CIT,34,55,58,"2,570.00","149,060.00"
2019-03-07,2019030701004030,CIT,26,55,10,"2,570.00","25,700.00"
2019-03-07,2019030701004261,CZBIL,51,11,34,205.00,"6,970.00"
2019-03-07,2019030701004035,CZBIL,1,11,266,205.00,"54,530.00"
2019-03-07,2019030701004103,DDBL,54,25,50,596.00,"29,800.00"
2019-03-07,2019030701004442,EBL,39,44,50,519.00,"25,950.00"
2019-03-07,2019030701004332,EBL,14,6,200,518.00,"103,600.00"
2019-03-07,2019030701004291,EBL,48,6,100,518.00,"51,800.00"
2019-03-07,2019030701004457,EIC,51,11,100,810.00,"81,000.00"
2019-03-07,2019030701004456,EIC,5,11,50,811.00,"40,550.00"
2019-03-07,2019030701004027,EIC,5,34,40,825.00,"33,000.00"
2019-03-07,2019030701004026,EIC,5,11,60,825.00,"49,500.00"
2019-03-07,2019030701004466,FOWAD,45,47,30,"1,559.00","46,770.00"
2019-03-07,2019030701004465,FOWAD,45,32,50,"1,559.00","77,950.00"
2019-03-07,2019030701004383,FOWAD,33,45,10,"1,555.00","15,550.00"
2019-03-07,2019030701004495,GBBL,43,50,200,185.00,"37,000.00"
2019-03-07,2019030701004348,GBBL,5,53,100,184.00,"18,400.00"
2019-03-07,2019030701004149,GBBL,48,50,89,185.00,"16,465.00"
2019-03-07,2019030701004148,GBBL,48,1,11,184.00,"2,024.00"
2019-03-07,2019030701004478,GBLBS,52,11,150,442.00,"66,300.00"
2019-03-07,2019030701004099,GDBL,48,34,100,182.00,"18,200.00"
2019-03-07,2019030701004430,GLICL,46,26,100,709.00,"70,900.00"
2019-03-07,2019030701004425,GLICL,50,26,50,709.00,"35,450.00"
2019-03-07,2019030701004159,GLICL,32,26,50,709.00,"35,450.00"
2019-03-07,2019030701004158,GLICL,32,25,50,709.00,"35,450.00"
2019-03-07,2019030701004056,GLICL,10,39,100,708.00,"70,800.00"
2019-03-07,2019030701004055,GLICL,10,32,500,707.00,"353,500.00"
2019-03-07,2019030701004398,HGI,34,7,50,386.00,"19,300.00"
2019-03-07,2019030701004358,HGI,25,54,100,385.00,"38,500.00"
2019-03-07,2019030701004357,HGI,25,25,30,385.00,"11,550.00"
2019-03-07,2019030701004342,HGI,45,5,50,384.00,"19,200.00"
2019-03-07,2019030701004219,HGI,49,54,35,383.00,"13,405.00"
2019-03-07,2019030701004239,HIDCL,26,28,300,133.00,"39,900.00"
2019-03-07,2019030701004238,HIDCL,26,8,"3,010",133.00,"400,330.00"
2019-03-07,2019030701004237,HIDCL,26,28,800,133.00,"106,400.00"
2019-03-07,2019030701004236,HIDCL,26,32,500,133.00,"66,500.00"
2019-03-07,2019030701004235,HIDCL,26,46,500,133.00,"66,500.00"
2019-03-07,2019030701004118,HIDCL,39,57,56,131.00,"7,336.00"
2019-03-07,2019030701004049,HIDCL,39,1,200,131.00,"26,200.00"
2019-03-07,2019030701004251,JBBL,42,16,500,135.00,"67,500.00"
2019-03-07,2019030701004250,JBBL,42,51,55,135.00,"7,425.00"
2019-03-07,2019030701004212,JBNL,35,36,100,168.00,"16,800.00"
2019-03-07,2019030701004211,JBNL,35,58,"3,000",168.00,"504,000.00"
2019-03-07,2019030701004210,JBNL,35,43,12,168.00,"2,016.00"
2019-03-07,2019030701004209,JBNL,35,59,150,168.00,"25,200.00"
2019-03-07,2019030701004208,JBNL,35,57,500,168.00,"84,000.00"
2019-03-07,2019030701004207,JBNL,35,59,200,168.00,"33,600.00"
2019-03-07,2019030701004206,JBNL,35,55,371,168.00,"62,328.00"
2019-03-07,2019030701004205,JBNL,35,58,523,168.00,"87,864.00"
2019-03-07,2019030701004094,JEFL,34,32,200,146.00,"29,200.00"
2019-03-07,2019030701004093,JEFL,34,1,200,146.00,"29,200.00"
2019-03-07,2019030701004092,JEFL,34,1,500,146.00,"73,000.00"
2019-03-07,2019030701004091,JEFL,34,53,200,145.00,"29,000.00"
2019-03-07,2019030701004090,JEFL,34,47,450,145.00,"65,250.00"
2019-03-07,2019030701004262,JFL,46,3,"1,000",163.00,"163,000.00"
2019-03-07,2019030701004185,JFL,49,39,605,163.00,"98,615.00"
2019-03-07,2019030701004101,KBBL,16,42,"1,000",209.00,"209,000.00"
2019-03-07,2019030701004496,KBL,5,44,50,234.00,"11,700.00"
2019-03-07,2019030701004439,KBL,19,42,100,232.00,"23,200.00"
2019-03-07,2019030701004283,KBL,26,8,500,233.00,"116,500.00"
2019-03-07,2019030701004282,KBL,26,41,739,233.00,"172,187.00"
2019-03-07,2019030701004256,KBL,17,6,99,232.00,"22,968.00"
2019-03-07,2019030701004161,KKHC,25,16,10,71.00,710.00
2019-03-07,2019030701004234,KMFL,10,34,16,878.00,"14,048.00"
2019-03-07,2019030701004166,KMFL,13,22,29,875.00,"25,375.00"
2019-03-07,2019030701004061,KPCL,13,7,10,93.00,930.00
2019-03-07,2019030701004060,KPCL,13,11,10,93.00,930.00
2019-03-07,2019030701004062,KPCL,13,11,10,93.00,930.00
2019-03-07,2019030701004490,KSBBL,20,28,29,137.00,"3,973.00"
2019-03-07,2019030701004489,KSBBL,20,33,40,137.00,"5,480.00"
2019-03-07,2019030701004419,KSBBL,20,38,350,136.00,"47,600.00"
2019-03-07,2019030701004361,KSBBL,21,38,650,136.00,"88,400.00"
2019-03-07,2019030701004360,KSBBL,21,45,350,136.00,"47,600.00"
2019-03-07,2019030701004343,KSBBL,20,32,"1,481",135.00,"199,935.00"
2019-03-07,2019030701004279,KSBBL,32,43,145,134.00,"19,430.00"
2019-03-07,2019030701004233,KSBBL,32,6,17,134.00,"2,278.00"
2019-03-07,2019030701004232,KSBBL,28,6,107,134.00,"14,338.00"
2019-03-07,2019030701004513,LBBL,4,25,500,172.00,"86,000.00"
2019-03-07,2019030701004512,LBL,5,13,50,190.00,"9,500.00"
2019-03-07,2019030701004474,LBL,21,13,150,190.00,"28,500.00"
2019-03-07,2019030701004473,LBL,21,47,350,190.00,"66,500.00"
2019-03-07,2019030701004413,LBL,19,16,"1,000",190.00,"190,000.00"
2019-03-07,2019030701004164,LBL,41,42,100,189.00,"18,900.00"
2019-03-07,2019030701004397,LGIL,49,19,20,516.00,"10,320.00"
2019-03-07,2019030701004396,LGIL,49,39,100,515.00,"51,500.00"
2019-03-07,2019030701004395,LGIL,49,51,250,515.00,"128,750.00"
2019-03-07,2019030701004394,LGIL,49,48,200,515.00,"103,000.00"
2019-03-07,2019030701004393,LGIL,49,34,50,513.00,"25,650.00"
2019-03-07,2019030701004392,LGIL,49,28,200,513.00,"102,600.00"
2019-03-07,2019030701004391,LGIL,49,32,50,512.00,"25,600.00"
2019-03-07,2019030701004335,LGIL,38,32,50,512.00,"25,600.00"
2019-03-07,2019030701004334,LGIL,38,45,200,510.00,"102,000.00"
2019-03-07,2019030701004420,MBL,34,47,200,215.00,"43,000.00"
2019-03-07,2019030701004315,MBL,34,55,50,215.00,"10,750.00"
2019-03-07,2019030701004314,MBL,34,55,50,215.00,"10,750.00"
2019-03-07,2019030701004313,MBL,34,46,500,215.00,"107,500.00"
2019-03-07,2019030701004312,MBL,34,8,300,215.00,"64,500.00"
2019-03-07,2019030701004311,MBL,34,39,200,215.00,"43,000.00"
2019-03-07,2019030701004310,MBL,34,52,"1,000",215.00,"215,000.00"
2019-03-07,2019030701004302,MBL,25,22,100,214.00,"21,400.00"
2019-03-07,2019030701004301,MBL,25,44,300,214.00,"64,200.00"
2019-03-07,2019030701004300,MBL,25,1,200,214.00,"42,800.00"
2019-03-07,2019030701004299,MBL,25,1,100,213.00,"21,300.00"
2019-03-07,2019030701004298,MBL,25,42,59,212.00,"12,508.00"
2019-03-07,2019030701004384,MEGA,59,55,500,161.00,"80,500.00"
2019-03-07,2019030701004242,MEGA,25,50,310,160.00,"49,600.00"
2019-03-07,2019030701004160,MEGA,59,50,"1,000",160.00,"160,000.00"
2019-03-07,2019030701004127,MEGA,32,50,54,160.00,"8,640.00"
2019-03-07,2019030701004126,MEGA,32,56,500,160.00,"80,000.00"
2019-03-07,2019030701004125,MEGA,32,48,446,160.00,"71,360.00"
2019-03-07,2019030701004105,MEGA,1,48,554,160.00,"88,640.00"
2019-03-07,2019030701004104,MEGA,1,32,446,160.00,"71,360.00"
2019-03-07,2019030701004097,MEGA,1,32,500,160.00,"80,000.00"
2019-03-07,2019030701004059,MEGA,48,46,50,159.00,"7,950.00"
2019-03-07,2019030701004197,MIDBL,47,57,160,152.00,"24,320.00"
2019-03-07,2019030701004454,MLBBL,48,57,100,600.00,"60,000.00"
2019-03-07,2019030701004352,MLBL,4,39,10,166.00,"1,660.00"
2019-03-07,2019030701004322,MMFDB,58,37,46,945.00,"43,470.00"
2019-03-07,2019030701004418,MNBBL,14,49,55,339.00,"18,645.00"
2019-03-07,2019030701004355,MNBBL,17,14,300,340.00,"102,000.00"
2019-03-07,2019030701004354,MSLB,57,11,16,"1,337.00","21,392.00"
2019-03-07,2019030701004471,NABIL,43,35,50,688.00,"34,400.00"
2019-03-07,2019030701004426,NABIL,45,35,200,688.00,"137,600.00"
2019-03-07,2019030701004124,NABIL,17,44,200,689.00,"137,800.00"
2019-03-07,2019030701004123,NABIL,17,3,100,688.00,"68,800.00"
2019-03-07,2019030701004122,NABIL,17,35,400,688.00,"275,200.00"
2019-03-07,2019030701004441,NADEP,29,56,10,691.00,"6,910.00"
2019-03-07,2019030701004053,NADEP,5,4,10,684.00,"6,840.00"
2019-03-07,2019030701004179,NADEP,5,10,10,685.00,"6,850.00"
2019-03-07,2019030701004178,NADEP,5,45,10,685.00,"6,850.00"
2019-03-07,2019030701004177,NADEP,5,45,10,685.00,"6,850.00"
2019-03-07,2019030701004287,NBB,49,38,200,186.00,"37,200.00"
2019-03-07,2019030701004286,NBB,49,38,167,186.00,"31,062.00"
2019-03-07,2019030701004136,NBB,45,38,33,186.00,"6,138.00"
2019-03-07,2019030701004100,NBB,45,56,900,186.00,"167,400.00"
2019-03-07,2019030701004493,NBBL,25,17,60,650.00,"39,000.00"
2019-03-07,2019030701004492,NBBL,25,17,50,650.00,"32,500.00"
2019-03-07,2019030701004375,NBBL,32,17,10,650.00,"6,500.00"
2019-03-07,2019030701004324,NBBL,39,48,200,649.00,"129,800.00"
2019-03-07,2019030701004323,NBBL,39,21,10,649.00,"6,490.00"
2019-03-07,2019030701004506,NBL,17,50,200,287.00,"57,400.00"
2019-03-07,2019030701004479,NBL,51,50,100,287.00,"28,700.00"
2019-03-07,2019030701004460,NBL,48,42,100,286.00,"28,600.00"
2019-03-07,2019030701004411,NBL,21,50,169,287.00,"48,503.00"
2019-03-07,2019030701004410,NBL,21,40,150,287.00,"43,050.00"
2019-03-07,2019030701004484,NCCB,16,16,5,207.00,"1,035.00"
2019-03-07,2019030701004472,NCCB,16,16,5,207.00,"1,035.00"
2019-03-07,2019030701004424,NCCB,16,58,87,210.00,"18,270.00"
2019-03-07,2019030701004288,NCCB,28,44,"1,000",209.00,"209,000.00"
2019-03-07,2019030701004264,NCCB,28,32,500,209.00,"104,500.00"
2019-03-07,2019030701004263,NCCB,28,7,500,209.00,"104,500.00"
2019-03-07,2019030701004133,NCCB,49,44,200,208.00,"41,600.00"
2019-03-07,2019030701004043,NCCB,8,44,500,208.00,"104,000.00"
2019-03-07,2019030701004042,NCCB,38,44,500,208.00,"104,000.00"
2019-03-07,2019030701004400,NCDB,55,40,40,116.00,"4,640.00"
2019-03-07,2019030701004168,NEF,45,54,"5,000",7.80,"39,000.00"
2019-03-07,2019030701004167,NEF,6,54,"2,000",7.80,"15,600.00"
2019-03-07,2019030701004330,NHPC,51,56,500,63.00,"31,500.00"
2019-03-07,2019030701004321,NIB,6,34,130,516.00,"67,080.00"
2019-03-07,2019030701004320,NIB,6,42,552,516.00,"284,832.00"
2019-03-07,2019030701004319,NIB,6,19,500,516.00,"258,000.00"
2019-03-07,2019030701004318,NIB,6,51,140,516.00,"72,240.00"
2019-03-07,2019030701004317,NIB,45,45,11,515.00,"5,665.00"
2019-03-07,2019030701004290,NIB,47,51,10,516.00,"5,160.00"
2019-03-07,2019030701004225,NIB,51,35,26,515.00,"13,390.00"
2019-03-07,2019030701004052,NIB,8,45,30,514.00,"15,420.00"
2019-03-07,2019030701004048,NIB,47,35,194,515.00,"99,910.00"
2019-03-07,2019030701004047,NIB,47,58,526,515.00,"270,890.00"
2019-03-07,2019030701004029,NIB,1,34,20,514.00,"10,280.00"
2019-03-07,2019030701004248,NIB,45,14,50,515.00,"25,750.00"
2019-03-07,2019030701004230,NIB,51,19,30,515.00,"15,450.00"
2019-03-07,2019030701004229,NIB,51,46,"1,000",515.00,"515,000.00"
2019-03-07,2019030701004228,NIB,51,42,37,515.00,"19,055.00"
2019-03-07,2019030701004227,NIB,51,35,100,515.00,"51,500.00"
2019-03-07,2019030701004226,NIB,51,35,221,515.00,"113,815.00"
2019-03-07,2019030701004294,NIBPO,49,59,20,472.00,"9,440.00"
2019-03-07,2019030701004186,NIBPO,17,59,30,472.00,"14,160.00"
2019-03-07,2019030701004072,NIBPO,49,59,50,472.00,"23,600.00"
2019-03-07,2019030701004447,NIBSF1,22,8,"7,263",8.98,"65,221.74"
2019-03-07,2019030701004483,NICA,45,49,100,391.00,"39,100.00"
2019-03-07,2019030701004482,NICA,45,54,100,391.00,"39,100.00"
2019-03-07,2019030701004459,NICA,45,49,50,390.00,"19,500.00"
2019-03-07,2019030701004458,NICA,45,58,785,390.00,"306,150.00"
2019-03-07,2019030701004382,NICA,57,58,215,390.00,"83,850.00"
2019-03-07,2019030701004381,NICA,57,34,132,390.00,"51,480.00"
2019-03-07,2019030701004130,NICA,43,25,350,390.00,"136,500.00"
2019-03-07,2019030701004129,NICA,43,1,600,389.00,"233,400.00"
2019-03-07,2019030701004380,NICA,57,57,100,390.00,"39,000.00"
2019-03-07,2019030701004379,NICA,57,36,400,390.00,"156,000.00"
2019-03-07,2019030701004378,NICA,57,53,30,390.00,"11,700.00"
2019-03-07,2019030701004377,NICA,57,43,123,390.00,"47,970.00"
2019-03-07,2019030701004281,NICA,16,32,16,388.00,"6,208.00"
2019-03-07,2019030701004131,NICA,43,22,100,390.00,"39,000.00"
2019-03-07,2019030701004498,NICL,45,51,200,377.00,"75,400.00"
2019-03-07,2019030701004497,NICL,45,40,300,377.00,"113,100.00"
2019-03-07,2019030701004333,NICL,26,40,200,377.00,"75,400.00"
2019-03-07,2019030701004024,NICL,45,58,250,378.00,"94,500.00"
2019-03-07,2019030701004023,NICL,45,35,100,378.00,"37,800.00"
2019-03-07,2019030701004022,NICL,45,34,200,378.00,"75,600.00"
2019-03-07,2019030701004021,NICL,45,40,450,376.00,"169,200.00"
2019-03-07,2019030701004020,NICL,45,51,200,375.00,"75,000.00"
2019-03-07,2019030701004487,NIL,10,28,28,522.00,"14,616.00"
2019-03-07,2019030701004486,NIL,10,21,50,522.00,"26,100.00"
2019-03-07,2019030701004485,NIL,10,54,22,521.00,"11,462.00"
2019-03-07,2019030701004308,NIL,57,5,123,520.00,"63,960.00"
2019-03-07,2019030701004329,NLBBL,58,33,11,470.00,"5,170.00"
2019-03-07,2019030701004295,NLG,39,55,320,820.00,"262,400.00"
2019-03-07,2019030701004475,NLIC,58,14,17,"1,102.00","18,734.00"
2019-03-07,2019030701004327,NLIC,10,10,3,"1,101.00","3,303.00"
2019-03-07,2019030701004249,NLIC,36,14,33,"1,102.00","36,366.00"
2019-03-07,2019030701004145,NLIC,36,59,42,"1,102.00","46,284.00"
2019-03-07,2019030701004144,NLIC,36,11,25,"1,102.00","27,550.00"
2019-03-07,2019030701004096,NLIC,41,6,50,"1,100.00","55,000.00"
2019-03-07,2019030701004095,NLIC,26,6,16,"1,100.00","17,600.00"
2019-03-07,2019030701004058,NLIC,26,48,17,"1,100.00","18,700.00"
2019-03-07,2019030701004054,NLIC,26,48,17,"1,100.00","18,700.00"
2019-03-07,2019030701004046,NLIC,1,48,17,"1,098.00","18,666.00"
2019-03-07,2019030701004028,NLIC,1,48,17,"1,098.00","18,666.00"
2019-03-07,2019030701004019,NLIC,1,48,17,"1,098.00","18,666.00"
2019-03-07,2019030701004480,NLICL,25,50,50,651.00,"32,550.00"
2019-03-07,2019030701004464,NLICL,52,21,50,650.00,"32,500.00"
2019-03-07,2019030701004463,NLICL,52,53,500,650.00,"325,000.00"
2019-03-07,2019030701004462,NLICL,52,58,200,650.00,"130,000.00"
2019-03-07,2019030701004422,NLICL,50,22,100,649.00,"64,900.00"
2019-03-07,2019030701004421,NLICL,50,59,50,649.00,"32,450.00"
2019-03-07,2019030701004245,NLICL,46,35,80,648.00,"51,840.00"
2019-03-07,2019030701004067,NLICL,5,48,50,648.00,"32,400.00"
2019-03-07,2019030701004468,NMB,42,25,391,312.00,"121,992.00"
2019-03-07,2019030701004401,NMB,43,25,109,312.00,"34,008.00"
2019-03-07,2019030701004277,NMB,43,36,400,313.00,"125,200.00"
2019-03-07,2019030701004193,NMB,36,36,100,313.00,"31,300.00"
2019-03-07,2019030701004176,NMB,43,33,341,312.00,"106,392.00"
2019-03-07,2019030701004175,NMB,43,41,100,312.00,"31,200.00"
2019-03-07,2019030701004174,NMB,43,11,50,312.00,"15,600.00"
2019-03-07,2019030701004173,NMB,43,11,100,312.00,"31,200.00"
2019-03-07,2019030701004172,NMB,43,46,100,311.00,"31,100.00"
2019-03-07,2019030701004171,NMB,43,29,"1,000",311.00,"311,000.00"
2019-03-07,2019030701004063,NMB,45,19,400,310.00,"124,000.00"
2019-03-07,2019030701004467,NMFBS,33,42,10,"1,680.00","16,800.00"
2019-03-07,2019030701004034,NNLB,16,16,120,456.00,"54,720.00"
2019-03-07,2019030701004033,NNLB,29,16,20,460.00,"9,200.00"
2019-03-07,2019030701004017,NNLB,5,16,150,464.00,"69,600.00"
2019-03-07,2019030701004016,NNLB,37,16,10,464.00,"4,640.00"
2019-03-07,2019030701004510,NSEWA,39,22,10,548.00,"5,480.00"
2019-03-07,2019030701004231,NSEWA,49,26,10,538.00,"5,380.00"
2019-03-07,2019030701004448,NTC,5,34,40,680.00,"27,200.00"
2019-03-07,2019030701004415,NTC,5,29,10,682.00,"6,820.00"
2019-03-07,2019030701004385,NTC,47,29,310,682.00,"211,420.00"
2019-03-07,2019030701004293,NTC,53,45,"1,240",680.00,"843,200.00"
2019-03-07,2019030701004292,NTC,53,45,200,680.00,"136,000.00"
2019-03-07,2019030701004432,NUBL,43,49,61,716.00,"43,676.00"
2019-03-07,2019030701004431,NUBL,45,49,13,720.00,"9,360.00"
2019-03-07,2019030701004461,OHL,7,6,35,425.00,"14,875.00"
2019-03-07,2019030701004502,PCBL,29,59,17,310.00,"5,270.00"
2019-03-07,2019030701004501,PCBL,43,59,277,310.00,"85,870.00"
2019-03-07,2019030701004500,PCBL,45,59,10,312.00,"3,120.00"
2019-03-07,2019030701004499,PCBL,43,59,14,312.00,"4,368.00"
2019-03-07,2019030701004184,PCBL,43,1,152,312.00,"47,424.00"
2019-03-07,2019030701004183,PCBL,43,43,221,312.00,"68,952.00"
2019-03-07,2019030701004182,PCBL,43,58,200,312.00,"62,400.00"
2019-03-07,2019030701004181,PCBL,43,37,13,311.00,"4,043.00"
2019-03-07,2019030701004446,PIC,52,32,124,"1,029.00","127,596.00"
2019-03-07,2019030701004445,PIC,52,33,200,"1,029.00","205,800.00"
2019-03-07,2019030701004444,PIC,52,26,11,"1,029.00","11,319.00"
2019-03-07,2019030701004443,PIC,52,58,65,"1,029.00","66,885.00"
2019-03-07,2019030701004423,PIC,29,58,35,"1,029.00","36,015.00"
2019-03-07,2019030701004406,PIC,49,39,89,"1,028.00","91,492.00"
2019-03-07,2019030701004086,PIC,39,45,105,"1,024.00","107,520.00"
2019-03-07,2019030701004085,PIC,39,39,11,"1,024.00","11,264.00"
2019-03-07,2019030701004084,PIC,39,39,11,"1,024.00","11,264.00"
2019-03-07,2019030701004083,PIC,39,39,11,"1,024.00","11,264.00"
2019-03-07,2019030701004082,PIC,39,39,11,"1,024.00","11,264.00"
2019-03-07,2019030701004081,PIC,39,39,11,"1,024.00","11,264.00"
2019-03-07,2019030701004405,PIC,49,26,11,"1,027.00","11,297.00"
2019-03-07,2019030701004260,PIC,57,58,11,"1,028.00","11,308.00"
2019-03-07,2019030701004241,PIC,39,58,50,"1,028.00","51,400.00"
2019-03-07,2019030701004240,PIC,39,58,50,"1,028.00","51,400.00"
2019-03-07,2019030701004088,PIC,39,14,133,"1,025.00","136,325.00"
2019-03-07,2019030701004087,PIC,39,50,100,"1,025.00","102,500.00"
2019-03-07,2019030701004128,PICL,35,41,60,690.00,"41,400.00"
2019-03-07,2019030701004491,PLIC,28,42,190,449.00,"85,310.00"
2019-03-07,2019030701004371,PLIC,28,29,"1,460",450.00,"657,000.00"
2019-03-07,2019030701004370,PLIC,28,16,40,450.00,"18,000.00"
2019-03-07,2019030701004369,PLIC,28,53,50,449.00,"22,450.00"
2019-03-07,2019030701004368,PLIC,28,25,100,449.00,"44,900.00"
2019-03-07,2019030701004367,PLIC,28,51,200,448.00,"89,600.00"
2019-03-07,2019030701004366,PLIC,28,54,50,448.00,"22,400.00"
2019-03-07,2019030701004365,PLIC,28,1,50,448.00,"22,400.00"
2019-03-07,2019030701004364,PLIC,28,17,50,448.00,"22,400.00"
2019-03-07,2019030701004253,PLIC,28,54,50,447.00,"22,350.00"
2019-03-07,2019030701004252,PLIC,28,22,100,447.00,"44,700.00"
2019-03-07,2019030701004511,PMHPL,47,8,10,112.00,"1,120.00"
2019-03-07,2019030701004414,PMHPL,47,8,10,112.00,"1,120.00"
2019-03-07,2019030701004494,PRIN,52,43,100,414.00,"41,400.00"
2019-03-07,2019030701004409,PRIN,28,39,100,415.00,"41,500.00"
2019-03-07,2019030701004285,PRIN,57,28,550,414.00,"227,700.00"
2019-03-07,2019030701004284,PRIN,57,41,100,414.00,"41,400.00"
2019-03-07,2019030701004147,PRIN,52,28,20,414.00,"8,280.00"
2019-03-07,2019030701004069,PRIN,52,28,30,414.00,"12,420.00"
2019-03-07,2019030701004068,PRIN,52,45,20,414.00,"8,280.00"
2019-03-07,2019030701004509,PRVU,51,48,772,221.00,"170,612.00"
2019-03-07,2019030701004508,PRVU,49,48,80,221.00,"17,680.00"
2019-03-07,2019030701004507,PRVU,5,48,648,221.00,"143,208.00"
2019-03-07,2019030701004488,PRVU,5,59,482,221.00,"106,522.00"
2019-03-07,2019030701004476,PRVU,5,11,150,221.00,"33,150.00"
2019-03-07,2019030701004076,PRVU,36,51,30,222.00,"6,660.00"
2019-03-07,2019030701004075,PRVU,36,56,500,222.00,"111,000.00"
2019-03-07,2019030701004074,PRVU,36,13,100,222.00,"22,200.00"
2019-03-07,2019030701004066,PRVU,5,45,20,221.00,"4,420.00"
2019-03-07,2019030701004050,PRVU,48,28,100,221.00,"22,100.00"
2019-03-07,2019030701004150,PRVU,43,46,543,223.00,"121,089.00"
2019-03-07,2019030701004080,PRVU,5,35,200,221.00,"44,200.00"
2019-03-07,2019030701004079,PRVU,36,28,100,222.00,"22,200.00"
2019-03-07,2019030701004078,PRVU,36,46,500,222.00,"111,000.00"
2019-03-07,2019030701004077,PRVU,36,43,500,222.00,"111,000.00"
2019-03-07,2019030701004156,PRVU,43,51,250,224.00,"56,000.00"
2019-03-07,2019030701004155,PRVU,43,33,500,224.00,"112,000.00"
2019-03-07,2019030701004154,PRVU,43,13,"1,000",223.00,"223,000.00"
2019-03-07,2019030701004153,PRVU,43,40,300,223.00,"66,900.00"
2019-03-07,2019030701004152,PRVU,43,28,"1,000",223.00,"223,000.00"
2019-03-07,2019030701004151,PRVU,43,8,300,223.00,"66,900.00"
2019-03-07,2019030701004455,PRVU,41,56,100,222.00,"22,200.00"
2019-03-07,2019030701004280,PRVU,14,56,100,223.00,"22,300.00"
2019-03-07,2019030701004243,PRVU,45,36,100,224.00,"22,400.00"
2019-03-07,2019030701004223,PRVU,14,14,500,223.00,"111,500.00"
2019-03-07,2019030701004218,PRVU,43,47,100,224.00,"22,400.00"
2019-03-07,2019030701004157,PRVU,43,28,"1,000",224.00,"224,000.00"
2019-03-07,2019030701004246,PURBL,26,26,211,188.00,"39,668.00"
2019-03-07,2019030701004135,PURBL,57,26,289,188.00,"54,332.00"
2019-03-07,2019030701004132,PURBL,57,57,21,188.00,"3,948.00"
2019-03-07,2019030701004117,PURBL,58,57,979,188.00,"184,052.00"
2019-03-07,2019030701004116,PURBL,58,34,321,188.00,"60,348.00"
2019-03-07,2019030701004388,RBCL,58,26,10,"9,200.00","92,000.00"
2019-03-07,2019030701004469,RBCLPO,34,43,20,"8,600.00","172,000.00"
2019-03-07,2019030701004438,RBCLPO,58,32,15,"8,590.00","128,850.00"
2019-03-07,2019030701004437,RBCLPO,58,32,10,"8,590.00","85,900.00"
2019-03-07,2019030701004436,RBCLPO,58,34,15,"8,580.00","128,700.00"
2019-03-07,2019030701004435,RBCLPO,58,59,10,"8,580.00","85,800.00"
2019-03-07,2019030701004140,RHPC,1,57,20,92.00,"1,840.00"
2019-03-07,2019030701004363,RMDC,58,53,50,538.00,"26,900.00"
2019-03-07,2019030701004192,RMDC,36,54,628,535.00,"335,980.00"
2019-03-07,2019030701004428,SADBL,34,58,709,138.00,"97,842.00"
2019-03-07,2019030701004309,SADBL,59,58,50,138.00,"6,900.00"
2019-03-07,2019030701004289,SANIMA,16,39,100,299.00,"29,900.00"
2019-03-07,2019030701004196,SANIMA,43,19,50,298.00,"14,900.00"
2019-03-07,2019030701004195,SANIMA,43,22,118,297.00,"35,046.00"
2019-03-07,2019030701004481,SBBLJ,21,39,50,186.00,"9,300.00"
2019-03-07,2019030701004374,SBI,48,58,19,380.00,"7,220.00"
2019-03-07,2019030701004373,SBI,48,58,100,380.00,"38,000.00"
2019-03-07,2019030701004504,SCB,41,6,500,532.00,"266,000.00"
2019-03-07,2019030701004503,SCB,41,29,29,532.00,"15,428.00"
2019-03-07,2019030701004453,SCB,40,34,155,531.00,"82,305.00"
2019-03-07,2019030701004452,SCB,53,34,45,531.00,"23,895.00"
2019-03-07,2019030701004399,SCB,21,29,180,532.00,"95,760.00"
2019-03-07,2019030701004305,SCB,32,29,51,532.00,"27,132.00"
2019-03-07,2019030701004070,SCB,22,29,50,532.00,"26,600.00"
2019-03-07,2019030701004222,SEOS,28,28,"10,000",9.61,"96,100.00"
2019-03-07,2019030701004191,SHINE,26,58,330,237.00,"78,210.00"
2019-03-07,2019030701004190,SHINE,3,58,10,237.00,"2,370.00"
2019-03-07,2019030701004189,SHINE,7,58,100,237.00,"23,700.00"
2019-03-07,2019030701004188,SHINE,39,58,50,238.00,"11,900.00"
2019-03-07,2019030701004187,SHINE,58,58,10,238.00,"2,380.00"
2019-03-07,2019030701004213,SHINE,34,58,500,236.00,"118,000.00"
2019-03-07,2019030701004202,SHINE,34,58,523,236.00,"123,428.00"
2019-03-07,2019030701004201,SHINE,29,58,200,236.00,"47,200.00"
2019-03-07,2019030701004200,SHINE,16,58,100,236.00,"23,600.00"
2019-03-07,2019030701004199,SHINE,38,58,200,236.00,"47,200.00"
2019-03-07,2019030701004198,SHINE,26,58,670,237.00,"158,790.00"
2019-03-07,2019030701004514,SHPC,37,53,50,227.00,"11,350.00"
2019-03-07,2019030701004353,SICL,21,40,20,880.00,"17,600.00"
2019-03-07,2019030701004331,SICL,13,58,290,879.00,"254,910.00"
2019-03-07,2019030701004477,SIFC,47,53,90,135.00,"12,150.00"
2019-03-07,2019030701004451,SIFC,47,53,10,135.00,"1,350.00"
2019-03-07,2019030701004356,SIFC,28,22,95,133.00,"12,635.00"
2019-03-07,2019030701004340,SKBBL,35,43,78,850.00,"66,300.00"
2019-03-07,2019030701004339,SKBBL,35,47,50,850.00,"42,500.00"
2019-03-07,2019030701004204,SKBBL,45,26,598,846.00,"505,908.00"
2019-03-07,2019030701004203,SKBBL,45,25,102,845.00,"86,190.00"
2019-03-07,2019030701004470,SLBBL,19,22,20,500.00,"10,000.00"
2019-03-07,2019030701004515,SLBSL,6,3,10,774.00,"7,740.00"
2019-03-07,2019030701004244,SLBSL,34,26,10,766.00,"7,660.00"
2019-03-07,2019030701004217,SLBSL,22,58,30,770.00,"23,100.00"
2019-03-07,2019030701004194,SLBSL,22,38,10,770.00,"7,700.00"
2019-03-07,2019030701004040,SLICL,10,25,100,538.00,"53,800.00"
2019-03-07,2019030701004039,SLICL,10,25,300,538.00,"161,400.00"
2019-03-07,2019030701004038,SLICL,10,43,100,537.00,"53,700.00"
2019-03-07,2019030701004037,SLICL,10,22,100,535.00,"53,500.00"
2019-03-07,2019030701004036,SLICL,10,46,36,535.00,"19,260.00"
2019-03-07,2019030701004347,SMB,11,13,20,639.00,"12,780.00"
2019-03-07,2019030701004346,SMB,11,26,10,630.00,"6,300.00"
2019-03-07,2019030701004345,SMB,11,7,10,630.00,"6,300.00"
2019-03-07,2019030701004073,SMFDB,22,57,100,636.00,"63,600.00"
2019-03-07,2019030701004041,SPDL,45,16,11,91.00,"1,001.00"
2019-03-07,2019030701004106,SRBL,50,41,200,210.00,"42,000.00"
2019-03-07,2019030701004505,UPPER,35,8,40,228.00,"9,120.00"
2019-03-07,2019030701004434,UPPER,35,56,10,228.00,"2,280.00"
2019-03-07,2019030701004433,UPPER,35,22,50,228.00,"11,400.00"
2019-03-07,2019030701004417,UPPER,35,6,30,228.00,"6,840.00"
2019-03-07,2019030701004416,UPPER,6,6,10,228.00,"2,280.00"
2019-03-07,2019030701004032,UPPER,29,29,40,228.00,"9,120.00"
2019-03-07,2019030701004025,UPPER,29,29,40,228.00,"9,120.00"
2019-03-07,2019030701004018,UPPER,29,29,40,228.00,"9,120.00"
2019-03-07,2019030701004057,UPPER,29,29,40,228.00,"9,120.00"
2019-03-07,2019030701004051,UPPER,29,29,50,228.00,"11,400.00"
2019-03-07,2019030701004045,UPPER,29,29,50,228.00,"11,400.00"
2019-03-07,2019030701004044,UPPER,29,1,50,228.00,"11,400.00"
2019-03-07,2019030701004098,UPPER,29,29,40,228.00,"9,120.00"
2019-03-07,2019030701004089,UPPER,29,19,50,228.00,"11,400.00"
2019-03-07,2019030701004071,UPPER,29,19,50,228.00,"11,400.00"
2019-03-07,2019030701004065,UPPER,29,19,50,228.00,"11,400.00"
2019-03-07,2019030701004064,UPPER,29,29,40,228.00,"9,120.00"
2019-03-07,2019030701004138,UPPER,22,19,40,228.00,"9,120.00"
2019-03-07,2019030701004137,UPPER,29,19,10,228.00,"2,280.00"
2019-03-07,2019030701004134,UPPER,29,29,40,228.00,"9,120.00"
2019-03-07,2019030701004121,UPPER,29,19,50,228.00,"11,400.00"
2019-03-07,2019030701004120,UPPER,29,29,50,228.00,"11,400.00"
2019-03-07,2019030701004102,UPPER,29,19,50,228.00,"11,400.00"
2019-03-07,2019030701004180,UPPER,22,29,30,228.00,"6,840.00"
2019-03-07,2019030701004165,UPPER,22,29,40,228.00,"9,120.00"
2019-03-07,2019030701004163,UPPER,22,22,50,228.00,"11,400.00"
2019-03-07,2019030701004146,UPPER,22,19,50,228.00,"11,400.00"
2019-03-07,2019030701004143,UPPER,22,29,50,228.00,"11,400.00"
2019-03-07,2019030701004139,UPPER,22,26,40,228.00,"9,120.00"
2019-03-07,2019030701004259,UPPER,38,29,40,228.00,"9,120.00"
2019-03-07,2019030701004258,UPPER,38,22,50,228.00,"11,400.00"
2019-03-07,2019030701004257,UPPER,38,29,10,228.00,"2,280.00"
2019-03-07,2019030701004216,UPPER,17,29,40,228.00,"9,120.00"
2019-03-07,2019030701004215,UPPER,17,19,50,228.00,"11,400.00"
2019-03-07,2019030701004214,UPPER,17,29,10,228.00,"2,280.00"
2019-03-07,2019030701004407,UPPER,6,8,40,228.00,"9,120.00"
2019-03-07,2019030701004389,UPPER,36,33,100,229.00,"22,900.00"
2019-03-07,2019030701004268,UPPER,35,29,40,228.00,"9,120.00"
2019-03-07,2019030701004267,UPPER,35,29,50,228.00,"11,400.00"
2019-03-07,2019030701004266,UPPER,35,29,10,228.00,"2,280.00"
2019-03-07,2019030701004265,UPPER,35,19,50,228.00,"11,400.00"
2019-03-07,2019030701004359,WOMI,34,33,100,"1,110.00","111,000.00"
2019-03-07,2019030701004274,WOMI,34,29,50,"1,107.00","55,350.00"
2019-03-07,2019030701004273,WOMI,34,57,25,"1,107.00","27,675.00"
2019-03-07,2019030701004272,WOMI,34,57,25,"1,107.00","27,675.00"
2019-03-07,2019030701004271,WOMI,34,57,25,"1,107.00","27,675.00"
2019-03-07,2019030701004270,WOMI,34,33,200,"1,106.00","221,200.00"
2019-03-07,2019030701003982,ADBL,52,45,20,292.00,"5,840.00"
2019-03-07,2019030701003981,ADBL,47,45,100,292.00,"29,200.00"
2019-03-07,2019030701003980,ADBL,36,45,50,292.00,"14,600.00"
2019-03-07,2019030701003899,ADBL,36,16,50,292.00,"14,600.00"
2019-03-07,2019030701003898,ADBL,26,16,50,292.00,"14,600.00"
2019-03-07,2019030701003689,ADBL,14,8,195,293.00,"57,135.00"
2019-03-07,2019030701003688,ADBL,49,8,500,293.00,"146,500.00"
2019-03-07,2019030701003557,AHPC,45,37,408,100.00,"40,800.00"
2019-03-07,2019030701003556,AHPC,45,35,150,100.00,"15,000.00"
2019-03-07,2019030701003999,AKJCL,22,16,20,77.00,"1,540.00"
2019-03-07,2019030701003819,AKJCL,22,16,20,78.00,"1,560.00"
2019-03-07,2019030701003739,AKJCL,42,16,20,79.00,"1,580.00"
2019-03-07,2019030701003573,AKJCL,22,16,10,79.00,790.00
2019-03-07,2019030701003906,AKPL,22,57,10,162.00,"1,620.00"
2019-03-07,2019030701003900,AKPL,22,16,21,164.00,"3,444.00"
2019-03-07,2019030701003718,AKPL,22,16,40,164.00,"6,560.00"
2019-03-07,2019030701003807,ALICL,50,45,100,395.00,"39,500.00"
2019-03-07,2019030701003806,ALICL,50,22,200,395.00,"79,000.00"
2019-03-07,2019030701003805,ALICL,50,44,350,395.00,"138,250.00"
2019-03-07,2019030701003785,ALICL,50,44,50,395.00,"19,750.00"
2019-03-07,2019030701003751,ALICL,45,44,100,395.00,"39,500.00"
2019-03-07,2019030701003734,ALICL,50,22,200,394.00,"78,800.00"
2019-03-07,2019030701003733,ALICL,50,35,200,394.00,"78,800.00"
2019-03-07,2019030701003732,ALICL,50,42,10,394.00,"3,940.00"
2019-03-07,2019030701003685,ALICL,5,42,50,394.00,"19,700.00"
2019-03-07,2019030701003684,ALICL,5,34,50,394.00,"19,700.00"
2019-03-07,2019030701003656,ALICL,50,44,100,393.00,"39,300.00"
2019-03-07,2019030701003655,ALICL,50,26,167,393.00,"65,631.00"
2019-03-07,2019030701003872,AMFI,1,45,10,650.00,"6,500.00"
2019-03-07,2019030701003868,API,25,59,28,128.00,"3,584.00"
2019-03-07,2019030701003867,API,25,16,15,127.00,"1,905.00"
2019-03-07,2019030701003795,API,33,39,950,127.00,"120,650.00"
2019-03-07,2019030701003746,API,46,16,15,126.00,"1,890.00"
2019-03-07,2019030701003644,API,25,39,35,127.00,"4,445.00"
2019-03-07,2019030701003599,API,46,16,15,126.00,"1,890.00"
2019-03-07,2019030701003697,BARUN,57,57,10,95.00,950.00
2019-03-07,2019030701003877,BPCL,42,57,10,344.00,"3,440.00"
2019-03-07,2019030701003572,BPCL,44,13,100,345.00,"34,500.00"
2019-03-07,2019030701003571,BPCL,44,45,10,345.00,"3,450.00"
2019-03-07,2019030701003570,BPCL,44,45,10,345.00,"3,450.00"
2019-03-07,2019030701003569,BPCL,44,45,10,345.00,"3,450.00"
2019-03-07,2019030701003568,BPCL,44,45,10,345.00,"3,450.00"
2019-03-07,2019030701003567,BPCL,44,45,20,345.00,"6,900.00"
2019-03-07,2019030701003566,BPCL,44,49,50,345.00,"17,250.00"
2019-03-07,2019030701003565,BPCL,44,13,10,345.00,"3,450.00"
2019-03-07,2019030701003745,CBBL,1,35,24,879.00,"21,096.00"
2019-03-07,2019030701003731,CBBL,49,58,323,881.00,"284,563.00"
2019-03-07,2019030701003665,CBBL,45,13,850,880.00,"748,000.00"
2019-03-07,2019030701003664,CBBL,45,1,100,880.00,"88,000.00"
2019-03-07,2019030701003663,CBBL,45,35,200,880.00,"176,000.00"
2019-03-07,2019030701003998,CBL,44,16,300,150.00,"45,000.00"
2019-03-07,2019030701003803,CBL,58,56,800,150.00,"120,000.00"
2019-03-07,2019030701003796,CBL,5,56,200,150.00,"30,000.00"
2019-03-07,2019030701003598,CBL,5,45,200,150.00,"30,000.00"
2019-03-07,2019030701003842,CCBL,16,35,34,161.00,"5,474.00"
2019-03-07,2019030701003821,CCBL,45,35,200,161.00,"32,200.00"
2019-03-07,2019030701003960,CHCL,34,39,200,505.00,"101,000.00"
2019-03-07,2019030701003994,CHLBS,5,11,10,561.00,"5,610.00"
2019-03-07,2019030701003748,CHLBS,5,49,10,561.00,"5,610.00"
2019-03-07,2019030701003613,CHLBS,57,38,10,560.00,"5,600.00"
2019-03-07,2019030701003597,CHLBS,57,38,10,560.00,"5,600.00"
2019-03-07,2019030701003826,CIT,39,39,123,"2,563.00","315,249.00"
2019-03-07,2019030701003730,CLBSL,57,57,16,594.00,"9,504.00"
2019-03-07,2019030701003586,CLBSL,44,13,300,594.00,"178,200.00"
2019-03-07,2019030701003585,CLBSL,39,13,100,594.00,"59,400.00"
2019-03-07,2019030701003909,CORBL,37,59,500,91.00,"45,500.00"
2019-03-07,2019030701003908,CORBL,46,59,180,91.00,"16,380.00"
2019-03-07,2019030701003954,CZBIL,1,50,234,205.00,"47,970.00"
2019-03-07,2019030701003953,CZBIL,45,50,266,205.00,"54,530.00"
2019-03-07,2019030701003871,CZBIL,45,1,734,205.00,"150,470.00"
2019-03-07,2019030701003870,CZBIL,36,1,500,205.00,"102,500.00"
2019-03-07,2019030701003555,CZBIL,36,25,158,206.00,"32,548.00"
2019-03-07,2019030701003554,CZBIL,36,55,"1,000",206.00,"206,000.00"
2019-03-07,2019030701003553,CZBIL,36,39,50,206.00,"10,300.00"
2019-03-07,2019030701003552,CZBIL,36,47,261,206.00,"53,766.00"
2019-03-07,2019030701003551,CZBIL,36,55,10,206.00,"2,060.00"
2019-03-07,2019030701003841,DDBL,45,34,979,592.00,"579,568.00"
2019-03-07,2019030701003840,DDBL,6,34,21,593.00,"12,453.00"
2019-03-07,2019030701003891,EBL,1,6,350,518.00,"181,300.00"
2019-03-07,2019030701003890,EBL,1,41,451,518.00,"233,618.00"
2019-03-07,2019030701003662,EBL,42,6,20,518.00,"10,360.00"
2019-03-07,2019030701003969,EDBL,58,29,50,290.00,"14,500.00"
2019-03-07,2019030701003784,EIC,10,29,210,813.00,"170,730.00"
2019-03-07,2019030701003989,FMDBL,5,22,100,373.00,"37,300.00"
2019-03-07,2019030701003962,FMDBL,33,39,500,373.00,"186,500.00"
2019-03-07,2019030701003937,FMDBL,33,17,40,372.00,"14,880.00"
2019-03-07,2019030701003931,FMDBL,33,19,50,371.00,"18,550.00"
2019-03-07,2019030701003930,FMDBL,33,47,35,371.00,"12,985.00"
2019-03-07,2019030701003918,FMDBL,33,49,100,370.00,"37,000.00"
2019-03-07,2019030701003742,FMDBL,57,19,100,370.00,"37,000.00"
2019-03-07,2019030701003741,FMDBL,57,39,70,370.00,"25,900.00"
2019-03-07,2019030701003822,FOWAD,33,40,50,"1,550.00","77,500.00"
2019-03-07,2019030701003817,FOWAD,33,32,50,"1,549.00","77,450.00"
2019-03-07,2019030701003804,FOWAD,33,39,39,"1,545.00","60,255.00"
2019-03-07,2019030701003647,GBIME,41,32,46,264.00,"12,144.00"
2019-03-07,2019030701003646,GBIME,41,52,54,264.00,"14,256.00"
2019-03-07,2019030701003606,GBIME,42,52,50,264.00,"13,200.00"
2019-03-07,2019030701003749,GBLBS,13,40,90,442.00,"39,780.00"
2019-03-07,2019030701003653,GBLBS,13,33,10,442.00,"4,420.00"
2019-03-07,2019030701003913,GFCL,47,39,24,115.00,"2,760.00"
2019-03-07,2019030701003905,GFCL,47,5,340,115.00,"39,100.00"
2019-03-07,2019030701003880,GFCL,47,6,63,115.00,"7,245.00"
2019-03-07,2019030701003879,GFCL,51,6,100,115.00,"11,500.00"
2019-03-07,2019030701003794,GILB,10,37,60,"1,110.00","66,600.00"
2019-03-07,2019030701003715,GLICL,42,59,20,707.00,"14,140.00"
2019-03-07,2019030701003650,GLICL,50,32,500,705.00,"352,500.00"
2019-03-07,2019030701003862,HATH,4,26,320,123.00,"39,360.00"
2019-03-07,2019030701003671,HATH,4,42,240,123.00,"29,520.00"
2019-03-07,2019030701004009,HBL,46,38,25,434.00,"10,850.00"
2019-03-07,2019030701003874,HGI,25,36,357,383.00,"136,731.00"
2019-03-07,2019030701003873,HGI,25,58,34,382.00,"12,988.00"
2019-03-07,2019030701003682,HGI,49,36,210,383.00,"80,430.00"
2019-03-07,2019030701003993,HIDCL,39,57,56,131.00,"7,336.00"
2019-03-07,2019030701003966,HIDCL,39,16,56,131.00,"7,336.00"
2019-03-07,2019030701003783,HIDCL,26,16,56,130.00,"7,280.00"
2019-03-07,2019030701003612,HIDCL,26,16,87,130.00,"11,310.00"
2019-03-07,2019030701003809,HPPL,45,43,100,179.00,"17,900.00"
2019-03-07,2019030701003808,HPPL,45,57,10,175.00,"1,750.00"
