Date,Transact. No.,Symbol,Buyer,Seller,Quantity,Rate,Amount
2020-02-17,2020021701024561,ADBL,58,8,20,396.00,"7,920.00"
2020-02-17,2020021701024464,ADBL,14,8,200,396.00,"79,200.00"
2020-02-17,2020021701024434,ADBL,14,45,100,394.00,"39,400.00"
2020-02-17,2020021701024415,ADBL,14,35,18,394.00,"7,092.00"
2020-02-17,2020021701024414,ADBL,14,8,"1,000",395.00,"395,000.00"
2020-02-17,2020021701024413,ADBL,14,45,110,395.00,"43,450.00"
2020-02-17,2020021701024754,AHPC,17,13,156,101.00,"15,756.00"
2020-02-17,2020021701024753,AHPC,17,57,"1,000",101.00,"101,000.00"
2020-02-17,2020021701024752,AHPC,17,55,500,101.00,"50,500.00"
2020-02-17,2020021701024751,AHPC,17,49,200,101.00,"20,200.00"
2020-02-17,2020021701024750,AHPC,17,41,"1,309",101.00,"132,209.00"
2020-02-17,2020021701024749,AHPC,17,37,"1,186",101.00,"119,786.00"
2020-02-17,2020021701024741,AHPC,46,37,50,101.00,"5,050.00"
2020-02-17,2020021701024638,AHPC,17,13,"1,976",100.00,"197,600.00"
2020-02-17,2020021701024630,AKPL,52,56,413,139.00,"57,407.00"
2020-02-17,2020021701024629,AKPL,52,29,87,139.00,"12,093.00"
2020-02-17,2020021701024504,AKPL,42,29,413,139.00,"57,407.00"
2020-02-17,2020021701024503,AKPL,42,26,564,139.00,"78,396.00"
2020-02-17,2020021701024502,AKPL,42,41,10,139.00,"1,390.00"
2020-02-17,2020021701024501,AKPL,42,29,13,139.00,"1,807.00"
2020-02-17,2020021701024788,ALBSL,49,16,10,768.00,"7,680.00"
2020-02-17,2020021701024656,ALBSL,29,43,289,765.00,"221,085.00"
2020-02-17,2020021701024655,ALBSL,49,43,11,768.00,"8,448.00"
2020-02-17,2020021701024497,ALBSL,48,39,150,771.00,"115,650.00"
2020-02-17,2020021701024354,ALBSL,3,48,20,766.00,"15,320.00"
2020-02-17,2020021701024353,ALBSL,13,48,73,766.00,"55,918.00"
2020-02-17,2020021701024781,ALICL,41,38,200,640.00,"128,000.00"
2020-02-17,2020021701024780,ALICL,17,38,189,640.00,"120,960.00"
2020-02-17,2020021701024761,ALICL,17,34,14,640.00,"8,960.00"
2020-02-17,2020021701024760,ALICL,52,34,86,641.00,"55,126.00"
2020-02-17,2020021701024667,ALICL,52,32,214,641.00,"137,174.00"
2020-02-17,2020021701024654,ALICL,57,5,30,644.00,"19,320.00"
2020-02-17,2020021701024537,ALICL,36,34,250,640.00,"160,000.00"
2020-02-17,2020021701024418,ALICL,28,38,80,640.00,"51,200.00"
2020-02-17,2020021701024417,ALICL,45,38,20,640.00,"12,800.00"
2020-02-17,2020021701024376,ALICL,48,5,220,644.00,"141,680.00"
2020-02-17,2020021701024375,ALICL,48,37,180,641.00,"115,380.00"
2020-02-17,2020021701024338,ALICL,45,46,100,640.00,"64,000.00"
2020-02-17,2020021701024573,ALICL,17,45,97,640.00,"62,080.00"
2020-02-17,2020021701024572,ALICL,57,45,100,640.00,"64,000.00"
2020-02-17,2020021701024571,ALICL,49,45,200,640.00,"128,000.00"
2020-02-17,2020021701024570,ALICL,16,45,50,640.00,"32,000.00"
2020-02-17,2020021701024569,ALICL,28,45,70,640.00,"44,800.00"
2020-02-17,2020021701024538,ALICL,28,34,150,640.00,"96,000.00"
2020-02-17,2020021701024779,API,58,37,194,141.00,"27,354.00"
2020-02-17,2020021701024778,API,58,39,806,140.00,"112,840.00"
2020-02-17,2020021701024691,API,58,39,194,140.00,"27,160.00"
2020-02-17,2020021701024690,API,58,58,500,140.00,"70,000.00"
2020-02-17,2020021701024689,API,58,32,"1,000",140.00,"140,000.00"
2020-02-17,2020021701024688,API,58,49,906,139.00,"125,934.00"
2020-02-17,2020021701024687,API,58,14,600,138.00,"82,800.00"
2020-02-17,2020021701024686,API,58,45,550,138.00,"75,900.00"
2020-02-17,2020021701024685,API,58,49,500,137.00,"68,500.00"
2020-02-17,2020021701024684,API,58,58,750,137.00,"102,750.00"
2020-02-17,2020021701024664,API,58,1,"8,334",136.00,"1,133,424.00"
2020-02-17,2020021701024785,BOKL,33,59,20,241.00,"4,820.00"
2020-02-17,2020021701024784,BOKL,33,21,126,240.00,"30,240.00"
2020-02-17,2020021701024782,BOKL,35,21,10,240.00,"2,400.00"
2020-02-17,2020021701024736,BOKL,14,5,15,238.00,"3,570.00"
2020-02-17,2020021701024593,BOKL,14,5,127,238.00,"30,226.00"
2020-02-17,2020021701024592,BOKL,29,5,173,238.00,"41,174.00"
2020-02-17,2020021701024658,BPCL,13,58,658,350.00,"230,300.00"
2020-02-17,2020021701024566,BPCL,46,58,180,350.00,"63,000.00"
2020-02-17,2020021701024410,BPCL,5,21,49,349.00,"17,101.00"
2020-02-17,2020021701024314,BPCL,5,49,10,348.00,"3,480.00"
2020-02-17,2020021701024790,CBBL,59,36,14,"1,118.00","15,652.00"
2020-02-17,2020021701024681,CBBL,45,14,65,"1,110.00","72,150.00"
2020-02-17,2020021701024680,CBBL,25,14,35,"1,111.00","38,885.00"
2020-02-17,2020021701024334,CBBL,42,49,42,"1,110.00","46,620.00"
2020-02-17,2020021701024333,CBBL,35,49,100,"1,110.00","111,000.00"
2020-02-17,2020021701024332,CBBL,1,49,53,"1,110.00","58,830.00"
2020-02-17,2020021701024331,CBBL,20,49,260,"1,111.00","288,860.00"
2020-02-17,2020021701024509,CBBL,45,41,100,"1,110.00","111,000.00"
2020-02-17,2020021701024737,CBL,34,48,847,154.00,"130,438.00"
2020-02-17,2020021701024746,CCBL,56,48,300,188.00,"56,400.00"
2020-02-17,2020021701024714,CCBL,34,25,"1,000",188.00,"188,000.00"
2020-02-17,2020021701024404,CCBL,25,48,146,187.00,"27,302.00"
2020-02-17,2020021701024704,CHCL,46,48,11,436.00,"4,796.00"
2020-02-17,2020021701024607,CIT,54,6,100,"2,789.00","278,900.00"
2020-02-17,2020021701024606,CIT,54,41,50,"2,789.00","139,450.00"
2020-02-17,2020021701024337,CIT,39,46,19,"2,790.00","53,010.00"
2020-02-17,2020021701024336,CIT,39,53,100,"2,784.00","278,400.00"
2020-02-17,2020021701024335,CIT,39,16,81,"2,775.00","224,775.00"
2020-02-17,2020021701024769,CLBSL,38,4,10,"1,150.00","11,500.00"
2020-02-17,2020021701024768,CLBSL,38,42,30,"1,149.00","34,470.00"
2020-02-17,2020021701024530,CZBIL,42,6,500,198.00,"99,000.00"
2020-02-17,2020021701024396,CZBIL,26,6,200,198.00,"39,600.00"
2020-02-17,2020021701024365,CZBIL,10,48,"1,000",196.00,"196,000.00"
2020-02-17,2020021701024364,CZBIL,55,48,400,196.00,"78,400.00"
2020-02-17,2020021701024363,CZBIL,39,48,100,196.00,"19,600.00"
2020-02-17,2020021701024362,CZBIL,36,48,156,196.00,"30,576.00"
2020-02-17,2020021701024796,DDBL,14,51,10,902.00,"9,020.00"
2020-02-17,2020021701024615,DDBL,6,6,100,895.00,"89,500.00"
2020-02-17,2020021701024683,EBL,42,11,61,670.00,"40,870.00"
2020-02-17,2020021701024637,EIC,57,32,50,459.00,"22,950.00"
2020-02-17,2020021701024384,EIC,57,34,130,460.00,"59,800.00"
2020-02-17,2020021701024383,EIC,57,41,50,460.00,"23,000.00"
2020-02-17,2020021701024382,EIC,57,57,20,460.00,"9,200.00"
2020-02-17,2020021701024719,FMDBL,1,57,130,486.00,"63,180.00"
2020-02-17,2020021701024718,FMDBL,37,57,200,487.00,"97,400.00"
2020-02-17,2020021701024717,FMDBL,26,57,50,488.00,"24,400.00"
2020-02-17,2020021701024716,FMDBL,52,57,100,488.00,"48,800.00"
2020-02-17,2020021701024715,FMDBL,39,57,20,488.00,"9,760.00"
2020-02-17,2020021701024506,FMDBL,46,59,215,489.00,"105,135.00"
2020-02-17,2020021701024731,FOWAD,45,57,10,"1,598.00","15,980.00"
2020-02-17,2020021701024519,GBBL,4,42,"1,500",247.00,"370,500.00"
2020-02-17,2020021701024426,GBBL,4,39,64,247.00,"15,808.00"
2020-02-17,2020021701024783,GBIME,59,6,10,286.00,"2,860.00"
2020-02-17,2020021701024765,GBIME,51,11,80,285.00,"22,800.00"
2020-02-17,2020021701024623,GBIME,45,11,20,285.00,"5,700.00"
2020-02-17,2020021701024622,GBIME,45,42,80,285.00,"22,800.00"
2020-02-17,2020021701024505,GBIME,38,36,870,285.00,"247,950.00"
2020-02-17,2020021701024730,GBLBS,56,34,75,506.00,"37,950.00"
2020-02-17,2020021701024584,GBLBS,56,34,10,506.00,"5,060.00"
2020-02-17,2020021701024580,GBLBS,16,4,50,504.00,"25,200.00"
2020-02-17,2020021701024550,GGBSL,11,42,30,925.00,"27,750.00"
2020-02-17,2020021701024723,GLICL,7,22,81,824.00,"66,744.00"
2020-02-17,2020021701024671,GLICL,7,33,340,823.00,"279,820.00"
2020-02-17,2020021701024670,GLICL,7,49,30,823.00,"24,690.00"
2020-02-17,2020021701024626,GMFBS,34,1,50,994.00,"49,700.00"
2020-02-17,2020021701024523,GMFBS,46,35,10,980.00,"9,800.00"
2020-02-17,2020021701024403,GMFBS,46,32,20,980.00,"19,600.00"
2020-02-17,2020021701024395,GMFBS,10,42,10,990.00,"9,900.00"
2020-02-17,2020021701024394,GMFBS,10,42,80,990.00,"79,200.00"
2020-02-17,2020021701024393,GMFBS,10,49,10,989.00,"9,890.00"
2020-02-17,2020021701024392,GMFBS,10,1,50,988.00,"49,400.00"
2020-02-17,2020021701024391,GMFBS,10,1,10,987.00,"9,870.00"
2020-02-17,2020021701024310,GMFIL,43,52,10,136.00,"1,360.00"
2020-02-17,2020021701024755,GUFL,44,35,150,131.00,"19,650.00"
2020-02-17,2020021701024739,HDL,28,38,50,"1,400.00","70,000.00"
2020-02-17,2020021701024653,HDL,50,38,151,"1,400.00","211,400.00"
2020-02-17,2020021701024652,HDL,50,4,57,"1,400.00","79,800.00"
2020-02-17,2020021701024617,HDL,25,51,65,"1,395.00","90,675.00"
2020-02-17,2020021701024605,HDL,39,33,50,"1,396.00","69,800.00"
2020-02-17,2020021701024582,HDL,25,21,25,"1,395.00","34,875.00"
2020-02-17,2020021701024386,HDL,54,47,100,"1,398.00","139,800.00"
2020-02-17,2020021701024360,HDL,4,4,300,"1,400.00","420,000.00"
2020-02-17,2020021701024419,HDL,53,45,450,"1,398.00","629,100.00"
2020-02-17,2020021701024405,HDL,54,41,100,"1,396.00","139,600.00"
2020-02-17,2020021701024390,HDL,54,47,15,"1,396.00","20,940.00"
2020-02-17,2020021701024389,HDL,37,47,100,"1,396.00","139,600.00"
2020-02-17,2020021701024388,HDL,33,47,25,"1,397.00","34,925.00"
2020-02-17,2020021701024387,HDL,51,47,60,"1,397.00","83,820.00"
2020-02-17,2020021701024467,HDL,42,19,160,"1,395.00","223,200.00"
2020-02-17,2020021701024466,HDL,56,19,300,"1,395.00","418,500.00"
2020-02-17,2020021701024465,HDL,49,19,40,"1,399.00","55,960.00"
2020-02-17,2020021701024459,HDL,49,34,50,"1,399.00","69,950.00"
2020-02-17,2020021701024430,HDL,4,4,200,"1,400.00","280,000.00"
2020-02-17,2020021701024423,HDL,53,41,50,"1,398.00","69,900.00"
2020-02-17,2020021701024568,HDL,25,16,75,"1,395.00","104,625.00"
2020-02-17,2020021701024567,HDL,42,16,175,"1,395.00","244,125.00"
2020-02-17,2020021701024533,HDL,42,59,365,"1,395.00","509,175.00"
2020-02-17,2020021701024532,HDL,25,59,50,"1,396.00","69,800.00"
2020-02-17,2020021701024531,HDL,54,59,85,"1,396.00","118,660.00"
2020-02-17,2020021701024474,HDL,42,26,300,"1,395.00","418,500.00"
2020-02-17,2020021701024673,HGI,50,5,10,449.00,"4,490.00"
2020-02-17,2020021701024633,HGI,45,5,400,449.00,"179,600.00"
2020-02-17,2020021701024409,HGI,50,49,250,448.00,"112,000.00"
2020-02-17,2020021701024350,HGI,50,51,40,448.00,"17,920.00"
2020-02-17,2020021701024349,HGI,45,51,10,448.00,"4,480.00"
2020-02-17,2020021701024432,ICFC,38,50,20,185.00,"3,700.00"
2020-02-17,2020021701024643,IGI,38,34,100,482.00,"48,200.00"
2020-02-17,2020021701024665,ILBS,19,10,10,938.00,"9,380.00"
2020-02-17,2020021701024595,ILBS,49,59,10,920.00,"9,200.00"
2020-02-17,2020021701024594,ILBS,19,59,40,920.00,"36,800.00"
2020-02-17,2020021701024560,ILBS,35,26,10,925.00,"9,250.00"
2020-02-17,2020021701024758,JBBL,39,28,50,194.00,"9,700.00"
2020-02-17,2020021701024740,JBBL,58,52,20,195.00,"3,900.00"
2020-02-17,2020021701024644,JSLBB,34,49,10,"1,868.00","18,680.00"
2020-02-17,2020021701024588,KBL,49,29,28,196.00,"5,488.00"
2020-02-17,2020021701024587,KBL,32,29,300,196.00,"58,800.00"
2020-02-17,2020021701024586,KBL,32,29,100,196.00,"19,600.00"
2020-02-17,2020021701024371,KRBL,10,6,200,120.00,"24,000.00"
2020-02-17,2020021701024631,LBBL,48,6,100,195.00,"19,500.00"
2020-02-17,2020021701024590,LBBL,48,6,400,195.00,"78,000.00"
2020-02-17,2020021701024589,LBBL,38,6,100,195.00,"19,500.00"
2020-02-17,2020021701024322,LBBL,32,32,62,195.00,"12,090.00"
2020-02-17,2020021701024307,LBBL,32,51,300,195.00,"58,500.00"
2020-02-17,2020021701024448,LBL,53,5,200,229.00,"45,800.00"
2020-02-17,2020021701024722,LGIL,13,39,500,539.00,"269,500.00"
2020-02-17,2020021701024662,LGIL,7,44,200,540.00,"108,000.00"
2020-02-17,2020021701024661,LGIL,42,44,50,540.00,"27,000.00"
2020-02-17,2020021701024660,LGIL,17,44,200,540.00,"108,000.00"
2020-02-17,2020021701024659,LGIL,48,44,240,540.00,"129,600.00"
2020-02-17,2020021701024348,LGIL,55,59,100,541.00,"54,100.00"
2020-02-17,2020021701024482,LLBS,38,21,135,"1,214.00","163,890.00"
2020-02-17,2020021701024481,LLBS,47,21,16,"1,214.00","19,424.00"
2020-02-17,2020021701024480,LLBS,21,21,100,"1,215.00","121,500.00"
2020-02-17,2020021701024479,LLBS,47,21,49,"1,215.00","59,535.00"
2020-02-17,2020021701024478,MBL,50,59,100,241.00,"24,100.00"
2020-02-17,2020021701024477,MBL,50,55,137,241.00,"33,017.00"
2020-02-17,2020021701024709,MEGA,1,57,"3,707",210.00,"778,470.00"
2020-02-17,2020021701024646,MEGA,25,57,"1,000",210.00,"210,000.00"
2020-02-17,2020021701024559,MEGA,32,57,100,210.00,"21,000.00"
2020-02-17,2020021701024527,MEGA,32,57,"1,500",210.00,"315,000.00"
2020-02-17,2020021701024473,MEGA,53,11,50,209.00,"10,450.00"
2020-02-17,2020021701024398,MEGA,14,57,600,210.00,"126,000.00"
2020-02-17,2020021701024618,MFIL,53,38,400,197.00,"78,800.00"
2020-02-17,2020021701024742,MLBBL,49,49,10,869.00,"8,690.00"
2020-02-17,2020021701024619,MLBL,47,59,"2,000",219.00,"438,000.00"
2020-02-17,2020021701024508,MLBL,32,49,100,219.00,"21,900.00"
2020-02-17,2020021701024757,MNBBL,3,3,412,327.00,"134,724.00"
2020-02-17,2020021701024725,MNBBL,45,3,490,327.00,"160,230.00"
2020-02-17,2020021701024724,MNBBL,45,45,10,327.00,"3,270.00"
2020-02-17,2020021701024385,MNBBL,50,3,30,328.00,"9,840.00"
2020-02-17,2020021701024358,MSMBS,34,1,10,851.00,"8,510.00"
2020-02-17,2020021701024642,NABIL,54,25,950,750.00,"712,500.00"
2020-02-17,2020021701024641,NABIL,54,42,100,750.00,"75,000.00"
2020-02-17,2020021701024640,NABIL,54,57,50,749.00,"37,450.00"
2020-02-17,2020021701024438,NABIL,54,11,30,748.00,"22,440.00"
2020-02-17,2020021701024699,NADEP,46,33,51,775.00,"39,525.00"
2020-02-17,2020021701024698,NADEP,43,33,50,775.00,"38,750.00"
2020-02-17,2020021701024697,NADEP,57,33,100,775.00,"77,500.00"
2020-02-17,2020021701024696,NADEP,14,33,30,775.00,"23,250.00"
2020-02-17,2020021701024695,NADEP,52,33,200,775.00,"155,000.00"
2020-02-17,2020021701024694,NADEP,5,33,140,775.00,"108,500.00"
2020-02-17,2020021701024476,NADEP,51,35,23,776.00,"17,848.00"
2020-02-17,2020021701024693,NADEP,36,33,50,776.00,"38,800.00"
2020-02-17,2020021701024692,NADEP,51,33,42,776.00,"32,592.00"
2020-02-17,2020021701024792,NBL,33,58,10,272.00,"2,720.00"
2020-02-17,2020021701024759,NBL,54,17,100,271.00,"27,100.00"
2020-02-17,2020021701024735,NBL,43,58,10,272.00,"2,720.00"
2020-02-17,2020021701024679,NBL,54,35,500,271.00,"135,500.00"
2020-02-17,2020021701024804,NCCB,56,57,10,198.00,"1,980.00"
2020-02-17,2020021701024802,NCCB,48,57,20,198.00,"3,960.00"
2020-02-17,2020021701024496,NCCB,58,39,27,197.00,"5,319.00"
2020-02-17,2020021701024361,NGPL,33,32,11,143.00,"1,573.00"
2020-02-17,2020021701024495,NHDL,14,56,580,134.00,"77,720.00"
2020-02-17,2020021701024744,NHPC,42,56,"2,000",60.00,"120,000.00"
2020-02-17,2020021701024613,NHPC,4,45,"5,000",59.00,"295,000.00"
2020-02-17,2020021701024612,NHPC,34,45,"2,000",59.00,"118,000.00"
2020-02-17,2020021701024611,NHPC,37,45,"1,000",59.00,"59,000.00"
2020-02-17,2020021701024610,NHPC,40,45,"2,000",59.00,"118,000.00"
2020-02-17,2020021701024609,NHPC,13,45,"1,000",59.00,"59,000.00"
2020-02-17,2020021701024439,NHPC,56,56,200,60.00,"12,000.00"
2020-02-17,2020021701024369,NHPC,56,42,50,61.00,"3,050.00"
2020-02-17,2020021701024347,NHPC,4,45,"1,000",60.00,"60,000.00"
2020-02-17,2020021701024346,NHPC,45,45,500,60.00,"30,000.00"
2020-02-17,2020021701024345,NHPC,58,45,"1,000",60.00,"60,000.00"
2020-02-17,2020021701024344,NHPC,45,45,500,60.00,"30,000.00"
2020-02-17,2020021701024678,NIB,49,52,187,379.00,"70,873.00"
2020-02-17,2020021701024343,NIB,38,22,100,380.00,"38,000.00"
2020-02-17,2020021701024801,NIBPO,58,4,"1,140",330.00,"376,200.00"
2020-02-17,2020021701024800,NIBPO,43,4,"1,000",330.00,"330,000.00"
2020-02-17,2020021701024799,NIBPO,47,4,150,330.00,"49,500.00"
2020-02-17,2020021701024798,NIBPO,19,4,100,331.00,"33,100.00"
2020-02-17,2020021701024797,NIBPO,34,4,450,331.00,"148,950.00"
2020-02-17,2020021701024323,NIBPO,32,35,150,331.00,"49,650.00"
2020-02-17,2020021701024325,NIBPO,34,35,50,331.00,"16,550.00"
2020-02-17,2020021701024324,NIBPO,34,35,200,331.00,"66,200.00"
2020-02-17,2020021701024776,NICA,34,28,100,539.00,"53,900.00"
2020-02-17,2020021701024614,NICA,38,49,30,537.00,"16,110.00"
2020-02-17,2020021701024543,NICA,38,41,37,537.00,"19,869.00"
2020-02-17,2020021701024542,NICA,39,41,100,537.00,"53,700.00"
2020-02-17,2020021701024541,NICA,19,41,63,537.00,"33,831.00"
2020-02-17,2020021701024411,NICA,46,28,30,539.00,"16,170.00"
2020-02-17,2020021701024803,NICL,43,58,10,471.00,"4,710.00"
2020-02-17,2020021701024549,NICL,43,56,10,475.00,"4,750.00"
2020-02-17,2020021701024516,NICL,6,49,66,470.00,"31,020.00"
2020-02-17,2020021701024399,NICL,21,17,500,470.00,"235,000.00"
2020-02-17,2020021701024515,NICL,44,49,100,470.00,"47,000.00"
2020-02-17,2020021701024514,NICL,35,49,30,470.00,"14,100.00"
2020-02-17,2020021701024513,NICL,36,49,20,470.00,"9,400.00"
2020-02-17,2020021701024512,NICL,21,49,184,470.00,"86,480.00"
2020-02-17,2020021701024511,NICL,13,49,100,471.00,"47,100.00"
2020-02-17,2020021701024712,NIL,53,49,100,615.00,"61,500.00"
2020-02-17,2020021701024529,NIL,59,49,10,615.00,"6,150.00"
2020-02-17,2020021701024528,NIL,59,35,50,612.00,"30,600.00"
2020-02-17,2020021701024494,NIL,1,17,102,610.00,"62,220.00"
2020-02-17,2020021701024437,NIL,1,49,200,610.00,"122,000.00"
2020-02-17,2020021701024351,NIL,16,35,150,612.00,"91,800.00"
2020-02-17,2020021701024342,NIL,16,52,100,612.00,"61,200.00"
2020-02-17,2020021701024548,NLBBL,28,43,30,842.00,"25,260.00"
2020-02-17,2020021701024547,NLBBL,32,43,10,842.00,"8,420.00"
2020-02-17,2020021701024447,NLBBL,44,58,10,845.00,"8,450.00"
2020-02-17,2020021701024446,NLBBL,58,58,500,845.00,"422,500.00"
2020-02-17,2020021701024445,NLBBL,10,58,500,845.00,"422,500.00"
2020-02-17,2020021701024444,NLBBL,28,58,100,845.00,"84,500.00"
2020-02-17,2020021701024443,NLBBL,58,58,500,846.00,"423,000.00"
2020-02-17,2020021701024442,NLBBL,20,58,100,847.00,"84,700.00"
2020-02-17,2020021701024441,NLBBL,59,58,50,847.00,"42,350.00"
2020-02-17,2020021701024440,NLBBL,59,58,200,847.00,"169,400.00"
2020-02-17,2020021701024791,NLIC,32,53,50,"1,203.00","60,150.00"
2020-02-17,2020021701024748,NLIC,32,35,24,"1,202.00","28,848.00"
2020-02-17,2020021701024747,NLIC,32,42,100,"1,200.00","120,000.00"
2020-02-17,2020021701024703,NLIC,32,35,28,"1,202.00","33,656.00"
2020-02-17,2020021701024702,NLIC,32,32,22,"1,200.00","26,400.00"
2020-02-17,2020021701024608,NLIC,45,11,10,"1,200.00","12,000.00"
2020-02-17,2020021701024425,NLIC,7,34,22,"1,195.00","26,290.00"
2020-02-17,2020021701024424,NLIC,41,34,78,"1,195.00","93,210.00"
2020-02-17,2020021701024374,NLIC,41,8,22,"1,195.00","26,290.00"
2020-02-17,2020021701024795,NLICL,43,35,41,697.00,"28,577.00"
2020-02-17,2020021701024794,NLICL,39,35,250,698.00,"174,500.00"
2020-02-17,2020021701024793,NLICL,57,35,22,698.00,"15,356.00"
2020-02-17,2020021701024732,NLICL,36,53,151,702.00,"106,002.00"
2020-02-17,2020021701024591,NLICL,43,53,10,702.00,"7,020.00"
2020-02-17,2020021701024510,NLICL,36,22,"1,000",700.00,"700,000.00"
2020-02-17,2020021701024787,NMB,49,58,400,399.00,"159,600.00"
2020-02-17,2020021701024766,NMB,26,58,50,399.00,"19,950.00"
2020-02-17,2020021701024706,NMB,49,39,835,397.00,"331,495.00"
2020-02-17,2020021701024705,NMB,49,39,550,398.00,"218,900.00"
2020-02-17,2020021701024675,NMB,49,58,485,399.00,"193,515.00"
2020-02-17,2020021701024493,NMB,45,48,25,400.00,"10,000.00"
2020-02-17,2020021701024309,NMB,38,11,100,399.00,"39,900.00"
2020-02-17,2020021701024308,NMB,38,58,435,399.00,"173,565.00"
2020-02-17,2020021701024406,NMB,8,32,30,398.00,"11,940.00"
2020-02-17,2020021701024330,NMB,45,57,850,400.00,"340,000.00"
2020-02-17,2020021701024329,NMB,45,11,500,400.00,"200,000.00"
2020-02-17,2020021701024328,NMB,45,42,500,400.00,"200,000.00"
2020-02-17,2020021701024327,NMB,45,4,50,400.00,"20,000.00"
2020-02-17,2020021701024326,NMB,45,49,100,400.00,"40,000.00"
2020-02-17,2020021701024492,NMB,45,21,25,400.00,"10,000.00"
2020-02-17,2020021701024491,NMB,45,34,100,400.00,"40,000.00"
2020-02-17,2020021701024490,NMB,45,57,150,400.00,"60,000.00"
2020-02-17,2020021701024489,NMB,45,41,200,399.00,"79,800.00"
2020-02-17,2020021701024408,NMB,49,32,15,398.00,"5,970.00"
2020-02-17,2020021701024407,NMB,35,32,28,398.00,"11,144.00"
2020-02-17,2020021701024645,NMBMF,14,26,80,943.00,"75,440.00"
2020-02-17,2020021701024422,NMBMF,32,45,10,955.00,"9,550.00"
2020-02-17,2020021701024770,NSEWA,50,14,10,830.00,"8,300.00"
2020-02-17,2020021701024471,NTC,32,21,50,623.00,"31,150.00"
2020-02-17,2020021701024728,NUBL,3,58,100,"1,049.00","104,900.00"
2020-02-17,2020021701024524,NUBL,14,34,300,"1,049.00","314,700.00"
2020-02-17,2020021701024764,OHL,38,49,100,479.00,"47,900.00"
2020-02-17,2020021701024596,OHL,41,56,200,488.00,"97,600.00"
2020-02-17,2020021701024381,OHL,56,56,500,481.00,"240,500.00"
2020-02-17,2020021701024380,OHL,56,56,"1,000",481.00,"481,000.00"
2020-02-17,2020021701024379,OHL,52,56,50,482.00,"24,100.00"
2020-02-17,2020021701024378,OHL,25,56,60,483.00,"28,980.00"
2020-02-17,2020021701024377,OHL,20,56,500,483.00,"241,500.00"
2020-02-17,2020021701024507,PCBL,25,13,"1,000",284.00,"284,000.00"
2020-02-17,2020021701024373,PCBL,25,47,89,284.00,"25,276.00"
2020-02-17,2020021701024355,PCBL,16,28,100,285.00,"28,500.00"
2020-02-17,2020021701024767,PFL,13,42,20,161.00,"3,220.00"
2020-02-17,2020021701024745,PIC,1,1,200,660.00,"132,000.00"
2020-02-17,2020021701024721,PIC,52,17,40,662.00,"26,480.00"
2020-02-17,2020021701024720,PIC,52,25,10,662.00,"6,620.00"
2020-02-17,2020021701024682,PIC,25,25,12,662.00,"7,944.00"
2020-02-17,2020021701024672,PIC,6,56,349,660.00,"230,340.00"
2020-02-17,2020021701024624,PIC,6,52,30,660.00,"19,800.00"
2020-02-17,2020021701024366,PIC,25,14,81,659.00,"53,379.00"
2020-02-17,2020021701024316,PIC,25,14,18,659.00,"11,862.00"
2020-02-17,2020021701024315,PIC,25,53,100,658.00,"65,800.00"
2020-02-17,2020021701024585,PIC,6,11,10,660.00,"6,600.00"
2020-02-17,2020021701024554,PIC,6,38,50,660.00,"33,000.00"
2020-02-17,2020021701024553,PIC,6,45,35,660.00,"23,100.00"
2020-02-17,2020021701024552,PIC,6,48,290,660.00,"191,400.00"
2020-02-17,2020021701024551,PIC,6,50,155,660.00,"102,300.00"
2020-02-17,2020021701024367,PIC,25,50,29,660.00,"19,140.00"
2020-02-17,2020021701024522,PICL,26,45,230,536.00,"123,280.00"
2020-02-17,2020021701024397,PICL,26,10,200,536.00,"107,200.00"
2020-02-17,2020021701024359,PICL,26,25,200,536.00,"107,200.00"
2020-02-17,2020021701024317,PICL,26,42,100,536.00,"53,600.00"
2020-02-17,2020021701024756,PLIC,42,57,300,610.00,"183,000.00"
2020-02-17,2020021701024677,PLIC,22,57,200,610.00,"122,000.00"
2020-02-17,2020021701024564,PLIC,32,6,193,609.00,"117,537.00"
2020-02-17,2020021701024562,PLIC,59,6,200,609.00,"121,800.00"
2020-02-17,2020021701024805,PRIN,57,33,150,501.00,"75,150.00"
2020-02-17,2020021701024729,PRIN,19,17,300,510.00,"153,000.00"
2020-02-17,2020021701024632,PRIN,19,17,10,510.00,"5,100.00"
2020-02-17,2020021701024604,PRIN,57,51,50,501.00,"25,050.00"
2020-02-17,2020021701024518,PRIN,57,25,500,501.00,"250,500.00"
2020-02-17,2020021701024517,PRIN,26,25,500,502.00,"251,000.00"
2020-02-17,2020021701024470,PRIN,3,55,100,503.00,"50,300.00"
2020-02-17,2020021701024428,PRIN,46,17,10,510.00,"5,100.00"
2020-02-17,2020021701024427,PRIN,46,34,30,509.00,"15,270.00"
2020-02-17,2020021701024563,PRVU,32,58,"1,000",254.00,"254,000.00"
2020-02-17,2020021701024628,RBCL,16,19,10,"10,879.00","108,790.00"
2020-02-17,2020021701024558,RHPC,29,52,275,90.00,"24,750.00"
2020-02-17,2020021701024557,RHPC,33,52,"1,000",90.00,"90,000.00"
2020-02-17,2020021701024556,RHPC,39,52,700,90.00,"63,000.00"
2020-02-17,2020021701024555,RHPC,37,52,25,90.00,"2,250.00"
2020-02-17,2020021701024668,RHPL,7,52,30,170.00,"5,100.00"
2020-02-17,2020021701024657,RHPL,7,16,30,170.00,"5,100.00"
2020-02-17,2020021701024545,RHPL,7,35,30,170.00,"5,100.00"
2020-02-17,2020021701024772,RMDC,58,25,19,750.00,"14,250.00"
2020-02-17,2020021701024771,RMDC,58,22,500,750.00,"375,000.00"
2020-02-17,2020021701024457,RMDC,21,59,150,740.00,"111,000.00"
2020-02-17,2020021701024306,RSDC,55,42,23,490.00,"11,270.00"
2020-02-17,2020021701024762,SABSL,34,19,10,953.00,"9,530.00"
2020-02-17,2020021701024581,SABSL,34,35,10,940.00,"9,400.00"
2020-02-17,2020021701024475,SABSL,34,19,10,953.00,"9,530.00"
2020-02-17,2020021701024738,SADBL,32,14,200,167.00,"33,400.00"
2020-02-17,2020021701024313,SADBL,48,59,848,169.00,"143,312.00"
2020-02-17,2020021701024312,SADBL,48,25,241,169.00,"40,729.00"
2020-02-17,2020021701024311,SADBL,48,17,"1,000",169.00,"169,000.00"
2020-02-17,2020021701024710,SANIMA,22,6,100,355.00,"35,500.00"
2020-02-17,2020021701024647,SANIMA,14,6,150,355.00,"53,250.00"
2020-02-17,2020021701024565,SANIMA,4,48,500,354.00,"177,000.00"
2020-02-17,2020021701024526,SANIMA,4,38,12,354.00,"4,248.00"
2020-02-17,2020021701024352,SANIMA,22,6,700,355.00,"248,500.00"
2020-02-17,2020021701024321,SANIMA,4,5,200,354.00,"70,800.00"
2020-02-17,2020021701024763,SBI,32,58,200,424.00,"84,800.00"
2020-02-17,2020021701024449,SBI,34,16,50,422.00,"21,100.00"
2020-02-17,2020021701024436,SBI,34,32,12,422.00,"5,064.00"
2020-02-17,2020021701024435,SBI,1,32,10,422.00,"4,220.00"
2020-02-17,2020021701024320,SBI,1,25,790,422.00,"333,380.00"
2020-02-17,2020021701024319,SBI,32,25,910,422.00,"384,020.00"
2020-02-17,2020021701024318,SBI,14,25,300,423.00,"126,900.00"
2020-02-17,2020021701024649,SBL,35,36,30,321.00,"9,630.00"
2020-02-17,2020021701024648,SBL,45,36,73,321.00,"23,433.00"
2020-02-17,2020021701024487,SCB,59,32,20,649.00,"12,980.00"
2020-02-17,2020021701024456,SCB,11,38,50,651.00,"32,550.00"
2020-02-17,2020021701024455,SCB,11,41,132,651.00,"85,932.00"
2020-02-17,2020021701024454,SCB,11,28,20,650.00,"13,000.00"
2020-02-17,2020021701024412,SCB,59,48,100,649.00,"64,900.00"
2020-02-17,2020021701024674,SCB,37,8,20,650.00,"13,000.00"
2020-02-17,2020021701024663,SCB,37,11,100,650.00,"65,000.00"
2020-02-17,2020021701024603,SCB,59,26,10,649.00,"6,490.00"
2020-02-17,2020021701024488,SCB,59,8,20,649.00,"12,980.00"
2020-02-17,2020021701024789,SDESI,45,21,10,982.00,"9,820.00"
2020-02-17,2020021701024650,SDESI,45,19,21,966.00,"20,286.00"
2020-02-17,2020021701024574,SDESI,51,43,11,963.00,"10,593.00"
2020-02-17,2020021701024486,SDESI,45,19,100,966.00,"96,600.00"
2020-02-17,2020021701024485,SDESI,50,19,100,966.00,"96,600.00"
2020-02-17,2020021701024484,SDESI,45,19,54,967.00,"52,218.00"
2020-02-17,2020021701024483,SDESI,45,19,25,968.00,"24,200.00"
2020-02-17,2020021701024734,SEF,3,4,"46,100",9.50,"437,950.00"
2020-02-17,2020021701024616,SHINE,57,58,260,279.00,"72,540.00"
2020-02-17,2020021701024540,SHINE,57,22,240,279.00,"66,960.00"
2020-02-17,2020021701024539,SHINE,43,22,65,279.00,"18,135.00"
2020-02-17,2020021701024402,SHINE,42,51,400,280.00,"112,000.00"
2020-02-17,2020021701024775,SHIVM,58,39,500,610.00,"305,000.00"
2020-02-17,2020021701024727,SHIVM,58,38,431,613.00,"264,203.00"
2020-02-17,2020021701024726,SHIVM,58,6,169,611.00,"103,259.00"
2020-02-17,2020021701024701,SHIVM,25,6,31,611.00,"18,941.00"
2020-02-17,2020021701024676,SHIVM,43,38,10,614.00,"6,140.00"
2020-02-17,2020021701024420,SHIVM,56,58,100,616.00,"61,600.00"
2020-02-17,2020021701024525,SHIVM,19,58,100,615.00,"61,500.00"
2020-02-17,2020021701024500,SHIVM,34,58,200,612.00,"122,400.00"
2020-02-17,2020021701024499,SHIVM,50,58,100,612.00,"61,200.00"
2020-02-17,2020021701024498,SHIVM,56,58,100,613.00,"61,300.00"
2020-02-17,2020021701024433,SHIVM,32,58,100,615.00,"61,500.00"
2020-02-17,2020021701024421,SHIVM,10,58,500,615.00,"307,500.00"
2020-02-17,2020021701024666,SHIVM,25,50,200,611.00,"122,200.00"
2020-02-17,2020021701024639,SHIVM,25,17,200,611.00,"122,200.00"
2020-02-17,2020021701024602,SHIVM,25,16,569,611.00,"347,659.00"
2020-02-17,2020021701024601,SHIVM,49,16,20,611.00,"12,220.00"
2020-02-17,2020021701024600,SHIVM,58,16,11,611.00,"6,721.00"
2020-02-17,2020021701024534,SHIVM,49,48,600,612.00,"367,200.00"
2020-02-17,2020021701024576,SHPC,57,28,10,235.00,"2,350.00"
2020-02-17,2020021701024575,SHPC,57,6,500,231.00,"115,500.00"
2020-02-17,2020021701024463,SHPC,57,28,31,235.00,"7,285.00"
2020-02-17,2020021701024462,SHPC,57,26,600,234.00,"140,400.00"
2020-02-17,2020021701024461,SHPC,57,32,190,233.00,"44,270.00"
2020-02-17,2020021701024460,SHPC,57,6,179,232.00,"41,528.00"
2020-02-17,2020021701024636,SIC,34,45,35,815.00,"28,525.00"
2020-02-17,2020021701024635,SIC,34,33,100,815.00,"81,500.00"
2020-02-17,2020021701024634,SIC,34,19,274,810.00,"221,940.00"
2020-02-17,2020021701024620,SIC,34,56,300,802.00,"240,600.00"
2020-02-17,2020021701024583,SIC,34,29,220,802.00,"176,440.00"
2020-02-17,2020021701024431,SIC,34,16,279,802.00,"223,758.00"
2020-02-17,2020021701024733,SICL,5,34,43,"1,249.00","53,707.00"
2020-02-17,2020021701024416,SICL,47,57,39,"1,242.00","48,438.00"
2020-02-17,2020021701024368,SICL,5,42,100,"1,241.00","124,100.00"
2020-02-17,2020021701024357,SICL,48,57,20,"1,242.00","24,840.00"
2020-02-17,2020021701024356,SICL,17,57,30,"1,242.00","37,260.00"
2020-02-17,2020021701024786,SIL,44,52,420,589.00,"247,380.00"
2020-02-17,2020021701024651,SIL,20,37,157,590.00,"92,630.00"
2020-02-17,2020021701024627,SIL,53,37,50,590.00,"29,500.00"
2020-02-17,2020021701024707,SINDU,34,1,200,133.00,"26,600.00"
2020-02-17,2020021701024708,SJCL,39,16,20,159.00,"3,180.00"
2020-02-17,2020021701024774,SKBBL,59,6,20,"1,162.00","23,240.00"
2020-02-17,2020021701024453,SKBBL,22,43,100,"1,167.00","116,700.00"
2020-02-17,2020021701024452,SKBBL,44,43,500,"1,167.00","583,500.00"
2020-02-17,2020021701024451,SKBBL,22,43,200,"1,170.00","234,000.00"
2020-02-17,2020021701024450,SKBBL,49,43,100,"1,180.00","118,000.00"
2020-02-17,2020021701024621,SLICL,4,1,20,506.00,"10,120.00"
2020-02-17,2020021701024458,SLICL,42,4,250,500.00,"125,000.00"
2020-02-17,2020021701024400,SLICL,56,4,10,500.00,"5,000.00"
2020-02-17,2020021701024341,SLICL,32,52,700,499.00,"349,300.00"
2020-02-17,2020021701024340,SLICL,32,57,50,499.00,"24,950.00"
2020-02-17,2020021701024599,SLICL,4,41,50,505.00,"25,250.00"
2020-02-17,2020021701024598,SLICL,4,56,230,500.00,"115,000.00"
2020-02-17,2020021701024536,SLICL,33,56,70,500.00,"35,000.00"
2020-02-17,2020021701024535,SLICL,33,17,430,500.00,"215,000.00"
2020-02-17,2020021701024521,SLICL,38,17,70,500.00,"35,000.00"
2020-02-17,2020021701024520,SLICL,38,4,130,500.00,"65,000.00"
2020-02-17,2020021701024625,SMATA,26,45,390,855.00,"333,450.00"
2020-02-17,2020021701024472,SMATA,26,10,400,855.00,"342,000.00"
2020-02-17,2020021701024372,SMATA,26,32,210,855.00,"179,550.00"
2020-02-17,2020021701024700,SMB,34,34,10,"1,060.00","10,600.00"
2020-02-17,2020021701024578,SPARS,50,25,70,956.00,"66,920.00"
2020-02-17,2020021701024577,SPARS,45,25,10,958.00,"9,580.00"
2020-02-17,2020021701024597,STC,56,34,10,"2,760.00","27,600.00"
2020-02-17,2020021701024546,STC,39,38,30,"2,726.00","81,780.00"
2020-02-17,2020021701024711,SWBBL,57,28,10,"1,299.00","12,990.00"
2020-02-17,2020021701024469,SWBBL,50,14,400,"1,294.00","517,600.00"
2020-02-17,2020021701024468,SWBBL,50,11,20,"1,290.00","25,800.00"
2020-02-17,2020021701024370,SWBBL,59,48,10,"1,288.00","12,880.00"
2020-02-17,2020021701024669,TMDBL,19,39,96,190.00,"18,240.00"
2020-02-17,2020021701024713,UIC,42,45,100,455.00,"45,500.00"
2020-02-17,2020021701024339,UMHL,52,34,20,117.00,"2,340.00"
2020-02-17,2020021701024429,UNHPL,10,33,500,59.00,"29,500.00"
2020-02-17,2020021701024773,UPPER,25,51,44,243.00,"10,692.00"
2020-02-17,2020021701024579,UPPER,36,16,50,242.00,"12,100.00"
2020-02-17,2020021701024544,UPPER,36,45,40,242.00,"9,680.00"
2020-02-17,2020021701024401,UPPER,36,52,67,242.00,"16,214.00"
2020-02-17,2020021701024777,VLBS,46,43,10,"1,142.00","11,420.00"
2020-02-17,2020021701024743,WOMI,7,11,10,"1,113.00","11,130.00"
2020-02-17,2020021701023904,ADBL,14,45,50,395.00,"19,750.00"
2020-02-17,2020021701023826,ADBL,14,19,250,394.00,"98,500.00"
2020-02-17,2020021701023825,ADBL,57,19,250,394.00,"98,500.00"
2020-02-17,2020021701024270,AHPC,47,45,407,97.00,"39,479.00"
2020-02-17,2020021701024269,AHPC,22,45,265,97.00,"25,705.00"
2020-02-17,2020021701024210,AHPC,8,45,74,98.00,"7,252.00"
2020-02-17,2020021701024209,AHPC,34,45,30,98.00,"2,940.00"
2020-02-17,2020021701024147,AKPL,42,29,500,138.00,"69,000.00"
2020-02-17,2020021701024146,AKPL,42,56,"2,000",138.00,"276,000.00"
2020-02-17,2020021701024298,ALICL,45,21,380,640.00,"243,200.00"
2020-02-17,2020021701024297,ALICL,26,21,100,640.00,"64,000.00"
2020-02-17,2020021701024296,ALICL,42,21,20,640.00,"12,800.00"
2020-02-17,2020021701024250,ALICL,38,37,200,641.00,"128,200.00"
2020-02-17,2020021701024249,ALICL,16,37,120,641.00,"76,920.00"
2020-02-17,2020021701024229,ALICL,16,16,380,641.00,"243,580.00"
2020-02-17,2020021701024228,ALICL,16,16,100,641.00,"64,100.00"
2020-02-17,2020021701024227,ALICL,41,16,24,641.00,"15,384.00"
2020-02-17,2020021701024226,ALICL,8,16,196,641.00,"125,636.00"
2020-02-17,2020021701024225,ALICL,36,16,300,642.00,"192,600.00"
2020-02-17,2020021701023846,ALICL,8,38,54,641.00,"34,614.00"
2020-02-17,2020021701023956,API,25,58,50,137.00,"6,850.00"
2020-02-17,2020021701023937,API,25,42,200,136.00,"27,200.00"
2020-02-17,2020021701024257,BARUN,21,8,220,100.00,"22,000.00"
2020-02-17,2020021701024256,BARUN,10,8,40,100.00,"4,000.00"
2020-02-17,2020021701024291,BFC,25,49,80,109.00,"8,720.00"
2020-02-17,2020021701024201,BOKL,29,35,27,238.00,"6,426.00"
2020-02-17,2020021701024265,BPCL,49,49,500,348.00,"174,000.00"
2020-02-17,2020021701024264,BPCL,34,49,100,348.00,"34,800.00"
2020-02-17,2020021701024263,BPCL,19,49,334,348.00,"116,232.00"
2020-02-17,2020021701024262,BPCL,49,49,156,349.00,"54,444.00"
2020-02-17,2020021701023888,BPCL,49,34,422,349.00,"147,278.00"
2020-02-17,2020021701023873,BPCL,49,38,22,349.00,"7,678.00"
2020-02-17,2020021701023830,CBBL,32,36,50,"1,119.00","55,950.00"
2020-02-17,2020021701024208,CBL,34,45,"1,000",154.00,"154,000.00"
2020-02-17,2020021701024207,CBL,34,56,20,154.00,"3,080.00"
2020-02-17,2020021701024204,CBL,26,56,30,154.00,"4,620.00"
2020-02-17,2020021701024173,CBL,52,34,605,153.00,"92,565.00"
2020-02-17,2020021701024172,CBL,17,34,247,153.00,"37,791.00"
2020-02-17,2020021701024031,CBL,17,35,68,153.00,"10,404.00"
2020-02-17,2020021701023961,CBL,51,56,"1,000",154.00,"154,000.00"
2020-02-17,2020021701023960,CBL,33,56,950,154.00,"146,300.00"
2020-02-17,2020021701023910,CCBL,25,38,93,187.00,"17,391.00"
2020-02-17,2020021701024293,CIT,36,7,48,"2,770.00","132,960.00"
2020-02-17,2020021701024100,CIT,35,45,20,"2,773.00","55,460.00"
2020-02-17,2020021701024085,CIT,36,7,52,"2,770.00","144,040.00"
2020-02-17,2020021701024084,CIT,35,7,20,"2,770.00","55,400.00"
2020-02-17,2020021701024083,CIT,37,7,100,"2,771.00","277,100.00"
2020-02-17,2020021701024082,CIT,37,7,100,"2,771.00","277,100.00"
2020-02-17,2020021701023887,CIT,18,11,25,"2,773.00","69,325.00"
2020-02-17,2020021701023847,CIT,18,6,150,"2,773.00","415,950.00"
2020-02-17,2020021701024081,CIT,45,7,28,"2,771.00","77,588.00"
2020-02-17,2020021701023975,CIT,45,37,22,"2,771.00","60,962.00"
2020-02-17,2020021701023974,CIT,28,37,100,"2,772.00","277,200.00"
2020-02-17,2020021701023973,CIT,49,37,113,"2,772.00","313,236.00"
2020-02-17,2020021701023972,CIT,53,37,20,"2,773.00","55,460.00"
2020-02-17,2020021701023971,CIT,18,37,25,"2,773.00","69,325.00"
2020-02-17,2020021701023953,CLBSL,26,38,17,"1,140.00","19,380.00"
2020-02-17,2020021701024305,CZBIL,25,48,440,197.00,"86,680.00"
2020-02-17,2020021701024006,CZBIL,25,38,60,197.00,"11,820.00"
2020-02-17,2020021701024275,DDBL,19,38,100,903.00,"90,300.00"
2020-02-17,2020021701024222,DDBL,19,38,50,903.00,"45,150.00"
2020-02-17,2020021701023821,DDBL,35,49,15,904.00,"13,560.00"
2020-02-17,2020021701024205,EBL,53,51,23,673.00,"15,479.00"
2020-02-17,2020021701024075,EBL,53,35,27,673.00,"18,171.00"
2020-02-17,2020021701024017,EBL,53,35,23,673.00,"15,479.00"
2020-02-17,2020021701023901,EBL,53,41,100,673.00,"67,300.00"
2020-02-17,2020021701023900,EBL,53,57,77,672.00,"51,744.00"
2020-02-17,2020021701023984,EIC,34,17,10,456.00,"4,560.00"
2020-02-17,2020021701023983,EIC,4,17,200,456.00,"91,200.00"
2020-02-17,2020021701023951,EIC,4,57,100,456.00,"45,600.00"
2020-02-17,2020021701023950,EIC,41,57,100,456.00,"45,600.00"
2020-02-17,2020021701023949,EIC,50,57,100,456.00,"45,600.00"
2020-02-17,2020021701023948,EIC,11,57,100,456.00,"45,600.00"
2020-02-17,2020021701023914,EIC,43,35,100,457.00,"45,700.00"
2020-02-17,2020021701023913,EIC,58,35,62,457.00,"28,334.00"
2020-02-17,2020021701024135,FMDBL,46,52,327,489.00,"159,903.00"
2020-02-17,2020021701024078,FMDBL,46,17,458,489.00,"223,962.00"
2020-02-17,2020021701024077,FMDBL,50,17,42,489.00,"20,538.00"
2020-02-17,2020021701023882,FOWAD,13,8,47,"1,585.00","74,495.00"
2020-02-17,2020021701023869,FOWAD,13,8,153,"1,585.00","242,505.00"
2020-02-17,2020021701024106,GBBL,4,34,25,247.00,"6,175.00"
2020-02-17,2020021701024105,GBBL,4,57,500,247.00,"123,500.00"
2020-02-17,2020021701024104,GBBL,4,48,300,247.00,"74,100.00"
2020-02-17,2020021701024103,GBBL,4,48,11,247.00,"2,717.00"
2020-02-17,2020021701024102,GBBL,4,50,145,247.00,"35,815.00"
2020-02-17,2020021701024064,GBBL,26,59,50,246.00,"12,300.00"
2020-02-17,2020021701024063,GBBL,26,59,50,246.00,"12,300.00"
2020-02-17,2020021701024062,GBBL,26,42,500,246.00,"123,000.00"
2020-02-17,2020021701024268,GBIME,52,36,130,285.00,"37,050.00"
2020-02-17,2020021701024119,GBIME,57,36,200,285.00,"57,000.00"
2020-02-17,2020021701024118,GBIME,48,36,126,285.00,"35,910.00"
2020-02-17,2020021701024110,GBIME,53,6,"1,000",286.00,"286,000.00"
2020-02-17,2020021701024035,GBIME,48,38,62,285.00,"17,670.00"
2020-02-17,2020021701024011,GBIME,48,35,25,285.00,"7,125.00"
2020-02-17,2020021701023878,GBIME,48,47,117,285.00,"33,345.00"
2020-02-17,2020021701023865,GBIME,49,47,20,285.00,"5,700.00"
2020-02-17,2020021701023864,GBIME,49,48,280,285.00,"79,800.00"
2020-02-17,2020021701024302,GBLBS,16,34,300,503.00,"150,900.00"
2020-02-17,2020021701024301,GBLBS,54,34,400,503.00,"201,200.00"
2020-02-17,2020021701024300,GBLBS,5,34,700,503.00,"352,100.00"
2020-02-17,2020021701024299,GBLBS,56,34,100,503.00,"50,300.00"
2020-02-17,2020021701024126,GBLBS,14,34,50,506.00,"25,300.00"
2020-02-17,2020021701024093,GBLBS,38,34,15,506.00,"7,590.00"
2020-02-17,2020021701024053,GBLBS,56,42,400,503.00,"201,200.00"
2020-02-17,2020021701024018,GBLBS,13,42,100,504.00,"50,400.00"
2020-02-17,2020021701023976,GBLBS,14,34,50,506.00,"25,300.00"
2020-02-17,2020021701023871,GBLBS,52,44,700,505.00,"353,500.00"
2020-02-17,2020021701023856,GBLBS,29,16,15,504.00,"7,560.00"
2020-02-17,2020021701024005,GILB,55,36,39,"1,425.00","55,575.00"
2020-02-17,2020021701024285,GLICL,35,49,20,823.00,"16,460.00"
2020-02-17,2020021701024243,GLICL,42,7,100,820.00,"82,000.00"
2020-02-17,2020021701024180,GLICL,42,7,50,820.00,"41,000.00"
2020-02-17,2020021701024010,GLICL,52,58,"1,000",820.00,"820,000.00"
2020-02-17,2020021701024274,GMFBS,34,34,50,985.00,"49,250.00"
2020-02-17,2020021701024170,GRDBL,26,41,260,142.00,"36,920.00"
2020-02-17,2020021701024169,GRDBL,26,53,105,142.00,"14,910.00"
2020-02-17,2020021701024168,GRDBL,26,58,860,140.00,"120,400.00"
2020-02-17,2020021701023940,HBL,53,7,50,564.00,"28,200.00"
2020-02-17,2020021701024290,HDL,4,4,300,"1,400.00","420,000.00"
2020-02-17,2020021701024284,HDL,54,57,100,"1,398.00","139,800.00"
2020-02-17,2020021701024273,HDL,51,38,110,"1,397.00","153,670.00"
2020-02-17,2020021701024254,HDL,51,25,30,"1,397.00","41,910.00"
2020-02-17,2020021701024253,HDL,56,25,20,"1,397.00","27,940.00"
2020-02-17,2020021701024235,HDL,6,38,50,"1,398.00","69,900.00"
2020-02-17,2020021701024027,HDL,45,5,15,"1,402.00","21,030.00"
2020-02-17,2020021701024026,HDL,53,5,100,"1,402.00","140,200.00"
2020-02-17,2020021701024025,HDL,4,5,35,"1,403.00","49,105.00"
2020-02-17,2020021701024024,HDL,42,5,50,"1,404.00","70,200.00"
2020-02-17,2020021701024145,HDL,54,33,50,"1,402.00","70,100.00"
2020-02-17,2020021701024129,HDL,47,56,30,"1,401.00","42,030.00"
2020-02-17,2020021701024128,HDL,43,56,50,"1,401.00","70,050.00"
2020-02-17,2020021701024127,HDL,8,48,25,"1,401.00","35,025.00"
2020-02-17,2020021701024123,HDL,8,58,25,"1,401.00","35,025.00"
2020-02-17,2020021701024079,HDL,16,33,50,"1,402.00","70,100.00"
2020-02-17,2020021701024153,HDL,39,34,100,"1,400.00","140,000.00"
2020-02-17,2020021701024152,HDL,38,34,250,"1,400.00","350,000.00"
2020-02-17,2020021701024151,HDL,28,34,50,"1,401.00","70,050.00"
2020-02-17,2020021701024150,HDL,28,34,10,"1,401.00","14,010.00"
2020-02-17,2020021701024149,HDL,16,34,50,"1,401.00","70,050.00"
2020-02-17,2020021701024148,HDL,47,34,20,"1,401.00","28,020.00"
2020-02-17,2020021701024159,HDL,47,58,15,"1,400.00","21,000.00"
2020-02-17,2020021701024158,HDL,37,58,200,"1,400.00","280,000.00"
2020-02-17,2020021701024157,HDL,29,58,50,"1,400.00","70,000.00"
2020-02-17,2020021701024156,HDL,19,58,50,"1,400.00","70,000.00"
2020-02-17,2020021701024155,HDL,54,58,30,"1,400.00","42,000.00"
2020-02-17,2020021701024154,HDL,54,34,20,"1,400.00","28,000.00"
2020-02-17,2020021701024184,HDL,38,4,10,"1,400.00","14,000.00"
2020-02-17,2020021701024183,HDL,59,4,20,"1,400.00","28,000.00"
2020-02-17,2020021701024182,HDL,25,4,203,"1,400.00","284,200.00"
2020-02-17,2020021701024181,HDL,25,47,30,"1,400.00","42,000.00"
2020-02-17,2020021701024161,HDL,25,58,15,"1,400.00","21,000.00"
2020-02-17,2020021701024160,HDL,42,58,40,"1,400.00","56,000.00"
2020-02-17,2020021701024190,HDL,46,4,50,"1,400.00","70,000.00"
2020-02-17,2020021701024189,HDL,20,4,100,"1,400.00","140,000.00"
2020-02-17,2020021701024188,HDL,57,4,50,"1,400.00","70,000.00"
2020-02-17,2020021701024187,HDL,37,4,500,"1,400.00","700,000.00"
2020-02-17,2020021701024186,HDL,54,4,100,"1,400.00","140,000.00"
2020-02-17,2020021701024185,HDL,41,4,200,"1,400.00","280,000.00"
2020-02-17,2020021701024234,HDL,17,38,40,"1,398.00","55,920.00"
2020-02-17,2020021701024195,HDL,26,4,100,"1,400.00","140,000.00"
2020-02-17,2020021701024194,HDL,37,4,50,"1,400.00","70,000.00"
2020-02-17,2020021701024193,HDL,26,4,10,"1,400.00","14,000.00"
2020-02-17,2020021701024192,HDL,37,4,200,"1,400.00","280,000.00"
2020-02-17,2020021701024191,HDL,45,4,50,"1,400.00","70,000.00"
2020-02-17,2020021701023986,HGI,36,7,10,448.00,"4,480.00"
2020-02-17,2020021701023941,HGI,36,51,50,448.00,"22,400.00"
2020-02-17,2020021701023989,HIDCL,41,21,194,140.00,"27,160.00"
2020-02-17,2020021701023988,HIDCL,14,21,500,140.00,"70,000.00"
2020-02-17,2020021701023987,HIDCL,1,21,306,140.00,"42,840.00"
2020-02-17,2020021701023935,HIDCL,1,48,200,140.00,"28,000.00"
2020-02-17,2020021701024295,IGI,51,17,300,483.00,"144,900.00"
2020-02-17,2020021701024294,IGI,19,17,400,483.00,"193,200.00"
2020-02-17,2020021701024272,IGI,55,52,100,485.00,"48,500.00"
2020-02-17,2020021701023911,ILBS,19,16,10,920.00,"9,200.00"
2020-02-17,2020021701023861,ILBS,57,25,500,930.00,"465,000.00"
2020-02-17,2020021701024097,JBBL,51,38,32,191.00,"6,112.00"
2020-02-17,2020021701023917,JBBL,51,49,181,191.00,"34,571.00"
2020-02-17,2020021701023916,JBBL,59,49,119,191.00,"22,729.00"
2020-02-17,2020021701024233,JSLBB,6,45,60,"1,860.00","111,600.00"
2020-02-17,2020021701024232,JSLBB,16,45,100,"1,861.00","186,100.00"
2020-02-17,2020021701024134,JSLBB,48,1,30,"1,867.00","56,010.00"
2020-02-17,2020021701024133,JSLBB,48,57,150,"1,867.00","280,050.00"
2020-02-17,2020021701024132,JSLBB,48,49,50,"1,865.00","93,250.00"
2020-02-17,2020021701024304,KBL,14,28,200,197.00,"39,400.00"
2020-02-17,2020021701024303,KBL,34,28,200,197.00,"39,400.00"
2020-02-17,2020021701024259,KBL,34,28,200,198.00,"39,600.00"
2020-02-17,2020021701024242,KBL,14,28,100,198.00,"19,800.00"
2020-02-17,2020021701024241,KBL,53,28,200,198.00,"39,600.00"
2020-02-17,2020021701024240,KBL,53,28,"1,000",198.00,"198,000.00"
2020-02-17,2020021701024239,KBL,32,28,750,198.00,"148,500.00"
2020-02-17,2020021701024238,KBL,49,28,"1,563",198.00,"309,474.00"
2020-02-17,2020021701024237,KBL,39,28,500,199.00,"99,500.00"
2020-02-17,2020021701024236,KBL,32,28,"1,444",199.00,"287,356.00"
2020-02-17,2020021701024014,KBL,32,38,473,199.00,"94,127.00"
2020-02-17,2020021701023828,KBL,45,38,27,199.00,"5,373.00"
2020-02-17,2020021701024138,LBL,38,38,500,230.00,"115,000.00"
2020-02-17,2020021701024137,LBL,38,38,500,230.00,"115,000.00"
2020-02-17,2020021701024136,LBL,38,51,200,230.00,"46,000.00"
2020-02-17,2020021701024095,LICN,25,45,10,"1,393.00","13,930.00"
2020-02-17,2020021701024028,MDB,37,48,100,354.00,"35,400.00"
2020-02-17,2020021701023919,MDB,43,48,150,354.00,"53,100.00"
2020-02-17,2020021701024247,MEGA,53,57,"1,000",210.00,"210,000.00"
2020-02-17,2020021701024246,MEGA,22,57,500,210.00,"105,000.00"
2020-02-17,2020021701024245,MEGA,20,57,100,210.00,"21,000.00"
2020-02-17,2020021701024244,MEGA,46,57,"1,493",210.00,"313,530.00"
2020-02-17,2020021701024223,MEGA,46,16,20,210.00,"4,200.00"
2020-02-17,2020021701024141,MEGA,46,16,10,210.00,"2,100.00"
2020-02-17,2020021701023899,MEGA,43,34,10,211.00,"2,110.00"
2020-02-17,2020021701024124,MEGA,46,38,77,210.00,"16,170.00"
2020-02-17,2020021701023836,MHNL,57,45,30,93.00,"2,790.00"
2020-02-17,2020021701023970,MLBBL,28,54,80,858.00,"68,640.00"
2020-02-17,2020021701024016,MLBL,26,16,998,219.00,"218,562.00"
2020-02-17,2020021701024231,MNBBL,32,22,26,326.00,"8,476.00"
2020-02-17,2020021701024230,MNBBL,26,22,14,326.00,"4,564.00"
2020-02-17,2020021701024101,MNBBL,26,3,393,328.00,"128,904.00"
2020-02-17,2020021701023959,MNBBL,26,34,50,328.00,"16,400.00"
2020-02-17,2020021701023958,MNBBL,26,3,557,328.00,"182,696.00"
2020-02-17,2020021701024203,MSMBS,25,38,23,823.00,"18,929.00"
2020-02-17,2020021701024200,NABIL,25,6,444,750.00,"333,000.00"
2020-02-17,2020021701024199,NABIL,25,41,100,750.00,"75,000.00"
2020-02-17,2020021701024198,NABIL,25,8,100,750.00,"75,000.00"
2020-02-17,2020021701024197,NABIL,25,25,500,750.00,"375,000.00"
2020-02-17,2020021701024196,NABIL,25,42,679,750.00,"509,250.00"
2020-02-17,2020021701024055,NABIL,32,42,21,750.00,"15,750.00"
2020-02-17,2020021701024054,NABIL,32,3,59,750.00,"44,250.00"
2020-02-17,2020021701024033,NABIL,41,3,27,750.00,"20,250.00"
2020-02-17,2020021701023883,NABIL,4,55,200,750.00,"150,000.00"
2020-02-17,2020021701023945,NADEP,46,49,23,777.00,"17,871.00"
2020-02-17,2020021701023944,NADEP,51,49,20,778.00,"15,560.00"
2020-02-17,2020021701023874,NADEP,22,33,100,780.00,"78,000.00"
2020-02-17,2020021701023863,NADEP,5,49,12,779.00,"9,348.00"
2020-02-17,2020021701023817,NADEP,5,32,23,779.00,"17,917.00"
2020-02-17,2020021701024122,NADEP,5,43,60,775.00,"46,500.00"
2020-02-17,2020021701024121,NADEP,45,43,140,775.00,"108,500.00"
2020-02-17,2020021701024004,NADEP,45,41,37,775.00,"28,675.00"
2020-02-17,2020021701024003,NADEP,14,41,50,776.00,"38,800.00"
2020-02-17,2020021701024002,NADEP,46,41,63,777.00,"48,951.00"
2020-02-17,2020021701023985,NADEP,46,49,14,777.00,"10,878.00"
2020-02-17,2020021701023943,NBB,34,57,375,211.00,"79,125.00"
2020-02-17,2020021701023942,NBB,6,57,100,211.00,"21,100.00"
2020-02-17,2020021701024144,NCCB,5,43,"1,000",198.00,"198,000.00"
2020-02-17,2020021701024143,NCCB,5,32,"1,000",198.00,"198,000.00"
2020-02-17,2020021701024080,NCCB,58,57,500,197.00,"98,500.00"
2020-02-17,2020021701023952,NGPL,33,32,11,143.00,"1,573.00"
2020-02-17,2020021701023838,NGPL,33,52,150,143.00,"21,450.00"
2020-02-17,2020021701024167,NHDL,41,56,40,135.00,"5,400.00"
2020-02-17,2020021701024166,NHDL,37,56,550,135.00,"74,250.00"
2020-02-17,2020021701023963,NHDL,37,46,10,135.00,"1,350.00"
2020-02-17,2020021701024171,NHPC,45,55,500,60.00,"30,000.00"
2020-02-17,2020021701024286,NIB,14,22,226,380.00,"85,880.00"
2020-02-17,2020021701024266,NIB,49,11,150,379.00,"56,850.00"
2020-02-17,2020021701023947,NIB,6,22,250,380.00,"95,000.00"
2020-02-17,2020021701023860,NIB,36,22,10,380.00,"3,800.00"
2020-02-17,2020021701023851,NIB,58,22,55,380.00,"20,900.00"
2020-02-17,2020021701023848,NIB,46,22,20,380.00,"7,600.00"
2020-02-17,2020021701024013,NIBPO,8,28,190,332.00,"63,080.00"
2020-02-17,2020021701023969,NIBPO,48,4,160,334.00,"53,440.00"
2020-02-17,2020021701024165,NICA,19,49,100,537.00,"53,700.00"
2020-02-17,2020021701024107,NICA,19,33,25,537.00,"13,425.00"
2020-02-17,2020021701023815,NICA,19,32,100,537.00,"53,700.00"
2020-02-17,2020021701024292,NICL,1,36,100,474.00,"47,400.00"
2020-02-17,2020021701024108,NICL,49,49,"2,000",473.00,"946,000.00"
2020-02-17,2020021701023813,NICL,50,21,100,471.00,"47,100.00"
2020-02-17,2020021701023812,NICL,39,21,300,471.00,"141,300.00"
2020-02-17,2020021701023811,NICL,26,21,30,471.00,"14,130.00"
2020-02-17,2020021701023810,NICL,43,21,100,471.00,"47,100.00"
2020-02-17,2020021701023809,NICL,44,21,200,471.00,"94,200.00"
2020-02-17,2020021701023808,NICL,39,21,100,471.00,"47,100.00"
2020-02-17,2020021701023807,NICL,13,21,500,471.00,"235,500.00"
2020-02-17,2020021701023806,NICL,4,21,118,472.00,"55,696.00"
2020-02-17,2020021701024206,NIL,59,53,170,616.00,"104,720.00"
2020-02-17,2020021701023933,NIL,33,53,"1,032",618.00,"637,776.00"
2020-02-17,2020021701023932,NIL,33,4,400,617.00,"246,800.00"
2020-02-17,2020021701023931,NIL,33,28,168,613.00,"102,984.00"
2020-02-17,2020021701023855,NIL,4,28,332,613.00,"203,516.00"
2020-02-17,2020021701023824,NIL,33,53,"1,000",618.00,"618,000.00"
2020-02-17,2020021701023820,NIL,4,53,200,613.00,"122,600.00"
2020-02-17,2020021701023819,NIL,16,53,300,614.00,"184,200.00"
2020-02-17,2020021701024099,NLBBL,59,16,150,847.00,"127,050.00"
2020-02-17,2020021701024098,NLBBL,6,16,200,849.00,"169,800.00"
2020-02-17,2020021701024001,NLBBL,49,58,"1,630",852.00,"1,388,760.00"
2020-02-17,2020021701024000,NLBBL,38,58,50,853.00,"42,650.00"
2020-02-17,2020021701023999,NLBBL,46,58,100,853.00,"85,300.00"
2020-02-17,2020021701023998,NLBBL,59,58,50,853.00,"42,650.00"
2020-02-17,2020021701023991,NLBBL,5,58,100,855.00,"85,500.00"
2020-02-17,2020021701023990,NLBBL,36,58,50,856.00,"42,800.00"
2020-02-17,2020021701023997,NLBBL,52,58,100,853.00,"85,300.00"
2020-02-17,2020021701023996,NLBBL,58,58,200,853.00,"170,600.00"
2020-02-17,2020021701023995,NLBBL,37,58,77,853.00,"65,681.00"
2020-02-17,2020021701023994,NLBBL,25,58,500,854.00,"427,000.00"
2020-02-17,2020021701023993,NLBBL,49,58,363,854.00,"310,002.00"
2020-02-17,2020021701023992,NLBBL,45,58,50,855.00,"42,750.00"
2020-02-17,2020021701023872,NLG,35,33,72,750.00,"54,000.00"
2020-02-17,2020021701023925,NLIC,32,53,28,"1,203.00","33,684.00"
2020-02-17,2020021701023924,NLIC,32,47,22,"1,201.00","26,422.00"
2020-02-17,2020021701023923,NLIC,32,51,50,"1,200.00","60,000.00"
2020-02-17,2020021701023922,NLIC,32,57,100,"1,195.00","119,500.00"
2020-02-17,2020021701023837,NLIC,5,47,100,"1,193.00","119,300.00"
2020-02-17,2020021701023920,NLICL,57,5,100,700.00,"70,000.00"
2020-02-17,2020021701024287,NMB,53,58,200,399.00,"79,800.00"
2020-02-17,2020021701024283,NMB,8,46,500,398.00,"199,000.00"
2020-02-17,2020021701024282,NMB,8,58,"1,000",399.00,"399,000.00"
2020-02-17,2020021701024271,NMB,45,58,"1,000",399.00,"399,000.00"
2020-02-17,2020021701024221,NMB,45,58,365,399.00,"145,635.00"
2020-02-17,2020021701024220,NMB,45,1,400,399.00,"159,600.00"
2020-02-17,2020021701023926,NMB,8,22,260,398.00,"103,480.00"
2020-02-17,2020021701023915,NMB,56,22,200,398.00,"79,600.00"
2020-02-17,2020021701024213,NMB,45,52,50,399.00,"19,950.00"
2020-02-17,2020021701024212,NMB,45,37,181,399.00,"72,219.00"
2020-02-17,2020021701024211,NMB,45,38,50,399.00,"19,950.00"
2020-02-17,2020021701023936,NMB,8,34,100,398.00,"39,800.00"
2020-02-17,2020021701023928,NMB,8,59,100,398.00,"39,800.00"
2020-02-17,2020021701023927,NMB,8,7,10,398.00,"3,980.00"
2020-02-17,2020021701024219,NMB,45,35,100,399.00,"39,900.00"
2020-02-17,2020021701024218,NMB,45,58,474,399.00,"189,126.00"
2020-02-17,2020021701024217,NMB,45,26,50,399.00,"19,950.00"
2020-02-17,2020021701024216,NMB,45,35,30,399.00,"11,970.00"
2020-02-17,2020021701024215,NMB,45,25,100,399.00,"39,900.00"
2020-02-17,2020021701024214,NMB,45,44,200,399.00,"79,800.00"
2020-02-17,2020021701024030,NSEWA,58,48,100,817.00,"81,700.00"
2020-02-17,2020021701024164,NTC,35,35,30,622.00,"18,660.00"
2020-02-17,2020021701024096,PCBL,25,32,26,284.00,"7,384.00"
2020-02-17,2020021701023982,PFL,56,16,30,160.00,"4,800.00"
2020-02-17,2020021701024276,PIC,21,14,10,659.00,"6,590.00"
2020-02-17,2020021701024117,PIC,6,14,777,659.00,"512,043.00"
2020-02-17,2020021701024116,PIC,6,52,221,658.00,"145,418.00"
2020-02-17,2020021701024115,PIC,6,53,230,657.00,"151,110.00"
2020-02-17,2020021701024114,PIC,6,35,220,657.00,"144,540.00"
2020-02-17,2020021701024038,PIC,25,42,100,654.00,"65,400.00"
2020-02-17,2020021701023850,PIC,38,33,73,653.00,"47,669.00"
2020-02-17,2020021701023849,PIC,4,33,127,653.00,"82,931.00"
2020-02-17,2020021701023831,PIC,33,42,78,655.00,"51,090.00"
2020-02-17,2020021701024019,PIC,25,53,20,657.00,"13,140.00"
2020-02-17,2020021701023939,PIC,4,41,73,652.00,"47,596.00"
2020-02-17,2020021701023938,PIC,38,41,427,653.00,"278,831.00"
2020-02-17,2020021701023886,PIC,6,42,100,655.00,"65,500.00"
2020-02-17,2020021701023885,PIC,6,35,78,655.00,"51,090.00"
2020-02-17,2020021701023884,PIC,6,42,22,655.00,"14,410.00"
2020-02-17,2020021701024139,PLIC,59,7,18,608.00,"10,944.00"
2020-02-17,2020021701023934,PLIC,57,42,300,609.00,"182,700.00"
2020-02-17,2020021701023912,PLIC,33,57,19,610.00,"11,590.00"
2020-02-17,2020021701024224,PRIN,57,45,500,505.00,"252,500.00"
2020-02-17,2020021701024091,PRIN,13,16,34,500.00,"17,000.00"
2020-02-17,2020021701024090,PRIN,50,16,50,500.00,"25,000.00"
2020-02-17,2020021701024089,PRIN,1,16,100,500.00,"50,000.00"
2020-02-17,2020021701024088,PRIN,52,16,36,500.00,"18,000.00"
2020-02-17,2020021701024087,PRIN,56,16,80,501.00,"40,080.00"
2020-02-17,2020021701023895,PRIN,48,4,500,502.00,"251,000.00"
2020-02-17,2020021701023894,PRIN,41,4,30,503.00,"15,090.00"
2020-02-17,2020021701023890,PRIN,48,53,100,503.00,"50,300.00"
2020-02-17,2020021701023889,PRIN,8,53,200,503.00,"100,600.00"
2020-02-17,2020021701024047,PRIN,3,4,100,503.00,"50,300.00"
2020-02-17,2020021701023978,PRIN,14,4,20,502.00,"10,040.00"
2020-02-17,2020021701023968,PRIN,25,39,400,501.00,"200,400.00"
2020-02-17,2020021701023898,PRIN,35,4,50,502.00,"25,100.00"
2020-02-17,2020021701023897,PRIN,42,4,100,502.00,"50,200.00"
2020-02-17,2020021701023896,PRIN,40,4,300,502.00,"150,600.00"
2020-02-17,2020021701024086,PRIN,32,16,200,502.00,"100,400.00"
2020-02-17,2020021701024052,PRIN,56,4,120,501.00,"60,120.00"
2020-02-17,2020021701024051,PRIN,25,4,50,501.00,"25,050.00"
2020-02-17,2020021701024050,PRIN,25,4,50,501.00,"25,050.00"
2020-02-17,2020021701024049,PRIN,25,4,100,501.00,"50,100.00"
2020-02-17,2020021701024048,PRIN,14,4,80,502.00,"40,160.00"
2020-02-17,2020021701024120,PRVU,51,32,23,253.00,"5,819.00"
2020-02-17,2020021701024007,PRVU,51,22,500,253.00,"126,500.00"
2020-02-17,2020021701023823,PRVU,58,57,112,253.00,"28,336.00"
2020-02-17,2020021701023822,PRVU,58,54,"1,681",253.00,"425,293.00"
2020-02-17,2020021701024111,RBCL,16,6,10,"10,879.00","108,790.00"
2020-02-17,2020021701024163,RBCLPO,8,3,62,"9,598.00","595,076.00"
2020-02-17,2020021701024162,RBCLPO,8,56,20,"9,500.00","190,000.00"
2020-02-17,2020021701023957,RBCLPO,29,7,20,"9,475.00","189,500.00"
2020-02-17,2020021701023835,RHPC,37,46,808,90.00,"72,720.00"
2020-02-17,2020021701023834,RHPC,42,46,100,91.00,"9,100.00"
2020-02-17,2020021701023833,RHPC,34,46,92,91.00,"8,372.00"
2020-02-17,2020021701024012,RHPL,7,16,30,170.00,"5,100.00"
2020-02-17,2020021701023832,RHPL,7,35,40,170.00,"6,800.00"
2020-02-17,2020021701023891,RLFL,57,26,24,141.00,"3,384.00"
2020-02-17,2020021701024009,RMDC,10,59,20,750.00,"15,000.00"
2020-02-17,2020021701024008,RMDC,10,33,50,750.00,"37,500.00"
2020-02-17,2020021701023845,RMDC,58,21,250,745.00,"186,250.00"
2020-02-17,2020021701024252,RSDC,41,42,10,490.00,"4,900.00"
2020-02-17,2020021701024251,RSDC,49,42,30,491.00,"14,730.00"
2020-02-17,2020021701024020,SABSL,34,16,10,940.00,"9,400.00"
2020-02-17,2020021701023918,SABSL,13,39,10,934.00,"9,340.00"
2020-02-17,2020021701023840,SABSL,6,5,50,940.00,"47,000.00"
2020-02-17,2020021701024267,SBI,14,58,200,424.00,"84,800.00"
2020-02-17,2020021701023862,SBI,32,16,20,422.00,"8,440.00"
2020-02-17,2020021701024280,SCB,34,38,100,650.00,"65,000.00"
2020-02-17,2020021701024279,SCB,34,52,200,650.00,"130,000.00"
2020-02-17,2020021701024278,SCB,34,5,105,650.00,"68,250.00"
2020-02-17,2020021701024277,SCB,34,13,387,650.00,"251,550.00"
2020-02-17,2020021701024202,SCB,53,5,50,650.00,"32,500.00"
2020-02-17,2020021701024140,SCB,59,32,20,649.00,"12,980.00"
2020-02-17,2020021701023814,SCB,59,8,20,649.00,"12,980.00"
2020-02-17,2020021701024248,SDESI,45,38,23,967.00,"22,241.00"
2020-02-17,2020021701023858,SDESI,45,35,23,967.00,"22,241.00"
2020-02-17,2020021701024130,SHINE,43,4,85,279.00,"23,715.00"
2020-02-17,2020021701024255,SHIVM,51,49,50,618.00,"30,900.00"
2020-02-17,2020021701024094,SHIVM,58,58,800,620.00,"496,000.00"
2020-02-17,2020021701024056,SHIVM,58,46,50,622.00,"31,100.00"
2020-02-17,2020021701023857,SHIVM,25,7,40,616.00,"24,640.00"
2020-02-17,2020021701023854,SHIVM,48,25,500,616.00,"308,000.00"
2020-02-17,2020021701023852,SHIVM,34,7,100,616.00,"61,600.00"
2020-02-17,2020021701023839,SHIVM,25,45,50,615.00,"30,750.00"
2020-02-17,2020021701023818,SHIVM,48,14,200,614.00,"122,800.00"
2020-02-17,2020021701023816,SHIVM,25,14,100,614.00,"61,400.00"
2020-02-17,2020021701023877,SHIVM,25,43,500,617.00,"308,500.00"
2020-02-17,2020021701023876,SHIVM,25,1,74,617.00,"45,658.00"
2020-02-17,2020021701023875,SHIVM,25,58,"1,185",617.00,"731,145.00"
2020-02-17,2020021701023868,SHIVM,58,36,200,616.00,"123,200.00"
2020-02-17,2020021701023867,SHIVM,58,32,30,616.00,"18,480.00"
2020-02-17,2020021701023866,SHIVM,25,32,10,616.00,"6,160.00"
2020-02-17,2020021701024023,SHIVM,58,28,100,620.00,"62,000.00"
2020-02-17,2020021701023907,SHIVM,58,38,"2,125",620.00,"1,317,500.00"
2020-02-17,2020021701023906,SHIVM,58,45,25,620.00,"15,500.00"
2020-02-17,2020021701023905,SHIVM,58,56,850,618.00,"525,300.00"
2020-02-17,2020021701023893,SHIVM,48,56,875,618.00,"540,750.00"
2020-02-17,2020021701023892,SHIVM,48,43,125,618.00,"77,250.00"
2020-02-17,2020021701024032,SHPC,56,32,10,233.00,"2,330.00"
2020-02-17,2020021701023946,SHPC,57,3,687,230.00,"158,010.00"
2020-02-17,2020021701023909,SHPC,57,3,16,231.00,"3,696.00"
2020-02-17,2020021701024131,SIC,34,38,376,802.00,"301,552.00"
2020-02-17,2020021701024109,SIC,34,42,150,802.00,"120,300.00"
2020-02-17,2020021701024061,SIC,34,34,102,802.00,"81,804.00"
2020-02-17,2020021701024060,SIC,16,34,84,802.00,"67,368.00"
2020-02-17,2020021701024059,SIC,34,34,100,803.00,"80,300.00"
2020-02-17,2020021701023967,SICL,44,52,30,"1,240.00","37,200.00"
2020-02-17,2020021701023966,SICL,42,52,100,"1,240.00","124,000.00"
2020-02-17,2020021701023965,SICL,58,52,200,"1,240.00","248,000.00"
2020-02-17,2020021701023964,SICL,55,52,170,"1,240.00","210,800.00"
2020-02-17,2020021701023870,SICL,51,42,200,"1,241.00","248,200.00"
2020-02-17,2020021701023962,SIL,14,37,126,590.00,"74,340.00"
2020-02-17,2020021701023955,SJCL,39,35,20,159.00,"3,180.00"
2020-02-17,2020021701024069,SJCL,34,47,20,161.00,"3,220.00"
2020-02-17,2020021701024068,SJCL,34,42,530,161.00,"85,330.00"
2020-02-17,2020021701024067,SJCL,34,52,20,160.00,"3,200.00"
2020-02-17,2020021701024066,SJCL,34,43,10,160.00,"1,600.00"
2020-02-17,2020021701024065,SJCL,34,43,10,160.00,"1,600.00"
2020-02-17,2020021701024029,SJCL,39,5,20,159.00,"3,180.00"
2020-02-17,2020021701024076,SJCL,39,16,20,159.00,"3,180.00"
2020-02-17,2020021701024073,SJCL,34,14,20,161.00,"3,220.00"
2020-02-17,2020021701024072,SJCL,34,34,500,161.00,"80,500.00"
2020-02-17,2020021701024071,SJCL,34,45,70,161.00,"11,270.00"
2020-02-17,2020021701024070,SJCL,34,48,20,161.00,"3,220.00"
2020-02-17,2020021701024261,SKBBL,49,43,489,"1,180.00","577,020.00"
2020-02-17,2020021701024260,SKBBL,49,34,100,"1,176.00","117,600.00"
2020-02-17,2020021701023930,SLBSL,46,58,100,910.00,"91,000.00"
2020-02-17,2020021701023929,SLBSL,6,58,100,911.00,"91,100.00"
2020-02-17,2020021701023827,SLBSL,10,17,50,912.00,"45,600.00"
2020-02-17,2020021701024125,SLICL,32,17,390,496.00,"193,440.00"
2020-02-17,2020021701024113,SLICL,46,17,110,496.00,"54,560.00"
2020-02-17,2020021701024112,SLICL,46,47,90,496.00,"44,640.00"
2020-02-17,2020021701024092,SLICL,33,7,10,495.00,"4,950.00"
2020-02-17,2020021701024058,SLICL,36,47,410,496.00,"203,360.00"
2020-02-17,2020021701024057,SLICL,36,45,90,496.00,"44,640.00"
2020-02-17,2020021701023859,SLICL,4,43,300,495.00,"148,500.00"
2020-02-17,2020021701024022,SLICL,33,34,100,495.00,"49,500.00"
2020-02-17,2020021701023980,SLICL,55,45,10,496.00,"4,960.00"
2020-02-17,2020021701023979,SLICL,55,38,90,496.00,"44,640.00"
2020-02-17,2020021701023977,SLICL,33,39,81,495.00,"40,095.00"
2020-02-17,2020021701024142,SMATA,38,38,10,853.00,"8,530.00"
2020-02-17,2020021701024074,SMATA,38,39,15,850.00,"12,750.00"
2020-02-17,2020021701023908,SMATA,38,6,80,850.00,"68,000.00"
2020-02-17,2020021701023881,SMATA,25,6,100,851.00,"85,100.00"
2020-02-17,2020021701023880,SMATA,35,6,50,851.00,"42,550.00"
2020-02-17,2020021701023844,SMATA,41,42,10,855.00,"8,550.00"
2020-02-17,2020021701023843,SMATA,41,1,100,855.00,"85,500.00"
2020-02-17,2020021701023842,SMATA,41,43,100,855.00,"85,500.00"
2020-02-17,2020021701023841,SMATA,41,55,50,855.00,"42,750.00"
2020-02-17,2020021701024015,SMFBS,6,7,50,"1,166.00","58,300.00"
2020-02-17,2020021701023921,SMFBS,6,34,10,"1,166.00","11,660.00"
2020-02-17,2020021701023853,SMFBS,6,34,10,"1,166.00","11,660.00"
2020-02-17,2020021701024021,SPARS,45,34,10,958.00,"9,580.00"
2020-02-17,2020021701023903,SPARS,45,14,10,958.00,"9,580.00"
2020-02-17,2020021701023902,SPARS,45,41,20,958.00,"19,160.00"
2020-02-17,2020021701024034,SWBBL,35,35,"11,538","1,280.00","14,768,640.00"
2020-02-17,2020021701023981,SWBBL,50,58,20,"1,277.00","25,540.00"
2020-02-17,2020021701023954,SWBBL,50,44,277,"1,275.00","353,175.00"
2020-02-17,2020021701023829,SWBBL,50,44,400,"1,275.00","510,000.00"
2020-02-17,2020021701024179,UIC,7,21,100,455.00,"45,500.00"
2020-02-17,2020021701024178,UIC,28,21,150,455.00,"68,250.00"
2020-02-17,2020021701024177,UIC,45,21,100,455.00,"45,500.00"
2020-02-17,2020021701024176,UIC,4,21,61,455.00,"27,755.00"
2020-02-17,2020021701024046,UIC,4,48,239,455.00,"108,745.00"
2020-02-17,2020021701024045,UIC,47,48,30,455.00,"13,650.00"
2020-02-17,2020021701023879,UIC,40,17,250,457.00,"114,250.00"
2020-02-17,2020021701024044,UIC,29,48,500,455.00,"227,500.00"
2020-02-17,2020021701024043,UIC,11,48,200,455.00,"91,000.00"
2020-02-17,2020021701024042,UIC,10,48,100,455.00,"45,500.00"
2020-02-17,2020021701024041,UIC,37,48,381,455.00,"173,355.00"
2020-02-17,2020021701024040,UIC,7,48,300,456.00,"136,800.00"
2020-02-17,2020021701024039,UIC,43,48,50,456.00,"22,800.00"
2020-02-17,2020021701024175,UPPER,25,51,10,243.00,"2,430.00"
2020-02-17,2020021701024174,UPPER,25,45,52,242.00,"12,584.00"
2020-02-17,2020021701024289,VLBS,42,43,30,"1,142.00","34,260.00"
2020-02-17,2020021701024288,VLBS,17,43,50,"1,143.00","57,150.00"
2020-02-17,2020021701024281,VLBS,17,38,11,"1,143.00","12,573.00"
2020-02-17,2020021701024258,WOMI,7,33,76,"1,113.00","84,588.00"
2020-02-17,2020021701024037,WOMI,4,5,100,"1,116.00","111,600.00"
2020-02-17,2020021701024036,WOMI,4,21,400,"1,116.00","446,400.00"
2020-02-17,2020021701023751,ADBL,37,45,12,395.00,"4,740.00"
2020-02-17,2020021701023549,ADBL,57,41,150,394.00,"59,100.00"
2020-02-17,2020021701023319,ADBL,57,36,100,394.00,"39,400.00"
2020-02-17,2020021701023762,ALBSL,13,39,127,766.00,"97,282.00"
2020-02-17,2020021701023761,ALBSL,22,39,10,767.00,"7,670.00"
2020-02-17,2020021701023679,ALBSL,38,32,39,772.00,"30,108.00"
2020-02-17,2020021701023678,ALBSL,38,49,11,771.00,"8,481.00"
2020-02-17,2020021701023315,ALBSL,51,32,11,772.00,"8,492.00"
2020-02-17,2020021701023738,ALICL,8,34,50,641.00,"32,050.00"
2020-02-17,2020021701023737,ALICL,38,34,150,641.00,"96,150.00"
2020-02-17,2020021701023686,ALICL,38,34,200,641.00,"128,200.00"
2020-02-17,2020021701023517,ALICL,32,32,11,642.00,"7,062.00"
2020-02-17,2020021701023469,ALICL,38,42,150,641.00,"96,150.00"
2020-02-17,2020021701023468,ALICL,57,42,50,641.00,"32,050.00"
2020-02-17,2020021701023467,ALICL,17,42,50,641.00,"32,050.00"
2020-02-17,2020021701023458,ALICL,17,14,100,641.00,"64,100.00"
2020-02-17,2020021701023792,API,37,56,206,134.00,"27,604.00"
2020-02-17,2020021701023791,API,13,56,47,134.00,"6,298.00"
2020-02-17,2020021701023790,API,32,56,500,135.00,"67,500.00"
2020-02-17,2020021701023789,API,56,56,500,135.00,"67,500.00"
2020-02-17,2020021701023788,API,34,56,300,135.00,"40,500.00"
2020-02-17,2020021701023787,API,35,56,100,135.00,"13,500.00"
2020-02-17,2020021701023786,API,1,56,300,135.00,"40,500.00"
2020-02-17,2020021701023785,API,38,56,170,135.00,"22,950.00"
2020-02-17,2020021701023784,API,57,56,100,135.00,"13,500.00"
2020-02-17,2020021701023783,API,57,56,20,135.00,"2,700.00"
2020-02-17,2020021701023782,API,3,56,296,135.00,"39,960.00"
2020-02-17,2020021701023740,API,1,42,400,136.00,"54,400.00"
2020-02-17,2020021701023589,BOKL,41,59,155,241.00,"37,355.00"
2020-02-17,2020021701023356,BOKL,41,39,100,240.00,"24,000.00"
2020-02-17,2020021701023355,BOKL,41,45,145,240.00,"34,800.00"
2020-02-17,2020021701023354,BOKL,41,42,490,240.00,"117,600.00"
2020-02-17,2020021701023353,BOKL,41,25,110,240.00,"26,400.00"
2020-02-17,2020021701023733,BPCL,46,58,"1,245",350.00,"435,750.00"
2020-02-17,2020021701023729,BPCL,46,36,255,350.00,"89,250.00"
2020-02-17,2020021701023728,BPCL,59,36,945,350.00,"330,750.00"
2020-02-17,2020021701023383,BPCL,13,11,50,351.00,"17,550.00"
2020-02-17,2020021701023382,BPCL,13,50,261,351.00,"91,611.00"
2020-02-17,2020021701023722,CBL,6,40,100,155.00,"15,500.00"
2020-02-17,2020021701023635,CBL,33,33,"1,050",154.00,"161,700.00"
2020-02-17,2020021701023634,CBL,42,33,450,154.00,"69,300.00"
2020-02-17,2020021701023757,CCBL,55,4,231,188.00,"43,428.00"
2020-02-17,2020021701023587,CCBL,55,46,299,188.00,"56,212.00"
2020-02-17,2020021701023586,CCBL,56,46,197,188.00,"37,036.00"
2020-02-17,2020021701023600,CIT,54,16,200,"2,775.00","555,000.00"
2020-02-17,2020021701023476,CIT,47,16,15,"2,775.00","41,625.00"
2020-02-17,2020021701023475,CIT,45,16,154,"2,775.00","427,350.00"
2020-02-17,2020021701023342,CIT,45,58,46,"2,775.00","127,650.00"
2020-02-17,2020021701023341,CIT,17,58,54,"2,776.00","149,904.00"
2020-02-17,2020021701023337,CLBSL,45,6,64,"1,148.00","73,472.00"
2020-02-17,2020021701023613,CZBIL,25,38,"1,000",197.00,"197,000.00"
2020-02-17,2020021701023380,EBL,33,57,423,672.00,"284,256.00"
2020-02-17,2020021701023379,EBL,33,52,86,672.00,"57,792.00"
2020-02-17,2020021701023378,EBL,33,54,491,671.00,"329,461.00"
2020-02-17,2020021701023338,EBL,42,5,200,670.00,"134,000.00"
2020-02-17,2020021701023628,EIC,58,6,200,457.00,"91,400.00"
2020-02-17,2020021701023584,EIC,58,55,50,457.00,"22,850.00"
2020-02-17,2020021701023701,FMDBL,50,7,58,489.00,"28,362.00"
2020-02-17,2020021701023700,FMDBL,14,7,142,489.00,"69,438.00"
2020-02-17,2020021701023478,FMDBL,55,29,200,490.00,"98,000.00"
2020-02-17,2020021701023477,FMDBL,55,46,300,490.00,"147,000.00"
2020-02-17,2020021701023332,FMDBL,34,46,200,490.00,"98,000.00"
2020-02-17,2020021701023764,FOWAD,13,49,47,"1,585.00","74,495.00"
2020-02-17,2020021701023626,GBBL,4,5,59,245.00,"14,455.00"
2020-02-17,2020021701023625,GBBL,4,5,157,245.00,"38,465.00"
2020-02-17,2020021701023695,GBIME,4,11,70,284.00,"19,880.00"
2020-02-17,2020021701023602,GBIME,4,37,259,284.00,"73,556.00"
2020-02-17,2020021701023561,GBIME,38,48,20,285.00,"5,700.00"
2020-02-17,2020021701023511,GBIME,38,21,200,285.00,"57,000.00"
2020-02-17,2020021701023775,GBLBS,29,29,82,504.00,"41,328.00"
2020-02-17,2020021701023774,GBLBS,14,29,50,504.00,"25,200.00"
2020-02-17,2020021701023773,GBLBS,49,29,538,504.00,"271,152.00"
2020-02-17,2020021701023716,GBLBS,49,42,410,504.00,"206,640.00"
2020-02-17,2020021701023629,GBLBS,20,44,300,505.00,"151,500.00"
2020-02-17,2020021701023306,GBLBS,49,16,15,504.00,"7,560.00"
2020-02-17,2020021701023705,GGBSL,45,34,310,912.00,"282,720.00"
2020-02-17,2020021701023704,GGBSL,56,34,200,916.00,"183,200.00"
2020-02-17,2020021701023703,GGBSL,10,34,50,920.00,"46,000.00"
2020-02-17,2020021701023702,GGBSL,4,34,100,921.00,"92,100.00"
2020-02-17,2020021701023698,GILB,41,36,39,"1,425.00","55,575.00"
2020-02-17,2020021701023697,GILB,41,55,24,"1,425.00","34,200.00"
2020-02-17,2020021701023696,GILB,37,55,30,"1,426.00","42,780.00"
2020-02-17,2020021701023630,GILB,51,36,41,"1,426.00","58,466.00"
2020-02-17,2020021701023562,GILB,41,36,47,"1,429.00","67,163.00"
2020-02-17,2020021701023448,GILB,41,36,39,"1,429.00","55,731.00"
2020-02-17,2020021701023521,GLBSL,21,45,50,815.00,"40,750.00"
2020-02-17,2020021701023520,GLBSL,51,45,20,817.00,"16,340.00"
2020-02-17,2020021701023444,GLBSL,46,45,10,818.00,"8,180.00"
2020-02-17,2020021701023714,GLICL,50,49,100,823.00,"82,300.00"
2020-02-17,2020021701023706,GLICL,42,49,150,823.00,"123,450.00"
2020-02-17,2020021701023672,GLICL,13,49,100,823.00,"82,300.00"
2020-02-17,2020021701023671,GLICL,45,49,600,823.00,"493,800.00"
2020-02-17,2020021701023636,GLICL,7,22,319,824.00,"262,856.00"
2020-02-17,2020021701023617,GLICL,7,49,181,824.00,"149,144.00"
2020-02-17,2020021701023616,GLICL,42,49,69,824.00,"56,856.00"
2020-02-17,2020021701023621,GRDBL,39,58,100,140.00,"14,000.00"
2020-02-17,2020021701023388,GRDBL,39,58,40,142.00,"5,680.00"
2020-02-17,2020021701023387,GRDBL,39,32,50,142.00,"7,100.00"
2020-02-17,2020021701023386,GRDBL,39,6,10,142.00,"1,420.00"
2020-02-17,2020021701023633,GUFL,44,4,100,131.00,"13,100.00"
2020-02-17,2020021701023344,GUFL,10,45,100,130.00,"13,000.00"
2020-02-17,2020021701023343,GUFL,10,17,20,130.00,"2,600.00"
2020-02-17,2020021701023805,HDL,4,4,265,"1,403.00","371,795.00"
2020-02-17,2020021701023804,HDL,6,4,100,"1,403.00","140,300.00"
2020-02-17,2020021701023803,HDL,53,4,50,"1,403.00","70,150.00"
2020-02-17,2020021701023802,HDL,41,4,100,"1,403.00","140,300.00"
2020-02-17,2020021701023801,HDL,37,4,60,"1,404.00","84,240.00"
2020-02-17,2020021701023800,HDL,4,4,300,"1,404.00","421,200.00"
2020-02-17,2020021701023799,HDL,8,4,50,"1,404.00","70,200.00"
2020-02-17,2020021701023798,HDL,37,4,35,"1,404.00","49,140.00"
2020-02-17,2020021701023797,HDL,37,4,375,"1,404.00","526,500.00"
2020-02-17,2020021701023796,HDL,48,4,55,"1,404.00","77,220.00"
2020-02-17,2020021701023795,HDL,28,4,10,"1,405.00","14,050.00"
2020-02-17,2020021701023794,HDL,48,4,100,"1,405.00","140,500.00"
2020-02-17,2020021701023770,HGI,36,52,36,448.00,"16,128.00"
2020-02-17,2020021701023769,HGI,48,52,164,448.00,"73,472.00"
2020-02-17,2020021701023768,HGI,48,51,336,448.00,"150,528.00"
2020-02-17,2020021701023767,HGI,38,51,34,448.00,"15,232.00"
2020-02-17,2020021701023713,HGI,38,34,466,448.00,"208,768.00"
2020-02-17,2020021701023712,HGI,16,34,154,448.00,"68,992.00"
2020-02-17,2020021701023711,HGI,38,34,50,449.00,"22,450.00"
2020-02-17,2020021701023710,HGI,6,34,30,449.00,"13,470.00"
2020-02-17,2020021701023675,HGI,6,25,100,449.00,"44,900.00"
2020-02-17,2020021701023614,HURJA,55,49,140,112.00,"15,680.00"
2020-02-17,2020021701023365,IGI,39,39,20,486.00,"9,720.00"
2020-02-17,2020021701023371,IGI,39,39,150,482.00,"72,300.00"
2020-02-17,2020021701023370,IGI,51,39,100,482.00,"48,200.00"
2020-02-17,2020021701023369,IGI,45,39,50,483.00,"24,150.00"
2020-02-17,2020021701023368,IGI,44,39,500,483.00,"241,500.00"
2020-02-17,2020021701023367,IGI,51,39,50,485.00,"24,250.00"
2020-02-17,2020021701023366,IGI,45,39,100,486.00,"48,600.00"
2020-02-17,2020021701023559,IGI,47,53,20,482.00,"9,640.00"
2020-02-17,2020021701023372,IGI,47,39,80,482.00,"38,560.00"
2020-02-17,2020021701023560,IGI,38,53,280,481.00,"134,680.00"
2020-02-17,2020021701023718,ILBS,35,32,10,925.00,"9,250.00"
2020-02-17,2020021701023685,ILBS,57,41,200,921.00,"184,200.00"
2020-02-17,2020021701023538,ILBS,35,26,10,925.00,"9,250.00"
2020-02-17,2020021701023752,KBL,45,32,173,199.00,"34,427.00"
2020-02-17,2020021701023453,KBL,46,57,"1,000",199.00,"199,000.00"
2020-02-17,2020021701023330,KPCL,19,45,90,106.00,"9,540.00"
2020-02-17,2020021701023329,KPCL,19,39,250,106.00,"26,500.00"
2020-02-17,2020021701023381,KRBL,58,34,200,120.00,"24,000.00"
2020-02-17,2020021701023709,KSBBL,28,57,300,162.00,"48,600.00"
2020-02-17,2020021701023555,LBBL,32,46,20,195.00,"3,900.00"
2020-02-17,2020021701023776,LBL,32,16,40,230.00,"9,200.00"
2020-02-17,2020021701023750,LBL,39,16,55,230.00,"12,650.00"
2020-02-17,2020021701023749,LBL,39,16,145,230.00,"33,350.00"
2020-02-17,2020021701023727,LBL,53,14,560,229.00,"128,240.00"
2020-02-17,2020021701023726,LBL,49,14,500,229.00,"114,500.00"
2020-02-17,2020021701023725,LBL,4,14,200,229.00,"45,800.00"
2020-02-17,2020021701023724,LBL,4,14,90,229.00,"20,610.00"
2020-02-17,2020021701023474,LBL,14,16,300,230.00,"69,000.00"
2020-02-17,2020021701023473,LBL,32,16,55,230.00,"12,650.00"
2020-02-17,2020021701023657,LGIL,48,59,"1,000",540.00,"540,000.00"
2020-02-17,2020021701023504,LGIL,48,56,120,540.00,"64,800.00"
2020-02-17,2020021701023502,LGIL,48,21,500,540.00,"270,000.00"
2020-02-17,2020021701023778,LICN,57,1,200,"1,385.00","277,000.00"
2020-02-17,2020021701023777,LICN,57,34,180,"1,385.00","249,300.00"
2020-02-17,2020021701023358,LICN,14,34,100,"1,385.00","138,500.00"
2020-02-17,2020021701023720,MBL,34,55,163,241.00,"39,283.00"
2020-02-17,2020021701023637,MDB,43,42,107,353.00,"37,771.00"
2020-02-17,2020021701023741,MEGA,46,16,100,210.00,"21,000.00"
2020-02-17,2020021701023654,MEGA,46,33,300,210.00,"63,000.00"
2020-02-17,2020021701023539,MEGA,28,11,100,210.00,"21,000.00"
2020-02-17,2020021701023390,MEGA,28,34,316,210.00,"66,360.00"
2020-02-17,2020021701023389,MEGA,28,55,"1,917",210.00,"402,570.00"
2020-02-17,2020021701023396,MEGA,28,34,115,210.00,"24,150.00"
2020-02-17,2020021701023395,MEGA,28,34,115,210.00,"24,150.00"
2020-02-17,2020021701023394,MEGA,28,34,115,210.00,"24,150.00"
2020-02-17,2020021701023393,MEGA,28,34,115,210.00,"24,150.00"
2020-02-17,2020021701023392,MEGA,28,34,114,210.00,"23,940.00"
2020-02-17,2020021701023391,MEGA,28,34,225,210.00,"47,250.00"
2020-02-17,2020021701023402,MEGA,28,34,750,210.00,"157,500.00"
2020-02-17,2020021701023401,MEGA,28,34,750,210.00,"157,500.00"
2020-02-17,2020021701023400,MEGA,28,41,500,210.00,"105,000.00"
2020-02-17,2020021701023399,MEGA,28,34,213,210.00,"44,730.00"
2020-02-17,2020021701023398,MEGA,28,34,627,210.00,"131,670.00"
2020-02-17,2020021701023397,MEGA,28,34,500,210.00,"105,000.00"
2020-02-17,2020021701023408,MEGA,28,14,200,210.00,"42,000.00"
2020-02-17,2020021701023407,MEGA,28,41,996,210.00,"209,160.00"
2020-02-17,2020021701023406,MEGA,28,11,300,210.00,"63,000.00"
2020-02-17,2020021701023405,MEGA,28,6,300,210.00,"63,000.00"
2020-02-17,2020021701023404,MEGA,28,34,750,210.00,"157,500.00"
2020-02-17,2020021701023403,MEGA,28,34,585,210.00,"122,850.00"
2020-02-17,2020021701023414,MEGA,28,43,100,210.00,"21,000.00"
2020-02-17,2020021701023413,MEGA,28,16,50,210.00,"10,500.00"
2020-02-17,2020021701023412,MEGA,28,22,"1,000",210.00,"210,000.00"
2020-02-17,2020021701023411,MEGA,28,17,200,210.00,"42,000.00"
2020-02-17,2020021701023410,MEGA,28,57,"10,000",210.00,"2,100,000.00"
2020-02-17,2020021701023409,MEGA,28,32,100,210.00,"21,000.00"
2020-02-17,2020021701023420,MEGA,28,48,452,210.00,"94,920.00"
2020-02-17,2020021701023419,MEGA,28,51,500,210.00,"105,000.00"
2020-02-17,2020021701023418,MEGA,28,49,202,210.00,"42,420.00"
2020-02-17,2020021701023417,MEGA,28,22,200,210.00,"42,000.00"
2020-02-17,2020021701023416,MEGA,28,56,21,210.00,"4,410.00"
2020-02-17,2020021701023415,MEGA,28,54,32,210.00,"6,720.00"
2020-02-17,2020021701023426,MEGA,28,6,40,210.00,"8,400.00"
2020-02-17,2020021701023425,MEGA,28,43,500,210.00,"105,000.00"
2020-02-17,2020021701023424,MEGA,28,38,500,210.00,"105,000.00"
2020-02-17,2020021701023423,MEGA,28,33,200,210.00,"42,000.00"
2020-02-17,2020021701023422,MEGA,28,22,200,210.00,"42,000.00"
2020-02-17,2020021701023421,MEGA,28,38,300,210.00,"63,000.00"
2020-02-17,2020021701023432,MEGA,28,34,45,210.00,"9,450.00"
2020-02-17,2020021701023431,MEGA,28,50,200,210.00,"42,000.00"
2020-02-17,2020021701023430,MEGA,28,45,50,210.00,"10,500.00"
2020-02-17,2020021701023429,MEGA,28,56,500,210.00,"105,000.00"
2020-02-17,2020021701023428,MEGA,28,6,500,210.00,"105,000.00"
2020-02-17,2020021701023427,MEGA,28,19,64,210.00,"13,440.00"
2020-02-17,2020021701023438,MEGA,28,42,50,210.00,"10,500.00"
2020-02-17,2020021701023437,MEGA,28,48,200,210.00,"42,000.00"
2020-02-17,2020021701023436,MEGA,28,29,"1,010",210.00,"212,100.00"
2020-02-17,2020021701023435,MEGA,28,17,"1,000",210.00,"210,000.00"
2020-02-17,2020021701023434,MEGA,28,46,20,210.00,"4,200.00"
2020-02-17,2020021701023433,MEGA,28,26,50,210.00,"10,500.00"
2020-02-17,2020021701023443,MEGA,5,11,200,210.00,"42,000.00"
2020-02-17,2020021701023442,MEGA,28,45,500,210.00,"105,000.00"
2020-02-17,2020021701023441,MEGA,28,35,300,210.00,"63,000.00"
2020-02-17,2020021701023440,MEGA,28,39,100,210.00,"21,000.00"
2020-02-17,2020021701023439,MEGA,28,35,"1,000",210.00,"210,000.00"
2020-02-17,2020021701023793,MERO,14,11,100,676.00,"67,600.00"
2020-02-17,2020021701023650,MERO,26,26,70,680.00,"47,600.00"
2020-02-17,2020021701023516,MERO,57,26,50,680.00,"34,000.00"
2020-02-17,2020021701023515,MERO,56,26,100,680.00,"68,000.00"
2020-02-17,2020021701023514,MERO,47,26,100,681.00,"68,100.00"
2020-02-17,2020021701023513,MERO,35,26,70,683.00,"47,810.00"
2020-02-17,2020021701023447,MERO,19,58,10,690.00,"6,900.00"
2020-02-17,2020021701023619,MLBL,56,26,34,217.00,"7,378.00"
2020-02-17,2020021701023670,MNBBL,26,26,36,326.00,"11,736.00"
2020-02-17,2020021701023537,MNBBL,29,3,103,328.00,"33,784.00"
2020-02-17,2020021701023536,MNBBL,29,45,190,328.00,"62,320.00"
2020-02-17,2020021701023535,MNBBL,29,17,62,328.00,"20,336.00"
2020-02-17,2020021701023534,MNBBL,29,39,300,328.00,"98,400.00"
2020-02-17,2020021701023533,MNBBL,29,45,245,327.00,"80,115.00"
2020-02-17,2020021701023676,MSMBS,34,52,87,838.00,"72,906.00"
2020-02-17,2020021701023642,MSMBS,34,52,140,838.00,"117,320.00"
2020-02-17,2020021701023641,MSMBS,57,52,100,840.00,"84,000.00"
2020-02-17,2020021701023640,MSMBS,51,52,60,845.00,"50,700.00"
2020-02-17,2020021701023639,MSMBS,48,52,100,845.00,"84,500.00"
2020-02-17,2020021701023563,MSMBS,11,1,15,851.00,"12,765.00"
2020-02-17,2020021701023568,NABIL,8,3,114,750.00,"85,500.00"
2020-02-17,2020021701023567,NABIL,8,32,56,750.00,"42,000.00"
2020-02-17,2020021701023566,NABIL,8,33,660,750.00,"495,000.00"
2020-02-17,2020021701023565,NABIL,8,51,70,749.00,"52,430.00"
2020-02-17,2020021701023564,NABIL,8,11,100,749.00,"74,900.00"
2020-02-17,2020021701023780,NADEP,5,6,15,779.00,"11,685.00"
2020-02-17,2020021701023779,NADEP,46,6,100,779.00,"77,900.00"
2020-02-17,2020021701023699,NADEP,38,6,50,780.00,"39,000.00"
2020-02-17,2020021701023684,NADEP,41,6,25,780.00,"19,500.00"
2020-02-17,2020021701023607,NADEP,42,6,10,780.00,"7,800.00"
2020-02-17,2020021701023682,NBB,14,57,300,211.00,"63,300.00"
2020-02-17,2020021701023314,NBB,49,57,225,211.00,"47,475.00"
2020-02-17,2020021701023766,NBF2,56,38,350,9.29,"3,251.50"
2020-02-17,2020021701023529,NBL,25,58,200,272.00,"54,400.00"
2020-02-17,2020021701023501,NBL,19,58,403,270.00,"108,810.00"
2020-02-17,2020021701023500,NBL,58,58,60,270.00,"16,200.00"
2020-02-17,2020021701023499,NBL,59,58,700,270.00,"189,000.00"
2020-02-17,2020021701023498,NBL,45,58,100,270.00,"27,000.00"
2020-02-17,2020021701023497,NBL,25,58,300,270.00,"81,000.00"
2020-02-17,2020021701023452,NBL,21,58,30,272.00,"8,160.00"
2020-02-17,2020021701023484,NBL,10,58,200,270.00,"54,000.00"
2020-02-17,2020021701023483,NBL,7,58,167,270.00,"45,090.00"
2020-02-17,2020021701023482,NBL,25,58,200,271.00,"54,200.00"
2020-02-17,2020021701023481,NBL,49,58,500,271.00,"135,500.00"
2020-02-17,2020021701023480,NBL,45,58,"1,250",271.00,"338,750.00"
2020-02-17,2020021701023479,NBL,34,58,705,271.00,"191,055.00"
2020-02-17,2020021701023490,NBL,44,58,"5,000",270.00,"1,350,000.00"
2020-02-17,2020021701023489,NBL,34,58,"2,000",270.00,"540,000.00"
2020-02-17,2020021701023488,NBL,37,58,"1,000",270.00,"270,000.00"
2020-02-17,2020021701023487,NBL,26,58,500,270.00,"135,000.00"
2020-02-17,2020021701023486,NBL,58,58,"1,000",270.00,"270,000.00"
2020-02-17,2020021701023485,NBL,25,58,300,270.00,"81,000.00"
2020-02-17,2020021701023496,NBL,10,58,100,270.00,"27,000.00"
2020-02-17,2020021701023495,NBL,10,58,"1,000",270.00,"270,000.00"
2020-02-17,2020021701023494,NBL,16,58,"2,000",270.00,"540,000.00"
2020-02-17,2020021701023493,NBL,51,58,115,270.00,"31,050.00"
2020-02-17,2020021701023492,NBL,44,58,100,270.00,"27,000.00"
2020-02-17,2020021701023491,NBL,14,58,300,270.00,"81,000.00"
2020-02-17,2020021701023765,NCCB,5,49,99,198.00,"19,602.00"
2020-02-17,2020021701023732,NCCB,5,10,390,198.00,"77,220.00"
2020-02-17,2020021701023731,NCCB,5,34,158,198.00,"31,284.00"
2020-02-17,2020021701023730,NCCB,5,45,353,198.00,"69,894.00"
2020-02-17,2020021701023375,NCCB,45,45,200,198.00,"39,600.00"
2020-02-17,2020021701023362,NEF,19,22,"10,000",8.90,"89,000.00"
2020-02-17,2020021701023361,NEF,19,22,"2,618",8.95,"23,431.10"
2020-02-17,2020021701023307,NGPL,33,34,68,143.00,"9,724.00"
2020-02-17,2020021701023739,NHDL,35,56,60,136.00,"8,160.00"
2020-02-17,2020021701023324,NHDL,35,56,50,136.00,"6,800.00"
2020-02-17,2020021701023715,NIB,49,6,20,379.00,"7,580.00"
2020-02-17,2020021701023648,NIB,35,22,17,380.00,"6,460.00"
2020-02-17,2020021701023647,NIB,35,51,44,380.00,"16,720.00"
2020-02-17,2020021701023646,NIB,35,51,44,380.00,"16,720.00"
2020-02-17,2020021701023645,NIB,35,38,245,380.00,"93,100.00"
2020-02-17,2020021701023644,NIB,35,42,650,380.00,"247,000.00"
2020-02-17,2020021701023622,NIB,49,5,102,379.00,"38,658.00"
2020-02-17,2020021701023620,NIB,44,42,200,380.00,"76,000.00"
2020-02-17,2020021701023506,NIB,42,42,100,380.00,"38,000.00"
2020-02-17,2020021701023360,NIB,50,42,50,380.00,"19,000.00"
2020-02-17,2020021701023359,NIB,50,51,50,380.00,"19,000.00"
2020-02-17,2020021701023554,NIBPO,8,11,310,332.00,"102,920.00"
2020-02-17,2020021701023553,NIBPO,8,11,150,332.00,"49,800.00"
2020-02-17,2020021701023552,NIBPO,52,11,200,332.00,"66,400.00"
2020-02-17,2020021701023599,NICA,19,33,12,537.00,"6,444.00"
2020-02-17,2020021701023598,NICA,51,33,100,537.00,"53,700.00"
2020-02-17,2020021701023597,NICA,52,33,133,537.00,"71,421.00"
2020-02-17,2020021701023596,NICA,35,33,50,538.00,"26,900.00"
2020-02-17,2020021701023595,NICA,56,33,45,540.00,"24,300.00"
2020-02-17,2020021701023385,NICA,56,41,30,540.00,"16,200.00"
2020-02-17,2020021701023384,NICA,56,33,125,540.00,"67,500.00"
2020-02-17,2020021701023638,NICL,4,13,301,472.00,"142,072.00"
2020-02-17,2020021701023615,NICL,4,55,50,472.00,"23,600.00"
2020-02-17,2020021701023612,NICL,4,49,300,472.00,"141,600.00"
2020-02-17,2020021701023601,NICL,4,34,231,472.00,"109,032.00"
2020-02-17,2020021701023459,NICL,38,57,200,471.00,"94,200.00"
2020-02-17,2020021701023754,NIL,10,28,300,614.00,"184,200.00"
2020-02-17,2020021701023669,NIL,33,46,100,615.00,"61,500.00"
2020-02-17,2020021701023668,NIL,33,49,200,615.00,"123,000.00"
2020-02-17,2020021701023667,NIL,33,16,50,615.00,"30,750.00"
2020-02-17,2020021701023652,NIL,4,28,500,613.00,"306,500.00"
2020-02-17,2020021701023606,NIL,4,57,168,613.00,"102,984.00"
2020-02-17,2020021701023508,NIL,4,22,600,613.00,"367,800.00"
2020-02-17,2020021701023507,NIL,4,29,200,613.00,"122,600.00"
2020-02-17,2020021701023446,NIL,16,5,200,612.00,"122,400.00"
2020-02-17,2020021701023445,NIL,16,35,50,612.00,"30,600.00"
2020-02-17,2020021701023543,NLIC,4,49,24,"1,195.00","28,680.00"
2020-02-17,2020021701023683,NLICL,57,55,98,698.00,"68,404.00"
2020-02-17,2020021701023545,NLICL,57,55,50,698.00,"34,900.00"
2020-02-17,2020021701023753,NMB,49,32,250,397.00,"99,250.00"
2020-02-17,2020021701023666,NMB,35,22,50,398.00,"19,900.00"
2020-02-17,2020021701023665,NMB,35,41,50,398.00,"19,900.00"
2020-02-17,2020021701023655,NMB,45,41,250,398.00,"99,500.00"
2020-02-17,2020021701023627,NMB,49,42,250,397.00,"99,250.00"
2020-02-17,2020021701023571,NMB,49,6,250,397.00,"99,250.00"
2020-02-17,2020021701023570,NMB,49,43,100,396.00,"39,600.00"
2020-02-17,2020021701023328,NMB,46,56,660,395.00,"260,700.00"
2020-02-17,2020021701023611,NSEWA,52,34,100,817.00,"81,700.00"
2020-02-17,2020021701023610,NSEWA,51,34,120,817.00,"98,040.00"
2020-02-17,2020021701023609,NSEWA,54,34,65,818.00,"53,170.00"
2020-02-17,2020021701023608,NSEWA,58,34,100,820.00,"82,000.00"
2020-02-17,2020021701023340,NUBL,43,43,50,"1,040.00","52,000.00"
2020-02-17,2020021701023339,NUBL,7,43,50,"1,040.00","52,000.00"
2020-02-17,2020021701023763,PIC,33,34,22,655.00,"14,410.00"
2020-02-17,2020021701023719,PIC,4,34,73,653.00,"47,669.00"
2020-02-17,2020021701023624,PIC,4,59,500,652.00,"326,000.00"
2020-02-17,2020021701023510,PIC,6,55,50,651.00,"32,550.00"
2020-02-17,2020021701023457,PIC,6,37,152,651.00,"98,952.00"
2020-02-17,2020021701023456,PIC,5,37,77,651.00,"50,127.00"
2020-02-17,2020021701023455,PIC,19,37,20,652.00,"13,040.00"
2020-02-17,2020021701023454,PIC,38,37,400,652.00,"260,800.00"
2020-02-17,2020021701023755,PICL,38,6,50,540.00,"27,000.00"
2020-02-17,2020021701023677,PICL,38,45,70,536.00,"37,520.00"
2020-02-17,2020021701023530,PICL,8,45,80,536.00,"42,880.00"
2020-02-17,2020021701023451,PICL,8,38,420,536.00,"225,120.00"
2020-02-17,2020021701023450,PICL,39,38,100,536.00,"53,600.00"
2020-02-17,2020021701023734,PLIC,16,35,300,609.00,"182,700.00"
2020-02-17,2020021701023660,PLIC,38,57,300,610.00,"183,000.00"
2020-02-17,2020021701023659,PLIC,17,57,81,613.00,"49,653.00"
2020-02-17,2020021701023658,PLIC,35,57,100,614.00,"61,400.00"
2020-02-17,2020021701023558,PLIC,46,57,50,615.00,"30,750.00"
2020-02-17,2020021701023557,PLIC,1,57,200,615.00,"123,000.00"
2020-02-17,2020021701023334,PLIC,22,49,"1,000",616.00,"616,000.00"
2020-02-17,2020021701023333,PLIC,10,49,250,618.00,"154,500.00"
2020-02-17,2020021701023556,PLIC,40,57,250,615.00,"153,750.00"
2020-02-17,2020021701023525,PLIC,16,16,80,618.00,"49,440.00"
2020-02-17,2020021701023524,PLIC,16,45,29,618.00,"17,922.00"
2020-02-17,2020021701023519,PLIC,40,55,50,615.00,"30,750.00"
2020-02-17,2020021701023363,PLIC,26,49,104,616.00,"64,064.00"
2020-02-17,2020021701023335,PLIC,41,49,96,616.00,"59,136.00"
2020-02-17,2020021701023748,PRIN,8,35,300,503.00,"150,900.00"
2020-02-17,2020021701023747,PRIN,8,35,200,503.00,"100,600.00"
2020-02-17,2020021701023746,PRIN,32,35,300,504.00,"151,200.00"
2020-02-17,2020021701023663,PRIN,8,26,300,503.00,"150,900.00"
2020-02-17,2020021701023662,PRIN,35,26,100,503.00,"50,300.00"
2020-02-17,2020021701023661,PRIN,44,26,100,504.00,"50,400.00"
2020-02-17,2020021701023656,PRIN,28,25,100,504.00,"50,400.00"
2020-02-17,2020021701023605,PRIN,32,55,50,505.00,"25,250.00"
2020-02-17,2020021701023376,PRIN,32,7,47,505.00,"23,735.00"
2020-02-17,2020021701023323,PRIN,28,33,400,504.00,"201,600.00"
2020-02-17,2020021701023322,PRIN,40,33,300,504.00,"151,200.00"
2020-02-17,2020021701023321,PRIN,52,33,500,507.00,"253,500.00"
2020-02-17,2020021701023674,PROFL,55,52,80,110.00,"8,800.00"
2020-02-17,2020021701023653,PRVU,16,54,100,253.00,"25,300.00"
2020-02-17,2020021701023721,RHPC,34,46,"3,000",91.00,"273,000.00"
2020-02-17,2020021701023544,RHPL,7,16,30,170.00,"5,100.00"
2020-02-17,2020021701023542,RHPL,7,42,170,170.00,"28,900.00"
2020-02-17,2020021701023541,RHPL,58,42,290,170.00,"49,300.00"
2020-02-17,2020021701023320,RHPL,58,45,40,170.00,"6,800.00"
2020-02-17,2020021701023309,RHPL,58,39,80,170.00,"13,600.00"
2020-02-17,2020021701023687,RMDC,37,49,50,738.00,"36,900.00"
2020-02-17,2020021701023649,RMDC,37,17,115,738.00,"84,870.00"
2020-02-17,2020021701023460,RMDC,6,42,100,740.00,"74,000.00"
2020-02-17,2020021701023317,RMDC,6,45,650,740.00,"481,000.00"
2020-02-17,2020021701023509,SABSL,34,7,200,950.00,"190,000.00"
2020-02-17,2020021701023736,SANIMA,1,6,100,355.00,"35,500.00"
2020-02-17,2020021701023313,SANIMA,4,57,765,354.00,"270,810.00"
2020-02-17,2020021701023312,SANIMA,4,49,55,354.00,"19,470.00"
2020-02-17,2020021701023693,SAPDBL,1,42,39,147.00,"5,733.00"
2020-02-17,2020021701023551,SBI,32,6,70,422.00,"29,540.00"
2020-02-17,2020021701023550,SBI,45,6,430,422.00,"181,460.00"
2020-02-17,2020021701023532,SBL,47,46,310,322.00,"99,820.00"
2020-02-17,2020021701023531,SBL,47,5,190,321.00,"60,990.00"
2020-02-17,2020021701023632,SCB,52,5,25,650.00,"16,250.00"
2020-02-17,2020021701023631,SCB,52,42,175,650.00,"113,750.00"
2020-02-17,2020021701023523,SCB,5,42,125,650.00,"81,250.00"
2020-02-17,2020021701023522,SCB,5,35,75,650.00,"48,750.00"
2020-02-17,2020021701023316,SCB,59,35,138,650.00,"89,700.00"
2020-02-17,2020021701023585,SEF,3,45,"10,000",9.45,"94,500.00"
2020-02-17,2020021701023772,SHIVM,58,59,100,612.00,"61,200.00"
2020-02-17,2020021701023771,SHIVM,25,59,100,612.00,"61,200.00"
2020-02-17,2020021701023735,SHIVM,58,28,989,611.00,"604,279.00"
2020-02-17,2020021701023708,SHIVM,58,7,400,610.00,"244,000.00"
2020-02-17,2020021701023664,SHIVM,17,39,100,609.00,"60,900.00"
2020-02-17,2020021701023461,SHIVM,1,38,250,610.00,"152,500.00"
2020-02-17,2020021701023377,SHIVM,1,52,100,610.00,"61,000.00"
2020-02-17,2020021701023331,SHIVM,1,58,100,610.00,"61,000.00"
2020-02-17,2020021701023327,SHIVM,56,28,11,611.00,"6,721.00"
2020-02-17,2020021701023326,SHIVM,56,46,"1,000",611.00,"611,000.00"
2020-02-17,2020021701023325,SHIVM,56,33,100,611.00,"61,100.00"
2020-02-17,2020021701023505,SHIVM,25,46,200,610.00,"122,000.00"
2020-02-17,2020021701023466,SHIVM,25,38,300,610.00,"183,000.00"
2020-02-17,2020021701023465,SHIVM,17,38,100,610.00,"61,000.00"
2020-02-17,2020021701023464,SHIVM,50,38,50,610.00,"30,500.00"
2020-02-17,2020021701023463,SHIVM,1,38,100,610.00,"61,000.00"
2020-02-17,2020021701023462,SHIVM,1,38,200,610.00,"122,000.00"
2020-02-17,2020021701023604,SHIVM,1,7,100,610.00,"61,000.00"
2020-02-17,2020021701023593,SHIVM,52,19,100,610.00,"61,000.00"
2020-02-17,2020021701023592,SHIVM,56,19,100,610.00,"61,000.00"
2020-02-17,2020021701023591,SHIVM,25,19,200,610.00,"122,000.00"
2020-02-17,2020021701023569,SHIVM,25,34,200,610.00,"122,000.00"
2020-02-17,2020021701023512,SHIVM,25,1,100,610.00,"61,000.00"
2020-02-17,2020021701023373,SHPC,56,28,10,235.00,"2,350.00"
2020-02-17,2020021701023472,SIC,16,58,416,802.00,"333,632.00"
2020-02-17,2020021701023471,SIC,34,58,520,803.00,"417,560.00"
2020-02-17,2020021701023618,SICL,25,48,300,"1,241.00","372,300.00"
2020-02-17,2020021701023594,SICL,37,37,98,"1,249.00","122,402.00"
2020-02-17,2020021701023540,SICL,37,57,20,"1,248.00","24,960.00"
2020-02-17,2020021701023345,SICL,29,34,50,"1,245.00","62,250.00"
2020-02-17,2020021701023308,SICL,42,37,500,"1,248.00","624,000.00"
2020-02-17,2020021701023351,SICL,50,34,100,"1,240.00","124,000.00"
2020-02-17,2020021701023350,SICL,49,34,50,"1,240.00","62,000.00"
2020-02-17,2020021701023349,SICL,38,34,200,"1,241.00","248,200.00"
2020-02-17,2020021701023348,SICL,35,34,10,"1,245.00","12,450.00"
2020-02-17,2020021701023347,SICL,48,34,10,"1,245.00","12,450.00"
2020-02-17,2020021701023346,SICL,46,34,50,"1,245.00","62,250.00"
2020-02-17,2020021701023352,SICL,55,34,30,"1,240.00","37,200.00"
2020-02-17,2020021701023760,SIL,14,17,74,590.00,"43,660.00"
2020-02-17,2020021701023759,SIL,43,17,50,590.00,"29,500.00"
2020-02-17,2020021701023694,SIL,20,6,162,595.00,"96,390.00"
2020-02-17,2020021701023651,SIL,38,6,238,595.00,"141,610.00"
2020-02-17,2020021701023503,SIL,22,6,100,595.00,"59,500.00"
2020-02-17,2020021701023603,SJCL,39,16,20,159.00,"3,180.00"
2020-02-17,2020021701023528,SJCL,39,25,140,159.00,"22,260.00"
2020-02-17,2020021701023527,SJCL,56,25,100,159.00,"15,900.00"
2020-02-17,2020021701023374,SJCL,38,39,30,159.00,"4,770.00"
2020-02-17,2020021701023336,SJCL,38,45,10,159.00,"1,590.00"
2020-02-17,2020021701023526,SJCL,38,25,60,159.00,"9,540.00"
2020-02-17,2020021701023583,SKBBL,34,43,231,"1,180.00","272,580.00"
2020-02-17,2020021701023582,SKBBL,43,43,100,"1,180.00","118,000.00"
2020-02-17,2020021701023581,SKBBL,56,43,20,"1,180.00","23,600.00"
2020-02-17,2020021701023580,SKBBL,13,43,500,"1,180.00","590,000.00"
2020-02-17,2020021701023579,SKBBL,35,43,100,"1,180.00","118,000.00"
2020-02-17,2020021701023578,SKBBL,43,43,100,"1,185.00","118,500.00"
2020-02-17,2020021701023577,SKBBL,49,43,30,"1,185.00","35,550.00"
2020-02-17,2020021701023576,SKBBL,44,43,100,"1,185.00","118,500.00"
2020-02-17,2020021701023575,SKBBL,21,43,30,"1,186.00","35,580.00"
2020-02-17,2020021701023717,SLBBL,38,21,300,985.00,"295,500.00"
2020-02-17,2020021701023547,SLBBL,45,34,100,986.00,"98,600.00"
2020-02-17,2020021701023546,SLBBL,7,34,15,986.00,"14,790.00"
2020-02-17,2020021701023574,SLBBL,38,34,173,985.00,"170,405.00"
2020-02-17,2020021701023573,SLBBL,7,34,40,985.00,"39,400.00"
2020-02-17,2020021701023572,SLBBL,46,34,87,985.00,"85,695.00"
2020-02-17,2020021701023673,SLICL,10,57,20,494.00,"9,880.00"
2020-02-17,2020021701023588,SLICL,41,57,30,494.00,"14,820.00"
2020-02-17,2020021701023756,SMATA,35,26,50,851.00,"42,550.00"
2020-02-17,2020021701023548,SPARS,50,49,30,956.00,"28,680.00"
2020-02-17,2020021701023758,SRBL,4,59,100,256.00,"25,600.00"
2020-02-17,2020021701023723,SRBL,55,25,10,257.00,"2,570.00"
2020-02-17,2020021701023707,SRBL,4,26,12,256.00,"3,072.00"
2020-02-17,2020021701023364,SRBL,14,44,192,257.00,"49,344.00"
2020-02-17,2020021701023318,STC,56,39,10,"2,770.00","27,700.00"
2020-02-17,2020021701023745,SWBBL,49,44,200,"1,275.00","255,000.00"
2020-02-17,2020021701023744,SWBBL,53,44,100,"1,276.00","127,600.00"
2020-02-17,2020021701023743,SWBBL,59,44,10,"1,280.00","12,800.00"
2020-02-17,2020021701023742,SWBBL,50,44,13,"1,285.00","16,705.00"
2020-02-17,2020021701023681,UIC,40,42,250,457.00,"114,250.00"
2020-02-17,2020021701023680,UIC,19,42,250,457.00,"114,250.00"
2020-02-17,2020021701023449,UIC,19,55,50,457.00,"22,850.00"
2020-02-17,2020021701023311,UIC,42,41,200,458.00,"91,600.00"
2020-02-17,2020021701023310,UIC,57,41,45,458.00,"20,610.00"
2020-02-17,2020021701023781,UPPER,10,16,40,240.00,"9,600.00"
2020-02-17,2020021701023692,UPPER,10,1,"1,410",240.00,"338,400.00"
2020-02-17,2020021701023691,UPPER,14,1,150,240.00,"36,000.00"
2020-02-17,2020021701023690,UPPER,34,1,220,240.00,"52,800.00"
2020-02-17,2020021701023689,UPPER,50,1,200,241.00,"48,200.00"
2020-02-17,2020021701023357,UPPER,29,25,500,241.00,"120,500.00"
2020-02-17,2020021701023518,UPPER,29,39,40,241.00,"9,640.00"
2020-02-17,2020021701023470,UPPER,29,16,40,241.00,"9,640.00"
2020-02-17,2020021701023688,UPPER,29,1,20,241.00,"4,820.00"
2020-02-17,2020021701023590,UPPER,29,25,500,241.00,"120,500.00"
2020-02-17,2020021701023643,VLBS,17,14,100,"1,143.00","114,300.00"
2020-02-17,2020021701023623,WOMI,48,34,100,"1,117.00","111,700.00"
2020-02-17,2020021701023070,AKJCL,6,16,100,57.00,"5,700.00"
2020-02-17,2020021701023069,AKJCL,6,56,560,57.00,"31,920.00"
2020-02-17,2020021701023173,AKPL,52,58,700,137.00,"95,900.00"
2020-02-17,2020021701023045,AKPL,33,10,300,135.00,"40,500.00"
2020-02-17,2020021701023044,AKPL,35,10,200,135.00,"27,000.00"
2020-02-17,2020021701023043,AKPL,19,10,500,135.00,"67,500.00"
2020-02-17,2020021701023006,ALBSL,29,7,11,765.00,"8,415.00"
2020-02-17,2020021701023005,ALBSL,47,7,100,765.00,"76,500.00"
2020-02-17,2020021701023004,ALBSL,48,7,69,765.00,"52,785.00"
2020-02-17,2020021701023003,ALBSL,3,7,20,766.00,"15,320.00"
2020-02-17,2020021701022941,ALBSL,48,55,31,765.00,"23,715.00"
2020-02-17,2020021701022912,ALBSL,59,55,469,766.00,"359,254.00"
2020-02-17,2020021701022899,ALBSL,59,16,11,766.00,"8,426.00"
2020-02-17,2020021701022839,ALBSL,59,32,20,766.00,"15,320.00"
2020-02-17,2020021701023260,ALICL,32,32,489,642.00,"313,938.00"
2020-02-17,2020021701023259,ALICL,32,4,11,642.00,"7,062.00"
2020-02-17,2020021701023246,ALICL,55,4,15,642.00,"9,630.00"
2020-02-17,2020021701023240,ALICL,52,4,100,642.00,"64,200.00"
2020-02-17,2020021701023239,ALICL,28,4,374,642.00,"240,108.00"
2020-02-17,2020021701023210,ALICL,28,4,126,642.00,"80,892.00"
2020-02-17,2020021701022929,ALICL,1,47,100,643.00,"64,300.00"
2020-02-17,2020021701023209,ALICL,55,4,200,642.00,"128,400.00"
2020-02-17,2020021701023208,ALICL,41,4,24,643.00,"15,432.00"
2020-02-17,2020021701023207,ALICL,29,4,150,643.00,"96,450.00"
2020-02-17,2020021701023108,ALICL,29,4,350,643.00,"225,050.00"
2020-02-17,2020021701022931,ALICL,16,47,200,643.00,"128,600.00"
2020-02-17,2020021701022930,ALICL,42,47,200,643.00,"128,600.00"
2020-02-17,2020021701022924,BPCL,52,50,50,351.00,"17,550.00"
2020-02-17,2020021701022838,BPCL,46,49,"2,000",350.00,"700,000.00"
2020-02-17,2020021701022885,CBBL,49,36,109,"1,116.00","121,644.00"
2020-02-17,2020021701022841,CBBL,49,34,391,"1,116.00","436,356.00"
2020-02-17,2020021701022840,CBBL,49,34,109,"1,116.00","121,644.00"
2020-02-17,2020021701023036,CBBL,49,14,300,"1,111.00","333,300.00"
2020-02-17,2020021701023035,CBBL,49,49,400,"1,111.00","444,400.00"
2020-02-17,2020021701022983,CBBL,41,14,200,"1,111.00","222,200.00"
2020-02-17,2020021701022886,CBBL,58,36,"1,000","1,116.00","1,116,000.00"
2020-02-17,2020021701023213,CBL,42,46,50,154.00,"7,700.00"
2020-02-17,2020021701023212,CBL,58,46,450,154.00,"69,300.00"
2020-02-17,2020021701022866,CBL,58,57,550,154.00,"84,700.00"
2020-02-17,2020021701022865,CBL,33,57,650,154.00,"100,100.00"
2020-02-17,2020021701023297,CCBL,56,7,503,188.00,"94,564.00"
2020-02-17,2020021701023152,CCBL,56,17,300,188.00,"56,400.00"
2020-02-17,2020021701022891,CHCL,26,45,437,433.00,"189,221.00"
2020-02-17,2020021701023143,CIT,17,34,30,"2,776.00","83,280.00"
2020-02-17,2020021701022991,CIT,22,16,20,"2,785.00","55,700.00"
2020-02-17,2020021701022882,CIT,17,7,100,"2,776.00","277,600.00"
2020-02-17,2020021701022855,CIT,17,43,16,"2,776.00","44,416.00"
2020-02-17,2020021701022854,CIT,37,43,100,"2,776.00","277,600.00"
2020-02-17,2020021701022853,CIT,47,43,50,"2,776.00","138,800.00"
2020-02-17,2020021701023176,CLBSL,45,52,400,"1,148.00","459,200.00"
2020-02-17,2020021701023175,CLBSL,45,42,50,"1,147.00","57,350.00"
2020-02-17,2020021701023174,CLBSL,45,35,"1,086","1,145.00","1,243,470.00"
2020-02-17,2020021701022829,CLBSL,45,26,11,"1,137.00","12,507.00"
2020-02-17,2020021701023225,CORBL,42,47,280,132.00,"36,960.00"
2020-02-17,2020021701023180,CZBIL,36,38,750,196.00,"147,000.00"
2020-02-17,2020021701023179,CZBIL,1,38,46,197.00,"9,062.00"
2020-02-17,2020021701022822,CZBIL,34,38,60,197.00,"11,820.00"
2020-02-17,2020021701022821,CZBIL,41,38,"1,000",197.00,"197,000.00"
2020-02-17,2020021701022820,CZBIL,17,38,650,197.00,"128,050.00"
2020-02-17,2020021701022819,CZBIL,14,38,86,197.00,"16,942.00"
2020-02-17,2020021701023082,DDBL,10,25,200,895.00,"179,000.00"
2020-02-17,2020021701023081,DDBL,46,25,50,895.00,"44,750.00"
2020-02-17,2020021701023027,DDBL,46,55,50,895.00,"44,750.00"
2020-02-17,2020021701023148,EBL,42,32,10,670.00,"6,700.00"
2020-02-17,2020021701023154,EIC,58,53,188,457.00,"85,916.00"
2020-02-17,2020021701023153,EIC,41,53,200,457.00,"91,400.00"
2020-02-17,2020021701023099,EIC,50,34,200,458.00,"91,600.00"
2020-02-17,2020021701023098,EIC,45,34,500,458.00,"229,000.00"
2020-02-17,2020021701023097,EIC,36,34,500,458.00,"229,000.00"
2020-02-17,2020021701023096,EIC,45,34,100,458.00,"45,800.00"
2020-02-17,2020021701023089,EIC,42,57,100,460.00,"46,000.00"
2020-02-17,2020021701023088,EIC,39,57,50,460.00,"23,000.00"
2020-02-17,2020021701023087,EIC,51,57,70,460.00,"32,200.00"
2020-02-17,2020021701023086,EIC,52,57,50,460.00,"23,000.00"
2020-02-17,2020021701023085,EIC,50,57,373,460.00,"171,580.00"
2020-02-17,2020021701023084,EIC,50,57,40,461.00,"18,440.00"
2020-02-17,2020021701023095,EIC,40,34,500,458.00,"229,000.00"
2020-02-17,2020021701023094,EIC,16,34,300,458.00,"137,400.00"
2020-02-17,2020021701023093,EIC,50,34,300,458.00,"137,400.00"
2020-02-17,2020021701023092,EIC,50,34,50,458.00,"22,900.00"
2020-02-17,2020021701023091,EIC,50,34,447,459.00,"205,173.00"
2020-02-17,2020021701023090,EIC,43,34,100,459.00,"45,900.00"
2020-02-17,2020021701022965,FMDBL,14,17,116,489.00,"56,724.00"
2020-02-17,2020021701022846,GBBL,4,49,100,245.00,"24,500.00"
2020-02-17,2020021701023183,GBIME,38,49,780,285.00,"222,300.00"
2020-02-17,2020021701023182,GBIME,55,49,350,285.00,"99,750.00"
2020-02-17,2020021701023181,GBIME,19,49,370,285.00,"105,450.00"
2020-02-17,2020021701023061,GBIME,19,11,130,285.00,"37,050.00"
2020-02-17,2020021701023060,GBIME,26,11,70,285.00,"19,950.00"
2020-02-17,2020021701022844,GBIME,26,22,30,285.00,"8,550.00"
2020-02-17,2020021701022843,GBIME,34,22,100,285.00,"28,500.00"
2020-02-17,2020021701022842,GBIME,58,22,70,285.00,"19,950.00"
2020-02-17,2020021701023191,GBLBS,49,41,37,504.00,"18,648.00"
2020-02-17,2020021701023190,GBLBS,7,41,13,504.00,"6,552.00"
2020-02-17,2020021701023042,GBLBS,41,44,"1,000",505.00,"505,000.00"
2020-02-17,2020021701022940,GBLBS,46,34,200,506.00,"101,200.00"
2020-02-17,2020021701022896,GBLBS,8,34,100,506.00,"50,600.00"
2020-02-17,2020021701022884,GBLBS,28,43,100,508.00,"50,800.00"
2020-02-17,2020021701023304,GILB,41,36,57,"1,429.00","81,453.00"
2020-02-17,2020021701023278,GILB,41,36,57,"1,429.00","81,453.00"
2020-02-17,2020021701023303,GLICL,42,6,11,824.00,"9,064.00"
2020-02-17,2020021701023302,GLICL,42,6,789,825.00,"650,925.00"
2020-02-17,2020021701023276,GLICL,42,42,790,825.00,"651,750.00"
