Date,Transact. No.,Symbol,Buyer,Seller,Quantity,Rate,Amount
2020-10-21,2020102104001491,BBC,55,42,10,"1,652.00","16,520.00"
2020-10-21,2020102104001247,BBC,13,18,200,"1,648.00","329,600.00"
2020-10-21,2020102104001246,BBC,22,18,10,"1,650.00","16,500.00"
2020-10-21,2020102104001245,BBC,45,18,50,"1,650.00","82,500.00"
2020-10-21,2020102104001244,BBC,25,18,20,"1,655.00","33,100.00"
2020-10-21,2020102104001243,BBC,45,18,50,"1,655.00","82,750.00"
2020-10-21,2020102104001213,BBC,58,54,10,"1,655.00","16,550.00"
2020-10-21,2020102104001478,CMF1,45,52,"1,710",9.64,"16,484.40"
2020-10-21,2020102104001477,CMF1,48,52,"2,200",9.64,"21,208.00"
2020-10-21,2020102104001417,CMF1,48,38,200,9.64,"1,928.00"
2020-10-21,2020102104001395,CMF1,48,38,200,9.64,"1,928.00"
2020-10-21,2020102104001381,CMF1,48,38,200,9.64,"1,928.00"
2020-10-21,2020102104001371,CMF1,48,38,200,9.64,"1,928.00"
2020-10-21,2020102104001221,CMF1,45,38,300,9.63,"2,889.00"
2020-10-21,2020102104001517,GIC,57,39,10,536.00,"5,360.00"
2020-10-21,2020102104001516,GIC,57,39,10,536.00,"5,360.00"
2020-10-21,2020102104001510,GIC,57,36,10,536.00,"5,360.00"
2020-10-21,2020102104001509,GIC,57,21,10,536.00,"5,360.00"
2020-10-21,2020102104001508,GIC,57,21,10,536.00,"5,360.00"
2020-10-21,2020102104001504,GIC,57,47,10,536.00,"5,360.00"
2020-10-21,2020102104001033,GIC,52,29,10,536.00,"5,360.00"
2020-10-21,2020102104001032,GIC,52,28,10,536.00,"5,360.00"
2020-10-21,2020102104001031,GIC,47,19,10,536.00,"5,360.00"
2020-10-21,2020102104001039,GIC,52,10,10,536.00,"5,360.00"
2020-10-21,2020102104001038,GIC,52,13,10,536.00,"5,360.00"
2020-10-21,2020102104001037,GIC,52,10,10,536.00,"5,360.00"
2020-10-21,2020102104001036,GIC,52,28,10,536.00,"5,360.00"
2020-10-21,2020102104001035,GIC,52,10,10,536.00,"5,360.00"
2020-10-21,2020102104001034,GIC,52,28,10,536.00,"5,360.00"
2020-10-21,2020102104001045,GIC,33,10,10,536.00,"5,360.00"
2020-10-21,2020102104001044,GIC,33,22,10,536.00,"5,360.00"
2020-10-21,2020102104001043,GIC,33,10,10,536.00,"5,360.00"
2020-10-21,2020102104001042,GIC,33,10,10,536.00,"5,360.00"
2020-10-21,2020102104001041,GIC,52,26,10,536.00,"5,360.00"
2020-10-21,2020102104001040,GIC,52,10,10,536.00,"5,360.00"
2020-10-21,2020102104001051,GIC,33,10,10,536.00,"5,360.00"
2020-10-21,2020102104001050,GIC,33,10,10,536.00,"5,360.00"
2020-10-21,2020102104001049,GIC,33,10,10,536.00,"5,360.00"
2020-10-21,2020102104001048,GIC,33,10,10,536.00,"5,360.00"
2020-10-21,2020102104001047,GIC,33,10,10,536.00,"5,360.00"
2020-10-21,2020102104001046,GIC,33,10,10,536.00,"5,360.00"
2020-10-21,2020102104001057,GIC,57,48,10,536.00,"5,360.00"
2020-10-21,2020102104001056,GIC,57,10,10,536.00,"5,360.00"
2020-10-21,2020102104001055,GIC,57,58,10,536.00,"5,360.00"
2020-10-21,2020102104001054,GIC,57,10,10,536.00,"5,360.00"
2020-10-21,2020102104001053,GIC,57,13,10,536.00,"5,360.00"
2020-10-21,2020102104001052,GIC,57,10,10,536.00,"5,360.00"
2020-10-21,2020102104001063,GIC,50,17,10,536.00,"5,360.00"
2020-10-21,2020102104001062,GIC,50,17,10,536.00,"5,360.00"
2020-10-21,2020102104001061,GIC,57,17,10,536.00,"5,360.00"
2020-10-21,2020102104001060,GIC,57,17,10,536.00,"5,360.00"
2020-10-21,2020102104001059,GIC,57,17,10,536.00,"5,360.00"
2020-10-21,2020102104001058,GIC,57,10,10,536.00,"5,360.00"
2020-10-21,2020102104001074,GIC,50,53,10,536.00,"5,360.00"
2020-10-21,2020102104001071,GIC,50,53,10,536.00,"5,360.00"
2020-10-21,2020102104001070,GIC,50,17,10,536.00,"5,360.00"
2020-10-21,2020102104001066,GIC,50,17,10,536.00,"5,360.00"
2020-10-21,2020102104001065,GIC,50,53,10,536.00,"5,360.00"
2020-10-21,2020102104001064,GIC,50,17,10,536.00,"5,360.00"
2020-10-21,2020102104001080,GIC,57,53,10,536.00,"5,360.00"
2020-10-21,2020102104001079,GIC,57,57,10,536.00,"5,360.00"
2020-10-21,2020102104001078,GIC,57,53,10,536.00,"5,360.00"
2020-10-21,2020102104001077,GIC,57,17,10,536.00,"5,360.00"
2020-10-21,2020102104001076,GIC,50,53,10,536.00,"5,360.00"
2020-10-21,2020102104001075,GIC,50,17,10,536.00,"5,360.00"
2020-10-21,2020102104001087,GIC,57,53,10,536.00,"5,360.00"
2020-10-21,2020102104001086,GIC,57,53,10,536.00,"5,360.00"
2020-10-21,2020102104001084,GIC,57,17,10,536.00,"5,360.00"
2020-10-21,2020102104001083,GIC,57,53,10,536.00,"5,360.00"
2020-10-21,2020102104001082,GIC,57,42,10,536.00,"5,360.00"
2020-10-21,2020102104001081,GIC,57,17,10,536.00,"5,360.00"
2020-10-21,2020102104001093,GIC,42,17,10,536.00,"5,360.00"
2020-10-21,2020102104001092,GIC,42,17,10,536.00,"5,360.00"
2020-10-21,2020102104001091,GIC,42,53,10,536.00,"5,360.00"
2020-10-21,2020102104001090,GIC,42,58,10,536.00,"5,360.00"
2020-10-21,2020102104001089,GIC,42,17,10,536.00,"5,360.00"
2020-10-21,2020102104001088,GIC,6,35,10,536.00,"5,360.00"
2020-10-21,2020102104001100,GIC,42,53,10,536.00,"5,360.00"
2020-10-21,2020102104001099,GIC,42,17,10,536.00,"5,360.00"
2020-10-21,2020102104001097,GIC,42,17,10,536.00,"5,360.00"
2020-10-21,2020102104001096,GIC,42,17,10,536.00,"5,360.00"
2020-10-21,2020102104001095,GIC,42,53,10,536.00,"5,360.00"
2020-10-21,2020102104001094,GIC,42,53,10,536.00,"5,360.00"
2020-10-21,2020102104001106,GIC,42,17,10,536.00,"5,360.00"
2020-10-21,2020102104001105,GIC,42,17,10,536.00,"5,360.00"
2020-10-21,2020102104001104,GIC,42,53,10,536.00,"5,360.00"
2020-10-21,2020102104001103,GIC,42,17,10,536.00,"5,360.00"
2020-10-21,2020102104001102,GIC,42,17,10,536.00,"5,360.00"
2020-10-21,2020102104001101,GIC,42,17,10,536.00,"5,360.00"
2020-10-21,2020102104001112,GIC,45,17,10,536.00,"5,360.00"
2020-10-21,2020102104001111,GIC,42,53,10,536.00,"5,360.00"
2020-10-21,2020102104001110,GIC,42,52,10,536.00,"5,360.00"
2020-10-21,2020102104001109,GIC,42,17,10,536.00,"5,360.00"
2020-10-21,2020102104001108,GIC,42,17,10,536.00,"5,360.00"
2020-10-21,2020102104001107,GIC,42,53,10,536.00,"5,360.00"
2020-10-21,2020102104001118,GIC,49,17,10,536.00,"5,360.00"
2020-10-21,2020102104001117,GIC,49,53,10,536.00,"5,360.00"
2020-10-21,2020102104001116,GIC,49,17,10,536.00,"5,360.00"
2020-10-21,2020102104001115,GIC,49,58,10,536.00,"5,360.00"
2020-10-21,2020102104001114,GIC,49,53,10,536.00,"5,360.00"
2020-10-21,2020102104001113,GIC,49,17,10,536.00,"5,360.00"
2020-10-21,2020102104001126,GIC,48,17,10,536.00,"5,360.00"
2020-10-21,2020102104001123,GIC,48,18,10,536.00,"5,360.00"
2020-10-21,2020102104001122,GIC,49,56,10,536.00,"5,360.00"
2020-10-21,2020102104001121,GIC,49,18,10,536.00,"5,360.00"
2020-10-21,2020102104001120,GIC,49,18,10,536.00,"5,360.00"
2020-10-21,2020102104001119,GIC,49,17,10,536.00,"5,360.00"
2020-10-21,2020102104001132,GIC,25,17,10,536.00,"5,360.00"
2020-10-21,2020102104001131,GIC,25,17,10,536.00,"5,360.00"
2020-10-21,2020102104001130,GIC,25,17,10,536.00,"5,360.00"
2020-10-21,2020102104001129,GIC,25,41,10,536.00,"5,360.00"
2020-10-21,2020102104001128,GIC,25,18,10,536.00,"5,360.00"
2020-10-21,2020102104001127,GIC,25,17,10,536.00,"5,360.00"
2020-10-21,2020102104001138,GIC,25,6,10,536.00,"5,360.00"
2020-10-21,2020102104001137,GIC,25,18,10,536.00,"5,360.00"
2020-10-21,2020102104001136,GIC,25,18,10,536.00,"5,360.00"
2020-10-21,2020102104001135,GIC,25,19,10,536.00,"5,360.00"
2020-10-21,2020102104001134,GIC,25,18,10,536.00,"5,360.00"
2020-10-21,2020102104001133,GIC,25,18,10,536.00,"5,360.00"
2020-10-21,2020102104001150,GIC,25,18,10,536.00,"5,360.00"
2020-10-21,2020102104001146,GIC,25,18,10,536.00,"5,360.00"
2020-10-21,2020102104001145,GIC,25,18,10,536.00,"5,360.00"
2020-10-21,2020102104001144,GIC,25,18,10,536.00,"5,360.00"
2020-10-21,2020102104001143,GIC,25,18,10,536.00,"5,360.00"
2020-10-21,2020102104001141,GIC,25,18,10,536.00,"5,360.00"
2020-10-21,2020102104001156,GIC,45,41,10,536.00,"5,360.00"
2020-10-21,2020102104001155,GIC,45,32,10,536.00,"5,360.00"
2020-10-21,2020102104001154,GIC,45,56,10,536.00,"5,360.00"
2020-10-21,2020102104001153,GIC,45,41,10,536.00,"5,360.00"
2020-10-21,2020102104001152,GIC,25,38,10,536.00,"5,360.00"
2020-10-21,2020102104001151,GIC,25,38,10,536.00,"5,360.00"
2020-10-21,2020102104001164,GIC,45,55,10,536.00,"5,360.00"
2020-10-21,2020102104001163,GIC,45,42,10,536.00,"5,360.00"
2020-10-21,2020102104001162,GIC,45,49,10,536.00,"5,360.00"
2020-10-21,2020102104001161,GIC,45,32,10,536.00,"5,360.00"
2020-10-21,2020102104001160,GIC,45,34,10,536.00,"5,360.00"
2020-10-21,2020102104001159,GIC,45,41,10,536.00,"5,360.00"
2020-10-21,2020102104001172,GIC,45,50,10,536.00,"5,360.00"
2020-10-21,2020102104001171,GIC,45,50,10,536.00,"5,360.00"
2020-10-21,2020102104001168,GIC,45,36,10,536.00,"5,360.00"
2020-10-21,2020102104001167,GIC,45,35,10,536.00,"5,360.00"
2020-10-21,2020102104001166,GIC,45,42,10,536.00,"5,360.00"
2020-10-21,2020102104001165,GIC,45,56,10,536.00,"5,360.00"
2020-10-21,2020102104001184,GIC,45,18,10,536.00,"5,360.00"
2020-10-21,2020102104001182,GIC,45,8,10,536.00,"5,360.00"
2020-10-21,2020102104001177,GIC,45,18,10,536.00,"5,360.00"
2020-10-21,2020102104001176,GIC,45,18,10,536.00,"5,360.00"
2020-10-21,2020102104001175,GIC,45,34,10,536.00,"5,360.00"
2020-10-21,2020102104001173,GIC,45,18,10,536.00,"5,360.00"
2020-10-21,2020102104001191,GIC,45,29,10,536.00,"5,360.00"
2020-10-21,2020102104001190,GIC,45,8,10,536.00,"5,360.00"
2020-10-21,2020102104001189,GIC,45,18,10,536.00,"5,360.00"
2020-10-21,2020102104001188,GIC,45,8,10,536.00,"5,360.00"
2020-10-21,2020102104001187,GIC,45,18,10,536.00,"5,360.00"
2020-10-21,2020102104001186,GIC,45,18,10,536.00,"5,360.00"
2020-10-21,2020102104001197,GIC,45,8,10,536.00,"5,360.00"
2020-10-21,2020102104001196,GIC,45,8,10,536.00,"5,360.00"
2020-10-21,2020102104001195,GIC,45,28,10,536.00,"5,360.00"
2020-10-21,2020102104001194,GIC,45,18,10,536.00,"5,360.00"
2020-10-21,2020102104001193,GIC,45,8,10,536.00,"5,360.00"
2020-10-21,2020102104001192,GIC,45,8,10,536.00,"5,360.00"
2020-10-21,2020102104001205,GIC,45,8,10,536.00,"5,360.00"
2020-10-21,2020102104001204,GIC,45,8,10,536.00,"5,360.00"
2020-10-21,2020102104001203,GIC,45,8,10,536.00,"5,360.00"
2020-10-21,2020102104001202,GIC,45,35,10,536.00,"5,360.00"
2020-10-21,2020102104001199,GIC,45,8,10,536.00,"5,360.00"
2020-10-21,2020102104001198,GIC,45,8,10,536.00,"5,360.00"
2020-10-21,2020102104001211,GIC,45,18,10,536.00,"5,360.00"
2020-10-21,2020102104001210,GIC,45,18,10,536.00,"5,360.00"
2020-10-21,2020102104001209,GIC,45,18,10,536.00,"5,360.00"
2020-10-21,2020102104001208,GIC,45,8,10,536.00,"5,360.00"
2020-10-21,2020102104001207,GIC,45,8,10,536.00,"5,360.00"
2020-10-21,2020102104001206,GIC,45,8,10,536.00,"5,360.00"
2020-10-21,2020102104001218,GIC,39,18,10,536.00,"5,360.00"
2020-10-21,2020102104001217,GIC,47,17,10,536.00,"5,360.00"
2020-10-21,2020102104001216,GIC,45,18,10,536.00,"5,360.00"
2020-10-21,2020102104001215,GIC,45,17,10,536.00,"5,360.00"
2020-10-21,2020102104001214,GIC,45,18,10,536.00,"5,360.00"
2020-10-21,2020102104001212,GIC,45,17,10,536.00,"5,360.00"
2020-10-21,2020102104001226,GIC,39,18,10,536.00,"5,360.00"
2020-10-21,2020102104001225,GIC,39,1,10,536.00,"5,360.00"
2020-10-21,2020102104001224,GIC,39,1,10,536.00,"5,360.00"
2020-10-21,2020102104001222,GIC,39,17,10,536.00,"5,360.00"
2020-10-21,2020102104001220,GIC,39,17,10,536.00,"5,360.00"
2020-10-21,2020102104001219,GIC,39,17,10,536.00,"5,360.00"
2020-10-21,2020102104001242,GIC,39,58,10,536.00,"5,360.00"
2020-10-21,2020102104001241,GIC,39,38,10,536.00,"5,360.00"
2020-10-21,2020102104001235,GIC,39,40,10,536.00,"5,360.00"
2020-10-21,2020102104001229,GIC,39,33,10,536.00,"5,360.00"
2020-10-21,2020102104001228,GIC,39,38,10,536.00,"5,360.00"
2020-10-21,2020102104001227,GIC,39,38,10,536.00,"5,360.00"
2020-10-21,2020102104001253,GIC,39,18,10,536.00,"5,360.00"
2020-10-21,2020102104001252,GIC,39,38,10,536.00,"5,360.00"
2020-10-21,2020102104001251,GIC,39,38,10,536.00,"5,360.00"
2020-10-21,2020102104001250,GIC,39,38,10,536.00,"5,360.00"
2020-10-21,2020102104001249,GIC,39,18,10,536.00,"5,360.00"
2020-10-21,2020102104001248,GIC,39,38,10,536.00,"5,360.00"
2020-10-21,2020102104001260,GIC,39,38,10,536.00,"5,360.00"
2020-10-21,2020102104001259,GIC,39,18,10,536.00,"5,360.00"
2020-10-21,2020102104001258,GIC,39,38,10,536.00,"5,360.00"
2020-10-21,2020102104001257,GIC,39,18,10,536.00,"5,360.00"
2020-10-21,2020102104001256,GIC,39,38,10,536.00,"5,360.00"
2020-10-21,2020102104001254,GIC,39,38,10,536.00,"5,360.00"
2020-10-21,2020102104001267,GIC,39,38,10,536.00,"5,360.00"
2020-10-21,2020102104001266,GIC,39,38,10,536.00,"5,360.00"
2020-10-21,2020102104001265,GIC,39,18,10,536.00,"5,360.00"
2020-10-21,2020102104001264,GIC,39,38,10,536.00,"5,360.00"
2020-10-21,2020102104001263,GIC,39,18,10,536.00,"5,360.00"
2020-10-21,2020102104001262,GIC,39,38,10,536.00,"5,360.00"
2020-10-21,2020102104001284,GIC,39,38,10,536.00,"5,360.00"
2020-10-21,2020102104001279,GIC,39,25,10,536.00,"5,360.00"
2020-10-21,2020102104001278,GIC,39,25,10,536.00,"5,360.00"
2020-10-21,2020102104001272,GIC,39,34,10,536.00,"5,360.00"
2020-10-21,2020102104001269,GIC,39,38,10,536.00,"5,360.00"
2020-10-21,2020102104001268,GIC,39,38,10,536.00,"5,360.00"
2020-10-21,2020102104001291,GIC,39,18,10,536.00,"5,360.00"
2020-10-21,2020102104001290,GIC,39,33,10,536.00,"5,360.00"
2020-10-21,2020102104001289,GIC,39,18,10,536.00,"5,360.00"
2020-10-21,2020102104001288,GIC,39,18,10,536.00,"5,360.00"
2020-10-21,2020102104001287,GIC,39,18,10,536.00,"5,360.00"
2020-10-21,2020102104001286,GIC,39,29,10,536.00,"5,360.00"
2020-10-21,2020102104001297,GIC,39,18,10,536.00,"5,360.00"
2020-10-21,2020102104001296,GIC,39,39,10,536.00,"5,360.00"
2020-10-21,2020102104001295,GIC,39,18,10,536.00,"5,360.00"
2020-10-21,2020102104001294,GIC,39,18,10,536.00,"5,360.00"
2020-10-21,2020102104001293,GIC,39,18,10,536.00,"5,360.00"
2020-10-21,2020102104001292,GIC,39,18,10,536.00,"5,360.00"
2020-10-21,2020102104001307,GIC,45,18,10,536.00,"5,360.00"
2020-10-21,2020102104001302,GIC,45,55,10,536.00,"5,360.00"
2020-10-21,2020102104001301,GIC,39,8,10,536.00,"5,360.00"
2020-10-21,2020102104001300,GIC,39,8,10,536.00,"5,360.00"
2020-10-21,2020102104001299,GIC,39,18,10,536.00,"5,360.00"
2020-10-21,2020102104001298,GIC,39,18,10,536.00,"5,360.00"
2020-10-21,2020102104001313,GIC,45,8,10,536.00,"5,360.00"
2020-10-21,2020102104001312,GIC,45,8,10,536.00,"5,360.00"
2020-10-21,2020102104001311,GIC,45,8,10,536.00,"5,360.00"
2020-10-21,2020102104001310,GIC,45,8,10,536.00,"5,360.00"
2020-10-21,2020102104001309,GIC,45,22,10,536.00,"5,360.00"
2020-10-21,2020102104001308,GIC,45,8,10,536.00,"5,360.00"
2020-10-21,2020102104001319,GIC,45,45,10,536.00,"5,360.00"
2020-10-21,2020102104001318,GIC,45,8,10,536.00,"5,360.00"
2020-10-21,2020102104001317,GIC,45,8,10,536.00,"5,360.00"
2020-10-21,2020102104001316,GIC,45,8,10,536.00,"5,360.00"
2020-10-21,2020102104001315,GIC,45,8,10,536.00,"5,360.00"
2020-10-21,2020102104001314,GIC,45,8,10,536.00,"5,360.00"
2020-10-21,2020102104001325,GIC,45,8,10,536.00,"5,360.00"
2020-10-21,2020102104001324,GIC,45,8,10,536.00,"5,360.00"
2020-10-21,2020102104001323,GIC,45,8,10,536.00,"5,360.00"
2020-10-21,2020102104001322,GIC,45,8,10,536.00,"5,360.00"
2020-10-21,2020102104001321,GIC,45,22,10,536.00,"5,360.00"
2020-10-21,2020102104001320,GIC,45,8,10,536.00,"5,360.00"
2020-10-21,2020102104001334,GIC,45,21,10,536.00,"5,360.00"
2020-10-21,2020102104001333,GIC,45,21,10,536.00,"5,360.00"
2020-10-21,2020102104001332,GIC,45,21,10,536.00,"5,360.00"
2020-10-21,2020102104001330,GIC,45,21,10,536.00,"5,360.00"
2020-10-21,2020102104001327,GIC,45,8,10,536.00,"5,360.00"
2020-10-21,2020102104001326,GIC,45,8,10,536.00,"5,360.00"
2020-10-21,2020102104001346,GIC,4,21,10,536.00,"5,360.00"
2020-10-21,2020102104001341,GIC,4,21,10,536.00,"5,360.00"
2020-10-21,2020102104001339,GIC,45,21,10,536.00,"5,360.00"
2020-10-21,2020102104001338,GIC,45,21,10,536.00,"5,360.00"
2020-10-21,2020102104001337,GIC,45,21,10,536.00,"5,360.00"
2020-10-21,2020102104001336,GIC,45,21,10,536.00,"5,360.00"
2020-10-21,2020102104001357,GIC,4,8,10,536.00,"5,360.00"
2020-10-21,2020102104001355,GIC,4,14,10,536.00,"5,360.00"
2020-10-21,2020102104001354,GIC,4,17,10,536.00,"5,360.00"
2020-10-21,2020102104001353,GIC,4,17,10,536.00,"5,360.00"
2020-10-21,2020102104001351,GIC,4,17,10,536.00,"5,360.00"
2020-10-21,2020102104001347,GIC,4,21,10,536.00,"5,360.00"
2020-10-21,2020102104001363,GIC,59,53,10,536.00,"5,360.00"
2020-10-21,2020102104001362,GIC,59,47,10,536.00,"5,360.00"
2020-10-21,2020102104001361,GIC,59,47,10,536.00,"5,360.00"
2020-10-21,2020102104001360,GIC,59,13,10,536.00,"5,360.00"
2020-10-21,2020102104001359,GIC,4,51,10,536.00,"5,360.00"
2020-10-21,2020102104001358,GIC,4,6,10,536.00,"5,360.00"
2020-10-21,2020102104001369,GIC,59,47,10,536.00,"5,360.00"
2020-10-21,2020102104001368,GIC,59,47,10,536.00,"5,360.00"
2020-10-21,2020102104001367,GIC,59,53,10,536.00,"5,360.00"
2020-10-21,2020102104001366,GIC,59,47,10,536.00,"5,360.00"
2020-10-21,2020102104001365,GIC,59,38,10,536.00,"5,360.00"
2020-10-21,2020102104001364,GIC,59,1,10,536.00,"5,360.00"
2020-10-21,2020102104001379,GIC,59,17,10,536.00,"5,360.00"
2020-10-21,2020102104001378,GIC,59,17,10,536.00,"5,360.00"
2020-10-21,2020102104001377,GIC,59,45,10,536.00,"5,360.00"
2020-10-21,2020102104001376,GIC,59,17,10,536.00,"5,360.00"
2020-10-21,2020102104001374,GIC,59,35,10,536.00,"5,360.00"
2020-10-21,2020102104001372,GIC,59,47,10,536.00,"5,360.00"
2020-10-21,2020102104001389,GIC,59,47,10,536.00,"5,360.00"
2020-10-21,2020102104001388,GIC,59,47,10,536.00,"5,360.00"
2020-10-21,2020102104001385,GIC,59,52,10,536.00,"5,360.00"
2020-10-21,2020102104001383,GIC,59,17,10,536.00,"5,360.00"
2020-10-21,2020102104001382,GIC,59,17,10,536.00,"5,360.00"
2020-10-21,2020102104001380,GIC,59,17,10,536.00,"5,360.00"
2020-10-21,2020102104001399,GIC,59,47,10,536.00,"5,360.00"
2020-10-21,2020102104001398,GIC,59,47,10,536.00,"5,360.00"
2020-10-21,2020102104001397,GIC,59,47,10,536.00,"5,360.00"
2020-10-21,2020102104001396,GIC,59,47,10,536.00,"5,360.00"
2020-10-21,2020102104001394,GIC,59,47,10,536.00,"5,360.00"
2020-10-21,2020102104001393,GIC,59,47,10,536.00,"5,360.00"
2020-10-21,2020102104001405,GIC,59,47,10,536.00,"5,360.00"
2020-10-21,2020102104001404,GIC,59,21,10,536.00,"5,360.00"
2020-10-21,2020102104001403,GIC,59,47,10,536.00,"5,360.00"
2020-10-21,2020102104001402,GIC,59,21,10,536.00,"5,360.00"
2020-10-21,2020102104001401,GIC,59,47,10,536.00,"5,360.00"
2020-10-21,2020102104001400,GIC,59,47,10,536.00,"5,360.00"
2020-10-21,2020102104001413,GIC,59,51,10,536.00,"5,360.00"
2020-10-21,2020102104001412,GIC,59,47,10,536.00,"5,360.00"
2020-10-21,2020102104001410,GIC,59,47,10,536.00,"5,360.00"
2020-10-21,2020102104001409,GIC,59,21,10,536.00,"5,360.00"
2020-10-21,2020102104001407,GIC,59,47,10,536.00,"5,360.00"
2020-10-21,2020102104001406,GIC,59,21,10,536.00,"5,360.00"
2020-10-21,2020102104001421,GIC,59,47,10,536.00,"5,360.00"
2020-10-21,2020102104001419,GIC,59,47,10,536.00,"5,360.00"
2020-10-21,2020102104001418,GIC,59,47,10,536.00,"5,360.00"
2020-10-21,2020102104001416,GIC,59,38,10,536.00,"5,360.00"
2020-10-21,2020102104001415,GIC,59,47,10,536.00,"5,360.00"
2020-10-21,2020102104001414,GIC,59,47,10,536.00,"5,360.00"
2020-10-21,2020102104001453,GIC,58,47,10,536.00,"5,360.00"
2020-10-21,2020102104001451,GIC,58,47,10,536.00,"5,360.00"
2020-10-21,2020102104001445,GIC,59,57,10,536.00,"5,360.00"
2020-10-21,2020102104001433,GIC,59,40,10,536.00,"5,360.00"
2020-10-21,2020102104001430,GIC,59,41,10,536.00,"5,360.00"
2020-10-21,2020102104001422,GIC,59,42,10,536.00,"5,360.00"
2020-10-21,2020102104001459,GIC,58,47,10,536.00,"5,360.00"
2020-10-21,2020102104001458,GIC,58,47,10,536.00,"5,360.00"
2020-10-21,2020102104001457,GIC,58,19,10,536.00,"5,360.00"
2020-10-21,2020102104001456,GIC,58,47,10,536.00,"5,360.00"
2020-10-21,2020102104001455,GIC,58,47,10,536.00,"5,360.00"
2020-10-21,2020102104001454,GIC,58,47,10,536.00,"5,360.00"
2020-10-21,2020102104001465,GIC,58,47,10,536.00,"5,360.00"
2020-10-21,2020102104001464,GIC,58,47,10,536.00,"5,360.00"
2020-10-21,2020102104001463,GIC,58,47,10,536.00,"5,360.00"
2020-10-21,2020102104001462,GIC,58,47,10,536.00,"5,360.00"
2020-10-21,2020102104001461,GIC,58,47,10,536.00,"5,360.00"
2020-10-21,2020102104001460,GIC,58,47,10,536.00,"5,360.00"
2020-10-21,2020102104001484,GIC,58,47,10,536.00,"5,360.00"
2020-10-21,2020102104001482,GIC,58,47,10,536.00,"5,360.00"
2020-10-21,2020102104001481,GIC,58,47,10,536.00,"5,360.00"
2020-10-21,2020102104001469,GIC,58,47,10,536.00,"5,360.00"
2020-10-21,2020102104001468,GIC,58,47,10,536.00,"5,360.00"
2020-10-21,2020102104001467,GIC,58,47,10,536.00,"5,360.00"
2020-10-21,2020102104001495,GIC,57,21,10,536.00,"5,360.00"
2020-10-21,2020102104001494,GIC,56,47,10,536.00,"5,360.00"
2020-10-21,2020102104001492,GIC,56,38,10,536.00,"5,360.00"
2020-10-21,2020102104001490,GIC,56,38,10,536.00,"5,360.00"
2020-10-21,2020102104001489,GIC,56,47,10,536.00,"5,360.00"
2020-10-21,2020102104001485,GIC,56,47,10,536.00,"5,360.00"
2020-10-21,2020102104001502,GIC,57,21,10,536.00,"5,360.00"
2020-10-21,2020102104001501,GIC,57,21,10,536.00,"5,360.00"
2020-10-21,2020102104001500,GIC,57,21,10,536.00,"5,360.00"
2020-10-21,2020102104001498,GIC,57,21,10,536.00,"5,360.00"
2020-10-21,2020102104001497,GIC,57,21,10,536.00,"5,360.00"
2020-10-21,2020102104001496,GIC,57,21,10,536.00,"5,360.00"
2020-10-21,2020102104001348,GIMES1,21,46,600,9.63,"5,778.00"
2020-10-21,2020102104001340,GIMES1,21,46,600,9.63,"5,778.00"
2020-10-21,2020102104001201,GIMES1,45,54,"5,000",9.80,"49,000.00"
2020-10-21,2020102104001200,GIMES1,45,16,"2,000",9.80,"19,600.00"
2020-10-21,2020102104001530,LEMF,34,10,"10,000",9.15,"91,500.00"
2020-10-21,2020102104001528,LEMF,34,45,"5,000",9.14,"45,700.00"
2020-10-21,2020102104001513,LEMF,1,3,"10,000",9.07,"90,700.00"
2020-10-21,2020102104001512,LEMF,28,3,"1,000",9.07,"9,070.00"
2020-10-21,2020102104001529,LUK,57,57,100,8.96,896.00
2020-10-21,2020102104001452,LUK,6,32,400,9.00,"3,600.00"
2020-10-21,2020102104001352,LUK,16,57,"1,000",9.00,"9,000.00"
2020-10-21,2020102104001240,LUK,57,50,500,8.86,"4,430.00"
2020-10-21,2020102104001472,NBF2,21,44,500,9.05,"4,525.00"
2020-10-21,2020102104001447,NBF2,35,7,"1,500",9.09,"13,635.00"
2020-10-21,2020102104001149,NBF2,21,41,100,9.01,901.00
2020-10-21,2020102104001148,NBF2,21,41,100,9.01,901.00
2020-10-21,2020102104001147,NBF2,21,42,300,9.01,"2,703.00"
2020-10-21,2020102104001356,NEF,8,48,"2,104",9.05,"19,041.20"
2020-10-21,2020102104001349,NEF,8,49,100,9.05,905.00
2020-10-21,2020102104001345,NEF,8,46,241,9.05,"2,181.05"
2020-10-21,2020102104001261,NEF,8,50,241,9.05,"2,181.05"
2020-10-21,2020102104001239,NEF,8,26,"2,414",9.05,"21,846.70"
2020-10-21,2020102104001238,NEF,33,35,"4,752",9.00,"42,768.00"
2020-10-21,2020102104001181,NEF,45,48,310,9.18,"2,845.80"
2020-10-21,2020102104001180,NEF,45,5,"1,966",9.18,"18,047.88"
2020-10-21,2020102104001179,NEF,45,48,"2,414",9.18,"22,160.52"
2020-10-21,2020102104001178,NEF,45,14,"2,104",9.17,"19,293.68"
2020-10-21,2020102104001098,NEF,32,29,"1,448",9.10,"13,176.80"
2020-10-21,2020102104001237,NEF,28,35,"1,448",9.00,"13,032.00"
2020-10-21,2020102104001234,NEF,32,35,"1,310",9.10,"11,921.00"
2020-10-21,2020102104001233,NEF,32,26,"2,414",9.10,"21,967.40"
2020-10-21,2020102104001232,NEF,32,26,"2,414",9.10,"21,967.40"
2020-10-21,2020102104001231,NEF,32,26,"2,414",9.10,"21,967.40"
2020-10-21,2020102104001230,NEF,13,35,"15,000",9.12,"136,800.00"
2020-10-21,2020102104001499,NIBLPF,38,52,500,9.29,"4,645.00"
2020-10-21,2020102104001525,NIBPO,38,55,900,370.00,"333,000.00"
2020-10-21,2020102104001524,NIBPO,38,20,100,369.00,"36,900.00"
2020-10-21,2020102104001503,NIBPO,53,20,200,369.00,"73,800.00"
2020-10-21,2020102104001493,NIBPO,16,17,688,368.00,"253,184.00"
2020-10-21,2020102104001486,NIBPO,16,17,312,368.00,"114,816.00"
2020-10-21,2020102104001483,NIBPO,16,52,50,368.00,"18,400.00"
2020-10-21,2020102104001274,NIBPO,6,1,50,368.00,"18,400.00"
2020-10-21,2020102104001273,NIBPO,6,35,13,368.00,"4,784.00"
2020-10-21,2020102104001343,NIBPO,16,55,977,370.00,"361,490.00"
2020-10-21,2020102104001342,NIBPO,16,46,25,369.00,"9,225.00"
2020-10-21,2020102104001331,NIBPO,4,4,8,363.00,"2,904.00"
2020-10-21,2020102104001285,NIBPO,6,55,23,370.00,"8,510.00"
2020-10-21,2020102104001276,NIBPO,6,43,80,369.00,"29,520.00"
2020-10-21,2020102104001275,NIBPO,6,49,500,369.00,"184,500.00"
2020-10-21,2020102104001470,NIBPO,16,52,278,368.00,"102,304.00"
2020-10-21,2020102104001450,NIBPO,16,35,300,368.00,"110,400.00"
2020-10-21,2020102104001449,NIBPO,16,57,60,368.00,"22,080.00"
2020-10-21,2020102104001448,NIBPO,16,49,300,368.00,"110,400.00"
2020-10-21,2020102104001446,NIBPO,7,49,700,368.00,"257,600.00"
2020-10-21,2020102104001344,NIBPO,16,47,180,370.00,"66,600.00"
2020-10-21,2020102104001471,NIBSF1,22,22,"3,000",9.90,"29,700.00"
2020-10-21,2020102104001125,NIBSF1,34,52,"2,500",9.72,"24,300.00"
2020-10-21,2020102104001124,NIBSF1,25,52,"1,000",9.72,"9,720.00"
2020-10-21,2020102104001429,NICBF,25,56,"1,000",9.06,"9,060.00"
2020-10-21,2020102104001427,NICBF,25,16,"3,000",9.04,"27,120.00"
2020-10-21,2020102104001426,NICBF,34,16,400,9.04,"3,616.00"
2020-10-21,2020102104001335,NICBF,48,41,150,9.00,"1,350.00"
2020-10-21,2020102104001444,NICGF,25,16,"3,000",9.60,"28,800.00"
2020-10-21,2020102104001420,NICGF,1,38,200,9.51,"1,902.00"
2020-10-21,2020102104001408,NICGF,1,38,200,9.51,"1,902.00"
2020-10-21,2020102104001387,NICGF,28,21,500,9.50,"4,750.00"
2020-10-21,2020102104001386,NICGF,28,58,800,9.50,"7,600.00"
2020-10-21,2020102104001384,NICGF,1,38,200,9.46,"1,892.00"
2020-10-21,2020102104001375,NICGF,1,38,200,9.46,"1,892.00"
2020-10-21,2020102104001223,NICGF,21,38,500,9.45,"4,725.00"
2020-10-21,2020102104001185,NICGF,21,16,500,9.45,"4,725.00"
2020-10-21,2020102104001142,NICGF,21,1,"1,000",9.48,"9,480.00"
2020-10-21,2020102104001270,NMB50,21,50,100,9.05,905.00
2020-10-21,2020102104001174,NMB50,21,41,100,9.05,905.00
2020-10-21,2020102104001520,NMBHF1,45,59,"18,666",9.59,"179,006.94"
2020-10-21,2020102104001519,NMBHF1,45,59,"25,000",9.59,"239,750.00"
2020-10-21,2020102104001518,NMBHF1,45,59,"22,431",9.59,"215,113.29"
2020-10-21,2020102104001515,NMBHF1,45,8,"1,569",9.59,"15,046.71"
2020-10-21,2020102104001514,NMBHF1,45,5,"1,000",9.59,"9,590.00"
2020-10-21,2020102104001507,NMBHF1,45,19,"10,000",9.55,"95,500.00"
2020-10-21,2020102104001255,NMBHF1,45,45,796,9.39,"7,474.44"
2020-10-21,2020102104001236,NMBHF1,21,50,436,9.40,"4,098.40"
2020-10-21,2020102104001158,NMBHF1,21,16,"1,564",9.40,"14,701.60"
2020-10-21,2020102104001157,NMBHF1,34,16,100,9.40,940.00
2020-10-21,2020102104001139,NMBHF1,21,45,"2,204",9.41,"20,739.64"
2020-10-21,2020102104001506,NMBHF1,45,43,"4,000",9.50,"38,000.00"
2020-10-21,2020102104001505,NMBHF1,45,51,832,9.47,"7,879.04"
2020-10-21,2020102104001411,NMBHF1,1,50,396,9.40,"3,722.40"
2020-10-21,2020102104001370,NMBHF1,45,46,250,9.39,"2,347.50"
2020-10-21,2020102104001328,NMBHF1,45,45,"2,000",9.39,"18,780.00"
2020-10-21,2020102104001277,NMBHF1,45,45,"2,448",9.39,"22,986.72"
2020-10-21,2020102104001183,NMBPO,32,7,"1,000",250.00,"250,000.00"
2020-10-21,2020102104001526,RBCLPO,6,17,21,"10,550.00","221,550.00"
2020-10-21,2020102104001523,RBCLPO,6,59,10,"10,531.00","105,310.00"
2020-10-21,2020102104001511,RBCLPO,51,59,15,"10,550.00","158,250.00"
2020-10-21,2020102104001488,RBCLPO,51,34,29,"10,550.00","305,950.00"
2020-10-21,2020102104001487,RBCLPO,56,34,10,"10,600.00","106,000.00"
2020-10-21,2020102104001480,RBCLPO,6,45,10,"10,600.00","106,000.00"
2020-10-21,2020102104001271,RBCLPO,59,59,49,"10,600.00","519,400.00"
2020-10-21,2020102104001085,RBCLPO,33,49,20,"10,675.00","213,500.00"
2020-10-21,2020102104001069,RBCLPO,42,10,10,"10,650.00","106,500.00"
2020-10-21,2020102104001068,RBCLPO,42,59,20,"10,649.00","212,980.00"
2020-10-21,2020102104001067,RBCLPO,42,41,10,"10,600.00","106,000.00"
2020-10-21,2020102104001373,RBCLPO,38,49,10,"10,510.00","105,100.00"
2020-10-21,2020102104001329,RBCLPO,34,26,17,"10,505.00","178,585.00"
2020-10-21,2020102104001306,RBCLPO,6,17,40,"10,511.00","420,440.00"
2020-10-21,2020102104001305,RBCLPO,38,17,10,"10,512.00","105,120.00"
2020-10-21,2020102104001304,RBCLPO,6,17,30,"10,521.00","315,630.00"
2020-10-21,2020102104001303,RBCLPO,38,17,20,"10,525.00","210,500.00"
2020-10-21,2020102104001479,RBCLPO,38,45,10,"10,600.00","106,000.00"
2020-10-21,2020102104001441,RBCLPO,10,42,10,"10,600.00","106,000.00"
2020-10-21,2020102104001440,RBCLPO,10,41,20,"10,600.00","212,000.00"
2020-10-21,2020102104001439,RBCLPO,10,28,30,"10,599.00","317,970.00"
2020-10-21,2020102104001438,RBCLPO,10,28,25,"10,598.00","264,950.00"
2020-10-21,2020102104001437,RBCLPO,10,34,20,"10,590.00","211,800.00"
2020-10-21,2020102104001466,SAEF,8,1,"1,000",10.55,"10,550.00"
2020-10-21,2020102104001432,SAEF,33,58,300,10.55,"3,165.00"
2020-10-21,2020102104001431,SAEF,33,1,"10,000",10.55,"105,500.00"
2020-10-21,2020102104001350,SAEF,34,21,"1,000",10.50,"10,500.00"
2020-10-21,2020102104001283,SAEF,6,7,"5,000",10.51,"52,550.00"
2020-10-21,2020102104001282,SAEF,21,7,"10,000",10.52,"105,200.00"
2020-10-21,2020102104001281,SAEF,59,7,"3,000",10.53,"31,590.00"
2020-10-21,2020102104001280,SAEF,8,7,"10,000",10.53,"105,300.00"
2020-10-21,2020102104001170,SAEF,6,42,"4,000",10.55,"42,200.00"
2020-10-21,2020102104001169,SAEF,6,35,"2,500",10.54,"26,350.00"
2020-10-21,2020102104001072,SAEF,6,34,500,10.48,"5,240.00"
2020-10-21,2020102104001434,SAND2085,4,8,100,"1,054.00","105,400.00"
2020-10-21,2020102104001428,SAND2085,19,29,50,"1,050.00","52,500.00"
2020-10-21,2020102104001476,SEF,19,38,"1,000",9.43,"9,430.00"
2020-10-21,2020102104001475,SEF,19,38,"1,000",9.43,"9,430.00"
2020-10-21,2020102104001474,SEF,19,38,"1,000",9.43,"9,430.00"
2020-10-21,2020102104001473,SEF,19,38,"1,000",9.43,"9,430.00"
2020-10-21,2020102104001140,SEF,34,51,100,9.60,960.00
2020-10-21,2020102104001073,SEF,16,29,"5,000",9.62,"48,100.00"
2020-10-21,2020102104001527,STC,59,3,100,"3,596.00","359,600.00"
2020-10-21,2020102104001522,STC,59,3,100,"3,597.00","359,700.00"
2020-10-21,2020102104001521,STC,59,29,10,"3,595.00","35,950.00"
2020-10-21,2020102104001443,STC,10,32,50,"3,600.00","180,000.00"
2020-10-21,2020102104001442,STC,10,38,75,"3,600.00","270,000.00"
2020-10-21,2020102104001436,STC,56,3,100,"3,599.00","359,900.00"
2020-10-21,2020102104001390,STC,56,58,10,"3,555.00","35,550.00"
2020-10-21,2020102104001435,STC,56,7,10,"3,595.00","35,950.00"
2020-10-21,2020102104001425,STC,14,3,100,"3,594.00","359,400.00"
2020-10-21,2020102104001424,STC,14,20,20,"3,580.00","71,600.00"
2020-10-21,2020102104001423,STC,14,10,10,"3,580.00","35,800.00"
2020-10-21,2020102104001392,STC,56,56,15,"3,560.00","53,400.00"
2020-10-21,2020102104001391,STC,56,16,10,"3,555.00","35,550.00"
2020-10-21,2020102104000961,BFCPO,49,41,100,100.00,"10,000.00"
2020-10-21,2020102104000960,BFCPO,49,41,100,100.00,"10,000.00"
2020-10-21,2020102104001030,GIC,47,56,10,536.00,"5,360.00"
2020-10-21,2020102104001029,GIC,47,58,10,536.00,"5,360.00"
2020-10-21,2020102104001028,GIC,47,53,10,536.00,"5,360.00"
2020-10-21,2020102104001027,GIC,47,14,10,536.00,"5,360.00"
2020-10-21,2020102104001026,GIC,47,10,10,536.00,"5,360.00"
2020-10-21,2020102104001025,GIC,47,14,10,536.00,"5,360.00"
2020-10-21,2020102104000531,GIC,13,19,10,536.00,"5,360.00"
2020-10-21,2020102104000537,GIC,13,26,10,536.00,"5,360.00"
2020-10-21,2020102104000536,GIC,13,39,10,536.00,"5,360.00"
2020-10-21,2020102104000535,GIC,13,58,10,536.00,"5,360.00"
2020-10-21,2020102104000534,GIC,13,34,10,536.00,"5,360.00"
2020-10-21,2020102104000533,GIC,13,58,10,536.00,"5,360.00"
2020-10-21,2020102104000532,GIC,13,39,10,536.00,"5,360.00"
2020-10-21,2020102104000544,GIC,13,45,10,536.00,"5,360.00"
2020-10-21,2020102104000543,GIC,13,39,10,536.00,"5,360.00"
2020-10-21,2020102104000542,GIC,13,58,10,536.00,"5,360.00"
2020-10-21,2020102104000541,GIC,13,3,10,536.00,"5,360.00"
2020-10-21,2020102104000540,GIC,13,51,10,536.00,"5,360.00"
2020-10-21,2020102104000538,GIC,13,47,10,536.00,"5,360.00"
2020-10-21,2020102104000550,GIC,13,45,10,536.00,"5,360.00"
2020-10-21,2020102104000549,GIC,13,39,10,536.00,"5,360.00"
2020-10-21,2020102104000548,GIC,13,51,10,536.00,"5,360.00"
2020-10-21,2020102104000547,GIC,13,41,10,536.00,"5,360.00"
2020-10-21,2020102104000546,GIC,13,47,10,536.00,"5,360.00"
2020-10-21,2020102104000545,GIC,13,39,10,536.00,"5,360.00"
2020-10-21,2020102104000556,GIC,13,58,10,536.00,"5,360.00"
2020-10-21,2020102104000555,GIC,13,39,10,536.00,"5,360.00"
2020-10-21,2020102104000554,GIC,13,3,10,536.00,"5,360.00"
2020-10-21,2020102104000553,GIC,13,39,10,536.00,"5,360.00"
2020-10-21,2020102104000552,GIC,13,58,10,536.00,"5,360.00"
2020-10-21,2020102104000551,GIC,13,47,10,536.00,"5,360.00"
2020-10-21,2020102104000562,GIC,13,39,10,536.00,"5,360.00"
2020-10-21,2020102104000561,GIC,13,3,10,536.00,"5,360.00"
2020-10-21,2020102104000560,GIC,13,39,10,536.00,"5,360.00"
2020-10-21,2020102104000559,GIC,13,26,10,536.00,"5,360.00"
2020-10-21,2020102104000558,GIC,13,51,10,536.00,"5,360.00"
2020-10-21,2020102104000557,GIC,13,7,10,536.00,"5,360.00"
2020-10-21,2020102104000568,GIC,13,39,10,536.00,"5,360.00"
2020-10-21,2020102104000567,GIC,13,51,10,536.00,"5,360.00"
2020-10-21,2020102104000566,GIC,13,39,10,536.00,"5,360.00"
2020-10-21,2020102104000565,GIC,13,47,10,536.00,"5,360.00"
2020-10-21,2020102104000564,GIC,13,39,10,536.00,"5,360.00"
2020-10-21,2020102104000563,GIC,13,58,10,536.00,"5,360.00"
2020-10-21,2020102104000574,GIC,13,19,10,536.00,"5,360.00"
2020-10-21,2020102104000573,GIC,13,47,10,536.00,"5,360.00"
2020-10-21,2020102104000572,GIC,13,39,10,536.00,"5,360.00"
2020-10-21,2020102104000571,GIC,13,58,10,536.00,"5,360.00"
2020-10-21,2020102104000570,GIC,13,34,10,536.00,"5,360.00"
2020-10-21,2020102104000569,GIC,13,21,10,536.00,"5,360.00"
2020-10-21,2020102104000580,GIC,13,58,10,536.00,"5,360.00"
2020-10-21,2020102104000579,GIC,13,26,10,536.00,"5,360.00"
2020-10-21,2020102104000578,GIC,13,51,10,536.00,"5,360.00"
2020-10-21,2020102104000577,GIC,13,11,10,536.00,"5,360.00"
2020-10-21,2020102104000576,GIC,13,59,10,536.00,"5,360.00"
2020-10-21,2020102104000575,GIC,13,39,10,536.00,"5,360.00"
2020-10-21,2020102104000586,GIC,13,57,10,536.00,"5,360.00"
2020-10-21,2020102104000585,GIC,13,3,10,536.00,"5,360.00"
2020-10-21,2020102104000584,GIC,13,26,10,536.00,"5,360.00"
2020-10-21,2020102104000583,GIC,13,59,10,536.00,"5,360.00"
2020-10-21,2020102104000582,GIC,13,39,10,536.00,"5,360.00"
2020-10-21,2020102104000581,GIC,13,39,10,536.00,"5,360.00"
2020-10-21,2020102104000592,GIC,13,51,10,536.00,"5,360.00"
2020-10-21,2020102104000591,GIC,13,39,10,536.00,"5,360.00"
2020-10-21,2020102104000590,GIC,13,39,10,536.00,"5,360.00"
2020-10-21,2020102104000589,GIC,13,26,10,536.00,"5,360.00"
2020-10-21,2020102104000588,GIC,13,58,10,536.00,"5,360.00"
2020-10-21,2020102104000587,GIC,13,35,10,536.00,"5,360.00"
2020-10-21,2020102104000598,GIC,49,35,10,536.00,"5,360.00"
2020-10-21,2020102104000597,GIC,49,39,10,536.00,"5,360.00"
2020-10-21,2020102104000596,GIC,13,39,10,536.00,"5,360.00"
2020-10-21,2020102104000595,GIC,13,58,10,536.00,"5,360.00"
2020-10-21,2020102104000594,GIC,13,59,10,536.00,"5,360.00"
2020-10-21,2020102104000593,GIC,13,26,10,536.00,"5,360.00"
2020-10-21,2020102104000604,GIC,49,26,10,536.00,"5,360.00"
2020-10-21,2020102104000603,GIC,49,21,10,536.00,"5,360.00"
2020-10-21,2020102104000602,GIC,49,53,10,536.00,"5,360.00"
2020-10-21,2020102104000601,GIC,49,59,10,536.00,"5,360.00"
2020-10-21,2020102104000600,GIC,49,51,10,536.00,"5,360.00"
2020-10-21,2020102104000599,GIC,49,26,10,536.00,"5,360.00"
2020-10-21,2020102104000610,GIC,49,53,10,536.00,"5,360.00"
2020-10-21,2020102104000609,GIC,49,51,10,536.00,"5,360.00"
2020-10-21,2020102104000608,GIC,49,58,10,536.00,"5,360.00"
2020-10-21,2020102104000607,GIC,49,26,10,536.00,"5,360.00"
2020-10-21,2020102104000606,GIC,49,3,10,536.00,"5,360.00"
2020-10-21,2020102104000605,GIC,49,39,10,536.00,"5,360.00"
2020-10-21,2020102104000616,GIC,49,58,10,536.00,"5,360.00"
2020-10-21,2020102104000615,GIC,49,59,10,536.00,"5,360.00"
2020-10-21,2020102104000614,GIC,49,7,10,536.00,"5,360.00"
2020-10-21,2020102104000613,GIC,49,39,10,536.00,"5,360.00"
2020-10-21,2020102104000612,GIC,49,59,10,536.00,"5,360.00"
2020-10-21,2020102104000611,GIC,49,39,10,536.00,"5,360.00"
2020-10-21,2020102104000622,GIC,49,48,10,536.00,"5,360.00"
2020-10-21,2020102104000621,GIC,49,51,10,536.00,"5,360.00"
2020-10-21,2020102104000620,GIC,49,59,10,536.00,"5,360.00"
2020-10-21,2020102104000619,GIC,49,48,10,536.00,"5,360.00"
2020-10-21,2020102104000618,GIC,49,59,10,536.00,"5,360.00"
2020-10-21,2020102104000617,GIC,49,48,10,536.00,"5,360.00"
2020-10-21,2020102104000628,GIC,49,45,10,536.00,"5,360.00"
2020-10-21,2020102104000627,GIC,49,59,10,536.00,"5,360.00"
2020-10-21,2020102104000626,GIC,49,7,10,536.00,"5,360.00"
2020-10-21,2020102104000625,GIC,49,48,10,536.00,"5,360.00"
2020-10-21,2020102104000624,GIC,49,57,10,536.00,"5,360.00"
2020-10-21,2020102104000623,GIC,49,59,10,536.00,"5,360.00"
2020-10-21,2020102104000634,GIC,34,34,"1,000",536.00,"536,000.00"
2020-10-21,2020102104000633,GIC,49,34,140,536.00,"75,040.00"
2020-10-21,2020102104000632,GIC,49,26,10,536.00,"5,360.00"
2020-10-21,2020102104000631,GIC,49,42,10,536.00,"5,360.00"
2020-10-21,2020102104000630,GIC,49,48,10,536.00,"5,360.00"
2020-10-21,2020102104000629,GIC,49,48,10,536.00,"5,360.00"
2020-10-21,2020102104000640,GIC,49,34,500,536.00,"268,000.00"
2020-10-21,2020102104000639,GIC,53,34,10,536.00,"5,360.00"
2020-10-21,2020102104000638,GIC,57,34,40,536.00,"21,440.00"
2020-10-21,2020102104000637,GIC,44,34,100,536.00,"53,600.00"
2020-10-21,2020102104000636,GIC,35,34,100,536.00,"53,600.00"
2020-10-21,2020102104000635,GIC,39,34,100,536.00,"53,600.00"
2020-10-21,2020102104000646,GIC,13,34,100,536.00,"53,600.00"
2020-10-21,2020102104000645,GIC,48,34,10,536.00,"5,360.00"
2020-10-21,2020102104000644,GIC,3,34,10,536.00,"5,360.00"
2020-10-21,2020102104000643,GIC,5,34,50,536.00,"26,800.00"
2020-10-21,2020102104000642,GIC,55,34,10,536.00,"5,360.00"
2020-10-21,2020102104000641,GIC,5,34,100,536.00,"53,600.00"
2020-10-21,2020102104000652,GIC,52,26,10,536.00,"5,360.00"
2020-10-21,2020102104000651,GIC,52,26,10,536.00,"5,360.00"
2020-10-21,2020102104000650,GIC,52,57,10,536.00,"5,360.00"
2020-10-21,2020102104000649,GIC,52,26,10,536.00,"5,360.00"
2020-10-21,2020102104000648,GIC,52,17,10,536.00,"5,360.00"
2020-10-21,2020102104000647,GIC,52,34,730,536.00,"391,280.00"
2020-10-21,2020102104000658,GIC,52,26,10,536.00,"5,360.00"
2020-10-21,2020102104000657,GIC,52,26,10,536.00,"5,360.00"
2020-10-21,2020102104000656,GIC,52,29,10,536.00,"5,360.00"
2020-10-21,2020102104000655,GIC,52,49,10,536.00,"5,360.00"
2020-10-21,2020102104000654,GIC,52,26,10,536.00,"5,360.00"
2020-10-21,2020102104000653,GIC,52,26,10,536.00,"5,360.00"
2020-10-21,2020102104000664,GIC,52,58,10,536.00,"5,360.00"
2020-10-21,2020102104000663,GIC,52,26,10,536.00,"5,360.00"
2020-10-21,2020102104000662,GIC,52,26,10,536.00,"5,360.00"
2020-10-21,2020102104000661,GIC,52,38,10,536.00,"5,360.00"
2020-10-21,2020102104000660,GIC,52,26,10,536.00,"5,360.00"
2020-10-21,2020102104000659,GIC,52,7,10,536.00,"5,360.00"
2020-10-21,2020102104000670,GIC,36,26,10,536.00,"5,360.00"
2020-10-21,2020102104000669,GIC,36,58,10,536.00,"5,360.00"
2020-10-21,2020102104000668,GIC,36,29,10,536.00,"5,360.00"
2020-10-21,2020102104000667,GIC,36,29,10,536.00,"5,360.00"
2020-10-21,2020102104000666,GIC,36,26,10,536.00,"5,360.00"
2020-10-21,2020102104000665,GIC,36,7,10,536.00,"5,360.00"
2020-10-21,2020102104000676,GIC,36,38,10,536.00,"5,360.00"
2020-10-21,2020102104000675,GIC,36,58,10,536.00,"5,360.00"
2020-10-21,2020102104000674,GIC,36,26,10,536.00,"5,360.00"
2020-10-21,2020102104000673,GIC,36,16,10,536.00,"5,360.00"
2020-10-21,2020102104000672,GIC,36,7,10,536.00,"5,360.00"
2020-10-21,2020102104000671,GIC,36,58,10,536.00,"5,360.00"
2020-10-21,2020102104000682,GIC,36,51,10,536.00,"5,360.00"
2020-10-21,2020102104000681,GIC,36,7,10,536.00,"5,360.00"
2020-10-21,2020102104000680,GIC,36,35,10,536.00,"5,360.00"
2020-10-21,2020102104000679,GIC,36,58,10,536.00,"5,360.00"
2020-10-21,2020102104000678,GIC,36,16,10,536.00,"5,360.00"
2020-10-21,2020102104000677,GIC,36,34,10,536.00,"5,360.00"
2020-10-21,2020102104000688,GIC,51,34,100,536.00,"53,600.00"
2020-10-21,2020102104000687,GIC,36,34,280,536.00,"150,080.00"
2020-10-21,2020102104000686,GIC,36,58,10,536.00,"5,360.00"
2020-10-21,2020102104000685,GIC,36,26,10,536.00,"5,360.00"
2020-10-21,2020102104000684,GIC,36,35,10,536.00,"5,360.00"
2020-10-21,2020102104000683,GIC,36,5,10,536.00,"5,360.00"
2020-10-21,2020102104000694,GIC,38,34,500,536.00,"268,000.00"
2020-10-21,2020102104000693,GIC,1,34,20,536.00,"10,720.00"
2020-10-21,2020102104000692,GIC,41,34,150,536.00,"80,400.00"
2020-10-21,2020102104000691,GIC,14,34,100,536.00,"53,600.00"
2020-10-21,2020102104000690,GIC,58,34,10,536.00,"5,360.00"
2020-10-21,2020102104000689,GIC,57,34,100,536.00,"53,600.00"
2020-10-21,2020102104000700,GIC,45,34,46,536.00,"24,656.00"
2020-10-21,2020102104000699,GIC,6,34,10,536.00,"5,360.00"
2020-10-21,2020102104000698,GIC,38,34,100,536.00,"53,600.00"
2020-10-21,2020102104000697,GIC,36,34,20,536.00,"10,720.00"
2020-10-21,2020102104000696,GIC,32,34,100,536.00,"53,600.00"
2020-10-21,2020102104000695,GIC,50,34,100,536.00,"53,600.00"
2020-10-21,2020102104000706,GIC,45,26,10,536.00,"5,360.00"
2020-10-21,2020102104000705,GIC,45,35,10,536.00,"5,360.00"
2020-10-21,2020102104000704,GIC,45,58,10,536.00,"5,360.00"
2020-10-21,2020102104000703,GIC,45,26,10,536.00,"5,360.00"
2020-10-21,2020102104000702,GIC,45,35,10,536.00,"5,360.00"
2020-10-21,2020102104000701,GIC,45,7,10,536.00,"5,360.00"
2020-10-21,2020102104000712,GIC,45,51,10,536.00,"5,360.00"
2020-10-21,2020102104000711,GIC,45,7,10,536.00,"5,360.00"
2020-10-21,2020102104000710,GIC,45,58,10,536.00,"5,360.00"
2020-10-21,2020102104000709,GIC,45,58,10,536.00,"5,360.00"
2020-10-21,2020102104000708,GIC,45,35,"1,003",536.00,"537,608.00"
2020-10-21,2020102104000707,GIC,45,7,10,536.00,"5,360.00"
2020-10-21,2020102104000718,GIC,45,47,10,536.00,"5,360.00"
2020-10-21,2020102104000717,GIC,45,58,10,536.00,"5,360.00"
2020-10-21,2020102104000716,GIC,45,29,10,536.00,"5,360.00"
2020-10-21,2020102104000715,GIC,45,26,10,536.00,"5,360.00"
2020-10-21,2020102104000714,GIC,45,7,10,536.00,"5,360.00"
2020-10-21,2020102104000713,GIC,45,58,10,536.00,"5,360.00"
2020-10-21,2020102104000726,GIC,45,29,10,536.00,"5,360.00"
2020-10-21,2020102104000725,GIC,45,47,10,536.00,"5,360.00"
2020-10-21,2020102104000723,GIC,45,39,10,536.00,"5,360.00"
2020-10-21,2020102104000722,GIC,45,7,10,536.00,"5,360.00"
2020-10-21,2020102104000720,GIC,45,29,10,536.00,"5,360.00"
2020-10-21,2020102104000719,GIC,45,47,10,536.00,"5,360.00"
2020-10-21,2020102104000732,GIC,45,26,10,536.00,"5,360.00"
2020-10-21,2020102104000731,GIC,45,29,10,536.00,"5,360.00"
2020-10-21,2020102104000730,GIC,45,47,10,536.00,"5,360.00"
2020-10-21,2020102104000729,GIC,45,26,10,536.00,"5,360.00"
2020-10-21,2020102104000728,GIC,45,47,10,536.00,"5,360.00"
2020-10-21,2020102104000727,GIC,45,47,10,536.00,"5,360.00"
2020-10-21,2020102104000739,GIC,45,47,10,536.00,"5,360.00"
2020-10-21,2020102104000738,GIC,45,47,10,536.00,"5,360.00"
2020-10-21,2020102104000737,GIC,45,29,10,536.00,"5,360.00"
2020-10-21,2020102104000736,GIC,45,47,10,536.00,"5,360.00"
2020-10-21,2020102104000735,GIC,45,26,10,536.00,"5,360.00"
2020-10-21,2020102104000733,GIC,45,47,10,536.00,"5,360.00"
2020-10-21,2020102104000745,GIC,45,16,10,536.00,"5,360.00"
2020-10-21,2020102104000744,GIC,45,7,10,536.00,"5,360.00"
2020-10-21,2020102104000743,GIC,45,38,10,536.00,"5,360.00"
2020-10-21,2020102104000742,GIC,45,51,10,536.00,"5,360.00"
2020-10-21,2020102104000741,GIC,45,26,10,536.00,"5,360.00"
2020-10-21,2020102104000740,GIC,45,47,10,536.00,"5,360.00"
2020-10-21,2020102104000752,GIC,45,45,10,536.00,"5,360.00"
2020-10-21,2020102104000750,GIC,45,49,10,536.00,"5,360.00"
2020-10-21,2020102104000749,GIC,45,51,10,536.00,"5,360.00"
2020-10-21,2020102104000748,GIC,45,45,10,536.00,"5,360.00"
2020-10-21,2020102104000747,GIC,45,26,10,536.00,"5,360.00"
2020-10-21,2020102104000746,GIC,45,38,10,536.00,"5,360.00"
2020-10-21,2020102104000758,GIC,45,45,10,536.00,"5,360.00"
2020-10-21,2020102104000757,GIC,45,8,10,536.00,"5,360.00"
2020-10-21,2020102104000756,GIC,45,47,10,536.00,"5,360.00"
2020-10-21,2020102104000755,GIC,45,45,10,536.00,"5,360.00"
2020-10-21,2020102104000754,GIC,45,45,10,536.00,"5,360.00"
2020-10-21,2020102104000753,GIC,45,50,10,536.00,"5,360.00"
2020-10-21,2020102104000765,GIC,45,45,10,536.00,"5,360.00"
2020-10-21,2020102104000764,GIC,45,38,10,536.00,"5,360.00"
2020-10-21,2020102104000762,GIC,45,39,10,536.00,"5,360.00"
2020-10-21,2020102104000761,GIC,45,45,10,536.00,"5,360.00"
2020-10-21,2020102104000760,GIC,45,57,10,536.00,"5,360.00"
2020-10-21,2020102104000759,GIC,45,16,10,536.00,"5,360.00"
2020-10-21,2020102104000772,GIC,45,39,10,536.00,"5,360.00"
2020-10-21,2020102104000771,GIC,45,11,10,536.00,"5,360.00"
2020-10-21,2020102104000770,GIC,45,45,10,536.00,"5,360.00"
2020-10-21,2020102104000768,GIC,45,45,10,536.00,"5,360.00"
2020-10-21,2020102104000767,GIC,45,17,10,536.00,"5,360.00"
2020-10-21,2020102104000766,GIC,45,45,10,536.00,"5,360.00"
2020-10-21,2020102104000778,GIC,45,47,10,536.00,"5,360.00"
2020-10-21,2020102104000777,GIC,45,47,10,536.00,"5,360.00"
2020-10-21,2020102104000776,GIC,45,36,10,536.00,"5,360.00"
2020-10-21,2020102104000775,GIC,45,26,10,536.00,"5,360.00"
2020-10-21,2020102104000774,GIC,45,53,10,536.00,"5,360.00"
2020-10-21,2020102104000773,GIC,45,47,10,536.00,"5,360.00"
2020-10-21,2020102104000784,GIC,45,47,10,536.00,"5,360.00"
2020-10-21,2020102104000783,GIC,45,48,10,536.00,"5,360.00"
2020-10-21,2020102104000782,GIC,45,8,10,536.00,"5,360.00"
2020-10-21,2020102104000781,GIC,45,47,10,536.00,"5,360.00"
2020-10-21,2020102104000780,GIC,45,47,10,536.00,"5,360.00"
2020-10-21,2020102104000779,GIC,45,8,10,536.00,"5,360.00"
2020-10-21,2020102104000790,GIC,45,44,10,536.00,"5,360.00"
2020-10-21,2020102104000789,GIC,45,47,10,536.00,"5,360.00"
2020-10-21,2020102104000788,GIC,45,38,10,536.00,"5,360.00"
2020-10-21,2020102104000787,GIC,45,47,10,536.00,"5,360.00"
2020-10-21,2020102104000786,GIC,45,1,10,536.00,"5,360.00"
2020-10-21,2020102104000785,GIC,45,6,10,536.00,"5,360.00"
2020-10-21,2020102104000796,GIC,45,7,10,536.00,"5,360.00"
2020-10-21,2020102104000795,GIC,45,47,10,536.00,"5,360.00"
2020-10-21,2020102104000794,GIC,45,7,10,536.00,"5,360.00"
2020-10-21,2020102104000793,GIC,45,7,10,536.00,"5,360.00"
2020-10-21,2020102104000792,GIC,45,57,10,536.00,"5,360.00"
2020-10-21,2020102104000791,GIC,45,47,10,536.00,"5,360.00"
2020-10-21,2020102104000802,GIC,45,19,10,536.00,"5,360.00"
2020-10-21,2020102104000801,GIC,45,7,10,536.00,"5,360.00"
2020-10-21,2020102104000800,GIC,45,8,10,536.00,"5,360.00"
2020-10-21,2020102104000799,GIC,45,38,10,536.00,"5,360.00"
2020-10-21,2020102104000798,GIC,45,48,10,536.00,"5,360.00"
2020-10-21,2020102104000797,GIC,45,29,10,536.00,"5,360.00"
2020-10-21,2020102104000811,GIC,58,35,10,536.00,"5,360.00"
2020-10-21,2020102104000810,GIC,58,44,10,536.00,"5,360.00"
2020-10-21,2020102104000809,GIC,58,33,10,536.00,"5,360.00"
2020-10-21,2020102104000808,GIC,58,19,10,536.00,"5,360.00"
2020-10-21,2020102104000807,GIC,58,38,10,536.00,"5,360.00"
2020-10-21,2020102104000803,GIC,58,38,10,536.00,"5,360.00"
2020-10-21,2020102104000817,GIC,58,10,10,536.00,"5,360.00"
2020-10-21,2020102104000816,GIC,58,22,10,536.00,"5,360.00"
2020-10-21,2020102104000815,GIC,58,42,10,536.00,"5,360.00"
2020-10-21,2020102104000814,GIC,58,57,10,536.00,"5,360.00"
2020-10-21,2020102104000813,GIC,58,14,10,536.00,"5,360.00"
2020-10-21,2020102104000812,GIC,58,10,10,536.00,"5,360.00"
2020-10-21,2020102104000825,GIC,58,28,10,536.00,"5,360.00"
2020-10-21,2020102104000824,GIC,58,8,10,536.00,"5,360.00"
2020-10-21,2020102104000821,GIC,58,47,10,536.00,"5,360.00"
2020-10-21,2020102104000820,GIC,58,10,10,536.00,"5,360.00"
2020-10-21,2020102104000819,GIC,58,14,10,536.00,"5,360.00"
2020-10-21,2020102104000818,GIC,58,8,10,536.00,"5,360.00"
2020-10-21,2020102104000831,GIC,57,8,10,536.00,"5,360.00"
2020-10-21,2020102104000830,GIC,57,22,10,536.00,"5,360.00"
2020-10-21,2020102104000829,GIC,57,29,10,536.00,"5,360.00"
2020-10-21,2020102104000828,GIC,57,34,10,536.00,"5,360.00"
2020-10-21,2020102104000827,GIC,58,48,10,536.00,"5,360.00"
2020-10-21,2020102104000826,GIC,58,22,10,536.00,"5,360.00"
2020-10-21,2020102104000837,GIC,34,22,10,536.00,"5,360.00"
2020-10-21,2020102104000836,GIC,34,34,10,536.00,"5,360.00"
2020-10-21,2020102104000835,GIC,34,22,10,536.00,"5,360.00"
2020-10-21,2020102104000834,GIC,34,45,10,536.00,"5,360.00"
2020-10-21,2020102104000833,GIC,34,34,10,536.00,"5,360.00"
2020-10-21,2020102104000832,GIC,57,22,10,536.00,"5,360.00"
2020-10-21,2020102104000843,GIC,42,7,10,536.00,"5,360.00"
2020-10-21,2020102104000842,GIC,34,22,10,536.00,"5,360.00"
2020-10-21,2020102104000841,GIC,34,17,10,536.00,"5,360.00"
2020-10-21,2020102104000840,GIC,34,7,10,536.00,"5,360.00"
2020-10-21,2020102104000839,GIC,34,22,10,536.00,"5,360.00"
2020-10-21,2020102104000838,GIC,34,7,10,536.00,"5,360.00"
2020-10-21,2020102104000849,GIC,52,51,10,536.00,"5,360.00"
2020-10-21,2020102104000848,GIC,52,7,10,536.00,"5,360.00"
2020-10-21,2020102104000847,GIC,42,17,10,536.00,"5,360.00"
2020-10-21,2020102104000846,GIC,42,22,10,536.00,"5,360.00"
2020-10-21,2020102104000845,GIC,42,7,10,536.00,"5,360.00"
2020-10-21,2020102104000844,GIC,42,17,10,536.00,"5,360.00"
2020-10-21,2020102104000855,GIC,52,7,10,536.00,"5,360.00"
2020-10-21,2020102104000854,GIC,52,29,10,536.00,"5,360.00"
2020-10-21,2020102104000853,GIC,52,17,10,536.00,"5,360.00"
2020-10-21,2020102104000852,GIC,52,7,10,536.00,"5,360.00"
2020-10-21,2020102104000851,GIC,52,7,10,536.00,"5,360.00"
2020-10-21,2020102104000850,GIC,52,22,10,536.00,"5,360.00"
2020-10-21,2020102104000861,GIC,52,7,10,536.00,"5,360.00"
2020-10-21,2020102104000860,GIC,52,17,10,536.00,"5,360.00"
2020-10-21,2020102104000859,GIC,52,17,10,536.00,"5,360.00"
2020-10-21,2020102104000858,GIC,52,7,10,536.00,"5,360.00"
2020-10-21,2020102104000857,GIC,52,8,10,536.00,"5,360.00"
2020-10-21,2020102104000856,GIC,52,17,10,536.00,"5,360.00"
2020-10-21,2020102104000867,GIC,52,54,10,536.00,"5,360.00"
2020-10-21,2020102104000866,GIC,52,57,10,536.00,"5,360.00"
2020-10-21,2020102104000865,GIC,52,13,10,536.00,"5,360.00"
2020-10-21,2020102104000864,GIC,52,17,10,536.00,"5,360.00"
2020-10-21,2020102104000863,GIC,52,1,10,536.00,"5,360.00"
2020-10-21,2020102104000862,GIC,52,4,10,536.00,"5,360.00"
2020-10-21,2020102104000873,GIC,52,1,10,536.00,"5,360.00"
2020-10-21,2020102104000872,GIC,52,17,10,536.00,"5,360.00"
2020-10-21,2020102104000871,GIC,52,54,10,536.00,"5,360.00"
2020-10-21,2020102104000870,GIC,52,17,10,536.00,"5,360.00"
2020-10-21,2020102104000869,GIC,52,1,10,536.00,"5,360.00"
2020-10-21,2020102104000868,GIC,52,58,10,536.00,"5,360.00"
2020-10-21,2020102104000879,GIC,52,8,10,536.00,"5,360.00"
2020-10-21,2020102104000878,GIC,52,29,10,536.00,"5,360.00"
2020-10-21,2020102104000877,GIC,52,17,10,536.00,"5,360.00"
2020-10-21,2020102104000876,GIC,52,54,10,536.00,"5,360.00"
2020-10-21,2020102104000875,GIC,52,57,10,536.00,"5,360.00"
2020-10-21,2020102104000874,GIC,52,8,10,536.00,"5,360.00"
2020-10-21,2020102104000885,GIC,28,4,10,536.00,"5,360.00"
2020-10-21,2020102104000884,GIC,28,29,10,536.00,"5,360.00"
2020-10-21,2020102104000883,GIC,34,8,10,536.00,"5,360.00"
2020-10-21,2020102104000882,GIC,52,54,10,536.00,"5,360.00"
2020-10-21,2020102104000881,GIC,52,57,10,536.00,"5,360.00"
2020-10-21,2020102104000880,GIC,52,17,10,536.00,"5,360.00"
2020-10-21,2020102104000892,GIC,28,17,10,536.00,"5,360.00"
2020-10-21,2020102104000891,GIC,28,29,10,536.00,"5,360.00"
2020-10-21,2020102104000890,GIC,28,57,10,536.00,"5,360.00"
2020-10-21,2020102104000889,GIC,28,8,10,536.00,"5,360.00"
2020-10-21,2020102104000888,GIC,28,17,10,536.00,"5,360.00"
2020-10-21,2020102104000886,GIC,28,57,10,536.00,"5,360.00"
2020-10-21,2020102104000898,GIC,28,29,10,536.00,"5,360.00"
2020-10-21,2020102104000897,GIC,28,4,10,536.00,"5,360.00"
2020-10-21,2020102104000896,GIC,28,8,10,536.00,"5,360.00"
2020-10-21,2020102104000895,GIC,28,57,10,536.00,"5,360.00"
2020-10-21,2020102104000894,GIC,28,17,10,536.00,"5,360.00"
2020-10-21,2020102104000893,GIC,28,8,10,536.00,"5,360.00"
2020-10-21,2020102104000905,GIC,28,4,10,536.00,"5,360.00"
2020-10-21,2020102104000903,GIC,28,17,10,536.00,"5,360.00"
2020-10-21,2020102104000902,GIC,28,29,10,536.00,"5,360.00"
2020-10-21,2020102104000901,GIC,28,42,10,536.00,"5,360.00"
2020-10-21,2020102104000900,GIC,28,17,10,536.00,"5,360.00"
2020-10-21,2020102104000899,GIC,28,29,10,536.00,"5,360.00"
2020-10-21,2020102104000911,GIC,28,17,10,536.00,"5,360.00"
2020-10-21,2020102104000910,GIC,28,33,10,536.00,"5,360.00"
2020-10-21,2020102104000909,GIC,28,38,10,536.00,"5,360.00"
2020-10-21,2020102104000908,GIC,28,38,10,536.00,"5,360.00"
2020-10-21,2020102104000907,GIC,28,29,10,536.00,"5,360.00"
2020-10-21,2020102104000906,GIC,28,29,10,536.00,"5,360.00"
2020-10-21,2020102104000917,GIC,1,17,10,536.00,"5,360.00"
2020-10-21,2020102104000916,GIC,1,38,10,536.00,"5,360.00"
2020-10-21,2020102104000915,GIC,1,29,10,536.00,"5,360.00"
2020-10-21,2020102104000914,GIC,28,17,10,536.00,"5,360.00"
2020-10-21,2020102104000913,GIC,28,29,10,536.00,"5,360.00"
2020-10-21,2020102104000912,GIC,28,43,10,536.00,"5,360.00"
2020-10-21,2020102104000924,GIC,1,17,10,536.00,"5,360.00"
2020-10-21,2020102104000923,GIC,1,8,10,536.00,"5,360.00"
2020-10-21,2020102104000922,GIC,1,29,10,536.00,"5,360.00"
2020-10-21,2020102104000921,GIC,1,33,10,536.00,"5,360.00"
2020-10-21,2020102104000919,GIC,1,19,10,536.00,"5,360.00"
2020-10-21,2020102104000918,GIC,1,29,10,536.00,"5,360.00"
2020-10-21,2020102104000930,GIC,1,42,10,536.00,"5,360.00"
2020-10-21,2020102104000929,GIC,1,19,10,536.00,"5,360.00"
2020-10-21,2020102104000928,GIC,1,8,10,536.00,"5,360.00"
2020-10-21,2020102104000927,GIC,1,38,10,536.00,"5,360.00"
2020-10-21,2020102104000926,GIC,1,17,10,536.00,"5,360.00"
2020-10-21,2020102104000925,GIC,1,5,10,536.00,"5,360.00"
2020-10-21,2020102104000936,GIC,6,29,10,536.00,"5,360.00"
2020-10-21,2020102104000935,GIC,6,38,10,536.00,"5,360.00"
2020-10-21,2020102104000934,GIC,6,29,10,536.00,"5,360.00"
2020-10-21,2020102104000933,GIC,6,38,10,536.00,"5,360.00"
2020-10-21,2020102104000932,GIC,6,8,10,536.00,"5,360.00"
2020-10-21,2020102104000931,GIC,6,17,10,536.00,"5,360.00"
2020-10-21,2020102104000942,GIC,36,29,10,536.00,"5,360.00"
2020-10-21,2020102104000941,GIC,36,53,10,536.00,"5,360.00"
2020-10-21,2020102104000940,GIC,6,43,10,536.00,"5,360.00"
2020-10-21,2020102104000939,GIC,6,29,10,536.00,"5,360.00"
2020-10-21,2020102104000938,GIC,6,38,10,536.00,"5,360.00"
2020-10-21,2020102104000937,GIC,6,29,10,536.00,"5,360.00"
2020-10-21,2020102104000948,GIC,36,29,10,536.00,"5,360.00"
2020-10-21,2020102104000947,GIC,36,13,10,536.00,"5,360.00"
2020-10-21,2020102104000946,GIC,36,22,10,536.00,"5,360.00"
2020-10-21,2020102104000945,GIC,36,45,10,536.00,"5,360.00"
2020-10-21,2020102104000944,GIC,36,45,10,536.00,"5,360.00"
2020-10-21,2020102104000943,GIC,36,45,10,536.00,"5,360.00"
2020-10-21,2020102104000954,GIC,58,45,10,536.00,"5,360.00"
2020-10-21,2020102104000953,GIC,58,45,10,536.00,"5,360.00"
2020-10-21,2020102104000952,GIC,58,49,10,536.00,"5,360.00"
2020-10-21,2020102104000951,GIC,58,33,10,536.00,"5,360.00"
2020-10-21,2020102104000950,GIC,36,45,10,536.00,"5,360.00"
2020-10-21,2020102104000949,GIC,36,43,10,536.00,"5,360.00"
2020-10-21,2020102104000962,GIC,58,33,10,536.00,"5,360.00"
2020-10-21,2020102104000959,GIC,58,13,10,536.00,"5,360.00"
2020-10-21,2020102104000958,GIC,58,45,10,536.00,"5,360.00"
2020-10-21,2020102104000957,GIC,58,45,10,536.00,"5,360.00"
2020-10-21,2020102104000956,GIC,59,45,10,536.00,"5,360.00"
2020-10-21,2020102104000955,GIC,59,45,10,536.00,"5,360.00"
2020-10-21,2020102104000970,GIC,58,58,10,536.00,"5,360.00"
2020-10-21,2020102104000967,GIC,58,58,10,536.00,"5,360.00"
2020-10-21,2020102104000966,GIC,58,10,10,536.00,"5,360.00"
2020-10-21,2020102104000965,GIC,58,6,10,536.00,"5,360.00"
2020-10-21,2020102104000964,GIC,58,58,10,536.00,"5,360.00"
2020-10-21,2020102104000963,GIC,58,29,10,536.00,"5,360.00"
2020-10-21,2020102104000976,GIC,47,13,10,536.00,"5,360.00"
2020-10-21,2020102104000975,GIC,58,10,10,536.00,"5,360.00"
2020-10-21,2020102104000974,GIC,58,1,10,536.00,"5,360.00"
2020-10-21,2020102104000973,GIC,58,13,10,536.00,"5,360.00"
2020-10-21,2020102104000972,GIC,58,1,10,536.00,"5,360.00"
2020-10-21,2020102104000971,GIC,58,13,10,536.00,"5,360.00"
2020-10-21,2020102104000982,GIC,47,1,10,536.00,"5,360.00"
2020-10-21,2020102104000981,GIC,47,13,10,536.00,"5,360.00"
2020-10-21,2020102104000980,GIC,47,1,10,536.00,"5,360.00"
2020-10-21,2020102104000979,GIC,47,13,10,536.00,"5,360.00"
2020-10-21,2020102104000978,GIC,47,1,10,536.00,"5,360.00"
2020-10-21,2020102104000977,GIC,47,10,10,536.00,"5,360.00"
2020-10-21,2020102104000990,GIC,47,1,10,536.00,"5,360.00"
2020-10-21,2020102104000988,GIC,47,41,10,536.00,"5,360.00"
2020-10-21,2020102104000986,GIC,47,1,10,536.00,"5,360.00"
2020-10-21,2020102104000985,GIC,47,58,10,536.00,"5,360.00"
2020-10-21,2020102104000984,GIC,47,58,10,536.00,"5,360.00"
2020-10-21,2020102104000983,GIC,47,1,10,536.00,"5,360.00"
2020-10-21,2020102104000996,GIC,47,58,10,536.00,"5,360.00"
2020-10-21,2020102104000995,GIC,47,1,10,536.00,"5,360.00"
2020-10-21,2020102104000994,GIC,47,10,10,536.00,"5,360.00"
2020-10-21,2020102104000993,GIC,47,1,10,536.00,"5,360.00"
2020-10-21,2020102104000992,GIC,47,58,10,536.00,"5,360.00"
2020-10-21,2020102104000991,GIC,47,10,10,536.00,"5,360.00"
2020-10-21,2020102104001003,GIC,47,29,10,536.00,"5,360.00"
2020-10-21,2020102104001002,GIC,47,10,10,536.00,"5,360.00"
2020-10-21,2020102104001000,GIC,47,10,10,536.00,"5,360.00"
2020-10-21,2020102104000999,GIC,47,13,10,536.00,"5,360.00"
2020-10-21,2020102104000998,GIC,47,10,10,536.00,"5,360.00"
2020-10-21,2020102104000997,GIC,47,10,10,536.00,"5,360.00"
2020-10-21,2020102104001012,GIC,47,10,10,536.00,"5,360.00"
2020-10-21,2020102104001011,GIC,47,10,10,536.00,"5,360.00"
2020-10-21,2020102104001010,GIC,47,10,10,536.00,"5,360.00"
2020-10-21,2020102104001009,GIC,47,10,10,536.00,"5,360.00"
2020-10-21,2020102104001007,GIC,47,10,10,536.00,"5,360.00"
2020-10-21,2020102104001006,GIC,47,57,10,536.00,"5,360.00"
2020-10-21,2020102104001018,GIC,47,10,10,536.00,"5,360.00"
2020-10-21,2020102104001017,GIC,47,10,10,536.00,"5,360.00"
2020-10-21,2020102104001016,GIC,47,10,10,536.00,"5,360.00"
2020-10-21,2020102104001015,GIC,47,10,10,536.00,"5,360.00"
2020-10-21,2020102104001014,GIC,47,10,10,536.00,"5,360.00"
2020-10-21,2020102104001013,GIC,47,10,10,536.00,"5,360.00"
2020-10-21,2020102104001024,GIC,47,53,10,536.00,"5,360.00"
2020-10-21,2020102104001023,GIC,47,53,10,536.00,"5,360.00"
2020-10-21,2020102104001022,GIC,47,10,10,536.00,"5,360.00"
2020-10-21,2020102104001021,GIC,47,10,10,536.00,"5,360.00"
2020-10-21,2020102104001020,GIC,47,35,10,536.00,"5,360.00"
2020-10-21,2020102104001019,GIC,47,10,10,536.00,"5,360.00"
2020-10-21,2020102104000539,JBBLPO,41,47,"3,159",111.00,"350,649.00"
2020-10-21,2020102104000887,LUK,57,45,100,8.84,884.00
2020-10-21,2020102104000751,LUK,8,51,100,8.83,883.00
2020-10-21,2020102104000987,NIBLPF,34,58,100,9.12,912.00
2020-10-21,2020102104000769,NIBPO,1,39,200,368.00,"73,600.00"
2020-10-21,2020102104000734,NIBPO,16,55,"1,000",365.00,"365,000.00"
2020-10-21,2020102104001001,NICBF,57,42,200,8.91,"1,782.00"
2020-10-21,2020102104000724,NICGF,45,38,"2,900",9.30,"26,970.00"
2020-10-21,2020102104000721,NICGF,11,38,100,9.39,939.00
2020-10-21,2020102104001008,NMB50,21,13,"2,400",9.02,"21,648.00"
2020-10-21,2020102104000989,NMB50,21,42,200,9.02,"1,804.00"
2020-10-21,2020102104001005,NMBHF1,21,28,"2,796",9.30,"26,002.80"
2020-10-21,2020102104001004,NMBHF1,21,28,"5,000",9.30,"46,500.00"
2020-10-21,2020102104000823,NMBHF1,21,28,"10,000",9.45,"94,500.00"
2020-10-21,2020102104000822,NMBHF1,45,28,"1,704",9.45,"16,102.80"
2020-10-21,2020102104000969,SAEF,33,22,"1,000",10.47,"10,470.00"
2020-10-21,2020102104000968,SAEF,6,22,"2,000",10.47,"20,940.00"
2020-10-21,2020102104000920,SAEF,6,22,"3,000",10.47,"31,410.00"
2020-10-21,2020102104000806,SAEF,21,41,"4,000",10.60,"42,400.00"
2020-10-21,2020102104000805,SAEF,21,45,"5,000",10.60,"53,000.00"
2020-10-21,2020102104000804,SAEF,21,22,"1,000",10.60,"10,600.00"
2020-10-21,2020102104000763,SAEF,33,41,500,10.40,"5,200.00"
2020-10-21,2020102104000904,SEF,6,42,500,9.44,"4,720.00"
2020-10-21,2020102104000530,GIC,13,47,10,536.00,"5,360.00"
2020-10-21,2020102104000529,GIC,13,26,10,536.00,"5,360.00"
2020-10-21,2020102104000528,GIC,13,45,10,536.00,"5,360.00"
2020-10-21,2020102104000527,GIC,13,21,10,536.00,"5,360.00"
2020-10-21,2020102104000526,GIC,13,39,10,536.00,"5,360.00"
2020-10-21,2020102104000525,GIC,13,58,10,536.00,"5,360.00"
2020-10-21,2020102104000031,GIC,34,44,10,536.00,"5,360.00"
2020-10-21,2020102104000037,GIC,34,42,10,536.00,"5,360.00"
2020-10-21,2020102104000036,GIC,34,32,10,536.00,"5,360.00"
2020-10-21,2020102104000035,GIC,34,56,10,536.00,"5,360.00"
2020-10-21,2020102104000034,GIC,34,29,10,536.00,"5,360.00"
2020-10-21,2020102104000033,GIC,34,39,10,536.00,"5,360.00"
2020-10-21,2020102104000032,GIC,34,34,10,536.00,"5,360.00"
2020-10-21,2020102104000043,GIC,34,8,10,536.00,"5,360.00"
2020-10-21,2020102104000042,GIC,34,29,10,536.00,"5,360.00"
2020-10-21,2020102104000041,GIC,34,29,10,536.00,"5,360.00"
2020-10-21,2020102104000040,GIC,34,8,10,536.00,"5,360.00"
2020-10-21,2020102104000039,GIC,34,29,10,536.00,"5,360.00"
2020-10-21,2020102104000038,GIC,34,29,10,536.00,"5,360.00"
2020-10-21,2020102104000049,GIC,34,29,10,536.00,"5,360.00"
2020-10-21,2020102104000048,GIC,34,52,10,536.00,"5,360.00"
2020-10-21,2020102104000047,GIC,34,8,10,536.00,"5,360.00"
2020-10-21,2020102104000046,GIC,34,32,10,536.00,"5,360.00"
2020-10-21,2020102104000045,GIC,34,39,10,536.00,"5,360.00"
2020-10-21,2020102104000044,GIC,34,29,10,536.00,"5,360.00"
2020-10-21,2020102104000055,GIC,34,29,10,536.00,"5,360.00"
2020-10-21,2020102104000054,GIC,34,58,10,536.00,"5,360.00"
2020-10-21,2020102104000053,GIC,34,52,10,536.00,"5,360.00"
2020-10-21,2020102104000052,GIC,34,39,10,536.00,"5,360.00"
2020-10-21,2020102104000051,GIC,34,32,10,536.00,"5,360.00"
2020-10-21,2020102104000050,GIC,34,39,10,536.00,"5,360.00"
2020-10-21,2020102104000061,GIC,34,34,10,536.00,"5,360.00"
2020-10-21,2020102104000060,GIC,34,26,10,536.00,"5,360.00"
2020-10-21,2020102104000059,GIC,34,11,10,536.00,"5,360.00"
2020-10-21,2020102104000058,GIC,34,52,10,536.00,"5,360.00"
2020-10-21,2020102104000057,GIC,34,32,10,536.00,"5,360.00"
2020-10-21,2020102104000056,GIC,34,39,10,536.00,"5,360.00"
2020-10-21,2020102104000067,GIC,34,1,10,536.00,"5,360.00"
2020-10-21,2020102104000066,GIC,34,32,10,536.00,"5,360.00"
2020-10-21,2020102104000065,GIC,34,16,10,536.00,"5,360.00"
2020-10-21,2020102104000064,GIC,34,39,10,536.00,"5,360.00"
2020-10-21,2020102104000063,GIC,34,21,10,536.00,"5,360.00"
2020-10-21,2020102104000062,GIC,34,29,10,536.00,"5,360.00"
2020-10-21,2020102104000073,GIC,34,32,10,536.00,"5,360.00"
2020-10-21,2020102104000072,GIC,34,26,10,536.00,"5,360.00"
2020-10-21,2020102104000071,GIC,34,39,10,536.00,"5,360.00"
2020-10-21,2020102104000070,GIC,34,21,10,536.00,"5,360.00"
2020-10-21,2020102104000069,GIC,34,34,10,536.00,"5,360.00"
2020-10-21,2020102104000068,GIC,34,26,10,536.00,"5,360.00"
2020-10-21,2020102104000079,GIC,34,26,10,536.00,"5,360.00"
2020-10-21,2020102104000078,GIC,34,34,10,536.00,"5,360.00"
2020-10-21,2020102104000077,GIC,34,29,10,536.00,"5,360.00"
2020-10-21,2020102104000076,GIC,34,1,10,536.00,"5,360.00"
2020-10-21,2020102104000075,GIC,34,39,10,536.00,"5,360.00"
2020-10-21,2020102104000074,GIC,34,21,10,536.00,"5,360.00"
2020-10-21,2020102104000085,GIC,34,29,10,536.00,"5,360.00"
2020-10-21,2020102104000084,GIC,34,32,10,536.00,"5,360.00"
2020-10-21,2020102104000083,GIC,34,21,10,536.00,"5,360.00"
2020-10-21,2020102104000082,GIC,34,39,10,536.00,"5,360.00"
2020-10-21,2020102104000081,GIC,34,26,10,536.00,"5,360.00"
2020-10-21,2020102104000080,GIC,34,21,10,536.00,"5,360.00"
2020-10-21,2020102104000091,GIC,34,39,10,536.00,"5,360.00"
2020-10-21,2020102104000090,GIC,34,21,10,536.00,"5,360.00"
2020-10-21,2020102104000089,GIC,34,32,10,536.00,"5,360.00"
2020-10-21,2020102104000088,GIC,34,26,10,536.00,"5,360.00"
2020-10-21,2020102104000087,GIC,34,1,10,536.00,"5,360.00"
2020-10-21,2020102104000086,GIC,34,34,10,536.00,"5,360.00"
2020-10-21,2020102104000097,GIC,34,19,10,536.00,"5,360.00"
2020-10-21,2020102104000096,GIC,34,14,10,536.00,"5,360.00"
2020-10-21,2020102104000095,GIC,34,26,10,536.00,"5,360.00"
2020-10-21,2020102104000094,GIC,34,21,10,536.00,"5,360.00"
2020-10-21,2020102104000093,GIC,34,39,10,536.00,"5,360.00"
2020-10-21,2020102104000092,GIC,34,29,10,536.00,"5,360.00"
2020-10-21,2020102104000103,GIC,34,21,10,536.00,"5,360.00"
2020-10-21,2020102104000102,GIC,34,26,10,536.00,"5,360.00"
2020-10-21,2020102104000101,GIC,34,29,10,536.00,"5,360.00"
2020-10-21,2020102104000100,GIC,34,39,10,536.00,"5,360.00"
2020-10-21,2020102104000099,GIC,34,21,10,536.00,"5,360.00"
2020-10-21,2020102104000098,GIC,34,1,10,536.00,"5,360.00"
2020-10-21,2020102104000109,GIC,34,21,10,536.00,"5,360.00"
2020-10-21,2020102104000108,GIC,34,58,10,536.00,"5,360.00"
2020-10-21,2020102104000107,GIC,34,29,10,536.00,"5,360.00"
2020-10-21,2020102104000106,GIC,34,39,10,536.00,"5,360.00"
2020-10-21,2020102104000105,GIC,34,14,10,536.00,"5,360.00"
2020-10-21,2020102104000104,GIC,34,47,10,536.00,"5,360.00"
2020-10-21,2020102104000115,GIC,34,21,10,536.00,"5,360.00"
2020-10-21,2020102104000114,GIC,34,47,10,536.00,"5,360.00"
2020-10-21,2020102104000113,GIC,34,39,10,536.00,"5,360.00"
2020-10-21,2020102104000112,GIC,34,52,10,536.00,"5,360.00"
2020-10-21,2020102104000111,GIC,34,39,10,536.00,"5,360.00"
2020-10-21,2020102104000110,GIC,34,1,10,536.00,"5,360.00"
2020-10-21,2020102104000121,GIC,57,21,10,536.00,"5,360.00"
2020-10-21,2020102104000120,GIC,57,26,10,536.00,"5,360.00"
2020-10-21,2020102104000119,GIC,57,39,10,536.00,"5,360.00"
2020-10-21,2020102104000118,GIC,57,21,10,536.00,"5,360.00"
2020-10-21,2020102104000117,GIC,34,26,10,536.00,"5,360.00"
2020-10-21,2020102104000116,GIC,34,29,10,536.00,"5,360.00"
2020-10-21,2020102104000127,GIC,57,21,10,536.00,"5,360.00"
2020-10-21,2020102104000126,GIC,57,26,10,536.00,"5,360.00"
2020-10-21,2020102104000125,GIC,57,39,10,536.00,"5,360.00"
2020-10-21,2020102104000124,GIC,57,47,10,536.00,"5,360.00"
2020-10-21,2020102104000123,GIC,57,29,10,536.00,"5,360.00"
2020-10-21,2020102104000122,GIC,57,1,10,536.00,"5,360.00"
2020-10-21,2020102104000133,GIC,57,29,10,536.00,"5,360.00"
2020-10-21,2020102104000132,GIC,57,8,10,536.00,"5,360.00"
2020-10-21,2020102104000131,GIC,57,21,10,536.00,"5,360.00"
2020-10-21,2020102104000130,GIC,57,26,10,536.00,"5,360.00"
2020-10-21,2020102104000129,GIC,57,8,10,536.00,"5,360.00"
2020-10-21,2020102104000128,GIC,57,39,10,536.00,"5,360.00"
2020-10-21,2020102104000139,GIC,57,21,10,536.00,"5,360.00"
2020-10-21,2020102104000138,GIC,57,39,10,536.00,"5,360.00"
2020-10-21,2020102104000137,GIC,57,39,10,536.00,"5,360.00"
2020-10-21,2020102104000136,GIC,57,32,10,536.00,"5,360.00"
2020-10-21,2020102104000135,GIC,57,1,10,536.00,"5,360.00"
2020-10-21,2020102104000134,GIC,57,21,10,536.00,"5,360.00"
2020-10-21,2020102104000145,GIC,57,32,10,536.00,"5,360.00"
2020-10-21,2020102104000144,GIC,57,21,10,536.00,"5,360.00"
2020-10-21,2020102104000143,GIC,57,11,10,536.00,"5,360.00"
2020-10-21,2020102104000142,GIC,57,8,10,536.00,"5,360.00"
2020-10-21,2020102104000141,GIC,57,14,10,536.00,"5,360.00"
2020-10-21,2020102104000140,GIC,57,54,10,536.00,"5,360.00"
2020-10-21,2020102104000151,GIC,57,21,10,536.00,"5,360.00"
2020-10-21,2020102104000150,GIC,57,29,10,536.00,"5,360.00"
2020-10-21,2020102104000149,GIC,57,21,10,536.00,"5,360.00"
2020-10-21,2020102104000148,GIC,57,39,10,536.00,"5,360.00"
2020-10-21,2020102104000147,GIC,57,8,10,536.00,"5,360.00"
2020-10-21,2020102104000146,GIC,57,54,10,536.00,"5,360.00"
2020-10-21,2020102104000157,GIC,57,39,10,536.00,"5,360.00"
2020-10-21,2020102104000156,GIC,57,26,10,536.00,"5,360.00"
2020-10-21,2020102104000155,GIC,57,26,10,536.00,"5,360.00"
2020-10-21,2020102104000154,GIC,57,29,10,536.00,"5,360.00"
2020-10-21,2020102104000153,GIC,57,17,10,536.00,"5,360.00"
2020-10-21,2020102104000152,GIC,57,45,10,536.00,"5,360.00"
2020-10-21,2020102104000163,GIC,57,39,10,536.00,"5,360.00"
2020-10-21,2020102104000162,GIC,57,29,10,536.00,"5,360.00"
2020-10-21,2020102104000161,GIC,57,39,10,536.00,"5,360.00"
2020-10-21,2020102104000160,GIC,57,26,10,536.00,"5,360.00"
2020-10-21,2020102104000159,GIC,57,29,10,536.00,"5,360.00"
2020-10-21,2020102104000158,GIC,57,39,10,536.00,"5,360.00"
2020-10-21,2020102104000169,GIC,57,59,10,536.00,"5,360.00"
2020-10-21,2020102104000168,GIC,57,39,10,536.00,"5,360.00"
2020-10-21,2020102104000167,GIC,57,26,10,536.00,"5,360.00"
2020-10-21,2020102104000166,GIC,57,11,10,536.00,"5,360.00"
2020-10-21,2020102104000165,GIC,57,29,10,536.00,"5,360.00"
2020-10-21,2020102104000164,GIC,57,26,10,536.00,"5,360.00"
2020-10-21,2020102104000175,GIC,57,1,10,536.00,"5,360.00"
2020-10-21,2020102104000174,GIC,57,26,10,536.00,"5,360.00"
2020-10-21,2020102104000173,GIC,57,26,10,536.00,"5,360.00"
2020-10-21,2020102104000172,GIC,57,39,10,536.00,"5,360.00"
2020-10-21,2020102104000171,GIC,57,26,10,536.00,"5,360.00"
2020-10-21,2020102104000170,GIC,57,26,10,536.00,"5,360.00"
2020-10-21,2020102104000181,GIC,57,39,10,536.00,"5,360.00"
2020-10-21,2020102104000180,GIC,57,26,10,536.00,"5,360.00"
2020-10-21,2020102104000179,GIC,57,42,10,536.00,"5,360.00"
2020-10-21,2020102104000178,GIC,57,39,10,536.00,"5,360.00"
2020-10-21,2020102104000177,GIC,57,26,10,536.00,"5,360.00"
2020-10-21,2020102104000176,GIC,57,52,10,536.00,"5,360.00"
2020-10-21,2020102104000187,GIC,57,26,10,536.00,"5,360.00"
2020-10-21,2020102104000186,GIC,57,39,10,536.00,"5,360.00"
2020-10-21,2020102104000185,GIC,57,26,10,536.00,"5,360.00"
2020-10-21,2020102104000184,GIC,57,26,10,536.00,"5,360.00"
2020-10-21,2020102104000183,GIC,57,26,10,536.00,"5,360.00"
2020-10-21,2020102104000182,GIC,57,29,10,536.00,"5,360.00"
2020-10-21,2020102104000193,GIC,57,34,250,536.00,"134,000.00"
2020-10-21,2020102104000192,GIC,57,32,10,536.00,"5,360.00"
2020-10-21,2020102104000191,GIC,57,39,10,536.00,"5,360.00"
2020-10-21,2020102104000190,GIC,57,26,10,536.00,"5,360.00"
2020-10-21,2020102104000189,GIC,57,34,10,536.00,"5,360.00"
2020-10-21,2020102104000188,GIC,57,29,10,536.00,"5,360.00"
2020-10-21,2020102104000199,GIC,57,34,300,536.00,"160,800.00"
2020-10-21,2020102104000198,GIC,38,34,500,536.00,"268,000.00"
2020-10-21,2020102104000197,GIC,57,34,500,536.00,"268,000.00"
2020-10-21,2020102104000196,GIC,54,34,400,536.00,"214,400.00"
2020-10-21,2020102104000195,GIC,3,34,"1,000",536.00,"536,000.00"
2020-10-21,2020102104000194,GIC,58,34,600,536.00,"321,600.00"
2020-10-21,2020102104000205,GIC,10,51,10,536.00,"5,360.00"
2020-10-21,2020102104000204,GIC,10,26,10,536.00,"5,360.00"
2020-10-21,2020102104000203,GIC,10,33,10,536.00,"5,360.00"
2020-10-21,2020102104000202,GIC,10,26,10,536.00,"5,360.00"
2020-10-21,2020102104000201,GIC,10,34,"1,468",536.00,"786,848.00"
2020-10-21,2020102104000200,GIC,52,34,"1,800",536.00,"964,800.00"
2020-10-21,2020102104000211,GIC,17,34,156,536.00,"83,616.00"
2020-10-21,2020102104000210,GIC,25,34,500,536.00,"268,000.00"
2020-10-21,2020102104000209,GIC,42,34,180,536.00,"96,480.00"
2020-10-21,2020102104000208,GIC,14,34,"5,000",536.00,"2,680,000.00"
2020-10-21,2020102104000207,GIC,10,34,982,536.00,"526,352.00"
2020-10-21,2020102104000206,GIC,10,34,10,536.00,"5,360.00"
2020-10-21,2020102104000217,GIC,17,26,10,536.00,"5,360.00"
2020-10-21,2020102104000216,GIC,17,34,10,536.00,"5,360.00"
2020-10-21,2020102104000215,GIC,17,19,10,536.00,"5,360.00"
2020-10-21,2020102104000214,GIC,17,1,10,536.00,"5,360.00"
2020-10-21,2020102104000213,GIC,17,26,10,536.00,"5,360.00"
2020-10-21,2020102104000212,GIC,17,26,10,536.00,"5,360.00"
2020-10-21,2020102104000223,GIC,17,1,10,536.00,"5,360.00"
2020-10-21,2020102104000222,GIC,17,34,10,536.00,"5,360.00"
2020-10-21,2020102104000221,GIC,17,32,10,536.00,"5,360.00"
2020-10-21,2020102104000220,GIC,17,39,10,536.00,"5,360.00"
2020-10-21,2020102104000219,GIC,17,48,10,536.00,"5,360.00"
2020-10-21,2020102104000218,GIC,17,59,10,536.00,"5,360.00"
2020-10-21,2020102104000229,GIC,17,33,10,536.00,"5,360.00"
2020-10-21,2020102104000228,GIC,17,26,10,536.00,"5,360.00"
2020-10-21,2020102104000227,GIC,17,34,10,536.00,"5,360.00"
2020-10-21,2020102104000226,GIC,17,48,10,536.00,"5,360.00"
2020-10-21,2020102104000225,GIC,17,32,10,536.00,"5,360.00"
2020-10-21,2020102104000224,GIC,17,26,10,536.00,"5,360.00"
2020-10-21,2020102104000235,GIC,17,29,10,536.00,"5,360.00"
2020-10-21,2020102104000234,GIC,17,46,10,536.00,"5,360.00"
2020-10-21,2020102104000233,GIC,17,57,10,536.00,"5,360.00"
2020-10-21,2020102104000232,GIC,17,5,10,536.00,"5,360.00"
2020-10-21,2020102104000231,GIC,17,48,10,536.00,"5,360.00"
2020-10-21,2020102104000230,GIC,17,32,10,536.00,"5,360.00"
2020-10-21,2020102104000241,GIC,17,6,"1,354",536.00,"725,744.00"
2020-10-21,2020102104000240,GIC,17,38,10,536.00,"5,360.00"
2020-10-21,2020102104000239,GIC,17,57,10,536.00,"5,360.00"
2020-10-21,2020102104000238,GIC,17,42,10,536.00,"5,360.00"
2020-10-21,2020102104000237,GIC,17,48,10,536.00,"5,360.00"
2020-10-21,2020102104000236,GIC,17,26,10,536.00,"5,360.00"
2020-10-21,2020102104000247,GIC,46,6,50,536.00,"26,800.00"
2020-10-21,2020102104000246,GIC,14,6,"1,000",536.00,"536,000.00"
2020-10-21,2020102104000245,GIC,34,6,10,536.00,"5,360.00"
2020-10-21,2020102104000244,GIC,34,6,10,536.00,"5,360.00"
2020-10-21,2020102104000243,GIC,57,6,100,536.00,"53,600.00"
2020-10-21,2020102104000242,GIC,52,6,"1,800",536.00,"964,800.00"
2020-10-21,2020102104000253,GIC,34,1,10,536.00,"5,360.00"
2020-10-21,2020102104000252,GIC,34,59,10,536.00,"5,360.00"
2020-10-21,2020102104000251,GIC,34,1,10,536.00,"5,360.00"
2020-10-21,2020102104000250,GIC,34,6,"9,162",536.00,"4,910,832.00"
2020-10-21,2020102104000249,GIC,57,6,100,536.00,"53,600.00"
2020-10-21,2020102104000248,GIC,8,6,50,536.00,"26,800.00"
2020-10-21,2020102104000259,GIC,34,47,10,536.00,"5,360.00"
2020-10-21,2020102104000258,GIC,34,41,10,536.00,"5,360.00"
2020-10-21,2020102104000257,GIC,34,48,10,536.00,"5,360.00"
2020-10-21,2020102104000256,GIC,34,29,10,536.00,"5,360.00"
2020-10-21,2020102104000255,GIC,34,57,10,536.00,"5,360.00"
2020-10-21,2020102104000254,GIC,34,43,10,536.00,"5,360.00"
2020-10-21,2020102104000265,GIC,34,48,10,536.00,"5,360.00"
2020-10-21,2020102104000264,GIC,34,57,10,536.00,"5,360.00"
2020-10-21,2020102104000263,GIC,34,48,10,536.00,"5,360.00"
2020-10-21,2020102104000262,GIC,34,43,10,536.00,"5,360.00"
2020-10-21,2020102104000261,GIC,34,1,10,536.00,"5,360.00"
2020-10-21,2020102104000260,GIC,34,16,10,536.00,"5,360.00"
2020-10-21,2020102104000271,GIC,34,29,10,536.00,"5,360.00"
2020-10-21,2020102104000270,GIC,34,54,10,536.00,"5,360.00"
2020-10-21,2020102104000269,GIC,34,43,10,536.00,"5,360.00"
2020-10-21,2020102104000268,GIC,34,42,10,536.00,"5,360.00"
2020-10-21,2020102104000267,GIC,34,29,10,536.00,"5,360.00"
2020-10-21,2020102104000266,GIC,34,45,10,536.00,"5,360.00"
2020-10-21,2020102104000277,GIC,34,59,10,536.00,"5,360.00"
2020-10-21,2020102104000276,GIC,34,47,10,536.00,"5,360.00"
2020-10-21,2020102104000275,GIC,34,43,10,536.00,"5,360.00"
2020-10-21,2020102104000274,GIC,34,1,10,536.00,"5,360.00"
2020-10-21,2020102104000273,GIC,34,43,10,536.00,"5,360.00"
2020-10-21,2020102104000272,GIC,34,57,10,536.00,"5,360.00"
2020-10-21,2020102104000283,GIC,34,48,10,536.00,"5,360.00"
2020-10-21,2020102104000282,GIC,34,34,10,536.00,"5,360.00"
2020-10-21,2020102104000281,GIC,34,29,10,536.00,"5,360.00"
2020-10-21,2020102104000280,GIC,34,57,10,536.00,"5,360.00"
2020-10-21,2020102104000279,GIC,34,43,10,536.00,"5,360.00"
2020-10-21,2020102104000278,GIC,34,48,10,536.00,"5,360.00"
2020-10-21,2020102104000289,GIC,34,6,10,536.00,"5,360.00"
2020-10-21,2020102104000288,GIC,34,29,10,536.00,"5,360.00"
2020-10-21,2020102104000287,GIC,34,48,10,536.00,"5,360.00"
2020-10-21,2020102104000286,GIC,34,58,10,536.00,"5,360.00"
2020-10-21,2020102104000285,GIC,34,57,10,536.00,"5,360.00"
2020-10-21,2020102104000284,GIC,34,41,10,536.00,"5,360.00"
2020-10-21,2020102104000295,GIC,34,34,10,536.00,"5,360.00"
2020-10-21,2020102104000294,GIC,34,6,10,536.00,"5,360.00"
2020-10-21,2020102104000293,GIC,34,43,10,536.00,"5,360.00"
2020-10-21,2020102104000292,GIC,34,38,10,536.00,"5,360.00"
2020-10-21,2020102104000291,GIC,34,16,10,536.00,"5,360.00"
2020-10-21,2020102104000290,GIC,34,39,10,536.00,"5,360.00"
2020-10-21,2020102104000301,GIC,34,39,10,536.00,"5,360.00"
2020-10-21,2020102104000300,GIC,34,48,10,536.00,"5,360.00"
2020-10-21,2020102104000299,GIC,34,38,10,536.00,"5,360.00"
2020-10-21,2020102104000298,GIC,34,26,10,536.00,"5,360.00"
2020-10-21,2020102104000297,GIC,34,8,10,536.00,"5,360.00"
2020-10-21,2020102104000296,GIC,34,32,10,536.00,"5,360.00"
2020-10-21,2020102104000307,GIC,34,1,10,536.00,"5,360.00"
2020-10-21,2020102104000306,GIC,34,48,10,536.00,"5,360.00"
2020-10-21,2020102104000305,GIC,34,1,10,536.00,"5,360.00"
2020-10-21,2020102104000304,GIC,34,38,10,536.00,"5,360.00"
2020-10-21,2020102104000303,GIC,34,26,10,536.00,"5,360.00"
2020-10-21,2020102104000302,GIC,34,29,10,536.00,"5,360.00"
2020-10-21,2020102104000313,GIC,34,39,10,536.00,"5,360.00"
2020-10-21,2020102104000312,GIC,34,43,10,536.00,"5,360.00"
2020-10-21,2020102104000311,GIC,34,28,10,536.00,"5,360.00"
2020-10-21,2020102104000310,GIC,34,47,10,536.00,"5,360.00"
2020-10-21,2020102104000309,GIC,34,26,10,536.00,"5,360.00"
2020-10-21,2020102104000308,GIC,34,26,10,536.00,"5,360.00"
2020-10-21,2020102104000319,GIC,34,39,10,536.00,"5,360.00"
2020-10-21,2020102104000318,GIC,34,26,10,536.00,"5,360.00"
2020-10-21,2020102104000317,GIC,34,43,10,536.00,"5,360.00"
2020-10-21,2020102104000316,GIC,34,26,10,536.00,"5,360.00"
2020-10-21,2020102104000315,GIC,34,6,10,536.00,"5,360.00"
2020-10-21,2020102104000314,GIC,34,29,10,536.00,"5,360.00"
2020-10-21,2020102104000325,GIC,34,6,10,536.00,"5,360.00"
2020-10-21,2020102104000324,GIC,34,29,10,536.00,"5,360.00"
2020-10-21,2020102104000323,GIC,34,26,10,536.00,"5,360.00"
2020-10-21,2020102104000322,GIC,34,44,10,536.00,"5,360.00"
2020-10-21,2020102104000321,GIC,34,48,10,536.00,"5,360.00"
2020-10-21,2020102104000320,GIC,34,1,10,536.00,"5,360.00"
2020-10-21,2020102104000331,GIC,34,26,10,536.00,"5,360.00"
2020-10-21,2020102104000330,GIC,34,52,10,536.00,"5,360.00"
2020-10-21,2020102104000329,GIC,34,32,10,536.00,"5,360.00"
2020-10-21,2020102104000328,GIC,34,26,10,536.00,"5,360.00"
2020-10-21,2020102104000327,GIC,34,41,10,536.00,"5,360.00"
2020-10-21,2020102104000326,GIC,34,47,10,536.00,"5,360.00"
2020-10-21,2020102104000337,GIC,41,47,10,536.00,"5,360.00"
2020-10-21,2020102104000336,GIC,41,32,10,536.00,"5,360.00"
2020-10-21,2020102104000335,GIC,41,6,10,536.00,"5,360.00"
2020-10-21,2020102104000334,GIC,41,29,10,536.00,"5,360.00"
2020-10-21,2020102104000333,GIC,34,55,10,536.00,"5,360.00"
2020-10-21,2020102104000332,GIC,34,1,10,536.00,"5,360.00"
2020-10-21,2020102104000345,GIC,41,56,10,536.00,"5,360.00"
2020-10-21,2020102104000344,GIC,41,26,10,536.00,"5,360.00"
2020-10-21,2020102104000343,GIC,41,1,10,536.00,"5,360.00"
2020-10-21,2020102104000340,GIC,41,55,10,536.00,"5,360.00"
2020-10-21,2020102104000339,GIC,41,21,10,536.00,"5,360.00"
2020-10-21,2020102104000338,GIC,41,26,10,536.00,"5,360.00"
2020-10-21,2020102104000351,GIC,20,39,10,536.00,"5,360.00"
2020-10-21,2020102104000350,GIC,20,51,10,536.00,"5,360.00"
2020-10-21,2020102104000349,GIC,20,6,10,536.00,"5,360.00"
2020-10-21,2020102104000348,GIC,20,47,10,536.00,"5,360.00"
2020-10-21,2020102104000347,GIC,20,21,10,536.00,"5,360.00"
2020-10-21,2020102104000346,GIC,20,51,10,536.00,"5,360.00"
2020-10-21,2020102104000357,GIC,20,51,10,536.00,"5,360.00"
2020-10-21,2020102104000356,GIC,20,39,10,536.00,"5,360.00"
2020-10-21,2020102104000355,GIC,20,55,10,536.00,"5,360.00"
2020-10-21,2020102104000354,GIC,20,47,10,536.00,"5,360.00"
2020-10-21,2020102104000353,GIC,20,34,10,536.00,"5,360.00"
2020-10-21,2020102104000352,GIC,20,1,10,536.00,"5,360.00"
2020-10-21,2020102104000364,GIC,20,1,10,536.00,"5,360.00"
2020-10-21,2020102104000363,GIC,20,48,10,536.00,"5,360.00"
2020-10-21,2020102104000362,GIC,20,56,10,536.00,"5,360.00"
2020-10-21,2020102104000360,GIC,20,21,10,536.00,"5,360.00"
2020-10-21,2020102104000359,GIC,20,29,10,536.00,"5,360.00"
2020-10-21,2020102104000358,GIC,20,51,10,536.00,"5,360.00"
2020-10-21,2020102104000371,GIC,49,55,10,536.00,"5,360.00"
2020-10-21,2020102104000370,GIC,49,34,10,536.00,"5,360.00"
2020-10-21,2020102104000369,GIC,49,6,10,536.00,"5,360.00"
2020-10-21,2020102104000368,GIC,49,21,10,536.00,"5,360.00"
2020-10-21,2020102104000367,GIC,20,39,10,536.00,"5,360.00"
2020-10-21,2020102104000365,GIC,20,26,10,536.00,"5,360.00"
2020-10-21,2020102104000377,GIC,49,56,10,536.00,"5,360.00"
2020-10-21,2020102104000376,GIC,49,21,10,536.00,"5,360.00"
2020-10-21,2020102104000375,GIC,49,46,10,536.00,"5,360.00"
2020-10-21,2020102104000374,GIC,49,48,10,536.00,"5,360.00"
2020-10-21,2020102104000373,GIC,49,39,10,536.00,"5,360.00"
2020-10-21,2020102104000372,GIC,49,26,10,536.00,"5,360.00"
2020-10-21,2020102104000383,GIC,41,39,10,536.00,"5,360.00"
2020-10-21,2020102104000382,GIC,41,21,10,536.00,"5,360.00"
2020-10-21,2020102104000381,GIC,41,59,10,536.00,"5,360.00"
2020-10-21,2020102104000380,GIC,41,48,10,536.00,"5,360.00"
2020-10-21,2020102104000379,GIC,41,34,10,536.00,"5,360.00"
2020-10-21,2020102104000378,GIC,41,55,10,536.00,"5,360.00"
2020-10-21,2020102104000390,GIC,49,43,10,536.00,"5,360.00"
2020-10-21,2020102104000389,GIC,49,34,10,536.00,"5,360.00"
2020-10-21,2020102104000388,GIC,41,48,10,536.00,"5,360.00"
2020-10-21,2020102104000387,GIC,41,55,10,536.00,"5,360.00"
2020-10-21,2020102104000386,GIC,41,29,10,536.00,"5,360.00"
2020-10-21,2020102104000384,GIC,41,46,10,536.00,"5,360.00"
2020-10-21,2020102104000396,GIC,49,58,10,536.00,"5,360.00"
2020-10-21,2020102104000395,GIC,49,43,10,536.00,"5,360.00"
2020-10-21,2020102104000394,GIC,49,39,10,536.00,"5,360.00"
2020-10-21,2020102104000393,GIC,49,58,10,536.00,"5,360.00"
2020-10-21,2020102104000392,GIC,49,48,10,536.00,"5,360.00"
2020-10-21,2020102104000391,GIC,49,29,10,536.00,"5,360.00"
2020-10-21,2020102104000402,GIC,17,29,10,536.00,"5,360.00"
2020-10-21,2020102104000401,GIC,17,58,10,536.00,"5,360.00"
2020-10-21,2020102104000400,GIC,17,26,10,536.00,"5,360.00"
2020-10-21,2020102104000399,GIC,17,34,10,536.00,"5,360.00"
2020-10-21,2020102104000398,GIC,49,29,10,536.00,"5,360.00"
2020-10-21,2020102104000397,GIC,49,26,10,536.00,"5,360.00"
2020-10-21,2020102104000408,GIC,17,58,10,536.00,"5,360.00"
2020-10-21,2020102104000407,GIC,17,3,10,536.00,"5,360.00"
2020-10-21,2020102104000406,GIC,17,51,10,536.00,"5,360.00"
2020-10-21,2020102104000405,GIC,17,34,10,536.00,"5,360.00"
2020-10-21,2020102104000404,GIC,17,53,10,536.00,"5,360.00"
2020-10-21,2020102104000403,GIC,17,26,10,536.00,"5,360.00"
2020-10-21,2020102104000414,GIC,17,39,10,536.00,"5,360.00"
2020-10-21,2020102104000413,GIC,17,34,10,536.00,"5,360.00"
2020-10-21,2020102104000412,GIC,17,3,10,536.00,"5,360.00"
2020-10-21,2020102104000411,GIC,17,58,10,536.00,"5,360.00"
2020-10-21,2020102104000410,GIC,17,47,10,536.00,"5,360.00"
2020-10-21,2020102104000409,GIC,17,34,10,536.00,"5,360.00"
2020-10-21,2020102104000420,GIC,17,20,10,536.00,"5,360.00"
2020-10-21,2020102104000419,GIC,17,57,10,536.00,"5,360.00"
2020-10-21,2020102104000418,GIC,17,47,10,536.00,"5,360.00"
2020-10-21,2020102104000417,GIC,17,58,10,536.00,"5,360.00"
2020-10-21,2020102104000416,GIC,17,16,10,536.00,"5,360.00"
2020-10-21,2020102104000415,GIC,17,58,10,536.00,"5,360.00"
2020-10-21,2020102104000426,GIC,17,58,10,536.00,"5,360.00"
2020-10-21,2020102104000425,GIC,17,34,10,536.00,"5,360.00"
2020-10-21,2020102104000424,GIC,17,58,10,536.00,"5,360.00"
2020-10-21,2020102104000423,GIC,17,44,10,536.00,"5,360.00"
2020-10-21,2020102104000422,GIC,17,39,10,536.00,"5,360.00"
2020-10-21,2020102104000421,GIC,17,55,10,536.00,"5,360.00"
2020-10-21,2020102104000433,GIC,17,44,10,536.00,"5,360.00"
2020-10-21,2020102104000431,GIC,17,47,10,536.00,"5,360.00"
2020-10-21,2020102104000430,GIC,17,39,10,536.00,"5,360.00"
2020-10-21,2020102104000429,GIC,17,51,10,536.00,"5,360.00"
2020-10-21,2020102104000428,GIC,17,20,10,536.00,"5,360.00"
2020-10-21,2020102104000427,GIC,17,3,10,536.00,"5,360.00"
2020-10-21,2020102104000439,GIC,17,25,10,536.00,"5,360.00"
2020-10-21,2020102104000438,GIC,17,48,10,536.00,"5,360.00"
2020-10-21,2020102104000437,GIC,17,58,10,536.00,"5,360.00"
2020-10-21,2020102104000436,GIC,17,20,10,536.00,"5,360.00"
2020-10-21,2020102104000435,GIC,17,19,10,536.00,"5,360.00"
2020-10-21,2020102104000434,GIC,17,58,10,536.00,"5,360.00"
2020-10-21,2020102104000445,GIC,17,25,10,536.00,"5,360.00"
2020-10-21,2020102104000444,GIC,17,34,10,536.00,"5,360.00"
2020-10-21,2020102104000443,GIC,17,51,10,536.00,"5,360.00"
2020-10-21,2020102104000442,GIC,17,3,10,536.00,"5,360.00"
2020-10-21,2020102104000441,GIC,17,44,10,536.00,"5,360.00"
2020-10-21,2020102104000440,GIC,17,55,10,536.00,"5,360.00"
2020-10-21,2020102104000451,GIC,1,47,10,536.00,"5,360.00"
2020-10-21,2020102104000450,GIC,1,42,10,536.00,"5,360.00"
2020-10-21,2020102104000449,GIC,17,26,10,536.00,"5,360.00"
2020-10-21,2020102104000448,GIC,17,57,10,536.00,"5,360.00"
2020-10-21,2020102104000447,GIC,17,51,10,536.00,"5,360.00"
2020-10-21,2020102104000446,GIC,17,48,10,536.00,"5,360.00"
2020-10-21,2020102104000457,GIC,50,58,10,536.00,"5,360.00"
2020-10-21,2020102104000456,GIC,50,26,10,536.00,"5,360.00"
2020-10-21,2020102104000455,GIC,50,3,10,536.00,"5,360.00"
2020-10-21,2020102104000454,GIC,1,53,10,536.00,"5,360.00"
2020-10-21,2020102104000453,GIC,1,29,10,536.00,"5,360.00"
2020-10-21,2020102104000452,GIC,1,58,10,536.00,"5,360.00"
2020-10-21,2020102104000463,GIC,50,47,10,536.00,"5,360.00"
2020-10-21,2020102104000462,GIC,50,51,10,536.00,"5,360.00"
2020-10-21,2020102104000461,GIC,50,26,10,536.00,"5,360.00"
2020-10-21,2020102104000460,GIC,50,42,10,536.00,"5,360.00"
2020-10-21,2020102104000459,GIC,50,57,10,536.00,"5,360.00"
2020-10-21,2020102104000458,GIC,50,7,10,536.00,"5,360.00"
2020-10-21,2020102104000469,GIC,50,58,10,536.00,"5,360.00"
2020-10-21,2020102104000468,GIC,50,47,10,536.00,"5,360.00"
2020-10-21,2020102104000467,GIC,50,26,10,536.00,"5,360.00"
2020-10-21,2020102104000466,GIC,50,58,10,536.00,"5,360.00"
2020-10-21,2020102104000465,GIC,50,29,10,536.00,"5,360.00"
2020-10-21,2020102104000464,GIC,50,51,10,536.00,"5,360.00"
2020-10-21,2020102104000475,GIC,50,29,10,536.00,"5,360.00"
2020-10-21,2020102104000474,GIC,50,58,10,536.00,"5,360.00"
2020-10-21,2020102104000473,GIC,50,51,10,536.00,"5,360.00"
2020-10-21,2020102104000472,GIC,50,57,10,536.00,"5,360.00"
2020-10-21,2020102104000471,GIC,50,26,10,536.00,"5,360.00"
2020-10-21,2020102104000470,GIC,50,42,10,536.00,"5,360.00"
2020-10-21,2020102104000481,GIC,50,47,10,536.00,"5,360.00"
2020-10-21,2020102104000480,GIC,50,29,10,536.00,"5,360.00"
2020-10-21,2020102104000479,GIC,50,58,10,536.00,"5,360.00"
2020-10-21,2020102104000478,GIC,50,57,10,536.00,"5,360.00"
2020-10-21,2020102104000477,GIC,50,26,10,536.00,"5,360.00"
2020-10-21,2020102104000476,GIC,50,47,10,536.00,"5,360.00"
2020-10-21,2020102104000487,GIC,50,33,10,536.00,"5,360.00"
2020-10-21,2020102104000486,GIC,50,7,10,536.00,"5,360.00"
2020-10-21,2020102104000485,GIC,50,3,10,536.00,"5,360.00"
2020-10-21,2020102104000484,GIC,50,51,10,536.00,"5,360.00"
2020-10-21,2020102104000483,GIC,50,45,10,536.00,"5,360.00"
2020-10-21,2020102104000482,GIC,50,16,10,536.00,"5,360.00"
2020-10-21,2020102104000493,GIC,50,26,10,536.00,"5,360.00"
2020-10-21,2020102104000492,GIC,50,58,10,536.00,"5,360.00"
2020-10-21,2020102104000491,GIC,50,58,10,536.00,"5,360.00"
2020-10-21,2020102104000490,GIC,50,33,10,536.00,"5,360.00"
2020-10-21,2020102104000489,GIC,50,47,10,536.00,"5,360.00"
2020-10-21,2020102104000488,GIC,50,26,10,536.00,"5,360.00"
2020-10-21,2020102104000499,GIC,50,26,10,536.00,"5,360.00"
2020-10-21,2020102104000498,GIC,50,58,10,536.00,"5,360.00"
2020-10-21,2020102104000497,GIC,50,47,10,536.00,"5,360.00"
2020-10-21,2020102104000496,GIC,50,26,10,536.00,"5,360.00"
2020-10-21,2020102104000495,GIC,50,51,10,536.00,"5,360.00"
2020-10-21,2020102104000494,GIC,50,3,10,536.00,"5,360.00"
2020-10-21,2020102104000505,GIC,57,26,10,536.00,"5,360.00"
2020-10-21,2020102104000504,GIC,50,58,10,536.00,"5,360.00"
2020-10-21,2020102104000503,GIC,50,33,10,536.00,"5,360.00"
2020-10-21,2020102104000502,GIC,50,3,10,536.00,"5,360.00"
2020-10-21,2020102104000501,GIC,50,58,10,536.00,"5,360.00"
2020-10-21,2020102104000500,GIC,50,51,10,536.00,"5,360.00"
2020-10-21,2020102104000511,GIC,57,58,10,536.00,"5,360.00"
2020-10-21,2020102104000510,GIC,57,51,10,536.00,"5,360.00"
2020-10-21,2020102104000509,GIC,57,51,10,536.00,"5,360.00"
2020-10-21,2020102104000508,GIC,57,3,10,536.00,"5,360.00"
2020-10-21,2020102104000507,GIC,57,26,10,536.00,"5,360.00"
2020-10-21,2020102104000506,GIC,57,45,10,536.00,"5,360.00"
2020-10-21,2020102104000518,GIC,13,47,10,536.00,"5,360.00"
2020-10-21,2020102104000517,GIC,13,58,10,536.00,"5,360.00"
2020-10-21,2020102104000515,GIC,13,45,10,536.00,"5,360.00"
2020-10-21,2020102104000514,GIC,57,26,10,536.00,"5,360.00"
2020-10-21,2020102104000513,GIC,57,39,10,536.00,"5,360.00"
2020-10-21,2020102104000512,GIC,57,39,10,536.00,"5,360.00"
2020-10-21,2020102104000524,GIC,13,7,10,536.00,"5,360.00"
2020-10-21,2020102104000523,GIC,13,26,10,536.00,"5,360.00"
2020-10-21,2020102104000522,GIC,13,51,10,536.00,"5,360.00"
2020-10-21,2020102104000521,GIC,13,39,10,536.00,"5,360.00"
2020-10-21,2020102104000520,GIC,13,33,10,536.00,"5,360.00"
2020-10-21,2020102104000519,GIC,13,39,10,536.00,"5,360.00"
2020-10-21,2020102104000342,NMBHF1,45,42,"3,161",9.45,"29,871.45"
2020-10-21,2020102104000341,NMBHF1,45,45,135,9.35,"1,262.25"
2020-10-21,2020102104000432,SAEF,45,7,"3,500",10.60,"37,100.00"
2020-10-21,2020102104000385,SAEF,45,48,"1,500",10.60,"15,900.00"
2020-10-21,2020102104000361,SEF,45,26,"5,000",9.63,"48,150.00"
2020-10-21,2020102104000516,STC,1,34,10,"3,544.00","35,440.00"
2020-10-21,2020102104000366,STC,56,1,10,"3,475.00","34,750.00"
2020-10-21,2020102103005437,ALBSL,19,28,158,804.00,"127,032.00"
2020-10-21,2020102103005375,ALBSL,25,28,42,805.00,"33,810.00"
2020-10-21,2020102103005297,ALBSL,25,28,158,805.00,"127,190.00"
2020-10-21,2020102103005296,ALBSL,19,28,50,806.00,"40,300.00"
2020-10-21,2020102103005295,ALBSL,6,28,189,806.00,"152,334.00"
2020-10-21,2020102103005294,ALBSL,36,28,"1,025",807.00,"827,175.00"
2020-10-21,2020102103005293,ALBSL,32,28,89,807.00,"71,823.00"
2020-10-21,2020102103005292,ALBSL,22,28,200,808.00,"161,600.00"
2020-10-21,2020102103005291,ALBSL,19,28,100,808.00,"80,800.00"
2020-10-21,2020102103005290,ALBSL,6,28,189,808.00,"152,712.00"
2020-10-21,2020102103005561,ALICL,52,25,140,728.00,"101,920.00"
2020-10-21,2020102103005490,ALICL,37,25,60,728.00,"43,680.00"
2020-10-21,2020102103005489,ALICL,37,57,140,728.00,"101,920.00"
2020-10-21,2020102103005283,ALICL,49,59,300,726.00,"217,800.00"
2020-10-21,2020102103005638,CBBL,32,34,100,"1,114.00","111,400.00"
2020-10-21,2020102103005505,CBBL,34,34,10,"1,115.00","11,150.00"
2020-10-21,2020102103005559,CFCL,25,6,500,164.00,"82,000.00"
2020-10-21,2020102103005558,CFCL,32,6,100,164.00,"16,400.00"
2020-10-21,2020102103005557,CFCL,17,6,"1,000",164.00,"164,000.00"
2020-10-21,2020102103005504,CFCL,10,6,50,165.00,"8,250.00"
2020-10-21,2020102103005503,CFCL,22,6,"1,500",165.00,"247,500.00"
2020-10-21,2020102103005502,CFCL,35,6,100,165.00,"16,500.00"
2020-10-21,2020102103005501,CFCL,26,6,"1,146",165.00,"189,090.00"
2020-10-21,2020102103005500,CFCL,26,6,"1,000",166.00,"166,000.00"
2020-10-21,2020102103005499,CFCL,41,6,200,166.00,"33,200.00"
2020-10-21,2020102103005498,CFCL,51,6,285,166.00,"47,310.00"
2020-10-21,2020102103005373,CFCL,45,32,115,167.00,"19,205.00"
2020-10-21,2020102103005611,CIT,7,32,20,"3,675.00","73,500.00"
2020-10-21,2020102103005571,CIT,36,32,40,"3,675.00","147,000.00"
2020-10-21,2020102103005560,CIT,36,11,50,"3,675.00","183,750.00"
2020-10-21,2020102103005556,CIT,36,7,10,"3,675.00","36,750.00"
2020-10-21,2020102103005487,CIT,38,26,10,"3,674.00","36,740.00"
2020-10-21,2020102103005474,CIT,38,37,10,"3,674.00","36,740.00"
2020-10-21,2020102103005255,CIT,55,34,10,"3,675.00","36,750.00"
2020-10-21,2020102103005252,CIT,46,34,137,"3,675.00","503,475.00"
2020-10-21,2020102103005251,CIT,46,22,30,"3,675.00","110,250.00"
2020-10-21,2020102103005218,CIT,46,56,25,"3,674.00","91,850.00"
2020-10-21,2020102103005217,CIT,46,44,100,"3,674.00","367,400.00"
2020-10-21,2020102103005216,CIT,46,58,108,"3,673.00","396,684.00"
2020-10-21,2020102103005438,CIT,10,45,43,"3,675.00","158,025.00"
2020-10-21,2020102103005379,CIT,6,45,127,"3,675.00","466,725.00"
2020-10-21,2020102103005378,CIT,6,58,10,"3,675.00","36,750.00"
2020-10-21,2020102103005377,CIT,6,47,10,"3,675.00","36,750.00"
2020-10-21,2020102103005376,CIT,6,34,253,"3,675.00","929,775.00"
2020-10-21,2020102103005307,CIT,45,34,100,"3,675.00","367,500.00"
2020-10-21,2020102103005637,CLBSL,38,16,100,703.00,"70,300.00"
2020-10-21,2020102103005507,CORBL,53,40,500,199.00,"99,500.00"
2020-10-21,2020102103005189,CORBL,53,50,210,199.00,"41,790.00"
2020-10-21,2020102103005573,DDBL,57,10,50,867.00,"43,350.00"
2020-10-21,2020102103005506,DDBL,53,32,100,866.00,"86,600.00"
2020-10-21,2020102103005357,DDBL,46,35,26,865.00,"22,490.00"
2020-10-21,2020102103005356,DDBL,46,58,50,865.00,"43,250.00"
2020-10-21,2020102103005355,DDBL,46,38,20,865.00,"17,300.00"
2020-10-21,2020102103005354,DDBL,46,41,25,865.00,"21,625.00"
2020-10-21,2020102103005353,DDBL,46,44,200,864.00,"172,800.00"
2020-10-21,2020102103005352,DDBL,46,38,20,864.00,"17,280.00"
2020-10-21,2020102103005351,DDBL,46,32,100,864.00,"86,400.00"
2020-10-21,2020102103005326,DDBL,22,14,50,863.00,"43,150.00"
2020-10-21,2020102103005282,DDBL,22,44,100,863.00,"86,300.00"
2020-10-21,2020102103005381,EDBL,26,36,10,317.00,"3,170.00"
2020-10-21,2020102103005322,FMDBL,19,34,50,575.00,"28,750.00"
2020-10-21,2020102103005582,FOWAD,49,45,19,"1,550.00","29,450.00"
2020-10-21,2020102103005581,FOWAD,49,29,100,"1,550.00","155,000.00"
2020-10-21,2020102103005538,FOWAD,49,32,33,"1,549.00","51,117.00"
2020-10-21,2020102103005541,GBBL,54,6,282,265.00,"74,730.00"
2020-10-21,2020102103005540,GBBL,59,6,100,265.00,"26,500.00"
2020-10-21,2020102103005539,GBBL,4,6,844,266.00,"224,504.00"
2020-10-21,2020102103005464,GBBL,1,48,70,267.00,"18,690.00"
2020-10-21,2020102103005463,GBBL,1,16,80,267.00,"21,360.00"
2020-10-21,2020102103005462,GBBL,1,49,50,267.00,"13,350.00"
2020-10-21,2020102103005261,GBBL,38,7,29,266.00,"7,714.00"
2020-10-21,2020102103005260,GBBL,59,7,500,266.00,"133,000.00"
2020-10-21,2020102103005259,GBBL,42,7,971,266.00,"258,286.00"
2020-10-21,2020102103005349,GBBL,22,48,100,266.00,"26,600.00"
2020-10-21,2020102103005348,GBBL,14,48,50,266.00,"13,300.00"
2020-10-21,2020102103005347,GBBL,38,48,71,266.00,"18,886.00"
2020-10-21,2020102103005304,GBBL,38,11,200,266.00,"53,200.00"
2020-10-21,2020102103005286,GBBL,44,48,100,267.00,"26,700.00"
2020-10-21,2020102103005277,GBBL,42,48,20,267.00,"5,340.00"
2020-10-21,2020102103005435,GBBL,4,48,359,266.00,"95,494.00"
2020-10-21,2020102103005434,GBBL,32,48,100,266.00,"26,600.00"
2020-10-21,2020102103005433,GBBL,33,48,41,266.00,"10,906.00"
2020-10-21,2020102103005402,GBBL,53,49,200,267.00,"53,400.00"
2020-10-21,2020102103005397,GBBL,33,48,500,266.00,"133,000.00"
2020-10-21,2020102103005350,GBBL,33,48,159,266.00,"42,294.00"
2020-10-21,2020102103005401,GBLBS,17,44,55,520.00,"28,600.00"
2020-10-21,2020102103005199,GBLBS,17,34,218,520.00,"113,360.00"
2020-10-21,2020102103005610,GFCL,26,49,40,196.00,"7,840.00"
2020-10-21,2020102103005598,GFCL,26,35,100,196.00,"19,600.00"
2020-10-21,2020102103005597,GFCL,26,19,100,193.00,"19,300.00"
2020-10-21,2020102103005596,GFCL,26,55,360,193.00,"69,480.00"
2020-10-21,2020102103005587,GFCL,58,55,90,193.00,"17,370.00"
2020-10-21,2020102103005372,GFCL,21,55,90,193.00,"17,370.00"
2020-10-21,2020102103005206,GFCL,21,55,210,193.00,"40,530.00"
2020-10-21,2020102104000030,GIC,34,29,10,536.00,"5,360.00"
2020-10-21,2020102104000029,GIC,34,39,10,536.00,"5,360.00"
2020-10-21,2020102104000028,GIC,34,29,10,536.00,"5,360.00"
2020-10-21,2020102104000027,GIC,34,39,10,536.00,"5,360.00"
2020-10-21,2020102104000026,GIC,34,44,10,536.00,"5,360.00"
2020-10-21,2020102104000025,GIC,34,29,10,536.00,"5,360.00"
2020-10-21,2020102104000006,GIC,34,29,10,536.00,"5,360.00"
2020-10-21,2020102104000005,GIC,57,44,10,532.00,"5,320.00"
2020-10-21,2020102104000004,GIC,47,29,10,522.00,"5,220.00"
2020-10-21,2020102104000003,GIC,47,10,10,512.00,"5,120.00"
2020-10-21,2020102104000002,GIC,47,10,10,512.00,"5,120.00"
2020-10-21,2020102104000001,GIC,47,33,10,512.00,"5,120.00"
2020-10-21,2020102104000012,GIC,34,29,10,536.00,"5,360.00"
2020-10-21,2020102104000011,GIC,34,44,10,536.00,"5,360.00"
2020-10-21,2020102104000010,GIC,34,47,10,536.00,"5,360.00"
2020-10-21,2020102104000009,GIC,34,16,10,536.00,"5,360.00"
2020-10-21,2020102104000008,GIC,34,39,10,536.00,"5,360.00"
2020-10-21,2020102104000007,GIC,34,29,10,536.00,"5,360.00"
2020-10-21,2020102104000018,GIC,34,45,10,536.00,"5,360.00"
2020-10-21,2020102104000017,GIC,34,29,10,536.00,"5,360.00"
2020-10-21,2020102104000016,GIC,34,44,10,536.00,"5,360.00"
2020-10-21,2020102104000015,GIC,34,16,10,536.00,"5,360.00"
2020-10-21,2020102104000014,GIC,34,29,10,536.00,"5,360.00"
2020-10-21,2020102104000013,GIC,34,39,10,536.00,"5,360.00"
2020-10-21,2020102104000024,GIC,34,39,10,536.00,"5,360.00"
2020-10-21,2020102104000023,GIC,34,29,10,536.00,"5,360.00"
2020-10-21,2020102104000022,GIC,34,39,10,536.00,"5,360.00"
2020-10-21,2020102104000021,GIC,34,44,10,536.00,"5,360.00"
2020-10-21,2020102104000020,GIC,34,34,10,536.00,"5,360.00"
2020-10-21,2020102104000019,GIC,34,39,10,536.00,"5,360.00"
2020-10-21,2020102103005572,GILB,14,17,50,"1,246.00","62,300.00"
2020-10-21,2020102103005258,GLBSL,52,32,77,705.00,"54,285.00"
2020-10-21,2020102103005257,GLBSL,39,32,23,706.00,"16,238.00"
2020-10-21,2020102103005231,GLBSL,43,32,100,708.00,"70,800.00"
2020-10-21,2020102103005523,GLICL,53,34,20,628.00,"12,560.00"
2020-10-21,2020102103005365,GLICL,53,33,13,627.00,"8,151.00"
2020-10-21,2020102103005187,GMFBS,52,26,10,823.00,"8,230.00"
2020-10-21,2020102103005531,GMFIL,45,55,70,177.00,"12,390.00"
2020-10-21,2020102103005580,GRDBL,14,10,100,159.00,"15,900.00"
2020-10-21,2020102103005579,GRDBL,14,17,100,159.00,"15,900.00"
2020-10-21,2020102103005578,GRDBL,14,46,85,159.00,"13,515.00"
2020-10-21,2020102103005577,GRDBL,14,58,90,159.00,"14,310.00"
2020-10-21,2020102103005576,GRDBL,14,25,50,158.00,"7,900.00"
2020-10-21,2020102103005575,GRDBL,14,41,50,158.00,"7,900.00"
2020-10-21,2020102103005484,GRDBL,48,26,20,154.00,"3,080.00"
2020-10-21,2020102103005323,GRDBL,45,26,30,154.00,"4,620.00"
2020-10-21,2020102103005253,GRDBL,14,50,100,153.00,"15,300.00"
2020-10-21,2020102103005205,GRDBL,14,36,50,153.00,"7,650.00"
2020-10-21,2020102103005574,GRDBL,14,55,50,158.00,"7,900.00"
2020-10-21,2020102103005521,GRDBL,14,22,200,156.00,"31,200.00"
2020-10-21,2020102103005520,GRDBL,14,48,80,156.00,"12,480.00"
2020-10-21,2020102103005519,GRDBL,14,37,50,155.00,"7,750.00"
2020-10-21,2020102103005518,GRDBL,14,45,170,154.00,"26,180.00"
2020-10-21,2020102103005485,GRDBL,48,45,30,154.00,"4,620.00"
2020-10-21,2020102103005619,GUFL,8,52,379,152.00,"57,608.00"
2020-10-21,2020102103005618,GUFL,58,52,141,152.00,"21,432.00"
2020-10-21,2020102103005517,GUFL,35,52,20,154.00,"3,080.00"
2020-10-21,2020102103005436,GUFL,44,8,200,153.00,"30,600.00"
2020-10-21,2020102103005330,GUFL,59,8,300,153.00,"45,900.00"
2020-10-21,2020102103005284,GUFL,40,52,150,154.00,"23,100.00"
2020-10-21,2020102103005608,HIDCL,5,55,"1,000",194.00,"194,000.00"
2020-10-21,2020102103005595,HIDCL,35,55,10,194.00,"1,940.00"
2020-10-21,2020102103005586,HIDCL,11,16,227,193.00,"43,811.00"
2020-10-21,2020102103005585,HIDCL,26,16,200,193.00,"38,600.00"
2020-10-21,2020102103005584,HIDCL,21,16,500,193.00,"96,500.00"
2020-10-21,2020102103005583,HIDCL,7,16,753,193.00,"145,329.00"
2020-10-21,2020102103005202,HIDCL,53,38,36,194.00,"6,984.00"
2020-10-21,2020102103005201,HIDCL,58,38,200,194.00,"38,800.00"
2020-10-21,2020102103005200,HIDCL,17,38,764,194.00,"148,216.00"
2020-10-21,2020102103005194,HIDCL,17,34,236,194.00,"45,784.00"
2020-10-21,2020102103005193,HIDCL,49,34,764,194.00,"148,216.00"
2020-10-21,2020102103005385,HIDCL,49,55,"1,414",194.00,"274,316.00"
2020-10-21,2020102103005331,HIDCL,58,4,10,195.00,"1,950.00"
2020-10-21,2020102103005320,HIDCL,49,3,150,194.00,"29,100.00"
2020-10-21,2020102103005299,HIDCL,49,5,436,194.00,"84,584.00"
2020-10-21,2020102103005298,HIDCL,53,5,64,194.00,"12,416.00"
2020-10-21,2020102103005285,HIDCL,58,4,10,195.00,"1,950.00"
2020-10-21,2020102103005409,HIDCL,59,55,224,194.00,"43,456.00"
