Date,Transact. No.,Symbol,Buyer,Seller,Quantity,Rate,Amount
2020-02-11,2020021101015309,ADBL,14,3,99,385.00,"38,115.00"
2020-02-11,2020021101015308,ADBL,14,28,225,385.00,"86,625.00"
2020-02-11,2020021101015307,ADBL,14,42,376,384.00,"144,384.00"
2020-02-11,2020021101015094,ADBL,18,42,25,384.00,"9,600.00"
2020-02-11,2020021101014919,ADBL,26,5,122,383.00,"46,726.00"
2020-02-11,2020021101014869,ADBL,26,53,150,383.00,"57,450.00"
2020-02-11,2020021101015221,AKPL,16,40,"1,000",122.00,"122,000.00"
2020-02-11,2020021101015220,AKPL,28,40,458,122.00,"55,876.00"
2020-02-11,2020021101015090,AKPL,28,40,542,122.00,"66,124.00"
2020-02-11,2020021101015089,AKPL,50,40,500,122.00,"61,000.00"
2020-02-11,2020021101015088,AKPL,45,40,"1,000",122.00,"122,000.00"
2020-02-11,2020021101015087,AKPL,37,40,"1,000",122.00,"122,000.00"
2020-02-11,2020021101015074,AKPL,19,40,954,122.00,"116,388.00"
2020-02-11,2020021101015080,AKPL,52,40,"1,000",122.00,"122,000.00"
2020-02-11,2020021101015079,AKPL,58,40,504,122.00,"61,488.00"
2020-02-11,2020021101015078,AKPL,40,40,"1,000",122.00,"122,000.00"
2020-02-11,2020021101015077,AKPL,36,40,500,122.00,"61,000.00"
2020-02-11,2020021101015076,AKPL,43,40,500,122.00,"61,000.00"
2020-02-11,2020021101015075,AKPL,32,40,500,122.00,"61,000.00"
2020-02-11,2020021101015086,AKPL,25,40,500,122.00,"61,000.00"
2020-02-11,2020021101015085,AKPL,59,40,500,122.00,"61,000.00"
2020-02-11,2020021101015084,AKPL,43,40,"1,000",122.00,"122,000.00"
2020-02-11,2020021101015083,AKPL,45,40,"1,000",122.00,"122,000.00"
2020-02-11,2020021101015082,AKPL,28,40,500,122.00,"61,000.00"
2020-02-11,2020021101015081,AKPL,13,40,500,122.00,"61,000.00"
2020-02-11,2020021101014993,ALBSL,10,22,138,717.00,"98,946.00"
2020-02-11,2020021101015238,API,25,51,100,132.00,"13,200.00"
2020-02-11,2020021101015237,API,25,42,400,131.00,"52,400.00"
2020-02-11,2020021101015200,API,49,42,100,131.00,"13,100.00"
2020-02-11,2020021101015123,API,56,51,"1,000",132.00,"132,000.00"
2020-02-11,2020021101015101,API,25,51,100,132.00,"13,200.00"
2020-02-11,2020021101015072,API,49,58,200,131.00,"26,200.00"
2020-02-11,2020021101015048,API,39,58,100,131.00,"13,100.00"
2020-02-11,2020021101014930,API,33,58,100,131.00,"13,100.00"
2020-02-11,2020021101014862,API,25,51,50,132.00,"6,600.00"
2020-02-11,2020021101014861,API,25,34,141,132.00,"18,612.00"
2020-02-11,2020021101015311,BOKL,5,34,10,237.00,"2,370.00"
2020-02-11,2020021101015255,BOKL,1,17,152,236.00,"35,872.00"
2020-02-11,2020021101015254,BOKL,41,17,348,236.00,"82,128.00"
2020-02-11,2020021101014949,BOKL,5,34,10,237.00,"2,370.00"
2020-02-11,2020021101015208,BPCL,43,25,10,335.00,"3,350.00"
2020-02-11,2020021101014885,BPCL,5,48,190,333.00,"63,270.00"
2020-02-11,2020021101014884,BPCL,22,48,100,334.00,"33,400.00"
2020-02-11,2020021101014883,BPCL,32,48,200,334.00,"66,800.00"
2020-02-11,2020021101014851,BPCL,33,46,100,334.00,"33,400.00"
2020-02-11,2020021101015121,CBBL,40,13,50,"1,047.00","52,350.00"
2020-02-11,2020021101015103,CBBL,22,6,32,"1,041.00","33,312.00"
2020-02-11,2020021101015055,CBBL,55,8,250,"1,043.00","260,750.00"
2020-02-11,2020021101014963,CBBL,6,8,200,"1,044.00","208,800.00"
2020-02-11,2020021101014859,CBBL,18,51,60,"1,046.00","62,760.00"
2020-02-11,2020021101014858,CBBL,18,42,50,"1,045.00","52,250.00"
2020-02-11,2020021101014838,CBBL,50,8,110,"1,044.00","114,840.00"
2020-02-11,2020021101014872,CCBL,26,51,16,186.00,"2,976.00"
2020-02-11,2020021101015168,CHCL,47,48,500,424.00,"212,000.00"
2020-02-11,2020021101014954,CHCL,19,48,200,424.00,"84,800.00"
2020-02-11,2020021101014953,CHCL,10,48,484,424.00,"205,216.00"
2020-02-11,2020021101014868,CHCL,53,48,20,425.00,"8,500.00"
2020-02-11,2020021101015270,CIT,57,40,58,"2,600.00","150,800.00"
2020-02-11,2020021101015269,CIT,57,8,20,"2,600.00","52,000.00"
2020-02-11,2020021101015268,CIT,57,51,17,"2,600.00","44,200.00"
2020-02-11,2020021101015267,CIT,57,38,50,"2,600.00","130,000.00"
2020-02-11,2020021101015266,CIT,57,42,90,"2,600.00","234,000.00"
2020-02-11,2020021101015265,CIT,57,35,50,"2,599.00","129,950.00"
2020-02-11,2020021101015162,CIT,34,52,64,"2,599.00","166,336.00"
2020-02-11,2020021101014939,CIT,49,7,37,"2,598.00","96,126.00"
2020-02-11,2020021101015284,CLBSL,43,5,11,"1,124.00","12,364.00"
2020-02-11,2020021101015283,CLBSL,43,48,40,"1,124.00","44,960.00"
2020-02-11,2020021101015064,CLBSL,38,48,10,"1,124.00","11,240.00"
2020-02-11,2020021101014985,CLBSL,33,49,564,"1,110.00","626,040.00"
2020-02-11,2020021101014984,CLBSL,33,44,20,"1,100.00","22,000.00"
2020-02-11,2020021101014950,CLBSL,17,55,26,"1,098.00","28,548.00"
2020-02-11,2020021101014876,CLBSL,42,44,15,"1,100.00","16,500.00"
2020-02-11,2020021101014875,CLBSL,48,44,30,"1,100.00","33,000.00"
2020-02-11,2020021101014874,CLBSL,40,44,145,"1,100.00","159,500.00"
2020-02-11,2020021101014853,CLBSL,22,49,10,"1,110.00","11,100.00"
2020-02-11,2020021101014852,CLBSL,33,49,10,"1,111.00","11,110.00"
2020-02-11,2020021101014820,CLBSL,21,21,1,"1,091.00","1,091.00"
2020-02-11,2020021101015230,CMF1,45,42,"1,000",9.80,"9,800.00"
2020-02-11,2020021101015047,CZBIL,8,21,200,198.00,"39,600.00"
2020-02-11,2020021101015285,DDBL,6,45,220,873.00,"192,060.00"
2020-02-11,2020021101015261,DDBL,10,7,100,873.00,"87,300.00"
2020-02-11,2020021101015260,DDBL,10,25,100,873.00,"87,300.00"
2020-02-11,2020021101015209,DDBL,6,4,30,872.00,"26,160.00"
2020-02-11,2020021101015192,DDBL,25,26,50,871.00,"43,550.00"
2020-02-11,2020021101015127,DDBL,25,13,33,871.00,"28,743.00"
2020-02-11,2020021101014902,DDBL,25,16,20,871.00,"17,420.00"
2020-02-11,2020021101015316,DHPL,33,49,10,54.00,540.00
2020-02-11,2020021101015166,DHPL,45,21,461,53.00,"24,433.00"
2020-02-11,2020021101015165,DHPL,50,21,39,53.00,"2,067.00"
2020-02-11,2020021101014819,EBL,25,41,100,643.00,"64,300.00"
2020-02-11,2020021101015183,EIC,16,43,20,443.00,"8,860.00"
2020-02-11,2020021101015231,GBBL,16,14,100,244.00,"24,400.00"
2020-02-11,2020021101015312,GBIME,48,45,10,281.00,"2,810.00"
2020-02-11,2020021101015182,GBIME,8,57,436,280.00,"122,080.00"
2020-02-11,2020021101015181,GBIME,22,57,64,280.00,"17,920.00"
2020-02-11,2020021101015160,GBIME,32,19,"1,000",281.00,"281,000.00"
2020-02-11,2020021101015159,GBIME,32,38,792,281.00,"222,552.00"
2020-02-11,2020021101015232,GBLBS,26,58,200,482.00,"96,400.00"
2020-02-11,2020021101015151,GBLBS,49,58,10,482.00,"4,820.00"
2020-02-11,2020021101015129,GBLBS,26,28,490,480.00,"235,200.00"
2020-02-11,2020021101015095,GBLBS,45,43,350,481.00,"168,350.00"
2020-02-11,2020021101014983,GBLBS,5,58,500,482.00,"241,000.00"
2020-02-11,2020021101014918,GBLBS,36,58,100,482.00,"48,200.00"
2020-02-11,2020021101014833,GBLBS,26,43,174,480.00,"83,520.00"
2020-02-11,2020021101015252,GGBSL,34,17,50,909.00,"45,450.00"
2020-02-11,2020021101015214,GGBSL,34,42,70,908.00,"63,560.00"
2020-02-11,2020021101015173,GGBSL,34,42,50,908.00,"45,400.00"
2020-02-11,2020021101015061,GGBSL,34,42,90,908.00,"81,720.00"
2020-02-11,2020021101015060,GGBSL,34,28,10,905.00,"9,050.00"
2020-02-11,2020021101015051,GLICL,44,6,38,767.00,"29,146.00"
2020-02-11,2020021101015050,GLICL,44,6,12,767.00,"9,204.00"
2020-02-11,2020021101014988,GLICL,44,6,313,767.00,"240,071.00"
2020-02-11,2020021101014882,GLICL,44,45,75,767.00,"57,525.00"
2020-02-11,2020021101014881,GLICL,57,45,100,767.00,"76,700.00"
2020-02-11,2020021101014880,GLICL,57,45,125,767.00,"95,875.00"
2020-02-11,2020021101014871,GLICL,57,36,208,767.00,"159,536.00"
2020-02-11,2020021101014823,GLICL,42,6,500,768.00,"384,000.00"
2020-02-11,2020021101014837,GRDBL,40,45,10,134.00,"1,340.00"
2020-02-11,2020021101015264,GUFL,57,17,100,129.00,"12,900.00"
2020-02-11,2020021101014937,GUFL,33,40,10,130.00,"1,300.00"
2020-02-11,2020021101015300,HBL,32,58,10,528.00,"5,280.00"
2020-02-11,2020021101014913,HGI,55,32,200,417.00,"83,400.00"
2020-02-11,2020021101014912,HGI,5,32,200,417.00,"83,400.00"
2020-02-11,2020021101014911,HGI,39,32,100,417.00,"41,700.00"
2020-02-11,2020021101014910,HGI,39,32,100,417.00,"41,700.00"
2020-02-11,2020021101014841,HGI,51,32,120,418.00,"50,160.00"
2020-02-11,2020021101014840,HGI,58,32,80,418.00,"33,440.00"
2020-02-11,2020021101015239,HIDCL,45,48,20,141.00,"2,820.00"
2020-02-11,2020021101014947,HIDCL,45,45,230,140.00,"32,200.00"
2020-02-11,2020021101014938,HPPL,52,50,20,149.00,"2,980.00"
2020-02-11,2020021101014873,HPPL,52,51,10,148.00,"1,480.00"
2020-02-11,2020021101015071,HURJA,17,49,20,110.00,"2,200.00"
2020-02-11,2020021101015070,HURJA,17,35,20,110.00,"2,200.00"
2020-02-11,2020021101015069,HURJA,17,36,20,109.00,"2,180.00"
2020-02-11,2020021101015068,HURJA,17,29,20,108.00,"2,160.00"
2020-02-11,2020021101014822,HURJA,34,51,20,107.00,"2,140.00"
2020-02-11,2020021101015233,ILBS,39,11,10,844.00,"8,440.00"
2020-02-11,2020021101014863,ILBS,14,51,10,840.00,"8,400.00"
2020-02-11,2020021101015282,JBBL,58,49,493,195.00,"96,135.00"
2020-02-11,2020021101015281,JBBL,58,44,572,195.00,"111,540.00"
2020-02-11,2020021101015280,JBBL,58,45,500,194.00,"97,000.00"
2020-02-11,2020021101015279,JBBL,58,6,123,194.00,"23,862.00"
2020-02-11,2020021101015278,JBBL,58,17,500,194.00,"97,000.00"
2020-02-11,2020021101015277,JBBL,58,7,474,194.00,"91,956.00"
2020-02-11,2020021101015014,JBBL,47,58,22,192.00,"4,224.00"
2020-02-11,2020021101015013,JBBL,35,58,500,192.00,"96,000.00"
2020-02-11,2020021101015012,JBBL,51,58,500,192.00,"96,000.00"
2020-02-11,2020021101014924,JBBL,35,49,494,192.00,"94,848.00"
2020-02-11,2020021101014923,JBBL,38,49,500,192.00,"96,000.00"
2020-02-11,2020021101014922,JBBL,41,49,84,192.00,"16,128.00"
2020-02-11,2020021101015020,JBBL,58,58,378,191.00,"72,198.00"
2020-02-11,2020021101015019,JBBL,10,58,"1,000",191.00,"191,000.00"
2020-02-11,2020021101015018,JBBL,43,58,300,191.00,"57,300.00"
2020-02-11,2020021101015017,JBBL,59,58,100,191.00,"19,100.00"
2020-02-11,2020021101015016,JBBL,28,58,"1,000",191.00,"191,000.00"
2020-02-11,2020021101015015,JBBL,52,58,200,192.00,"38,400.00"
2020-02-11,2020021101015276,JBBL,58,48,21,194.00,"4,074.00"
2020-02-11,2020021101015275,JBBL,58,42,200,193.00,"38,600.00"
2020-02-11,2020021101015274,JBBL,58,45,549,193.00,"105,957.00"
2020-02-11,2020021101015273,JBBL,58,42,"1,380",193.00,"266,340.00"
2020-02-11,2020021101015272,JBBL,58,16,"1,188",192.00,"228,096.00"
2020-02-11,2020021101015215,JBBL,58,58,400,191.00,"76,400.00"
2020-02-11,2020021101015009,JFL,42,32,10,183.00,"1,830.00"
2020-02-11,2020021101014965,JFL,38,17,190,181.00,"34,390.00"
2020-02-11,2020021101014964,JFL,25,17,200,181.00,"36,200.00"
2020-02-11,2020021101014821,JFL,42,32,10,183.00,"1,830.00"
2020-02-11,2020021101015235,KBL,32,58,100,198.00,"19,800.00"
2020-02-11,2020021101015171,KBL,32,28,100,198.00,"19,800.00"
2020-02-11,2020021101015158,KBL,44,28,500,196.00,"98,000.00"
2020-02-11,2020021101015157,KBL,34,28,100,196.00,"19,600.00"
2020-02-11,2020021101015156,KBL,29,28,"1,000",196.00,"196,000.00"
2020-02-11,2020021101015155,KBL,33,28,"1,622",196.00,"317,912.00"
2020-02-11,2020021101015154,KBL,13,28,"1,000",196.00,"196,000.00"
2020-02-11,2020021101015073,KKHC,21,44,16,55.00,880.00
2020-02-11,2020021101015229,KPCL,7,6,100,99.00,"9,900.00"
2020-02-11,2020021101015228,KPCL,7,42,50,99.00,"4,950.00"
2020-02-11,2020021101015227,KPCL,7,55,250,99.00,"24,750.00"
2020-02-11,2020021101015226,KPCL,7,52,108,99.00,"10,692.00"
2020-02-11,2020021101014870,KPCL,55,56,10,96.00,960.00
2020-02-11,2020021101014999,KPCL,7,34,500,97.00,"48,500.00"
2020-02-11,2020021101014998,KPCL,7,10,340,97.00,"32,980.00"
2020-02-11,2020021101015135,KPCL,7,38,60,98.00,"5,880.00"
2020-02-11,2020021101015134,KPCL,7,48,10,98.00,980.00
2020-02-11,2020021101015133,KPCL,7,52,108,98.00,"10,584.00"
2020-02-11,2020021101015132,KPCL,7,25,100,98.00,"9,800.00"
2020-02-11,2020021101015001,KPCL,7,52,250,97.00,"24,250.00"
2020-02-11,2020021101015000,KPCL,7,49,100,97.00,"9,700.00"
2020-02-11,2020021101015225,KPCL,7,58,118,99.00,"11,682.00"
2020-02-11,2020021101015191,KPCL,7,58,182,99.00,"18,018.00"
2020-02-11,2020021101015190,KPCL,7,25,50,99.00,"4,950.00"
2020-02-11,2020021101015150,KPCL,7,25,100,98.00,"9,800.00"
2020-02-11,2020021101015136,KPCL,7,13,200,98.00,"19,600.00"
2020-02-11,2020021101014905,KRBL,10,45,332,117.00,"38,844.00"
2020-02-11,2020021101014904,KRBL,29,45,500,118.00,"59,000.00"
2020-02-11,2020021101014903,KRBL,43,45,168,118.00,"19,824.00"
2020-02-11,2020021101014856,KRBL,19,56,601,119.00,"71,519.00"
2020-02-11,2020021101015149,LBBL,45,42,10,196.00,"1,960.00"
2020-02-11,2020021101014839,LBL,4,35,738,226.00,"166,788.00"
2020-02-11,2020021101015253,LGIL,56,34,50,503.00,"25,150.00"
2020-02-11,2020021101015189,LGIL,38,10,43,502.00,"21,586.00"
2020-02-11,2020021101015188,LGIL,38,10,10,503.00,"5,030.00"
2020-02-11,2020021101014901,LGIL,22,58,15,500.00,"7,500.00"
2020-02-11,2020021101014900,LGIL,51,58,500,500.00,"250,000.00"
2020-02-11,2020021101014899,LGIL,19,58,50,500.00,"25,000.00"
2020-02-11,2020021101014898,LGIL,19,58,50,500.00,"25,000.00"
2020-02-11,2020021101014897,LGIL,48,58,50,500.00,"25,000.00"
2020-02-11,2020021101014896,LGIL,36,58,200,501.00,"100,200.00"
2020-02-11,2020021101014895,LGIL,59,58,135,501.00,"67,635.00"
2020-02-11,2020021101015148,LICN,50,35,203,"1,210.00","245,630.00"
2020-02-11,2020021101015147,LICN,59,35,100,"1,214.00","121,400.00"
2020-02-11,2020021101015146,LICN,21,35,21,"1,214.00","25,494.00"
2020-02-11,2020021101015145,LICN,40,35,400,"1,215.00","486,000.00"
2020-02-11,2020021101015144,LICN,44,35,100,"1,215.00","121,500.00"
2020-02-11,2020021101015143,LICN,50,35,200,"1,215.00","243,000.00"
2020-02-11,2020021101015052,LICN,26,58,400,"1,218.00","487,200.00"
2020-02-11,2020021101015142,LICN,50,35,50,"1,215.00","60,750.00"
2020-02-11,2020021101015141,LICN,5,35,50,"1,216.00","60,800.00"
2020-02-11,2020021101015140,LICN,22,35,100,"1,217.00","121,700.00"
2020-02-11,2020021101015139,LICN,22,35,70,"1,217.00","85,190.00"
2020-02-11,2020021101015138,LICN,57,35,50,"1,218.00","60,900.00"
2020-02-11,2020021101015053,LICN,22,58,30,"1,217.00","36,510.00"
2020-02-11,2020021101015219,MERO,34,39,36,673.00,"24,228.00"
2020-02-11,2020021101015002,MERO,45,39,100,673.00,"67,300.00"
2020-02-11,2020021101014920,MERO,34,42,50,670.00,"33,500.00"
2020-02-11,2020021101014845,MNBBL,44,1,200,322.00,"64,400.00"
2020-02-11,2020021101014844,MNBBL,44,36,111,322.00,"35,742.00"
2020-02-11,2020021101014843,MNBBL,44,58,530,322.00,"170,660.00"
2020-02-11,2020021101014917,MSMBS,57,37,100,786.00,"78,600.00"
2020-02-11,2020021101015212,NABIL,25,43,71,723.00,"51,333.00"
2020-02-11,2020021101015211,NABIL,25,44,79,722.00,"57,038.00"
2020-02-11,2020021101015187,NABIL,46,44,250,722.00,"180,500.00"
2020-02-11,2020021101015186,NABIL,36,44,100,722.00,"72,200.00"
2020-02-11,2020021101015185,NABIL,25,44,500,722.00,"361,000.00"
2020-02-11,2020021101015184,NABIL,25,44,71,722.00,"51,262.00"
2020-02-11,2020021101015137,NABIL,25,44,250,722.00,"180,500.00"
2020-02-11,2020021101014864,NABIL,46,38,260,723.00,"187,980.00"
2020-02-11,2020021101015305,NADEP,16,43,50,718.00,"35,900.00"
2020-02-11,2020021101015008,NADEP,29,34,23,716.00,"16,468.00"
2020-02-11,2020021101015313,NBL,33,32,25,269.00,"6,725.00"
2020-02-11,2020021101015251,NBL,1,32,150,269.00,"40,350.00"
2020-02-11,2020021101015152,NBL,45,32,30,269.00,"8,070.00"
2020-02-11,2020021101014827,NBL,5,32,638,269.00,"171,622.00"
2020-02-11,2020021101014826,NBL,5,52,200,269.00,"53,800.00"
2020-02-11,2020021101014825,NBL,5,38,50,269.00,"13,450.00"
2020-02-11,2020021101014824,NBL,5,32,112,269.00,"30,128.00"
2020-02-11,2020021101015130,NCCB,33,38,10,196.00,"1,960.00"
2020-02-11,2020021101015023,NCCB,25,5,440,195.00,"85,800.00"
2020-02-11,2020021101014946,NCCB,25,6,327,195.00,"63,765.00"
2020-02-11,2020021101014945,NCCB,59,6,100,195.00,"19,500.00"
2020-02-11,2020021101014944,NCCB,49,6,500,195.00,"97,500.00"
2020-02-11,2020021101014943,NCCB,34,6,100,195.00,"19,500.00"
2020-02-11,2020021101014942,NCCB,49,6,100,195.00,"19,500.00"
2020-02-11,2020021101014941,NCCB,36,6,373,195.00,"72,735.00"
2020-02-11,2020021101015091,NHPC,28,47,10,58.00,580.00
2020-02-11,2020021101014997,NHPC,55,40,"1,620",57.00,"92,340.00"
2020-02-11,2020021101015299,NIB,34,42,100,380.00,"38,000.00"
2020-02-11,2020021101015065,NIB,35,42,30,380.00,"11,400.00"
2020-02-11,2020021101015054,NIB,16,42,500,380.00,"190,000.00"
2020-02-11,2020021101015049,NIB,59,42,100,380.00,"38,000.00"
2020-02-11,2020021101014860,NIB,8,42,100,380.00,"38,000.00"
2020-02-11,2020021101015314,NICA,47,34,10,503.00,"5,030.00"
2020-02-11,2020021101015258,NICA,28,1,58,501.00,"29,058.00"
2020-02-11,2020021101015257,NICA,19,1,42,502.00,"21,084.00"
2020-02-11,2020021101015172,NICA,19,45,58,502.00,"29,116.00"
2020-02-11,2020021101015126,NICA,25,45,442,502.00,"221,884.00"
2020-02-11,2020021101015125,NICA,25,34,58,502.00,"29,116.00"
2020-02-11,2020021101014994,NICA,32,28,100,502.00,"50,200.00"
2020-02-11,2020021101014927,NICA,25,28,332,502.00,"166,664.00"
2020-02-11,2020021101014926,NICA,25,6,50,502.00,"25,100.00"
2020-02-11,2020021101014925,NICA,25,6,118,502.00,"59,236.00"
2020-02-11,2020021101014916,NICA,28,14,82,501.00,"41,082.00"
2020-02-11,2020021101014915,NICA,28,14,138,501.00,"69,138.00"
2020-02-11,2020021101015120,NICA,28,48,482,501.00,"241,482.00"
2020-02-11,2020021101015119,NICA,28,48,800,501.00,"400,800.00"
2020-02-11,2020021101015118,NICA,28,48,718,501.00,"359,718.00"
2020-02-11,2020021101015100,NICA,29,34,442,502.00,"221,884.00"
2020-02-11,2020021101015099,NICA,29,28,558,502.00,"280,116.00"
2020-02-11,2020021101015098,NICA,51,28,10,502.00,"5,020.00"
2020-02-11,2020021101014921,NICGF,26,54,500,9.19,"4,595.00"
2020-02-11,2020021101014909,NICGF,26,54,400,9.19,"3,676.00"
2020-02-11,2020021101015315,NICL,44,58,10,441.00,"4,410.00"
2020-02-11,2020021101015201,NICL,22,34,30,443.00,"13,290.00"
2020-02-11,2020021101014879,NICL,44,40,900,441.00,"396,900.00"
2020-02-11,2020021101014842,NICL,42,34,10,443.00,"4,430.00"
2020-02-11,2020021101014817,NICL,25,29,500,441.00,"220,500.00"
2020-02-11,2020021101015056,NIL,7,16,14,567.00,"7,938.00"
2020-02-11,2020021101015021,NIL,16,58,20,569.00,"11,380.00"
2020-02-11,2020021101014828,NIL,7,45,11,567.00,"6,237.00"
2020-02-11,2020021101015306,NLG,26,26,45,620.00,"27,900.00"
2020-02-11,2020021101015297,NLG,41,26,10,620.00,"6,200.00"
2020-02-11,2020021101015213,NLIC,48,36,150,"1,122.00","168,300.00"
2020-02-11,2020021101015259,NMB,29,49,50,380.00,"19,000.00"
2020-02-11,2020021101015115,NMB,4,57,75,379.00,"28,425.00"
2020-02-11,2020021101015114,NMB,4,6,500,379.00,"189,500.00"
2020-02-11,2020021101015113,NMB,4,29,12,379.00,"4,548.00"
2020-02-11,2020021101015112,NMB,4,1,100,379.00,"37,900.00"
2020-02-11,2020021101015111,NMB,4,44,"1,000",379.00,"379,000.00"
2020-02-11,2020021101015104,NMB,4,50,500,379.00,"189,500.00"
2020-02-11,2020021101014829,NMB,51,19,238,378.00,"89,964.00"
2020-02-11,2020021101015110,NMB,4,32,400,379.00,"151,600.00"
2020-02-11,2020021101015109,NMB,4,39,250,379.00,"94,750.00"
2020-02-11,2020021101015108,NMB,4,36,"1,000",379.00,"379,000.00"
2020-02-11,2020021101015107,NMB,4,39,25,379.00,"9,475.00"
2020-02-11,2020021101015106,NMB,4,1,50,379.00,"18,950.00"
2020-02-11,2020021101015105,NMB,4,49,465,379.00,"176,235.00"
2020-02-11,2020021101015180,NMBMF,45,21,50,916.00,"45,800.00"
2020-02-11,2020021101015179,NMBMF,45,38,50,915.00,"45,750.00"
2020-02-11,2020021101015178,NMBMF,45,19,50,915.00,"45,750.00"
2020-02-11,2020021101015177,NMBMF,45,1,50,915.00,"45,750.00"
2020-02-11,2020021101015176,NMBMF,45,7,100,914.00,"91,400.00"
2020-02-11,2020021101015175,NMBMF,45,14,100,914.00,"91,400.00"
2020-02-11,2020021101015174,NMBMF,45,10,40,913.00,"36,520.00"
2020-02-11,2020021101015046,NMFBS,33,7,11,"1,620.00","17,820.00"
2020-02-11,2020021101015045,NMFBS,33,42,15,"1,620.00","24,300.00"
2020-02-11,2020021101015044,NMFBS,33,7,59,"1,616.00","95,344.00"
2020-02-11,2020021101015043,NMFBS,33,14,15,"1,615.00","24,225.00"
2020-02-11,2020021101014969,NMFBS,33,14,85,"1,615.00","137,275.00"
2020-02-11,2020021101014968,NMFBS,33,28,15,"1,611.00","24,165.00"
2020-02-11,2020021101014967,NMFBS,33,52,108,"1,610.00","173,880.00"
2020-02-11,2020021101014966,NMFBS,33,7,100,"1,600.00","160,000.00"
2020-02-11,2020021101015116,NTC,11,57,50,620.00,"31,000.00"
2020-02-11,2020021101015301,NUBL,52,33,100,990.00,"99,000.00"
2020-02-11,2020021101014934,NUBL,26,47,88,985.00,"86,680.00"
2020-02-11,2020021101014914,NUBL,14,33,100,989.00,"98,900.00"
2020-02-11,2020021101014981,PCBL,5,28,10,279.00,"2,790.00"
2020-02-11,2020021101014835,PCBL,14,42,388,278.00,"107,864.00"
2020-02-11,2020021101014834,PCBL,6,42,112,278.00,"31,136.00"
2020-02-11,2020021101014818,PCBL,7,28,100,279.00,"27,900.00"
2020-02-11,2020021101015271,PFL,13,45,10,161.00,"1,610.00"
2020-02-11,2020021101015030,PFL,13,45,166,159.00,"26,394.00"
2020-02-11,2020021101015029,PFL,13,35,30,159.00,"4,770.00"
2020-02-11,2020021101015028,PFL,13,49,16,159.00,"2,544.00"
2020-02-11,2020021101015102,PIC,45,57,150,572.00,"85,800.00"
2020-02-11,2020021101015022,PIC,49,37,90,571.00,"51,390.00"
2020-02-11,2020021101014850,PIC,49,57,100,571.00,"57,100.00"
2020-02-11,2020021101014849,PIC,49,41,10,570.00,"5,700.00"
2020-02-11,2020021101015289,PICL,49,1,50,509.00,"25,450.00"
2020-02-11,2020021101015163,PICL,42,1,10,509.00,"5,090.00"
2020-02-11,2020021101015161,PICL,49,16,30,508.00,"15,240.00"
2020-02-11,2020021101015063,PLIC,38,44,112,573.00,"64,176.00"
2020-02-11,2020021101015304,PMHPL,52,39,10,93.00,930.00
2020-02-11,2020021101015303,PMHPL,52,39,10,93.00,930.00
2020-02-11,2020021101014982,PPCL,49,51,30,125.00,"3,750.00"
2020-02-11,2020021101015224,PRIN,16,58,100,447.00,"44,700.00"
2020-02-11,2020021101014867,PRIN,44,45,500,450.00,"225,000.00"
2020-02-11,2020021101014866,PRIN,44,17,100,450.00,"45,000.00"
2020-02-11,2020021101014865,PRIN,44,49,100,450.00,"45,000.00"
2020-02-11,2020021101014831,PRIN,44,53,99,449.00,"44,451.00"
2020-02-11,2020021101014830,PRIN,44,49,500,449.00,"224,500.00"
2020-02-11,2020021101015288,PROFL,34,42,10,114.00,"1,140.00"
2020-02-11,2020021101015117,PROFL,38,34,200,111.00,"22,200.00"
2020-02-11,2020021101015122,PRVU,4,1,92,245.00,"22,540.00"
2020-02-11,2020021101015058,PRVU,32,42,51,246.00,"12,546.00"
2020-02-11,2020021101015057,PRVU,32,16,49,246.00,"12,054.00"
2020-02-11,2020021101014929,PRVU,4,35,30,245.00,"7,350.00"
2020-02-11,2020021101014877,PRVU,48,16,105,246.00,"25,830.00"
2020-02-11,2020021101014836,PRVU,4,7,"1,000",245.00,"245,000.00"
2020-02-11,2020021101015042,RHPC,25,46,504,82.00,"41,328.00"
2020-02-11,2020021101015041,RHPC,25,46,"1,000",82.00,"82,000.00"
2020-02-11,2020021101015040,RHPC,25,54,500,82.00,"41,000.00"
2020-02-11,2020021101015039,RHPC,25,46,"1,000",82.00,"82,000.00"
2020-02-11,2020021101015038,RHPC,25,34,121,82.00,"9,922.00"
2020-02-11,2020021101015037,RHPC,25,45,500,82.00,"41,000.00"
2020-02-11,2020021101014973,RHPC,25,51,"1,000",81.00,"81,000.00"
2020-02-11,2020021101014972,RHPC,25,51,"1,000",81.00,"81,000.00"
2020-02-11,2020021101014971,RHPC,25,40,"2,900",81.00,"234,900.00"
2020-02-11,2020021101015036,RHPC,25,51,"1,500",82.00,"123,000.00"
2020-02-11,2020021101015035,RHPC,25,52,460,82.00,"37,720.00"
2020-02-11,2020021101015034,RHPC,25,34,165,82.00,"13,530.00"
2020-02-11,2020021101015033,RHPC,25,46,350,82.00,"28,700.00"
2020-02-11,2020021101015032,RHPC,25,40,"2,000",82.00,"164,000.00"
2020-02-11,2020021101014974,RHPC,25,51,"2,000",81.00,"162,000.00"
2020-02-11,2020021101014928,RHPL,29,34,40,168.00,"6,720.00"
2020-02-11,2020021101015210,RMDC,50,28,400,689.00,"275,600.00"
2020-02-11,2020021101015131,RMDC,50,22,500,689.00,"344,500.00"
2020-02-11,2020021101015222,RSDC,34,38,10,482.00,"4,820.00"
2020-02-11,2020021101015026,RSDC,57,17,100,479.00,"47,900.00"
2020-02-11,2020021101014933,RSDC,49,38,41,479.00,"19,639.00"
2020-02-11,2020021101014932,RSDC,44,38,39,480.00,"18,720.00"
2020-02-11,2020021101015170,SABSL,5,22,50,900.00,"45,000.00"
2020-02-11,2020021101015169,SABSL,5,1,10,900.00,"9,000.00"
2020-02-11,2020021101015199,SAEF,51,42,"1,000",9.31,"9,310.00"
2020-02-11,2020021101015198,SAEF,41,42,"1,800",9.31,"16,758.00"
2020-02-11,2020021101015206,SANIMA,4,8,"1,270",348.00,"441,960.00"
2020-02-11,2020021101015205,SANIMA,4,4,30,347.00,"10,410.00"
2020-02-11,2020021101015204,SANIMA,4,6,500,347.00,"173,500.00"
2020-02-11,2020021101015203,SANIMA,4,26,"1,000",347.00,"347,000.00"
2020-02-11,2020021101015202,SANIMA,4,28,200,347.00,"69,400.00"
2020-02-11,2020021101015164,SBL,43,45,750,315.00,"236,250.00"
2020-02-11,2020021101015006,SBL,13,34,100,316.00,"31,600.00"
2020-02-11,2020021101015005,SBL,13,25,800,316.00,"252,800.00"
2020-02-11,2020021101015004,SBL,13,7,100,316.00,"31,600.00"
2020-02-11,2020021101015263,SHIVM,28,34,50,558.00,"27,900.00"
2020-02-11,2020021101015250,SHIVM,52,35,710,556.00,"394,760.00"
2020-02-11,2020021101015249,SHIVM,22,35,100,557.00,"55,700.00"
2020-02-11,2020021101015248,SHIVM,35,35,500,557.00,"278,500.00"
2020-02-11,2020021101015247,SHIVM,59,35,500,557.00,"278,500.00"
2020-02-11,2020021101015246,SHIVM,42,35,200,557.00,"111,400.00"
2020-02-11,2020021101014978,SHIVM,45,25,738,558.00,"411,804.00"
2020-02-11,2020021101014977,SHIVM,41,25,200,558.00,"111,600.00"
2020-02-11,2020021101014976,SHIVM,56,25,62,558.00,"34,596.00"
2020-02-11,2020021101015097,SHIVM,28,33,50,560.00,"28,000.00"
2020-02-11,2020021101015096,SHIVM,28,13,950,559.00,"531,050.00"
2020-02-11,2020021101015062,SHIVM,45,25,100,558.00,"55,800.00"
2020-02-11,2020021101015059,SHIVM,45,19,100,558.00,"55,800.00"
2020-02-11,2020021101015027,SHIVM,28,13,"1,000",559.00,"559,000.00"
2020-02-11,2020021101015025,SHIVM,28,13,50,559.00,"27,950.00"
2020-02-11,2020021101015245,SHIVM,25,35,100,557.00,"55,700.00"
2020-02-11,2020021101015244,SHIVM,19,35,150,557.00,"83,550.00"
2020-02-11,2020021101015243,SHIVM,34,35,78,557.00,"43,446.00"
2020-02-11,2020021101015242,SHIVM,22,35,100,558.00,"55,800.00"
2020-02-11,2020021101015241,SHIVM,45,35,62,558.00,"34,596.00"
2020-02-11,2020021101015207,SHIVM,21,33,700,560.00,"392,000.00"
2020-02-11,2020021101015310,SHPC,56,22,50,220.00,"11,000.00"
2020-02-11,2020021101015236,SHPC,56,4,10,221.00,"2,210.00"
2020-02-11,2020021101015031,SIC,26,8,10,743.00,"7,430.00"
2020-02-11,2020021101014948,SIC,42,16,30,740.00,"22,200.00"
2020-02-11,2020021101015256,SIL,5,49,300,565.00,"169,500.00"
2020-02-11,2020021101015223,SIL,21,20,100,564.00,"56,400.00"
2020-02-11,2020021101015124,SIL,5,4,17,563.00,"9,571.00"
2020-02-11,2020021101015067,SIL,7,4,83,563.00,"46,729.00"
2020-02-11,2020021101015066,SIL,7,4,17,563.00,"9,571.00"
2020-02-11,2020021101015024,SIL,40,17,92,562.00,"51,704.00"
2020-02-11,2020021101014855,SIL,1,4,33,563.00,"18,579.00"
2020-02-11,2020021101014854,SIL,1,4,67,563.00,"37,721.00"
2020-02-11,2020021101014848,SIL,7,4,120,563.00,"67,560.00"
2020-02-11,2020021101014847,SIL,7,4,80,563.00,"45,040.00"
2020-02-11,2020021101014846,SIL,7,4,100,563.00,"56,300.00"
2020-02-11,2020021101014935,SIL,7,4,83,562.00,"46,646.00"
2020-02-11,2020021101014908,SIL,7,4,33,563.00,"18,579.00"
2020-02-11,2020021101014907,SIL,7,4,50,563.00,"28,150.00"
2020-02-11,2020021101014906,SIL,7,4,217,563.00,"122,171.00"
2020-02-11,2020021101014878,SIL,7,48,100,562.00,"56,200.00"
2020-02-11,2020021101014857,SIL,7,34,300,562.00,"168,600.00"
2020-02-11,2020021101014995,SIL,40,4,40,562.00,"22,480.00"
2020-02-11,2020021101014992,SIL,14,4,81,561.00,"45,441.00"
2020-02-11,2020021101014991,SIL,51,4,69,561.00,"38,709.00"
2020-02-11,2020021101014990,SIL,51,4,50,561.00,"28,050.00"
2020-02-11,2020021101014975,SIL,51,4,81,561.00,"45,441.00"
2020-02-11,2020021101014936,SIL,45,4,50,562.00,"28,100.00"
2020-02-11,2020021101015167,SINDU,42,17,16,135.00,"2,160.00"
2020-02-11,2020021101015218,SJCL,17,46,10,159.00,"1,590.00"
2020-02-11,2020021101015217,SJCL,17,47,20,159.00,"3,180.00"
2020-02-11,2020021101015216,SJCL,17,39,20,159.00,"3,180.00"
2020-02-11,2020021101014962,SJCL,14,34,20,158.00,"3,160.00"
2020-02-11,2020021101015262,SKBBL,34,16,10,"1,037.00","10,370.00"
2020-02-11,2020021101015302,SLBBL,51,57,89,910.00,"80,990.00"
2020-02-11,2020021101015298,SLBBL,17,57,100,908.00,"90,800.00"
2020-02-11,2020021101015153,SLBBL,46,57,11,910.00,"10,010.00"
2020-02-11,2020021101015286,SLICL,59,34,100,462.00,"46,200.00"
2020-02-11,2020021101015240,SLICL,44,40,12,465.00,"5,580.00"
2020-02-11,2020021101015197,SLICL,52,57,47,462.00,"21,714.00"
2020-02-11,2020021101015196,SLICL,39,57,50,462.00,"23,100.00"
2020-02-11,2020021101015195,SLICL,44,57,323,462.00,"149,226.00"
2020-02-11,2020021101015194,SLICL,1,57,100,463.00,"46,300.00"
2020-02-11,2020021101015193,SLICL,25,57,50,463.00,"23,150.00"
2020-02-11,2020021101015128,SLICL,51,57,500,463.00,"231,500.00"
2020-02-11,2020021101015007,SLICL,44,57,10,464.00,"4,640.00"
2020-02-11,2020021101014980,SLICL,44,52,371,462.00,"171,402.00"
2020-02-11,2020021101014979,SLICL,11,52,50,463.00,"23,150.00"
2020-02-11,2020021101014955,SLICL,42,57,400,464.00,"185,600.00"
2020-02-11,2020021101015093,SMB,43,34,10,"1,036.00","10,360.00"
2020-02-11,2020021101015092,SMB,43,56,90,"1,036.00","93,240.00"
2020-02-11,2020021101015011,SMB,43,47,10,"1,035.00","10,350.00"
2020-02-11,2020021101015010,SMB,43,47,10,"1,035.00","10,350.00"
2020-02-11,2020021101014961,SMB,34,20,150,"1,030.00","154,500.00"
2020-02-11,2020021101014960,SMB,34,32,10,"1,030.00","10,300.00"
2020-02-11,2020021101014959,SMB,34,54,10,"1,025.00","10,250.00"
2020-02-11,2020021101014958,SMB,34,17,10,"1,020.00","10,200.00"
2020-02-11,2020021101014957,SMB,34,34,10,"1,019.00","10,190.00"
2020-02-11,2020021101014931,SPARS,13,44,33,875.00,"28,875.00"
2020-02-11,2020021101014832,SPARS,13,55,67,875.00,"58,625.00"
2020-02-11,2020021101014894,SRBL,4,28,749,250.00,"187,250.00"
2020-02-11,2020021101014893,SRBL,4,19,58,250.00,"14,500.00"
2020-02-11,2020021101014892,SRBL,4,20,"1,500",250.00,"375,000.00"
2020-02-11,2020021101014891,SRBL,4,54,115,250.00,"28,750.00"
2020-02-11,2020021101014890,SRBL,4,26,123,250.00,"30,750.00"
2020-02-11,2020021101014889,SRBL,4,40,20,250.00,"5,000.00"
2020-02-11,2020021101014888,SRBL,4,50,252,250.00,"63,000.00"
2020-02-11,2020021101014887,SRBL,4,51,"2,093",250.00,"523,250.00"
2020-02-11,2020021101014886,SRBL,4,45,27,250.00,"6,750.00"
2020-02-11,2020021101015296,SWBBL,39,57,50,"1,175.00","58,750.00"
2020-02-11,2020021101015295,SWBBL,39,43,100,"1,175.00","117,500.00"
2020-02-11,2020021101015294,SWBBL,39,21,100,"1,175.00","117,500.00"
2020-02-11,2020021101015293,SWBBL,39,33,500,"1,174.00","587,000.00"
2020-02-11,2020021101015292,SWBBL,39,45,100,"1,173.00","117,300.00"
2020-02-11,2020021101015291,SWBBL,39,51,50,"1,172.00","58,600.00"
2020-02-11,2020021101015290,SWBBL,39,45,100,"1,171.00","117,100.00"
2020-02-11,2020021101015003,TMDBL,44,43,45,189.00,"8,505.00"
2020-02-11,2020021101015287,TRH,45,4,30,295.00,"8,850.00"
2020-02-11,2020021101014952,UIC,37,53,50,424.00,"21,200.00"
2020-02-11,2020021101014951,UIC,43,53,100,425.00,"42,500.00"
2020-02-11,2020021101014940,UIC,5,52,100,426.00,"42,600.00"
2020-02-11,2020021101014956,UPPER,1,25,620,241.00,"149,420.00"
2020-02-11,2020021101014989,UPPER,25,39,24,242.00,"5,808.00"
2020-02-11,2020021101014987,UPPER,1,32,"1,685",241.00,"406,085.00"
2020-02-11,2020021101014986,UPPER,6,32,315,241.00,"75,915.00"
2020-02-11,2020021101014970,UPPER,1,25,10,241.00,"2,410.00"
2020-02-11,2020021101014996,VLBS,16,55,86,"1,061.00","91,246.00"
2020-02-11,2020021101015234,WOMI,44,16,62,"1,015.00","62,930.00"
2020-02-11,2020021101014424,ADBL,26,59,500,383.00,"191,500.00"
2020-02-11,2020021101014419,ADBL,57,42,600,384.00,"230,400.00"
2020-02-11,2020021101014418,ADBL,57,49,200,384.00,"76,800.00"
2020-02-11,2020021101014354,ADBL,26,19,50,383.00,"19,150.00"
2020-02-11,2020021101014334,AKJCL,51,45,20,54.00,"1,080.00"
2020-02-11,2020021101014437,AKPL,45,40,200,123.00,"24,600.00"
2020-02-11,2020021101014648,ALBSL,1,22,62,720.00,"44,640.00"
2020-02-11,2020021101014590,ALBSL,42,22,100,720.00,"72,000.00"
2020-02-11,2020021101014533,ALBSL,32,45,200,721.00,"144,200.00"
2020-02-11,2020021101014488,ALBSL,32,59,200,720.00,"144,000.00"
2020-02-11,2020021101014471,ALBSL,57,59,50,720.00,"36,000.00"
2020-02-11,2020021101014470,ALBSL,57,40,50,720.00,"36,000.00"
2020-02-11,2020021101014790,ALICL,55,58,500,567.00,"283,500.00"
2020-02-11,2020021101014789,ALICL,28,58,50,567.00,"28,350.00"
2020-02-11,2020021101014788,ALICL,43,58,100,567.00,"56,700.00"
2020-02-11,2020021101014787,ALICL,41,58,114,567.00,"64,638.00"
2020-02-11,2020021101014786,ALICL,10,58,500,567.00,"283,500.00"
2020-02-11,2020021101014785,ALICL,21,58,132,567.00,"74,844.00"
2020-02-11,2020021101014430,ALICL,1,44,172,568.00,"97,696.00"
2020-02-11,2020021101014349,ALICL,1,28,128,568.00,"72,704.00"
2020-02-11,2020021101014348,ALICL,58,28,440,568.00,"249,920.00"
2020-02-11,2020021101014719,ALICL,21,22,100,567.00,"56,700.00"
2020-02-11,2020021101014699,ALICL,21,45,68,567.00,"38,556.00"
2020-02-11,2020021101014626,ALICL,21,25,200,567.00,"113,400.00"
2020-02-11,2020021101014595,ALICL,38,44,300,568.00,"170,400.00"
2020-02-11,2020021101014432,ALICL,41,44,100,568.00,"56,800.00"
2020-02-11,2020021101014431,ALICL,43,44,350,568.00,"198,800.00"
2020-02-11,2020021101014754,API,22,34,359,132.00,"47,388.00"
2020-02-11,2020021101014612,API,22,53,113,132.00,"14,916.00"
2020-02-11,2020021101014557,API,22,55,603,132.00,"79,596.00"
2020-02-11,2020021101014531,API,22,45,25,132.00,"3,300.00"
2020-02-11,2020021101014523,API,22,45,100,132.00,"13,200.00"
2020-02-11,2020021101014438,API,22,32,800,132.00,"105,600.00"
2020-02-11,2020021101014403,API,25,32,200,132.00,"26,400.00"
2020-02-11,2020021101014346,API,17,53,"1,520",131.00,"199,120.00"
2020-02-11,2020021101014326,API,44,53,"1,080",131.00,"141,480.00"
2020-02-11,2020021101014591,BOKL,41,52,100,236.00,"23,600.00"
2020-02-11,2020021101014653,BPCL,43,17,10,336.00,"3,360.00"
2020-02-11,2020021101014604,BPCL,33,32,50,335.00,"16,750.00"
2020-02-11,2020021101014766,CBBL,50,8,190,"1,044.00","198,360.00"
2020-02-11,2020021101014765,CBBL,45,8,10,"1,044.00","10,440.00"
2020-02-11,2020021101014583,CBL,49,21,800,155.00,"124,000.00"
2020-02-11,2020021101014582,CBL,49,48,47,155.00,"7,285.00"
2020-02-11,2020021101014581,CBL,49,58,"4,000",155.00,"620,000.00"
2020-02-11,2020021101014543,CBL,17,58,"1,000",155.00,"155,000.00"
2020-02-11,2020021101014617,CHCL,55,48,280,425.00,"119,000.00"
2020-02-11,2020021101014484,CHCL,49,48,345,425.00,"146,625.00"
2020-02-11,2020021101014783,CIT,38,52,336,"2,599.00","873,264.00"
2020-02-11,2020021101014782,CIT,38,8,100,"2,599.00","259,900.00"
2020-02-11,2020021101014781,CIT,38,39,140,"2,598.00","363,720.00"
2020-02-11,2020021101014780,CIT,38,49,200,"2,595.00","519,000.00"
2020-02-11,2020021101014779,CIT,38,55,50,"2,594.00","129,700.00"
2020-02-11,2020021101014778,CIT,38,34,10,"2,594.00","25,940.00"
2020-02-11,2020021101014777,CIT,38,39,100,"2,590.00","259,000.00"
2020-02-11,2020021101014776,CIT,38,39,64,"2,590.00","165,760.00"
2020-02-11,2020021101014584,CIT,45,5,35,"2,590.00","90,650.00"
2020-02-11,2020021101014513,CIT,26,39,91,"2,591.00","235,781.00"
2020-02-11,2020021101014442,CIT,57,52,100,"2,595.00","259,500.00"
2020-02-11,2020021101014386,CIT,57,38,200,"2,595.00","519,000.00"
2020-02-11,2020021101014702,CLBSL,22,45,50,"1,112.00","55,600.00"
2020-02-11,2020021101014701,CLBSL,50,45,20,"1,112.00","22,240.00"
2020-02-11,2020021101014700,CLBSL,48,45,25,"1,112.00","27,800.00"
2020-02-11,2020021101014528,CORBL,42,1,500,130.00,"65,000.00"
2020-02-11,2020021101014511,CORBL,42,1,430,130.00,"55,900.00"
2020-02-11,2020021101014693,CZBIL,8,34,306,198.00,"60,588.00"
2020-02-11,2020021101014417,CZBIL,8,28,161,198.00,"31,878.00"
2020-02-11,2020021101014718,DDBL,25,3,30,871.00,"26,130.00"
2020-02-11,2020021101014614,DDBL,43,45,50,874.00,"43,700.00"
2020-02-11,2020021101014613,DDBL,43,29,100,873.00,"87,300.00"
2020-02-11,2020021101014585,DDBL,47,29,50,873.00,"43,650.00"
2020-02-11,2020021101014571,DDBL,25,43,50,871.00,"43,550.00"
2020-02-11,2020021101014463,DDBL,43,52,100,873.00,"87,300.00"
2020-02-11,2020021101014436,DDBL,43,25,200,873.00,"174,600.00"
2020-02-11,2020021101014380,DDBL,25,29,300,871.00,"261,300.00"
2020-02-11,2020021101014379,DDBL,43,45,400,874.00,"349,600.00"
2020-02-11,2020021101014455,EBL,46,34,100,642.00,"64,200.00"
2020-02-11,2020021101014444,EBL,46,34,50,642.00,"32,100.00"
2020-02-11,2020021101014752,EIC,49,17,100,441.00,"44,100.00"
2020-02-11,2020021101014695,EIC,28,22,20,439.00,"8,780.00"
2020-02-11,2020021101014694,EIC,38,22,80,440.00,"35,200.00"
2020-02-11,2020021101014433,EIC,38,38,680,440.00,"299,200.00"
2020-02-11,2020021101014645,FMDBL,44,42,142,465.00,"66,030.00"
2020-02-11,2020021101014575,FMDBL,44,14,220,465.00,"102,300.00"
2020-02-11,2020021101014574,FMDBL,18,14,200,465.00,"93,000.00"
2020-02-11,2020021101014573,FMDBL,26,14,80,466.00,"37,280.00"
2020-02-11,2020021101014434,FMDBL,26,59,200,468.00,"93,600.00"
2020-02-11,2020021101014318,FOWAD,36,42,361,"1,458.00","526,338.00"
2020-02-11,2020021101014317,FOWAD,36,33,20,"1,458.00","29,160.00"
2020-02-11,2020021101014801,GBIME,22,33,36,280.00,"10,080.00"
2020-02-11,2020021101014800,GBIME,43,33,26,280.00,"7,280.00"
2020-02-11,2020021101014762,GBIME,32,35,20,281.00,"5,620.00"
2020-02-11,2020021101014632,GBIME,42,43,45,282.00,"12,690.00"
2020-02-11,2020021101014631,GBIME,42,48,55,282.00,"15,510.00"
2020-02-11,2020021101014627,GBIME,34,19,441,281.00,"123,921.00"
2020-02-11,2020021101014335,GBIME,45,35,60,281.00,"16,860.00"
2020-02-11,2020021101014541,GBIME,57,14,600,281.00,"168,600.00"
2020-02-11,2020021101014540,GBIME,1,14,100,281.00,"28,100.00"
2020-02-11,2020021101014539,GBIME,45,14,288,281.00,"80,928.00"
2020-02-11,2020021101014527,GBIME,45,38,712,281.00,"200,072.00"
2020-02-11,2020021101014526,GBIME,45,38,189,281.00,"53,109.00"
2020-02-11,2020021101014353,GBIME,56,48,100,282.00,"28,200.00"
2020-02-11,2020021101014565,GBIME,26,19,100,281.00,"28,100.00"
2020-02-11,2020021101014564,GBIME,39,19,400,281.00,"112,400.00"
2020-02-11,2020021101014563,GBIME,13,19,59,281.00,"16,579.00"
2020-02-11,2020021101014553,GBIME,13,25,141,281.00,"39,621.00"
2020-02-11,2020021101014552,GBIME,22,25,38,281.00,"10,678.00"
2020-02-11,2020021101014542,GBIME,22,14,12,281.00,"3,372.00"
2020-02-11,2020021101014717,GBLBS,49,28,10,483.00,"4,830.00"
2020-02-11,2020021101014668,GBLBS,26,16,200,480.00,"96,000.00"
2020-02-11,2020021101014451,GBLBS,20,16,100,480.00,"48,000.00"
2020-02-11,2020021101014322,GBLBS,32,57,200,479.00,"95,800.00"
2020-02-11,2020021101014321,GBLBS,10,57,500,480.00,"240,000.00"
2020-02-11,2020021101014320,GBLBS,6,57,300,482.00,"144,600.00"
2020-02-11,2020021101014570,GFCL,59,59,684,147.00,"100,548.00"
2020-02-11,2020021101014569,GFCL,59,59,215,147.00,"31,605.00"
2020-02-11,2020021101014535,GFCL,17,59,100,148.00,"14,800.00"
2020-02-11,2020021101014643,GGBSL,34,25,100,900.00,"90,000.00"
2020-02-11,2020021101014611,GGBSL,34,25,100,900.00,"90,000.00"
2020-02-11,2020021101014610,GGBSL,34,22,10,900.00,"9,000.00"
2020-02-11,2020021101014609,GGBSL,34,59,10,900.00,"9,000.00"
2020-02-11,2020021101014608,GGBSL,34,38,50,899.00,"44,950.00"
2020-02-11,2020021101014607,GGBSL,34,7,10,899.00,"8,990.00"
2020-02-11,2020021101014606,GGBSL,34,47,10,898.00,"8,980.00"
2020-02-11,2020021101014605,GGBSL,34,7,10,897.00,"8,970.00"
2020-02-11,2020021101014763,GILB,16,45,10,"1,352.00","13,520.00"
2020-02-11,2020021101014637,GLBSL,50,58,20,719.00,"14,380.00"
2020-02-11,2020021101014633,GLBSL,38,45,50,711.00,"35,550.00"
2020-02-11,2020021101014481,GLBSL,38,48,50,711.00,"35,550.00"
2020-02-11,2020021101014658,GLICL,34,6,500,768.00,"384,000.00"
2020-02-11,2020021101014657,GLICL,21,6,20,768.00,"15,360.00"
2020-02-11,2020021101014656,GLICL,34,6,100,768.00,"76,800.00"
2020-02-11,2020021101014655,GLICL,25,6,300,768.00,"230,400.00"
2020-02-11,2020021101014654,GLICL,34,6,787,769.00,"605,203.00"
2020-02-11,2020021101014532,GLICL,34,57,158,769.00,"121,502.00"
2020-02-11,2020021101014429,GLICL,34,7,55,769.00,"42,295.00"
2020-02-11,2020021101014428,GLICL,57,7,100,769.00,"76,900.00"
2020-02-11,2020021101014427,GLICL,48,7,10,769.00,"7,690.00"
2020-02-11,2020021101014426,GLICL,26,7,135,770.00,"103,950.00"
2020-02-11,2020021101014805,GMFBS,26,28,200,851.00,"170,200.00"
2020-02-11,2020021101014804,GMFBS,11,28,10,852.00,"8,520.00"
2020-02-11,2020021101014803,GMFBS,33,28,20,855.00,"17,100.00"
2020-02-11,2020021101014594,GMFBS,13,29,10,860.00,"8,600.00"
2020-02-11,2020021101014593,GMFBS,13,29,10,860.00,"8,600.00"
2020-02-11,2020021101014482,GMFBS,33,45,10,855.00,"8,550.00"
2020-02-11,2020021101014364,GMFIL,43,42,100,130.00,"13,000.00"
2020-02-11,2020021101014487,GRDBL,40,19,200,133.00,"26,600.00"
2020-02-11,2020021101014486,GRDBL,40,50,"3,185",133.00,"423,605.00"
2020-02-11,2020021101014485,GRDBL,40,42,435,132.00,"57,420.00"
2020-02-11,2020021101014347,GRDBL,39,42,65,132.00,"8,580.00"
2020-02-11,2020021101014476,GUFL,57,59,400,129.00,"51,600.00"
2020-02-11,2020021101014475,GUFL,47,59,300,129.00,"38,700.00"
2020-02-11,2020021101014816,HDL,11,45,50,"1,225.00","61,250.00"
2020-02-11,2020021101014815,HDL,57,45,100,"1,225.00","122,500.00"
2020-02-11,2020021101014682,HDL,57,26,500,"1,225.00","612,500.00"
2020-02-11,2020021101014775,HGI,58,20,20,418.00,"8,360.00"
2020-02-11,2020021101014745,HGI,58,42,100,418.00,"41,800.00"
2020-02-11,2020021101014744,HGI,45,42,30,418.00,"12,540.00"
2020-02-11,2020021101014743,HGI,58,42,50,418.00,"20,900.00"
2020-02-11,2020021101014663,HGI,58,22,100,418.00,"41,800.00"
2020-02-11,2020021101014586,HGI,17,25,50,419.00,"20,950.00"
2020-02-11,2020021101014516,HGI,58,38,50,418.00,"20,900.00"
2020-02-11,2020021101014589,HIDCL,56,45,320,140.00,"44,800.00"
2020-02-11,2020021101014391,HIDCL,56,28,61,140.00,"8,540.00"
2020-02-11,2020021101014489,IGI,28,34,198,436.00,"86,328.00"
2020-02-11,2020021101014662,ILBS,14,38,10,840.00,"8,400.00"
2020-02-11,2020021101014519,ILBS,14,45,10,840.00,"8,400.00"
2020-02-11,2020021101014332,JFL,25,34,200,181.00,"36,200.00"
2020-02-11,2020021101014742,JSLBB,21,21,1,"1,648.00","1,648.00"
2020-02-11,2020021101014351,JSLBB,34,38,10,"1,681.00","16,810.00"
2020-02-11,2020021101014716,KBL,38,3,221,197.00,"43,537.00"
2020-02-11,2020021101014333,KBL,58,39,81,197.00,"15,957.00"
2020-02-11,2020021101014453,KBL,47,3,779,197.00,"153,463.00"
2020-02-11,2020021101014452,KBL,47,49,221,197.00,"43,537.00"
2020-02-11,2020021101014344,KBL,58,49,279,197.00,"54,963.00"
2020-02-11,2020021101014797,KKHC,21,44,16,55.00,880.00
2020-02-11,2020021101014733,KKHC,21,44,16,55.00,880.00
2020-02-11,2020021101014350,KKHC,21,52,16,55.00,880.00
2020-02-11,2020021101014327,KKHC,21,4,10,55.00,550.00
2020-02-11,2020021101014751,KPCL,55,25,110,95.00,"10,450.00"
2020-02-11,2020021101014494,KPCL,52,58,140,94.00,"13,160.00"
2020-02-11,2020021101014345,KPCL,52,45,10,94.00,940.00
2020-02-11,2020021101014669,LBL,4,39,50,226.00,"11,300.00"
2020-02-11,2020021101014795,LICN,25,58,10,"1,225.00","12,250.00"
2020-02-11,2020021101014388,LICN,38,4,20,"1,218.00","24,360.00"
2020-02-11,2020021101014387,LICN,14,4,13,"1,218.00","15,834.00"
2020-02-11,2020021101014319,LICN,14,25,30,"1,218.00","36,540.00"
2020-02-11,2020021101014338,MBL,38,49,"3,000",235.00,"705,000.00"
2020-02-11,2020021101014767,MEGA,42,33,10,205.00,"2,050.00"
2020-02-11,2020021101014447,MEGA,36,46,50,204.00,"10,200.00"
2020-02-11,2020021101014446,MEGA,36,6,503,204.00,"102,612.00"
2020-02-11,2020021101014562,MERO,48,39,170,673.00,"114,410.00"
2020-02-11,2020021101014561,MERO,48,45,30,673.00,"20,190.00"
2020-02-11,2020021101014505,MERO,39,47,42,673.00,"28,266.00"
2020-02-11,2020021101014384,MERO,34,25,400,670.00,"268,000.00"
2020-02-11,2020021101014383,MERO,34,45,14,669.00,"9,366.00"
2020-02-11,2020021101014340,MERO,49,13,42,666.00,"27,972.00"
2020-02-11,2020021101014339,MERO,35,13,50,668.00,"33,400.00"
2020-02-11,2020021101014732,MFIL,57,5,795,193.00,"153,435.00"
2020-02-11,2020021101014731,MFIL,49,5,500,193.00,"96,500.00"
2020-02-11,2020021101014730,MFIL,7,5,"1,000",193.00,"193,000.00"
2020-02-11,2020021101014729,MFIL,7,5,"1,000",193.00,"193,000.00"
2020-02-11,2020021101014689,MFIL,52,22,"1,000",194.00,"194,000.00"
2020-02-11,2020021101014544,MLBL,42,53,466,215.00,"100,190.00"
2020-02-11,2020021101014323,MLBL,44,45,71,214.00,"15,194.00"
2020-02-11,2020021101014771,MNBBL,39,41,20,320.00,"6,400.00"
2020-02-11,2020021101014770,MNBBL,51,41,100,320.00,"32,000.00"
2020-02-11,2020021101014769,MNBBL,29,41,300,320.00,"96,000.00"
2020-02-11,2020021101014768,MNBBL,57,41,280,320.00,"89,600.00"
2020-02-11,2020021101014764,MNBBL,35,5,500,321.00,"160,500.00"
2020-02-11,2020021101014814,MSMBS,57,14,50,785.00,"39,250.00"
2020-02-11,2020021101014813,MSMBS,57,47,11,785.00,"8,635.00"
2020-02-11,2020021101014812,MSMBS,57,32,44,784.00,"34,496.00"
2020-02-11,2020021101014811,MSMBS,57,16,100,784.00,"78,400.00"
2020-02-11,2020021101014810,MSMBS,57,52,200,783.00,"156,600.00"
2020-02-11,2020021101014809,MSMBS,57,33,67,783.00,"52,461.00"
2020-02-11,2020021101014740,MSMBS,1,28,11,775.00,"8,525.00"
2020-02-11,2020021101014652,MSMBS,1,28,11,775.00,"8,525.00"
2020-02-11,2020021101014616,MSMBS,1,28,11,775.00,"8,525.00"
2020-02-11,2020021101014518,MSMBS,1,28,11,775.00,"8,525.00"
2020-02-11,2020021101014773,NABIL,46,38,40,723.00,"28,920.00"
2020-02-11,2020021101014772,NABIL,29,38,160,723.00,"115,680.00"
2020-02-11,2020021101014748,NABIL,29,38,40,723.00,"28,920.00"
2020-02-11,2020021101014747,NABIL,53,38,50,724.00,"36,200.00"
2020-02-11,2020021101014746,NABIL,14,38,10,724.00,"7,240.00"
2020-02-11,2020021101014578,NABIL,14,44,50,725.00,"36,250.00"
2020-02-11,2020021101014449,NABIL,14,16,90,724.00,"65,160.00"
2020-02-11,2020021101014448,NABIL,42,16,10,725.00,"7,250.00"
2020-02-11,2020021101014352,NABIL,42,45,53,725.00,"38,425.00"
2020-02-11,2020021101014671,NADEP,45,28,400,717.00,"286,800.00"
2020-02-11,2020021101014670,NADEP,45,58,250,717.00,"179,250.00"
2020-02-11,2020021101014576,NADEP,5,28,100,717.00,"71,700.00"
2020-02-11,2020021101014517,NADEP,29,44,38,716.00,"27,208.00"
2020-02-11,2020021101014512,NADEP,29,38,23,716.00,"16,468.00"
2020-02-11,2020021101014696,NBB,6,42,700,210.00,"147,000.00"
2020-02-11,2020021101014405,NBF2,57,11,100,9.89,989.00
2020-02-11,2020021101014647,NBL,58,32,200,269.00,"53,800.00"
2020-02-11,2020021101014399,NBL,35,47,232,268.00,"62,176.00"
2020-02-11,2020021101014398,NBL,7,47,40,268.00,"10,720.00"
2020-02-11,2020021101014397,NBL,28,47,100,268.00,"26,800.00"
2020-02-11,2020021101014396,NBL,1,47,200,268.00,"53,600.00"
2020-02-11,2020021101014395,NBL,45,47,50,268.00,"13,400.00"
2020-02-11,2020021101014394,NBL,56,47,"1,000",268.00,"268,000.00"
2020-02-11,2020021101014393,NBL,34,47,"1,378",268.00,"369,304.00"
2020-02-11,2020021101014381,NBL,34,42,30,268.00,"8,040.00"
2020-02-11,2020021101014615,NCCB,49,38,10,196.00,"1,960.00"
2020-02-11,2020021101014806,NIB,58,42,200,380.00,"76,000.00"
2020-02-11,2020021101014750,NIB,16,17,116,379.00,"43,964.00"
2020-02-11,2020021101014741,NIB,16,34,44,379.00,"16,676.00"
2020-02-11,2020021101014714,NIB,16,28,44,379.00,"16,676.00"
2020-02-11,2020021101014685,NIB,16,28,44,379.00,"16,676.00"
2020-02-11,2020021101014649,NIB,16,45,188,379.00,"71,252.00"
2020-02-11,2020021101014402,NIB,58,50,200,381.00,"76,200.00"
2020-02-11,2020021101014342,NIB,25,3,311,380.00,"118,180.00"
2020-02-11,2020021101014500,NIB,17,42,300,380.00,"114,000.00"
2020-02-11,2020021101014499,NIB,35,42,200,380.00,"76,000.00"
2020-02-11,2020021101014498,NIB,32,42,500,380.00,"190,000.00"
2020-02-11,2020021101014497,NIB,13,42,250,380.00,"95,000.00"
2020-02-11,2020021101014496,NIB,25,42,113,380.00,"42,940.00"
2020-02-11,2020021101014495,NIB,25,28,44,380.00,"16,720.00"
2020-02-11,2020021101014588,NIB,16,28,44,379.00,"16,676.00"
2020-02-11,2020021101014551,NIB,16,48,136,379.00,"51,544.00"
2020-02-11,2020021101014550,NIB,7,48,100,379.00,"37,900.00"
2020-02-11,2020021101014549,NIB,22,48,500,379.00,"189,500.00"
2020-02-11,2020021101014548,NIB,37,48,100,379.00,"37,900.00"
2020-02-11,2020021101014547,NIB,56,48,46,379.00,"17,434.00"
2020-02-11,2020021101014629,NIBPO,28,4,"1,800",336.00,"604,800.00"
2020-02-11,2020021101014579,NIBPO,28,4,"1,000",336.00,"336,000.00"
2020-02-11,2020021101014798,NICA,49,6,200,502.00,"100,400.00"
2020-02-11,2020021101014761,NICA,28,33,662,501.00,"331,662.00"
2020-02-11,2020021101014760,NICA,28,33,800,501.00,"400,800.00"
2020-02-11,2020021101014759,NICA,28,33,800,501.00,"400,800.00"
2020-02-11,2020021101014758,NICA,47,33,"1,000",501.00,"501,000.00"
2020-02-11,2020021101014757,NICA,34,33,200,501.00,"100,200.00"
2020-02-11,2020021101014559,NICA,25,47,100,502.00,"50,200.00"
2020-02-11,2020021101014558,NICA,25,6,208,502.00,"104,416.00"
2020-02-11,2020021101014423,NICA,19,6,292,502.00,"146,584.00"
2020-02-11,2020021101014422,NICA,19,33,208,502.00,"104,416.00"
2020-02-11,2020021101014378,NICA,50,50,300,501.00,"150,300.00"
2020-02-11,2020021101014756,NICA,47,33,500,501.00,"250,500.00"
2020-02-11,2020021101014755,NICA,6,33,110,501.00,"55,110.00"
2020-02-11,2020021101014621,NICA,6,53,890,501.00,"445,890.00"
2020-02-11,2020021101014620,NICA,58,53,60,501.00,"30,060.00"
2020-02-11,2020021101014619,NICA,50,53,50,501.00,"25,050.00"
2020-02-11,2020021101014560,NICA,25,6,192,502.00,"96,384.00"
2020-02-11,2020021101014808,NICL,39,40,45,442.00,"19,890.00"
2020-02-11,2020021101014807,NICL,42,40,10,443.00,"4,430.00"
2020-02-11,2020021101014784,NIL,7,28,100,567.00,"56,700.00"
2020-02-11,2020021101014687,NIL,7,58,335,567.00,"189,945.00"
2020-02-11,2020021101014686,NIL,37,58,165,567.00,"93,555.00"
2020-02-11,2020021101014625,NIL,37,14,256,567.00,"145,152.00"
2020-02-11,2020021101014624,NIL,16,14,200,568.00,"113,600.00"
2020-02-11,2020021101014623,NIL,51,14,30,568.00,"17,040.00"
2020-02-11,2020021101014622,NIL,7,14,14,568.00,"7,952.00"
2020-02-11,2020021101014445,NIL,45,58,10,569.00,"5,690.00"
2020-02-11,2020021101014644,NLBBL,46,34,71,788.00,"55,948.00"
2020-02-11,2020021101014799,NLIC,29,34,22,"1,118.00","24,596.00"
2020-02-11,2020021101014603,NLIC,49,34,300,"1,120.00","336,000.00"
2020-02-11,2020021101014602,NLIC,33,34,200,"1,120.00","224,000.00"
2020-02-11,2020021101014601,NLIC,43,34,100,"1,122.00","112,200.00"
2020-02-11,2020021101014600,NLIC,16,34,100,"1,122.00","112,200.00"
2020-02-11,2020021101014599,NLIC,39,34,100,"1,124.00","112,400.00"
2020-02-11,2020021101014598,NLIC,54,34,100,"1,124.00","112,400.00"
2020-02-11,2020021101014597,NLIC,38,34,30,"1,124.00","33,720.00"
2020-02-11,2020021101014596,NLIC,34,34,28,"1,125.00","31,500.00"
2020-02-11,2020021101014556,NLIC,34,16,22,"1,125.00","24,750.00"
2020-02-11,2020021101014416,NLIC,3,34,69,"1,125.00","77,625.00"
2020-02-11,2020021101014415,NLIC,34,34,156,"1,125.00","175,500.00"
2020-02-11,2020021101014630,NLICL,45,16,18,651.00,"11,718.00"
2020-02-11,2020021101014554,NLICL,51,6,90,652.00,"58,680.00"
2020-02-11,2020021101014441,NLICL,51,41,410,652.00,"267,320.00"
2020-02-11,2020021101014440,NLICL,45,41,90,652.00,"58,680.00"
2020-02-11,2020021101014507,NMB,49,42,184,377.00,"69,368.00"
2020-02-11,2020021101014506,NMB,58,42,68,377.00,"25,636.00"
2020-02-11,2020021101014376,NMB,58,28,69,377.00,"26,013.00"
2020-02-11,2020021101014375,NMB,26,28,55,378.00,"20,790.00"
2020-02-11,2020021101014365,NMB,58,36,63,377.00,"23,751.00"
2020-02-11,2020021101014324,NMB,26,35,20,378.00,"7,560.00"
2020-02-11,2020021101014796,NMFBS,40,7,185,"1,593.00","294,705.00"
2020-02-11,2020021101014739,NMFBS,38,7,500,"1,595.00","797,500.00"
2020-02-11,2020021101014738,NMFBS,33,7,500,"1,596.00","798,000.00"
2020-02-11,2020021101014737,NMFBS,26,7,100,"1,597.00","159,700.00"
2020-02-11,2020021101014736,NMFBS,45,7,100,"1,600.00","160,000.00"
2020-02-11,2020021101014735,NMFBS,18,7,100,"1,600.00","160,000.00"
2020-02-11,2020021101014734,NMFBS,26,7,100,"1,601.00","160,100.00"
2020-02-11,2020021101014705,NSEWA,40,44,10,793.00,"7,930.00"
2020-02-11,2020021101014704,NSEWA,40,44,10,793.00,"7,930.00"
2020-02-11,2020021101014703,NSEWA,40,46,10,793.00,"7,930.00"
2020-02-11,2020021101014661,NTC,42,43,500,618.00,"309,000.00"
2020-02-11,2020021101014660,NTC,49,43,50,618.00,"30,900.00"
2020-02-11,2020021101014659,NTC,38,43,10,619.00,"6,190.00"
2020-02-11,2020021101014435,PCBL,43,28,"1,000",279.00,"279,000.00"
2020-02-11,2020021101014343,PFL,59,36,39,157.00,"6,123.00"
2020-02-11,2020021101014749,PIC,33,16,32,568.00,"18,176.00"
2020-02-11,2020021101014628,PIC,33,42,68,568.00,"38,624.00"
2020-02-11,2020021101014331,PIC,38,43,11,566.00,"6,226.00"
2020-02-11,2020021101014330,PIC,53,43,400,566.00,"226,400.00"
2020-02-11,2020021101014329,PIC,7,43,100,566.00,"56,600.00"
2020-02-11,2020021101014328,PIC,32,43,89,566.00,"50,374.00"
2020-02-11,2020021101014529,PICL,35,34,144,507.00,"73,008.00"
2020-02-11,2020021101014688,PLIC,38,16,10,573.00,"5,730.00"
2020-02-11,2020021101014566,PLIC,38,43,200,573.00,"114,600.00"
2020-02-11,2020021101014525,PLIC,53,51,263,574.00,"150,962.00"
2020-02-11,2020021101014479,PLIC,16,51,70,574.00,"40,180.00"
2020-02-11,2020021101014478,PLIC,16,45,30,574.00,"17,220.00"
2020-02-11,2020021101014372,PMHPL,59,45,10,92.00,920.00
2020-02-11,2020021101014361,PMHPL,59,36,10,92.00,920.00
2020-02-11,2020021101014469,PRVU,4,39,58,245.00,"14,210.00"
2020-02-11,2020021101014468,PRVU,4,36,271,245.00,"66,395.00"
2020-02-11,2020021101014467,PRVU,4,55,"1,160",245.00,"284,200.00"
2020-02-11,2020021101014466,PRVU,4,25,612,245.00,"149,940.00"
2020-02-11,2020021101014465,PRVU,4,38,169,245.00,"41,405.00"
2020-02-11,2020021101014457,PRVU,56,38,500,245.00,"122,500.00"
2020-02-11,2020021101014728,RBCLPO,37,4,23,"8,050.00","185,150.00"
2020-02-11,2020021101014727,RBCLPO,39,4,10,"8,051.00","80,510.00"
2020-02-11,2020021101014726,RBCLPO,45,4,10,"8,051.00","80,510.00"
2020-02-11,2020021101014725,RBCLPO,41,4,10,"8,052.00","80,520.00"
2020-02-11,2020021101014724,RBCLPO,45,4,25,"8,053.00","201,325.00"
2020-02-11,2020021101014723,RBCLPO,14,4,40,"8,055.00","322,200.00"
2020-02-11,2020021101014722,RBCLPO,26,4,20,"8,056.00","161,120.00"
2020-02-11,2020021101014721,RBCLPO,19,4,10,"8,057.00","80,570.00"
2020-02-11,2020021101014720,RBCLPO,53,4,10,"8,060.00","80,600.00"
2020-02-11,2020021101014713,RHPL,29,49,540,168.00,"90,720.00"
2020-02-11,2020021101014712,RHPL,25,49,"1,000",168.00,"168,000.00"
2020-02-11,2020021101014711,RHPL,25,49,100,168.00,"16,800.00"
2020-02-11,2020021101014710,RHPL,25,49,100,168.00,"16,800.00"
2020-02-11,2020021101014709,RHPL,45,49,30,168.00,"5,040.00"
2020-02-11,2020021101014708,RHPL,45,49,100,169.00,"16,900.00"
2020-02-11,2020021101014707,RHPL,14,49,"1,070",169.00,"180,830.00"
2020-02-11,2020021101014537,RHPL,14,1,30,169.00,"5,070.00"
2020-02-11,2020021101014493,RHPL,14,29,50,169.00,"8,450.00"
2020-02-11,2020021101014377,RHPL,14,36,40,169.00,"6,760.00"
2020-02-11,2020021101014618,RMDC,49,37,"1,000",690.00,"690,000.00"
2020-02-11,2020021101014522,RMDC,49,21,100,690.00,"69,000.00"
2020-02-11,2020021101014521,RMDC,49,47,50,690.00,"34,500.00"
2020-02-11,2020021101014520,RMDC,49,44,369,690.00,"254,610.00"
2020-02-11,2020021101014458,RMDC,16,44,50,690.00,"34,500.00"
2020-02-11,2020021101014371,RMDC,39,44,81,690.00,"55,890.00"
2020-02-11,2020021101014370,RMDC,39,47,219,690.00,"151,110.00"
2020-02-11,2020021101014369,RMDC,39,39,250,689.00,"172,250.00"
2020-02-11,2020021101014368,RMDC,39,58,300,689.00,"206,700.00"
2020-02-11,2020021101014367,RMDC,39,55,50,688.00,"34,400.00"
2020-02-11,2020021101014366,RMDC,39,8,100,688.00,"68,800.00"
2020-02-11,2020021101014642,RRHP,58,47,420,102.00,"42,840.00"
2020-02-11,2020021101014641,RRHP,58,22,"1,000",101.00,"101,000.00"
2020-02-11,2020021101014640,RRHP,58,22,80,100.00,"8,000.00"
2020-02-11,2020021101014462,RRHP,13,22,920,100.00,"92,000.00"
2020-02-11,2020021101014385,RRHP,13,36,10,100.00,"1,000.00"
2020-02-11,2020021101014698,RSDC,44,57,50,480.00,"24,000.00"
2020-02-11,2020021101014697,RSDC,44,21,111,480.00,"53,280.00"
2020-02-11,2020021101014715,SANIMA,4,14,348,346.00,"120,408.00"
2020-02-11,2020021101014509,SANIMA,4,17,428,346.00,"148,088.00"
2020-02-11,2020021101014508,SANIMA,32,17,72,346.00,"24,912.00"
2020-02-11,2020021101014382,SBL,37,53,100,316.00,"31,600.00"
2020-02-11,2020021101014362,SBL,43,43,194,315.00,"61,110.00"
2020-02-11,2020021101014684,SCB,29,58,100,613.00,"61,300.00"
2020-02-11,2020021101014683,SCB,29,38,200,613.00,"122,600.00"
2020-02-11,2020021101014404,SCB,11,36,20,612.00,"12,240.00"
2020-02-11,2020021101014360,SDESI,45,45,97,863.00,"83,711.00"
2020-02-11,2020021101014359,SDESI,45,11,20,860.00,"17,200.00"
2020-02-11,2020021101014358,SDESI,45,7,300,860.00,"258,000.00"
2020-02-11,2020021101014357,SDESI,45,1,50,859.00,"42,950.00"
2020-02-11,2020021101014356,SDESI,45,25,10,859.00,"8,590.00"
2020-02-11,2020021101014355,SDESI,45,25,23,859.00,"19,757.00"
2020-02-11,2020021101014681,SFCL,20,5,100,106.00,"10,600.00"
2020-02-11,2020021101014439,SHINE,26,34,"1,617",279.00,"451,143.00"
2020-02-11,2020021101014802,SHIVM,10,41,50,559.00,"27,950.00"
2020-02-11,2020021101014774,SHIVM,10,25,100,559.00,"55,900.00"
2020-02-11,2020021101014636,SHIVM,56,37,38,558.00,"21,204.00"
2020-02-11,2020021101014635,SHIVM,50,37,200,558.00,"111,600.00"
2020-02-11,2020021101014634,SHIVM,17,37,62,558.00,"34,596.00"
2020-02-11,2020021101014592,SHIVM,22,33,28,560.00,"15,680.00"
2020-02-11,2020021101014414,SHIVM,17,40,"1,138",558.00,"635,004.00"
2020-02-11,2020021101014413,SHIVM,34,40,142,558.00,"79,236.00"
2020-02-11,2020021101014412,SHIVM,42,40,720,559.00,"402,480.00"
2020-02-11,2020021101014390,SHIVM,28,33,500,560.00,"280,000.00"
2020-02-11,2020021101014374,SHIVM,49,45,491,559.00,"274,469.00"
2020-02-11,2020021101014373,SHIVM,50,45,109,559.00,"60,931.00"
2020-02-11,2020021101014568,SHIVM,28,33,50,560.00,"28,000.00"
2020-02-11,2020021101014567,SHIVM,28,32,100,559.00,"55,900.00"
2020-02-11,2020021101014524,SHIVM,17,57,500,558.00,"279,000.00"
2020-02-11,2020021101014461,SHIVM,17,6,200,558.00,"111,600.00"
2020-02-11,2020021101014450,SHIVM,17,52,100,558.00,"55,800.00"
2020-02-11,2020021101014515,SHPC,33,3,200,220.00,"44,000.00"
2020-02-11,2020021101014514,SHPC,33,38,595,220.00,"130,900.00"
2020-02-11,2020021101014577,SIC,7,8,70,743.00,"52,010.00"
2020-02-11,2020021101014483,SIC,48,8,250,743.00,"185,750.00"
2020-02-11,2020021101014667,SICL,38,14,523,"1,143.00","597,789.00"
2020-02-11,2020021101014666,SICL,38,55,200,"1,142.00","228,400.00"
2020-02-11,2020021101014665,SICL,38,50,127,"1,140.00","144,780.00"
2020-02-11,2020021101014793,SIL,7,4,50,563.00,"28,150.00"
2020-02-11,2020021101014792,SIL,7,4,100,563.00,"56,300.00"
2020-02-11,2020021101014791,SIL,7,4,100,563.00,"56,300.00"
2020-02-11,2020021101014692,SIL,5,4,100,563.00,"56,300.00"
2020-02-11,2020021101014572,SIL,55,4,98,563.00,"55,174.00"
2020-02-11,2020021101014555,SIL,39,4,50,563.00,"28,150.00"
2020-02-11,2020021101014336,SIL,5,45,500,562.00,"281,000.00"
2020-02-11,2020021101014536,SIL,7,38,17,562.00,"9,554.00"
2020-02-11,2020021101014534,SIL,58,4,50,563.00,"28,150.00"
2020-02-11,2020021101014454,SIL,5,4,100,563.00,"56,300.00"
2020-02-11,2020021101014401,SIL,7,4,50,563.00,"28,150.00"
2020-02-11,2020021101014400,SIL,7,4,250,563.00,"140,750.00"
2020-02-11,2020021101014337,SIL,5,10,42,562.00,"23,604.00"
2020-02-11,2020021101014753,SJCL,14,42,20,158.00,"3,160.00"
2020-02-11,2020021101014664,SJCL,14,29,20,158.00,"3,160.00"
2020-02-11,2020021101014580,SJCL,14,1,20,158.00,"3,160.00"
2020-02-11,2020021101014425,SJCL,14,36,20,158.00,"3,160.00"
2020-02-11,2020021101014325,SJCL,14,6,10,158.00,"1,580.00"
2020-02-11,2020021101014651,SKBBL,43,43,327,"1,043.00","341,061.00"
2020-02-11,2020021101014650,SKBBL,43,50,173,"1,040.00","179,920.00"
2020-02-11,2020021101014639,SLBBL,32,57,100,907.00,"90,700.00"
2020-02-11,2020021101014638,SLBBL,32,57,100,907.00,"90,700.00"
2020-02-11,2020021101014587,SLBBL,57,38,200,906.00,"181,200.00"
2020-02-11,2020021101014474,SLBBL,46,34,29,910.00,"26,390.00"
2020-02-11,2020021101014794,SLICL,44,57,10,464.00,"4,640.00"
2020-02-11,2020021101014680,SLICL,44,57,306,462.00,"141,372.00"
2020-02-11,2020021101014679,SLICL,45,57,100,462.00,"46,200.00"
2020-02-11,2020021101014678,SLICL,34,57,300,462.00,"138,600.00"
2020-02-11,2020021101014677,SLICL,6,57,54,462.00,"24,948.00"
2020-02-11,2020021101014676,SLICL,49,57,300,462.00,"138,600.00"
2020-02-11,2020021101014510,SLICL,44,57,10,464.00,"4,640.00"
2020-02-11,2020021101014480,SLICL,33,1,310,463.00,"143,530.00"
2020-02-11,2020021101014420,SLICL,44,52,12,465.00,"5,580.00"
2020-02-11,2020021101014392,SLICL,36,5,200,463.00,"92,600.00"
2020-02-11,2020021101014389,SLICL,44,52,12,465.00,"5,580.00"
2020-02-11,2020021101014341,SLICL,44,57,200,464.00,"92,800.00"
2020-02-11,2020021101014675,SLICL,42,57,500,462.00,"231,000.00"
2020-02-11,2020021101014674,SLICL,5,57,150,462.00,"69,300.00"
2020-02-11,2020021101014673,SLICL,41,57,100,463.00,"46,300.00"
2020-02-11,2020021101014672,SLICL,33,57,190,463.00,"87,970.00"
2020-02-11,2020021101014646,SMATA,47,18,30,748.00,"22,440.00"
2020-02-11,2020021101014538,SMATA,47,57,70,748.00,"52,360.00"
2020-02-11,2020021101014504,SMATA,43,18,20,749.00,"14,980.00"
2020-02-11,2020021101014503,SMATA,38,18,30,749.00,"22,470.00"
2020-02-11,2020021101014502,SMATA,53,18,50,749.00,"37,450.00"
2020-02-11,2020021101014464,SMATA,28,44,100,753.00,"75,300.00"
2020-02-11,2020021101014363,SMATA,33,57,100,750.00,"75,000.00"
2020-02-11,2020021101014456,SMB,34,34,50,"1,013.00","50,650.00"
2020-02-11,2020021101014411,SMFBS,13,28,10,"1,040.00","10,400.00"
2020-02-11,2020021101014410,SMFBS,13,28,10,"1,040.00","10,400.00"
2020-02-11,2020021101014409,SMFBS,13,44,100,"1,035.00","103,500.00"
2020-02-11,2020021101014408,SMFBS,13,45,100,"1,035.00","103,500.00"
2020-02-11,2020021101014407,SMFBS,13,34,10,"1,034.00","10,340.00"
2020-02-11,2020021101014406,SMFBS,13,49,10,"1,034.00","10,340.00"
2020-02-11,2020021101014443,SPDL,10,36,10,98.00,980.00
2020-02-11,2020021101014706,SWBBL,35,8,400,"1,170.00","468,000.00"
2020-02-11,2020021101014546,SWBBL,44,44,550,"1,166.00","641,300.00"
2020-02-11,2020021101014545,SWBBL,38,44,50,"1,169.00","58,450.00"
2020-02-11,2020021101014492,SWBBL,26,8,100,"1,170.00","117,000.00"
2020-02-11,2020021101014491,SWBBL,44,8,51,"1,171.00","59,721.00"
2020-02-11,2020021101014490,SWBBL,57,8,49,"1,171.00","57,379.00"
2020-02-11,2020021101014473,TMDBL,53,47,53,190.00,"10,070.00"
2020-02-11,2020021101014472,TMDBL,53,57,97,190.00,"18,430.00"
2020-02-11,2020021101014460,UFL,44,28,"3,597",183.00,"658,251.00"
2020-02-11,2020021101014459,UFL,44,38,263,183.00,"48,129.00"
2020-02-11,2020021101014477,UPCL,16,36,50,76.00,"3,800.00"
2020-02-11,2020021101014691,UPPER,1,1,80,241.00,"19,280.00"
2020-02-11,2020021101014690,UPPER,44,1,20,241.00,"4,820.00"
2020-02-11,2020021101014501,UPPER,44,36,50,241.00,"12,050.00"
2020-02-11,2020021101014421,UPPER,45,52,"1,000",241.00,"241,000.00"
2020-02-11,2020021101014530,VLBS,46,35,71,"1,065.00","75,615.00"
2020-02-11,2020021101014153,AHPC,17,34,123,95.00,"11,685.00"
2020-02-11,2020021101014152,AHPC,55,34,157,95.00,"14,915.00"
2020-02-11,2020021101014151,AHPC,37,34,200,95.00,"19,000.00"
2020-02-11,2020021101014150,AHPC,40,34,500,95.00,"47,500.00"
2020-02-11,2020021101014149,AHPC,46,34,20,95.00,"1,900.00"
2020-02-11,2020021101014045,AHPC,6,39,956,96.00,"91,776.00"
2020-02-11,2020021101014255,AKJCL,51,36,20,54.00,"1,080.00"
2020-02-11,2020021101013876,AKJCL,57,14,20,55.00,"1,100.00"
2020-02-11,2020021101014292,AKPL,52,40,"2,000",123.00,"246,000.00"
2020-02-11,2020021101014211,AKPL,58,25,"2,000",123.00,"246,000.00"
2020-02-11,2020021101014191,AKPL,58,26,13,123.00,"1,599.00"
2020-02-11,2020021101014190,AKPL,58,19,99,123.00,"12,177.00"
2020-02-11,2020021101014284,ALBSL,1,44,38,718.00,"27,284.00"
2020-02-11,2020021101014259,ALBSL,10,25,33,717.00,"23,661.00"
2020-02-11,2020021101014258,ALBSL,52,25,17,717.00,"12,189.00"
2020-02-11,2020021101014256,ALBSL,52,6,32,717.00,"22,944.00"
2020-02-11,2020021101013829,ALBSL,16,36,67,719.00,"48,173.00"
2020-02-11,2020021101013977,ALBSL,25,38,10,720.00,"7,200.00"
2020-02-11,2020021101013976,ALBSL,25,37,11,720.00,"7,920.00"
2020-02-11,2020021101013833,ALBSL,45,36,38,718.00,"27,284.00"
2020-02-11,2020021101013832,ALBSL,34,36,20,718.00,"14,360.00"
2020-02-11,2020021101013831,ALBSL,43,36,100,718.00,"71,800.00"
2020-02-11,2020021101013830,ALBSL,14,36,10,718.00,"7,180.00"
2020-02-11,2020021101014148,ALBSL,52,21,13,717.00,"9,321.00"
2020-02-11,2020021101014110,ALBSL,45,44,62,718.00,"44,516.00"
2020-02-11,2020021101013979,ALBSL,25,34,18,720.00,"12,960.00"
2020-02-11,2020021101013978,ALBSL,25,57,11,720.00,"7,920.00"
2020-02-11,2020021101014268,ALICL,58,59,60,568.00,"34,080.00"
2020-02-11,2020021101014061,ALICL,5,44,247,568.00,"140,296.00"
2020-02-11,2020021101014086,API,33,56,100,132.00,"13,200.00"
2020-02-11,2020021101013934,API,58,56,300,132.00,"39,600.00"
2020-02-11,2020021101013933,API,58,39,500,132.00,"66,000.00"
2020-02-11,2020021101013903,API,25,39,200,132.00,"26,400.00"
2020-02-11,2020021101013902,API,25,38,100,132.00,"13,200.00"
2020-02-11,2020021101014293,BOKL,41,13,300,236.00,"70,800.00"
2020-02-11,2020021101013840,BOKL,41,29,53,236.00,"12,508.00"
2020-02-11,2020021101014218,BPCL,5,36,33,333.00,"10,989.00"
2020-02-11,2020021101014217,BPCL,43,36,22,333.00,"7,326.00"
2020-02-11,2020021101014202,CBBL,22,35,35,"1,045.00","36,575.00"
2020-02-11,2020021101014021,CBBL,45,8,140,"1,044.00","146,160.00"
2020-02-11,2020021101014020,CBBL,45,8,50,"1,043.00","52,150.00"
2020-02-11,2020021101013836,CBBL,17,8,"1,000","1,042.00","1,042,000.00"
2020-02-11,2020021101013835,CBBL,28,8,150,"1,042.00","156,300.00"
2020-02-11,2020021101014290,CBL,49,25,500,155.00,"77,500.00"
2020-02-11,2020021101014289,CBL,49,58,"4,800",155.00,"744,000.00"
2020-02-11,2020021101013982,CBL,49,58,200,155.00,"31,000.00"
2020-02-11,2020021101013910,CBL,49,58,"4,800",155.00,"744,000.00"
2020-02-11,2020021101014092,CCBL,26,45,344,186.00,"63,984.00"
2020-02-11,2020021101014070,CCBL,26,45,40,186.00,"7,440.00"
2020-02-11,2020021101014221,CIT,38,38,100,"2,590.00","259,000.00"
2020-02-11,2020021101014168,CIT,13,52,98,"2,586.00","253,428.00"
2020-02-11,2020021101014159,CIT,26,38,100,"2,590.00","259,000.00"
2020-02-11,2020021101014078,CIT,44,21,15,"2,600.00","39,000.00"
2020-02-11,2020021101014077,CIT,44,33,48,"2,600.00","124,800.00"
2020-02-11,2020021101014076,CIT,44,17,200,"2,600.00","520,000.00"
2020-02-11,2020021101013879,CIT,38,33,14,"2,597.00","36,358.00"
2020-02-11,2020021101013878,CIT,38,13,111,"2,595.00","288,045.00"
2020-02-11,2020021101013877,CIT,38,16,50,"2,590.00","129,500.00"
2020-02-11,2020021101013834,CIT,13,34,14,"2,586.00","36,204.00"
2020-02-11,2020021101013827,CIT,13,10,10,"2,586.00","25,860.00"
2020-02-11,2020021101013885,CIT,38,17,136,"2,599.00","353,464.00"
2020-02-11,2020021101013884,CIT,38,59,100,"2,599.00","259,900.00"
2020-02-11,2020021101013883,CIT,38,33,10,"2,599.00","25,990.00"
2020-02-11,2020021101013882,CIT,38,52,32,"2,598.00","83,136.00"
2020-02-11,2020021101013881,CIT,38,42,100,"2,598.00","259,800.00"
2020-02-11,2020021101013880,CIT,38,34,100,"2,597.00","259,700.00"
2020-02-11,2020021101013988,CIT,38,33,51,"2,600.00","132,600.00"
2020-02-11,2020021101013987,CIT,38,42,75,"2,600.00","195,000.00"
2020-02-11,2020021101013948,CIT,38,40,17,"2,599.00","44,183.00"
2020-02-11,2020021101013930,CIT,38,52,100,"2,599.00","259,900.00"
2020-02-11,2020021101013919,CIT,38,34,200,"2,599.00","519,800.00"
2020-02-11,2020021101013886,CIT,38,1,30,"2,599.00","77,970.00"
2020-02-11,2020021101013994,CIT,38,19,37,"2,600.00","96,200.00"
2020-02-11,2020021101013993,CIT,38,13,110,"2,600.00","286,000.00"
2020-02-11,2020021101013992,CIT,38,51,27,"2,600.00","70,200.00"
2020-02-11,2020021101013991,CIT,38,37,100,"2,600.00","260,000.00"
2020-02-11,2020021101013990,CIT,38,37,100,"2,600.00","260,000.00"
2020-02-11,2020021101013989,CIT,38,34,500,"2,600.00","1,300,000.00"
2020-02-11,2020021101014075,CIT,44,1,90,"2,600.00","234,000.00"
2020-02-11,2020021101014074,CIT,44,19,100,"2,600.00","260,000.00"
2020-02-11,2020021101014073,CIT,44,21,10,"2,600.00","26,000.00"
2020-02-11,2020021101014072,CIT,44,45,100,"2,600.00","260,000.00"
2020-02-11,2020021101014071,CIT,44,19,252,"2,600.00","655,200.00"
2020-02-11,2020021101014023,CIT,26,19,11,"2,600.00","28,600.00"
2020-02-11,2020021101014294,CLBSL,33,45,100,"1,113.00","111,300.00"
2020-02-11,2020021101014279,CLBSL,50,45,100,"1,114.00","111,400.00"
2020-02-11,2020021101014278,CLBSL,28,45,160,"1,114.00","178,240.00"
2020-02-11,2020021101013942,CLBSL,28,45,340,"1,114.00","378,760.00"
2020-02-11,2020021101013941,CLBSL,38,45,100,"1,115.00","111,500.00"
2020-02-11,2020021101013940,CLBSL,50,45,100,"1,115.00","111,500.00"
2020-02-11,2020021101013939,CLBSL,46,45,38,"1,115.00","42,370.00"
2020-02-11,2020021101013938,CLBSL,3,45,100,"1,117.00","111,700.00"
2020-02-11,2020021101013937,CLBSL,43,45,50,"1,118.00","55,900.00"
2020-02-11,2020021101014234,CZBIL,8,36,10,198.00,"1,980.00"
2020-02-11,2020021101014136,CZBIL,38,42,200,199.00,"39,800.00"
2020-02-11,2020021101013858,CZBIL,8,29,41,198.00,"8,118.00"
2020-02-11,2020021101013848,CZBIL,8,41,"1,000",198.00,"198,000.00"
2020-02-11,2020021101013847,CZBIL,8,34,587,198.00,"116,226.00"
2020-02-11,2020021101014180,DDBL,49,45,10,874.00,"8,740.00"
2020-02-11,2020021101014179,DDBL,49,43,90,873.00,"78,570.00"
2020-02-11,2020021101014063,DDBL,10,43,10,873.00,"8,730.00"
2020-02-11,2020021101014062,DDBL,10,49,40,873.00,"34,920.00"
2020-02-11,2020021101014025,DDBL,38,49,10,873.00,"8,730.00"
2020-02-11,2020021101013927,DDBL,22,34,10,870.00,"8,700.00"
2020-02-11,2020021101013926,DDBL,22,45,30,870.00,"26,100.00"
2020-02-11,2020021101013925,DDBL,22,34,145,870.00,"126,150.00"
2020-02-11,2020021101013929,EDBL,29,29,12,359.00,"4,308.00"
2020-02-11,2020021101013892,EDBL,17,44,140,358.00,"50,120.00"
2020-02-11,2020021101013891,EDBL,33,44,10,358.00,"3,580.00"
2020-02-11,2020021101014051,EIC,38,29,240,440.00,"105,600.00"
2020-02-11,2020021101014050,EIC,45,29,20,440.00,"8,800.00"
2020-02-11,2020021101014049,EIC,21,29,50,440.00,"22,000.00"
2020-02-11,2020021101014048,EIC,19,29,50,440.00,"22,000.00"
2020-02-11,2020021101014047,EIC,14,29,140,440.00,"61,600.00"
2020-02-11,2020021101014287,FMDBL,18,49,20,468.00,"9,360.00"
2020-02-11,2020021101014286,FMDBL,18,6,250,468.00,"117,000.00"
2020-02-11,2020021101014182,FMDBL,18,16,100,465.00,"46,500.00"
2020-02-11,2020021101014162,FMDBL,18,36,300,465.00,"139,500.00"
2020-02-11,2020021101014161,FMDBL,42,36,100,465.00,"46,500.00"
2020-02-11,2020021101014160,FMDBL,18,36,200,465.00,"93,000.00"
2020-02-11,2020021101014316,FOWAD,36,50,50,"1,457.00","72,850.00"
2020-02-11,2020021101014315,FOWAD,36,32,50,"1,457.00","72,850.00"
2020-02-11,2020021101014314,FOWAD,36,40,19,"1,456.00","27,664.00"
2020-02-11,2020021101014195,GBBL,16,14,635,244.00,"154,940.00"
2020-02-11,2020021101014310,GBIME,45,16,251,281.00,"70,531.00"
2020-02-11,2020021101014309,GBIME,20,16,500,281.00,"140,500.00"
2020-02-11,2020021101014308,GBIME,4,16,222,281.00,"62,382.00"
2020-02-11,2020021101014307,GBIME,44,16,27,281.00,"7,587.00"
2020-02-11,2020021101014254,GBIME,44,35,253,281.00,"71,093.00"
2020-02-11,2020021101014253,GBIME,14,35,147,281.00,"41,307.00"
2020-02-11,2020021101013865,GBIME,43,39,120,280.00,"33,600.00"
2020-02-11,2020021101013853,GBIME,43,16,54,280.00,"15,120.00"
2020-02-11,2020021101014163,GBIME,14,51,400,281.00,"112,400.00"
2020-02-11,2020021101014034,GBIME,14,19,453,281.00,"127,293.00"
2020-02-11,2020021101013950,GBIME,32,19,47,281.00,"13,207.00"
2020-02-11,2020021101013949,GBIME,32,19,953,281.00,"267,793.00"
2020-02-11,2020021101013922,GBIME,42,19,47,281.00,"13,207.00"
2020-02-11,2020021101013921,GBIME,42,29,53,281.00,"14,893.00"
2020-02-11,2020021101014260,GBLBS,6,43,200,482.00,"96,400.00"
2020-02-11,2020021101014219,GBLBS,6,45,30,481.00,"14,430.00"
2020-02-11,2020021101014090,GBLBS,10,43,200,481.00,"96,200.00"
2020-02-11,2020021101013828,GBLBS,10,57,300,481.00,"144,300.00"
2020-02-11,2020021101013924,GLBSL,1,38,100,715.00,"71,500.00"
2020-02-11,2020021101014233,GRDBL,4,50,"2,000",133.00,"266,000.00"
2020-02-11,2020021101014232,GRDBL,4,4,"1,000",133.00,"133,000.00"
2020-02-11,2020021101014299,GUFL,37,40,30,130.00,"3,900.00"
2020-02-11,2020021101014262,HDL,57,21,20,"1,226.00","24,520.00"
2020-02-11,2020021101014042,HDL,10,10,50,"1,226.00","61,300.00"
2020-02-11,2020021101014041,HDL,10,34,50,"1,225.00","61,250.00"
2020-02-11,2020021101014285,HGI,58,42,50,418.00,"20,900.00"
2020-02-11,2020021101013943,HGI,58,58,50,418.00,"20,900.00"
2020-02-11,2020021101014040,HIDCL,56,28,538,140.00,"75,320.00"
2020-02-11,2020021101014039,HIDCL,56,1,81,140.00,"11,340.00"
2020-02-11,2020021101014265,HPPL,52,36,20,148.00,"2,960.00"
2020-02-11,2020021101013817,HPPL,52,16,10,148.00,"1,480.00"
2020-02-11,2020021101013915,HURJA,57,42,10,109.00,"1,090.00"
2020-02-11,2020021101014282,IGI,46,56,100,437.00,"43,700.00"
2020-02-11,2020021101014214,ILBS,14,10,100,840.00,"84,000.00"
2020-02-11,2020021101013974,JBBL,41,57,100,192.00,"19,200.00"
2020-02-11,2020021101013862,JFL,38,22,174,182.00,"31,668.00"
2020-02-11,2020021101014059,JSLBB,45,45,70,"1,680.00","117,600.00"
2020-02-11,2020021101014312,KBL,58,21,140,197.00,"27,580.00"
2020-02-11,2020021101014140,KBL,33,6,365,196.00,"71,540.00"
2020-02-11,2020021101014139,KBL,14,6,135,196.00,"26,460.00"
2020-02-11,2020021101014288,KPCL,52,36,10,94.00,940.00
2020-02-11,2020021101014300,KSBBL,50,49,"1,300",162.00,"210,600.00"
2020-02-11,2020021101014235,KSBBL,50,42,"1,000",162.00,"162,000.00"
2020-02-11,2020021101014215,KSBBL,50,51,625,162.00,"101,250.00"
2020-02-11,2020021101014252,LBBL,49,51,963,195.00,"187,785.00"
2020-02-11,2020021101013906,LBL,4,51,110,226.00,"24,860.00"
2020-02-11,2020021101014267,LGIL,59,5,65,501.00,"32,565.00"
2020-02-11,2020021101014266,LGIL,32,5,35,501.00,"17,535.00"
2020-02-11,2020021101013824,LGIL,32,58,465,501.00,"232,965.00"
2020-02-11,2020021101013823,LGIL,38,58,250,502.00,"125,500.00"
2020-02-11,2020021101013822,LGIL,6,58,146,503.00,"73,438.00"
2020-02-11,2020021101013998,LICN,14,10,17,"1,218.00","20,706.00"
2020-02-11,2020021101013997,LICN,25,10,100,"1,219.00","121,900.00"
2020-02-11,2020021101014189,MDB,13,49,180,341.00,"61,380.00"
2020-02-11,2020021101014008,MEGA,38,3,209,204.00,"42,636.00"
2020-02-11,2020021101014007,MEGA,32,3,314,204.00,"64,056.00"
2020-02-11,2020021101013923,MEGA,32,29,108,204.00,"22,032.00"
2020-02-11,2020021101013874,MEGA,32,16,78,204.00,"15,912.00"
2020-02-11,2020021101014209,MERO,39,13,181,668.00,"120,908.00"
2020-02-11,2020021101014131,MERO,39,58,19,668.00,"12,692.00"
2020-02-11,2020021101014130,MERO,39,58,156,668.00,"104,208.00"
2020-02-11,2020021101014113,MERO,39,7,44,668.00,"29,392.00"
2020-02-11,2020021101014142,MFIL,55,33,200,194.00,"38,800.00"
2020-02-11,2020021101014141,MFIL,19,33,100,194.00,"19,400.00"
2020-02-11,2020021101014088,MLBBL,5,22,73,812.00,"59,276.00"
2020-02-11,2020021101014060,MLBBL,49,22,60,812.00,"48,720.00"
2020-02-11,2020021101014187,MLBL,43,35,"1,000",215.00,"215,000.00"
2020-02-11,2020021101014186,MLBL,34,35,450,215.00,"96,750.00"
2020-02-11,2020021101013963,MNBBL,22,6,100,321.00,"32,100.00"
2020-02-11,2020021101013896,MNBBL,35,37,"2,000",321.00,"642,000.00"
2020-02-11,2020021101013895,MNBBL,35,16,500,321.00,"160,500.00"
2020-02-11,2020021101013875,MNBBL,57,6,150,320.00,"48,000.00"
2020-02-11,2020021101014185,NABIL,42,22,30,725.00,"21,750.00"
2020-02-11,2020021101014184,NABIL,42,44,135,725.00,"97,875.00"
2020-02-11,2020021101013996,NABIL,17,44,65,725.00,"47,125.00"
2020-02-11,2020021101013860,NABIL,17,19,35,725.00,"25,375.00"
2020-02-11,2020021101013859,NABIL,42,19,15,725.00,"10,875.00"
2020-02-11,2020021101014276,NADEP,29,36,30,716.00,"21,480.00"
2020-02-11,2020021101014275,NADEP,29,35,11,716.00,"7,876.00"
2020-02-11,2020021101014274,NADEP,29,26,15,716.00,"10,740.00"
2020-02-11,2020021101014273,NADEP,29,39,15,715.00,"10,725.00"
2020-02-11,2020021101014107,NADEP,41,51,50,715.00,"35,750.00"
2020-02-11,2020021101014026,NADEP,49,26,500,716.00,"358,000.00"
2020-02-11,2020021101013890,NADEP,39,26,77,716.00,"55,132.00"
2020-02-11,2020021101013889,NADEP,39,52,23,716.00,"16,468.00"
2020-02-11,2020021101014264,NBB,6,48,575,210.00,"120,750.00"
2020-02-11,2020021101014263,NBB,32,48,425,210.00,"89,250.00"
2020-02-11,2020021101014038,NBB,32,19,50,210.00,"10,500.00"
2020-02-11,2020021101014035,NBB,32,57,10,210.00,"2,100.00"
2020-02-11,2020021101014301,NBL,34,36,50,268.00,"13,400.00"
2020-02-11,2020021101014196,NBL,11,32,350,269.00,"94,150.00"
2020-02-11,2020021101014125,NBL,26,32,200,269.00,"53,800.00"
2020-02-11,2020021101014104,NBL,17,32,138,269.00,"37,122.00"
2020-02-11,2020021101014069,NBL,17,32,862,269.00,"231,878.00"
2020-02-11,2020021101014068,NBL,28,32,100,269.00,"26,900.00"
2020-02-11,2020021101014067,NBL,28,32,38,269.00,"10,222.00"
2020-02-11,2020021101014002,NBL,28,34,50,269.00,"13,450.00"
2020-02-11,2020021101014137,NCCB,36,55,111,195.00,"21,645.00"
2020-02-11,2020021101014201,NGPL,42,45,234,117.00,"27,378.00"
2020-02-11,2020021101014123,NHPC,55,34,380,57.00,"21,660.00"
2020-02-11,2020021101014122,NHPC,28,34,620,57.00,"35,340.00"
2020-02-11,2020021101014080,NHPC,28,28,"4,380",57.00,"249,660.00"
2020-02-11,2020021101014079,NHPC,28,28,"2,990",57.00,"170,430.00"
2020-02-11,2020021101014283,NIB,40,41,44,381.00,"16,764.00"
2020-02-11,2020021101013962,NIB,25,34,44,380.00,"16,720.00"
2020-02-11,2020021101013935,NIB,25,50,400,380.00,"152,000.00"
2020-02-11,2020021101013907,NIB,1,49,100,381.00,"38,100.00"
2020-02-11,2020021101013873,NIB,25,34,44,380.00,"16,720.00"
2020-02-11,2020021101014240,NICA,39,33,40,502.00,"20,080.00"
2020-02-11,2020021101014207,NICA,50,40,105,501.00,"52,605.00"
2020-02-11,2020021101014173,NICA,22,33,50,502.00,"25,100.00"
2020-02-11,2020021101014132,NICA,14,33,202,502.00,"101,404.00"
2020-02-11,2020021101014085,NICA,25,33,500,502.00,"251,000.00"
2020-02-11,2020021101014033,NICA,38,35,"3,665",502.00,"1,839,830.00"
2020-02-11,2020021101013837,NICA,38,5,100,502.00,"50,200.00"
2020-02-11,2020021101014032,NICA,38,4,371,502.00,"186,242.00"
2020-02-11,2020021101014001,NICA,49,4,100,502.00,"50,200.00"
2020-02-11,2020021101013983,NICA,19,4,29,502.00,"14,558.00"
2020-02-11,2020021101013871,NICA,38,1,"2,000",502.00,"1,004,000.00"
2020-02-11,2020021101013870,NICA,45,1,500,502.00,"251,000.00"
2020-02-11,2020021101013869,NICA,38,1,376,502.00,"188,752.00"
2020-02-11,2020021101014147,NICL,45,44,"1,000",442.00,"442,000.00"
2020-02-11,2020021101013955,NICL,32,45,230,441.00,"101,430.00"
2020-02-11,2020021101013954,NICL,14,45,50,441.00,"22,050.00"
2020-02-11,2020021101013953,NICL,49,45,20,442.00,"8,840.00"
2020-02-11,2020021101013928,NICL,49,57,480,442.00,"212,160.00"
2020-02-11,2020021101013855,NICL,45,14,50,442.00,"22,100.00"
2020-02-11,2020021101013854,NICL,34,14,100,442.00,"44,200.00"
2020-02-11,2020021101014231,NIL,7,34,50,568.00,"28,400.00"
2020-02-11,2020021101014117,NIL,59,58,160,569.00,"91,040.00"
2020-02-11,2020021101014116,NIL,59,46,100,569.00,"56,900.00"
2020-02-11,2020021101014081,NIL,7,22,36,568.00,"20,448.00"
2020-02-11,2020021101013999,NIL,7,46,100,568.00,"56,800.00"
2020-02-11,2020021101014210,NLBBL,34,52,440,780.00,"343,200.00"
2020-02-11,2020021101014197,NLBBL,34,52,640,779.00,"498,560.00"
2020-02-11,2020021101014144,NLBBL,25,21,35,775.00,"27,125.00"
2020-02-11,2020021101014143,NLBBL,57,21,90,775.00,"69,750.00"
2020-02-11,2020021101014166,NLG,49,38,200,617.00,"123,400.00"
2020-02-11,2020021101014165,NLG,41,38,200,618.00,"123,600.00"
2020-02-11,2020021101014164,NLG,49,38,200,619.00,"123,800.00"
2020-02-11,2020021101014229,NLIC,14,58,31,"1,127.00","34,937.00"
2020-02-11,2020021101014228,NLIC,14,35,169,"1,127.00","190,463.00"
2020-02-11,2020021101014167,NLIC,34,35,22,"1,125.00","24,750.00"
2020-02-11,2020021101014015,NLIC,34,43,822,"1,125.00","924,750.00"
2020-02-11,2020021101014014,NLIC,39,43,10,"1,125.00","11,250.00"
2020-02-11,2020021101014013,NLIC,58,43,50,"1,125.00","56,250.00"
2020-02-11,2020021101014012,NLIC,50,43,200,"1,125.00","225,000.00"
2020-02-11,2020021101014011,NLIC,42,43,15,"1,125.00","16,875.00"
2020-02-11,2020021101014220,NLICL,45,25,10,652.00,"6,520.00"
2020-02-11,2020021101014194,NMB,58,26,300,377.00,"113,100.00"
2020-02-11,2020021101014193,NMB,29,26,100,378.00,"37,800.00"
2020-02-11,2020021101014192,NMB,38,26,400,378.00,"151,200.00"
2020-02-11,2020021101014175,NMB,59,19,62,379.00,"23,498.00"
2020-02-11,2020021101014174,NMB,59,47,88,379.00,"33,352.00"
2020-02-11,2020021101014145,NMB,17,1,20,378.00,"7,560.00"
2020-02-11,2020021101013852,NMB,17,33,150,378.00,"56,700.00"
2020-02-11,2020021101014135,NSEWA,43,37,10,793.00,"7,930.00"
2020-02-11,2020021101014019,NSEWA,55,52,110,790.00,"86,900.00"
2020-02-11,2020021101014018,NSEWA,55,11,200,790.00,"158,000.00"
2020-02-11,2020021101014017,NSEWA,55,1,10,788.00,"7,880.00"
2020-02-11,2020021101013856,NTC,57,34,150,619.00,"92,850.00"
2020-02-11,2020021101013821,NUBL,5,39,100,992.00,"99,200.00"
2020-02-11,2020021101014102,OHL,28,58,100,496.00,"49,600.00"
2020-02-11,2020021101014138,PFL,32,45,50,158.00,"7,900.00"
2020-02-11,2020021101014208,PIC,32,35,11,566.00,"6,226.00"
2020-02-11,2020021101014134,PIC,26,42,200,568.00,"113,600.00"
2020-02-11,2020021101013986,PIC,42,8,200,570.00,"114,000.00"
2020-02-11,2020021101013985,PIC,55,8,200,570.00,"114,000.00"
2020-02-11,2020021101013984,PIC,14,8,614,570.00,"349,980.00"
2020-02-11,2020021101013947,PICL,22,41,60,508.00,"30,480.00"
2020-02-11,2020021101013946,PICL,14,41,60,508.00,"30,480.00"
2020-02-11,2020021101013918,PICL,14,37,40,508.00,"20,320.00"
2020-02-11,2020021101013917,PICL,38,37,100,508.00,"50,800.00"
2020-02-11,2020021101013916,PICL,45,37,200,508.00,"101,600.00"
2020-02-11,2020021101013904,PICL,10,37,50,509.00,"25,450.00"
2020-02-11,2020021101013844,PICL,10,58,10,509.00,"5,090.00"
2020-02-11,2020021101013843,PICL,6,58,90,509.00,"45,810.00"
2020-02-11,2020021101013826,PICL,10,16,40,509.00,"20,360.00"
2020-02-11,2020021101013825,PICL,51,16,10,509.00,"5,090.00"
2020-02-11,2020021101014083,PLIC,45,14,200,574.00,"114,800.00"
2020-02-11,2020021101014065,PLIC,45,43,100,574.00,"57,400.00"
2020-02-11,2020021101014009,PLIC,22,49,255,575.00,"146,625.00"
2020-02-11,2020021101013951,PLIC,22,58,100,575.00,"57,500.00"
2020-02-11,2020021101013936,PLIC,22,16,45,575.00,"25,875.00"
2020-02-11,2020021101013864,PMHPL,59,54,10,92.00,920.00
2020-02-11,2020021101014004,PPCL,57,39,20,127.00,"2,540.00"
2020-02-11,2020021101013888,PPCL,49,54,10,125.00,"1,250.00"
2020-02-11,2020021101014082,PRIN,41,45,50,446.00,"22,300.00"
2020-02-11,2020021101014053,PRIN,20,36,200,447.00,"89,400.00"
2020-02-11,2020021101014052,PRIN,44,36,56,447.00,"25,032.00"
2020-02-11,2020021101014037,PRIN,44,58,400,448.00,"179,200.00"
2020-02-11,2020021101013842,PRIN,44,58,"1,000",447.00,"447,000.00"
2020-02-11,2020021101014306,PRVU,29,38,80,245.00,"19,600.00"
2020-02-11,2020021101013868,PRVU,4,6,80,244.00,"19,520.00"
2020-02-11,2020021101013839,PRVU,25,38,251,245.00,"61,495.00"
2020-02-11,2020021101013838,PRVU,25,58,749,245.00,"183,505.00"
2020-02-11,2020021101014064,RBCL,52,34,50,"8,950.00","447,500.00"
2020-02-11,2020021101014055,RBCL,49,34,10,"8,950.00","89,500.00"
2020-02-11,2020021101014024,RBCL,39,34,20,"8,950.00","179,000.00"
2020-02-11,2020021101014003,RBCL,39,34,20,"8,950.00","179,000.00"
2020-02-11,2020021101013901,RHPC,29,40,981,80.00,"78,480.00"
2020-02-11,2020021101014054,RHPL,14,1,40,169.00,"6,760.00"
2020-02-11,2020021101014027,RHPL,57,25,10,170.00,"1,700.00"
2020-02-11,2020021101014022,RHPL,14,1,50,169.00,"8,450.00"
2020-02-11,2020021101014000,RHPL,14,1,40,169.00,"6,760.00"
2020-02-11,2020021101014271,RLFL,37,34,10,144.00,"1,440.00"
2020-02-11,2020021101014270,RLFL,37,51,40,144.00,"5,760.00"
2020-02-11,2020021101014251,RMDC,39,47,281,690.00,"193,890.00"
2020-02-11,2020021101014250,RMDC,39,58,125,690.00,"86,250.00"
2020-02-11,2020021101014249,RMDC,39,57,120,690.00,"82,800.00"
2020-02-11,2020021101014248,RMDC,39,4,11,690.00,"7,590.00"
2020-02-11,2020021101014247,RMDC,39,4,13,690.00,"8,970.00"
2020-02-11,2020021101014246,RMDC,39,47,100,689.00,"68,900.00"
2020-02-11,2020021101014225,RMDC,39,34,200,686.00,"137,200.00"
2020-02-11,2020021101014224,RMDC,39,57,40,686.00,"27,440.00"
2020-02-11,2020021101014223,RMDC,39,56,50,686.00,"34,300.00"
2020-02-11,2020021101014222,RMDC,39,6,50,685.00,"34,250.00"
2020-02-11,2020021101013851,RMDC,50,6,170,685.00,"116,450.00"
2020-02-11,2020021101014245,RMDC,39,6,10,689.00,"6,890.00"
2020-02-11,2020021101014244,RMDC,39,58,50,689.00,"34,450.00"
2020-02-11,2020021101014243,RMDC,39,1,200,688.00,"137,600.00"
2020-02-11,2020021101014242,RMDC,39,29,90,688.00,"61,920.00"
2020-02-11,2020021101014227,RMDC,39,29,160,688.00,"110,080.00"
2020-02-11,2020021101014226,RMDC,39,58,500,686.00,"343,000.00"
2020-02-11,2020021101014109,RSDC,49,45,59,479.00,"28,261.00"
2020-02-11,2020021101013980,RSDC,45,21,200,480.00,"96,000.00"
2020-02-11,2020021101013920,SABSL,5,18,100,900.00,"90,000.00"
2020-02-11,2020021101013911,SABSL,26,1,10,914.00,"9,140.00"
2020-02-11,2020021101014058,SADBL,45,58,"1,000",160.00,"160,000.00"
2020-02-11,2020021101014057,SADBL,58,58,500,160.00,"80,000.00"
2020-02-11,2020021101014056,SADBL,4,58,470,160.00,"75,200.00"
2020-02-11,2020021101014005,SADBL,4,45,300,160.00,"48,000.00"
2020-02-11,2020021101014272,SANIMA,32,40,28,346.00,"9,688.00"
2020-02-11,2020021101014199,SAPDBL,4,17,619,153.00,"94,707.00"
2020-02-11,2020021101014198,SAPDBL,4,22,131,153.00,"20,043.00"
2020-02-11,2020021101014129,SAPDBL,38,47,62,152.00,"9,424.00"
2020-02-11,2020021101014291,SBL,52,43,70,315.00,"22,050.00"
2020-02-11,2020021101014261,SBL,52,29,30,315.00,"9,450.00"
2020-02-11,2020021101014206,SBL,43,26,"1,000",314.00,"314,000.00"
2020-02-11,2020021101014044,SBL,22,57,500,315.00,"157,500.00"
2020-02-11,2020021101014295,SCB,11,50,20,612.00,"12,240.00"
2020-02-11,2020021101014269,SCB,11,50,20,612.00,"12,240.00"
2020-02-11,2020021101014111,SCB,11,21,50,612.00,"30,600.00"
2020-02-11,2020021101013981,SDESI,26,1,100,859.00,"85,900.00"
2020-02-11,2020021101014311,SHINE,47,34,83,279.00,"23,157.00"
2020-02-11,2020021101014133,SHINE,47,45,217,279.00,"60,543.00"
2020-02-11,2020021101014241,SHIVM,50,16,91,559.00,"50,869.00"
2020-02-11,2020021101014239,SHIVM,34,58,358,558.00,"199,764.00"
2020-02-11,2020021101014238,SHIVM,56,58,900,558.00,"502,200.00"
2020-02-11,2020021101014237,SHIVM,40,58,500,558.00,"279,000.00"
2020-02-11,2020021101014236,SHIVM,56,58,242,558.00,"135,036.00"
2020-02-11,2020021101014205,SHIVM,45,16,100,559.00,"55,900.00"
2020-02-11,2020021101013952,SHIVM,16,58,55,562.00,"30,910.00"
2020-02-11,2020021101013932,SHIVM,16,44,100,562.00,"56,200.00"
2020-02-11,2020021101013931,SHIVM,16,34,30,562.00,"16,860.00"
2020-02-11,2020021101014084,SHIVM,45,28,500,560.00,"280,000.00"
2020-02-11,2020021101014031,SHIVM,6,42,100,561.00,"56,100.00"
2020-02-11,2020021101014030,SHIVM,1,42,"1,000",561.00,"561,000.00"
2020-02-11,2020021101014029,SHIVM,50,42,300,561.00,"168,300.00"
2020-02-11,2020021101014016,SHIVM,16,33,265,562.00,"148,930.00"
2020-02-11,2020021101014010,SHIVM,16,56,50,562.00,"28,100.00"
2020-02-11,2020021101014121,SHIVM,34,8,80,560.00,"44,800.00"
2020-02-11,2020021101014115,SHIVM,34,58,300,560.00,"168,000.00"
2020-02-11,2020021101014114,SHIVM,45,58,700,560.00,"392,000.00"
2020-02-11,2020021101014112,SHIVM,45,49,500,560.00,"280,000.00"
2020-02-11,2020021101014096,SHIVM,45,28,200,560.00,"112,000.00"
2020-02-11,2020021101014091,SHIVM,45,4,100,560.00,"56,000.00"
2020-02-11,2020021101014204,SHIVM,56,16,500,559.00,"279,500.00"
2020-02-11,2020021101014203,SHIVM,34,16,500,559.00,"279,500.00"
2020-02-11,2020021101014183,SHIVM,6,33,200,560.00,"112,000.00"
2020-02-11,2020021101014156,SHIVM,42,58,280,560.00,"156,800.00"
2020-02-11,2020021101014155,SHIVM,25,58,500,560.00,"280,000.00"
2020-02-11,2020021101014154,SHIVM,34,58,120,560.00,"67,200.00"
2020-02-11,2020021101014006,SHL,40,41,240,197.00,"47,280.00"
2020-02-11,2020021101013975,SHL,26,6,200,197.00,"39,400.00"
2020-02-11,2020021101013909,SHL,21,6,100,197.00,"19,700.00"
2020-02-11,2020021101014036,SIC,55,49,500,741.00,"370,500.00"
2020-02-11,2020021101014120,SICL,32,58,440,"1,138.00","500,720.00"
2020-02-11,2020021101014119,SICL,55,58,300,"1,139.00","341,700.00"
2020-02-11,2020021101014118,SICL,55,58,260,"1,139.00","296,140.00"
2020-02-11,2020021101014313,SIL,53,25,200,561.00,"112,200.00"
2020-02-11,2020021101014280,SIL,45,45,125,560.00,"70,000.00"
2020-02-11,2020021101014216,SIL,47,45,500,561.00,"280,500.00"
2020-02-11,2020021101014213,SIL,40,5,100,561.00,"56,100.00"
2020-02-11,2020021101014212,SIL,40,44,438,561.00,"245,718.00"
2020-02-11,2020021101014188,SIL,45,25,14,560.00,"7,840.00"
2020-02-11,2020021101013818,SIL,14,4,100,564.00,"56,400.00"
2020-02-11,2020021101013872,SIL,40,4,50,563.00,"28,150.00"
2020-02-11,2020021101013861,SIL,14,44,792,564.00,"446,688.00"
2020-02-11,2020021101013857,SIL,14,4,100,564.00,"56,400.00"
2020-02-11,2020021101013841,SIL,14,4,50,564.00,"28,200.00"
2020-02-11,2020021101013820,SIL,14,4,58,564.00,"32,712.00"
2020-02-11,2020021101013819,SIL,7,4,333,564.00,"187,812.00"
2020-02-11,2020021101013914,SIL,10,44,100,563.00,"56,300.00"
2020-02-11,2020021101013913,SIL,10,4,50,563.00,"28,150.00"
2020-02-11,2020021101013912,SIL,10,16,350,563.00,"197,050.00"
2020-02-11,2020021101013908,SIL,44,16,50,563.00,"28,150.00"
2020-02-11,2020021101013894,SIL,44,4,50,563.00,"28,150.00"
2020-02-11,2020021101013893,SIL,40,4,150,563.00,"84,450.00"
2020-02-11,2020021101014178,SIL,40,44,500,561.00,"280,500.00"
2020-02-11,2020021101014177,SIL,16,44,100,561.00,"56,100.00"
2020-02-11,2020021101014176,SIL,3,44,70,561.00,"39,270.00"
2020-02-11,2020021101014172,SIL,3,25,30,561.00,"16,830.00"
2020-02-11,2020021101014094,SIL,20,5,500,562.00,"281,000.00"
2020-02-11,2020021101014093,SIL,21,5,100,562.00,"56,200.00"
2020-02-11,2020021101014298,SINDU,42,13,34,135.00,"4,590.00"
2020-02-11,2020021101014297,SINDU,33,13,500,135.00,"67,500.00"
2020-02-11,2020021101014296,SINDU,33,13,466,135.00,"62,910.00"
2020-02-11,2020021101014157,SINDU,38,41,200,136.00,"27,200.00"
2020-02-11,2020021101014089,SJCL,55,39,20,159.00,"3,180.00"
2020-02-11,2020021101014066,SJCL,55,58,10,159.00,"1,590.00"
2020-02-11,2020021101014046,SJCL,57,58,10,159.00,"1,590.00"
2020-02-11,2020021101014171,SKBBL,43,26,41,"1,031.00","42,271.00"
2020-02-11,2020021101014170,SKBBL,59,26,100,"1,037.00","103,700.00"
2020-02-11,2020021101014169,SKBBL,41,26,59,"1,038.00","61,242.00"
2020-02-11,2020021101014106,SKBBL,41,44,521,"1,038.00","540,798.00"
2020-02-11,2020021101014305,SLBBL,34,34,650,910.00,"591,500.00"
2020-02-11,2020021101014304,SLBBL,34,43,100,909.00,"90,900.00"
2020-02-11,2020021101014303,SLBBL,34,16,50,909.00,"45,450.00"
2020-02-11,2020021101014302,SLBBL,34,49,400,908.00,"363,200.00"
2020-02-11,2020021101013863,SLBBL,58,16,50,909.00,"45,450.00"
2020-02-11,2020021101013850,SLBBL,46,41,17,900.00,"15,300.00"
2020-02-11,2020021101013849,SLBBL,34,41,83,900.00,"74,700.00"
2020-02-11,2020021101014277,SLICL,5,7,50,462.00,"23,100.00"
2020-02-11,2020021101014230,SLICL,35,16,100,462.00,"46,200.00"
2020-02-11,2020021101014043,SLICL,44,49,100,464.00,"46,400.00"
2020-02-11,2020021101014028,SLICL,44,44,212,463.00,"98,156.00"
2020-02-11,2020021101013945,SLICL,32,44,47,463.00,"21,761.00"
2020-02-11,2020021101013944,SLICL,59,44,179,463.00,"82,877.00"
2020-02-11,2020021101014181,SMATA,29,37,200,754.00,"150,800.00"
2020-02-11,2020021101014101,SMATA,26,41,19,753.00,"14,307.00"
2020-02-11,2020021101014100,SMATA,26,21,100,753.00,"75,300.00"
2020-02-11,2020021101014099,SMATA,26,45,38,753.00,"28,614.00"
2020-02-11,2020021101014098,SMATA,26,45,170,753.00,"128,010.00"
2020-02-11,2020021101014095,SMATA,26,45,200,750.00,"150,000.00"
2020-02-11,2020021101013887,SMATA,45,45,181,750.00,"135,750.00"
2020-02-11,2020021101014087,SMB,16,26,10,"1,016.00","10,160.00"
2020-02-11,2020021101013905,SMB,16,35,50,"1,016.00","50,800.00"
2020-02-11,2020021101014281,SMFBS,14,47,10,"1,020.00","10,200.00"
2020-02-11,2020021101013846,SRBL,21,54,12,248.00,"2,976.00"
2020-02-11,2020021101013845,SRBL,21,58,200,248.00,"49,600.00"
2020-02-11,2020021101014146,STC,21,55,10,"2,428.00","24,280.00"
2020-02-11,2020021101013961,STC,7,7,20,"2,428.00","48,560.00"
2020-02-11,2020021101013960,STC,7,7,50,"2,429.00","121,450.00"
2020-02-11,2020021101013959,STC,7,7,10,"2,430.00","24,300.00"
2020-02-11,2020021101013958,STC,45,7,20,"2,430.00","48,600.00"
2020-02-11,2020021101013957,STC,55,7,50,"2,435.00","121,750.00"
2020-02-11,2020021101013956,STC,14,7,50,"2,436.00","121,800.00"
2020-02-11,2020021101013867,STC,55,19,50,"2,435.00","121,750.00"
2020-02-11,2020021101014158,SWBBL,57,26,51,"1,171.00","59,721.00"
2020-02-11,2020021101014128,SWBBL,26,49,599,"1,170.00","700,830.00"
2020-02-11,2020021101014127,SWBBL,26,11,100,"1,170.00","117,000.00"
2020-02-11,2020021101014126,SWBBL,26,56,35,"1,170.00","40,950.00"
2020-02-11,2020021101014124,SWBBL,37,45,100,"1,169.00","116,900.00"
2020-02-11,2020021101014103,SWBBL,41,45,100,"1,169.00","116,900.00"
2020-02-11,2020021101014200,TMDBL,44,42,553,189.00,"104,517.00"
2020-02-11,2020021101014108,UFL,13,6,97,183.00,"17,751.00"
2020-02-11,2020021101013995,UFL,44,6,400,180.00,"72,000.00"
2020-02-11,2020021101013866,UIC,37,45,74,424.00,"31,376.00"
2020-02-11,2020021101014097,UPCL,16,32,180,77.00,"13,860.00"
2020-02-11,2020021101013969,UPPER,28,43,50,240.00,"12,000.00"
2020-02-11,2020021101013968,UPPER,26,43,40,240.00,"9,600.00"
2020-02-11,2020021101013967,UPPER,17,43,"1,530",240.00,"367,200.00"
2020-02-11,2020021101013966,UPPER,52,43,200,241.00,"48,200.00"
2020-02-11,2020021101013965,UPPER,50,43,212,241.00,"51,092.00"
2020-02-11,2020021101013964,UPPER,48,43,366,241.00,"88,206.00"
2020-02-11,2020021101014257,UPPER,6,42,50,240.00,"12,000.00"
2020-02-11,2020021101014105,UPPER,6,29,50,240.00,"12,000.00"
2020-02-11,2020021101013973,UPPER,6,43,85,240.00,"20,400.00"
2020-02-11,2020021101013972,UPPER,28,43,"1,000",240.00,"240,000.00"
2020-02-11,2020021101013971,UPPER,40,43,500,240.00,"120,000.00"
2020-02-11,2020021101013970,UPPER,1,43,"1,000",240.00,"240,000.00"
2020-02-11,2020021101013897,VLBS,43,58,200,"1,063.00","212,600.00"
2020-02-11,2020021101013900,VLBS,41,58,200,"1,061.00","212,200.00"
2020-02-11,2020021101013899,VLBS,57,58,300,"1,061.00","318,300.00"
2020-02-11,2020021101013898,VLBS,34,58,300,"1,062.00","318,600.00"
2020-02-11,2020021101013415,AHPC,46,16,37,97.00,"3,589.00"
2020-02-11,2020021101013414,AHPC,46,37,113,96.00,"10,848.00"
2020-02-11,2020021101013717,ALBSL,16,29,11,719.00,"7,909.00"
2020-02-11,2020021101013687,ALBSL,45,57,11,720.00,"7,920.00"
2020-02-11,2020021101013555,ALBSL,45,45,117,720.00,"84,240.00"
2020-02-11,2020021101013516,ALBSL,16,45,69,720.00,"49,680.00"
2020-02-11,2020021101013515,ALBSL,58,45,14,720.00,"10,080.00"
2020-02-11,2020021101013484,ALBSL,1,6,68,721.00,"49,028.00"
2020-02-11,2020021101013339,ALBSL,1,45,10,721.00,"7,210.00"
2020-02-11,2020021101013614,ALICL,14,44,300,568.00,"170,400.00"
2020-02-11,2020021101013538,ALICL,25,44,50,568.00,"28,400.00"
2020-02-11,2020021101013537,ALICL,57,44,100,568.00,"56,800.00"
2020-02-11,2020021101013536,ALICL,25,44,100,568.00,"56,800.00"
2020-02-11,2020021101013535,ALICL,5,44,203,568.00,"115,304.00"
2020-02-11,2020021101013419,ALICL,6,25,500,570.00,"285,000.00"
2020-02-11,2020021101013774,API,44,34,920,131.00,"120,520.00"
2020-02-11,2020021101013736,API,44,34,"1,000",131.00,"131,000.00"
2020-02-11,2020021101013735,API,58,34,80,131.00,"10,480.00"
2020-02-11,2020021101013613,API,58,56,29,131.00,"3,799.00"
2020-02-11,2020021101013458,API,44,56,405,132.00,"53,460.00"
2020-02-11,2020021101013581,API,25,52,92,132.00,"12,144.00"
2020-02-11,2020021101013580,API,25,52,"1,000",132.00,"132,000.00"
2020-02-11,2020021101013579,API,25,56,"1,908",132.00,"251,856.00"
2020-02-11,2020021101013800,BBC,26,43,200,"1,808.00","361,600.00"
2020-02-11,2020021101013799,BBC,26,45,63,"1,805.00","113,715.00"
2020-02-11,2020021101013503,BBC,49,39,50,"1,774.00","88,700.00"
2020-02-11,2020021101013502,BBC,46,39,30,"1,775.00","53,250.00"
2020-02-11,2020021101013777,BPCL,43,16,11,333.00,"3,663.00"
2020-02-11,2020021101013803,CBBL,28,54,100,"1,042.00","104,200.00"
2020-02-11,2020021101013719,CBBL,44,8,300,"1,043.00","312,900.00"
2020-02-11,2020021101013718,CBBL,44,4,50,"1,043.00","52,150.00"
2020-02-11,2020021101013630,CBBL,16,8,160,"1,044.00","167,040.00"
2020-02-11,2020021101013629,CBBL,16,49,100,"1,044.00","104,400.00"
2020-02-11,2020021101013628,CBBL,16,58,20,"1,044.00","20,880.00"
2020-02-11,2020021101013627,CBBL,16,39,10,"1,044.00","10,440.00"
2020-02-11,2020021101013626,CBBL,16,50,10,"1,044.00","10,440.00"
2020-02-11,2020021101013471,CBBL,40,50,40,"1,044.00","41,760.00"
2020-02-11,2020021101013446,CBBL,42,50,59,"1,044.00","61,596.00"
2020-02-11,2020021101013336,CBBL,42,11,20,"1,044.00","20,880.00"
2020-02-11,2020021101013782,CBL,7,58,200,155.00,"31,000.00"
2020-02-11,2020021101013623,CBL,49,49,"45,000",155.00,"6,975,000.00"
2020-02-11,2020021101013622,CBL,49,34,200,155.00,"31,000.00"
2020-02-11,2020021101013575,CBL,59,3,116,156.00,"18,096.00"
2020-02-11,2020021101013574,CBL,59,29,"1,884",156.00,"293,904.00"
2020-02-11,2020021101013552,CBL,59,29,616,156.00,"96,096.00"
2020-02-11,2020021101013501,CBL,14,58,"3,000",155.00,"465,000.00"
2020-02-11,2020021101013500,CBL,32,58,"2,000",155.00,"310,000.00"
2020-02-11,2020021101013499,CBL,59,58,"2,000",155.00,"310,000.00"
2020-02-11,2020021101013498,CBL,46,58,803,155.00,"124,465.00"
2020-02-11,2020021101013394,CBL,46,21,15,155.00,"2,325.00"
2020-02-11,2020021101013551,CBL,59,32,100,156.00,"15,600.00"
2020-02-11,2020021101013550,CBL,59,59,100,156.00,"15,600.00"
2020-02-11,2020021101013549,CBL,59,36,400,156.00,"62,400.00"
2020-02-11,2020021101013548,CBL,59,33,92,156.00,"14,352.00"
2020-02-11,2020021101013547,CBL,59,44,692,156.00,"107,952.00"
2020-02-11,2020021101013523,CBL,59,58,"2,197",155.00,"340,535.00"
2020-02-11,2020021101013776,CCBL,26,19,100,186.00,"18,600.00"
2020-02-11,2020021101013638,CCBL,26,45,500,186.00,"93,000.00"
2020-02-11,2020021101013637,CCBL,57,45,500,186.00,"93,000.00"
2020-02-11,2020021101013333,CFCL,36,49,14,141.00,"1,974.00"
2020-02-11,2020021101013797,CIT,13,8,200,"2,586.00","517,200.00"
2020-02-11,2020021101013768,CIT,49,10,100,"2,586.00","258,600.00"
2020-02-11,2020021101013517,CIT,57,57,100,"2,594.00","259,400.00"
2020-02-11,2020021101013487,CIT,57,38,150,"2,594.00","389,100.00"
2020-02-11,2020021101013486,CIT,57,32,115,"2,593.00","298,195.00"
2020-02-11,2020021101013485,CIT,57,17,34,"2,590.00","88,060.00"
2020-02-11,2020021101013427,CIT,25,25,100,"2,584.00","258,400.00"
2020-02-11,2020021101013417,CIT,32,57,10,"2,590.00","25,900.00"
2020-02-11,2020021101013416,CIT,32,45,10,"2,588.00","25,880.00"
2020-02-11,2020021101013388,CIT,13,39,254,"2,582.00","655,828.00"
2020-02-11,2020021101013769,CLBSL,43,29,10,"1,125.00","11,250.00"
2020-02-11,2020021101013345,CLBSL,22,1,50,"1,120.00","56,000.00"
2020-02-11,2020021101013344,CLBSL,51,1,50,"1,120.00","56,000.00"
2020-02-11,2020021101013681,CZBIL,11,42,10,197.00,"1,970.00"
2020-02-11,2020021101013738,DDBL,6,34,55,870.00,"47,850.00"
2020-02-11,2020021101013713,DDBL,58,16,38,868.00,"32,984.00"
2020-02-11,2020021101013573,DDBL,49,34,200,870.00,"174,000.00"
2020-02-11,2020021101013470,DDBL,17,6,200,869.00,"173,800.00"
2020-02-11,2020021101013423,DDBL,21,6,100,869.00,"86,900.00"
2020-02-11,2020021101013324,DDBL,13,6,200,869.00,"173,800.00"
2020-02-11,2020021101013426,EBL,29,49,100,642.00,"64,200.00"
2020-02-11,2020021101013584,EDBL,21,29,100,359.00,"35,900.00"
2020-02-11,2020021101013600,EIC,56,45,300,441.00,"132,300.00"
2020-02-11,2020021101013569,FOWAD,41,13,19,"1,455.00","27,645.00"
2020-02-11,2020021101013568,FOWAD,41,17,40,"1,455.00","58,200.00"
2020-02-11,2020021101013567,FOWAD,41,36,50,"1,454.00","72,700.00"
2020-02-11,2020021101013566,FOWAD,41,38,12,"1,452.00","17,424.00"
2020-02-11,2020021101013565,FOWAD,41,17,19,"1,450.00","27,550.00"
2020-02-11,2020021101013792,GBBL,16,19,500,244.00,"122,000.00"
2020-02-11,2020021101013791,GBBL,16,45,500,244.00,"122,000.00"
2020-02-11,2020021101013631,GBBL,43,57,116,243.00,"28,188.00"
2020-02-11,2020021101013508,GBBL,43,33,15,243.00,"3,645.00"
2020-02-11,2020021101013790,GBIME,20,29,50,281.00,"14,050.00"
2020-02-11,2020021101013781,GBIME,14,29,200,281.00,"56,200.00"
2020-02-11,2020021101013701,GBIME,32,38,648,281.00,"182,088.00"
2020-02-11,2020021101013700,GBIME,32,7,185,281.00,"51,985.00"
2020-02-11,2020021101013646,GBIME,22,7,21,281.00,"5,901.00"
2020-02-11,2020021101013594,GBIME,22,52,279,281.00,"78,399.00"
2020-02-11,2020021101013396,GBIME,34,48,"1,000",281.00,"281,000.00"
2020-02-11,2020021101013395,GBIME,6,48,321,281.00,"90,201.00"
2020-02-11,2020021101013593,GBIME,21,52,100,281.00,"28,100.00"
2020-02-11,2020021101013592,GBIME,41,52,100,281.00,"28,100.00"
