Date,Transact. No.,Symbol,Buyer,Seller,Quantity,Rate,Amount
2020-10-08,2020100804002393,CMF1,47,41,"1,000",9.62,"9,620.00"
2020-10-08,2020100804002341,LEMF,45,43,800,8.96,"7,168.00"
2020-10-08,2020100804002016,LEMF,45,43,800,8.96,"7,168.00"
2020-10-08,2020100804002139,LUK,8,55,100,8.86,886.00
2020-10-08,2020100804002376,NEF,43,22,586,9.14,"5,356.04"
2020-10-08,2020100804002375,NEF,43,1,"2,414",9.14,"22,063.96"
2020-10-08,2020100804002065,NEF,4,5,966,9.10,"8,790.60"
2020-10-08,2020100804001975,NEF,4,43,"2,414",9.10,"21,967.40"
2020-10-08,2020100804001945,NEF,4,20,"2,317",9.10,"21,084.70"
2020-10-08,2020100804002281,NIBLPF,29,49,253,9.03,"2,284.59"
2020-10-08,2020100804002280,NIBLPF,29,6,225,9.03,"2,031.75"
2020-10-08,2020100804002102,NIBPO,44,32,92,360.00,"33,120.00"
2020-10-08,2020100804002101,NIBPO,11,32,108,360.00,"38,880.00"
2020-10-08,2020100804002001,NIBPO,11,36,162,360.00,"58,320.00"
2020-10-08,2020100804001981,NIBPO,22,6,300,361.00,"108,300.00"
2020-10-08,2020100804001980,NIBPO,44,6,100,361.00,"36,100.00"
2020-10-08,2020100804001979,NIBPO,19,6,125,361.00,"45,125.00"
2020-10-08,2020100804001918,NIBPO,19,4,75,361.00,"27,075.00"
2020-10-08,2020100804002378,NICBF,45,45,"4,500",9.10,"40,950.00"
2020-10-08,2020100804001905,NICBF,45,50,100,9.10,910.00
2020-10-08,2020100804001983,NICGF,48,48,100,9.56,956.00
2020-10-08,2020100804002354,NMBHF1,28,43,"1,893",9.43,"17,850.99"
2020-10-08,2020100804002386,RBCLPO,49,29,10,"10,349.00","103,490.00"
2020-10-08,2020100804002187,RBCLPO,35,33,40,"10,200.00","408,000.00"
2020-10-08,2020100804002186,RBCLPO,6,33,20,"10,201.00","204,020.00"
2020-10-08,2020100804002185,RBCLPO,38,33,20,"10,250.00","205,000.00"
2020-10-08,2020100804002184,RBCLPO,49,33,20,"10,251.00","205,020.00"
2020-10-08,2020100804001940,RBCLPO,13,34,40,"10,300.00","412,000.00"
2020-10-08,2020100804001939,RBCLPO,49,34,11,"10,305.00","113,355.00"
2020-10-08,2020100804001938,RBCLPO,34,34,10,"10,306.00","103,060.00"
2020-10-08,2020100804001937,RBCLPO,40,34,30,"10,310.00","309,300.00"
2020-10-08,2020100804002394,RLI,57,41,10,615.00,"6,150.00"
2020-10-08,2020100804002392,RLI,57,57,10,615.00,"6,150.00"
2020-10-08,2020100804002391,RLI,57,16,20,615.00,"12,300.00"
2020-10-08,2020100804002390,RLI,58,16,10,615.00,"6,150.00"
2020-10-08,2020100804002389,RLI,33,16,20,615.00,"12,300.00"
2020-10-08,2020100804002388,RLI,33,42,10,615.00,"6,150.00"
2020-10-08,2020100804001896,RLI,55,58,10,616.00,"6,160.00"
2020-10-08,2020100804001895,RLI,55,47,10,616.00,"6,160.00"
2020-10-08,2020100804001902,RLI,38,47,10,615.00,"6,150.00"
2020-10-08,2020100804001901,RLI,38,58,10,615.00,"6,150.00"
2020-10-08,2020100804001900,RLI,38,47,10,615.00,"6,150.00"
2020-10-08,2020100804001899,RLI,38,58,10,615.00,"6,150.00"
2020-10-08,2020100804001898,RLI,55,47,10,616.00,"6,160.00"
2020-10-08,2020100804001897,RLI,55,28,10,616.00,"6,160.00"
2020-10-08,2020100804001909,RLI,38,47,10,615.00,"6,150.00"
2020-10-08,2020100804001908,RLI,38,47,10,615.00,"6,150.00"
2020-10-08,2020100804001907,RLI,38,58,10,615.00,"6,150.00"
2020-10-08,2020100804001906,RLI,38,47,10,615.00,"6,150.00"
2020-10-08,2020100804001904,RLI,38,58,10,615.00,"6,150.00"
2020-10-08,2020100804001903,RLI,38,46,10,615.00,"6,150.00"
2020-10-08,2020100804001915,RLI,11,57,10,615.00,"6,150.00"
2020-10-08,2020100804001914,RLI,38,47,10,615.00,"6,150.00"
2020-10-08,2020100804001913,RLI,38,58,10,615.00,"6,150.00"
2020-10-08,2020100804001912,RLI,38,47,10,615.00,"6,150.00"
2020-10-08,2020100804001911,RLI,38,40,10,615.00,"6,150.00"
2020-10-08,2020100804001910,RLI,38,41,10,615.00,"6,150.00"
2020-10-08,2020100804001922,RLI,26,47,10,617.00,"6,170.00"
2020-10-08,2020100804001921,RLI,26,47,10,617.00,"6,170.00"
2020-10-08,2020100804001920,RLI,26,14,10,617.00,"6,170.00"
2020-10-08,2020100804001919,RLI,26,34,10,617.00,"6,170.00"
2020-10-08,2020100804001917,RLI,47,47,10,617.00,"6,170.00"
2020-10-08,2020100804001916,RLI,47,8,10,616.00,"6,160.00"
2020-10-08,2020100804001928,RLI,22,58,10,615.00,"6,150.00"
2020-10-08,2020100804001927,RLI,22,22,10,615.00,"6,150.00"
2020-10-08,2020100804001926,RLI,22,57,10,615.00,"6,150.00"
2020-10-08,2020100804001925,RLI,22,47,10,615.00,"6,150.00"
2020-10-08,2020100804001924,RLI,22,47,10,615.00,"6,150.00"
2020-10-08,2020100804001923,RLI,26,14,10,617.00,"6,170.00"
2020-10-08,2020100804001934,RLI,38,58,10,615.00,"6,150.00"
2020-10-08,2020100804001933,RLI,38,47,10,615.00,"6,150.00"
2020-10-08,2020100804001932,RLI,38,28,10,615.00,"6,150.00"
2020-10-08,2020100804001931,RLI,38,44,10,615.00,"6,150.00"
2020-10-08,2020100804001930,RLI,39,4,10,615.00,"6,150.00"
2020-10-08,2020100804001929,RLI,39,20,10,615.00,"6,150.00"
2020-10-08,2020100804001944,RLI,34,4,10,615.00,"6,150.00"
2020-10-08,2020100804001943,RLI,34,56,10,615.00,"6,150.00"
2020-10-08,2020100804001942,RLI,49,47,10,615.00,"6,150.00"
2020-10-08,2020100804001941,RLI,38,58,10,615.00,"6,150.00"
2020-10-08,2020100804001936,RLI,38,47,10,615.00,"6,150.00"
2020-10-08,2020100804001935,RLI,38,4,10,615.00,"6,150.00"
2020-10-08,2020100804001951,RLI,39,29,25,616.00,"15,400.00"
2020-10-08,2020100804001950,RLI,42,4,10,615.00,"6,150.00"
2020-10-08,2020100804001949,RLI,42,47,10,615.00,"6,150.00"
2020-10-08,2020100804001948,RLI,42,4,10,615.00,"6,150.00"
2020-10-08,2020100804001947,RLI,42,11,10,615.00,"6,150.00"
2020-10-08,2020100804001946,RLI,42,47,10,615.00,"6,150.00"
2020-10-08,2020100804001957,RLI,56,57,10,615.00,"6,150.00"
2020-10-08,2020100804001956,RLI,56,48,10,615.00,"6,150.00"
2020-10-08,2020100804001955,RLI,56,49,10,615.00,"6,150.00"
2020-10-08,2020100804001954,RLI,56,4,10,615.00,"6,150.00"
2020-10-08,2020100804001953,RLI,32,21,10,615.00,"6,150.00"
2020-10-08,2020100804001952,RLI,32,53,10,615.00,"6,150.00"
2020-10-08,2020100804001964,RLI,56,35,10,615.00,"6,150.00"
2020-10-08,2020100804001963,RLI,56,4,10,615.00,"6,150.00"
2020-10-08,2020100804001962,RLI,56,49,10,615.00,"6,150.00"
2020-10-08,2020100804001961,RLI,56,4,10,615.00,"6,150.00"
2020-10-08,2020100804001960,RLI,56,58,10,615.00,"6,150.00"
2020-10-08,2020100804001958,RLI,56,4,10,615.00,"6,150.00"
2020-10-08,2020100804001970,RLI,34,42,10,615.00,"6,150.00"
2020-10-08,2020100804001969,RLI,34,58,10,615.00,"6,150.00"
2020-10-08,2020100804001968,RLI,34,4,10,615.00,"6,150.00"
2020-10-08,2020100804001967,RLI,34,47,10,615.00,"6,150.00"
2020-10-08,2020100804001966,RLI,34,4,10,615.00,"6,150.00"
2020-10-08,2020100804001965,RLI,34,49,10,615.00,"6,150.00"
2020-10-08,2020100804001977,RLI,35,36,10,615.00,"6,150.00"
2020-10-08,2020100804001976,RLI,35,4,10,615.00,"6,150.00"
2020-10-08,2020100804001974,RLI,34,3,10,615.00,"6,150.00"
2020-10-08,2020100804001973,RLI,34,28,10,615.00,"6,150.00"
2020-10-08,2020100804001972,RLI,34,4,10,615.00,"6,150.00"
2020-10-08,2020100804001971,RLI,34,35,10,615.00,"6,150.00"
2020-10-08,2020100804001987,RLI,35,35,10,615.00,"6,150.00"
2020-10-08,2020100804001986,RLI,35,49,10,615.00,"6,150.00"
2020-10-08,2020100804001985,RLI,35,36,10,615.00,"6,150.00"
2020-10-08,2020100804001984,RLI,35,4,10,615.00,"6,150.00"
2020-10-08,2020100804001982,RLI,35,38,10,615.00,"6,150.00"
2020-10-08,2020100804001978,RLI,35,4,10,615.00,"6,150.00"
2020-10-08,2020100804001993,RLI,21,49,10,615.00,"6,150.00"
2020-10-08,2020100804001992,RLI,21,44,10,615.00,"6,150.00"
2020-10-08,2020100804001991,RLI,21,4,10,615.00,"6,150.00"
2020-10-08,2020100804001990,RLI,21,41,10,615.00,"6,150.00"
2020-10-08,2020100804001989,RLI,21,49,10,615.00,"6,150.00"
2020-10-08,2020100804001988,RLI,35,4,10,615.00,"6,150.00"
2020-10-08,2020100804001999,RLI,21,41,10,615.00,"6,150.00"
2020-10-08,2020100804001998,RLI,21,38,40,615.00,"24,600.00"
2020-10-08,2020100804001997,RLI,21,49,10,615.00,"6,150.00"
2020-10-08,2020100804001996,RLI,21,58,10,615.00,"6,150.00"
2020-10-08,2020100804001995,RLI,21,55,10,615.00,"6,150.00"
2020-10-08,2020100804001994,RLI,21,4,10,615.00,"6,150.00"
2020-10-08,2020100804002006,RLI,42,49,10,615.00,"6,150.00"
2020-10-08,2020100804002005,RLI,42,4,10,615.00,"6,150.00"
2020-10-08,2020100804002004,RLI,51,43,10,615.00,"6,150.00"
2020-10-08,2020100804002003,RLI,51,4,10,615.00,"6,150.00"
2020-10-08,2020100804002002,RLI,51,49,10,615.00,"6,150.00"
2020-10-08,2020100804002000,RLI,21,53,10,615.00,"6,150.00"
2020-10-08,2020100804002012,RLI,29,41,100,615.00,"61,500.00"
2020-10-08,2020100804002011,RLI,6,26,10,615.00,"6,150.00"
2020-10-08,2020100804002010,RLI,42,49,10,615.00,"6,150.00"
2020-10-08,2020100804002009,RLI,42,32,10,615.00,"6,150.00"
2020-10-08,2020100804002008,RLI,42,46,10,615.00,"6,150.00"
2020-10-08,2020100804002007,RLI,39,29,25,616.00,"15,400.00"
2020-10-08,2020100804002019,RLI,6,26,10,615.00,"6,150.00"
2020-10-08,2020100804002018,RLI,6,26,10,615.00,"6,150.00"
2020-10-08,2020100804002017,RLI,6,54,10,615.00,"6,150.00"
2020-10-08,2020100804002015,RLI,6,4,10,615.00,"6,150.00"
2020-10-08,2020100804002014,RLI,6,41,40,615.00,"24,600.00"
2020-10-08,2020100804002013,RLI,7,41,100,615.00,"61,500.00"
2020-10-08,2020100804002025,RLI,7,25,70,615.00,"43,050.00"
2020-10-08,2020100804002024,RLI,7,49,10,615.00,"6,150.00"
2020-10-08,2020100804002023,RLI,7,4,10,615.00,"6,150.00"
2020-10-08,2020100804002022,RLI,7,49,10,615.00,"6,150.00"
2020-10-08,2020100804002021,RLI,25,26,10,614.00,"6,140.00"
2020-10-08,2020100804002020,RLI,6,42,10,615.00,"6,150.00"
2020-10-08,2020100804002031,RLI,35,25,30,615.00,"18,450.00"
2020-10-08,2020100804002030,RLI,25,26,10,614.00,"6,140.00"
2020-10-08,2020100804002029,RLI,25,53,10,614.00,"6,140.00"
2020-10-08,2020100804002028,RLI,25,49,10,614.00,"6,140.00"
2020-10-08,2020100804002027,RLI,25,53,10,614.00,"6,140.00"
2020-10-08,2020100804002026,RLI,25,26,10,614.00,"6,140.00"
2020-10-08,2020100804002037,RLI,29,49,10,614.00,"6,140.00"
2020-10-08,2020100804002036,RLI,25,34,10,614.00,"6,140.00"
2020-10-08,2020100804002035,RLI,25,40,10,614.00,"6,140.00"
2020-10-08,2020100804002034,RLI,25,32,10,614.00,"6,140.00"
2020-10-08,2020100804002033,RLI,25,53,10,614.00,"6,140.00"
2020-10-08,2020100804002032,RLI,35,16,20,615.00,"12,300.00"
2020-10-08,2020100804002043,RLI,22,32,10,614.00,"6,140.00"
2020-10-08,2020100804002042,RLI,22,49,10,614.00,"6,140.00"
2020-10-08,2020100804002041,RLI,29,53,10,614.00,"6,140.00"
2020-10-08,2020100804002040,RLI,29,53,10,614.00,"6,140.00"
2020-10-08,2020100804002039,RLI,29,21,10,614.00,"6,140.00"
2020-10-08,2020100804002038,RLI,29,53,10,614.00,"6,140.00"
2020-10-08,2020100804002049,RLI,57,29,200,614.00,"122,800.00"
2020-10-08,2020100804002048,RLI,51,29,200,614.00,"122,800.00"
2020-10-08,2020100804002047,RLI,22,29,50,614.00,"30,700.00"
2020-10-08,2020100804002046,RLI,22,53,10,614.00,"6,140.00"
2020-10-08,2020100804002045,RLI,22,46,10,614.00,"6,140.00"
2020-10-08,2020100804002044,RLI,22,40,10,614.00,"6,140.00"
2020-10-08,2020100804002055,RLI,42,16,130,614.00,"79,820.00"
2020-10-08,2020100804002054,RLI,57,16,60,614.00,"36,840.00"
2020-10-08,2020100804002053,RLI,57,29,10,614.00,"6,140.00"
2020-10-08,2020100804002052,RLI,57,8,10,614.00,"6,140.00"
2020-10-08,2020100804002051,RLI,57,53,10,614.00,"6,140.00"
2020-10-08,2020100804002050,RLI,57,4,10,614.00,"6,140.00"
2020-10-08,2020100804002061,RLI,42,53,10,614.00,"6,140.00"
2020-10-08,2020100804002060,RLI,42,32,10,614.00,"6,140.00"
2020-10-08,2020100804002059,RLI,42,34,10,614.00,"6,140.00"
2020-10-08,2020100804002058,RLI,42,29,10,614.00,"6,140.00"
2020-10-08,2020100804002057,RLI,42,53,10,614.00,"6,140.00"
2020-10-08,2020100804002056,RLI,42,40,10,614.00,"6,140.00"
2020-10-08,2020100804002068,RLI,42,4,10,614.00,"6,140.00"
2020-10-08,2020100804002067,RLI,42,53,10,614.00,"6,140.00"
2020-10-08,2020100804002066,RLI,42,4,10,614.00,"6,140.00"
2020-10-08,2020100804002064,RLI,42,53,10,614.00,"6,140.00"
2020-10-08,2020100804002063,RLI,42,29,10,614.00,"6,140.00"
2020-10-08,2020100804002062,RLI,42,10,10,614.00,"6,140.00"
2020-10-08,2020100804002074,RLI,32,4,10,615.00,"6,150.00"
2020-10-08,2020100804002073,RLI,32,56,500,615.00,"307,500.00"
2020-10-08,2020100804002072,RLI,42,17,10,614.00,"6,140.00"
2020-10-08,2020100804002071,RLI,42,53,10,614.00,"6,140.00"
2020-10-08,2020100804002070,RLI,42,17,10,614.00,"6,140.00"
2020-10-08,2020100804002069,RLI,42,19,10,614.00,"6,140.00"
2020-10-08,2020100804002080,RLI,32,47,10,615.00,"6,150.00"
2020-10-08,2020100804002079,RLI,32,47,10,615.00,"6,150.00"
2020-10-08,2020100804002078,RLI,32,47,10,615.00,"6,150.00"
2020-10-08,2020100804002077,RLI,32,4,10,615.00,"6,150.00"
2020-10-08,2020100804002076,RLI,32,33,10,615.00,"6,150.00"
2020-10-08,2020100804002075,RLI,32,58,10,615.00,"6,150.00"
2020-10-08,2020100804002086,RLI,41,29,10,615.00,"6,150.00"
2020-10-08,2020100804002085,RLI,41,48,10,615.00,"6,150.00"
2020-10-08,2020100804002084,RLI,41,53,10,615.00,"6,150.00"
2020-10-08,2020100804002083,RLI,41,40,10,615.00,"6,150.00"
2020-10-08,2020100804002082,RLI,32,47,10,615.00,"6,150.00"
2020-10-08,2020100804002081,RLI,32,16,10,615.00,"6,150.00"
2020-10-08,2020100804002092,RLI,41,44,10,615.00,"6,150.00"
2020-10-08,2020100804002091,RLI,41,29,10,615.00,"6,150.00"
2020-10-08,2020100804002090,RLI,41,47,10,615.00,"6,150.00"
2020-10-08,2020100804002089,RLI,41,29,10,615.00,"6,150.00"
2020-10-08,2020100804002088,RLI,41,40,10,615.00,"6,150.00"
2020-10-08,2020100804002087,RLI,41,17,10,615.00,"6,150.00"
2020-10-08,2020100804002098,RLI,41,17,10,615.00,"6,150.00"
2020-10-08,2020100804002097,RLI,41,53,10,615.00,"6,150.00"
2020-10-08,2020100804002096,RLI,41,17,10,615.00,"6,150.00"
2020-10-08,2020100804002095,RLI,41,42,10,615.00,"6,150.00"
2020-10-08,2020100804002094,RLI,41,53,10,615.00,"6,150.00"
2020-10-08,2020100804002093,RLI,41,17,10,615.00,"6,150.00"
2020-10-08,2020100804002106,RLI,41,53,10,615.00,"6,150.00"
2020-10-08,2020100804002105,RLI,41,38,10,615.00,"6,150.00"
2020-10-08,2020100804002104,RLI,41,34,10,615.00,"6,150.00"
2020-10-08,2020100804002103,RLI,41,53,10,615.00,"6,150.00"
2020-10-08,2020100804002100,RLI,41,40,10,615.00,"6,150.00"
2020-10-08,2020100804002099,RLI,41,53,10,615.00,"6,150.00"
2020-10-08,2020100804002112,RLI,41,17,10,615.00,"6,150.00"
2020-10-08,2020100804002111,RLI,41,58,10,615.00,"6,150.00"
2020-10-08,2020100804002110,RLI,41,6,10,615.00,"6,150.00"
2020-10-08,2020100804002109,RLI,41,39,10,615.00,"6,150.00"
2020-10-08,2020100804002108,RLI,41,53,10,615.00,"6,150.00"
2020-10-08,2020100804002107,RLI,41,46,10,615.00,"6,150.00"
2020-10-08,2020100804002118,RLI,41,53,10,615.00,"6,150.00"
2020-10-08,2020100804002117,RLI,41,10,10,615.00,"6,150.00"
2020-10-08,2020100804002116,RLI,41,22,10,615.00,"6,150.00"
2020-10-08,2020100804002115,RLI,41,47,10,615.00,"6,150.00"
2020-10-08,2020100804002114,RLI,41,41,10,615.00,"6,150.00"
2020-10-08,2020100804002113,RLI,41,53,10,615.00,"6,150.00"
2020-10-08,2020100804002124,RLI,41,41,10,615.00,"6,150.00"
2020-10-08,2020100804002123,RLI,41,29,10,615.00,"6,150.00"
2020-10-08,2020100804002122,RLI,41,38,10,615.00,"6,150.00"
2020-10-08,2020100804002121,RLI,41,41,10,615.00,"6,150.00"
2020-10-08,2020100804002120,RLI,41,29,10,615.00,"6,150.00"
2020-10-08,2020100804002119,RLI,41,21,10,615.00,"6,150.00"
2020-10-08,2020100804002132,RLI,41,29,10,615.00,"6,150.00"
2020-10-08,2020100804002131,RLI,41,40,10,615.00,"6,150.00"
2020-10-08,2020100804002130,RLI,41,34,10,615.00,"6,150.00"
2020-10-08,2020100804002129,RLI,41,29,10,615.00,"6,150.00"
2020-10-08,2020100804002128,RLI,41,29,10,615.00,"6,150.00"
2020-10-08,2020100804002127,RLI,41,29,10,615.00,"6,150.00"
2020-10-08,2020100804002138,RLI,41,29,10,615.00,"6,150.00"
2020-10-08,2020100804002137,RLI,41,22,10,615.00,"6,150.00"
2020-10-08,2020100804002136,RLI,41,58,100,615.00,"61,500.00"
2020-10-08,2020100804002135,RLI,41,29,10,615.00,"6,150.00"
2020-10-08,2020100804002134,RLI,41,38,10,615.00,"6,150.00"
2020-10-08,2020100804002133,RLI,41,47,10,615.00,"6,150.00"
2020-10-08,2020100804002146,RLI,41,29,10,615.00,"6,150.00"
2020-10-08,2020100804002145,RLI,41,16,10,615.00,"6,150.00"
2020-10-08,2020100804002144,RLI,41,29,10,615.00,"6,150.00"
2020-10-08,2020100804002143,RLI,41,41,10,615.00,"6,150.00"
2020-10-08,2020100804002142,RLI,41,29,10,615.00,"6,150.00"
2020-10-08,2020100804002140,RLI,41,47,10,615.00,"6,150.00"
2020-10-08,2020100804002152,RLI,41,38,10,615.00,"6,150.00"
2020-10-08,2020100804002151,RLI,41,29,10,615.00,"6,150.00"
2020-10-08,2020100804002150,RLI,41,47,10,615.00,"6,150.00"
2020-10-08,2020100804002149,RLI,41,32,10,615.00,"6,150.00"
2020-10-08,2020100804002148,RLI,41,47,10,615.00,"6,150.00"
2020-10-08,2020100804002147,RLI,41,38,10,615.00,"6,150.00"
2020-10-08,2020100804002158,RLI,41,47,10,615.00,"6,150.00"
2020-10-08,2020100804002157,RLI,41,38,10,615.00,"6,150.00"
2020-10-08,2020100804002156,RLI,41,16,10,615.00,"6,150.00"
2020-10-08,2020100804002155,RLI,41,29,10,615.00,"6,150.00"
2020-10-08,2020100804002154,RLI,41,21,10,615.00,"6,150.00"
2020-10-08,2020100804002153,RLI,41,29,10,615.00,"6,150.00"
2020-10-08,2020100804002164,RLI,41,38,10,615.00,"6,150.00"
2020-10-08,2020100804002163,RLI,41,29,10,615.00,"6,150.00"
2020-10-08,2020100804002162,RLI,41,18,10,615.00,"6,150.00"
2020-10-08,2020100804002161,RLI,41,18,10,615.00,"6,150.00"
2020-10-08,2020100804002160,RLI,41,29,10,615.00,"6,150.00"
2020-10-08,2020100804002159,RLI,41,47,10,615.00,"6,150.00"
2020-10-08,2020100804002170,RLI,41,29,10,615.00,"6,150.00"
2020-10-08,2020100804002169,RLI,41,32,10,615.00,"6,150.00"
2020-10-08,2020100804002168,RLI,41,41,10,615.00,"6,150.00"
2020-10-08,2020100804002167,RLI,41,42,10,615.00,"6,150.00"
2020-10-08,2020100804002166,RLI,41,26,10,615.00,"6,150.00"
2020-10-08,2020100804002165,RLI,41,38,10,615.00,"6,150.00"
2020-10-08,2020100804002176,RLI,3,10,110,615.00,"67,650.00"
2020-10-08,2020100804002175,RLI,41,10,50,615.00,"30,750.00"
2020-10-08,2020100804002174,RLI,22,10,100,615.00,"61,500.00"
2020-10-08,2020100804002173,RLI,17,10,20,615.00,"12,300.00"
2020-10-08,2020100804002172,RLI,47,10,30,615.00,"18,450.00"
2020-10-08,2020100804002171,RLI,41,10,90,615.00,"55,350.00"
2020-10-08,2020100804002182,RLI,3,38,10,615.00,"6,150.00"
2020-10-08,2020100804002181,RLI,3,43,10,615.00,"6,150.00"
2020-10-08,2020100804002180,RLI,3,29,10,615.00,"6,150.00"
2020-10-08,2020100804002179,RLI,3,18,10,615.00,"6,150.00"
2020-10-08,2020100804002178,RLI,3,29,10,615.00,"6,150.00"
2020-10-08,2020100804002177,RLI,3,47,10,615.00,"6,150.00"
2020-10-08,2020100804002192,RLI,53,8,10,615.00,"6,150.00"
2020-10-08,2020100804002191,RLI,53,18,10,615.00,"6,150.00"
2020-10-08,2020100804002190,RLI,53,54,10,615.00,"6,150.00"
2020-10-08,2020100804002189,RLI,3,18,10,615.00,"6,150.00"
2020-10-08,2020100804002188,RLI,3,29,10,615.00,"6,150.00"
2020-10-08,2020100804002183,RLI,3,18,10,615.00,"6,150.00"
2020-10-08,2020100804002198,RLI,42,26,20,615.00,"12,300.00"
2020-10-08,2020100804002197,RLI,14,26,100,615.00,"61,500.00"
2020-10-08,2020100804002196,RLI,58,26,17,615.00,"10,455.00"
2020-10-08,2020100804002195,RLI,53,26,50,615.00,"30,750.00"
2020-10-08,2020100804002194,RLI,53,8,10,615.00,"6,150.00"
2020-10-08,2020100804002193,RLI,53,29,10,615.00,"6,150.00"
2020-10-08,2020100804002205,RLI,42,54,10,614.00,"6,140.00"
2020-10-08,2020100804002204,RLI,41,18,10,615.00,"6,150.00"
2020-10-08,2020100804002202,RLI,41,51,10,615.00,"6,150.00"
2020-10-08,2020100804002201,RLI,41,51,10,615.00,"6,150.00"
2020-10-08,2020100804002200,RLI,41,26,13,615.00,"7,995.00"
2020-10-08,2020100804002199,RLI,42,29,10,614.00,"6,140.00"
2020-10-08,2020100804002211,RLI,56,50,10,614.00,"6,140.00"
2020-10-08,2020100804002210,RLI,8,50,40,614.00,"24,560.00"
2020-10-08,2020100804002209,RLI,41,50,40,614.00,"24,560.00"
2020-10-08,2020100804002208,RLI,34,50,10,614.00,"6,140.00"
2020-10-08,2020100804002207,RLI,42,50,50,614.00,"30,700.00"
2020-10-08,2020100804002206,RLI,42,50,90,614.00,"55,260.00"
2020-10-08,2020100804002217,RLI,6,38,10,614.00,"6,140.00"
2020-10-08,2020100804002216,RLI,6,40,10,614.00,"6,140.00"
2020-10-08,2020100804002215,RLI,6,38,10,614.00,"6,140.00"
2020-10-08,2020100804002214,RLI,6,42,10,614.00,"6,140.00"
2020-10-08,2020100804002213,RLI,6,1,500,614.00,"307,000.00"
2020-10-08,2020100804002212,RLI,6,50,260,614.00,"159,640.00"
2020-10-08,2020100804002223,RLI,6,50,107,614.00,"65,698.00"
2020-10-08,2020100804002222,RLI,6,40,10,614.00,"6,140.00"
2020-10-08,2020100804002221,RLI,6,47,10,614.00,"6,140.00"
2020-10-08,2020100804002220,RLI,6,58,10,614.00,"6,140.00"
2020-10-08,2020100804002219,RLI,6,17,10,614.00,"6,140.00"
2020-10-08,2020100804002218,RLI,6,29,10,614.00,"6,140.00"
2020-10-08,2020100804002229,RLI,1,49,10,615.00,"6,150.00"
2020-10-08,2020100804002228,RLI,1,41,610,615.00,"375,150.00"
2020-10-08,2020100804002227,RLI,6,58,10,614.00,"6,140.00"
2020-10-08,2020100804002226,RLI,6,29,10,614.00,"6,140.00"
2020-10-08,2020100804002225,RLI,6,18,10,614.00,"6,140.00"
2020-10-08,2020100804002224,RLI,6,58,10,614.00,"6,140.00"
2020-10-08,2020100804002235,RLI,25,47,10,614.00,"6,140.00"
2020-10-08,2020100804002234,RLI,25,18,10,614.00,"6,140.00"
2020-10-08,2020100804002233,RLI,58,18,10,615.00,"6,150.00"
2020-10-08,2020100804002232,RLI,25,58,10,614.00,"6,140.00"
2020-10-08,2020100804002231,RLI,25,29,10,614.00,"6,140.00"
2020-10-08,2020100804002230,RLI,25,41,10,614.00,"6,140.00"
2020-10-08,2020100804002241,RLI,25,29,10,614.00,"6,140.00"
2020-10-08,2020100804002240,RLI,25,58,10,614.00,"6,140.00"
2020-10-08,2020100804002239,RLI,25,29,10,614.00,"6,140.00"
2020-10-08,2020100804002238,RLI,25,18,10,614.00,"6,140.00"
2020-10-08,2020100804002237,RLI,25,38,10,614.00,"6,140.00"
2020-10-08,2020100804002236,RLI,10,14,100,615.00,"61,500.00"
2020-10-08,2020100804002247,RLI,25,29,10,614.00,"6,140.00"
2020-10-08,2020100804002246,RLI,25,47,10,614.00,"6,140.00"
2020-10-08,2020100804002245,RLI,25,40,10,614.00,"6,140.00"
2020-10-08,2020100804002244,RLI,25,29,10,614.00,"6,140.00"
2020-10-08,2020100804002243,RLI,25,14,50,615.00,"30,750.00"
2020-10-08,2020100804002242,RLI,25,29,10,614.00,"6,140.00"
2020-10-08,2020100804002253,RLI,25,59,10,614.00,"6,140.00"
2020-10-08,2020100804002252,RLI,25,16,10,614.00,"6,140.00"
2020-10-08,2020100804002251,RLI,25,14,50,615.00,"30,750.00"
2020-10-08,2020100804002250,RLI,25,29,10,614.00,"6,140.00"
2020-10-08,2020100804002249,RLI,25,29,10,614.00,"6,140.00"
2020-10-08,2020100804002248,RLI,25,38,10,614.00,"6,140.00"
2020-10-08,2020100804002259,RLI,58,22,10,615.00,"6,150.00"
2020-10-08,2020100804002258,RLI,58,29,90,615.00,"55,350.00"
2020-10-08,2020100804002257,RLI,58,14,300,615.00,"184,500.00"
2020-10-08,2020100804002256,RLI,25,38,10,614.00,"6,140.00"
2020-10-08,2020100804002255,RLI,25,38,10,614.00,"6,140.00"
2020-10-08,2020100804002254,RLI,25,18,10,614.00,"6,140.00"
2020-10-08,2020100804002265,RLI,25,56,10,614.00,"6,140.00"
2020-10-08,2020100804002264,RLI,25,58,10,614.00,"6,140.00"
2020-10-08,2020100804002263,RLI,25,29,10,614.00,"6,140.00"
2020-10-08,2020100804002262,RLI,25,38,10,614.00,"6,140.00"
2020-10-08,2020100804002261,RLI,25,29,10,614.00,"6,140.00"
2020-10-08,2020100804002260,RLI,25,34,10,614.00,"6,140.00"
2020-10-08,2020100804002271,RLI,34,38,10,615.00,"6,150.00"
2020-10-08,2020100804002270,RLI,34,56,10,615.00,"6,150.00"
2020-10-08,2020100804002269,RLI,34,58,10,615.00,"6,150.00"
2020-10-08,2020100804002268,RLI,34,17,10,615.00,"6,150.00"
2020-10-08,2020100804002267,RLI,34,45,10,615.00,"6,150.00"
2020-10-08,2020100804002266,RLI,25,29,10,614.00,"6,140.00"
2020-10-08,2020100804002277,RLI,34,11,10,615.00,"6,150.00"
2020-10-08,2020100804002276,RLI,34,58,10,615.00,"6,150.00"
2020-10-08,2020100804002275,RLI,34,56,10,615.00,"6,150.00"
2020-10-08,2020100804002274,RLI,34,18,10,615.00,"6,150.00"
2020-10-08,2020100804002273,RLI,34,40,10,615.00,"6,150.00"
2020-10-08,2020100804002272,RLI,34,29,10,615.00,"6,150.00"
2020-10-08,2020100804002285,RLI,34,58,10,615.00,"6,150.00"
2020-10-08,2020100804002284,RLI,34,56,10,615.00,"6,150.00"
2020-10-08,2020100804002283,RLI,34,29,10,615.00,"6,150.00"
2020-10-08,2020100804002282,RLI,34,56,10,615.00,"6,150.00"
2020-10-08,2020100804002279,RLI,34,29,10,615.00,"6,150.00"
2020-10-08,2020100804002278,RLI,34,58,10,615.00,"6,150.00"
2020-10-08,2020100804002291,RLI,45,29,10,615.00,"6,150.00"
2020-10-08,2020100804002290,RLI,19,34,10,615.00,"6,150.00"
2020-10-08,2020100804002289,RLI,19,58,10,615.00,"6,150.00"
2020-10-08,2020100804002288,RLI,34,56,10,615.00,"6,150.00"
2020-10-08,2020100804002287,RLI,34,33,210,615.00,"129,150.00"
2020-10-08,2020100804002286,RLI,34,16,10,615.00,"6,150.00"
2020-10-08,2020100804002297,RLI,45,22,40,615.00,"24,600.00"
2020-10-08,2020100804002296,RLI,45,54,10,615.00,"6,150.00"
2020-10-08,2020100804002295,RLI,45,26,10,615.00,"6,150.00"
2020-10-08,2020100804002294,RLI,45,16,10,615.00,"6,150.00"
2020-10-08,2020100804002293,RLI,45,17,10,615.00,"6,150.00"
2020-10-08,2020100804002292,RLI,45,56,10,615.00,"6,150.00"
2020-10-08,2020100804002303,RLI,28,11,10,616.00,"6,160.00"
2020-10-08,2020100804002302,RLI,28,32,10,616.00,"6,160.00"
2020-10-08,2020100804002301,RLI,41,14,10,615.00,"6,150.00"
2020-10-08,2020100804002300,RLI,32,22,30,615.00,"18,450.00"
2020-10-08,2020100804002299,RLI,45,22,30,615.00,"18,450.00"
2020-10-08,2020100804002298,RLI,25,22,100,615.00,"61,500.00"
2020-10-08,2020100804002309,RLI,28,55,10,616.00,"6,160.00"
2020-10-08,2020100804002308,RLI,28,45,10,616.00,"6,160.00"
2020-10-08,2020100804002307,RLI,28,58,10,616.00,"6,160.00"
2020-10-08,2020100804002306,RLI,28,47,10,616.00,"6,160.00"
2020-10-08,2020100804002305,RLI,28,47,10,616.00,"6,160.00"
2020-10-08,2020100804002304,RLI,28,56,469,616.00,"288,904.00"
2020-10-08,2020100804002315,RLI,28,14,10,617.00,"6,170.00"
2020-10-08,2020100804002314,RLI,28,14,10,617.00,"6,170.00"
2020-10-08,2020100804002313,RLI,28,14,10,617.00,"6,170.00"
2020-10-08,2020100804002312,RLI,28,14,10,617.00,"6,170.00"
2020-10-08,2020100804002311,RLI,28,54,10,616.00,"6,160.00"
2020-10-08,2020100804002310,RLI,28,19,50,616.00,"30,800.00"
2020-10-08,2020100804002321,RLI,28,34,10,617.00,"6,170.00"
2020-10-08,2020100804002320,RLI,28,34,10,617.00,"6,170.00"
2020-10-08,2020100804002319,RLI,28,34,10,617.00,"6,170.00"
2020-10-08,2020100804002318,RLI,28,34,10,617.00,"6,170.00"
2020-10-08,2020100804002317,RLI,28,34,10,617.00,"6,170.00"
2020-10-08,2020100804002316,RLI,28,14,10,617.00,"6,170.00"
2020-10-08,2020100804002327,RLI,44,59,10,616.00,"6,160.00"
2020-10-08,2020100804002326,RLI,28,50,261,617.00,"161,037.00"
2020-10-08,2020100804002325,RLI,28,1,10,617.00,"6,170.00"
2020-10-08,2020100804002324,RLI,28,34,10,617.00,"6,170.00"
2020-10-08,2020100804002323,RLI,28,34,10,617.00,"6,170.00"
2020-10-08,2020100804002322,RLI,28,34,10,617.00,"6,170.00"
2020-10-08,2020100804002334,RLI,44,18,10,614.00,"6,140.00"
2020-10-08,2020100804002332,RLI,44,32,10,614.00,"6,140.00"
2020-10-08,2020100804002331,RLI,44,18,10,614.00,"6,140.00"
2020-10-08,2020100804002330,RLI,41,16,10,615.00,"6,150.00"
2020-10-08,2020100804002329,RLI,8,50,30,617.00,"18,510.00"
2020-10-08,2020100804002328,RLI,44,38,10,616.00,"6,160.00"
2020-10-08,2020100804002340,RLI,1,50,70,617.00,"43,190.00"
2020-10-08,2020100804002339,RLI,1,57,10,616.00,"6,160.00"
2020-10-08,2020100804002338,RLI,1,47,10,615.00,"6,150.00"
2020-10-08,2020100804002337,RLI,1,34,10,615.00,"6,150.00"
2020-10-08,2020100804002336,RLI,10,41,10,614.00,"6,140.00"
2020-10-08,2020100804002335,RLI,10,3,10,614.00,"6,140.00"
2020-10-08,2020100804002347,RLI,26,36,10,615.00,"6,150.00"
2020-10-08,2020100804002346,RLI,38,26,10,615.00,"6,150.00"
2020-10-08,2020100804002345,RLI,38,3,10,615.00,"6,150.00"
2020-10-08,2020100804002344,RLI,38,42,10,615.00,"6,150.00"
2020-10-08,2020100804002343,RLI,38,18,10,615.00,"6,150.00"
2020-10-08,2020100804002342,RLI,38,38,10,615.00,"6,150.00"
2020-10-08,2020100804002357,RLI,44,6,10,615.00,"6,150.00"
2020-10-08,2020100804002356,RLI,10,32,10,614.00,"6,140.00"
2020-10-08,2020100804002355,RLI,10,29,10,614.00,"6,140.00"
2020-10-08,2020100804002353,RLI,10,42,10,614.00,"6,140.00"
2020-10-08,2020100804002352,RLI,26,6,10,615.00,"6,150.00"
2020-10-08,2020100804002351,RLI,25,6,100,615.00,"61,500.00"
2020-10-08,2020100804002363,RLI,6,21,10,615.00,"6,150.00"
2020-10-08,2020100804002362,RLI,6,58,10,615.00,"6,150.00"
2020-10-08,2020100804002361,RLI,6,52,10,615.00,"6,150.00"
2020-10-08,2020100804002360,RLI,44,22,10,615.00,"6,150.00"
2020-10-08,2020100804002359,RLI,44,38,10,615.00,"6,150.00"
2020-10-08,2020100804002358,RLI,44,11,10,615.00,"6,150.00"
2020-10-08,2020100804002369,RLI,10,41,10,614.00,"6,140.00"
2020-10-08,2020100804002368,RLI,58,36,10,615.00,"6,150.00"
2020-10-08,2020100804002367,RLI,10,26,10,614.00,"6,140.00"
2020-10-08,2020100804002366,RLI,10,42,10,614.00,"6,140.00"
2020-10-08,2020100804002365,RLI,6,57,270,616.00,"166,320.00"
2020-10-08,2020100804002364,RLI,6,35,200,616.00,"123,200.00"
2020-10-08,2020100804002377,RLI,10,38,10,614.00,"6,140.00"
2020-10-08,2020100804002374,RLI,10,58,10,614.00,"6,140.00"
2020-10-08,2020100804002373,RLI,10,51,10,614.00,"6,140.00"
2020-10-08,2020100804002372,RLI,17,36,50,615.00,"30,750.00"
2020-10-08,2020100804002371,RLI,35,36,120,615.00,"73,800.00"
2020-10-08,2020100804002370,RLI,10,48,10,614.00,"6,140.00"
2020-10-08,2020100804002387,RLI,33,36,10,615.00,"6,150.00"
2020-10-08,2020100804002383,RLI,33,3,10,615.00,"6,150.00"
2020-10-08,2020100804002382,RLI,33,42,10,615.00,"6,150.00"
2020-10-08,2020100804002381,RLI,33,47,10,615.00,"6,150.00"
2020-10-08,2020100804002380,RLI,33,47,10,615.00,"6,150.00"
2020-10-08,2020100804002379,RLI,33,36,20,615.00,"12,300.00"
2020-10-08,2020100804002385,SAEF,8,42,200,10.50,"2,100.00"
2020-10-08,2020100804002384,SAEF,8,52,"3,000",10.50,"31,500.00"
2020-10-08,2020100804002350,SAEF,8,48,500,10.40,"5,200.00"
2020-10-08,2020100804002349,SAEF,8,50,300,10.40,"3,120.00"
2020-10-08,2020100804002348,SAEF,8,11,"5,000",10.40,"52,000.00"
2020-10-08,2020100804002333,SAEF,17,35,"1,100",10.35,"11,385.00"
2020-10-08,2020100804002126,SAND2085,14,28,50,"1,015.00","50,750.00"
2020-10-08,2020100804002125,SAND2085,13,28,150,"1,030.00","154,500.00"
2020-10-08,2020100804002203,SEF,22,43,"1,000",9.21,"9,210.00"
2020-10-08,2020100804002141,SEF,22,39,"1,000",9.21,"9,210.00"
2020-10-08,2020100804001959,SEF,47,22,"5,000",9.20,"46,000.00"
2020-10-08,2020100804001498,CMF1,45,48,"4,700",9.75,"45,825.00"
2020-10-08,2020100804001449,CMF1,10,48,"1,500",9.75,"14,625.00"
2020-10-08,2020100804001448,CMF1,45,48,"5,000",9.75,"48,750.00"
2020-10-08,2020100804001447,CMF1,45,48,"1,300",9.75,"12,675.00"
2020-10-08,2020100804001668,GIMES1,38,7,100,9.98,998.00
2020-10-08,2020100804001646,GIMES1,46,51,"1,000",9.79,"9,790.00"
2020-10-08,2020100804001645,GIMES1,46,17,"3,000",9.75,"29,250.00"
2020-10-08,2020100804001639,GIMES1,46,51,"1,000",9.69,"9,690.00"
2020-10-08,2020100804001545,GIMES1,45,35,700,9.62,"6,734.00"
2020-10-08,2020100804001785,LEMF,56,49,"5,000",8.97,"44,850.00"
2020-10-08,2020100804001641,LEMF,56,43,300,8.95,"2,685.00"
2020-10-08,2020100804001638,LEMF,34,43,500,9.00,"4,500.00"
2020-10-08,2020100804001862,LUK,7,58,100,8.85,885.00
2020-10-08,2020100804001601,MLBLPO,16,52,"1,195",107.00,"127,865.00"
2020-10-08,2020100804001765,NBF2,45,41,"1,800",9.15,"16,470.00"
2020-10-08,2020100804001764,NBF2,45,41,"4,800",9.15,"43,920.00"
2020-10-08,2020100804001748,NBF2,45,35,200,9.15,"1,830.00"
2020-10-08,2020100804001651,NBF2,10,45,"1,500",9.10,"13,650.00"
2020-10-08,2020100804001411,NBF2,45,50,100,9.24,924.00
2020-10-08,2020100804001410,NBF2,45,56,"3,000",9.24,"27,720.00"
2020-10-08,2020100804001409,NBF2,45,6,"1,900",9.18,"17,442.00"
2020-10-08,2020100804001408,NBF2,45,45,300,9.20,"2,760.00"
2020-10-08,2020100804001742,NEF,34,25,"1,044",9.25,"9,657.00"
2020-10-08,2020100804001560,NEF,34,29,"4,956",9.25,"45,843.00"
2020-10-08,2020100804001439,NEF,39,39,97,9.12,884.64
2020-10-08,2020100804001531,NIBLPF,45,6,775,9.03,"6,998.25"
2020-10-08,2020100804001530,NIBLPF,45,28,"1,000",9.03,"9,030.00"
2020-10-08,2020100804001529,NIBLPF,45,25,700,9.02,"6,314.00"
2020-10-08,2020100804001528,NIBLPF,45,36,"2,525",9.02,"22,775.50"
2020-10-08,2020100804001558,NIBPO,32,4,17,359.00,"6,103.00"
2020-10-08,2020100804001557,NIBPO,17,4,133,360.00,"47,880.00"
2020-10-08,2020100804001539,NIBPO,17,4,67,360.00,"24,120.00"
2020-10-08,2020100804001538,NIBPO,39,4,33,360.00,"11,880.00"
2020-10-08,2020100804001537,NIBPO,13,4,200,361.00,"72,200.00"
2020-10-08,2020100804001527,NIBPO,6,4,15,361.00,"5,415.00"
2020-10-08,2020100804001526,NIBPO,22,4,10,362.00,"3,620.00"
2020-10-08,2020100804001436,NIBPO,44,44,122,363.00,"44,286.00"
2020-10-08,2020100804001556,NIBSF1,7,10,"2,500",9.89,"24,725.00"
2020-10-08,2020100804001504,NIBSF1,7,10,"1,395",9.89,"13,796.55"
2020-10-08,2020100804001740,NICAD8283,11,42,10,"1,075.00","10,750.00"
2020-10-08,2020100804001424,NICAD8283,11,53,10,"1,080.00","10,800.00"
2020-10-08,2020100804001423,NICAD8283,11,29,25,"1,080.00","27,000.00"
2020-10-08,2020100804001809,NICBF,45,11,400,9.10,"3,640.00"
2020-10-08,2020100804001808,NICBF,1,11,"1,000",9.10,"9,100.00"
2020-10-08,2020100804001807,NICBF,45,11,"5,000",9.10,"45,500.00"
2020-10-08,2020100804001806,NICBF,34,11,100,9.10,910.00
2020-10-08,2020100804001753,NICBF,34,17,100,9.10,910.00
2020-10-08,2020100804001460,NICBF,1,34,200,9.17,"1,834.00"
2020-10-08,2020100804001427,NICGF,45,34,"1,000",9.70,"9,700.00"
2020-10-08,2020100804001426,NICGF,45,35,600,9.70,"5,820.00"
2020-10-08,2020100804001425,NICGF,45,11,"3,150",9.70,"30,555.00"
2020-10-08,2020100804001886,NMB50,47,50,100,9.25,925.00
2020-10-08,2020100804001755,NMBHF1,14,43,"1,893",9.33,"17,661.69"
2020-10-08,2020100804001563,NMBHF1,28,49,"4,161",9.32,"38,780.52"
2020-10-08,2020100804001559,NMBHF1,28,35,600,9.32,"5,592.00"
2020-10-08,2020100804001736,RBCLPO,32,17,35,"10,351.00","362,285.00"
2020-10-08,2020100804001735,RBCLPO,22,17,10,"10,352.00","103,520.00"
2020-10-08,2020100804001734,RBCLPO,22,17,50,"10,352.00","517,600.00"
2020-10-08,2020100804001733,RBCLPO,58,17,10,"10,352.00","103,520.00"
2020-10-08,2020100804001732,RBCLPO,6,17,10,"10,353.00","103,530.00"
2020-10-08,2020100804001623,RBCLPO,40,14,54,"10,400.00","561,600.00"
2020-10-08,2020100804001536,RBCLPO,6,48,10,"10,353.00","103,530.00"
2020-10-08,2020100804001443,RBCLPO,6,14,10,"10,400.00","104,000.00"
2020-10-08,2020100804001894,RLI,55,28,10,616.00,"6,160.00"
2020-10-08,2020100804001893,RLI,55,51,10,616.00,"6,160.00"
2020-10-08,2020100804001892,RLI,55,55,10,616.00,"6,160.00"
2020-10-08,2020100804001891,RLI,55,32,10,616.00,"6,160.00"
2020-10-08,2020100804001890,RLI,55,56,10,616.00,"6,160.00"
2020-10-08,2020100804001889,RLI,55,49,10,616.00,"6,160.00"
2020-10-08,2020100804001397,RLI,29,36,10,619.00,"6,190.00"
2020-10-08,2020100804001396,RLI,29,39,10,619.00,"6,190.00"
2020-10-08,2020100804001395,RLI,29,45,10,619.00,"6,190.00"
2020-10-08,2020100804001403,RLI,19,59,10,619.00,"6,190.00"
2020-10-08,2020100804001402,RLI,29,29,"1,000",619.00,"619,000.00"
2020-10-08,2020100804001401,RLI,29,33,10,619.00,"6,190.00"
2020-10-08,2020100804001400,RLI,29,37,10,619.00,"6,190.00"
2020-10-08,2020100804001399,RLI,29,41,10,619.00,"6,190.00"
2020-10-08,2020100804001398,RLI,29,36,10,619.00,"6,190.00"
2020-10-08,2020100804001413,RLI,19,36,10,619.00,"6,190.00"
2020-10-08,2020100804001412,RLI,19,41,10,619.00,"6,190.00"
2020-10-08,2020100804001407,RLI,19,41,10,619.00,"6,190.00"
2020-10-08,2020100804001406,RLI,19,39,10,619.00,"6,190.00"
2020-10-08,2020100804001405,RLI,19,40,10,619.00,"6,190.00"
2020-10-08,2020100804001404,RLI,19,17,10,619.00,"6,190.00"
2020-10-08,2020100804001419,RLI,51,1,10,617.00,"6,170.00"
2020-10-08,2020100804001418,RLI,51,41,10,617.00,"6,170.00"
2020-10-08,2020100804001417,RLI,38,16,10,617.00,"6,170.00"
2020-10-08,2020100804001416,RLI,19,4,10,619.00,"6,190.00"
2020-10-08,2020100804001415,RLI,19,37,10,619.00,"6,190.00"
2020-10-08,2020100804001414,RLI,19,4,10,619.00,"6,190.00"
2020-10-08,2020100804001430,RLI,45,55,10,617.00,"6,170.00"
2020-10-08,2020100804001429,RLI,45,14,10,617.00,"6,170.00"
2020-10-08,2020100804001428,RLI,16,36,10,616.00,"6,160.00"
2020-10-08,2020100804001422,RLI,16,8,10,616.00,"6,160.00"
2020-10-08,2020100804001421,RLI,51,44,10,617.00,"6,170.00"
2020-10-08,2020100804001420,RLI,51,14,10,617.00,"6,170.00"
2020-10-08,2020100804001437,RLI,57,14,10,617.00,"6,170.00"
2020-10-08,2020100804001435,RLI,16,41,10,616.00,"6,160.00"
2020-10-08,2020100804001434,RLI,16,26,10,616.00,"6,160.00"
2020-10-08,2020100804001433,RLI,16,8,10,616.00,"6,160.00"
2020-10-08,2020100804001432,RLI,57,13,10,617.00,"6,170.00"
2020-10-08,2020100804001431,RLI,57,14,10,617.00,"6,170.00"
2020-10-08,2020100804001445,RLI,34,39,10,617.00,"6,170.00"
2020-10-08,2020100804001444,RLI,16,21,10,616.00,"6,160.00"
2020-10-08,2020100804001442,RLI,16,8,10,616.00,"6,160.00"
2020-10-08,2020100804001441,RLI,57,59,10,617.00,"6,170.00"
2020-10-08,2020100804001440,RLI,16,16,10,616.00,"6,160.00"
2020-10-08,2020100804001438,RLI,16,16,10,616.00,"6,160.00"
2020-10-08,2020100804001454,RLI,35,55,10,617.00,"6,170.00"
2020-10-08,2020100804001453,RLI,35,59,10,617.00,"6,170.00"
2020-10-08,2020100804001452,RLI,35,59,10,617.00,"6,170.00"
2020-10-08,2020100804001451,RLI,35,13,10,617.00,"6,170.00"
2020-10-08,2020100804001450,RLI,35,41,10,617.00,"6,170.00"
2020-10-08,2020100804001446,RLI,16,39,10,616.00,"6,160.00"
2020-10-08,2020100804001462,RLI,44,39,10,617.00,"6,170.00"
2020-10-08,2020100804001461,RLI,44,16,10,617.00,"6,170.00"
2020-10-08,2020100804001458,RLI,35,14,10,617.00,"6,170.00"
2020-10-08,2020100804001457,RLI,35,59,10,617.00,"6,170.00"
2020-10-08,2020100804001456,RLI,35,58,10,617.00,"6,170.00"
2020-10-08,2020100804001455,RLI,35,14,10,617.00,"6,170.00"
2020-10-08,2020100804001468,RLI,44,59,10,617.00,"6,170.00"
2020-10-08,2020100804001467,RLI,44,4,10,617.00,"6,170.00"
2020-10-08,2020100804001466,RLI,44,41,10,617.00,"6,170.00"
2020-10-08,2020100804001465,RLI,44,14,10,617.00,"6,170.00"
2020-10-08,2020100804001464,RLI,44,58,10,617.00,"6,170.00"
2020-10-08,2020100804001463,RLI,44,41,10,617.00,"6,170.00"
2020-10-08,2020100804001474,RLI,44,59,10,617.00,"6,170.00"
2020-10-08,2020100804001473,RLI,44,14,10,617.00,"6,170.00"
2020-10-08,2020100804001472,RLI,44,52,150,617.00,"92,550.00"
2020-10-08,2020100804001471,RLI,44,55,10,617.00,"6,170.00"
2020-10-08,2020100804001470,RLI,44,59,10,617.00,"6,170.00"
2020-10-08,2020100804001469,RLI,44,4,10,617.00,"6,170.00"
2020-10-08,2020100804001480,RLI,44,54,10,617.00,"6,170.00"
2020-10-08,2020100804001479,RLI,44,57,10,617.00,"6,170.00"
2020-10-08,2020100804001478,RLI,44,11,10,617.00,"6,170.00"
2020-10-08,2020100804001477,RLI,44,51,30,617.00,"18,510.00"
2020-10-08,2020100804001476,RLI,44,36,10,617.00,"6,170.00"
2020-10-08,2020100804001475,RLI,44,58,10,617.00,"6,170.00"
2020-10-08,2020100804001486,RLI,44,3,10,617.00,"6,170.00"
2020-10-08,2020100804001485,RLI,44,29,10,617.00,"6,170.00"
2020-10-08,2020100804001484,RLI,44,41,10,617.00,"6,170.00"
2020-10-08,2020100804001483,RLI,44,48,10,617.00,"6,170.00"
2020-10-08,2020100804001482,RLI,44,14,10,617.00,"6,170.00"
2020-10-08,2020100804001481,RLI,44,36,10,617.00,"6,170.00"
2020-10-08,2020100804001492,RLI,44,37,10,619.00,"6,190.00"
2020-10-08,2020100804001491,RLI,44,37,10,619.00,"6,190.00"
2020-10-08,2020100804001490,RLI,44,57,10,618.00,"6,180.00"
2020-10-08,2020100804001489,RLI,44,57,10,618.00,"6,180.00"
2020-10-08,2020100804001488,RLI,44,57,10,618.00,"6,180.00"
2020-10-08,2020100804001487,RLI,44,41,10,617.00,"6,170.00"
2020-10-08,2020100804001501,RLI,16,41,10,616.00,"6,160.00"
2020-10-08,2020100804001499,RLI,16,39,10,616.00,"6,160.00"
2020-10-08,2020100804001497,RLI,16,26,10,616.00,"6,160.00"
2020-10-08,2020100804001495,RLI,16,48,10,616.00,"6,160.00"
2020-10-08,2020100804001494,RLI,44,43,10,620.00,"6,200.00"
2020-10-08,2020100804001493,RLI,44,8,10,620.00,"6,200.00"
2020-10-08,2020100804001508,RLI,42,3,10,617.00,"6,170.00"
2020-10-08,2020100804001507,RLI,42,43,10,617.00,"6,170.00"
2020-10-08,2020100804001506,RLI,42,43,10,617.00,"6,170.00"
2020-10-08,2020100804001505,RLI,42,33,10,617.00,"6,170.00"
2020-10-08,2020100804001503,RLI,16,39,10,616.00,"6,160.00"
2020-10-08,2020100804001502,RLI,16,46,10,616.00,"6,160.00"
2020-10-08,2020100804001514,RLI,6,56,200,616.00,"123,200.00"
2020-10-08,2020100804001513,RLI,52,56,100,616.00,"61,600.00"
2020-10-08,2020100804001512,RLI,16,56,510,616.00,"314,160.00"
2020-10-08,2020100804001511,RLI,29,56,550,617.00,"339,350.00"
2020-10-08,2020100804001510,RLI,16,41,10,616.00,"6,160.00"
2020-10-08,2020100804001509,RLI,16,26,10,616.00,"6,160.00"
2020-10-08,2020100804001520,RLI,7,56,100,616.00,"61,600.00"
2020-10-08,2020100804001519,RLI,17,56,30,616.00,"18,480.00"
2020-10-08,2020100804001518,RLI,34,56,10,616.00,"6,160.00"
2020-10-08,2020100804001517,RLI,41,56,150,616.00,"92,400.00"
2020-10-08,2020100804001516,RLI,40,56,20,616.00,"12,320.00"
2020-10-08,2020100804001515,RLI,56,56,150,616.00,"92,400.00"
2020-10-08,2020100804001532,RLI,32,39,10,616.00,"6,160.00"
2020-10-08,2020100804001525,RLI,32,43,10,616.00,"6,160.00"
2020-10-08,2020100804001524,RLI,32,56,67,616.00,"41,272.00"
2020-10-08,2020100804001523,RLI,44,56,100,616.00,"61,600.00"
2020-10-08,2020100804001522,RLI,34,56,50,616.00,"30,800.00"
2020-10-08,2020100804001521,RLI,32,56,40,616.00,"24,640.00"
2020-10-08,2020100804001542,RLI,28,14,10,616.00,"6,160.00"
2020-10-08,2020100804001541,RLI,28,52,10,616.00,"6,160.00"
2020-10-08,2020100804001540,RLI,28,35,10,616.00,"6,160.00"
2020-10-08,2020100804001535,RLI,28,26,10,616.00,"6,160.00"
2020-10-08,2020100804001534,RLI,28,56,10,616.00,"6,160.00"
2020-10-08,2020100804001533,RLI,32,39,10,616.00,"6,160.00"
2020-10-08,2020100804001549,RLI,25,46,10,617.00,"6,170.00"
2020-10-08,2020100804001548,RLI,43,26,10,616.00,"6,160.00"
2020-10-08,2020100804001547,RLI,43,8,10,616.00,"6,160.00"
2020-10-08,2020100804001546,RLI,43,56,10,616.00,"6,160.00"
2020-10-08,2020100804001544,RLI,43,39,10,616.00,"6,160.00"
2020-10-08,2020100804001543,RLI,43,56,10,616.00,"6,160.00"
2020-10-08,2020100804001555,RLI,25,35,40,617.00,"24,680.00"
2020-10-08,2020100804001554,RLI,25,35,10,617.00,"6,170.00"
2020-10-08,2020100804001553,RLI,25,52,10,617.00,"6,170.00"
2020-10-08,2020100804001552,RLI,25,35,10,617.00,"6,170.00"
2020-10-08,2020100804001551,RLI,25,19,10,617.00,"6,170.00"
2020-10-08,2020100804001550,RLI,25,35,10,617.00,"6,170.00"
2020-10-08,2020100804001567,RLI,59,43,10,617.00,"6,170.00"
2020-10-08,2020100804001566,RLI,43,14,10,616.00,"6,160.00"
2020-10-08,2020100804001565,RLI,43,26,10,616.00,"6,160.00"
2020-10-08,2020100804001564,RLI,43,52,10,616.00,"6,160.00"
2020-10-08,2020100804001562,RLI,43,21,10,616.00,"6,160.00"
2020-10-08,2020100804001561,RLI,43,14,10,616.00,"6,160.00"
2020-10-08,2020100804001573,RLI,33,17,10,617.00,"6,170.00"
2020-10-08,2020100804001572,RLI,47,32,10,616.00,"6,160.00"
2020-10-08,2020100804001571,RLI,59,34,10,617.00,"6,170.00"
2020-10-08,2020100804001570,RLI,59,58,10,617.00,"6,170.00"
2020-10-08,2020100804001569,RLI,59,39,10,617.00,"6,170.00"
2020-10-08,2020100804001568,RLI,59,35,10,617.00,"6,170.00"
2020-10-08,2020100804001579,RLI,47,38,10,616.00,"6,160.00"
2020-10-08,2020100804001578,RLI,48,32,10,617.00,"6,170.00"
2020-10-08,2020100804001577,RLI,47,16,10,616.00,"6,160.00"
2020-10-08,2020100804001576,RLI,47,8,10,616.00,"6,160.00"
2020-10-08,2020100804001575,RLI,33,8,10,617.00,"6,170.00"
2020-10-08,2020100804001574,RLI,33,58,10,617.00,"6,170.00"
2020-10-08,2020100804001585,RLI,20,41,10,616.00,"6,160.00"
2020-10-08,2020100804001584,RLI,20,33,10,616.00,"6,160.00"
2020-10-08,2020100804001583,RLI,20,54,10,616.00,"6,160.00"
2020-10-08,2020100804001582,RLI,20,26,10,616.00,"6,160.00"
2020-10-08,2020100804001581,RLI,11,22,10,616.00,"6,160.00"
2020-10-08,2020100804001580,RLI,47,57,10,616.00,"6,160.00"
2020-10-08,2020100804001591,RLI,20,36,10,616.00,"6,160.00"
2020-10-08,2020100804001590,RLI,20,49,10,616.00,"6,160.00"
2020-10-08,2020100804001589,RLI,20,41,10,616.00,"6,160.00"
2020-10-08,2020100804001588,RLI,20,33,10,616.00,"6,160.00"
2020-10-08,2020100804001587,RLI,20,55,10,616.00,"6,160.00"
2020-10-08,2020100804001586,RLI,20,49,10,616.00,"6,160.00"
2020-10-08,2020100804001597,RLI,11,8,10,616.00,"6,160.00"
2020-10-08,2020100804001596,RLI,11,49,10,616.00,"6,160.00"
2020-10-08,2020100804001595,RLI,11,41,10,616.00,"6,160.00"
2020-10-08,2020100804001594,RLI,11,33,10,616.00,"6,160.00"
2020-10-08,2020100804001593,RLI,11,21,10,616.00,"6,160.00"
2020-10-08,2020100804001592,RLI,11,21,10,616.00,"6,160.00"
2020-10-08,2020100804001604,RLI,1,14,10,617.00,"6,170.00"
2020-10-08,2020100804001603,RLI,45,42,10,616.00,"6,160.00"
2020-10-08,2020100804001602,RLI,56,8,10,616.00,"6,160.00"
2020-10-08,2020100804001600,RLI,11,8,10,616.00,"6,160.00"
2020-10-08,2020100804001599,RLI,11,8,10,616.00,"6,160.00"
2020-10-08,2020100804001598,RLI,11,8,10,616.00,"6,160.00"
2020-10-08,2020100804001610,RLI,45,8,10,616.00,"6,160.00"
2020-10-08,2020100804001609,RLI,1,57,10,617.00,"6,170.00"
2020-10-08,2020100804001608,RLI,1,33,10,617.00,"6,170.00"
2020-10-08,2020100804001607,RLI,1,32,10,617.00,"6,170.00"
2020-10-08,2020100804001606,RLI,1,48,10,617.00,"6,170.00"
2020-10-08,2020100804001605,RLI,1,57,10,617.00,"6,170.00"
2020-10-08,2020100804001616,RLI,29,10,920,617.00,"567,640.00"
2020-10-08,2020100804001615,RLI,29,36,10,617.00,"6,170.00"
2020-10-08,2020100804001614,RLI,29,36,10,617.00,"6,170.00"
2020-10-08,2020100804001613,RLI,29,38,50,617.00,"30,850.00"
2020-10-08,2020100804001612,RLI,29,7,10,617.00,"6,170.00"
2020-10-08,2020100804001611,RLI,45,42,10,616.00,"6,160.00"
2020-10-08,2020100804001622,RLI,45,4,10,616.00,"6,160.00"
2020-10-08,2020100804001621,RLI,45,34,10,616.00,"6,160.00"
2020-10-08,2020100804001620,RLI,45,42,10,616.00,"6,160.00"
2020-10-08,2020100804001619,RLI,45,10,90,616.00,"55,440.00"
2020-10-08,2020100804001618,RLI,45,14,10,616.00,"6,160.00"
2020-10-08,2020100804001617,RLI,45,54,10,616.00,"6,160.00"
2020-10-08,2020100804001629,RLI,17,47,10,617.00,"6,170.00"
2020-10-08,2020100804001628,RLI,17,21,10,617.00,"6,170.00"
2020-10-08,2020100804001627,RLI,19,25,55,617.00,"33,935.00"
2020-10-08,2020100804001626,RLI,48,48,10,617.00,"6,170.00"
2020-10-08,2020100804001625,RLI,45,48,10,616.00,"6,160.00"
2020-10-08,2020100804001624,RLI,45,49,10,616.00,"6,160.00"
2020-10-08,2020100804001635,RLI,45,32,10,616.00,"6,160.00"
2020-10-08,2020100804001634,RLI,45,35,100,616.00,"61,600.00"
2020-10-08,2020100804001633,RLI,45,47,10,616.00,"6,160.00"
2020-10-08,2020100804001632,RLI,42,14,10,617.00,"6,170.00"
2020-10-08,2020100804001631,RLI,45,21,10,616.00,"6,160.00"
2020-10-08,2020100804001630,RLI,17,47,10,617.00,"6,170.00"
2020-10-08,2020100804001647,RLI,45,19,10,616.00,"6,160.00"
2020-10-08,2020100804001644,RLI,45,58,10,616.00,"6,160.00"
2020-10-08,2020100804001643,RLI,45,53,10,616.00,"6,160.00"
2020-10-08,2020100804001640,RLI,45,47,10,616.00,"6,160.00"
2020-10-08,2020100804001637,RLI,45,21,10,616.00,"6,160.00"
2020-10-08,2020100804001636,RLI,45,42,10,616.00,"6,160.00"
2020-10-08,2020100804001654,RLI,58,32,10,617.00,"6,170.00"
2020-10-08,2020100804001653,RLI,45,55,10,616.00,"6,160.00"
2020-10-08,2020100804001652,RLI,45,4,10,616.00,"6,160.00"
2020-10-08,2020100804001650,RLI,45,21,10,616.00,"6,160.00"
2020-10-08,2020100804001649,RLI,45,14,10,616.00,"6,160.00"
2020-10-08,2020100804001648,RLI,45,3,10,616.00,"6,160.00"
2020-10-08,2020100804001661,RLI,45,42,10,616.00,"6,160.00"
2020-10-08,2020100804001660,RLI,45,35,10,616.00,"6,160.00"
2020-10-08,2020100804001658,RLI,45,21,10,616.00,"6,160.00"
2020-10-08,2020100804001657,RLI,45,8,10,616.00,"6,160.00"
2020-10-08,2020100804001656,RLI,58,47,10,617.00,"6,170.00"
2020-10-08,2020100804001655,RLI,58,58,10,617.00,"6,170.00"
2020-10-08,2020100804001670,RLI,45,8,10,616.00,"6,160.00"
2020-10-08,2020100804001669,RLI,45,58,10,616.00,"6,160.00"
2020-10-08,2020100804001667,RLI,42,34,10,617.00,"6,170.00"
2020-10-08,2020100804001666,RLI,42,42,10,617.00,"6,170.00"
2020-10-08,2020100804001665,RLI,42,34,10,617.00,"6,170.00"
2020-10-08,2020100804001662,RLI,45,8,10,616.00,"6,160.00"
2020-10-08,2020100804001676,RLI,45,38,10,616.00,"6,160.00"
2020-10-08,2020100804001675,RLI,45,41,10,616.00,"6,160.00"
2020-10-08,2020100804001674,RLI,45,58,10,616.00,"6,160.00"
2020-10-08,2020100804001673,RLI,45,58,10,616.00,"6,160.00"
2020-10-08,2020100804001672,RLI,45,50,10,616.00,"6,160.00"
2020-10-08,2020100804001671,RLI,45,58,10,616.00,"6,160.00"
2020-10-08,2020100804001682,RLI,6,58,100,616.00,"61,600.00"
2020-10-08,2020100804001681,RLI,45,58,200,616.00,"123,200.00"
2020-10-08,2020100804001680,RLI,45,58,410,616.00,"252,560.00"
2020-10-08,2020100804001679,RLI,45,58,10,616.00,"6,160.00"
2020-10-08,2020100804001678,RLI,45,50,10,616.00,"6,160.00"
2020-10-08,2020100804001677,RLI,45,29,10,616.00,"6,160.00"
2020-10-08,2020100804001688,RLI,35,58,30,616.00,"18,480.00"
2020-10-08,2020100804001687,RLI,45,58,200,616.00,"123,200.00"
2020-10-08,2020100804001686,RLI,25,58,100,616.00,"61,600.00"
2020-10-08,2020100804001685,RLI,39,58,100,616.00,"61,600.00"
2020-10-08,2020100804001684,RLI,35,58,50,616.00,"30,800.00"
2020-10-08,2020100804001683,RLI,45,58,390,616.00,"240,240.00"
2020-10-08,2020100804001694,RLI,43,58,"1,000",616.00,"616,000.00"
2020-10-08,2020100804001693,RLI,14,58,90,616.00,"55,440.00"
2020-10-08,2020100804001692,RLI,22,58,60,616.00,"36,960.00"
2020-10-08,2020100804001691,RLI,44,58,50,616.00,"30,800.00"
2020-10-08,2020100804001690,RLI,42,58,10,616.00,"6,160.00"
2020-10-08,2020100804001689,RLI,53,58,200,616.00,"123,200.00"
2020-10-08,2020100804001700,RLI,29,58,100,615.00,"61,500.00"
2020-10-08,2020100804001699,RLI,33,58,50,615.00,"30,750.00"
2020-10-08,2020100804001698,RLI,51,58,15,615.00,"9,225.00"
2020-10-08,2020100804001697,RLI,35,58,70,615.00,"43,050.00"
2020-10-08,2020100804001696,RLI,4,58,100,616.00,"61,600.00"
2020-10-08,2020100804001695,RLI,6,58,200,616.00,"123,200.00"
2020-10-08,2020100804001706,RLI,16,58,100,615.00,"61,500.00"
2020-10-08,2020100804001705,RLI,1,58,30,615.00,"18,450.00"
2020-10-08,2020100804001704,RLI,38,58,500,615.00,"307,500.00"
2020-10-08,2020100804001703,RLI,6,58,40,615.00,"24,600.00"
2020-10-08,2020100804001702,RLI,14,58,50,615.00,"30,750.00"
2020-10-08,2020100804001701,RLI,57,58,90,615.00,"55,350.00"
2020-10-08,2020100804001712,RLI,54,58,10,615.00,"6,150.00"
2020-10-08,2020100804001711,RLI,19,58,100,615.00,"61,500.00"
2020-10-08,2020100804001710,RLI,45,58,50,615.00,"30,750.00"
2020-10-08,2020100804001709,RLI,6,58,130,615.00,"79,950.00"
2020-10-08,2020100804001708,RLI,32,58,20,615.00,"12,300.00"
2020-10-08,2020100804001707,RLI,41,58,20,615.00,"12,300.00"
2020-10-08,2020100804001718,RLI,43,58,20,615.00,"12,300.00"
2020-10-08,2020100804001717,RLI,50,58,200,615.00,"123,000.00"
2020-10-08,2020100804001716,RLI,41,58,300,615.00,"184,500.00"
2020-10-08,2020100804001715,RLI,58,58,100,615.00,"61,500.00"
2020-10-08,2020100804001714,RLI,34,58,10,615.00,"6,150.00"
2020-10-08,2020100804001713,RLI,6,58,100,615.00,"61,500.00"
2020-10-08,2020100804001724,RLI,56,58,10,615.00,"6,150.00"
2020-10-08,2020100804001723,RLI,55,58,190,615.00,"116,850.00"
2020-10-08,2020100804001722,RLI,25,58,50,615.00,"30,750.00"
2020-10-08,2020100804001721,RLI,52,58,100,615.00,"61,500.00"
2020-10-08,2020100804001720,RLI,17,58,40,615.00,"24,600.00"
2020-10-08,2020100804001719,RLI,20,58,100,615.00,"61,500.00"
2020-10-08,2020100804001730,RLI,41,58,10,615.00,"6,150.00"
2020-10-08,2020100804001729,RLI,41,38,10,615.00,"6,150.00"
2020-10-08,2020100804001728,RLI,41,58,10,615.00,"6,150.00"
2020-10-08,2020100804001727,RLI,41,58,"1,301",615.00,"800,115.00"
2020-10-08,2020100804001726,RLI,36,58,50,615.00,"30,750.00"
2020-10-08,2020100804001725,RLI,20,58,50,615.00,"30,750.00"
2020-10-08,2020100804001743,RLI,41,41,10,615.00,"6,150.00"
2020-10-08,2020100804001741,RLI,41,58,10,615.00,"6,150.00"
2020-10-08,2020100804001739,RLI,41,56,500,615.00,"307,500.00"
2020-10-08,2020100804001738,RLI,16,56,500,616.00,"308,000.00"
2020-10-08,2020100804001737,RLI,41,58,10,615.00,"6,150.00"
2020-10-08,2020100804001731,RLI,41,41,10,615.00,"6,150.00"
2020-10-08,2020100804001750,RLI,41,57,10,615.00,"6,150.00"
2020-10-08,2020100804001749,RLI,41,58,10,615.00,"6,150.00"
2020-10-08,2020100804001747,RLI,41,38,10,615.00,"6,150.00"
2020-10-08,2020100804001746,RLI,41,1,331,615.00,"203,565.00"
2020-10-08,2020100804001745,RLI,43,1,50,615.00,"30,750.00"
2020-10-08,2020100804001744,RLI,41,1,129,615.00,"79,335.00"
2020-10-08,2020100804001758,RLI,41,32,10,615.00,"6,150.00"
2020-10-08,2020100804001757,RLI,41,58,10,615.00,"6,150.00"
2020-10-08,2020100804001756,RLI,41,41,10,615.00,"6,150.00"
2020-10-08,2020100804001754,RLI,41,41,10,615.00,"6,150.00"
2020-10-08,2020100804001752,RLI,41,41,10,615.00,"6,150.00"
2020-10-08,2020100804001751,RLI,41,41,10,615.00,"6,150.00"
2020-10-08,2020100804001766,RLI,47,38,10,615.00,"6,150.00"
2020-10-08,2020100804001763,RLI,41,41,10,615.00,"6,150.00"
2020-10-08,2020100804001762,RLI,41,26,10,615.00,"6,150.00"
2020-10-08,2020100804001761,RLI,41,44,35,615.00,"21,525.00"
2020-10-08,2020100804001760,RLI,41,32,10,615.00,"6,150.00"
2020-10-08,2020100804001759,RLI,41,41,10,615.00,"6,150.00"
2020-10-08,2020100804001772,RLI,17,58,70,615.00,"43,050.00"
2020-10-08,2020100804001771,RLI,8,58,100,615.00,"61,500.00"
2020-10-08,2020100804001770,RLI,47,58,20,615.00,"12,300.00"
2020-10-08,2020100804001769,RLI,35,58,200,615.00,"123,000.00"
2020-10-08,2020100804001768,RLI,47,32,10,615.00,"6,150.00"
2020-10-08,2020100804001767,RLI,47,41,10,615.00,"6,150.00"
2020-10-08,2020100804001778,RLI,13,4,10,616.00,"6,160.00"
2020-10-08,2020100804001777,RLI,13,58,10,616.00,"6,160.00"
2020-10-08,2020100804001776,RLI,6,58,10,615.00,"6,150.00"
2020-10-08,2020100804001775,RLI,6,36,10,615.00,"6,150.00"
2020-10-08,2020100804001774,RLI,6,41,10,615.00,"6,150.00"
2020-10-08,2020100804001773,RLI,6,58,640,615.00,"393,600.00"
2020-10-08,2020100804001784,RLI,29,29,10,616.00,"6,160.00"
2020-10-08,2020100804001783,RLI,6,58,10,615.00,"6,150.00"
2020-10-08,2020100804001782,RLI,6,11,10,615.00,"6,150.00"
2020-10-08,2020100804001781,RLI,13,6,10,616.00,"6,160.00"
2020-10-08,2020100804001780,RLI,13,4,10,616.00,"6,160.00"
2020-10-08,2020100804001779,RLI,13,38,10,616.00,"6,160.00"
2020-10-08,2020100804001791,RLI,6,41,10,615.00,"6,150.00"
2020-10-08,2020100804001790,RLI,13,41,10,616.00,"6,160.00"
2020-10-08,2020100804001789,RLI,13,36,10,616.00,"6,160.00"
2020-10-08,2020100804001788,RLI,13,54,10,616.00,"6,160.00"
2020-10-08,2020100804001787,RLI,13,58,10,616.00,"6,160.00"
2020-10-08,2020100804001786,RLI,13,39,10,616.00,"6,160.00"
2020-10-08,2020100804001797,RLI,29,26,10,616.00,"6,160.00"
2020-10-08,2020100804001796,RLI,6,49,10,615.00,"6,150.00"
2020-10-08,2020100804001795,RLI,6,41,10,615.00,"6,150.00"
2020-10-08,2020100804001794,RLI,6,43,10,615.00,"6,150.00"
2020-10-08,2020100804001793,RLI,6,44,10,615.00,"6,150.00"
2020-10-08,2020100804001792,RLI,6,22,10,615.00,"6,150.00"
2020-10-08,2020100804001803,RLI,6,44,10,615.00,"6,150.00"
2020-10-08,2020100804001802,RLI,6,41,10,615.00,"6,150.00"
2020-10-08,2020100804001801,RLI,6,7,10,615.00,"6,150.00"
2020-10-08,2020100804001800,RLI,6,29,10,615.00,"6,150.00"
2020-10-08,2020100804001799,RLI,6,41,10,615.00,"6,150.00"
2020-10-08,2020100804001798,RLI,6,44,10,615.00,"6,150.00"
2020-10-08,2020100804001813,RLI,6,39,10,615.00,"6,150.00"
2020-10-08,2020100804001812,RLI,6,44,10,615.00,"6,150.00"
2020-10-08,2020100804001811,RLI,6,53,10,615.00,"6,150.00"
2020-10-08,2020100804001810,RLI,6,44,10,615.00,"6,150.00"
2020-10-08,2020100804001805,RLI,6,7,10,615.00,"6,150.00"
2020-10-08,2020100804001804,RLI,6,29,10,615.00,"6,150.00"
2020-10-08,2020100804001819,RLI,6,57,10,615.00,"6,150.00"
2020-10-08,2020100804001818,RLI,6,44,10,615.00,"6,150.00"
2020-10-08,2020100804001817,RLI,6,22,10,615.00,"6,150.00"
2020-10-08,2020100804001816,RLI,6,44,10,615.00,"6,150.00"
2020-10-08,2020100804001815,RLI,6,51,10,615.00,"6,150.00"
2020-10-08,2020100804001814,RLI,6,19,10,615.00,"6,150.00"
2020-10-08,2020100804001826,RLI,47,32,10,616.00,"6,160.00"
2020-10-08,2020100804001825,RLI,29,47,10,617.00,"6,170.00"
2020-10-08,2020100804001824,RLI,6,58,10,615.00,"6,150.00"
2020-10-08,2020100804001823,RLI,6,49,10,615.00,"6,150.00"
2020-10-08,2020100804001821,RLI,6,39,10,615.00,"6,150.00"
2020-10-08,2020100804001820,RLI,6,51,10,615.00,"6,150.00"
2020-10-08,2020100804001832,RLI,6,6,10,615.00,"6,150.00"
2020-10-08,2020100804001831,RLI,6,29,10,615.00,"6,150.00"
2020-10-08,2020100804001830,RLI,47,49,10,616.00,"6,160.00"
2020-10-08,2020100804001829,RLI,47,58,10,616.00,"6,160.00"
2020-10-08,2020100804001828,RLI,47,40,10,616.00,"6,160.00"
2020-10-08,2020100804001827,RLI,47,39,10,616.00,"6,160.00"
2020-10-08,2020100804001838,RLI,33,49,10,616.00,"6,160.00"
2020-10-08,2020100804001837,RLI,46,43,10,615.00,"6,150.00"
2020-10-08,2020100804001836,RLI,46,49,10,615.00,"6,150.00"
2020-10-08,2020100804001835,RLI,46,39,10,615.00,"6,150.00"
2020-10-08,2020100804001834,RLI,6,21,10,615.00,"6,150.00"
2020-10-08,2020100804001833,RLI,29,29,10,616.00,"6,160.00"
2020-10-08,2020100804001844,RLI,33,44,10,616.00,"6,160.00"
2020-10-08,2020100804001843,RLI,33,40,10,616.00,"6,160.00"
2020-10-08,2020100804001842,RLI,33,21,10,616.00,"6,160.00"
2020-10-08,2020100804001841,RLI,33,40,10,616.00,"6,160.00"
2020-10-08,2020100804001840,RLI,33,6,10,616.00,"6,160.00"
2020-10-08,2020100804001839,RLI,33,43,10,616.00,"6,160.00"
2020-10-08,2020100804001850,RLI,33,17,10,616.00,"6,160.00"
2020-10-08,2020100804001849,RLI,33,49,60,616.00,"36,960.00"
2020-10-08,2020100804001848,RLI,33,47,10,616.00,"6,160.00"
2020-10-08,2020100804001847,RLI,33,33,10,616.00,"6,160.00"
2020-10-08,2020100804001846,RLI,33,49,10,616.00,"6,160.00"
2020-10-08,2020100804001845,RLI,33,33,10,616.00,"6,160.00"
2020-10-08,2020100804001856,RLI,53,52,10,616.00,"6,160.00"
2020-10-08,2020100804001855,RLI,53,57,10,616.00,"6,160.00"
2020-10-08,2020100804001854,RLI,53,38,10,616.00,"6,160.00"
2020-10-08,2020100804001853,RLI,58,52,10,616.00,"6,160.00"
2020-10-08,2020100804001852,RLI,33,57,10,616.00,"6,160.00"
2020-10-08,2020100804001851,RLI,33,40,10,616.00,"6,160.00"
2020-10-08,2020100804001863,RLI,53,58,10,616.00,"6,160.00"
2020-10-08,2020100804001861,RLI,53,10,10,616.00,"6,160.00"
2020-10-08,2020100804001860,RLI,53,29,10,616.00,"6,160.00"
2020-10-08,2020100804001859,RLI,53,52,10,616.00,"6,160.00"
2020-10-08,2020100804001858,RLI,53,58,10,616.00,"6,160.00"
2020-10-08,2020100804001857,RLI,53,56,10,616.00,"6,160.00"
2020-10-08,2020100804001869,RLI,53,56,10,616.00,"6,160.00"
2020-10-08,2020100804001868,RLI,53,52,10,616.00,"6,160.00"
2020-10-08,2020100804001867,RLI,53,58,10,616.00,"6,160.00"
2020-10-08,2020100804001866,RLI,53,58,10,616.00,"6,160.00"
2020-10-08,2020100804001865,RLI,53,52,10,616.00,"6,160.00"
2020-10-08,2020100804001864,RLI,53,49,10,616.00,"6,160.00"
2020-10-08,2020100804001875,RLI,58,58,10,616.00,"6,160.00"
2020-10-08,2020100804001874,RLI,53,49,10,616.00,"6,160.00"
2020-10-08,2020100804001873,RLI,53,16,10,616.00,"6,160.00"
2020-10-08,2020100804001872,RLI,53,52,10,616.00,"6,160.00"
2020-10-08,2020100804001871,RLI,53,29,10,616.00,"6,160.00"
2020-10-08,2020100804001870,RLI,53,58,10,616.00,"6,160.00"
2020-10-08,2020100804001881,RLI,46,58,10,615.00,"6,150.00"
2020-10-08,2020100804001880,RLI,46,28,10,615.00,"6,150.00"
2020-10-08,2020100804001879,RLI,46,21,10,615.00,"6,150.00"
2020-10-08,2020100804001878,RLI,46,52,10,615.00,"6,150.00"
2020-10-08,2020100804001877,RLI,46,57,10,615.00,"6,150.00"
2020-10-08,2020100804001876,RLI,58,52,10,616.00,"6,160.00"
2020-10-08,2020100804001888,RLI,38,44,10,615.00,"6,150.00"
2020-10-08,2020100804001887,RLI,38,58,10,615.00,"6,150.00"
2020-10-08,2020100804001885,RLI,38,28,10,615.00,"6,150.00"
2020-10-08,2020100804001884,RLI,38,8,10,615.00,"6,150.00"
2020-10-08,2020100804001883,RLI,38,8,10,615.00,"6,150.00"
2020-10-08,2020100804001882,RLI,46,58,10,615.00,"6,150.00"
2020-10-08,2020100804001496,SAND2085,13,58,25,"1,030.00","25,750.00"
2020-10-08,2020100804001459,SAND2085,13,34,25,"1,030.00","25,750.00"
2020-10-08,2020100804001822,SEF,47,43,"1,000",9.20,"9,200.00"
2020-10-08,2020100804001664,SEF,22,45,"3,000",9.21,"27,630.00"
2020-10-08,2020100804001663,SEF,1,45,"1,500",9.21,"13,815.00"
2020-10-08,2020100804001659,SEF,10,45,400,9.22,"3,688.00"
2020-10-08,2020100804001642,SEF,10,22,100,9.22,922.00
2020-10-08,2020100804001500,SEF,10,33,"1,000",9.25,"9,250.00"
2020-10-08,2020100804001385,CMF1,45,57,"2,500",9.75,"24,375.00"
2020-10-08,2020100804001384,CMF1,45,26,200,9.74,"1,948.00"
2020-10-08,2020100804001383,CMF1,45,41,500,9.70,"4,850.00"
2020-10-08,2020100804001271,CMF1,1,48,"10,000",9.62,"96,200.00"
2020-10-08,2020100804001236,CMF1,45,37,500,9.61,"4,805.00"
2020-10-08,2020100804001184,CMF1,10,43,"2,000",9.70,"19,400.00"
2020-10-08,2020100804001230,GBD80/81,4,47,25,"1,022.00","25,550.00"
2020-10-08,2020100804001374,GIMES1,45,7,"1,000",9.62,"9,620.00"
2020-10-08,2020100804001373,GIMES1,45,17,"3,000",9.62,"28,860.00"
2020-10-08,2020100804001269,GIMES1,45,19,"5,000",9.60,"48,000.00"
2020-10-08,2020100804000940,GIMES1,45,39,200,9.50,"1,900.00"
2020-10-08,2020100804000939,GIMES1,45,19,"2,000",9.50,"19,000.00"
2020-10-08,2020100804000938,GIMES1,45,19,"2,000",9.50,"19,000.00"
2020-10-08,2020100804000937,GIMES1,45,19,500,9.50,"4,750.00"
2020-10-08,2020100804000931,GIMES1,45,19,"1,500",9.50,"14,250.00"
2020-10-08,2020100804000930,GIMES1,45,38,"3,500",9.50,"33,250.00"
2020-10-08,2020100804001075,JBBLPO,34,47,"2,368",111.00,"262,848.00"
2020-10-08,2020100804001217,KBLPO,49,50,"70,000",103.00,"7,210,000.00"
2020-10-08,2020100804001379,LUK,7,13,100,8.85,885.00
2020-10-08,2020100804001378,LUK,25,13,200,8.85,"1,770.00"
2020-10-08,2020100804001311,LUK,25,8,"1,000",8.85,"8,850.00"
2020-10-08,2020100804001369,NBF2,45,26,700,9.20,"6,440.00"
2020-10-08,2020100804001368,NBF2,45,51,"1,000",9.17,"9,170.00"
2020-10-08,2020100804001309,NBF2,45,8,"2,000",9.10,"18,200.00"
2020-10-08,2020100804001176,NBF2,45,6,"1,000",9.10,"9,100.00"
2020-10-08,2020100804001233,NEF,45,43,"2,747",9.30,"25,547.10"
2020-10-08,2020100804000982,NEF,45,25,"2,253",9.20,"20,727.60"
2020-10-08,2020100804001389,NIBLPF,1,16,"1,010",8.92,"9,009.20"
2020-10-08,2020100804001227,NIBLPF,1,28,"5,784",8.92,"51,593.28"
2020-10-08,2020100804001226,NIBLPF,56,28,"4,216",8.93,"37,648.88"
2020-10-08,2020100804000934,NIBPO,42,4,156,365.00,"56,940.00"
2020-10-08,2020100804000933,NIBPO,42,47,76,364.00,"27,664.00"
2020-10-08,2020100804000932,NIBPO,42,39,161,364.00,"58,604.00"
2020-10-08,2020100804000980,NIBSF1,7,21,"5,000",9.82,"49,100.00"
2020-10-08,2020100804000979,NIBSF1,53,21,"2,500",9.83,"24,575.00"
2020-10-08,2020100804000978,NIBSF1,53,21,"2,500",9.89,"24,725.00"
2020-10-08,2020100804001179,NICBF,1,14,100,9.03,903.00
2020-10-08,2020100804001200,NICGF,1,41,500,9.55,"4,775.00"
2020-10-08,2020100804001301,NMB50,16,34,100,9.28,928.00
2020-10-08,2020100804001076,NMBHF1,45,1,"4,150",9.40,"39,010.00"
2020-10-08,2020100804001043,NMBHF1,45,1,"5,000",9.40,"47,000.00"
2020-10-08,2020100804001394,RLI,29,37,10,619.00,"6,190.00"
2020-10-08,2020100804001393,RLI,29,6,50,619.00,"30,950.00"
2020-10-08,2020100804001392,RLI,29,6,10,618.00,"6,180.00"
2020-10-08,2020100804001391,RLI,29,57,10,618.00,"6,180.00"
2020-10-08,2020100804001390,RLI,29,44,"1,304",618.00,"805,872.00"
2020-10-08,2020100804001388,RLI,16,39,310,616.00,"190,960.00"
2020-10-08,2020100804000895,RLI,28,58,10,617.00,"6,170.00"
2020-10-08,2020100804000901,RLI,58,59,10,619.00,"6,190.00"
2020-10-08,2020100804000900,RLI,58,41,10,619.00,"6,190.00"
2020-10-08,2020100804000899,RLI,58,49,10,619.00,"6,190.00"
2020-10-08,2020100804000898,RLI,58,58,10,618.00,"6,180.00"
2020-10-08,2020100804000897,RLI,28,58,10,617.00,"6,170.00"
2020-10-08,2020100804000896,RLI,28,7,10,617.00,"6,170.00"
2020-10-08,2020100804000907,RLI,58,8,10,619.00,"6,190.00"
2020-10-08,2020100804000906,RLI,58,59,10,619.00,"6,190.00"
2020-10-08,2020100804000905,RLI,58,59,10,619.00,"6,190.00"
2020-10-08,2020100804000904,RLI,58,59,10,619.00,"6,190.00"
2020-10-08,2020100804000903,RLI,58,59,10,619.00,"6,190.00"
2020-10-08,2020100804000902,RLI,58,52,10,619.00,"6,190.00"
2020-10-08,2020100804000913,RLI,22,28,10,620.00,"6,200.00"
2020-10-08,2020100804000912,RLI,22,42,10,620.00,"6,200.00"
2020-10-08,2020100804000911,RLI,28,29,10,617.00,"6,170.00"
2020-10-08,2020100804000910,RLI,28,58,10,617.00,"6,170.00"
2020-10-08,2020100804000909,RLI,28,41,10,617.00,"6,170.00"
2020-10-08,2020100804000908,RLI,28,58,10,617.00,"6,170.00"
2020-10-08,2020100804000919,RLI,28,17,10,617.00,"6,170.00"
2020-10-08,2020100804000918,RLI,28,58,10,617.00,"6,170.00"
2020-10-08,2020100804000917,RLI,28,42,10,617.00,"6,170.00"
2020-10-08,2020100804000916,RLI,22,7,10,620.00,"6,200.00"
2020-10-08,2020100804000915,RLI,22,14,10,620.00,"6,200.00"
2020-10-08,2020100804000914,RLI,22,58,10,620.00,"6,200.00"
2020-10-08,2020100804000925,RLI,14,56,10,617.00,"6,170.00"
2020-10-08,2020100804000924,RLI,14,58,10,617.00,"6,170.00"
2020-10-08,2020100804000923,RLI,14,32,10,617.00,"6,170.00"
2020-10-08,2020100804000922,RLI,14,43,10,617.00,"6,170.00"
2020-10-08,2020100804000921,RLI,28,58,10,617.00,"6,170.00"
2020-10-08,2020100804000920,RLI,28,13,10,617.00,"6,170.00"
2020-10-08,2020100804000936,RLI,25,54,10,617.00,"6,170.00"
2020-10-08,2020100804000935,RLI,25,58,10,617.00,"6,170.00"
2020-10-08,2020100804000929,RLI,25,22,10,617.00,"6,170.00"
2020-10-08,2020100804000928,RLI,25,58,10,617.00,"6,170.00"
2020-10-08,2020100804000927,RLI,14,36,10,617.00,"6,170.00"
2020-10-08,2020100804000926,RLI,14,28,10,617.00,"6,170.00"
2020-10-08,2020100804000946,RLI,25,26,10,617.00,"6,170.00"
2020-10-08,2020100804000945,RLI,25,58,10,617.00,"6,170.00"
2020-10-08,2020100804000944,RLI,25,45,10,617.00,"6,170.00"
2020-10-08,2020100804000943,RLI,25,3,10,617.00,"6,170.00"
2020-10-08,2020100804000942,RLI,25,40,10,617.00,"6,170.00"
2020-10-08,2020100804000941,RLI,25,58,10,617.00,"6,170.00"
2020-10-08,2020100804000952,RLI,21,58,10,618.00,"6,180.00"
2020-10-08,2020100804000951,RLI,21,59,10,618.00,"6,180.00"
2020-10-08,2020100804000950,RLI,6,58,10,617.00,"6,170.00"
2020-10-08,2020100804000949,RLI,44,32,10,618.00,"6,180.00"
2020-10-08,2020100804000948,RLI,44,35,10,618.00,"6,180.00"
2020-10-08,2020100804000947,RLI,44,58,10,618.00,"6,180.00"
2020-10-08,2020100804000958,RLI,44,29,10,618.00,"6,180.00"
2020-10-08,2020100804000957,RLI,44,29,10,618.00,"6,180.00"
2020-10-08,2020100804000956,RLI,44,16,10,618.00,"6,180.00"
2020-10-08,2020100804000955,RLI,44,29,10,618.00,"6,180.00"
2020-10-08,2020100804000954,RLI,29,29,10,618.00,"6,180.00"
2020-10-08,2020100804000953,RLI,44,11,10,619.00,"6,190.00"
2020-10-08,2020100804000964,RLI,6,29,10,617.00,"6,170.00"
2020-10-08,2020100804000963,RLI,6,59,10,617.00,"6,170.00"
2020-10-08,2020100804000962,RLI,44,6,30,618.00,"18,540.00"
2020-10-08,2020100804000961,RLI,44,36,10,618.00,"6,180.00"
2020-10-08,2020100804000960,RLI,44,29,10,618.00,"6,180.00"
2020-10-08,2020100804000959,RLI,44,58,10,618.00,"6,180.00"
2020-10-08,2020100804000970,RLI,6,18,10,617.00,"6,170.00"
2020-10-08,2020100804000969,RLI,6,46,10,617.00,"6,170.00"
2020-10-08,2020100804000968,RLI,6,37,10,617.00,"6,170.00"
2020-10-08,2020100804000967,RLI,6,59,10,617.00,"6,170.00"
2020-10-08,2020100804000966,RLI,6,18,10,617.00,"6,170.00"
2020-10-08,2020100804000965,RLI,6,13,10,617.00,"6,170.00"
2020-10-08,2020100804000977,RLI,6,36,10,617.00,"6,170.00"
2020-10-08,2020100804000975,RLI,6,3,10,617.00,"6,170.00"
2020-10-08,2020100804000974,RLI,6,18,10,617.00,"6,170.00"
2020-10-08,2020100804000973,RLI,6,53,10,617.00,"6,170.00"
2020-10-08,2020100804000972,RLI,6,33,10,617.00,"6,170.00"
2020-10-08,2020100804000971,RLI,6,22,10,617.00,"6,170.00"
2020-10-08,2020100804000987,RLI,6,36,10,617.00,"6,170.00"
2020-10-08,2020100804000986,RLI,6,11,10,617.00,"6,170.00"
2020-10-08,2020100804000985,RLI,6,22,10,617.00,"6,170.00"
2020-10-08,2020100804000984,RLI,6,59,10,617.00,"6,170.00"
2020-10-08,2020100804000983,RLI,6,38,10,617.00,"6,170.00"
2020-10-08,2020100804000981,RLI,6,43,10,617.00,"6,170.00"
2020-10-08,2020100804000993,RLI,6,32,10,617.00,"6,170.00"
2020-10-08,2020100804000992,RLI,6,18,10,617.00,"6,170.00"
2020-10-08,2020100804000991,RLI,6,43,10,617.00,"6,170.00"
2020-10-08,2020100804000990,RLI,6,43,10,617.00,"6,170.00"
2020-10-08,2020100804000989,RLI,6,18,10,617.00,"6,170.00"
2020-10-08,2020100804000988,RLI,6,18,10,617.00,"6,170.00"
2020-10-08,2020100804000999,RLI,6,29,10,617.00,"6,170.00"
2020-10-08,2020100804000998,RLI,6,38,10,617.00,"6,170.00"
2020-10-08,2020100804000997,RLI,6,18,10,617.00,"6,170.00"
2020-10-08,2020100804000996,RLI,6,26,10,617.00,"6,170.00"
2020-10-08,2020100804000995,RLI,6,38,10,617.00,"6,170.00"
2020-10-08,2020100804000994,RLI,6,44,10,617.00,"6,170.00"
2020-10-08,2020100804001005,RLI,25,18,10,618.00,"6,180.00"
2020-10-08,2020100804001004,RLI,25,43,10,618.00,"6,180.00"
2020-10-08,2020100804001003,RLI,25,6,20,618.00,"12,360.00"
2020-10-08,2020100804001002,RLI,6,18,10,617.00,"6,170.00"
2020-10-08,2020100804001001,RLI,6,16,10,617.00,"6,170.00"
2020-10-08,2020100804001000,RLI,6,43,10,617.00,"6,170.00"
2020-10-08,2020100804001011,RLI,25,21,10,618.00,"6,180.00"
2020-10-08,2020100804001010,RLI,25,42,10,618.00,"6,180.00"
2020-10-08,2020100804001009,RLI,25,14,10,618.00,"6,180.00"
2020-10-08,2020100804001008,RLI,25,52,250,618.00,"154,500.00"
2020-10-08,2020100804001007,RLI,25,34,10,618.00,"6,180.00"
2020-10-08,2020100804001006,RLI,25,58,10,618.00,"6,180.00"
2020-10-08,2020100804001017,RLI,6,39,10,617.00,"6,170.00"
2020-10-08,2020100804001016,RLI,25,41,10,619.00,"6,190.00"
2020-10-08,2020100804001015,RLI,25,21,10,619.00,"6,190.00"
2020-10-08,2020100804001014,RLI,25,21,10,619.00,"6,190.00"
2020-10-08,2020100804001013,RLI,6,18,10,617.00,"6,170.00"
2020-10-08,2020100804001012,RLI,6,37,10,617.00,"6,170.00"
2020-10-08,2020100804001023,RLI,25,57,10,620.00,"6,200.00"
2020-10-08,2020100804001022,RLI,25,48,10,620.00,"6,200.00"
2020-10-08,2020100804001021,RLI,25,55,10,620.00,"6,200.00"
2020-10-08,2020100804001020,RLI,25,58,10,620.00,"6,200.00"
2020-10-08,2020100804001019,RLI,49,29,10,617.00,"6,170.00"
2020-10-08,2020100804001018,RLI,6,38,10,617.00,"6,170.00"
2020-10-08,2020100804001029,RLI,25,6,10,620.00,"6,200.00"
2020-10-08,2020100804001028,RLI,25,58,10,620.00,"6,200.00"
2020-10-08,2020100804001027,RLI,25,51,10,620.00,"6,200.00"
2020-10-08,2020100804001026,RLI,25,29,10,620.00,"6,200.00"
2020-10-08,2020100804001025,RLI,25,57,10,620.00,"6,200.00"
2020-10-08,2020100804001024,RLI,25,44,10,620.00,"6,200.00"
2020-10-08,2020100804001035,RLI,25,48,10,620.00,"6,200.00"
2020-10-08,2020100804001034,RLI,25,42,10,620.00,"6,200.00"
2020-10-08,2020100804001033,RLI,25,29,10,620.00,"6,200.00"
2020-10-08,2020100804001032,RLI,25,34,10,620.00,"6,200.00"
2020-10-08,2020100804001031,RLI,25,34,10,620.00,"6,200.00"
2020-10-08,2020100804001030,RLI,25,42,10,620.00,"6,200.00"
2020-10-08,2020100804001041,RLI,25,22,10,620.00,"6,200.00"
2020-10-08,2020100804001040,RLI,25,42,10,620.00,"6,200.00"
2020-10-08,2020100804001039,RLI,25,48,10,620.00,"6,200.00"
2020-10-08,2020100804001038,RLI,25,48,10,620.00,"6,200.00"
2020-10-08,2020100804001037,RLI,25,6,10,620.00,"6,200.00"
2020-10-08,2020100804001036,RLI,25,59,10,620.00,"6,200.00"
2020-10-08,2020100804001048,RLI,25,43,10,621.00,"6,210.00"
2020-10-08,2020100804001047,RLI,25,43,10,621.00,"6,210.00"
2020-10-08,2020100804001046,RLI,25,32,10,621.00,"6,210.00"
2020-10-08,2020100804001045,RLI,49,50,10,617.00,"6,170.00"
2020-10-08,2020100804001044,RLI,49,18,10,617.00,"6,170.00"
2020-10-08,2020100804001042,RLI,25,17,10,620.00,"6,200.00"
2020-10-08,2020100804001054,RLI,25,38,10,621.00,"6,210.00"
2020-10-08,2020100804001053,RLI,25,51,10,621.00,"6,210.00"
2020-10-08,2020100804001052,RLI,25,6,10,621.00,"6,210.00"
2020-10-08,2020100804001051,RLI,25,51,10,621.00,"6,210.00"
2020-10-08,2020100804001050,RLI,25,52,10,621.00,"6,210.00"
2020-10-08,2020100804001049,RLI,25,21,10,621.00,"6,210.00"
2020-10-08,2020100804001060,RLI,25,58,10,622.00,"6,220.00"
2020-10-08,2020100804001059,RLI,25,22,10,621.00,"6,210.00"
2020-10-08,2020100804001058,RLI,32,18,10,617.00,"6,170.00"
2020-10-08,2020100804001057,RLI,49,17,10,617.00,"6,170.00"
2020-10-08,2020100804001056,RLI,49,59,10,617.00,"6,170.00"
2020-10-08,2020100804001055,RLI,25,38,10,621.00,"6,210.00"
2020-10-08,2020100804001066,RLI,25,57,10,622.00,"6,220.00"
2020-10-08,2020100804001065,RLI,25,58,10,622.00,"6,220.00"
2020-10-08,2020100804001064,RLI,25,35,10,622.00,"6,220.00"
2020-10-08,2020100804001063,RLI,25,36,10,622.00,"6,220.00"
2020-10-08,2020100804001062,RLI,25,21,10,622.00,"6,220.00"
2020-10-08,2020100804001061,RLI,25,7,10,622.00,"6,220.00"
2020-10-08,2020100804001072,RLI,25,53,10,622.00,"6,220.00"
2020-10-08,2020100804001071,RLI,25,26,10,622.00,"6,220.00"
2020-10-08,2020100804001070,RLI,25,38,10,622.00,"6,220.00"
2020-10-08,2020100804001069,RLI,25,51,10,622.00,"6,220.00"
2020-10-08,2020100804001068,RLI,25,59,10,622.00,"6,220.00"
2020-10-08,2020100804001067,RLI,25,45,10,622.00,"6,220.00"
2020-10-08,2020100804001080,RLI,25,51,10,623.00,"6,230.00"
2020-10-08,2020100804001079,RLI,25,42,10,623.00,"6,230.00"
2020-10-08,2020100804001078,RLI,38,39,10,620.00,"6,200.00"
2020-10-08,2020100804001077,RLI,38,42,10,620.00,"6,200.00"
2020-10-08,2020100804001074,RLI,25,42,10,622.00,"6,220.00"
2020-10-08,2020100804001073,RLI,25,11,390,622.00,"242,580.00"
2020-10-08,2020100804001086,RLI,25,25,10,624.00,"6,240.00"
2020-10-08,2020100804001085,RLI,25,18,10,620.00,"6,200.00"
2020-10-08,2020100804001084,RLI,25,14,10,618.00,"6,180.00"
2020-10-08,2020100804001083,RLI,25,51,10,623.00,"6,230.00"
2020-10-08,2020100804001082,RLI,25,49,10,623.00,"6,230.00"
2020-10-08,2020100804001081,RLI,25,19,10,623.00,"6,230.00"
2020-10-08,2020100804001092,RLI,38,29,10,617.00,"6,170.00"
2020-10-08,2020100804001091,RLI,38,59,10,617.00,"6,170.00"
2020-10-08,2020100804001090,RLI,38,38,10,617.00,"6,170.00"
2020-10-08,2020100804001089,RLI,32,57,10,617.00,"6,170.00"
2020-10-08,2020100804001088,RLI,32,38,10,617.00,"6,170.00"
2020-10-08,2020100804001087,RLI,32,59,10,617.00,"6,170.00"
2020-10-08,2020100804001098,RLI,19,51,10,617.00,"6,170.00"
2020-10-08,2020100804001097,RLI,19,34,10,617.00,"6,170.00"
2020-10-08,2020100804001096,RLI,19,21,10,617.00,"6,170.00"
2020-10-08,2020100804001095,RLI,19,38,10,617.00,"6,170.00"
2020-10-08,2020100804001094,RLI,38,26,10,617.00,"6,170.00"
2020-10-08,2020100804001093,RLI,38,38,10,617.00,"6,170.00"
2020-10-08,2020100804001104,RLI,25,6,100,622.00,"62,200.00"
2020-10-08,2020100804001103,RLI,19,57,10,617.00,"6,170.00"
2020-10-08,2020100804001102,RLI,19,21,10,617.00,"6,170.00"
2020-10-08,2020100804001101,RLI,19,51,10,617.00,"6,170.00"
2020-10-08,2020100804001100,RLI,19,16,10,617.00,"6,170.00"
2020-10-08,2020100804001099,RLI,19,21,10,617.00,"6,170.00"
2020-10-08,2020100804001110,RLI,25,38,10,618.00,"6,180.00"
2020-10-08,2020100804001109,RLI,25,49,10,618.00,"6,180.00"
2020-10-08,2020100804001108,RLI,25,21,10,618.00,"6,180.00"
2020-10-08,2020100804001107,RLI,44,49,10,617.00,"6,170.00"
2020-10-08,2020100804001106,RLI,19,16,10,617.00,"6,170.00"
2020-10-08,2020100804001105,RLI,25,53,100,623.00,"62,300.00"
2020-10-08,2020100804001116,RLI,25,38,10,618.00,"6,180.00"
2020-10-08,2020100804001115,RLI,25,50,10,618.00,"6,180.00"
2020-10-08,2020100804001114,RLI,25,38,10,618.00,"6,180.00"
2020-10-08,2020100804001113,RLI,25,21,10,618.00,"6,180.00"
2020-10-08,2020100804001112,RLI,25,38,10,618.00,"6,180.00"
2020-10-08,2020100804001111,RLI,25,29,10,618.00,"6,180.00"
2020-10-08,2020100804001122,RLI,44,38,10,617.00,"6,170.00"
2020-10-08,2020100804001121,RLI,44,1,10,617.00,"6,170.00"
2020-10-08,2020100804001120,RLI,44,40,10,617.00,"6,170.00"
2020-10-08,2020100804001119,RLI,44,4,10,617.00,"6,170.00"
2020-10-08,2020100804001118,RLI,44,38,10,617.00,"6,170.00"
2020-10-08,2020100804001117,RLI,25,38,10,618.00,"6,180.00"
2020-10-08,2020100804001128,RLI,5,56,10,617.00,"6,170.00"
2020-10-08,2020100804001127,RLI,5,40,10,617.00,"6,170.00"
2020-10-08,2020100804001126,RLI,44,4,10,617.00,"6,170.00"
2020-10-08,2020100804001125,RLI,44,40,10,617.00,"6,170.00"
2020-10-08,2020100804001124,RLI,44,36,10,617.00,"6,170.00"
2020-10-08,2020100804001123,RLI,44,8,10,617.00,"6,170.00"
2020-10-08,2020100804001134,RLI,5,40,10,617.00,"6,170.00"
2020-10-08,2020100804001133,RLI,5,40,10,617.00,"6,170.00"
2020-10-08,2020100804001132,RLI,5,52,10,617.00,"6,170.00"
2020-10-08,2020100804001131,RLI,5,8,10,617.00,"6,170.00"
2020-10-08,2020100804001130,RLI,5,40,10,617.00,"6,170.00"
2020-10-08,2020100804001129,RLI,5,38,10,617.00,"6,170.00"
2020-10-08,2020100804001140,RLI,48,38,10,617.00,"6,170.00"
2020-10-08,2020100804001139,RLI,48,29,10,617.00,"6,170.00"
2020-10-08,2020100804001138,RLI,48,21,10,617.00,"6,170.00"
2020-10-08,2020100804001137,RLI,48,33,10,617.00,"6,170.00"
2020-10-08,2020100804001136,RLI,5,29,10,617.00,"6,170.00"
2020-10-08,2020100804001135,RLI,5,38,10,617.00,"6,170.00"
2020-10-08,2020100804001146,RLI,48,51,10,617.00,"6,170.00"
2020-10-08,2020100804001145,RLI,48,6,10,617.00,"6,170.00"
2020-10-08,2020100804001144,RLI,48,40,10,617.00,"6,170.00"
2020-10-08,2020100804001143,RLI,48,38,10,617.00,"6,170.00"
2020-10-08,2020100804001142,RLI,48,13,10,617.00,"6,170.00"
2020-10-08,2020100804001141,RLI,48,40,10,617.00,"6,170.00"
2020-10-08,2020100804001152,RLI,6,58,10,617.00,"6,170.00"
2020-10-08,2020100804001151,RLI,6,54,10,617.00,"6,170.00"
2020-10-08,2020100804001150,RLI,6,6,10,617.00,"6,170.00"
2020-10-08,2020100804001149,RLI,6,38,10,617.00,"6,170.00"
2020-10-08,2020100804001148,RLI,6,40,10,617.00,"6,170.00"
2020-10-08,2020100804001147,RLI,42,38,10,617.00,"6,170.00"
2020-10-08,2020100804001158,RLI,6,40,10,617.00,"6,170.00"
2020-10-08,2020100804001157,RLI,6,38,10,617.00,"6,170.00"
2020-10-08,2020100804001156,RLI,6,1,10,617.00,"6,170.00"
2020-10-08,2020100804001155,RLI,6,40,10,617.00,"6,170.00"
2020-10-08,2020100804001154,RLI,6,54,10,617.00,"6,170.00"
2020-10-08,2020100804001153,RLI,6,38,10,617.00,"6,170.00"
2020-10-08,2020100804001164,RLI,1,49,10,618.00,"6,180.00"
2020-10-08,2020100804001163,RLI,1,40,10,618.00,"6,180.00"
2020-10-08,2020100804001162,RLI,6,11,10,617.00,"6,170.00"
2020-10-08,2020100804001161,RLI,6,38,10,617.00,"6,170.00"
2020-10-08,2020100804001160,RLI,6,40,10,617.00,"6,170.00"
2020-10-08,2020100804001159,RLI,6,54,10,617.00,"6,170.00"
2020-10-08,2020100804001170,RLI,6,54,10,617.00,"6,170.00"
2020-10-08,2020100804001169,RLI,6,38,10,617.00,"6,170.00"
2020-10-08,2020100804001168,RLI,6,1,10,617.00,"6,170.00"
2020-10-08,2020100804001167,RLI,6,47,10,617.00,"6,170.00"
2020-10-08,2020100804001166,RLI,1,28,10,618.00,"6,180.00"
2020-10-08,2020100804001165,RLI,1,13,10,618.00,"6,180.00"
2020-10-08,2020100804001177,RLI,6,1,10,617.00,"6,170.00"
2020-10-08,2020100804001175,RLI,6,40,10,617.00,"6,170.00"
2020-10-08,2020100804001174,RLI,6,32,10,617.00,"6,170.00"
2020-10-08,2020100804001173,RLI,6,36,10,617.00,"6,170.00"
2020-10-08,2020100804001172,RLI,6,40,10,617.00,"6,170.00"
2020-10-08,2020100804001171,RLI,6,54,10,617.00,"6,170.00"
2020-10-08,2020100804001185,RLI,6,47,10,617.00,"6,170.00"
2020-10-08,2020100804001183,RLI,6,54,10,617.00,"6,170.00"
2020-10-08,2020100804001182,RLI,6,58,10,617.00,"6,170.00"
2020-10-08,2020100804001181,RLI,6,19,10,617.00,"6,170.00"
2020-10-08,2020100804001180,RLI,6,40,10,617.00,"6,170.00"
2020-10-08,2020100804001178,RLI,6,48,10,617.00,"6,170.00"
2020-10-08,2020100804001191,RLI,6,58,10,617.00,"6,170.00"
2020-10-08,2020100804001190,RLI,6,58,10,617.00,"6,170.00"
2020-10-08,2020100804001189,RLI,6,32,10,617.00,"6,170.00"
2020-10-08,2020100804001188,RLI,6,40,10,617.00,"6,170.00"
2020-10-08,2020100804001187,RLI,6,54,10,617.00,"6,170.00"
2020-10-08,2020100804001186,RLI,6,40,10,617.00,"6,170.00"
2020-10-08,2020100804001197,RLI,7,58,10,617.00,"6,170.00"
2020-10-08,2020100804001196,RLI,7,32,10,617.00,"6,170.00"
2020-10-08,2020100804001195,RLI,7,54,10,617.00,"6,170.00"
2020-10-08,2020100804001194,RLI,6,58,10,617.00,"6,170.00"
2020-10-08,2020100804001193,RLI,6,35,10,617.00,"6,170.00"
2020-10-08,2020100804001192,RLI,6,40,10,617.00,"6,170.00"
2020-10-08,2020100804001204,RLI,7,4,10,617.00,"6,170.00"
2020-10-08,2020100804001203,RLI,7,40,10,617.00,"6,170.00"
2020-10-08,2020100804001202,RLI,7,17,10,617.00,"6,170.00"
2020-10-08,2020100804001201,RLI,7,40,10,617.00,"6,170.00"
2020-10-08,2020100804001199,RLI,7,58,10,617.00,"6,170.00"
2020-10-08,2020100804001198,RLI,7,54,10,617.00,"6,170.00"
2020-10-08,2020100804001210,RLI,14,40,10,617.00,"6,170.00"
2020-10-08,2020100804001209,RLI,14,40,10,617.00,"6,170.00"
2020-10-08,2020100804001208,RLI,25,38,10,618.00,"6,180.00"
2020-10-08,2020100804001207,RLI,14,40,10,617.00,"6,170.00"
2020-10-08,2020100804001206,RLI,25,38,10,618.00,"6,180.00"
2020-10-08,2020100804001205,RLI,7,1,10,617.00,"6,170.00"
2020-10-08,2020100804001216,RLI,36,36,10,617.00,"6,170.00"
2020-10-08,2020100804001215,RLI,36,40,10,617.00,"6,170.00"
2020-10-08,2020100804001214,RLI,36,41,10,617.00,"6,170.00"
2020-10-08,2020100804001213,RLI,36,47,10,617.00,"6,170.00"
2020-10-08,2020100804001212,RLI,14,40,10,617.00,"6,170.00"
2020-10-08,2020100804001211,RLI,14,17,10,617.00,"6,170.00"
2020-10-08,2020100804001223,RLI,36,44,10,617.00,"6,170.00"
2020-10-08,2020100804001222,RLI,36,58,10,617.00,"6,170.00"
2020-10-08,2020100804001221,RLI,36,40,10,617.00,"6,170.00"
2020-10-08,2020100804001220,RLI,36,1,10,617.00,"6,170.00"
2020-10-08,2020100804001219,RLI,36,40,10,617.00,"6,170.00"
2020-10-08,2020100804001218,RLI,36,42,10,617.00,"6,170.00"
2020-10-08,2020100804001232,RLI,36,58,10,617.00,"6,170.00"
2020-10-08,2020100804001231,RLI,36,38,10,617.00,"6,170.00"
2020-10-08,2020100804001229,RLI,36,38,10,617.00,"6,170.00"
2020-10-08,2020100804001228,RLI,29,29,10,618.00,"6,180.00"
2020-10-08,2020100804001225,RLI,36,29,10,617.00,"6,170.00"
2020-10-08,2020100804001224,RLI,36,44,10,617.00,"6,170.00"
2020-10-08,2020100804001240,RLI,38,38,10,617.00,"6,170.00"
2020-10-08,2020100804001239,RLI,38,51,10,617.00,"6,170.00"
2020-10-08,2020100804001238,RLI,38,42,10,617.00,"6,170.00"
2020-10-08,2020100804001237,RLI,36,48,10,617.00,"6,170.00"
2020-10-08,2020100804001235,RLI,36,55,10,617.00,"6,170.00"
2020-10-08,2020100804001234,RLI,36,39,10,617.00,"6,170.00"
2020-10-08,2020100804001246,RLI,38,46,10,617.00,"6,170.00"
2020-10-08,2020100804001245,RLI,38,47,10,617.00,"6,170.00"
2020-10-08,2020100804001244,RLI,38,38,10,617.00,"6,170.00"
2020-10-08,2020100804001243,RLI,32,16,10,618.00,"6,180.00"
2020-10-08,2020100804001242,RLI,32,58,10,618.00,"6,180.00"
2020-10-08,2020100804001241,RLI,38,38,10,617.00,"6,170.00"
2020-10-08,2020100804001252,RLI,38,10,10,617.00,"6,170.00"
2020-10-08,2020100804001251,RLI,25,34,10,618.00,"6,180.00"
2020-10-08,2020100804001250,RLI,25,53,10,618.00,"6,180.00"
2020-10-08,2020100804001249,RLI,29,11,10,618.00,"6,180.00"
2020-10-08,2020100804001248,RLI,38,36,10,617.00,"6,170.00"
2020-10-08,2020100804001247,RLI,38,29,10,617.00,"6,170.00"
2020-10-08,2020100804001258,RLI,56,46,10,617.00,"6,170.00"
2020-10-08,2020100804001257,RLI,56,7,10,617.00,"6,170.00"
2020-10-08,2020100804001256,RLI,56,46,10,617.00,"6,170.00"
2020-10-08,2020100804001255,RLI,38,22,10,617.00,"6,170.00"
2020-10-08,2020100804001254,RLI,38,14,10,617.00,"6,170.00"
2020-10-08,2020100804001253,RLI,38,34,10,617.00,"6,170.00"
2020-10-08,2020100804001264,RLI,7,4,10,617.00,"6,170.00"
2020-10-08,2020100804001263,RLI,48,48,10,618.00,"6,180.00"
2020-10-08,2020100804001262,RLI,7,39,10,617.00,"6,170.00"
2020-10-08,2020100804001261,RLI,7,39,10,617.00,"6,170.00"
2020-10-08,2020100804001260,RLI,56,58,10,617.00,"6,170.00"
2020-10-08,2020100804001259,RLI,56,39,10,617.00,"6,170.00"
2020-10-08,2020100804001272,RLI,7,22,10,617.00,"6,170.00"
2020-10-08,2020100804001270,RLI,7,41,10,617.00,"6,170.00"
2020-10-08,2020100804001268,RLI,7,36,10,617.00,"6,170.00"
2020-10-08,2020100804001267,RLI,7,11,10,617.00,"6,170.00"
2020-10-08,2020100804001266,RLI,7,49,10,617.00,"6,170.00"
2020-10-08,2020100804001265,RLI,7,44,10,617.00,"6,170.00"
2020-10-08,2020100804001283,RLI,7,39,10,617.00,"6,170.00"
2020-10-08,2020100804001282,RLI,7,39,10,617.00,"6,170.00"
2020-10-08,2020100804001281,RLI,7,11,10,617.00,"6,170.00"
2020-10-08,2020100804001280,RLI,7,4,10,617.00,"6,170.00"
2020-10-08,2020100804001279,RLI,7,39,10,617.00,"6,170.00"
2020-10-08,2020100804001273,RLI,7,39,10,617.00,"6,170.00"
2020-10-08,2020100804001289,RLI,54,48,10,618.00,"6,180.00"
2020-10-08,2020100804001288,RLI,6,39,10,617.00,"6,170.00"
2020-10-08,2020100804001287,RLI,51,39,10,617.00,"6,170.00"
2020-10-08,2020100804001286,RLI,7,56,10,617.00,"6,170.00"
2020-10-08,2020100804001285,RLI,7,7,10,617.00,"6,170.00"
2020-10-08,2020100804001284,RLI,7,19,10,617.00,"6,170.00"
2020-10-08,2020100804001295,RLI,6,58,10,617.00,"6,170.00"
2020-10-08,2020100804001294,RLI,6,39,10,617.00,"6,170.00"
2020-10-08,2020100804001293,RLI,6,58,10,617.00,"6,170.00"
2020-10-08,2020100804001292,RLI,54,37,10,618.00,"6,180.00"
2020-10-08,2020100804001291,RLI,54,34,10,618.00,"6,180.00"
2020-10-08,2020100804001290,RLI,54,58,10,618.00,"6,180.00"
2020-10-08,2020100804001302,RLI,6,39,10,617.00,"6,170.00"
2020-10-08,2020100804001300,RLI,6,58,10,617.00,"6,170.00"
2020-10-08,2020100804001299,RLI,6,42,10,617.00,"6,170.00"
2020-10-08,2020100804001298,RLI,6,39,10,617.00,"6,170.00"
2020-10-08,2020100804001297,RLI,6,1,10,617.00,"6,170.00"
2020-10-08,2020100804001296,RLI,6,20,10,617.00,"6,170.00"
2020-10-08,2020100804001310,RLI,6,57,10,617.00,"6,170.00"
2020-10-08,2020100804001308,RLI,6,39,10,617.00,"6,170.00"
2020-10-08,2020100804001307,RLI,6,32,10,617.00,"6,170.00"
2020-10-08,2020100804001306,RLI,6,32,10,617.00,"6,170.00"
2020-10-08,2020100804001305,RLI,6,39,10,617.00,"6,170.00"
2020-10-08,2020100804001304,RLI,6,39,10,617.00,"6,170.00"
2020-10-08,2020100804001317,RLI,55,42,10,618.00,"6,180.00"
2020-10-08,2020100804001316,RLI,41,57,10,617.00,"6,170.00"
2020-10-08,2020100804001315,RLI,6,48,10,617.00,"6,170.00"
2020-10-08,2020100804001314,RLI,6,48,10,617.00,"6,170.00"
2020-10-08,2020100804001313,RLI,6,57,10,617.00,"6,170.00"
2020-10-08,2020100804001312,RLI,6,39,10,617.00,"6,170.00"
2020-10-08,2020100804001323,RLI,55,39,10,619.00,"6,190.00"
2020-10-08,2020100804001322,RLI,55,56,10,619.00,"6,190.00"
2020-10-08,2020100804001321,RLI,55,19,10,619.00,"6,190.00"
2020-10-08,2020100804001320,RLI,55,17,10,619.00,"6,190.00"
2020-10-08,2020100804001319,RLI,55,52,10,618.00,"6,180.00"
2020-10-08,2020100804001318,RLI,55,55,10,618.00,"6,180.00"
2020-10-08,2020100804001329,RLI,55,34,10,619.00,"6,190.00"
2020-10-08,2020100804001328,RLI,55,58,10,619.00,"6,190.00"
2020-10-08,2020100804001327,RLI,55,39,10,619.00,"6,190.00"
2020-10-08,2020100804001326,RLI,55,37,10,619.00,"6,190.00"
2020-10-08,2020100804001325,RLI,55,46,10,619.00,"6,190.00"
2020-10-08,2020100804001324,RLI,55,54,10,619.00,"6,190.00"
2020-10-08,2020100804001335,RLI,55,38,10,619.00,"6,190.00"
2020-10-08,2020100804001334,RLI,55,4,10,619.00,"6,190.00"
2020-10-08,2020100804001333,RLI,55,33,10,619.00,"6,190.00"
2020-10-08,2020100804001332,RLI,55,13,10,619.00,"6,190.00"
2020-10-08,2020100804001331,RLI,55,20,10,619.00,"6,190.00"
2020-10-08,2020100804001330,RLI,55,33,10,619.00,"6,190.00"
2020-10-08,2020100804001341,RLI,41,29,10,617.00,"6,170.00"
2020-10-08,2020100804001340,RLI,41,13,10,617.00,"6,170.00"
2020-10-08,2020100804001339,RLI,41,4,10,617.00,"6,170.00"
2020-10-08,2020100804001338,RLI,41,38,10,617.00,"6,170.00"
2020-10-08,2020100804001337,RLI,55,6,100,619.00,"61,900.00"
2020-10-08,2020100804001336,RLI,55,55,10,619.00,"6,190.00"
2020-10-08,2020100804001347,RLI,41,19,10,617.00,"6,170.00"
2020-10-08,2020100804001346,RLI,41,41,10,617.00,"6,170.00"
2020-10-08,2020100804001345,RLI,41,29,10,617.00,"6,170.00"
2020-10-08,2020100804001344,RLI,41,40,10,617.00,"6,170.00"
2020-10-08,2020100804001343,RLI,48,48,10,618.00,"6,180.00"
2020-10-08,2020100804001342,RLI,41,19,10,617.00,"6,170.00"
2020-10-08,2020100804001353,RLI,25,44,50,617.00,"30,850.00"
2020-10-08,2020100804001352,RLI,41,19,10,617.00,"6,170.00"
2020-10-08,2020100804001351,RLI,41,45,10,617.00,"6,170.00"
2020-10-08,2020100804001350,RLI,41,38,10,617.00,"6,170.00"
2020-10-08,2020100804001349,RLI,56,55,10,618.00,"6,180.00"
2020-10-08,2020100804001348,RLI,41,41,10,617.00,"6,170.00"
2020-10-08,2020100804001359,RLI,11,44,50,617.00,"30,850.00"
2020-10-08,2020100804001358,RLI,41,44,100,617.00,"61,700.00"
2020-10-08,2020100804001357,RLI,13,44,100,617.00,"61,700.00"
2020-10-08,2020100804001356,RLI,11,44,77,617.00,"47,509.00"
2020-10-08,2020100804001355,RLI,41,44,160,617.00,"98,720.00"
2020-10-08,2020100804001354,RLI,57,44,50,617.00,"30,850.00"
2020-10-08,2020100804001365,RLI,11,41,10,617.00,"6,170.00"
2020-10-08,2020100804001364,RLI,11,44,40,617.00,"24,680.00"
2020-10-08,2020100804001363,RLI,7,44,"1,000",617.00,"617,000.00"
2020-10-08,2020100804001362,RLI,57,44,15,617.00,"9,255.00"
2020-10-08,2020100804001361,RLI,36,44,50,617.00,"30,850.00"
2020-10-08,2020100804001360,RLI,52,44,50,617.00,"30,850.00"
2020-10-08,2020100804001375,RLI,42,41,10,616.00,"6,160.00"
2020-10-08,2020100804001372,RLI,42,46,10,616.00,"6,160.00"
2020-10-08,2020100804001371,RLI,42,41,10,616.00,"6,160.00"
2020-10-08,2020100804001370,RLI,42,4,10,616.00,"6,160.00"
2020-10-08,2020100804001367,RLI,42,7,10,616.00,"6,160.00"
2020-10-08,2020100804001366,RLI,42,41,10,616.00,"6,160.00"
2020-10-08,2020100804001387,RLI,42,39,150,616.00,"92,400.00"
2020-10-08,2020100804001386,RLI,42,41,10,616.00,"6,160.00"
2020-10-08,2020100804001382,RLI,42,52,10,616.00,"6,160.00"
2020-10-08,2020100804001381,RLI,42,41,10,616.00,"6,160.00"
2020-10-08,2020100804001380,RLI,42,41,10,616.00,"6,160.00"
2020-10-08,2020100804001377,RLI,42,36,10,616.00,"6,160.00"
2020-10-08,2020100804001303,SAEF,47,42,"19,600",10.30,"201,880.00"
2020-10-08,2020100804001278,SAEF,33,42,"10,000",10.34,"103,400.00"
2020-10-08,2020100804001277,SAEF,1,42,"10,000",10.35,"103,500.00"
2020-10-08,2020100804001276,SAEF,33,42,"10,000",10.35,"103,500.00"
2020-10-08,2020100804001275,SAEF,1,42,"2,000",10.36,"20,720.00"
2020-10-08,2020100804001274,SAEF,22,42,"3,000",10.40,"31,200.00"
2020-10-08,2020100804000976,SEF,1,53,"8,500",9.21,"78,285.00"
2020-10-08,2020100804001376,SFMF,17,42,100,9.50,950.00
2020-10-08,2020100804000877,BBC,18,47,30,"1,700.00","51,000.00"
2020-10-08,2020100804000513,CMF1,7,48,200,9.60,"1,920.00"
2020-10-08,2020100804000473,CMF1,58,43,150,9.70,"1,455.00"
2020-10-08,2020100804000407,CMF1,34,7,500,9.55,"4,775.00"
2020-10-08,2020100804000406,CMF1,34,7,"3,500",9.55,"33,425.00"
2020-10-08,2020100804000787,LEMF,1,29,"4,800",9.06,"43,488.00"
2020-10-08,2020100804000615,LEMF,34,29,"15,400",9.06,"139,524.00"
2020-10-08,2020100804000878,LUK,25,58,100,8.85,885.00
2020-10-08,2020100804000788,LUK,25,21,100,8.85,885.00
2020-10-08,2020100804000715,LUK,25,56,100,8.85,885.00
2020-10-08,2020100804000576,LUK,25,58,100,8.85,885.00
2020-10-08,2020100804000575,LUK,25,42,100,8.85,885.00
2020-10-08,2020100804000734,NBF2,14,58,"2,000",9.06,"18,120.00"
2020-10-08,2020100804000532,NBF2,34,10,"6,400",9.10,"58,240.00"
2020-10-08,2020100804000431,NBF2,39,42,400,9.10,"3,640.00"
2020-10-08,2020100804000425,NBF2,50,42,100,9.10,910.00
2020-10-08,2020100804000816,NEF,45,32,552,9.28,"5,122.56"
2020-10-08,2020100804000814,NEF,46,32,"1,000",9.28,"9,280.00"
2020-10-08,2020100804000811,NEF,46,32,"1,000",9.28,"9,280.00"
2020-10-08,2020100804000806,NEF,46,22,"1,000",9.20,"9,200.00"
2020-10-08,2020100804000803,NEF,46,19,483,9.12,"4,404.96"
2020-10-08,2020100804000802,NEF,46,19,483,9.12,"4,404.96"
2020-10-08,2020100804000449,NEF,25,46,"1,083",8.93,"9,671.19"
2020-10-08,2020100804000589,NEF,34,41,"2,414",8.95,"21,605.30"
2020-10-08,2020100804000582,NEF,25,4,434,8.93,"3,875.62"
2020-10-08,2020100804000489,NEF,34,11,"1,448",9.10,"13,176.80"
2020-10-08,2020100804000488,NEF,34,41,"3,714",9.10,"33,797.40"
2020-10-08,2020100804000487,NEF,34,41,"3,000",9.10,"27,300.00"
2020-10-08,2020100804000486,NEF,34,7,127,9.10,"1,155.70"
2020-10-08,2020100804000805,NIBLPF,56,16,784,8.86,"6,946.24"
2020-10-08,2020100804000804,NIBLPF,1,16,108,8.95,966.60
2020-10-08,2020100804000800,NIBLPF,1,16,892,8.95,"7,983.40"
2020-10-08,2020100804000757,NIBLPF,38,19,495,8.96,"4,435.20"
2020-10-08,2020100804000748,NIBLPF,38,19,505,8.96,"4,524.80"
2020-10-08,2020100804000799,NIBPO,6,39,360,364.00,"131,040.00"
2020-10-08,2020100804000770,NIBSF1,53,10,"1,900",10.00,"19,000.00"
2020-10-08,2020100804000769,NIBSF1,53,34,600,10.00,"6,000.00"
2020-10-08,2020100804000485,NIBSF1,53,10,"2,500",10.20,"25,500.00"
2020-10-08,2020100804000541,NICBF,34,56,100,9.10,910.00
2020-10-08,2020100804000540,NICBF,34,42,"3,000",9.10,"27,300.00"
2020-10-08,2020100804000539,NICBF,34,41,100,9.09,909.00
2020-10-08,2020100804000538,NICBF,34,58,100,9.09,909.00
2020-10-08,2020100804000432,NICBF,56,42,200,8.93,"1,786.00"
2020-10-08,2020100804000894,NICGF,45,58,"5,000",9.70,"48,500.00"
2020-10-08,2020100804000881,NICGF,13,14,200,9.52,"1,904.00"
2020-10-08,2020100804000747,NICGF,1,21,"1,500",9.53,"14,295.00"
2020-10-08,2020100804000697,NICGF,13,42,500,9.52,"4,760.00"
2020-10-08,2020100804000578,NICGF,1,52,100,9.35,935.00
2020-10-08,2020100804000793,NMB50,17,42,200,9.28,"1,856.00"
2020-10-08,2020100804000863,NMBHF1,4,10,"5,000",9.38,"46,900.00"
2020-10-08,2020100804000838,NMBHF1,1,25,"1,747",9.27,"16,194.69"
2020-10-08,2020100804000753,NMBHF1,14,41,305,9.32,"2,842.60"
2020-10-08,2020100804000605,NMBHF1,25,41,"4,427",9.32,"41,259.64"
2020-10-08,2020100804000443,NMBHF1,6,1,850,9.40,"7,990.00"
2020-10-08,2020100804000408,RBCLPO,28,53,10,"10,499.00","104,990.00"
2020-10-08,2020100804000893,RLI,28,41,10,617.00,"6,170.00"
2020-10-08,2020100804000892,RLI,28,58,10,617.00,"6,170.00"
2020-10-08,2020100804000891,RLI,28,28,10,617.00,"6,170.00"
2020-10-08,2020100804000890,RLI,7,7,10,617.00,"6,170.00"
2020-10-08,2020100804000889,RLI,7,59,10,617.00,"6,170.00"
2020-10-08,2020100804000888,RLI,8,58,10,617.00,"6,170.00"
2020-10-08,2020100804000395,RLI,25,44,10,618.00,"6,180.00"
2020-10-08,2020100804000401,RLI,14,52,10,618.00,"6,180.00"
2020-10-08,2020100804000400,RLI,25,42,10,618.00,"6,180.00"
2020-10-08,2020100804000399,RLI,25,51,10,618.00,"6,180.00"
2020-10-08,2020100804000398,RLI,25,38,10,618.00,"6,180.00"
2020-10-08,2020100804000397,RLI,25,38,10,618.00,"6,180.00"
2020-10-08,2020100804000396,RLI,25,52,10,618.00,"6,180.00"
2020-10-08,2020100804000410,RLI,14,7,10,618.00,"6,180.00"
2020-10-08,2020100804000409,RLI,14,44,10,618.00,"6,180.00"
2020-10-08,2020100804000405,RLI,14,17,10,618.00,"6,180.00"
2020-10-08,2020100804000404,RLI,14,38,10,618.00,"6,180.00"
2020-10-08,2020100804000403,RLI,14,42,10,618.00,"6,180.00"
2020-10-08,2020100804000402,RLI,14,28,10,618.00,"6,180.00"
2020-10-08,2020100804000416,RLI,34,1,10,619.00,"6,190.00"
2020-10-08,2020100804000415,RLI,34,22,10,619.00,"6,190.00"
2020-10-08,2020100804000414,RLI,14,28,10,618.00,"6,180.00"
2020-10-08,2020100804000413,RLI,14,28,10,618.00,"6,180.00"
2020-10-08,2020100804000412,RLI,14,50,10,618.00,"6,180.00"
2020-10-08,2020100804000411,RLI,14,52,10,618.00,"6,180.00"
2020-10-08,2020100804000422,RLI,14,26,10,618.00,"6,180.00"
2020-10-08,2020100804000421,RLI,14,50,10,618.00,"6,180.00"
2020-10-08,2020100804000420,RLI,14,51,10,618.00,"6,180.00"
2020-10-08,2020100804000419,RLI,14,5,10,618.00,"6,180.00"
2020-10-08,2020100804000418,RLI,14,28,10,618.00,"6,180.00"
2020-10-08,2020100804000417,RLI,14,7,10,618.00,"6,180.00"
2020-10-08,2020100804000429,RLI,47,29,10,619.00,"6,190.00"
2020-10-08,2020100804000428,RLI,47,38,10,619.00,"6,190.00"
2020-10-08,2020100804000427,RLI,47,49,10,619.00,"6,190.00"
2020-10-08,2020100804000426,RLI,47,4,10,619.00,"6,190.00"
2020-10-08,2020100804000424,RLI,14,8,10,618.00,"6,180.00"
2020-10-08,2020100804000423,RLI,14,39,10,618.00,"6,180.00"
2020-10-08,2020100804000437,RLI,47,28,10,619.00,"6,190.00"
2020-10-08,2020100804000436,RLI,47,36,10,619.00,"6,190.00"
2020-10-08,2020100804000435,RLI,47,1,10,619.00,"6,190.00"
2020-10-08,2020100804000434,RLI,47,42,10,619.00,"6,190.00"
2020-10-08,2020100804000433,RLI,47,50,10,619.00,"6,190.00"
2020-10-08,2020100804000430,RLI,47,51,10,619.00,"6,190.00"
2020-10-08,2020100804000444,RLI,48,16,10,618.00,"6,180.00"
2020-10-08,2020100804000442,RLI,48,56,10,618.00,"6,180.00"
2020-10-08,2020100804000441,RLI,14,36,10,618.00,"6,180.00"
2020-10-08,2020100804000440,RLI,14,58,30,618.00,"18,540.00"
2020-10-08,2020100804000439,RLI,14,36,10,618.00,"6,180.00"
2020-10-08,2020100804000438,RLI,14,36,10,618.00,"6,180.00"
2020-10-08,2020100804000451,RLI,14,8,10,618.00,"6,180.00"
2020-10-08,2020100804000450,RLI,56,19,10,619.00,"6,190.00"
2020-10-08,2020100804000448,RLI,14,25,10,618.00,"6,180.00"
2020-10-08,2020100804000447,RLI,48,8,10,618.00,"6,180.00"
2020-10-08,2020100804000446,RLI,29,36,10,619.00,"6,190.00"
2020-10-08,2020100804000445,RLI,29,58,10,619.00,"6,190.00"
2020-10-08,2020100804000457,RLI,1,38,10,619.00,"6,190.00"
2020-10-08,2020100804000456,RLI,1,8,10,619.00,"6,190.00"
2020-10-08,2020100804000455,RLI,1,56,10,619.00,"6,190.00"
2020-10-08,2020100804000454,RLI,1,42,10,619.00,"6,190.00"
2020-10-08,2020100804000453,RLI,1,28,10,619.00,"6,190.00"
2020-10-08,2020100804000452,RLI,1,10,10,619.00,"6,190.00"
2020-10-08,2020100804000463,RLI,56,22,10,619.00,"6,190.00"
2020-10-08,2020100804000462,RLI,14,39,10,618.00,"6,180.00"
2020-10-08,2020100804000461,RLI,1,28,10,619.00,"6,190.00"
2020-10-08,2020100804000460,RLI,1,4,10,619.00,"6,190.00"
2020-10-08,2020100804000459,RLI,1,34,10,619.00,"6,190.00"
2020-10-08,2020100804000458,RLI,1,10,10,619.00,"6,190.00"
2020-10-08,2020100804000469,RLI,56,21,10,618.00,"6,180.00"
2020-10-08,2020100804000468,RLI,56,14,10,618.00,"6,180.00"
2020-10-08,2020100804000467,RLI,56,34,10,618.00,"6,180.00"
2020-10-08,2020100804000466,RLI,56,34,10,618.00,"6,180.00"
2020-10-08,2020100804000465,RLI,14,29,10,618.00,"6,180.00"
2020-10-08,2020100804000464,RLI,14,28,10,618.00,"6,180.00"
2020-10-08,2020100804000477,RLI,56,37,10,618.00,"6,180.00"
2020-10-08,2020100804000476,RLI,56,52,10,618.00,"6,180.00"
2020-10-08,2020100804000475,RLI,56,37,10,618.00,"6,180.00"
2020-10-08,2020100804000474,RLI,56,7,10,618.00,"6,180.00"
2020-10-08,2020100804000471,RLI,56,52,10,618.00,"6,180.00"
2020-10-08,2020100804000470,RLI,56,17,10,618.00,"6,180.00"
2020-10-08,2020100804000483,RLI,29,47,10,618.00,"6,180.00"
2020-10-08,2020100804000482,RLI,47,43,10,618.00,"6,180.00"
2020-10-08,2020100804000481,RLI,47,7,10,618.00,"6,180.00"
2020-10-08,2020100804000480,RLI,47,28,10,618.00,"6,180.00"
2020-10-08,2020100804000479,RLI,47,37,10,618.00,"6,180.00"
2020-10-08,2020100804000478,RLI,47,55,10,618.00,"6,180.00"
2020-10-08,2020100804000494,RLI,59,7,10,618.00,"6,180.00"
2020-10-08,2020100804000493,RLI,59,52,10,618.00,"6,180.00"
2020-10-08,2020100804000492,RLI,59,39,10,618.00,"6,180.00"
2020-10-08,2020100804000491,RLI,59,28,10,618.00,"6,180.00"
2020-10-08,2020100804000490,RLI,29,37,10,618.00,"6,180.00"
2020-10-08,2020100804000484,RLI,29,42,10,618.00,"6,180.00"
2020-10-08,2020100804000500,RLI,59,6,10,618.00,"6,180.00"
2020-10-08,2020100804000499,RLI,59,55,10,618.00,"6,180.00"
2020-10-08,2020100804000498,RLI,59,57,10,618.00,"6,180.00"
2020-10-08,2020100804000497,RLI,59,28,10,618.00,"6,180.00"
2020-10-08,2020100804000496,RLI,59,16,10,618.00,"6,180.00"
2020-10-08,2020100804000495,RLI,59,6,10,618.00,"6,180.00"
2020-10-08,2020100804000506,RLI,45,34,10,617.00,"6,170.00"
2020-10-08,2020100804000505,RLI,45,44,10,617.00,"6,170.00"
2020-10-08,2020100804000504,RLI,45,38,10,617.00,"6,170.00"
2020-10-08,2020100804000503,RLI,45,44,10,617.00,"6,170.00"
2020-10-08,2020100804000502,RLI,45,47,10,617.00,"6,170.00"
2020-10-08,2020100804000501,RLI,45,7,10,617.00,"6,170.00"
2020-10-08,2020100804000515,RLI,45,29,10,617.00,"6,170.00"
2020-10-08,2020100804000514,RLI,45,44,10,617.00,"6,170.00"
2020-10-08,2020100804000512,RLI,45,34,10,617.00,"6,170.00"
2020-10-08,2020100804000511,RLI,45,33,10,617.00,"6,170.00"
2020-10-08,2020100804000508,RLI,45,44,10,617.00,"6,170.00"
2020-10-08,2020100804000507,RLI,45,13,10,617.00,"6,170.00"
2020-10-08,2020100804000523,RLI,45,59,10,617.00,"6,170.00"
2020-10-08,2020100804000522,RLI,45,34,10,617.00,"6,170.00"
2020-10-08,2020100804000519,RLI,45,44,10,617.00,"6,170.00"
2020-10-08,2020100804000518,RLI,45,34,10,617.00,"6,170.00"
2020-10-08,2020100804000517,RLI,45,58,10,617.00,"6,170.00"
2020-10-08,2020100804000516,RLI,45,55,10,617.00,"6,170.00"
2020-10-08,2020100804000529,RLI,45,55,10,617.00,"6,170.00"
2020-10-08,2020100804000528,RLI,45,44,10,617.00,"6,170.00"
2020-10-08,2020100804000527,RLI,45,47,10,617.00,"6,170.00"
2020-10-08,2020100804000526,RLI,45,47,10,617.00,"6,170.00"
2020-10-08,2020100804000525,RLI,45,33,10,617.00,"6,170.00"
2020-10-08,2020100804000524,RLI,45,29,10,617.00,"6,170.00"
2020-10-08,2020100804000536,RLI,58,54,10,617.00,"6,170.00"
2020-10-08,2020100804000535,RLI,45,49,10,617.00,"6,170.00"
2020-10-08,2020100804000534,RLI,45,39,10,617.00,"6,170.00"
2020-10-08,2020100804000533,RLI,52,45,10,617.00,"6,170.00"
2020-10-08,2020100804000531,RLI,52,54,10,617.00,"6,170.00"
2020-10-08,2020100804000530,RLI,45,6,10,617.00,"6,170.00"
2020-10-08,2020100804000546,RLI,58,55,10,617.00,"6,170.00"
