Date,Transact. No.,Symbol,Buyer,Seller,Quantity,Rate,Amount
2020-03-05,2020030501022362,ADBL,42,13,142,405.00,"57,510.00"
2020-03-05,2020030501022335,ADBL,47,59,356,406.00,"144,536.00"
2020-03-05,2020030501022316,ADBL,47,34,144,406.00,"58,464.00"
2020-03-05,2020030501022315,ADBL,34,34,50,406.00,"20,300.00"
2020-03-05,2020030501022314,ADBL,41,34,53,406.00,"21,518.00"
2020-03-05,2020030501022179,ADBL,14,14,160,407.00,"65,120.00"
2020-03-05,2020030501022133,ADBL,35,14,50,407.00,"20,350.00"
2020-03-05,2020030501022426,AKPL,42,46,110,123.00,"13,530.00"
2020-03-05,2020030501022425,AKPL,38,46,200,123.00,"24,600.00"
2020-03-05,2020030501022424,AKPL,46,46,500,123.00,"61,500.00"
2020-03-05,2020030501022423,AKPL,1,46,100,123.00,"12,300.00"
2020-03-05,2020030501022422,AKPL,45,46,"2,000",123.00,"246,000.00"
2020-03-05,2020030501022421,AKPL,1,46,500,123.00,"61,500.00"
2020-03-05,2020030501022420,AKPL,37,46,"1,000",123.00,"123,000.00"
2020-03-05,2020030501022419,AKPL,49,46,90,123.00,"11,070.00"
2020-03-05,2020030501022350,AKPL,41,46,500,124.00,"62,000.00"
2020-03-05,2020030501022265,AKPL,17,53,15,126.00,"1,890.00"
2020-03-05,2020030501022264,AKPL,17,46,25,124.00,"3,100.00"
2020-03-05,2020030501022064,AKPL,34,46,875,124.00,"108,500.00"
2020-03-05,2020030501022279,ALICL,36,47,25,580.00,"14,500.00"
2020-03-05,2020030501022245,ALICL,37,17,150,579.00,"86,850.00"
2020-03-05,2020030501022219,ALICL,59,49,650,576.00,"374,400.00"
2020-03-05,2020030501022218,ALICL,22,49,300,577.00,"173,100.00"
2020-03-05,2020030501022217,ALICL,39,49,50,578.00,"28,900.00"
2020-03-05,2020030501022137,ALICL,48,17,100,579.00,"57,900.00"
2020-03-05,2020030501022286,API,25,17,50,131.00,"6,550.00"
2020-03-05,2020030501022285,API,25,13,150,130.00,"19,500.00"
2020-03-05,2020030501022200,API,29,13,"1,500",130.00,"195,000.00"
2020-03-05,2020030501022346,BPCL,48,44,22,360.00,"7,920.00"
2020-03-05,2020030501022160,BPCL,42,34,39,363.00,"14,157.00"
2020-03-05,2020030501022464,CBBL,38,38,10,"1,070.00","10,700.00"
2020-03-05,2020030501022418,CBBL,10,59,42,"1,055.00","44,310.00"
2020-03-05,2020030501022417,CBBL,58,59,58,"1,055.00","61,190.00"
2020-03-05,2020030501022308,CBBL,58,42,100,"1,055.00","105,500.00"
2020-03-05,2020030501022161,CBBL,58,6,367,"1,055.00","387,185.00"
2020-03-05,2020030501022059,CBBL,58,40,384,"1,055.00","405,120.00"
2020-03-05,2020030501022331,CBL,36,4,220,149.00,"32,780.00"
2020-03-05,2020030501022330,CBL,36,39,280,149.00,"41,720.00"
2020-03-05,2020030501022307,CBL,43,39,10,149.00,"1,490.00"
2020-03-05,2020030501022232,CBL,17,45,300,148.00,"44,400.00"
2020-03-05,2020030501022492,CCBL,39,22,87,185.00,"16,095.00"
2020-03-05,2020030501022378,CIT,51,7,20,"2,680.00","53,600.00"
2020-03-05,2020030501022235,CIT,52,57,30,"2,675.00","80,250.00"
2020-03-05,2020030501022110,CIT,33,22,100,"2,665.00","266,500.00"
2020-03-05,2020030501022338,CMF1,7,43,"3,000",9.64,"28,920.00"
2020-03-05,2020030501022181,CMF1,7,4,"16,900",9.64,"162,916.00"
2020-03-05,2020030501022180,CMF1,1,4,"3,000",9.64,"28,920.00"
2020-03-05,2020030501022244,CZBIL,39,13,460,204.00,"93,840.00"
2020-03-05,2020030501022243,CZBIL,39,13,480,204.00,"97,920.00"
2020-03-05,2020030501022242,CZBIL,40,13,60,204.00,"12,240.00"
2020-03-05,2020030501022190,CZBIL,40,13,940,204.00,"191,760.00"
2020-03-05,2020030501022189,CZBIL,38,13,100,204.00,"20,400.00"
2020-03-05,2020030501022188,CZBIL,33,13,50,204.00,"10,200.00"
2020-03-05,2020030501022187,CZBIL,42,13,247,204.00,"50,388.00"
2020-03-05,2020030501022186,CZBIL,36,13,88,205.00,"18,040.00"
2020-03-05,2020030501022171,CZBIL,49,50,50,206.00,"10,300.00"
2020-03-05,2020030501022061,CZBIL,36,56,200,205.00,"41,000.00"
2020-03-05,2020030501022060,CZBIL,36,21,212,205.00,"43,460.00"
2020-03-05,2020030501022381,DDBL,34,51,333,856.00,"285,048.00"
2020-03-05,2020030501022380,DDBL,6,51,10,857.00,"8,570.00"
2020-03-05,2020030501022239,DDBL,32,51,50,865.00,"43,250.00"
2020-03-05,2020030501022164,DDBL,21,51,60,865.00,"51,900.00"
2020-03-05,2020030501022163,DDBL,29,51,50,865.00,"43,250.00"
2020-03-05,2020030501022162,DDBL,42,51,10,865.00,"8,650.00"
2020-03-05,2020030501022311,EBL,59,16,515,751.00,"386,765.00"
2020-03-05,2020030501022220,EBL,35,16,50,751.00,"37,550.00"
2020-03-05,2020030501022282,EIC,47,17,660,411.00,"271,260.00"
2020-03-05,2020030501022226,EIC,44,56,50,412.00,"20,600.00"
2020-03-05,2020030501022131,EIC,47,59,100,411.00,"41,100.00"
2020-03-05,2020030501022130,EIC,47,5,69,410.00,"28,290.00"
2020-03-05,2020030501022129,EIC,47,36,150,410.00,"61,500.00"
2020-03-05,2020030501022128,EIC,47,45,20,410.00,"8,200.00"
2020-03-05,2020030501022121,EIC,47,56,158,407.00,"64,306.00"
2020-03-05,2020030501022127,EIC,47,58,40,410.00,"16,400.00"
2020-03-05,2020030501022126,EIC,47,48,304,410.00,"124,640.00"
2020-03-05,2020030501022125,EIC,47,51,125,409.00,"51,125.00"
2020-03-05,2020030501022124,EIC,47,57,150,408.00,"61,200.00"
2020-03-05,2020030501022123,EIC,47,35,124,408.00,"50,592.00"
2020-03-05,2020030501022122,EIC,47,43,100,407.00,"40,700.00"
2020-03-05,2020030501022322,FMDBL,25,51,200,514.00,"102,800.00"
2020-03-05,2020030501022321,FMDBL,25,42,100,513.00,"51,300.00"
2020-03-05,2020030501022192,FMDBL,29,6,300,510.00,"153,000.00"
2020-03-05,2020030501022145,FOWAD,43,42,100,"1,518.00","151,800.00"
2020-03-05,2020030501022144,FOWAD,43,45,74,"1,518.00","112,332.00"
2020-03-05,2020030501022416,GBBL,58,4,634,257.00,"162,938.00"
2020-03-05,2020030501022415,GBBL,58,32,100,257.00,"25,700.00"
2020-03-05,2020030501022414,GBBL,58,49,50,256.00,"12,800.00"
2020-03-05,2020030501022413,GBBL,58,4,553,256.00,"141,568.00"
2020-03-05,2020030501022412,GBBL,58,11,100,255.00,"25,500.00"
2020-03-05,2020030501022411,GBBL,58,14,63,255.00,"16,065.00"
2020-03-05,2020030501022229,GBBL,58,28,"2,500",250.00,"625,000.00"
2020-03-05,2020030501022228,GBBL,58,6,500,249.00,"124,500.00"
2020-03-05,2020030501022213,GBBL,48,34,"1,000",248.00,"248,000.00"
2020-03-05,2020030501022410,GBBL,58,45,100,254.00,"25,400.00"
2020-03-05,2020030501022409,GBBL,58,16,400,253.00,"101,200.00"
2020-03-05,2020030501022341,GBBL,58,35,"2,500",250.00,"625,000.00"
2020-03-05,2020030501022340,GBBL,58,37,"2,497",249.00,"621,753.00"
2020-03-05,2020030501022263,GBBL,58,35,"1,500",250.00,"375,000.00"
2020-03-05,2020030501022262,GBBL,58,28,"1,500",250.00,"375,000.00"
2020-03-05,2020030501022115,GBIME,28,49,801,286.00,"229,086.00"
2020-03-05,2020030501022104,GBIME,28,32,172,286.00,"49,192.00"
2020-03-05,2020030501022097,GBIME,28,50,27,286.00,"7,722.00"
2020-03-05,2020030501022033,GBIME,28,42,"1,000",286.00,"286,000.00"
2020-03-05,2020030501022032,GBIME,21,42,152,286.00,"43,472.00"
2020-03-05,2020030501022478,GBLBS,52,16,15,502.00,"7,530.00"
2020-03-05,2020030501022344,GBLBS,52,45,185,510.00,"94,350.00"
2020-03-05,2020030501022343,GBLBS,52,32,15,509.00,"7,635.00"
2020-03-05,2020030501022342,GBLBS,52,29,300,505.00,"151,500.00"
2020-03-05,2020030501022237,GBLBS,34,58,170,501.00,"85,170.00"
2020-03-05,2020030501022142,GBLBS,34,16,15,501.00,"7,515.00"
2020-03-05,2020030501022141,GBLBS,41,58,30,505.00,"15,150.00"
2020-03-05,2020030501022071,GBLBS,34,50,54,501.00,"27,054.00"
2020-03-05,2020030501022070,GBLBS,33,50,96,501.00,"48,096.00"
2020-03-05,2020030501022034,GBLBS,42,58,500,505.00,"252,500.00"
2020-03-05,2020030501022294,GGBSL,21,3,10,810.00,"8,100.00"
2020-03-05,2020030501022293,GGBSL,38,3,60,811.00,"48,660.00"
2020-03-05,2020030501022156,GILB,36,45,100,"1,364.00","136,400.00"
2020-03-05,2020030501022112,GLBSL,33,43,27,680.00,"18,360.00"
2020-03-05,2020030501022395,GLICL,26,57,220,494.00,"108,680.00"
2020-03-05,2020030501022303,GLICL,41,32,50,493.00,"24,650.00"
2020-03-05,2020030501022227,GLICL,41,34,35,493.00,"17,255.00"
2020-03-05,2020030501022470,HBL,35,25,50,604.00,"30,200.00"
2020-03-05,2020030501022223,HBL,33,45,82,605.00,"49,610.00"
2020-03-05,2020030501022334,HDL,48,22,15,"1,616.00","24,240.00"
2020-03-05,2020030501022310,HDL,54,22,200,"1,616.00","323,200.00"
2020-03-05,2020030501022191,HDL,55,19,22,"1,615.00","35,530.00"
2020-03-05,2020030501022103,HDL,55,45,10,"1,615.00","16,150.00"
2020-03-05,2020030501022102,HDL,4,45,50,"1,615.00","80,750.00"
2020-03-05,2020030501022101,HDL,4,45,100,"1,615.00","161,500.00"
2020-03-05,2020030501022100,HDL,54,45,260,"1,616.00","420,160.00"
2020-03-05,2020030501022037,HDL,4,28,260,"1,616.00","420,160.00"
2020-03-05,2020030501022364,HGI,37,10,200,405.00,"81,000.00"
2020-03-05,2020030501022363,HGI,37,45,750,405.00,"303,750.00"
2020-03-05,2020030501022306,HGI,37,17,895,404.00,"361,580.00"
2020-03-05,2020030501022305,HGI,37,45,105,400.00,"42,000.00"
2020-03-05,2020030501022215,HGI,5,45,10,400.00,"4,000.00"
2020-03-05,2020030501022451,ICFC,11,4,"1,000",188.00,"188,000.00"
2020-03-05,2020030501022485,ILBS,55,14,10,774.00,"7,740.00"
2020-03-05,2020030501022475,JBBL,40,14,"1,652",189.00,"312,228.00"
2020-03-05,2020030501022474,JBBL,58,14,"1,080",190.00,"205,200.00"
2020-03-05,2020030501022155,JFL,6,25,200,175.00,"35,000.00"
2020-03-05,2020030501022530,JOSHI,47,44,10,61.00,610.00
2020-03-05,2020030501022529,JOSHI,34,44,10,61.00,610.00
2020-03-05,2020030501022528,JSLBB,34,34,10,"1,600.00","16,000.00"
2020-03-05,2020030501022391,JSLBB,41,40,10,"1,570.00","15,700.00"
2020-03-05,2020030501022269,JSLBB,13,40,20,"1,570.00","31,400.00"
2020-03-05,2020030501022524,KBL,45,36,119,210.00,"24,990.00"
2020-03-05,2020030501022523,KBL,45,29,336,210.00,"70,560.00"
2020-03-05,2020030501022522,KBL,45,36,45,209.00,"9,405.00"
2020-03-05,2020030501022082,KBL,22,36,50,209.00,"10,450.00"
2020-03-05,2020030501022073,KBL,43,4,411,208.00,"85,488.00"
2020-03-05,2020030501022318,KMCDB,7,26,10,905.00,"9,050.00"
2020-03-05,2020030501022292,KMCDB,34,26,10,888.00,"8,880.00"
2020-03-05,2020030501022216,KMCDB,5,26,10,890.00,"8,900.00"
2020-03-05,2020030501022154,KMCDB,5,26,10,890.00,"8,900.00"
2020-03-05,2020030501022098,KMCDB,5,26,10,890.00,"8,900.00"
2020-03-05,2020030501022427,LBL,14,38,50,229.00,"11,450.00"
2020-03-05,2020030501022461,LGIL,58,56,746,480.00,"358,080.00"
2020-03-05,2020030501022460,LGIL,29,56,17,480.00,"8,160.00"
2020-03-05,2020030501022459,LGIL,33,56,200,480.00,"96,000.00"
2020-03-05,2020030501022458,LGIL,5,56,100,481.00,"48,100.00"
2020-03-05,2020030501022457,LGIL,28,56,60,481.00,"28,860.00"
2020-03-05,2020030501022456,LGIL,44,56,100,481.00,"48,100.00"
2020-03-05,2020030501022455,LGIL,43,56,162,481.00,"77,922.00"
2020-03-05,2020030501022236,LGIL,28,38,200,485.00,"97,000.00"
2020-03-05,2020030501022166,LICN,47,6,10,"1,500.00","15,000.00"
2020-03-05,2020030501022106,LICN,45,18,180,"1,483.00","266,940.00"
2020-03-05,2020030501022105,LICN,57,18,70,"1,484.00","103,880.00"
2020-03-05,2020030501022449,LLBS,29,17,27,"1,050.00","28,350.00"
2020-03-05,2020030501022353,MDB,58,56,210,464.00,"97,440.00"
2020-03-05,2020030501022352,MDB,58,17,100,464.00,"46,400.00"
2020-03-05,2020030501022327,MDB,43,17,90,461.00,"41,490.00"
2020-03-05,2020030501022234,MDB,58,41,300,464.00,"139,200.00"
2020-03-05,2020030501022233,MDB,58,59,500,464.00,"232,000.00"
2020-03-05,2020030501022208,MDB,58,40,500,463.00,"231,500.00"
2020-03-05,2020030501022088,MDB,58,21,100,455.00,"45,500.00"
2020-03-05,2020030501022087,MDB,58,17,100,455.00,"45,500.00"
2020-03-05,2020030501022086,MDB,58,41,159,455.00,"72,345.00"
2020-03-05,2020030501022094,MDB,58,58,"1,001",456.00,"456,456.00"
2020-03-05,2020030501022093,MDB,58,7,500,456.00,"228,000.00"
2020-03-05,2020030501022092,MDB,58,4,102,456.00,"46,512.00"
2020-03-05,2020030501022091,MDB,58,58,55,455.00,"25,025.00"
2020-03-05,2020030501022090,MDB,58,48,234,455.00,"106,470.00"
2020-03-05,2020030501022089,MDB,58,45,500,455.00,"227,500.00"
2020-03-05,2020030501022178,MDB,58,21,100,461.00,"46,100.00"
2020-03-05,2020030501022177,MDB,58,37,58,461.00,"26,738.00"
2020-03-05,2020030501022136,MDB,58,56,500,460.00,"230,000.00"
2020-03-05,2020030501022135,MDB,58,35,100,460.00,"46,000.00"
2020-03-05,2020030501022096,MDB,58,45,50,459.00,"22,950.00"
2020-03-05,2020030501022095,MDB,58,40,199,457.00,"90,943.00"
2020-03-05,2020030501022057,MEGA,43,6,75,237.00,"17,775.00"
2020-03-05,2020030501022056,MEGA,43,41,35,237.00,"8,295.00"
2020-03-05,2020030501022055,MEGA,43,56,50,236.00,"11,800.00"
2020-03-05,2020030501022054,MEGA,43,6,500,236.00,"118,000.00"
2020-03-05,2020030501022053,MEGA,43,42,100,236.00,"23,600.00"
2020-03-05,2020030501022052,MEGA,43,14,"2,000",234.00,"468,000.00"
2020-03-05,2020030501022045,MEGA,43,57,323,233.00,"75,259.00"
2020-03-05,2020030501022044,MEGA,43,45,"1,358",233.00,"316,414.00"
2020-03-05,2020030501022043,MEGA,43,59,11,233.00,"2,563.00"
2020-03-05,2020030501022042,MEGA,43,50,990,233.00,"230,670.00"
2020-03-05,2020030501022041,MEGA,43,3,100,229.00,"22,900.00"
2020-03-05,2020030501022051,MEGA,43,32,500,234.00,"117,000.00"
2020-03-05,2020030501022050,MEGA,43,6,"1,000",234.00,"234,000.00"
2020-03-05,2020030501022049,MEGA,43,16,321,234.00,"75,114.00"
2020-03-05,2020030501022048,MEGA,43,32,179,233.00,"41,707.00"
2020-03-05,2020030501022047,MEGA,43,55,512,233.00,"119,296.00"
2020-03-05,2020030501022046,MEGA,43,39,310,233.00,"72,230.00"
2020-03-05,2020030501022392,MERO,45,45,37,664.00,"24,568.00"
2020-03-05,2020030501022266,MERO,34,25,40,665.00,"26,600.00"
2020-03-05,2020030501022214,MLBBL,39,37,23,755.00,"17,365.00"
2020-03-05,2020030501022170,MLBBL,33,37,500,762.00,"381,000.00"
2020-03-05,2020030501022114,MLBBL,58,37,100,763.00,"76,300.00"
2020-03-05,2020030501022113,MLBBL,34,37,100,763.00,"76,300.00"
2020-03-05,2020030501022067,MLBBL,56,37,50,774.00,"38,700.00"
2020-03-05,2020030501022469,MLBL,21,29,81,221.00,"17,901.00"
2020-03-05,2020030501022238,MLBL,34,39,50,220.00,"11,000.00"
2020-03-05,2020030501022038,MLBL,34,17,50,220.00,"11,000.00"
2020-03-05,2020030501022505,MNBBL,48,37,146,340.00,"49,640.00"
2020-03-05,2020030501022504,MNBBL,48,32,47,340.00,"15,980.00"
2020-03-05,2020030501022503,MNBBL,48,35,84,340.00,"28,560.00"
2020-03-05,2020030501022502,MNBBL,48,59,464,339.00,"157,296.00"
2020-03-05,2020030501022501,MNBBL,48,44,57,339.00,"19,323.00"
2020-03-05,2020030501022500,MNBBL,48,42,102,338.00,"34,476.00"
2020-03-05,2020030501022499,MNBBL,48,41,100,337.00,"33,700.00"
2020-03-05,2020030501022490,MNBBL,25,40,455,336.00,"152,880.00"
2020-03-05,2020030501022408,MNBBL,53,40,20,336.00,"6,720.00"
2020-03-05,2020030501022407,MNBBL,59,40,15,337.00,"5,055.00"
2020-03-05,2020030501022526,MSMBS,6,58,50,759.00,"37,950.00"
2020-03-05,2020030501022301,MSMBS,1,58,50,772.00,"38,600.00"
2020-03-05,2020030501022300,MSMBS,42,58,20,774.00,"15,480.00"
2020-03-05,2020030501022299,MSMBS,52,58,10,774.00,"7,740.00"
2020-03-05,2020030501022298,MSMBS,35,58,20,775.00,"15,500.00"
2020-03-05,2020030501022297,MSMBS,1,58,50,775.00,"38,750.00"
2020-03-05,2020030501022296,MSMBS,7,58,20,776.00,"15,520.00"
2020-03-05,2020030501022295,MSMBS,6,58,50,777.00,"38,850.00"
2020-03-05,2020030501022406,NABIL,49,57,500,840.00,"420,000.00"
2020-03-05,2020030501022394,NABIL,49,16,163,840.00,"136,920.00"
2020-03-05,2020030501022379,NABIL,58,25,20,843.00,"16,860.00"
2020-03-05,2020030501022328,NABIL,49,38,100,840.00,"84,000.00"
2020-03-05,2020030501022221,NABIL,34,21,100,841.00,"84,100.00"
2020-03-05,2020030501022212,NABIL,34,29,100,841.00,"84,100.00"
2020-03-05,2020030501022211,NABIL,34,36,703,841.00,"591,223.00"
2020-03-05,2020030501022202,NABIL,48,36,100,841.00,"84,100.00"
2020-03-05,2020030501022193,NABIL,49,34,200,840.00,"168,000.00"
2020-03-05,2020030501022168,NABIL,49,52,163,840.00,"136,920.00"
2020-03-05,2020030501022109,NABIL,49,34,139,840.00,"116,760.00"
2020-03-05,2020030501022063,NABIL,49,1,60,840.00,"50,400.00"
2020-03-05,2020030501022467,NADEP,21,58,50,698.00,"34,900.00"
2020-03-05,2020030501022167,NADEP,40,46,100,689.00,"68,900.00"
2020-03-05,2020030501022442,NBB,49,57,"1,625",222.00,"360,750.00"
2020-03-05,2020030501022441,NBB,45,57,100,222.00,"22,200.00"
2020-03-05,2020030501022440,NBB,38,57,200,222.00,"44,400.00"
2020-03-05,2020030501022439,NBB,38,57,75,222.00,"16,650.00"
2020-03-05,2020030501022272,NBB,41,50,500,223.00,"111,500.00"
2020-03-05,2020030501022271,NBB,38,50,250,223.00,"55,750.00"
2020-03-05,2020030501022270,NBB,34,50,100,223.00,"22,300.00"
2020-03-05,2020030501022158,NBB,34,3,100,223.00,"22,300.00"
2020-03-05,2020030501022519,NBL,33,25,54,285.00,"15,390.00"
2020-03-05,2020030501022518,NBL,33,41,200,284.00,"56,800.00"
2020-03-05,2020030501022517,NBL,33,28,390,284.00,"110,760.00"
2020-03-05,2020030501022516,NBL,33,28,56,283.00,"15,848.00"
2020-03-05,2020030501022448,NBL,53,28,20,283.00,"5,660.00"
2020-03-05,2020030501022351,NBL,10,28,424,283.00,"119,992.00"
2020-03-05,2020030501022062,NBL,32,28,200,284.00,"56,800.00"
2020-03-05,2020030501022312,NBL,10,28,"1,000",283.00,"283,000.00"
2020-03-05,2020030501022290,NBL,32,28,200,284.00,"56,800.00"
2020-03-05,2020030501022278,NBL,43,28,10,284.00,"2,840.00"
2020-03-05,2020030501022225,NBL,10,29,576,283.00,"163,008.00"
2020-03-05,2020030501022072,NBL,25,29,50,283.00,"14,150.00"
2020-03-05,2020030501022069,NBL,44,29,374,283.00,"105,842.00"
2020-03-05,2020030501022525,NCCB,56,6,10,199.00,"1,990.00"
2020-03-05,2020030501022515,NCCB,58,58,17,198.00,"3,366.00"
2020-03-05,2020030501022514,NCCB,19,58,50,198.00,"9,900.00"
2020-03-05,2020030501022513,NCCB,6,58,"2,000",198.00,"396,000.00"
2020-03-05,2020030501022512,NCCB,13,58,100,198.00,"19,800.00"
2020-03-05,2020030501022511,NCCB,32,58,"1,000",198.00,"198,000.00"
2020-03-05,2020030501022368,NCCB,42,8,100,198.00,"19,800.00"
2020-03-05,2020030501022367,NCCB,21,8,200,198.00,"39,600.00"
2020-03-05,2020030501022366,NCCB,49,8,"1,363",198.00,"269,874.00"
2020-03-05,2020030501022065,NCCB,50,6,500,199.00,"99,500.00"
2020-03-05,2020030501022383,NCCB,8,57,283,198.00,"56,034.00"
2020-03-05,2020030501022373,NCCB,8,8,717,198.00,"141,966.00"
2020-03-05,2020030501022372,NCCB,55,8,"2,000",198.00,"396,000.00"
2020-03-05,2020030501022371,NCCB,51,8,100,198.00,"19,800.00"
2020-03-05,2020030501022370,NCCB,21,8,20,198.00,"3,960.00"
2020-03-05,2020030501022369,NCCB,45,8,500,198.00,"99,000.00"
2020-03-05,2020030501022510,NCCB,41,58,50,198.00,"9,900.00"
2020-03-05,2020030501022509,NCCB,56,58,400,198.00,"79,200.00"
2020-03-05,2020030501022508,NCCB,45,58,100,198.00,"19,800.00"
2020-03-05,2020030501022507,NCCB,49,58,"2,000",198.00,"396,000.00"
2020-03-05,2020030501022506,NCCB,22,58,283,198.00,"56,034.00"
2020-03-05,2020030501022384,NCCB,22,57,17,198.00,"3,366.00"
2020-03-05,2020030501022081,NIB,50,56,200,416.00,"83,200.00"
2020-03-05,2020030501022080,NIB,50,6,100,416.00,"41,600.00"
2020-03-05,2020030501022396,NIBSF1,38,48,"3,000",10.10,"30,300.00"
2020-03-05,2020030501022402,NICA,32,44,100,575.00,"57,500.00"
2020-03-05,2020030501022313,NICA,50,44,300,575.00,"172,500.00"
2020-03-05,2020030501022288,NICA,34,57,"1,000",574.00,"574,000.00"
2020-03-05,2020030501022287,NICA,48,44,480,575.00,"276,000.00"
2020-03-05,2020030501022230,NICA,48,35,20,575.00,"11,500.00"
2020-03-05,2020030501022140,NICA,45,21,100,575.00,"57,500.00"
2020-03-05,2020030501022139,NICA,45,40,100,575.00,"57,500.00"
2020-03-05,2020030501022138,NICA,45,58,96,575.00,"55,200.00"
2020-03-05,2020030501022454,NICL,45,34,626,457.00,"286,082.00"
2020-03-05,2020030501022453,NICL,13,34,158,457.00,"72,206.00"
2020-03-05,2020030501022452,NICL,29,34,39,461.00,"17,979.00"
2020-03-05,2020030501022326,NICL,29,3,100,461.00,"46,100.00"
2020-03-05,2020030501022280,NICL,29,25,43,461.00,"19,823.00"
2020-03-05,2020030501022447,NIL,38,4,500,590.00,"295,000.00"
2020-03-05,2020030501022446,NIL,38,44,500,590.00,"295,000.00"
2020-03-05,2020030501022445,NIL,38,32,509,589.00,"299,801.00"
2020-03-05,2020030501022356,NIL,32,32,45,589.00,"26,505.00"
2020-03-05,2020030501022355,NIL,32,14,155,589.00,"91,295.00"
2020-03-05,2020030501022261,NIL,32,42,50,588.00,"29,400.00"
2020-03-05,2020030501022068,NIL,38,29,200,587.00,"117,400.00"
2020-03-05,2020030501022175,NLBBL,58,6,200,766.00,"153,200.00"
2020-03-05,2020030501022273,NLG,46,34,10,647.00,"6,470.00"
2020-03-05,2020030501022484,NLIC,1,33,100,"1,251.00","125,100.00"
2020-03-05,2020030501022483,NLIC,38,33,20,"1,251.00","25,020.00"
2020-03-05,2020030501022482,NLIC,59,33,250,"1,251.00","312,750.00"
2020-03-05,2020030501022481,NLIC,56,33,36,"1,251.00","45,036.00"
2020-03-05,2020030501022438,NLIC,25,35,94,"1,252.00","117,688.00"
2020-03-05,2020030501022430,NLIC,56,41,164,"1,251.00","205,164.00"
2020-03-05,2020030501022184,NLIC,40,16,420,"1,255.00","527,100.00"
2020-03-05,2020030501022183,NLIC,45,16,80,"1,255.00","100,400.00"
2020-03-05,2020030501022165,NLIC,25,17,200,"1,257.00","251,400.00"
2020-03-05,2020030501022116,NLIC,59,17,25,"1,257.00","31,425.00"
2020-03-05,2020030501022058,NLIC,45,13,77,"1,255.00","96,635.00"
2020-03-05,2020030501022275,NLIC,25,34,200,"1,255.00","251,000.00"
2020-03-05,2020030501022274,NLIC,40,34,580,"1,255.00","727,900.00"
2020-03-05,2020030501022231,NLIC,45,1,140,"1,257.00","175,980.00"
2020-03-05,2020030501022206,NLIC,45,58,50,"1,257.00","62,850.00"
2020-03-05,2020030501022205,NLIC,45,25,60,"1,257.00","75,420.00"
2020-03-05,2020030501022204,NLIC,45,17,250,"1,257.00","314,250.00"
2020-03-05,2020030501022429,NLIC,38,41,58,"1,251.00","72,558.00"
2020-03-05,2020030501022337,NLIC,36,33,200,"1,252.00","250,400.00"
2020-03-05,2020030501022336,NLIC,41,33,50,"1,252.00","62,600.00"
2020-03-05,2020030501022320,NLIC,45,34,30,"1,255.00","37,650.00"
2020-03-05,2020030501022277,NLIC,26,34,100,"1,255.00","125,500.00"
2020-03-05,2020030501022276,NLIC,39,34,80,"1,255.00","100,400.00"
2020-03-05,2020030501022466,NLICL,43,44,10,715.00,"7,150.00"
2020-03-05,2020030501022465,NLICL,43,34,325,710.00,"230,750.00"
2020-03-05,2020030501022185,NLICL,44,34,100,706.00,"70,600.00"
2020-03-05,2020030501022489,NMB,10,52,183,460.00,"84,180.00"
2020-03-05,2020030501022488,NMB,10,33,200,460.00,"92,000.00"
2020-03-05,2020030501022487,NMB,10,40,617,460.00,"283,820.00"
2020-03-05,2020030501022476,NMB,28,40,20,460.00,"9,200.00"
2020-03-05,2020030501022462,NMB,34,53,"1,000",459.00,"459,000.00"
2020-03-05,2020030501022365,NMB,34,56,50,459.00,"22,950.00"
2020-03-05,2020030501022075,NMB,34,5,16,460.00,"7,360.00"
2020-03-05,2020030501022074,NMB,34,34,98,460.00,"45,080.00"
2020-03-05,2020030501022339,NMB,45,40,40,460.00,"18,400.00"
2020-03-05,2020030501022317,NMB,34,16,126,459.00,"57,834.00"
2020-03-05,2020030501022079,NMB,34,52,131,460.00,"60,260.00"
2020-03-05,2020030501022078,NMB,34,6,"2,000",460.00,"920,000.00"
2020-03-05,2020030501022077,NMB,34,45,500,460.00,"230,000.00"
2020-03-05,2020030501022076,NMB,34,37,92,460.00,"42,320.00"
2020-03-05,2020030501022498,NMBMF,41,22,300,823.00,"246,900.00"
2020-03-05,2020030501022359,NMBMF,41,43,30,823.00,"24,690.00"
2020-03-05,2020030501022358,NMBMF,59,43,45,823.00,"37,035.00"
2020-03-05,2020030501022319,NTC,52,45,20,658.00,"13,160.00"
2020-03-05,2020030501022134,NTC,58,45,10,658.00,"6,580.00"
2020-03-05,2020030501022174,NTC,28,37,80,650.00,"52,000.00"
2020-03-05,2020030501022173,NTC,25,37,50,651.00,"32,550.00"
2020-03-05,2020030501022172,NTC,13,37,20,651.00,"13,020.00"
2020-03-05,2020030501022289,NUBL,49,50,100,"1,015.00","101,500.00"
2020-03-05,2020030501022108,NUBL,22,11,50,"1,015.00","50,750.00"
2020-03-05,2020030501022107,NUBL,35,11,50,"1,016.00","50,800.00"
2020-03-05,2020030501022377,OHL,10,41,80,435.00,"34,800.00"
2020-03-05,2020030501022201,OHL,45,34,10,436.00,"4,360.00"
2020-03-05,2020030501022376,OHL,49,41,20,436.00,"8,720.00"
2020-03-05,2020030501022375,OHL,25,41,30,436.00,"13,080.00"
2020-03-05,2020030501022374,OHL,45,41,20,436.00,"8,720.00"
2020-03-05,2020030501022491,PCBL,13,46,217,301.00,"65,317.00"
2020-03-05,2020030501022405,PCBL,5,42,10,302.00,"3,020.00"
2020-03-05,2020030501022159,PCBL,11,42,500,302.00,"151,000.00"
2020-03-05,2020030501022428,PIC,8,44,10,600.00,"6,000.00"
2020-03-05,2020030501022309,PIC,32,16,200,597.00,"119,400.00"
2020-03-05,2020030501022203,PIC,17,44,100,600.00,"60,000.00"
2020-03-05,2020030501022176,PIC,19,16,100,600.00,"60,000.00"
2020-03-05,2020030501022111,PIC,11,16,200,600.00,"120,000.00"
2020-03-05,2020030501022099,PIC,8,1,11,602.00,"6,622.00"
2020-03-05,2020030501022486,PLIC,42,42,10,597.00,"5,970.00"
2020-03-05,2020030501022333,PLIC,42,17,45,595.00,"26,775.00"
2020-03-05,2020030501022332,PLIC,42,7,25,594.00,"14,850.00"
2020-03-05,2020030501022329,PLIC,42,21,12,593.00,"7,116.00"
2020-03-05,2020030501022281,PLIC,5,7,175,594.00,"103,950.00"
2020-03-05,2020030501022240,PLIC,5,56,25,594.00,"14,850.00"
2020-03-05,2020030501022194,PLIC,41,17,100,595.00,"59,500.00"
2020-03-05,2020030501022493,PRIN,43,19,482,448.00,"215,936.00"
2020-03-05,2020030501022382,PRIN,36,19,18,450.00,"8,100.00"
2020-03-05,2020030501022182,PRIN,36,57,100,450.00,"45,000.00"
2020-03-05,2020030501022085,PRIN,44,57,200,452.00,"90,400.00"
2020-03-05,2020030501022496,PRVU,17,13,602,252.00,"151,704.00"
2020-03-05,2020030501022495,PRVU,52,13,200,253.00,"50,600.00"
2020-03-05,2020030501022494,PRVU,55,13,951,253.00,"240,603.00"
2020-03-05,2020030501022386,PRVU,55,45,49,253.00,"12,397.00"
2020-03-05,2020030501022385,PRVU,43,45,183,253.00,"46,299.00"
2020-03-05,2020030501022117,PRVU,47,50,252,253.00,"63,756.00"
2020-03-05,2020030501022066,PRVU,59,50,"2,000",254.00,"508,000.00"
2020-03-05,2020030501022199,PRVU,43,42,117,253.00,"29,601.00"
2020-03-05,2020030501022198,PRVU,19,42,151,253.00,"38,203.00"
2020-03-05,2020030501022197,PRVU,44,42,432,253.00,"109,296.00"
2020-03-05,2020030501022119,PRVU,44,50,68,253.00,"17,204.00"
2020-03-05,2020030501022118,PRVU,4,50,"2,000",253.00,"506,000.00"
2020-03-05,2020030501022349,PRVU,48,50,300,254.00,"76,200.00"
2020-03-05,2020030501022268,PRVU,43,57,700,253.00,"177,100.00"
2020-03-05,2020030501022267,PRVU,57,57,300,253.00,"75,900.00"
2020-03-05,2020030501022389,RHPL,16,56,410,161.00,"66,010.00"
2020-03-05,2020030501022388,RHPL,16,48,30,161.00,"4,830.00"
2020-03-05,2020030501022387,RHPL,16,14,60,161.00,"9,660.00"
2020-03-05,2020030501022083,RHPL,17,14,10,161.00,"1,610.00"
2020-03-05,2020030501022444,RMDC,56,46,100,728.00,"72,800.00"
2020-03-05,2020030501022443,RMDC,56,47,50,728.00,"36,400.00"
2020-03-05,2020030501022393,RMDC,41,47,50,728.00,"36,400.00"
2020-03-05,2020030501022463,RSDC,21,57,30,510.00,"15,300.00"
2020-03-05,2020030501022450,RSDC,52,57,100,510.00,"51,000.00"
2020-03-05,2020030501022132,SABSL,53,19,11,804.00,"8,844.00"
2020-03-05,2020030501022480,SANIMA,34,36,100,364.00,"36,400.00"
2020-03-05,2020030501022479,SANIMA,55,36,32,364.00,"11,648.00"
2020-03-05,2020030501022361,SANIMA,55,49,140,364.00,"50,960.00"
2020-03-05,2020030501022360,SANIMA,55,33,328,364.00,"119,392.00"
2020-03-05,2020030501022283,SANIMA,14,33,50,364.00,"18,200.00"
2020-03-05,2020030501022152,SANIMA,33,42,30,362.00,"10,860.00"
2020-03-05,2020030501022036,SANIMA,44,33,50,364.00,"18,200.00"
2020-03-05,2020030501022151,SANIMA,25,42,50,363.00,"18,150.00"
2020-03-05,2020030501022150,SANIMA,44,42,55,363.00,"19,965.00"
2020-03-05,2020030501022149,SANIMA,32,42,30,363.00,"10,890.00"
2020-03-05,2020030501022148,SANIMA,44,42,500,363.00,"181,500.00"
2020-03-05,2020030501022147,SANIMA,35,42,10,363.00,"3,630.00"
2020-03-05,2020030501022146,SANIMA,45,42,320,363.00,"116,160.00"
2020-03-05,2020030501022521,SBI,48,56,164,465.00,"76,260.00"
2020-03-05,2020030501022520,SBI,28,56,600,465.00,"279,000.00"
2020-03-05,2020030501022401,SBI,35,56,100,466.00,"46,600.00"
2020-03-05,2020030501022400,SBI,47,56,300,466.00,"139,800.00"
2020-03-05,2020030501022399,SBI,38,56,100,467.00,"46,700.00"
2020-03-05,2020030501022398,SBI,52,56,100,467.00,"46,700.00"
2020-03-05,2020030501022397,SBI,57,56,500,467.00,"233,500.00"
2020-03-05,2020030501022241,SBL,38,50,300,328.00,"98,400.00"
2020-03-05,2020030501022291,SCB,41,56,10,700.00,"7,000.00"
2020-03-05,2020030501022246,SDESI,5,16,10,936.00,"9,360.00"
2020-03-05,2020030501022035,SHINE,20,38,10,305.00,"3,050.00"
2020-03-05,2020030501022531,SHIVM,22,14,120,590.00,"70,800.00"
2020-03-05,2020030501022472,SHIVM,56,7,10,594.00,"5,940.00"
2020-03-05,2020030501022437,SHIVM,49,34,94,590.00,"55,460.00"
2020-03-05,2020030501022436,SHIVM,49,34,100,590.00,"59,000.00"
2020-03-05,2020030501022435,SHIVM,45,34,100,590.00,"59,000.00"
2020-03-05,2020030501022434,SHIVM,29,34,20,590.00,"11,800.00"
2020-03-05,2020030501022157,SHIVM,25,16,150,594.00,"89,100.00"
2020-03-05,2020030501022256,SHIVM,7,46,10,593.00,"5,930.00"
2020-03-05,2020030501022255,SHIVM,1,46,604,593.00,"358,172.00"
2020-03-05,2020030501022222,SHIVM,45,7,50,594.00,"29,700.00"
2020-03-05,2020030501022207,SHIVM,1,34,70,592.00,"41,440.00"
2020-03-05,2020030501022196,SHIVM,45,34,330,592.00,"195,360.00"
2020-03-05,2020030501022195,SHIVM,47,34,100,593.00,"59,300.00"
2020-03-05,2020030501022433,SHIVM,57,34,122,590.00,"71,980.00"
2020-03-05,2020030501022432,SHIVM,33,34,50,591.00,"29,550.00"
2020-03-05,2020030501022431,SHIVM,22,34,14,591.00,"8,274.00"
2020-03-05,2020030501022259,SHIVM,22,46,186,591.00,"109,926.00"
2020-03-05,2020030501022258,SHIVM,35,46,100,591.00,"59,100.00"
2020-03-05,2020030501022257,SHIVM,35,46,100,591.00,"59,100.00"
2020-03-05,2020030501022345,SHL,25,34,500,179.00,"89,500.00"
2020-03-05,2020030501022284,SHPC,38,16,50,221.00,"11,050.00"
2020-03-05,2020030501022084,SHPC,41,6,200,219.00,"43,800.00"
2020-03-05,2020030501022390,SIC,58,45,27,716.00,"19,332.00"
2020-03-05,2020030501022357,SKBBL,38,43,300,"1,130.00","339,000.00"
2020-03-05,2020030501022169,SKBBL,36,58,50,"1,148.00","57,400.00"
2020-03-05,2020030501022527,SLICL,25,28,200,466.00,"93,200.00"
2020-03-05,2020030501022471,SLICL,39,4,100,470.00,"47,000.00"
2020-03-05,2020030501022348,SLICL,28,4,311,470.00,"146,170.00"
2020-03-05,2020030501022347,SLICL,28,22,40,470.00,"18,800.00"
2020-03-05,2020030501022302,SLICL,28,34,149,469.00,"69,881.00"
2020-03-05,2020030501022209,SLICL,50,34,100,469.00,"46,900.00"
2020-03-05,2020030501022143,SPDL,32,29,11,100.00,"1,100.00"
2020-03-05,2020030501022473,SRBL,46,55,200,262.00,"52,400.00"
2020-03-05,2020030501022260,SRBL,34,6,100,261.00,"26,100.00"
2020-03-05,2020030501022354,TMDBL,22,22,140,204.00,"28,560.00"
2020-03-05,2020030501022304,TMDBL,41,22,75,204.00,"15,300.00"
2020-03-05,2020030501022477,TRH,37,6,10,267.00,"2,670.00"
2020-03-05,2020030501022497,UIC,34,48,20,377.00,"7,540.00"
2020-03-05,2020030501022254,UIC,46,57,50,372.00,"18,600.00"
2020-03-05,2020030501022253,UIC,34,57,200,372.00,"74,400.00"
2020-03-05,2020030501022252,UIC,26,57,100,372.00,"37,200.00"
2020-03-05,2020030501022251,UIC,42,57,40,373.00,"14,920.00"
2020-03-05,2020030501022250,UIC,46,57,300,373.00,"111,900.00"
2020-03-05,2020030501022249,UIC,29,57,10,373.00,"3,730.00"
2020-03-05,2020030501022248,UIC,26,57,200,374.00,"74,800.00"
2020-03-05,2020030501022247,UIC,47,57,100,374.00,"37,400.00"
2020-03-05,2020030501022325,UPCL,34,29,290,76.00,"22,040.00"
2020-03-05,2020030501022324,UPCL,34,29,720,76.00,"54,720.00"
2020-03-05,2020030501022323,UPCL,4,29,100,77.00,"7,700.00"
2020-03-05,2020030501022210,UPPER,39,16,50,235.00,"11,750.00"
2020-03-05,2020030501022468,WOMI,13,22,109,"1,051.00","114,559.00"
2020-03-05,2020030501022404,WOMI,33,22,75,"1,051.00","78,825.00"
2020-03-05,2020030501022403,WOMI,33,55,25,"1,051.00","26,275.00"
2020-03-05,2020030501022224,WOMI,50,22,16,"1,051.00","16,816.00"
2020-03-05,2020030501022153,WOMI,10,58,10,"1,072.00","10,720.00"
2020-03-05,2020030501022120,WOMI,52,58,20,"1,072.00","21,440.00"
2020-03-05,2020030501022040,WOMI,50,38,12,"1,051.00","12,612.00"
2020-03-05,2020030501022039,WOMI,13,38,50,"1,052.00","52,600.00"
2020-03-05,2020030501021765,ADBL,41,51,600,406.00,"243,600.00"
2020-03-05,2020030501021678,ADBL,41,52,300,406.00,"121,800.00"
2020-03-05,2020030501021677,ADBL,14,52,200,407.00,"81,400.00"
2020-03-05,2020030501021957,AKPL,34,46,"2,125",124.00,"263,500.00"
2020-03-05,2020030501021956,AKPL,40,46,500,124.00,"62,000.00"
2020-03-05,2020030501021955,AKPL,58,46,"2,375",124.00,"294,500.00"
2020-03-05,2020030501021910,AKPL,58,26,"7,250",124.00,"899,000.00"
2020-03-05,2020030501021947,ALICL,37,47,82,578.00,"47,396.00"
2020-03-05,2020030501021666,ALICL,32,47,100,580.00,"58,000.00"
2020-03-05,2020030501021637,ALICL,4,16,400,580.00,"232,000.00"
2020-03-05,2020030501021615,API,25,13,35,130.00,"4,550.00"
2020-03-05,2020030501021534,API,4,56,324,129.00,"41,796.00"
2020-03-05,2020030501021548,BFC,35,4,30,104.00,"3,120.00"
2020-03-05,2020030501021983,BOKL,43,48,100,248.00,"24,800.00"
2020-03-05,2020030501022014,BPCL,48,44,137,360.00,"49,320.00"
2020-03-05,2020030501021965,BPCL,25,44,100,360.00,"36,000.00"
2020-03-05,2020030501021964,BPCL,59,44,63,360.00,"22,680.00"
2020-03-05,2020030501021652,BPCL,59,37,402,360.00,"144,720.00"
2020-03-05,2020030501021651,BPCL,35,37,42,360.00,"15,120.00"
2020-03-05,2020030501021650,BPCL,19,37,56,361.00,"20,216.00"
2020-03-05,2020030501022028,CBBL,48,40,40,"1,059.00","42,360.00"
2020-03-05,2020030501021981,CBL,17,3,200,148.00,"29,600.00"
2020-03-05,2020030501021823,CBL,45,39,10,149.00,"1,490.00"
2020-03-05,2020030501021603,CBL,17,10,"3,998",148.00,"591,704.00"
2020-03-05,2020030501021602,CBL,26,10,100,148.00,"14,800.00"
2020-03-05,2020030501021601,CBL,25,10,"1,000",148.00,"148,000.00"
2020-03-05,2020030501021600,CBL,35,10,50,148.00,"7,400.00"
2020-03-05,2020030501021599,CBL,11,10,"1,000",148.00,"148,000.00"
2020-03-05,2020030501021598,CBL,11,10,"1,000",148.00,"148,000.00"
2020-03-05,2020030501021597,CBL,48,10,852,148.00,"126,096.00"
2020-03-05,2020030501022029,CFCL,43,28,10,138.00,"1,380.00"
2020-03-05,2020030501022021,CHCL,28,36,50,409.00,"20,450.00"
2020-03-05,2020030501022020,CHCL,33,36,100,410.00,"41,000.00"
2020-03-05,2020030501021570,CHCL,21,1,100,415.00,"41,500.00"
2020-03-05,2020030501021986,CIT,47,6,50,"2,670.00","133,500.00"
2020-03-05,2020030501021961,CIT,45,1,100,"2,663.00","266,300.00"
2020-03-05,2020030501021659,CIT,33,7,100,"2,670.00","267,000.00"
2020-03-05,2020030501021658,CIT,11,7,10,"2,670.00","26,700.00"
2020-03-05,2020030501021657,CIT,26,7,50,"2,672.00","133,600.00"
2020-03-05,2020030501021656,CIT,35,7,55,"2,672.00","146,960.00"
2020-03-05,2020030501021629,CIT,26,57,20,"2,675.00","53,500.00"
2020-03-05,2020030501021553,CIT,35,14,45,"2,672.00","120,240.00"
2020-03-05,2020030501021763,CLBSL,11,45,15,"1,124.00","16,860.00"
2020-03-05,2020030501021830,CORBL,42,19,460,129.00,"59,340.00"
2020-03-05,2020030501021943,CZBIL,42,3,100,204.00,"20,400.00"
2020-03-05,2020030501021680,CZBIL,10,56,100,205.00,"20,500.00"
2020-03-05,2020030501021591,DDBL,38,34,50,871.00,"43,550.00"
2020-03-05,2020030501021590,DDBL,38,34,10,871.00,"8,710.00"
2020-03-05,2020030501021994,EBL,18,57,100,750.00,"75,000.00"
2020-03-05,2020030501021958,EBL,18,6,98,750.00,"73,500.00"
2020-03-05,2020030501021773,EBL,33,16,20,751.00,"15,020.00"
2020-03-05,2020030501021542,EBL,7,16,52,751.00,"39,052.00"
2020-03-05,2020030501021541,EBL,53,16,20,751.00,"15,020.00"
2020-03-05,2020030501021540,EBL,42,16,43,751.00,"32,293.00"
2020-03-05,2020030501021539,EBL,50,16,300,752.00,"225,600.00"
2020-03-05,2020030501021856,EDBL,56,32,306,396.00,"121,176.00"
2020-03-05,2020030501021538,EDBL,47,50,400,395.00,"158,000.00"
2020-03-05,2020030501021537,EDBL,35,50,50,395.00,"19,750.00"
2020-03-05,2020030501021536,EDBL,29,50,50,395.00,"19,750.00"
2020-03-05,2020030501021977,FMDBL,29,19,180,510.00,"91,800.00"
2020-03-05,2020030501021976,FMDBL,38,19,20,512.00,"10,240.00"
2020-03-05,2020030501021882,FMDBL,48,51,200,514.00,"102,800.00"
2020-03-05,2020030501021880,FMDBL,29,39,197,510.00,"100,470.00"
2020-03-05,2020030501021879,FMDBL,44,39,180,510.00,"91,800.00"
2020-03-05,2020030501021878,FMDBL,13,39,439,510.00,"223,890.00"
2020-03-05,2020030501021877,FMDBL,51,39,200,511.00,"102,200.00"
2020-03-05,2020030501021876,FMDBL,38,39,100,511.00,"51,100.00"
2020-03-05,2020030501021875,FMDBL,57,39,200,511.00,"102,200.00"
2020-03-05,2020030501021874,FMDBL,18,39,110,512.00,"56,320.00"
2020-03-05,2020030501022005,FOWAD,45,17,28,"1,500.00","42,000.00"
2020-03-05,2020030501022004,FOWAD,45,17,10,"1,500.00","15,000.00"
2020-03-05,2020030501021551,GBBL,58,17,100,250.00,"25,000.00"
2020-03-05,2020030501022031,GBIME,38,47,1,288.00,288.00
2020-03-05,2020030501021948,GBIME,21,56,200,286.00,"57,200.00"
2020-03-05,2020030501021746,GBIME,21,14,148,286.00,"42,328.00"
2020-03-05,2020030501021745,GBIME,7,14,42,286.00,"12,012.00"
2020-03-05,2020030501021744,GBIME,40,14,150,286.00,"42,900.00"
2020-03-05,2020030501021743,GBIME,28,14,"1,000",286.00,"286,000.00"
2020-03-05,2020030501021614,GBIME,37,55,81,287.00,"23,247.00"
2020-03-05,2020030501021613,GBIME,36,55,100,287.00,"28,700.00"
2020-03-05,2020030501021612,GBIME,28,55,46,287.00,"13,202.00"
2020-03-05,2020030501021568,GBIME,28,39,"1,454",287.00,"417,298.00"
2020-03-05,2020030501021567,GBIME,1,39,46,287.00,"13,202.00"
2020-03-05,2020030501021724,GBIME,50,14,"2,000",286.00,"572,000.00"
2020-03-05,2020030501021723,GBIME,19,14,150,286.00,"42,900.00"
2020-03-05,2020030501021662,GBIME,57,39,60,287.00,"17,220.00"
2020-03-05,2020030501021655,GBIME,28,14,"3,158",287.00,"906,346.00"
2020-03-05,2020030501021654,GBIME,34,14,190,287.00,"54,530.00"
2020-03-05,2020030501021653,GBIME,37,14,119,287.00,"34,153.00"
2020-03-05,2020030501021730,GBIME,51,14,200,286.00,"57,200.00"
2020-03-05,2020030501021729,GBIME,37,14,200,286.00,"57,200.00"
2020-03-05,2020030501021728,GBIME,44,14,100,286.00,"28,600.00"
2020-03-05,2020030501021727,GBIME,59,14,"1,000",286.00,"286,000.00"
2020-03-05,2020030501021726,GBIME,33,14,"1,000",286.00,"286,000.00"
2020-03-05,2020030501021725,GBIME,13,14,500,286.00,"143,000.00"
2020-03-05,2020030501021736,GBIME,28,14,"1,500",286.00,"429,000.00"
2020-03-05,2020030501021735,GBIME,34,14,50,286.00,"14,300.00"
2020-03-05,2020030501021734,GBIME,33,14,50,286.00,"14,300.00"
2020-03-05,2020030501021733,GBIME,14,14,"5,000",286.00,"1,430,000.00"
2020-03-05,2020030501021732,GBIME,45,14,100,286.00,"28,600.00"
2020-03-05,2020030501021731,GBIME,26,14,100,286.00,"28,600.00"
2020-03-05,2020030501021742,GBIME,42,14,100,286.00,"28,600.00"
2020-03-05,2020030501021741,GBIME,47,14,100,286.00,"28,600.00"
2020-03-05,2020030501021740,GBIME,43,14,"2,000",286.00,"572,000.00"
2020-03-05,2020030501021739,GBIME,8,14,10,286.00,"2,860.00"
2020-03-05,2020030501021738,GBIME,28,14,"2,000",286.00,"572,000.00"
2020-03-05,2020030501021737,GBIME,29,14,500,286.00,"143,000.00"
2020-03-05,2020030501021838,GBLBS,48,42,200,515.00,"103,000.00"
2020-03-05,2020030501021776,GBLBS,45,42,230,515.00,"118,450.00"
2020-03-05,2020030501021701,GBLBS,45,45,60,514.00,"30,840.00"
2020-03-05,2020030501021700,GBLBS,45,13,200,511.00,"102,200.00"
2020-03-05,2020030501021699,GBLBS,45,45,100,511.00,"51,100.00"
2020-03-05,2020030501021698,GBLBS,45,13,10,511.00,"5,110.00"
2020-03-05,2020030501021557,GBLBS,6,41,100,502.00,"50,200.00"
2020-03-05,2020030501021556,GBLBS,13,41,200,503.00,"100,600.00"
2020-03-05,2020030501021555,GBLBS,37,41,500,504.00,"252,000.00"
2020-03-05,2020030501021697,GBLBS,45,29,200,510.00,"102,000.00"
2020-03-05,2020030501021696,GBLBS,45,41,60,510.00,"30,600.00"
2020-03-05,2020030501021695,GBLBS,45,45,100,510.00,"51,000.00"
2020-03-05,2020030501021694,GBLBS,45,6,40,510.00,"20,400.00"
2020-03-05,2020030501021663,GBLBS,52,6,10,510.00,"5,100.00"
2020-03-05,2020030501021558,GBLBS,57,41,400,502.00,"200,800.00"
2020-03-05,2020030501021605,GGBSL,38,26,10,821.00,"8,210.00"
2020-03-05,2020030501021628,GLBSL,1,43,100,680.00,"68,000.00"
2020-03-05,2020030501021928,GLICL,41,57,300,494.00,"148,200.00"
2020-03-05,2020030501021927,GLICL,41,39,200,493.00,"98,600.00"
2020-03-05,2020030501021849,GLICL,41,57,480,494.00,"237,120.00"
2020-03-05,2020030501021848,GLICL,41,38,20,493.00,"9,860.00"
2020-03-05,2020030501021846,GLICL,37,59,50,491.00,"24,550.00"
2020-03-05,2020030501021845,GLICL,38,59,50,491.00,"24,550.00"
2020-03-05,2020030501021798,GLICL,39,50,100,493.00,"49,300.00"
2020-03-05,2020030501021668,GLICL,40,50,30,493.00,"14,790.00"
2020-03-05,2020030501021582,GLICL,43,16,100,491.00,"49,100.00"
2020-03-05,2020030501021959,GMFBS,10,13,10,845.00,"8,450.00"
2020-03-05,2020030501021754,GMFBS,10,41,10,830.00,"8,300.00"
2020-03-05,2020030501021753,GMFBS,10,17,10,825.00,"8,250.00"
2020-03-05,2020030501021995,HDL,1,28,10,"1,616.00","16,160.00"
2020-03-05,2020030501021974,HDL,4,28,30,"1,616.00","48,480.00"
2020-03-05,2020030501021969,HDL,4,32,20,"1,616.00","32,320.00"
2020-03-05,2020030501021937,HDL,48,45,70,"1,617.00","113,190.00"
2020-03-05,2020030501021935,HDL,45,45,900,"1,617.00","1,455,300.00"
2020-03-05,2020030501021934,HDL,26,45,200,"1,618.00","323,600.00"
2020-03-05,2020030501021933,HDL,3,45,10,"1,619.00","16,190.00"
2020-03-05,2020030501021932,HDL,48,45,100,"1,619.00","161,900.00"
2020-03-05,2020030501021888,HDL,48,22,100,"1,620.00","162,000.00"
2020-03-05,2020030501021887,HDL,41,22,30,"1,620.00","48,600.00"
2020-03-05,2020030501021772,HDL,41,55,90,"1,620.00","145,800.00"
2020-03-05,2020030501021705,HDL,48,45,100,"1,622.00","162,200.00"
2020-03-05,2020030501021998,HIDCL,17,48,389,138.00,"53,682.00"
2020-03-05,2020030501021997,HIDCL,17,45,50,138.00,"6,900.00"
2020-03-05,2020030501021996,HIDCL,17,50,61,137.00,"8,357.00"
2020-03-05,2020030501021988,HURJA,17,33,20,108.00,"2,160.00"
2020-03-05,2020030501021987,HURJA,17,49,10,107.00,"1,070.00"
2020-03-05,2020030501021949,HURJA,17,6,20,106.00,"2,120.00"
2020-03-05,2020030501021972,IGI,45,7,100,417.00,"41,700.00"
2020-03-05,2020030501021768,IGI,52,7,30,417.00,"12,510.00"
2020-03-05,2020030501021924,JBBL,58,35,920,190.00,"174,800.00"
2020-03-05,2020030501021573,JBBL,40,49,150,189.00,"28,350.00"
2020-03-05,2020030501021889,KBL,43,50,"1,000",208.00,"208,000.00"
2020-03-05,2020030501021759,KBL,43,58,500,208.00,"104,000.00"
2020-03-05,2020030501021747,KBL,4,36,800,209.00,"167,200.00"
2020-03-05,2020030501021717,KBL,43,57,400,208.00,"83,200.00"
2020-03-05,2020030501021716,KBL,45,57,100,208.00,"20,800.00"
2020-03-05,2020030501021630,KBL,43,33,"2,120",208.00,"440,960.00"
2020-03-05,2020030501021589,KBL,51,33,245,208.00,"50,960.00"
2020-03-05,2020030501021580,KBL,32,33,10,208.00,"2,080.00"
2020-03-05,2020030501021554,KBL,50,33,500,208.00,"104,000.00"
2020-03-05,2020030501021547,KBL,20,33,30,208.00,"6,240.00"
2020-03-05,2020030501021892,KMCDB,34,13,56,888.00,"49,728.00"
2020-03-05,2020030501021771,KMCDB,10,13,40,890.00,"35,600.00"
2020-03-05,2020030501021770,KMCDB,44,13,100,890.00,"89,000.00"
2020-03-05,2020030501021720,KSBBL,22,38,20,169.00,"3,380.00"
2020-03-05,2020030501021941,LBL,53,17,33,228.00,"7,524.00"
2020-03-05,2020030501021719,LBL,7,38,100,229.00,"22,900.00"
2020-03-05,2020030501021752,LGIL,43,16,138,481.00,"66,378.00"
2020-03-05,2020030501021751,LGIL,21,16,100,481.00,"48,100.00"
2020-03-05,2020030501021750,LGIL,34,16,100,481.00,"48,100.00"
2020-03-05,2020030501021749,LGIL,5,16,100,482.00,"48,200.00"
2020-03-05,2020030501021748,LGIL,58,16,100,482.00,"48,200.00"
2020-03-05,2020030501021985,LICN,45,17,242,"1,483.00","358,886.00"
2020-03-05,2020030501021946,LICN,34,17,500,"1,484.00","742,000.00"
2020-03-05,2020030501021777,LICN,25,17,10,"1,490.00","14,900.00"
2020-03-05,2020030501021586,LICN,1,17,123,"1,485.00","182,655.00"
2020-03-05,2020030501021585,LICN,1,17,200,"1,485.00","297,000.00"
2020-03-05,2020030501021584,LICN,14,17,500,"1,486.00","743,000.00"
2020-03-05,2020030501021583,LICN,14,17,50,"1,487.00","74,350.00"
2020-03-05,2020030501021711,MBL,35,55,105,245.00,"25,725.00"
2020-03-05,2020030501021710,MBL,49,55,50,246.00,"12,300.00"
2020-03-05,2020030501021973,MDB,58,17,100,454.00,"45,400.00"
2020-03-05,2020030501021926,MDB,43,41,112,455.00,"50,960.00"
2020-03-05,2020030501021925,MDB,43,7,188,455.00,"85,540.00"
2020-03-05,2020030501021834,MDB,43,7,312,455.00,"141,960.00"
2020-03-05,2020030501021833,MDB,43,28,101,455.00,"45,955.00"
2020-03-05,2020030501021794,MDB,58,44,80,454.00,"36,320.00"
2020-03-05,2020030501021596,MDB,58,19,399,452.00,"180,348.00"
2020-03-05,2020030501021595,MDB,58,53,33,452.00,"14,916.00"
2020-03-05,2020030501021559,MDB,58,17,98,451.00,"44,198.00"
2020-03-05,2020030501021793,MDB,58,42,50,454.00,"22,700.00"
2020-03-05,2020030501021792,MDB,58,17,283,454.00,"128,482.00"
2020-03-05,2020030501021623,MDB,58,43,279,453.00,"126,387.00"
2020-03-05,2020030501021622,MDB,58,8,200,453.00,"90,600.00"
2020-03-05,2020030501021621,MDB,58,34,98,451.00,"44,198.00"
2020-03-05,2020030501021620,MDB,58,34,902,451.00,"406,802.00"
2020-03-05,2020030501021944,MEGA,43,50,10,233.00,"2,330.00"
2020-03-05,2020030501021909,MEGA,43,1,100,232.00,"23,200.00"
2020-03-05,2020030501021908,MEGA,43,48,163,232.00,"37,816.00"
2020-03-05,2020030501021907,MEGA,43,34,"2,000",231.00,"462,000.00"
2020-03-05,2020030501021839,MEGA,20,33,284,229.00,"65,036.00"
2020-03-05,2020030501021707,MEGA,19,19,66,228.00,"15,048.00"
2020-03-05,2020030501021581,MEGA,6,52,500,228.00,"114,000.00"
2020-03-05,2020030501021900,MEGA,43,49,194,230.00,"44,620.00"
2020-03-05,2020030501021899,MEGA,43,29,"8,754",230.00,"2,013,420.00"
2020-03-05,2020030501021898,MEGA,43,49,100,229.00,"22,900.00"
2020-03-05,2020030501021897,MEGA,43,33,500,229.00,"114,500.00"
2020-03-05,2020030501021896,MEGA,43,33,"1,559",229.00,"357,011.00"
2020-03-05,2020030501021840,MEGA,38,38,2,230.00,460.00
2020-03-05,2020030501021906,MEGA,43,41,500,230.00,"115,000.00"
2020-03-05,2020030501021905,MEGA,43,50,"2,000",230.00,"460,000.00"
2020-03-05,2020030501021904,MEGA,43,17,500,230.00,"115,000.00"
2020-03-05,2020030501021903,MEGA,43,57,250,230.00,"57,500.00"
2020-03-05,2020030501021902,MEGA,43,17,"1,000",230.00,"230,000.00"
2020-03-05,2020030501021901,MEGA,43,46,100,230.00,"23,000.00"
2020-03-05,2020030501021632,MERO,26,40,500,653.00,"326,500.00"
2020-03-05,2020030501022025,MLBBL,58,37,87,775.00,"67,425.00"
2020-03-05,2020030501021795,MLBBL,21,21,9,760.00,"6,840.00"
2020-03-05,2020030501022022,MLBL,34,39,85,220.00,"18,700.00"
2020-03-05,2020030501021931,MLBL,34,39,175,220.00,"38,500.00"
2020-03-05,2020030501021844,MLBL,34,39,66,220.00,"14,520.00"
2020-03-05,2020030501021843,MLBL,14,39,134,220.00,"29,480.00"
2020-03-05,2020030501021755,MLBL,14,39,200,220.00,"44,000.00"
2020-03-05,2020030501021665,MLBL,14,39,35,220.00,"7,700.00"
2020-03-05,2020030501021579,MLBL,14,39,100,220.00,"22,000.00"
2020-03-05,2020030501021855,MNBBL,42,45,500,335.00,"167,500.00"
2020-03-05,2020030501021822,MNBBL,54,13,"2,469",331.00,"817,239.00"
2020-03-05,2020030501021821,MNBBL,26,13,200,331.00,"66,200.00"
2020-03-05,2020030501021820,MNBBL,33,13,100,331.00,"33,100.00"
2020-03-05,2020030501021819,MNBBL,43,13,100,331.00,"33,100.00"
2020-03-05,2020030501021818,MNBBL,8,13,212,331.00,"70,172.00"
2020-03-05,2020030501021805,MNBBL,1,13,25,333.00,"8,325.00"
2020-03-05,2020030501021804,MNBBL,35,13,300,333.00,"99,900.00"
2020-03-05,2020030501021803,MNBBL,56,13,300,333.00,"99,900.00"
2020-03-05,2020030501021802,MNBBL,45,13,20,333.00,"6,660.00"
2020-03-05,2020030501021801,MNBBL,35,13,100,334.00,"33,400.00"
2020-03-05,2020030501021640,MNBBL,45,36,200,334.00,"66,800.00"
2020-03-05,2020030501021811,MNBBL,14,13,100,332.00,"33,200.00"
2020-03-05,2020030501021810,MNBBL,41,13,400,332.00,"132,800.00"
2020-03-05,2020030501021809,MNBBL,51,13,50,332.00,"16,600.00"
2020-03-05,2020030501021808,MNBBL,25,13,300,332.00,"99,600.00"
2020-03-05,2020030501021807,MNBBL,37,13,200,332.00,"66,400.00"
2020-03-05,2020030501021806,MNBBL,41,13,200,333.00,"66,600.00"
2020-03-05,2020030501021817,MNBBL,45,13,"1,000",332.00,"332,000.00"
2020-03-05,2020030501021816,MNBBL,49,13,50,332.00,"16,600.00"
2020-03-05,2020030501021815,MNBBL,29,13,200,332.00,"66,400.00"
2020-03-05,2020030501021814,MNBBL,59,13,200,332.00,"66,400.00"
2020-03-05,2020030501021813,MNBBL,32,13,100,332.00,"33,200.00"
2020-03-05,2020030501021812,MNBBL,43,13,90,332.00,"29,880.00"
2020-03-05,2020030501021624,MSMBS,58,58,17,783.00,"13,311.00"
2020-03-05,2020030501021950,NABIL,49,25,70,840.00,"58,800.00"
2020-03-05,2020030501021945,NABIL,49,59,100,840.00,"84,000.00"
2020-03-05,2020030501021865,NABIL,49,51,250,840.00,"210,000.00"
2020-03-05,2020030501021767,NABIL,49,25,100,840.00,"84,000.00"
2020-03-05,2020030501021761,NABIL,49,26,500,840.00,"420,000.00"
2020-03-05,2020030501021760,NABIL,49,6,500,840.00,"420,000.00"
2020-03-05,2020030501021667,NABIL,49,57,100,840.00,"84,000.00"
2020-03-05,2020030501021787,NADEP,33,34,100,690.00,"69,000.00"
2020-03-05,2020030501021722,NBB,42,33,25,224.00,"5,600.00"
2020-03-05,2020030501021689,NBB,49,33,150,224.00,"33,600.00"
2020-03-05,2020030501021962,NBL,44,6,126,283.00,"35,658.00"
2020-03-05,2020030501021836,NBL,35,6,350,283.00,"99,050.00"
2020-03-05,2020030501021835,NBL,25,6,24,283.00,"6,792.00"
2020-03-05,2020030501021715,NBL,25,52,26,283.00,"7,358.00"
2020-03-05,2020030501021714,NBL,14,52,500,283.00,"141,500.00"
2020-03-05,2020030501021713,NBL,6,52,200,283.00,"56,600.00"
2020-03-05,2020030501021712,NBL,52,52,74,283.00,"20,942.00"
2020-03-05,2020030501021703,NBL,45,28,200,284.00,"56,800.00"
2020-03-05,2020030501021971,NCCB,38,38,1,199.00,199.00
2020-03-05,2020030501021940,NCCB,11,6,10,199.00,"1,990.00"
2020-03-05,2020030501021886,NCCB,49,3,230,198.00,"45,540.00"
2020-03-05,2020030501021881,NCCB,11,6,10,199.00,"1,990.00"
2020-03-05,2020030501021854,NCCB,49,10,407,198.00,"80,586.00"
2020-03-05,2020030501021684,NCCB,25,1,500,199.00,"99,500.00"
2020-03-05,2020030501021683,NCCB,52,1,200,199.00,"39,800.00"
2020-03-05,2020030501021682,NCCB,39,1,200,199.00,"39,800.00"
2020-03-05,2020030501021681,NCCB,36,1,32,199.00,"6,368.00"
2020-03-05,2020030501021533,NCCB,36,34,18,199.00,"3,582.00"
2020-03-05,2020030501021532,NCCB,39,34,300,199.00,"59,700.00"
2020-03-05,2020030501021660,NHPC,42,58,130,58.00,"7,540.00"
2020-03-05,2020030501022026,NIB,33,6,100,417.00,"41,700.00"
2020-03-05,2020030501021939,NIB,50,34,200,416.00,"83,200.00"
2020-03-05,2020030501021914,NIB,21,1,43,414.00,"17,802.00"
2020-03-05,2020030501021913,NIB,58,1,200,414.00,"82,800.00"
2020-03-05,2020030501021912,NIB,33,1,857,414.00,"354,798.00"
2020-03-05,2020030501021936,NICA,45,58,65,575.00,"37,375.00"
2020-03-05,2020030501021861,NICA,50,58,692,575.00,"397,900.00"
2020-03-05,2020030501021841,NICA,33,58,20,575.00,"11,500.00"
2020-03-05,2020030501021775,NICA,16,58,50,575.00,"28,750.00"
2020-03-05,2020030501021757,NICL,43,25,10,470.00,"4,700.00"
2020-03-05,2020030501021756,NICL,43,5,169,468.00,"79,092.00"
2020-03-05,2020030501021676,NICL,43,45,187,465.00,"86,955.00"
2020-03-05,2020030501021675,NICL,43,47,100,465.00,"46,500.00"
2020-03-05,2020030501021674,NICL,43,58,500,463.00,"231,500.00"
2020-03-05,2020030501021618,NICL,52,32,200,458.00,"91,600.00"
2020-03-05,2020030501021617,NICL,41,32,200,458.00,"91,600.00"
2020-03-05,2020030501021616,NICL,29,32,239,458.00,"109,462.00"
2020-03-05,2020030501021673,NICL,43,5,200,462.00,"92,400.00"
2020-03-05,2020030501021672,NICL,43,17,500,462.00,"231,000.00"
2020-03-05,2020030501021671,NICL,43,4,36,462.00,"16,632.00"
2020-03-05,2020030501021670,NICL,43,25,40,461.00,"18,440.00"
2020-03-05,2020030501021669,NICL,43,34,300,461.00,"138,300.00"
2020-03-05,2020030501021619,NICL,29,32,361,458.00,"165,338.00"
2020-03-05,2020030501022003,NIL,59,29,100,586.00,"58,600.00"
2020-03-05,2020030501022002,NIL,10,29,200,586.00,"117,200.00"
2020-03-05,2020030501022001,NIL,29,29,300,587.00,"176,100.00"
2020-03-05,2020030501021963,NIL,42,42,146,588.00,"85,848.00"
2020-03-05,2020030501021923,NIL,38,14,200,589.00,"117,800.00"
2020-03-05,2020030501021796,NIL,38,44,600,589.00,"353,400.00"
2020-03-05,2020030501021594,NIL,45,14,45,590.00,"26,550.00"
2020-03-05,2020030501021593,NIL,45,17,55,590.00,"32,450.00"
2020-03-05,2020030501021859,NLG,25,6,120,640.00,"76,800.00"
2020-03-05,2020030501021858,NLG,51,6,30,641.00,"19,230.00"
2020-03-05,2020030501021831,NLG,51,59,50,641.00,"32,050.00"
2020-03-05,2020030501021980,NLIC,45,19,50,"1,255.00","62,750.00"
2020-03-05,2020030501021975,NLIC,45,21,22,"1,255.00","27,610.00"
2020-03-05,2020030501021970,NLIC,52,17,25,"1,257.00","31,425.00"
2020-03-05,2020030501021929,NLIC,45,45,200,"1,256.00","251,200.00"
2020-03-05,2020030501021911,NLIC,45,50,71,"1,255.00","89,105.00"
2020-03-05,2020030501021885,NLIC,49,50,29,"1,255.00","36,395.00"
2020-03-05,2020030501021764,NLIC,38,17,62,"1,251.00","77,562.00"
2020-03-05,2020030501021762,NLIC,49,33,50,"1,252.00","62,600.00"
2020-03-05,2020030501021704,NLIC,38,1,80,"1,251.00","100,080.00"
2020-03-05,2020030501021679,NLIC,38,57,200,"1,251.00","250,200.00"
2020-03-05,2020030501021604,NLIC,42,33,100,"1,252.00","125,200.00"
2020-03-05,2020030501021561,NLIC,36,42,500,"1,255.00","627,500.00"
2020-03-05,2020030501021884,NLIC,49,38,10,"1,255.00","12,550.00"
2020-03-05,2020030501021883,NLIC,49,42,61,"1,255.00","76,555.00"
2020-03-05,2020030501021863,NLIC,41,59,200,"1,252.00","250,400.00"
2020-03-05,2020030501021832,NLIC,41,34,150,"1,252.00","187,800.00"
2020-03-05,2020030501021800,NLIC,41,33,100,"1,252.00","125,200.00"
2020-03-05,2020030501021774,NLIC,28,33,100,"1,252.00","125,200.00"
2020-03-05,2020030501022024,NLICL,44,16,100,706.00,"70,600.00"
2020-03-05,2020030501021766,NLICL,44,44,200,706.00,"141,200.00"
2020-03-05,2020030501021685,NLICL,44,29,200,706.00,"141,200.00"
2020-03-05,2020030501021627,NLICL,44,59,400,706.00,"282,400.00"
2020-03-05,2020030501022030,NMB,38,34,152,460.00,"69,920.00"
2020-03-05,2020030501021960,NMB,34,47,759,459.00,"348,381.00"
2020-03-05,2020030501021894,NMB,34,37,100,459.00,"45,900.00"
2020-03-05,2020030501021893,NMB,34,48,708,459.00,"324,972.00"
2020-03-05,2020030501021853,NMB,8,38,144,458.00,"65,952.00"
2020-03-05,2020030501021852,NMB,57,38,68,458.00,"31,144.00"
2020-03-05,2020030501021718,NMB,57,25,400,458.00,"183,200.00"
2020-03-05,2020030501021690,NMB,38,48,50,459.00,"22,950.00"
2020-03-05,2020030501021631,NMB,57,19,200,458.00,"91,600.00"
2020-03-05,2020030501021625,NMB,57,34,45,458.00,"20,610.00"
2020-03-05,2020030501021550,NMB,57,6,287,458.00,"131,446.00"
2020-03-05,2020030501021549,NMB,57,6,313,458.00,"143,354.00"
2020-03-05,2020030501021797,NMBMF,21,21,7,807.00,"5,649.00"
2020-03-05,2020030501021639,NMBMF,59,16,75,823.00,"61,725.00"
2020-03-05,2020030501021562,NMBMF,59,55,180,823.00,"148,140.00"
2020-03-05,2020030501021546,NMFBS,33,38,10,"1,744.00","17,440.00"
2020-03-05,2020030501021545,NMFBS,33,7,15,"1,740.00","26,100.00"
2020-03-05,2020030501021984,NTC,13,32,10,651.00,"6,510.00"
2020-03-05,2020030501021647,NTC,58,45,20,658.00,"13,160.00"
2020-03-05,2020030501021646,NTC,58,48,50,657.00,"32,850.00"
2020-03-05,2020030501021645,NTC,58,29,80,657.00,"52,560.00"
2020-03-05,2020030501021644,NTC,58,49,100,657.00,"65,700.00"
2020-03-05,2020030501021643,NTC,58,57,90,657.00,"59,130.00"
2020-03-05,2020030501021642,NTC,58,57,20,655.00,"13,100.00"
2020-03-05,2020030501021641,NTC,58,28,140,655.00,"91,700.00"
2020-03-05,2020030501022023,PCBL,13,38,93,301.00,"27,993.00"
2020-03-05,2020030501021611,PCBL,8,42,10,302.00,"3,020.00"
2020-03-05,2020030501021608,PCBL,4,42,949,302.00,"286,598.00"
2020-03-05,2020030501021990,PFL,45,19,26,164.00,"4,264.00"
2020-03-05,2020030501021989,PFL,45,17,13,164.00,"2,132.00"
2020-03-05,2020030501021860,PIC,11,48,65,600.00,"39,000.00"
2020-03-05,2020030501021828,PIC,42,48,15,600.00,"9,000.00"
2020-03-05,2020030501021721,PIC,44,28,100,595.00,"59,500.00"
2020-03-05,2020030501021825,PICL,43,16,30,473.00,"14,190.00"
2020-03-05,2020030501021978,PLIC,42,26,50,593.00,"29,650.00"
2020-03-05,2020030501021661,PPCL,38,36,20,116.00,"2,320.00"
2020-03-05,2020030501022006,PRIN,36,19,250,450.00,"112,500.00"
2020-03-05,2020030501021891,PRIN,32,19,50,452.00,"22,600.00"
2020-03-05,2020030501021638,PRIN,21,19,200,452.00,"90,400.00"
2020-03-05,2020030501021571,PRIN,36,44,500,450.00,"225,000.00"
2020-03-05,2020030501022027,PROFL,44,58,50,108.00,"5,400.00"
2020-03-05,2020030501022012,PRVU,47,10,248,253.00,"62,744.00"
2020-03-05,2020030501022011,PRVU,48,10,100,253.00,"25,300.00"
2020-03-05,2020030501022010,PRVU,46,10,500,253.00,"126,500.00"
2020-03-05,2020030501022009,PRVU,4,10,152,253.00,"38,456.00"
2020-03-05,2020030501021791,PRVU,4,36,848,253.00,"214,544.00"
2020-03-05,2020030501021790,PRVU,6,36,32,253.00,"8,096.00"
2020-03-05,2020030501021789,PRVU,4,36,500,253.00,"126,500.00"
2020-03-05,2020030501021788,PRVU,51,36,"3,320",253.00,"839,960.00"
2020-03-05,2020030501021769,PRVU,51,19,"1,423",253.00,"360,019.00"
2020-03-05,2020030501021982,RADHI,38,5,10,181.00,"1,810.00"
2020-03-05,2020030501021824,RADHI,38,29,10,178.00,"1,780.00"
2020-03-05,2020030501021758,RADHI,38,38,12,176.00,"2,112.00"
2020-03-05,2020030501021862,RBCLPO,42,58,15,"8,780.00","131,700.00"
2020-03-05,2020030501021578,RBCLPO,29,58,10,"8,780.00","87,800.00"
2020-03-05,2020030501021577,RBCLPO,59,58,20,"8,809.00","176,180.00"
2020-03-05,2020030501021576,RBCLPO,34,58,10,"8,850.00","88,500.00"
2020-03-05,2020030501022000,RHPC,49,33,51,87.00,"4,437.00"
2020-03-05,2020030501021999,RHPC,49,35,305,86.00,"26,230.00"
2020-03-05,2020030501021968,RHPL,25,14,30,159.00,"4,770.00"
2020-03-05,2020030501021917,RHPL,25,7,500,160.00,"80,000.00"
2020-03-05,2020030501021916,RHPL,25,50,40,160.00,"6,400.00"
2020-03-05,2020030501021915,RHPL,25,48,20,160.00,"3,200.00"
2020-03-05,2020030501021664,RHPL,42,37,430,159.00,"68,370.00"
2020-03-05,2020030501021574,RHPL,1,22,10,158.00,"1,580.00"
2020-03-05,2020030501021552,RHPL,45,37,10,159.00,"1,590.00"
2020-03-05,2020030501021847,RSDC,57,57,100,510.00,"51,000.00"
2020-03-05,2020030501021569,RSDC,38,57,50,510.00,"25,500.00"
2020-03-05,2020030501021842,SANIMA,14,33,250,364.00,"91,000.00"
2020-03-05,2020030501021649,SANIMA,45,5,200,363.00,"72,600.00"
2020-03-05,2020030501021648,SANIMA,45,25,500,363.00,"181,500.00"
2020-03-05,2020030501021588,SANIMA,3,33,100,364.00,"36,400.00"
2020-03-05,2020030501021587,SANIMA,20,33,365,364.00,"132,860.00"
2020-03-05,2020030501021609,SBI,13,56,50,466.00,"23,300.00"
2020-03-05,2020030501021544,SBI,14,56,100,466.00,"46,600.00"
2020-03-05,2020030501021535,SBI,52,56,200,466.00,"93,200.00"
2020-03-05,2020030501021966,SBL,50,50,500,328.00,"164,000.00"
2020-03-05,2020030501021942,SBL,21,50,200,328.00,"65,600.00"
2020-03-05,2020030501021873,SBL,41,35,208,325.00,"67,600.00"
2020-03-05,2020030501021872,SBL,7,35,100,325.00,"32,500.00"
2020-03-05,2020030501021871,SBL,41,35,250,325.00,"81,250.00"
2020-03-05,2020030501021870,SBL,28,35,400,325.00,"130,000.00"
2020-03-05,2020030501021634,SBL,25,38,620,326.00,"202,120.00"
2020-03-05,2020030501021633,SBL,59,38,175,327.00,"57,225.00"
2020-03-05,2020030501021566,SBL,59,45,825,327.00,"269,775.00"
2020-03-05,2020030501021543,SBL,29,45,175,327.00,"57,225.00"
2020-03-05,2020030501021869,SBL,6,35,10,325.00,"3,250.00"
2020-03-05,2020030501021868,SBL,57,35,388,326.00,"126,488.00"
2020-03-05,2020030501021867,SBL,32,35,444,326.00,"144,744.00"
2020-03-05,2020030501021866,SBL,45,35,200,327.00,"65,400.00"
2020-03-05,2020030501021636,SBL,32,38,56,326.00,"18,256.00"
2020-03-05,2020030501021635,SBL,13,38,300,326.00,"97,800.00"
2020-03-05,2020030501021919,SCB,52,56,92,700.00,"64,400.00"
2020-03-05,2020030501021918,SCB,52,13,108,700.00,"75,600.00"
2020-03-05,2020030501021851,SDESI,5,38,90,936.00,"84,240.00"
2020-03-05,2020030501021850,SDESI,17,38,50,936.00,"46,800.00"
2020-03-05,2020030501021560,SDESI,50,35,200,940.00,"188,000.00"
2020-03-05,2020030501021953,SHINE,42,45,500,303.00,"151,500.00"
2020-03-05,2020030501021952,SHINE,42,36,584,303.00,"176,952.00"
2020-03-05,2020030501021951,SHINE,42,18,100,303.00,"30,300.00"
2020-03-05,2020030501021702,SHINE,13,52,30,302.00,"9,060.00"
2020-03-05,2020030501022013,SHIVM,25,37,50,591.00,"29,550.00"
2020-03-05,2020030501021954,SHIVM,22,16,50,594.00,"29,700.00"
2020-03-05,2020030501021786,SHIVM,57,39,78,590.00,"46,020.00"
2020-03-05,2020030501021785,SHIVM,40,39,50,590.00,"29,500.00"
2020-03-05,2020030501021784,SHIVM,43,39,50,590.00,"29,500.00"
2020-03-05,2020030501021592,SHIVM,34,28,30,595.00,"17,850.00"
2020-03-05,2020030501021565,SHIVM,48,45,340,591.00,"200,940.00"
2020-03-05,2020030501021564,SHIVM,42,45,100,591.00,"59,100.00"
2020-03-05,2020030501021563,SHIVM,38,45,60,591.00,"35,460.00"
2020-03-05,2020030501021783,SHIVM,5,39,200,590.00,"118,000.00"
2020-03-05,2020030501021782,SHIVM,49,39,150,590.00,"88,500.00"
2020-03-05,2020030501021781,SHIVM,48,39,100,591.00,"59,100.00"
2020-03-05,2020030501021780,SHIVM,51,39,200,591.00,"118,200.00"
2020-03-05,2020030501021779,SHIVM,13,39,12,591.00,"7,092.00"
2020-03-05,2020030501021778,SHIVM,48,39,160,591.00,"94,560.00"
2020-03-05,2020030501021967,SHPC,42,6,50,219.00,"10,950.00"
2020-03-05,2020030501021993,SIC,51,52,100,710.00,"71,000.00"
2020-03-05,2020030501021992,SIC,50,52,10,710.00,"7,100.00"
2020-03-05,2020030501021991,SIC,25,52,15,715.00,"10,725.00"
2020-03-05,2020030501021688,SIC,25,35,85,715.00,"60,775.00"
2020-03-05,2020030501021687,SIC,13,35,15,716.00,"10,740.00"
2020-03-05,2020030501022019,SIL,44,58,127,560.00,"71,120.00"
2020-03-05,2020030501022018,SIL,5,58,200,560.00,"112,000.00"
2020-03-05,2020030501022017,SIL,46,58,100,560.00,"56,000.00"
2020-03-05,2020030501022016,SIL,44,58,183,561.00,"102,663.00"
2020-03-05,2020030501021607,SIL,44,49,817,561.00,"458,337.00"
2020-03-05,2020030501021606,SIL,34,49,183,561.00,"102,663.00"
2020-03-05,2020030501022015,SJCL,36,14,20,153.00,"3,060.00"
2020-03-05,2020030501021979,SJCL,36,50,20,153.00,"3,060.00"
2020-03-05,2020030501021626,SLBBL,16,14,10,908.00,"9,080.00"
2020-03-05,2020030501021922,SLICL,32,34,751,469.00,"352,219.00"
2020-03-05,2020030501021921,SLICL,32,57,146,469.00,"68,474.00"
2020-03-05,2020030501021920,SLICL,32,34,50,468.00,"23,400.00"
2020-03-05,2020030501021857,SLICL,25,58,100,466.00,"46,600.00"
2020-03-05,2020030501021938,SMATA,49,46,10,735.00,"7,350.00"
2020-03-05,2020030501021864,SMATA,44,42,50,730.00,"36,500.00"
2020-03-05,2020030501021686,SMFBS,34,34,10,"1,019.00","10,190.00"
2020-03-05,2020030501021572,SMFBS,34,34,10,"1,000.00","10,000.00"
2020-03-05,2020030501021709,SPARS,48,19,125,819.00,"102,375.00"
2020-03-05,2020030501021708,SPARS,32,19,100,819.00,"81,900.00"
2020-03-05,2020030501021890,SRBL,43,35,100,262.00,"26,200.00"
2020-03-05,2020030501021706,SRBL,34,21,150,261.00,"39,150.00"
2020-03-05,2020030501021575,STC,39,19,37,"2,665.00","98,605.00"
2020-03-05,2020030501021930,UIC,33,48,100,377.00,"37,700.00"
2020-03-05,2020030501021895,UIC,32,16,39,375.00,"14,625.00"
2020-03-05,2020030501021829,UIC,22,48,150,377.00,"56,550.00"
2020-03-05,2020030501021693,UIC,32,22,11,375.00,"4,125.00"
2020-03-05,2020030501021692,UIC,45,22,30,375.00,"11,250.00"
2020-03-05,2020030501021691,UIC,49,22,59,375.00,"22,125.00"
2020-03-05,2020030501021827,UPPER,39,58,900,235.00,"211,500.00"
2020-03-05,2020030501021826,UPPER,10,58,100,235.00,"23,500.00"
2020-03-05,2020030501021799,UPPER,39,50,50,235.00,"11,750.00"
2020-03-05,2020030501021610,UPPER,48,7,50,234.00,"11,700.00"
2020-03-05,2020030501021837,VLBS,29,49,12,"1,023.00","12,276.00"
2020-03-05,2020030501022008,WOMI,13,58,100,"1,052.00","105,200.00"
2020-03-05,2020030501022007,WOMI,52,58,50,"1,060.00","53,000.00"
2020-03-05,2020030501021408,ADBL,8,50,100,407.00,"40,700.00"
2020-03-05,2020030501021407,ADBL,14,50,241,407.00,"98,087.00"
2020-03-05,2020030501021246,ADBL,34,33,"1,240",408.00,"505,920.00"
2020-03-05,2020030501021212,ADBL,34,52,760,408.00,"310,080.00"
2020-03-05,2020030501021211,ADBL,34,52,240,408.00,"97,920.00"
2020-03-05,2020030501021209,ADBL,58,4,20,410.00,"8,200.00"
2020-03-05,2020030501021150,ADBL,34,52,"1,000",408.00,"408,000.00"
2020-03-05,2020030501021142,ADBL,17,4,50,410.00,"20,500.00"
2020-03-05,2020030501021075,ADBL,58,4,20,410.00,"8,200.00"
2020-03-05,2020030501021032,ADBL,34,51,300,408.00,"122,400.00"
2020-03-05,2020030501021307,AKJCL,42,7,20,53.00,"1,060.00"
2020-03-05,2020030501021428,AKPL,34,46,200,125.00,"25,000.00"
2020-03-05,2020030501021324,AKPL,41,46,100,125.00,"12,500.00"
2020-03-05,2020030501021174,AKPL,58,29,12,124.00,"1,488.00"
2020-03-05,2020030501021156,ALBSL,59,55,485,685.00,"332,225.00"
2020-03-05,2020030501021155,ALBSL,5,55,10,685.00,"6,850.00"
2020-03-05,2020030501021154,ALBSL,48,55,35,696.00,"24,360.00"
2020-03-05,2020030501021153,ALBSL,18,55,178,700.00,"124,600.00"
2020-03-05,2020030501021152,ALBSL,22,55,100,701.00,"70,100.00"
2020-03-05,2020030501021077,ALBSL,25,35,100,704.00,"70,400.00"
2020-03-05,2020030501021360,ALICL,5,57,25,580.00,"14,500.00"
2020-03-05,2020030501021359,ALICL,5,16,167,580.00,"96,860.00"
2020-03-05,2020030501021343,ALICL,37,4,150,578.00,"86,700.00"
2020-03-05,2020030501021112,ALICL,37,38,268,578.00,"154,904.00"
2020-03-05,2020030501021466,API,42,50,18,128.00,"2,304.00"
2020-03-05,2020030501021247,API,33,56,26,129.00,"3,354.00"
2020-03-05,2020030501021233,API,49,56,200,129.00,"25,800.00"
2020-03-05,2020030501021476,BOKL,45,33,216,246.00,"53,136.00"
2020-03-05,2020030501021475,BOKL,39,33,234,246.00,"57,564.00"
2020-03-05,2020030501021236,BPCL,19,34,44,361.00,"15,884.00"
2020-03-05,2020030501021235,BPCL,10,34,56,361.00,"20,216.00"
2020-03-05,2020030501021106,BPCL,10,19,22,361.00,"7,942.00"
2020-03-05,2020030501021056,BPCL,5,34,22,365.00,"8,030.00"
2020-03-05,2020030501021365,CBBL,58,51,70,"1,080.00","75,600.00"
2020-03-05,2020030501021364,CBBL,58,1,30,"1,068.00","32,040.00"
2020-03-05,2020030501021136,CBBL,49,51,10,"1,055.00","10,550.00"
2020-03-05,2020030501021135,CBBL,53,51,200,"1,055.00","211,000.00"
2020-03-05,2020030501021134,CBBL,33,51,49,"1,060.00","51,940.00"
2020-03-05,2020030501021363,CBBL,58,16,100,"1,067.00","106,700.00"
2020-03-05,2020030501021137,CBBL,58,51,91,"1,055.00","96,005.00"
2020-03-05,2020030501021076,CBL,20,8,240,150.00,"36,000.00"
2020-03-05,2020030501021305,CCBL,28,48,300,186.00,"55,800.00"
2020-03-05,2020030501021200,CCBL,45,36,196,185.00,"36,260.00"
2020-03-05,2020030501021507,CFCL,43,28,10,140.00,"1,400.00"
2020-03-05,2020030501021225,CHCL,42,39,625,407.00,"254,375.00"
2020-03-05,2020030501021224,CHCL,28,39,145,407.00,"59,015.00"
2020-03-05,2020030501021223,CHCL,1,39,500,409.00,"204,500.00"
2020-03-05,2020030501021222,CHCL,16,39,300,410.00,"123,000.00"
2020-03-05,2020030501021439,CLBSL,17,45,17,"1,124.00","19,108.00"
2020-03-05,2020030501021392,CLBSL,17,44,16,"1,117.00","17,872.00"
2020-03-05,2020030501021391,CLBSL,17,1,11,"1,117.00","12,287.00"
2020-03-05,2020030501021390,CLBSL,17,13,11,"1,115.00","12,265.00"
2020-03-05,2020030501021245,CLBSL,56,45,10,"1,115.00","11,150.00"
2020-03-05,2020030501021159,CORBL,14,38,240,131.00,"31,440.00"
2020-03-05,2020030501021158,CORBL,14,54,60,131.00,"7,860.00"
2020-03-05,2020030501021340,CZBIL,42,49,153,204.00,"31,212.00"
2020-03-05,2020030501021339,CZBIL,17,49,847,204.00,"172,788.00"
2020-03-05,2020030501021232,CZBIL,17,34,814,204.00,"166,056.00"
2020-03-05,2020030501021088,DDBL,50,49,100,873.00,"87,300.00"
2020-03-05,2020030501021283,EBL,44,4,100,754.00,"75,400.00"
2020-03-05,2020030501021215,EBL,44,34,900,754.00,"678,600.00"
2020-03-05,2020030501021064,EBL,45,34,100,754.00,"75,400.00"
2020-03-05,2020030501021237,EDBL,47,32,194,396.00,"76,824.00"
2020-03-05,2020030501021151,EDBL,47,32,250,396.00,"99,000.00"
2020-03-05,2020030501021484,EIC,50,55,268,405.00,"108,540.00"
2020-03-05,2020030501021483,EIC,21,55,64,405.00,"25,920.00"
2020-03-05,2020030501021482,EIC,50,55,168,406.00,"68,208.00"
2020-03-05,2020030501021320,EIC,54,56,122,407.00,"49,654.00"
2020-03-05,2020030501021497,FMDBL,18,38,400,512.00,"204,800.00"
2020-03-05,2020030501021496,FMDBL,40,38,100,513.00,"51,300.00"
2020-03-05,2020030501021331,FMDBL,45,43,100,513.00,"51,300.00"
2020-03-05,2020030501021125,FMDBL,13,36,100,510.00,"51,000.00"
2020-03-05,2020030501021473,FOWAD,38,45,16,"1,518.00","24,288.00"
2020-03-05,2020030501021300,FOWAD,38,50,19,"1,518.00","28,842.00"
2020-03-05,2020030501021176,FOWAD,38,58,115,"1,518.00","174,570.00"
2020-03-05,2020030501021175,FOWAD,45,58,10,"1,518.00","15,180.00"
2020-03-05,2020030501021182,GBBL,58,10,900,250.00,"225,000.00"
2020-03-05,2020030501021383,GBIME,1,34,54,287.00,"15,498.00"
2020-03-05,2020030501021382,GBIME,53,34,50,287.00,"14,350.00"
2020-03-05,2020030501021381,GBIME,35,34,"4,896",287.00,"1,405,152.00"
2020-03-05,2020030501021249,GBIME,41,42,300,288.00,"86,400.00"
2020-03-05,2020030501021248,GBIME,26,42,40,288.00,"11,520.00"
2020-03-05,2020030501021194,GBIME,26,47,160,288.00,"46,080.00"
2020-03-05,2020030501021116,GBIME,38,6,1,288.00,288.00
2020-03-05,2020030501021113,GBIME,35,57,500,287.00,"143,500.00"
2020-03-05,2020030501021036,GBIME,35,49,400,287.00,"114,800.00"
2020-03-05,2020030501021230,GBLBS,52,6,10,510.00,"5,100.00"
2020-03-05,2020030501021229,GBLBS,52,16,100,509.00,"50,900.00"
2020-03-05,2020030501021228,GBLBS,52,35,50,508.00,"25,400.00"
2020-03-05,2020030501021227,GBLBS,52,35,100,508.00,"50,800.00"
2020-03-05,2020030501021335,GILB,13,35,25,"1,342.00","33,550.00"
2020-03-05,2020030501021310,GILB,13,46,46,"1,342.00","61,732.00"
2020-03-05,2020030501021080,GILB,13,35,10,"1,342.00","13,420.00"
2020-03-05,2020030501021053,GLBSL,41,44,10,670.00,"6,700.00"
2020-03-05,2020030501021438,GLICL,20,59,100,491.00,"49,100.00"
2020-03-05,2020030501021380,GLICL,20,34,900,491.00,"441,900.00"
2020-03-05,2020030501021379,GLICL,42,34,100,491.00,"49,100.00"
2020-03-05,2020030501021298,GLICL,41,6,100,491.00,"49,100.00"
2020-03-05,2020030501021253,GLICL,56,6,50,492.00,"24,600.00"
2020-03-05,2020030501021252,GLICL,13,6,150,492.00,"73,800.00"
2020-03-05,2020030501021187,GRDBL,29,4,110,122.00,"13,420.00"
2020-03-05,2020030501021528,GUFL,32,43,10,130.00,"1,300.00"
2020-03-05,2020030501021481,GUFL,43,43,10,131.00,"1,310.00"
2020-03-05,2020030501021498,HBL,33,1,65,603.00,"39,195.00"
2020-03-05,2020030501021258,HBL,36,45,300,605.00,"181,500.00"
2020-03-05,2020030501021468,HDL,4,19,78,"1,624.00","126,672.00"
2020-03-05,2020030501021467,HDL,4,14,50,"1,624.00","81,200.00"
2020-03-05,2020030501021416,HDL,41,46,150,"1,620.00","243,000.00"
2020-03-05,2020030501021052,HDL,14,58,100,"1,625.00","162,500.00"
2020-03-05,2020030501021297,HIDCL,8,14,500,137.00,"68,500.00"
2020-03-05,2020030501021296,HIDCL,39,14,200,137.00,"27,400.00"
2020-03-05,2020030501021295,HIDCL,6,14,223,137.00,"30,551.00"
2020-03-05,2020030501021250,HIDCL,6,29,28,137.00,"3,836.00"
2020-03-05,2020030501021280,HURJA,32,29,20,102.00,"2,040.00"
2020-03-05,2020030501021119,HURJA,16,10,210,104.00,"21,840.00"
2020-03-05,2020030501021341,IGI,51,4,30,417.00,"12,510.00"
2020-03-05,2020030501021385,IGI,13,7,30,417.00,"12,510.00"
2020-03-05,2020030501021384,IGI,13,4,70,417.00,"29,190.00"
2020-03-05,2020030501021524,JBBL,25,53,17,190.00,"3,230.00"
2020-03-05,2020030501021427,JBBL,38,38,2,192.00,384.00
2020-03-05,2020030501021376,JBBL,44,53,"1,000",190.00,"190,000.00"
2020-03-05,2020030501021375,JBBL,1,53,100,190.00,"19,000.00"
2020-03-05,2020030501021374,JBBL,58,53,"1,000",190.00,"190,000.00"
2020-03-05,2020030501021373,JBBL,29,53,100,190.00,"19,000.00"
2020-03-05,2020030501021372,JBBL,38,53,83,190.00,"15,770.00"
2020-03-05,2020030501021367,JBBL,38,50,17,190.00,"3,230.00"
2020-03-05,2020030501021306,JBBL,44,35,50,191.00,"9,550.00"
2020-03-05,2020030501021510,JSLBB,41,44,31,"1,569.00","48,639.00"
2020-03-05,2020030501021422,KBL,36,36,100,207.00,"20,700.00"
2020-03-05,2020030501021362,KBL,36,39,300,207.00,"62,100.00"
2020-03-05,2020030501021330,KBL,6,33,180,208.00,"37,440.00"
2020-03-05,2020030501021329,KBL,57,33,100,208.00,"20,800.00"
2020-03-05,2020030501021328,KBL,49,33,"1,300",208.00,"270,400.00"
2020-03-05,2020030501021327,KBL,43,33,515,208.00,"107,120.00"
2020-03-05,2020030501021268,KBL,43,34,"1,200",208.00,"249,600.00"
2020-03-05,2020030501021231,KBL,43,49,100,208.00,"20,800.00"
2020-03-05,2020030501021471,KSBBL,35,51,504,168.00,"84,672.00"
2020-03-05,2020030501021470,KSBBL,38,51,35,168.00,"5,880.00"
2020-03-05,2020030501021469,KSBBL,45,51,208,168.00,"34,944.00"
2020-03-05,2020030501021144,LBBL,33,33,40,194.00,"7,760.00"
2020-03-05,2020030501021059,LBBL,33,28,500,194.00,"97,000.00"
2020-03-05,2020030501021034,LBBL,16,25,"1,556",195.00,"303,420.00"
2020-03-05,2020030501021035,LBL,10,45,200,230.00,"46,000.00"
2020-03-05,2020030501021279,LGIL,43,10,200,482.00,"96,400.00"
2020-03-05,2020030501021278,LGIL,48,10,300,482.00,"144,600.00"
2020-03-05,2020030501021277,LGIL,45,10,200,482.00,"96,400.00"
2020-03-05,2020030501021276,LGIL,49,10,100,482.00,"48,200.00"
2020-03-05,2020030501021275,LGIL,35,10,50,482.00,"24,100.00"
2020-03-05,2020030501021274,LGIL,32,10,468,482.00,"225,576.00"
2020-03-05,2020030501021273,LGIL,34,10,200,483.00,"96,600.00"
2020-03-05,2020030501021272,LGIL,26,10,150,483.00,"72,450.00"
2020-03-05,2020030501021271,LGIL,28,10,50,484.00,"24,200.00"
2020-03-05,2020030501021189,MBL,35,34,450,245.00,"110,250.00"
2020-03-05,2020030501021188,MBL,50,34,250,246.00,"61,500.00"
2020-03-05,2020030501021145,MBL,50,57,150,246.00,"36,900.00"
2020-03-05,2020030501021117,MDB,58,56,250,449.00,"112,250.00"
2020-03-05,2020030501021047,MDB,43,53,141,448.00,"63,168.00"
2020-03-05,2020030501021046,MDB,43,53,78,448.00,"34,944.00"
2020-03-05,2020030501021045,MDB,5,53,200,449.00,"89,800.00"
2020-03-05,2020030501021078,MEGA,44,33,50,229.00,"11,450.00"
2020-03-05,2020030501021477,MERO,34,58,400,652.00,"260,800.00"
2020-03-05,2020030501021430,MERO,34,33,100,652.00,"65,200.00"
2020-03-05,2020030501021054,MERO,34,58,250,652.00,"163,000.00"
2020-03-05,2020030501021269,MERO,26,40,200,653.00,"130,600.00"
2020-03-05,2020030501021514,MLBBL,58,25,183,775.00,"141,825.00"
2020-03-05,2020030501021281,MLBBL,22,21,35,778.00,"27,230.00"
2020-03-05,2020030501021506,MLBL,14,39,77,220.00,"16,940.00"
2020-03-05,2020030501021326,MLBL,38,39,15,221.00,"3,315.00"
2020-03-05,2020030501021218,MLBL,38,57,258,221.00,"57,018.00"
2020-03-05,2020030501021217,MLBL,38,57,250,221.00,"55,250.00"
2020-03-05,2020030501021216,MLBL,38,57,247,221.00,"54,587.00"
2020-03-05,2020030501021325,MLBL,38,57,245,221.00,"54,145.00"
2020-03-05,2020030501021033,MLBLPO,40,50,"95,000",125.00,"11,875,000.00"
2020-03-05,2020030501021509,MNBBL,17,36,100,334.00,"33,400.00"
2020-03-05,2020030501021161,MNBBL,44,36,200,336.00,"67,200.00"
2020-03-05,2020030501021472,MPFL,32,43,10,127.00,"1,270.00"
2020-03-05,2020030501021424,MPFL,17,43,10,128.00,"1,280.00"
2020-03-05,2020030501021371,MPFL,17,43,10,130.00,"1,300.00"
2020-03-05,2020030501021334,MPFL,17,43,10,132.00,"1,320.00"
2020-03-05,2020030501021313,MPFL,17,43,10,134.00,"1,340.00"
2020-03-05,2020030501021288,MPFL,17,43,10,136.00,"1,360.00"
2020-03-05,2020030501021221,MPFL,17,43,10,138.00,"1,380.00"
2020-03-05,2020030501021162,MPFL,17,43,10,140.00,"1,400.00"
2020-03-05,2020030501021120,MPFL,18,32,10,140.00,"1,400.00"
2020-03-05,2020030501021091,MPFL,18,32,40,140.00,"5,600.00"
2020-03-05,2020030501021090,MPFL,18,35,50,140.00,"7,000.00"
2020-03-05,2020030501021089,MPFL,18,43,10,136.00,"1,360.00"
2020-03-05,2020030501021063,MSMBS,33,45,11,798.00,"8,778.00"
2020-03-05,2020030501021062,MSMBS,33,44,11,795.00,"8,745.00"
2020-03-05,2020030501021406,NABIL,1,36,175,841.00,"147,175.00"
2020-03-05,2020030501021401,NABIL,49,29,86,840.00,"72,240.00"
2020-03-05,2020030501021368,NABIL,49,48,240,840.00,"201,600.00"
2020-03-05,2020030501021185,NABIL,25,36,74,841.00,"62,234.00"
2020-03-05,2020030501021184,NABIL,25,7,126,841.00,"105,966.00"
2020-03-05,2020030501021183,NABIL,49,7,74,841.00,"62,234.00"
2020-03-05,2020030501021097,NABIL,49,28,126,841.00,"105,966.00"
2020-03-05,2020030501021096,NABIL,17,28,50,841.00,"42,050.00"
2020-03-05,2020030501021436,NADEP,17,1,40,696.00,"27,840.00"
2020-03-05,2020030501021179,NADEP,17,59,35,696.00,"24,360.00"
2020-03-05,2020030501021067,NADEP,17,25,23,696.00,"16,008.00"
2020-03-05,2020030501021094,NBB,38,10,"1,425",222.00,"316,350.00"
2020-03-05,2020030501021093,NBB,29,10,100,222.00,"22,200.00"
2020-03-05,2020030501021092,NBB,42,10,276,223.00,"61,548.00"
2020-03-05,2020030501021195,NBL,52,36,50,283.00,"14,150.00"
2020-03-05,2020030501021157,NBL,52,28,76,283.00,"21,508.00"
2020-03-05,2020030501021129,NBL,44,28,200,283.00,"56,600.00"
2020-03-05,2020030501021128,NBL,21,28,30,283.00,"8,490.00"
2020-03-05,2020030501021127,NBL,56,28,100,283.00,"28,300.00"
2020-03-05,2020030501021126,NBL,17,28,394,283.00,"111,502.00"
2020-03-05,2020030501021079,NBL,17,11,650,283.00,"183,950.00"
2020-03-05,2020030501021531,NCCB,48,34,100,199.00,"19,900.00"
2020-03-05,2020030501021530,NCCB,35,34,82,199.00,"16,318.00"
2020-03-05,2020030501021389,NHDL,50,46,38,149.00,"5,662.00"
2020-03-05,2020030501021270,NHDL,50,14,10,149.00,"1,490.00"
2020-03-05,2020030501021505,NIB,17,1,100,417.00,"41,700.00"
2020-03-05,2020030501021474,NIB,28,1,165,417.00,"68,805.00"
2020-03-05,2020030501021394,NIB,28,35,35,416.00,"14,560.00"
2020-03-05,2020030501021366,NIB,33,29,39,414.00,"16,146.00"
2020-03-05,2020030501021240,NIB,33,1,104,414.00,"43,056.00"
2020-03-05,2020030501021239,NIB,45,1,"1,000",414.00,"414,000.00"
2020-03-05,2020030501021238,NIB,39,1,86,414.00,"35,604.00"
2020-03-05,2020030501021213,NIB,57,35,65,416.00,"27,040.00"
2020-03-05,2020030501021529,NICA,34,33,"1,500",574.00,"861,000.00"
2020-03-05,2020030501021426,NICA,59,58,"1,000",575.00,"575,000.00"
2020-03-05,2020030501021322,NICA,57,6,300,575.00,"172,500.00"
2020-03-05,2020030501021321,NICA,50,6,100,575.00,"57,500.00"
2020-03-05,2020030501021160,NICA,34,7,100,574.00,"57,400.00"
2020-03-05,2020030501021148,NICA,34,51,200,574.00,"114,800.00"
2020-03-05,2020030501021082,NICA,34,29,200,574.00,"114,800.00"
2020-03-05,2020030501021504,NICL,29,42,161,458.00,"73,738.00"
2020-03-05,2020030501021503,NICL,43,42,129,458.00,"59,082.00"
2020-03-05,2020030501021502,NICL,43,34,400,458.00,"183,200.00"
2020-03-05,2020030501021501,NICL,38,34,100,459.00,"45,900.00"
2020-03-05,2020030501021264,NICL,43,57,471,458.00,"215,718.00"
2020-03-05,2020030501021263,NICL,37,57,200,458.00,"91,600.00"
2020-03-05,2020030501021262,NICL,43,57,29,458.00,"13,282.00"
2020-03-05,2020030501021261,NICL,36,57,300,460.00,"138,000.00"
2020-03-05,2020030501021494,NIL,42,3,154,589.00,"90,706.00"
2020-03-05,2020030501021346,NIL,38,56,200,586.00,"117,200.00"
2020-03-05,2020030501021345,NIL,56,56,55,587.00,"32,285.00"
2020-03-05,2020030501021315,NIL,56,49,100,587.00,"58,700.00"
2020-03-05,2020030501021290,NIL,56,34,45,587.00,"26,415.00"
2020-03-05,2020030501021289,NIL,28,34,55,587.00,"32,285.00"
2020-03-05,2020030501021124,NIL,28,5,105,587.00,"61,635.00"
2020-03-05,2020030501021111,NIL,28,34,340,587.00,"199,580.00"
2020-03-05,2020030501021110,NIL,41,34,160,587.00,"93,920.00"
2020-03-05,2020030501021104,NIL,41,59,230,587.00,"135,010.00"
2020-03-05,2020030501021103,NIL,4,59,150,587.00,"88,050.00"
2020-03-05,2020030501021066,NIL,4,16,100,587.00,"58,700.00"
2020-03-05,2020030501021358,NLBBL,50,58,40,751.00,"30,040.00"
2020-03-05,2020030501021357,NLBBL,44,58,26,755.00,"19,630.00"
2020-03-05,2020030501021356,NLBBL,5,58,100,755.00,"75,500.00"
2020-03-05,2020030501021294,NLBBL,58,5,318,760.00,"241,680.00"
2020-03-05,2020030501021415,NLG,25,4,100,640.00,"64,000.00"
2020-03-05,2020030501021316,NLG,42,59,200,641.00,"128,200.00"
2020-03-05,2020030501021055,NLG,6,34,100,648.00,"64,800.00"
2020-03-05,2020030501021492,NLIC,47,41,380,"1,250.00","475,000.00"
2020-03-05,2020030501021491,NLIC,56,41,50,"1,250.00","62,500.00"
2020-03-05,2020030501021490,NLIC,38,41,20,"1,250.00","25,000.00"
2020-03-05,2020030501021489,NLIC,19,41,200,"1,250.00","250,000.00"
2020-03-05,2020030501021488,NLIC,34,41,300,"1,250.00","375,000.00"
2020-03-05,2020030501021487,NLIC,26,41,30,"1,250.00","37,500.00"
2020-03-05,2020030501021058,NLIC,44,35,387,"1,255.00","485,685.00"
2020-03-05,2020030501021057,NLIC,14,35,113,"1,255.00","141,815.00"
2020-03-05,2020030501021140,NLIC,50,34,22,"1,254.00","27,588.00"
2020-03-05,2020030501021139,NLIC,50,50,70,"1,254.00","87,780.00"
2020-03-05,2020030501021087,NLIC,56,50,200,"1,254.00","250,800.00"
2020-03-05,2020030501021086,NLIC,49,50,"1,117","1,254.00","1,400,718.00"
2020-03-05,2020030501021085,NLIC,50,50,500,"1,255.00","627,500.00"
2020-03-05,2020030501021084,NLIC,44,50,113,"1,255.00","141,815.00"
2020-03-05,2020030501021292,NLIC,49,29,20,"1,253.00","25,060.00"
2020-03-05,2020030501021251,NLIC,55,5,200,"1,253.00","250,600.00"
2020-03-05,2020030501021205,NLIC,32,28,13,"1,253.00","16,289.00"
2020-03-05,2020030501021204,NLIC,44,28,300,"1,254.00","376,200.00"
2020-03-05,2020030501021203,NLIC,50,28,87,"1,254.00","109,098.00"
2020-03-05,2020030501021172,NLIC,50,1,21,"1,254.00","26,334.00"
2020-03-05,2020030501021397,NLIC,17,45,50,"1,252.00","62,600.00"
2020-03-05,2020030501021396,NLIC,47,45,25,"1,252.00","31,300.00"
2020-03-05,2020030501021395,NLIC,48,45,24,"1,252.00","30,048.00"
2020-03-05,2020030501021337,NLIC,25,38,400,"1,253.00","501,200.00"
2020-03-05,2020030501021336,NLIC,4,38,188,"1,253.00","235,564.00"
2020-03-05,2020030501021293,NLIC,4,29,12,"1,253.00","15,036.00"
2020-03-05,2020030501021442,NLIC,58,34,52,"1,251.00","65,052.00"
2020-03-05,2020030501021441,NLIC,26,34,160,"1,251.00","200,160.00"
2020-03-05,2020030501021440,NLIC,36,34,288,"1,253.00","360,864.00"
2020-03-05,2020030501021418,NLIC,36,34,200,"1,253.00","250,600.00"
2020-03-05,2020030501021417,NLIC,36,38,12,"1,253.00","15,036.00"
2020-03-05,2020030501021398,NLIC,58,45,48,"1,251.00","60,048.00"
2020-03-05,2020030501021445,NMB,57,17,31,458.00,"14,198.00"
2020-03-05,2020030501021444,NMB,45,17,26,458.00,"11,908.00"
2020-03-05,2020030501021443,NMB,52,17,43,458.00,"19,694.00"
2020-03-05,2020030501021355,NMB,59,48,50,459.00,"22,950.00"
2020-03-05,2020030501021354,NMB,59,58,950,459.00,"436,050.00"
2020-03-05,2020030501021210,NMB,52,5,500,458.00,"229,000.00"
2020-03-05,2020030501021149,NMB,52,35,50,458.00,"22,900.00"
2020-03-05,2020030501021138,NMB,52,7,100,458.00,"45,800.00"
2020-03-05,2020030501021109,NMB,52,13,"2,307",458.00,"1,056,606.00"
2020-03-05,2020030501021108,NMB,52,13,50,458.00,"22,900.00"
2020-03-05,2020030501021107,NMB,53,13,"1,036",458.00,"474,488.00"
2020-03-05,2020030501021500,NMBMF,40,4,100,825.00,"82,500.00"
2020-03-05,2020030501021420,NMBMF,42,58,288,830.00,"239,040.00"
2020-03-05,2020030501021244,NMBMF,42,38,57,830.00,"47,310.00"
2020-03-05,2020030501021243,NMBMF,14,38,50,835.00,"41,750.00"
2020-03-05,2020030501021242,NMBMF,7,38,19,838.00,"15,922.00"
2020-03-05,2020030501021241,NMBMF,45,38,74,839.00,"62,086.00"
2020-03-05,2020030501021123,NMBMF,45,21,26,839.00,"21,814.00"
2020-03-05,2020030501021308,NMFBS,56,29,20,"1,729.00","34,580.00"
2020-03-05,2020030501021458,NTC,13,58,20,651.00,"13,020.00"
2020-03-05,2020030501021180,NTC,38,28,10,655.00,"6,550.00"
2020-03-05,2020030501021115,NTC,7,19,200,652.00,"130,400.00"
2020-03-05,2020030501021114,NTC,53,19,400,653.00,"261,200.00"
2020-03-05,2020030501021267,NUBL,4,13,50,"1,021.00","51,050.00"
2020-03-05,2020030501021118,NUBL,22,1,50,"1,015.00","50,750.00"
2020-03-05,2020030501021214,PCBL,4,16,51,302.00,"15,402.00"
2020-03-05,2020030501021186,PCBL,4,21,"1,000",302.00,"302,000.00"
2020-03-05,2020030501021495,PIC,38,58,378,596.00,"225,288.00"
2020-03-05,2020030501021486,PIC,38,35,400,596.00,"238,400.00"
2020-03-05,2020030501021485,PIC,54,35,100,600.00,"60,000.00"
2020-03-05,2020030501021353,PIC,38,33,722,596.00,"430,312.00"
2020-03-05,2020030501021352,PIC,17,33,20,596.00,"11,920.00"
2020-03-05,2020030501021351,PIC,54,33,139,596.00,"82,844.00"
2020-03-05,2020030501021208,PIC,14,33,120,599.00,"71,880.00"
2020-03-05,2020030501021207,PIC,11,33,80,601.00,"48,080.00"
2020-03-05,2020030501021206,PIC,10,33,100,602.00,"60,200.00"
2020-03-05,2020030501021083,PIC,10,57,100,602.00,"60,200.00"
2020-03-05,2020030501021350,PIC,8,33,50,597.00,"29,850.00"
2020-03-05,2020030501021349,PIC,19,33,200,598.00,"119,600.00"
2020-03-05,2020030501021348,PIC,42,33,39,598.00,"23,322.00"
2020-03-05,2020030501021347,PIC,14,33,30,599.00,"17,970.00"
2020-03-05,2020030501021260,PIC,14,21,50,599.00,"29,950.00"
2020-03-05,2020030501021259,PIC,10,21,50,600.00,"30,000.00"
2020-03-05,2020030501021499,PLIC,8,7,617,595.00,"367,115.00"
2020-03-05,2020030501021299,PLIC,8,32,450,595.00,"267,750.00"
2020-03-05,2020030501021400,PPCL,34,29,30,117.00,"3,510.00"
2020-03-05,2020030501021508,PRIN,36,39,500,450.00,"225,000.00"
2020-03-05,2020030501021202,PRIN,45,43,23,454.00,"10,442.00"
2020-03-05,2020030501021201,PRIN,45,41,17,454.00,"7,718.00"
2020-03-05,2020030501021141,PRIN,36,19,132,450.00,"59,400.00"
2020-03-05,2020030501021454,PRVU,51,33,257,253.00,"65,021.00"
2020-03-05,2020030501021453,PRVU,17,33,500,253.00,"126,500.00"
2020-03-05,2020030501021452,PRVU,56,33,200,253.00,"50,600.00"
2020-03-05,2020030501021451,PRVU,19,33,250,253.00,"63,250.00"
2020-03-05,2020030501021450,PRVU,44,33,100,253.00,"25,300.00"
2020-03-05,2020030501021449,PRVU,39,33,50,253.00,"12,650.00"
2020-03-05,2020030501021448,PRVU,11,33,20,253.00,"5,060.00"
2020-03-05,2020030501021447,PRVU,51,33,"3,000",253.00,"759,000.00"
2020-03-05,2020030501021446,PRVU,17,33,623,253.00,"157,619.00"
2020-03-05,2020030501021190,RHPC,29,35,50,86.00,"4,300.00"
2020-03-05,2020030501021423,RHPL,1,29,40,158.00,"6,320.00"
2020-03-05,2020030501021226,RHPL,1,44,10,158.00,"1,580.00"
2020-03-05,2020030501021304,RMDC,43,25,10,742.00,"7,420.00"
2020-03-05,2020030501021303,RMDC,43,50,40,740.00,"29,600.00"
2020-03-05,2020030501021302,RMDC,43,55,60,738.00,"44,280.00"
2020-03-05,2020030501021301,RMDC,43,49,80,738.00,"59,040.00"
2020-03-05,2020030501021284,RMDC,43,49,10,738.00,"7,380.00"
2020-03-05,2020030501021257,RMDC,43,52,20,737.00,"14,740.00"
2020-03-05,2020030501021166,RMDC,43,57,200,720.00,"144,000.00"
2020-03-05,2020030501021165,RMDC,43,59,130,720.00,"93,600.00"
2020-03-05,2020030501021164,RMDC,43,45,50,719.00,"35,950.00"
2020-03-05,2020030501021163,RMDC,43,43,490,717.00,"351,330.00"
2020-03-05,2020030501021256,RMDC,43,52,10,729.00,"7,290.00"
2020-03-05,2020030501021255,RMDC,43,32,200,724.00,"144,800.00"
2020-03-05,2020030501021254,RMDC,43,44,990,723.00,"715,770.00"
2020-03-05,2020030501021169,RMDC,43,44,10,723.00,"7,230.00"
2020-03-05,2020030501021168,RMDC,43,52,10,722.00,"7,220.00"
2020-03-05,2020030501021167,RMDC,43,53,20,720.00,"14,400.00"
2020-03-05,2020030501021455,RSDC,44,36,50,506.00,"25,300.00"
2020-03-05,2020030501021405,RSDC,40,57,11,510.00,"5,610.00"
2020-03-05,2020030501021403,RSDC,40,34,490,510.00,"249,900.00"
2020-03-05,2020030501021402,RSDC,38,34,10,510.00,"5,100.00"
2020-03-05,2020030501021061,RSDC,41,44,100,512.00,"51,200.00"
2020-03-05,2020030501021060,RSDC,17,44,100,512.00,"51,200.00"
2020-03-05,2020030501021388,SAEF,7,34,"1,000",9.43,"9,430.00"
2020-03-05,2020030501021387,SAEF,57,34,"1,000",9.43,"9,430.00"
2020-03-05,2020030501021386,SAEF,38,34,"2,000",9.45,"18,900.00"
2020-03-05,2020030501021437,SANIMA,20,19,255,364.00,"92,820.00"
2020-03-05,2020030501021429,SANIMA,20,54,500,364.00,"182,000.00"
2020-03-05,2020030501021399,SANIMA,20,49,880,364.00,"320,320.00"
2020-03-05,2020030501021342,SANIMA,10,33,384,365.00,"140,160.00"
2020-03-05,2020030501021143,SANIMA,10,25,116,365.00,"42,340.00"
2020-03-05,2020030501021095,SANIMA,41,25,304,365.00,"110,960.00"
2020-03-05,2020030501021393,SBI,28,45,"1,400",465.00,"651,000.00"
2020-03-05,2020030501021197,SBI,53,56,50,466.00,"23,300.00"
2020-03-05,2020030501021196,SBI,13,56,100,466.00,"46,600.00"
2020-03-05,2020030501021457,SBL,29,11,25,327.00,"8,175.00"
2020-03-05,2020030501021456,SBL,36,11,75,327.00,"24,525.00"
2020-03-05,2020030501021234,SBL,36,33,25,327.00,"8,175.00"
2020-03-05,2020030501021513,SCB,50,33,100,696.00,"69,600.00"
2020-03-05,2020030501021132,SCB,58,51,10,701.00,"7,010.00"
2020-03-05,2020030501021131,SCB,58,13,20,700.00,"14,000.00"
2020-03-05,2020030501021130,SCB,58,7,20,699.00,"13,980.00"
2020-03-05,2020030501021266,SDESI,25,38,10,950.00,"9,500.00"
2020-03-05,2020030501021199,SDESI,14,21,23,939.00,"21,597.00"
2020-03-05,2020030501021282,SHINE,13,51,100,302.00,"30,200.00"
2020-03-05,2020030501021287,SHIVM,38,19,100,591.00,"59,100.00"
2020-03-05,2020030501021193,SHIVM,38,36,50,591.00,"29,550.00"
2020-03-05,2020030501021192,SHIVM,52,36,100,592.00,"59,200.00"
2020-03-05,2020030501021191,SHIVM,41,36,50,592.00,"29,600.00"
2020-03-05,2020030501021171,SHIVM,33,48,50,593.00,"29,650.00"
2020-03-05,2020030501021170,SHIVM,39,48,"1,770",593.00,"1,049,610.00"
2020-03-05,2020030501021071,SHIVM,48,55,500,594.00,"297,000.00"
2020-03-05,2020030501021070,SHIVM,49,55,100,594.00,"59,400.00"
2020-03-05,2020030501021069,SHIVM,32,55,200,594.00,"118,800.00"
2020-03-05,2020030501021068,SHIVM,56,55,20,594.00,"11,880.00"
2020-03-05,2020030501021065,SHIVM,56,49,100,594.00,"59,400.00"
2020-03-05,2020030501021133,SHIVM,39,28,500,593.00,"296,500.00"
2020-03-05,2020030501021122,SHIVM,39,34,730,593.00,"432,890.00"
2020-03-05,2020030501021121,SHIVM,5,34,270,593.00,"160,110.00"
2020-03-05,2020030501021074,SHIVM,5,55,30,593.00,"17,790.00"
2020-03-05,2020030501021073,SHIVM,52,55,100,594.00,"59,400.00"
2020-03-05,2020030501021072,SHIVM,38,55,50,594.00,"29,700.00"
2020-03-05,2020030501021044,SHL,51,53,281,178.00,"50,018.00"
2020-03-05,2020030501021043,SHL,41,53,500,178.00,"89,000.00"
2020-03-05,2020030501021042,SHL,34,53,100,178.00,"17,800.00"
2020-03-05,2020030501021041,SHL,22,53,200,178.00,"35,600.00"
2020-03-05,2020030501021040,SHL,47,53,500,178.00,"89,000.00"
2020-03-05,2020030501021039,SHL,34,53,500,178.00,"89,000.00"
2020-03-05,2020030501021038,SHL,45,53,100,178.00,"17,800.00"
2020-03-05,2020030501021037,SHL,34,53,100,178.00,"17,800.00"
2020-03-05,2020030501021523,SHPC,38,28,129,215.00,"27,735.00"
2020-03-05,2020030501021522,SHPC,45,28,500,215.00,"107,500.00"
2020-03-05,2020030501021521,SHPC,34,28,100,215.00,"21,500.00"
2020-03-05,2020030501021520,SHPC,49,28,10,215.00,"2,150.00"
2020-03-05,2020030501021519,SHPC,49,28,50,215.00,"10,750.00"
2020-03-05,2020030501021518,SHPC,10,28,400,215.00,"86,000.00"
2020-03-05,2020030501021517,SHPC,22,28,100,215.00,"21,500.00"
2020-03-05,2020030501021516,SHPC,47,28,500,215.00,"107,500.00"
2020-03-05,2020030501021515,SHPC,49,28,411,215.00,"88,365.00"
2020-03-05,2020030501021178,SHPC,57,6,250,219.00,"54,750.00"
2020-03-05,2020030501021177,SHPC,57,51,200,218.00,"43,600.00"
2020-03-05,2020030501021511,SICL,13,6,10,979.00,"9,790.00"
2020-03-05,2020030501021404,SICL,29,26,100,972.00,"97,200.00"
2020-03-05,2020030501021319,SICL,13,52,103,966.00,"99,498.00"
2020-03-05,2020030501021318,SICL,3,52,10,970.00,"9,700.00"
2020-03-05,2020030501021317,SICL,37,52,387,970.00,"375,390.00"
2020-03-05,2020030501021314,SICL,13,26,100,972.00,"97,200.00"
2020-03-05,2020030501021527,SIL,34,58,317,561.00,"177,837.00"
2020-03-05,2020030501021526,SIL,5,58,50,561.00,"28,050.00"
2020-03-05,2020030501021525,SIL,32,58,33,562.00,"18,546.00"
2020-03-05,2020030501021333,SIL,32,34,900,562.00,"505,800.00"
2020-03-05,2020030501021332,SIL,44,34,100,563.00,"56,300.00"
2020-03-05,2020030501021198,SIL,44,59,650,563.00,"365,950.00"
2020-03-05,2020030501021173,SIL,44,33,250,563.00,"140,750.00"
2020-03-05,2020030501021286,SJCL,49,44,10,152.00,"1,520.00"
2020-03-05,2020030501021512,SKBBL,28,14,100,"1,150.00","115,000.00"
2020-03-05,2020030501021370,SKBBL,38,38,500,"1,135.00","567,500.00"
2020-03-05,2020030501021369,SKBBL,38,52,50,"1,135.00","56,750.00"
2020-03-05,2020030501021309,SKBBL,38,13,100,"1,117.00","111,700.00"
2020-03-05,2020030501021048,SKBBL,38,6,400,"1,130.00","452,000.00"
2020-03-05,2020030501021493,SLBBL,58,38,200,893.00,"178,600.00"
2020-03-05,2020030501021146,SLBBL,53,29,100,894.00,"89,400.00"
2020-03-05,2020030501021361,SLBBL,58,58,200,893.00,"178,600.00"
2020-03-05,2020030501021338,SLBBL,34,34,200,911.00,"182,200.00"
2020-03-05,2020030501021311,SLBBL,34,26,40,899.00,"35,960.00"
2020-03-05,2020030501021147,SLBBL,58,29,12,893.00,"10,716.00"
2020-03-05,2020030501021480,SLICL,7,57,223,466.00,"103,918.00"
2020-03-05,2020030501021479,SLICL,41,57,307,466.00,"143,062.00"
2020-03-05,2020030501021285,SLICL,17,57,30,469.00,"14,070.00"
2020-03-05,2020030501021181,SLICL,41,34,193,466.00,"89,938.00"
2020-03-05,2020030501021098,SLICL,20,34,320,466.00,"149,120.00"
2020-03-05,2020030501021049,SLICL,32,49,50,465.00,"23,250.00"
2020-03-05,2020030501021435,SPARS,17,47,30,827.00,"24,810.00"
2020-03-05,2020030501021434,SPARS,45,47,10,827.00,"8,270.00"
2020-03-05,2020030501021433,SPARS,6,47,50,828.00,"41,400.00"
2020-03-05,2020030501021432,SPARS,35,47,100,830.00,"83,000.00"
2020-03-05,2020030501021431,SPARS,14,47,20,834.00,"16,680.00"
2020-03-05,2020030501021220,SPARS,14,6,30,834.00,"25,020.00"
2020-03-05,2020030501021219,SPARS,42,6,10,835.00,"8,350.00"
2020-03-05,2020030501021478,SRBL,14,42,240,262.00,"62,880.00"
2020-03-05,2020030501021312,SRBL,34,13,"1,624",261.00,"423,864.00"
2020-03-05,2020030501021291,SRBL,36,42,200,262.00,"52,400.00"
2020-03-05,2020030501021081,SRBL,34,21,"1,000",261.00,"261,000.00"
2020-03-05,2020030501021105,TMDBL,51,36,100,203.00,"20,300.00"
2020-03-05,2020030501021378,UIC,49,34,41,375.00,"15,375.00"
2020-03-05,2020030501021377,UIC,22,34,79,375.00,"29,625.00"
2020-03-05,2020030501021465,UPPER,25,6,35,237.00,"8,295.00"
2020-03-05,2020030501021464,UPPER,25,28,40,237.00,"9,480.00"
2020-03-05,2020030501021463,UPPER,25,34,50,237.00,"11,850.00"
2020-03-05,2020030501021462,UPPER,25,1,149,237.00,"35,313.00"
2020-03-05,2020030501021461,UPPER,25,45,146,236.00,"34,456.00"
2020-03-05,2020030501021102,UPPER,46,34,340,234.00,"79,560.00"
2020-03-05,2020030501021101,UPPER,41,34,200,234.00,"46,800.00"
2020-03-05,2020030501021100,UPPER,59,34,500,234.00,"117,000.00"
2020-03-05,2020030501021099,UPPER,52,34,370,234.00,"86,580.00"
2020-03-05,2020030501021344,UPPER,36,16,100,235.00,"23,500.00"
2020-03-05,2020030501021412,UPPER,33,16,300,234.00,"70,200.00"
2020-03-05,2020030501021411,UPPER,58,16,500,234.00,"117,000.00"
2020-03-05,2020030501021410,UPPER,33,16,"1,000",234.00,"234,000.00"
2020-03-05,2020030501021409,UPPER,46,16,160,234.00,"37,440.00"
2020-03-05,2020030501021460,UPPER,25,17,50,236.00,"11,800.00"
2020-03-05,2020030501021459,UPPER,25,14,30,236.00,"7,080.00"
2020-03-05,2020030501021425,UPPER,48,22,20,234.00,"4,680.00"
2020-03-05,2020030501021421,UPPER,48,44,40,234.00,"9,360.00"
2020-03-05,2020030501021414,UPPER,48,16,155,234.00,"36,270.00"
2020-03-05,2020030501021413,UPPER,11,16,300,234.00,"70,200.00"
2020-03-05,2020030501021419,WOMI,45,38,200,"1,052.00","210,400.00"
2020-03-05,2020030501021323,WOMI,49,38,200,"1,051.00","210,200.00"
2020-03-05,2020030501021265,WOMI,49,22,150,"1,052.00","157,800.00"
2020-03-05,2020030501021051,WOMI,50,42,32,"1,050.00","33,600.00"
2020-03-05,2020030501021050,WOMI,42,42,50,"1,050.00","52,500.00"
2020-03-05,2020030501021031,ADBL,34,54,460,408.00,"187,680.00"
2020-03-05,2020030501020723,ADBL,14,38,152,407.00,"61,864.00"
2020-03-05,2020030501020588,AHPC,13,22,55,99.00,"5,445.00"
2020-03-05,2020030501021019,AKPL,21,46,300,125.00,"37,500.00"
2020-03-05,2020030501020700,AKPL,58,14,363,124.00,"45,012.00"
2020-03-05,2020030501020699,AKPL,8,14,"1,000",124.00,"124,000.00"
2020-03-05,2020030501020698,AKPL,36,14,500,124.00,"62,000.00"
2020-03-05,2020030501020697,AKPL,36,14,57,124.00,"7,068.00"
2020-03-05,2020030501020805,ALBSL,22,38,111,701.00,"77,811.00"
2020-03-05,2020030501020744,ALBSL,18,44,11,700.00,"7,700.00"
2020-03-05,2020030501020592,ALBSL,25,38,157,701.00,"110,057.00"
2020-03-05,2020030501020845,ALICL,59,7,150,576.00,"86,400.00"
2020-03-05,2020030501020844,ALICL,37,7,500,577.00,"288,500.00"
2020-03-05,2020030501020843,ALICL,37,7,50,578.00,"28,900.00"
2020-03-05,2020030501020947,API,51,56,200,129.00,"25,800.00"
2020-03-05,2020030501020879,API,25,56,46,129.00,"5,934.00"
2020-03-05,2020030501020752,API,42,13,30,128.00,"3,840.00"
2020-03-05,2020030501020735,API,42,25,"2,695",128.00,"344,960.00"
2020-03-05,2020030501020734,API,42,25,"3,000",128.00,"384,000.00"
2020-03-05,2020030501020733,API,28,25,805,128.00,"103,040.00"
2020-03-05,2020030501020543,BBC,11,25,10,"1,792.00","17,920.00"
2020-03-05,2020030501020830,BOKL,39,39,200,246.00,"49,200.00"
2020-03-05,2020030501020776,BOKL,36,29,15,249.00,"3,735.00"
2020-03-05,2020030501020784,CBBL,33,40,51,"1,060.00","54,060.00"
2020-03-05,2020030501020783,CBBL,33,40,50,"1,060.00","53,000.00"
2020-03-05,2020030501020736,CBBL,48,1,150,"1,068.00","160,200.00"
2020-03-05,2020030501020986,CBL,20,44,"1,500",150.00,"225,000.00"
2020-03-05,2020030501020858,CBL,20,41,300,150.00,"45,000.00"
2020-03-05,2020030501020857,CBL,20,25,175,150.00,"26,250.00"
2020-03-05,2020030501020678,CBL,20,37,"2,785",149.00,"414,965.00"
2020-03-05,2020030501020615,CCBL,45,42,"1,804",185.00,"333,740.00"
2020-03-05,2020030501020614,CCBL,46,42,196,185.00,"36,260.00"
2020-03-05,2020030501020942,CIT,36,55,50,"2,672.00","133,600.00"
2020-03-05,2020030501020693,CIT,40,7,100,"2,681.00","268,100.00"
2020-03-05,2020030501020692,CIT,41,7,25,"2,681.00","67,025.00"
2020-03-05,2020030501020691,CIT,41,7,10,"2,681.00","26,810.00"
2020-03-05,2020030501020690,CIT,22,7,50,"2,681.00","134,050.00"
2020-03-05,2020030501020689,CIT,46,7,10,"2,682.00","26,820.00"
2020-03-05,2020030501020688,CIT,44,7,10,"2,683.00","26,830.00"
2020-03-05,2020030501020707,CZBIL,17,46,410,204.00,"83,640.00"
2020-03-05,2020030501020760,DDBL,50,42,50,873.00,"43,650.00"
2020-03-05,2020030501020855,EBL,42,45,250,751.00,"187,750.00"
2020-03-05,2020030501020813,EBL,42,37,167,751.00,"125,417.00"
2020-03-05,2020030501020772,EBL,42,25,40,751.00,"30,040.00"
2020-03-05,2020030501020771,EBL,47,25,50,754.00,"37,700.00"
2020-03-05,2020030501021015,EDBL,29,32,50,396.00,"19,800.00"
2020-03-05,2020030501020775,EDBL,17,32,100,396.00,"39,600.00"
2020-03-05,2020030501020576,EDBL,47,45,56,395.00,"22,120.00"
2020-03-05,2020030501020575,EDBL,43,45,100,395.00,"39,500.00"
2020-03-05,2020030501020789,EIC,56,56,250,407.00,"101,750.00"
2020-03-05,2020030501020788,EIC,58,35,76,408.00,"31,008.00"
2020-03-05,2020030501020787,EIC,58,38,100,408.00,"40,800.00"
2020-03-05,2020030501020539,EIC,56,57,50,407.00,"20,350.00"
2020-03-05,2020030501020538,EIC,17,57,50,407.00,"20,350.00"
2020-03-05,2020030501020981,FMDBL,13,43,30,510.00,"15,300.00"
2020-03-05,2020030501020980,FMDBL,37,43,250,510.00,"127,500.00"
2020-03-05,2020030501020979,FMDBL,59,43,220,510.00,"112,200.00"
2020-03-05,2020030501020865,FMDBL,59,35,280,510.00,"142,800.00"
2020-03-05,2020030501020864,FMDBL,38,35,20,513.00,"10,260.00"
2020-03-05,2020030501020762,FMDBL,43,52,525,511.00,"268,275.00"
2020-03-05,2020030501020727,FMDBL,43,57,"1,465",511.00,"748,615.00"
2020-03-05,2020030501020726,FMDBL,32,57,500,511.00,"255,500.00"
2020-03-05,2020030501020725,FMDBL,6,57,35,511.00,"17,885.00"
2020-03-05,2020030501020724,FMDBL,1,57,200,512.00,"102,400.00"
2020-03-05,2020030501020570,FMDBL,21,45,350,515.00,"180,250.00"
2020-03-05,2020030501020997,GBBL,16,34,"1,986",247.00,"490,542.00"
2020-03-05,2020030501020946,GBBL,16,58,50,247.00,"12,350.00"
2020-03-05,2020030501020945,GBBL,44,58,50,247.00,"12,350.00"
2020-03-05,2020030501020921,GBBL,44,7,50,247.00,"12,350.00"
2020-03-05,2020030501020920,GBBL,58,7,950,247.00,"234,650.00"
2020-03-05,2020030501020846,GBBL,58,10,100,250.00,"25,000.00"
2020-03-05,2020030501020827,GBBL,58,49,100,250.00,"25,000.00"
2020-03-05,2020030501021016,GBIME,35,1,171,287.00,"49,077.00"
2020-03-05,2020030501020951,GBIME,35,26,"1,000",287.00,"287,000.00"
2020-03-05,2020030501020781,GBIME,35,57,"1,000",287.00,"287,000.00"
2020-03-05,2020030501020747,GBIME,35,28,"1,470",287.00,"421,890.00"
2020-03-05,2020030501020746,GBIME,36,28,10,288.00,"2,880.00"
2020-03-05,2020030501020745,GBIME,11,28,20,288.00,"5,760.00"
2020-03-05,2020030501020852,GBLBS,1,34,500,506.00,"253,000.00"
2020-03-05,2020030501020812,GBLBS,57,45,200,502.00,"100,400.00"
2020-03-05,2020030501020811,GBLBS,37,45,100,503.00,"50,300.00"
2020-03-05,2020030501020810,GBLBS,53,45,200,504.00,"100,800.00"
2020-03-05,2020030501020978,GILB,13,7,200,"1,342.00","268,400.00"
2020-03-05,2020030501020993,GLICL,19,49,25,495.00,"12,375.00"
2020-03-05,2020030501020703,GLICL,42,49,150,495.00,"74,250.00"
2020-03-05,2020030501020625,GLICL,42,32,50,495.00,"24,750.00"
2020-03-05,2020030501020854,GMFBS,14,21,40,814.00,"32,560.00"
2020-03-05,2020030501020728,GMFBS,14,44,10,814.00,"8,140.00"
2020-03-05,2020030501020790,HBL,44,35,20,610.00,"12,200.00"
2020-03-05,2020030501020676,HBL,33,8,88,608.00,"53,504.00"
2020-03-05,2020030501020675,HBL,33,5,364,608.00,"221,312.00"
2020-03-05,2020030501020604,HBL,33,6,200,603.00,"120,600.00"
2020-03-05,2020030501020574,HBL,58,8,12,608.00,"7,296.00"
2020-03-05,2020030501021010,HDL,8,51,30,"1,620.00","48,600.00"
2020-03-05,2020030501021004,HDL,8,34,260,"1,620.00","421,200.00"
2020-03-05,2020030501021003,HDL,8,29,10,"1,618.00","16,180.00"
2020-03-05,2020030501020923,HDL,48,36,100,"1,618.00","161,800.00"
2020-03-05,2020030501020819,HDL,48,57,100,"1,619.00","161,900.00"
2020-03-05,2020030501020818,HDL,41,57,50,"1,619.00","80,950.00"
2020-03-05,2020030501020779,HDL,59,42,200,"1,620.00","324,000.00"
2020-03-05,2020030501020602,HDL,59,21,100,"1,620.00","162,000.00"
2020-03-05,2020030501020731,HGI,26,28,100,396.00,"39,600.00"
