Date,Transact. No.,Symbol,Buyer,Seller,Quantity,Rate,Amount
2020-11-01,2020110104003861,BBC,36,36,10,"1,936.00","19,360.00"
2020-11-01,2020110104003574,BBC,58,34,10,"1,936.00","19,360.00"
2020-11-01,2020110104003730,CMF1,22,29,300,9.69,"2,907.00"
2020-11-01,2020110104003599,CMF1,49,42,100,9.70,970.00
2020-11-01,2020110104003754,GBD80/81,4,11,500,"1,050.00","525,000.00"
2020-11-01,2020110104004038,GIC,56,36,10,542.00,"5,420.00"
2020-11-01,2020110104004037,GIC,56,34,10,542.00,"5,420.00"
2020-11-01,2020110104004036,GIC,56,39,10,542.00,"5,420.00"
2020-11-01,2020110104004035,GIC,56,28,70,542.00,"37,940.00"
2020-11-01,2020110104004034,GIC,21,33,10,541.00,"5,410.00"
2020-11-01,2020110104004033,GIC,21,11,10,541.00,"5,410.00"
2020-11-01,2020110104003540,GIC,55,52,10,543.00,"5,430.00"
2020-11-01,2020110104003546,GIC,37,52,10,543.00,"5,430.00"
2020-11-01,2020110104003545,GIC,37,56,10,543.00,"5,430.00"
2020-11-01,2020110104003544,GIC,55,39,10,543.00,"5,430.00"
2020-11-01,2020110104003543,GIC,55,47,10,543.00,"5,430.00"
2020-11-01,2020110104003542,GIC,55,18,10,543.00,"5,430.00"
2020-11-01,2020110104003541,GIC,55,47,10,543.00,"5,430.00"
2020-11-01,2020110104003553,GIC,37,46,10,543.00,"5,430.00"
2020-11-01,2020110104003552,GIC,37,56,10,543.00,"5,430.00"
2020-11-01,2020110104003551,GIC,37,47,10,543.00,"5,430.00"
2020-11-01,2020110104003550,GIC,37,28,10,543.00,"5,430.00"
2020-11-01,2020110104003549,GIC,37,17,10,543.00,"5,430.00"
2020-11-01,2020110104003547,GIC,37,58,10,543.00,"5,430.00"
2020-11-01,2020110104003559,GIC,58,10,10,543.00,"5,430.00"
2020-11-01,2020110104003558,GIC,58,8,10,543.00,"5,430.00"
2020-11-01,2020110104003557,GIC,45,56,10,543.00,"5,430.00"
2020-11-01,2020110104003556,GIC,45,17,10,543.00,"5,430.00"
2020-11-01,2020110104003555,GIC,37,21,10,543.00,"5,430.00"
2020-11-01,2020110104003554,GIC,37,52,10,543.00,"5,430.00"
2020-11-01,2020110104003569,GIC,58,36,10,543.00,"5,430.00"
2020-11-01,2020110104003568,GIC,58,28,10,543.00,"5,430.00"
2020-11-01,2020110104003567,GIC,58,17,10,543.00,"5,430.00"
2020-11-01,2020110104003566,GIC,58,10,10,543.00,"5,430.00"
2020-11-01,2020110104003565,GIC,58,17,10,543.00,"5,430.00"
2020-11-01,2020110104003564,GIC,58,39,10,543.00,"5,430.00"
2020-11-01,2020110104003576,GIC,29,28,10,544.00,"5,440.00"
2020-11-01,2020110104003575,GIC,29,10,10,544.00,"5,440.00"
2020-11-01,2020110104003573,GIC,58,28,10,543.00,"5,430.00"
2020-11-01,2020110104003572,GIC,34,45,10,544.00,"5,440.00"
2020-11-01,2020110104003571,GIC,34,34,325,544.00,"176,800.00"
2020-11-01,2020110104003570,GIC,58,10,10,543.00,"5,430.00"
2020-11-01,2020110104003582,GIC,29,42,10,544.00,"5,440.00"
2020-11-01,2020110104003581,GIC,29,10,10,544.00,"5,440.00"
2020-11-01,2020110104003580,GIC,29,10,10,544.00,"5,440.00"
2020-11-01,2020110104003579,GIC,29,45,10,544.00,"5,440.00"
2020-11-01,2020110104003578,GIC,29,11,10,544.00,"5,440.00"
2020-11-01,2020110104003577,GIC,29,22,10,544.00,"5,440.00"
2020-11-01,2020110104003588,GIC,51,58,10,544.00,"5,440.00"
2020-11-01,2020110104003587,GIC,51,58,10,544.00,"5,440.00"
2020-11-01,2020110104003586,GIC,51,10,10,544.00,"5,440.00"
2020-11-01,2020110104003585,GIC,51,1,10,544.00,"5,440.00"
2020-11-01,2020110104003584,GIC,29,56,10,544.00,"5,440.00"
2020-11-01,2020110104003583,GIC,29,20,10,544.00,"5,440.00"
2020-11-01,2020110104003595,GIC,58,10,10,543.00,"5,430.00"
2020-11-01,2020110104003594,GIC,58,45,10,543.00,"5,430.00"
2020-11-01,2020110104003593,GIC,58,21,10,543.00,"5,430.00"
2020-11-01,2020110104003592,GIC,58,10,10,543.00,"5,430.00"
2020-11-01,2020110104003590,GIC,58,52,10,543.00,"5,430.00"
2020-11-01,2020110104003589,GIC,51,10,10,544.00,"5,440.00"
2020-11-01,2020110104003602,GIC,58,54,20,544.00,"10,880.00"
2020-11-01,2020110104003601,GIC,58,16,10,543.00,"5,430.00"
2020-11-01,2020110104003600,GIC,58,10,10,543.00,"5,430.00"
2020-11-01,2020110104003598,GIC,58,58,10,543.00,"5,430.00"
2020-11-01,2020110104003597,GIC,58,34,10,543.00,"5,430.00"
2020-11-01,2020110104003596,GIC,58,18,10,543.00,"5,430.00"
2020-11-01,2020110104003608,GIC,58,16,10,543.00,"5,430.00"
2020-11-01,2020110104003607,GIC,58,35,10,543.00,"5,430.00"
2020-11-01,2020110104003606,GIC,58,10,10,543.00,"5,430.00"
2020-11-01,2020110104003605,GIC,58,58,10,543.00,"5,430.00"
2020-11-01,2020110104003604,GIC,58,52,10,543.00,"5,430.00"
2020-11-01,2020110104003603,GIC,58,10,10,543.00,"5,430.00"
2020-11-01,2020110104003643,GIC,33,45,10,543.00,"5,430.00"
2020-11-01,2020110104003637,GIC,33,42,10,543.00,"5,430.00"
2020-11-01,2020110104003636,GIC,33,10,10,543.00,"5,430.00"
2020-11-01,2020110104003635,GIC,33,58,10,543.00,"5,430.00"
2020-11-01,2020110104003617,GIC,33,10,10,543.00,"5,430.00"
2020-11-01,2020110104003609,GIC,33,10,10,543.00,"5,430.00"
2020-11-01,2020110104003649,GIC,5,6,10,544.00,"5,440.00"
2020-11-01,2020110104003648,GIC,33,42,10,543.00,"5,430.00"
2020-11-01,2020110104003647,GIC,36,38,10,544.00,"5,440.00"
2020-11-01,2020110104003646,GIC,36,38,10,544.00,"5,440.00"
2020-11-01,2020110104003645,GIC,36,56,10,544.00,"5,440.00"
2020-11-01,2020110104003644,GIC,36,54,20,544.00,"10,880.00"
2020-11-01,2020110104003657,GIC,5,40,10,544.00,"5,440.00"
2020-11-01,2020110104003654,GIC,5,10,10,544.00,"5,440.00"
2020-11-01,2020110104003653,GIC,5,38,10,544.00,"5,440.00"
2020-11-01,2020110104003652,GIC,5,58,10,544.00,"5,440.00"
2020-11-01,2020110104003651,GIC,5,42,10,544.00,"5,440.00"
2020-11-01,2020110104003650,GIC,5,38,10,544.00,"5,440.00"
2020-11-01,2020110104003663,GIC,33,44,10,543.00,"5,430.00"
2020-11-01,2020110104003662,GIC,33,58,10,543.00,"5,430.00"
2020-11-01,2020110104003661,GIC,33,32,10,543.00,"5,430.00"
2020-11-01,2020110104003660,GIC,5,38,10,544.00,"5,440.00"
2020-11-01,2020110104003659,GIC,5,58,10,544.00,"5,440.00"
2020-11-01,2020110104003658,GIC,5,10,10,544.00,"5,440.00"
2020-11-01,2020110104003670,GIC,33,3,10,543.00,"5,430.00"
2020-11-01,2020110104003669,GIC,33,22,10,543.00,"5,430.00"
2020-11-01,2020110104003668,GIC,33,38,10,543.00,"5,430.00"
2020-11-01,2020110104003667,GIC,52,22,10,544.00,"5,440.00"
2020-11-01,2020110104003666,GIC,52,44,10,544.00,"5,440.00"
2020-11-01,2020110104003665,GIC,33,10,10,543.00,"5,430.00"
2020-11-01,2020110104003676,GIC,4,3,10,544.00,"5,440.00"
2020-11-01,2020110104003675,GIC,33,44,10,543.00,"5,430.00"
2020-11-01,2020110104003674,GIC,33,22,10,543.00,"5,430.00"
2020-11-01,2020110104003673,GIC,33,47,10,543.00,"5,430.00"
2020-11-01,2020110104003672,GIC,33,47,10,543.00,"5,430.00"
2020-11-01,2020110104003671,GIC,33,10,10,543.00,"5,430.00"
2020-11-01,2020110104003682,GIC,4,10,10,544.00,"5,440.00"
2020-11-01,2020110104003681,GIC,4,45,10,544.00,"5,440.00"
2020-11-01,2020110104003680,GIC,4,41,10,544.00,"5,440.00"
2020-11-01,2020110104003679,GIC,4,32,10,544.00,"5,440.00"
2020-11-01,2020110104003678,GIC,4,38,10,544.00,"5,440.00"
2020-11-01,2020110104003677,GIC,4,34,10,544.00,"5,440.00"
2020-11-01,2020110104003688,GIC,33,47,10,543.00,"5,430.00"
2020-11-01,2020110104003687,GIC,33,58,10,543.00,"5,430.00"
2020-11-01,2020110104003686,GIC,33,58,10,543.00,"5,430.00"
2020-11-01,2020110104003685,GIC,33,3,10,543.00,"5,430.00"
2020-11-01,2020110104003684,GIC,4,28,20,544.00,"10,880.00"
2020-11-01,2020110104003683,GIC,4,5,10,544.00,"5,440.00"
2020-11-01,2020110104003694,GIC,33,38,10,543.00,"5,430.00"
2020-11-01,2020110104003693,GIC,33,14,10,543.00,"5,430.00"
2020-11-01,2020110104003692,GIC,33,44,10,543.00,"5,430.00"
2020-11-01,2020110104003691,GIC,33,58,10,543.00,"5,430.00"
2020-11-01,2020110104003690,GIC,33,38,10,543.00,"5,430.00"
2020-11-01,2020110104003689,GIC,33,10,10,543.00,"5,430.00"
2020-11-01,2020110104003700,GIC,33,44,10,543.00,"5,430.00"
2020-11-01,2020110104003699,GIC,33,38,10,543.00,"5,430.00"
2020-11-01,2020110104003698,GIC,33,47,10,543.00,"5,430.00"
2020-11-01,2020110104003697,GIC,33,10,10,543.00,"5,430.00"
2020-11-01,2020110104003696,GIC,33,42,10,543.00,"5,430.00"
2020-11-01,2020110104003695,GIC,33,38,10,543.00,"5,430.00"
2020-11-01,2020110104003708,GIC,33,14,10,543.00,"5,430.00"
2020-11-01,2020110104003707,GIC,33,47,10,543.00,"5,430.00"
2020-11-01,2020110104003706,GIC,33,10,10,543.00,"5,430.00"
2020-11-01,2020110104003704,GIC,33,38,10,543.00,"5,430.00"
2020-11-01,2020110104003703,GIC,33,47,10,543.00,"5,430.00"
2020-11-01,2020110104003702,GIC,33,14,10,543.00,"5,430.00"
2020-11-01,2020110104003714,GIC,33,52,10,543.00,"5,430.00"
2020-11-01,2020110104003713,GIC,33,43,10,543.00,"5,430.00"
2020-11-01,2020110104003712,GIC,33,10,10,543.00,"5,430.00"
2020-11-01,2020110104003711,GIC,33,21,10,543.00,"5,430.00"
2020-11-01,2020110104003710,GIC,33,38,10,543.00,"5,430.00"
2020-11-01,2020110104003709,GIC,33,45,10,543.00,"5,430.00"
2020-11-01,2020110104003720,GIC,17,17,10,543.00,"5,430.00"
2020-11-01,2020110104003719,GIC,17,38,10,543.00,"5,430.00"
2020-11-01,2020110104003718,GIC,17,45,10,543.00,"5,430.00"
2020-11-01,2020110104003717,GIC,33,38,10,543.00,"5,430.00"
2020-11-01,2020110104003716,GIC,33,10,10,543.00,"5,430.00"
2020-11-01,2020110104003715,GIC,33,21,10,543.00,"5,430.00"
2020-11-01,2020110104003726,GIC,19,17,100,543.00,"54,300.00"
2020-11-01,2020110104003725,GIC,49,17,200,543.00,"108,600.00"
2020-11-01,2020110104003724,GIC,42,17,90,543.00,"48,870.00"
2020-11-01,2020110104003723,GIC,19,17,190,543.00,"103,170.00"
2020-11-01,2020110104003722,GIC,47,17,50,543.00,"27,150.00"
2020-11-01,2020110104003721,GIC,57,17,25,543.00,"13,575.00"
2020-11-01,2020110104003733,GIC,59,46,10,542.00,"5,420.00"
2020-11-01,2020110104003732,GIC,59,58,10,542.00,"5,420.00"
2020-11-01,2020110104003731,GIC,59,14,10,542.00,"5,420.00"
2020-11-01,2020110104003729,GIC,59,46,10,543.00,"5,430.00"
2020-11-01,2020110104003728,GIC,59,17,35,543.00,"19,005.00"
2020-11-01,2020110104003727,GIC,14,17,100,543.00,"54,300.00"
2020-11-01,2020110104003739,GIC,48,34,10,543.00,"5,430.00"
2020-11-01,2020110104003738,GIC,48,38,10,543.00,"5,430.00"
2020-11-01,2020110104003737,GIC,48,44,10,543.00,"5,430.00"
2020-11-01,2020110104003736,GIC,48,22,10,543.00,"5,430.00"
2020-11-01,2020110104003735,GIC,48,10,10,543.00,"5,430.00"
2020-11-01,2020110104003734,GIC,48,40,10,543.00,"5,430.00"
2020-11-01,2020110104003745,GIC,48,54,200,544.00,"108,800.00"
2020-11-01,2020110104003744,GIC,48,46,10,543.00,"5,430.00"
2020-11-01,2020110104003743,GIC,48,56,10,543.00,"5,430.00"
2020-11-01,2020110104003742,GIC,48,10,10,543.00,"5,430.00"
2020-11-01,2020110104003741,GIC,59,38,10,542.00,"5,420.00"
2020-11-01,2020110104003740,GIC,59,58,10,542.00,"5,420.00"
2020-11-01,2020110104003751,GIC,59,46,10,542.00,"5,420.00"
2020-11-01,2020110104003750,GIC,59,41,10,542.00,"5,420.00"
2020-11-01,2020110104003749,GIC,48,3,10,544.00,"5,440.00"
2020-11-01,2020110104003748,GIC,48,6,10,544.00,"5,440.00"
2020-11-01,2020110104003747,GIC,48,40,10,544.00,"5,440.00"
2020-11-01,2020110104003746,GIC,48,44,10,544.00,"5,440.00"
2020-11-01,2020110104003759,GIC,59,38,10,542.00,"5,420.00"
2020-11-01,2020110104003758,GIC,59,58,10,542.00,"5,420.00"
2020-11-01,2020110104003756,GIC,59,46,10,542.00,"5,420.00"
2020-11-01,2020110104003755,GIC,59,38,10,542.00,"5,420.00"
2020-11-01,2020110104003753,GIC,59,20,10,542.00,"5,420.00"
2020-11-01,2020110104003752,GIC,59,38,10,542.00,"5,420.00"
2020-11-01,2020110104003766,GIC,59,46,10,542.00,"5,420.00"
2020-11-01,2020110104003765,GIC,59,38,10,542.00,"5,420.00"
2020-11-01,2020110104003763,GIC,59,38,10,542.00,"5,420.00"
2020-11-01,2020110104003762,GIC,59,46,10,542.00,"5,420.00"
2020-11-01,2020110104003761,GIC,59,46,10,542.00,"5,420.00"
2020-11-01,2020110104003760,GIC,59,58,10,542.00,"5,420.00"
2020-11-01,2020110104003778,GIC,48,38,10,543.00,"5,430.00"
2020-11-01,2020110104003777,GIC,48,17,10,543.00,"5,430.00"
2020-11-01,2020110104003775,GIC,48,10,10,543.00,"5,430.00"
2020-11-01,2020110104003774,GIC,48,32,10,543.00,"5,430.00"
2020-11-01,2020110104003770,GIC,48,32,10,543.00,"5,430.00"
2020-11-01,2020110104003767,GIC,59,46,10,542.00,"5,420.00"
2020-11-01,2020110104003784,GIC,48,32,10,543.00,"5,430.00"
2020-11-01,2020110104003783,GIC,48,39,10,543.00,"5,430.00"
2020-11-01,2020110104003782,GIC,48,45,10,543.00,"5,430.00"
2020-11-01,2020110104003781,GIC,48,38,10,543.00,"5,430.00"
2020-11-01,2020110104003780,GIC,48,58,10,543.00,"5,430.00"
2020-11-01,2020110104003779,GIC,48,32,10,543.00,"5,430.00"
2020-11-01,2020110104003790,GIC,48,14,10,543.00,"5,430.00"
2020-11-01,2020110104003789,GIC,48,45,10,543.00,"5,430.00"
2020-11-01,2020110104003788,GIC,48,38,10,543.00,"5,430.00"
2020-11-01,2020110104003787,GIC,48,46,10,543.00,"5,430.00"
2020-11-01,2020110104003786,GIC,48,38,10,543.00,"5,430.00"
2020-11-01,2020110104003785,GIC,48,17,10,543.00,"5,430.00"
2020-11-01,2020110104003796,GIC,35,34,200,542.00,"108,400.00"
2020-11-01,2020110104003795,GIC,25,34,100,542.00,"54,200.00"
2020-11-01,2020110104003794,GIC,25,34,500,542.00,"271,000.00"
2020-11-01,2020110104003793,GIC,39,34,300,542.00,"162,600.00"
2020-11-01,2020110104003792,GIC,59,34,250,542.00,"135,500.00"
2020-11-01,2020110104003791,GIC,36,34,50,543.00,"27,150.00"
2020-11-01,2020110104003802,GIC,55,34,100,542.00,"54,200.00"
2020-11-01,2020110104003801,GIC,58,34,10,542.00,"5,420.00"
2020-11-01,2020110104003800,GIC,58,34,20,542.00,"10,840.00"
2020-11-01,2020110104003799,GIC,52,34,200,542.00,"108,400.00"
2020-11-01,2020110104003798,GIC,36,34,30,542.00,"16,260.00"
2020-11-01,2020110104003797,GIC,6,34,10,542.00,"5,420.00"
2020-11-01,2020110104003808,GIC,6,34,200,541.00,"108,200.00"
2020-11-01,2020110104003807,GIC,41,34,300,542.00,"162,600.00"
2020-11-01,2020110104003806,GIC,58,34,30,542.00,"16,260.00"
2020-11-01,2020110104003805,GIC,33,34,500,542.00,"271,000.00"
2020-11-01,2020110104003804,GIC,47,34,20,542.00,"10,840.00"
2020-11-01,2020110104003803,GIC,49,34,200,542.00,"108,400.00"
2020-11-01,2020110104003814,GIC,14,34,50,541.00,"27,050.00"
2020-11-01,2020110104003813,GIC,58,34,65,541.00,"35,165.00"
2020-11-01,2020110104003812,GIC,43,34,10,541.00,"5,410.00"
2020-11-01,2020110104003811,GIC,38,34,10,541.00,"5,410.00"
2020-11-01,2020110104003810,GIC,5,34,500,541.00,"270,500.00"
2020-11-01,2020110104003809,GIC,41,34,150,541.00,"81,150.00"
2020-11-01,2020110104003820,GIC,48,34,500,541.00,"270,500.00"
2020-11-01,2020110104003819,GIC,25,34,50,541.00,"27,050.00"
2020-11-01,2020110104003818,GIC,48,34,500,541.00,"270,500.00"
2020-11-01,2020110104003817,GIC,48,34,500,541.00,"270,500.00"
2020-11-01,2020110104003816,GIC,58,34,100,541.00,"54,100.00"
2020-11-01,2020110104003815,GIC,41,34,100,541.00,"54,100.00"
2020-11-01,2020110104003826,GIC,47,34,10,540.00,"5,400.00"
2020-11-01,2020110104003825,GIC,26,34,100,540.00,"54,000.00"
2020-11-01,2020110104003824,GIC,17,34,280,540.00,"151,200.00"
2020-11-01,2020110104003823,GIC,58,34,40,541.00,"21,640.00"
2020-11-01,2020110104003822,GIC,1,34,80,541.00,"43,280.00"
2020-11-01,2020110104003821,GIC,43,34,20,541.00,"10,820.00"
2020-11-01,2020110104003832,GIC,41,34,20,540.00,"10,800.00"
2020-11-01,2020110104003831,GIC,43,34,500,540.00,"270,000.00"
2020-11-01,2020110104003830,GIC,50,34,90,540.00,"48,600.00"
2020-11-01,2020110104003829,GIC,45,34,10,540.00,"5,400.00"
2020-11-01,2020110104003828,GIC,42,34,15,540.00,"8,100.00"
2020-11-01,2020110104003827,GIC,10,34,300,540.00,"162,000.00"
2020-11-01,2020110104003838,GIC,36,34,250,540.00,"135,000.00"
2020-11-01,2020110104003837,GIC,41,34,"1,000",540.00,"540,000.00"
2020-11-01,2020110104003836,GIC,5,34,40,540.00,"21,600.00"
2020-11-01,2020110104003835,GIC,41,34,200,540.00,"108,000.00"
2020-11-01,2020110104003834,GIC,25,34,30,540.00,"16,200.00"
2020-11-01,2020110104003833,GIC,17,34,300,540.00,"162,000.00"
2020-11-01,2020110104003844,GIC,19,34,50,540.00,"27,000.00"
2020-11-01,2020110104003843,GIC,41,34,100,540.00,"54,000.00"
2020-11-01,2020110104003842,GIC,26,34,10,540.00,"5,400.00"
2020-11-01,2020110104003841,GIC,55,34,10,540.00,"5,400.00"
2020-11-01,2020110104003840,GIC,5,34,500,540.00,"270,000.00"
2020-11-01,2020110104003839,GIC,35,34,10,540.00,"5,400.00"
2020-11-01,2020110104003850,GIC,25,34,52,540.00,"28,080.00"
2020-11-01,2020110104003849,GIC,38,34,100,540.00,"54,000.00"
2020-11-01,2020110104003848,GIC,3,34,50,540.00,"27,000.00"
2020-11-01,2020110104003847,GIC,42,34,20,540.00,"10,800.00"
2020-11-01,2020110104003846,GIC,19,34,50,540.00,"27,000.00"
2020-11-01,2020110104003845,GIC,10,34,200,540.00,"108,000.00"
2020-11-01,2020110104003857,GIC,25,17,10,540.00,"5,400.00"
2020-11-01,2020110104003856,GIC,25,46,10,540.00,"5,400.00"
2020-11-01,2020110104003855,GIC,25,36,10,540.00,"5,400.00"
2020-11-01,2020110104003854,GIC,25,17,10,540.00,"5,400.00"
2020-11-01,2020110104003853,GIC,25,14,10,540.00,"5,400.00"
2020-11-01,2020110104003852,GIC,25,38,10,540.00,"5,400.00"
2020-11-01,2020110104003866,GIC,25,44,10,540.00,"5,400.00"
2020-11-01,2020110104003865,GIC,25,46,10,540.00,"5,400.00"
2020-11-01,2020110104003864,GIC,25,17,10,540.00,"5,400.00"
2020-11-01,2020110104003863,GIC,25,49,10,540.00,"5,400.00"
2020-11-01,2020110104003862,GIC,25,46,10,540.00,"5,400.00"
2020-11-01,2020110104003859,GIC,25,21,10,540.00,"5,400.00"
2020-11-01,2020110104003873,GIC,25,44,10,540.00,"5,400.00"
2020-11-01,2020110104003871,GIC,25,47,10,540.00,"5,400.00"
2020-11-01,2020110104003870,GIC,25,3,10,540.00,"5,400.00"
2020-11-01,2020110104003869,GIC,25,49,10,540.00,"5,400.00"
2020-11-01,2020110104003868,GIC,25,44,10,540.00,"5,400.00"
2020-11-01,2020110104003867,GIC,25,17,10,540.00,"5,400.00"
2020-11-01,2020110104003880,GIC,25,46,10,540.00,"5,400.00"
2020-11-01,2020110104003879,GIC,25,44,10,540.00,"5,400.00"
2020-11-01,2020110104003877,GIC,25,42,10,540.00,"5,400.00"
2020-11-01,2020110104003876,GIC,25,44,10,540.00,"5,400.00"
2020-11-01,2020110104003875,GIC,25,46,10,540.00,"5,400.00"
2020-11-01,2020110104003874,GIC,25,45,10,540.00,"5,400.00"
2020-11-01,2020110104003886,GIC,43,6,10,541.00,"5,410.00"
2020-11-01,2020110104003885,GIC,25,44,10,540.00,"5,400.00"
2020-11-01,2020110104003884,GIC,25,46,10,540.00,"5,400.00"
2020-11-01,2020110104003883,GIC,25,44,10,540.00,"5,400.00"
2020-11-01,2020110104003882,GIC,25,44,10,540.00,"5,400.00"
2020-11-01,2020110104003881,GIC,25,44,10,540.00,"5,400.00"
2020-11-01,2020110104003892,GIC,14,44,10,541.00,"5,410.00"
2020-11-01,2020110104003891,GIC,14,56,10,541.00,"5,410.00"
2020-11-01,2020110104003890,GIC,14,46,10,541.00,"5,410.00"
2020-11-01,2020110104003889,GIC,14,44,10,541.00,"5,410.00"
2020-11-01,2020110104003888,GIC,14,53,10,541.00,"5,410.00"
2020-11-01,2020110104003887,GIC,43,17,10,541.00,"5,410.00"
2020-11-01,2020110104003899,GIC,14,59,10,541.00,"5,410.00"
2020-11-01,2020110104003898,GIC,14,44,10,541.00,"5,410.00"
2020-11-01,2020110104003897,GIC,14,56,10,541.00,"5,410.00"
2020-11-01,2020110104003896,GIC,14,44,10,541.00,"5,410.00"
2020-11-01,2020110104003895,GIC,14,46,10,541.00,"5,410.00"
2020-11-01,2020110104003894,GIC,14,58,10,541.00,"5,410.00"
2020-11-01,2020110104003905,GIC,14,44,10,541.00,"5,410.00"
2020-11-01,2020110104003904,GIC,14,3,10,541.00,"5,410.00"
2020-11-01,2020110104003903,GIC,14,44,10,541.00,"5,410.00"
2020-11-01,2020110104003902,GIC,14,17,10,541.00,"5,410.00"
2020-11-01,2020110104003901,GIC,14,44,10,541.00,"5,410.00"
2020-11-01,2020110104003900,GIC,14,46,10,541.00,"5,410.00"
2020-11-01,2020110104003911,GIC,49,3,10,541.00,"5,410.00"
2020-11-01,2020110104003910,GIC,43,44,10,541.00,"5,410.00"
2020-11-01,2020110104003909,GIC,34,44,10,541.00,"5,410.00"
2020-11-01,2020110104003908,GIC,14,3,10,541.00,"5,410.00"
2020-11-01,2020110104003907,GIC,14,42,10,541.00,"5,410.00"
2020-11-01,2020110104003906,GIC,14,46,10,541.00,"5,410.00"
2020-11-01,2020110104003917,GIC,10,21,10,542.00,"5,420.00"
2020-11-01,2020110104003916,GIC,10,57,10,542.00,"5,420.00"
2020-11-01,2020110104003915,GIC,10,34,10,542.00,"5,420.00"
2020-11-01,2020110104003914,GIC,10,57,10,542.00,"5,420.00"
2020-11-01,2020110104003913,GIC,10,45,10,542.00,"5,420.00"
2020-11-01,2020110104003912,GIC,10,34,10,542.00,"5,420.00"
2020-11-01,2020110104003923,GIC,49,45,10,541.00,"5,410.00"
2020-11-01,2020110104003922,GIC,49,46,10,541.00,"5,410.00"
2020-11-01,2020110104003921,GIC,49,46,10,541.00,"5,410.00"
2020-11-01,2020110104003920,GIC,49,44,10,541.00,"5,410.00"
2020-11-01,2020110104003919,GIC,10,49,10,542.00,"5,420.00"
2020-11-01,2020110104003918,GIC,10,45,10,542.00,"5,420.00"
2020-11-01,2020110104003929,GIC,25,44,10,540.00,"5,400.00"
2020-11-01,2020110104003928,GIC,49,46,10,541.00,"5,410.00"
2020-11-01,2020110104003927,GIC,49,46,10,541.00,"5,410.00"
2020-11-01,2020110104003926,GIC,49,41,10,541.00,"5,410.00"
2020-11-01,2020110104003925,GIC,49,44,10,541.00,"5,410.00"
2020-11-01,2020110104003924,GIC,49,44,10,541.00,"5,410.00"
2020-11-01,2020110104003936,GIC,49,46,10,541.00,"5,410.00"
2020-11-01,2020110104003935,GIC,49,32,10,541.00,"5,410.00"
2020-11-01,2020110104003934,GIC,25,44,10,540.00,"5,400.00"
2020-11-01,2020110104003933,GIC,51,58,10,541.00,"5,410.00"
2020-11-01,2020110104003932,GIC,25,45,10,540.00,"5,400.00"
2020-11-01,2020110104003930,GIC,25,40,10,540.00,"5,400.00"
2020-11-01,2020110104003946,GIC,17,48,10,541.00,"5,410.00"
2020-11-01,2020110104003945,GIC,25,21,10,540.00,"5,400.00"
2020-11-01,2020110104003944,GIC,25,38,10,540.00,"5,400.00"
2020-11-01,2020110104003942,GIC,38,56,10,541.00,"5,410.00"
2020-11-01,2020110104003938,GIC,49,44,10,541.00,"5,410.00"
2020-11-01,2020110104003937,GIC,49,46,10,541.00,"5,410.00"
2020-11-01,2020110104003952,GIC,52,42,10,542.00,"5,420.00"
2020-11-01,2020110104003951,GIC,52,14,10,542.00,"5,420.00"
2020-11-01,2020110104003950,GIC,34,46,10,541.00,"5,410.00"
2020-11-01,2020110104003949,GIC,17,21,10,541.00,"5,410.00"
2020-11-01,2020110104003948,GIC,17,40,10,541.00,"5,410.00"
2020-11-01,2020110104003947,GIC,17,44,10,541.00,"5,410.00"
2020-11-01,2020110104003960,GIC,34,44,10,541.00,"5,410.00"
2020-11-01,2020110104003959,GIC,34,44,10,541.00,"5,410.00"
2020-11-01,2020110104003957,GIC,34,46,10,541.00,"5,410.00"
2020-11-01,2020110104003956,GIC,22,44,10,542.00,"5,420.00"
2020-11-01,2020110104003955,GIC,22,34,10,542.00,"5,420.00"
2020-11-01,2020110104003953,GIC,34,44,10,541.00,"5,410.00"
2020-11-01,2020110104003967,GIC,10,44,10,541.00,"5,410.00"
2020-11-01,2020110104003965,GIC,34,44,10,541.00,"5,410.00"
2020-11-01,2020110104003964,GIC,34,58,10,541.00,"5,410.00"
2020-11-01,2020110104003963,GIC,34,46,10,541.00,"5,410.00"
2020-11-01,2020110104003962,GIC,34,44,10,541.00,"5,410.00"
2020-11-01,2020110104003961,GIC,34,29,10,541.00,"5,410.00"
2020-11-01,2020110104003974,GIC,59,38,10,541.00,"5,410.00"
2020-11-01,2020110104003973,GIC,59,44,10,541.00,"5,410.00"
2020-11-01,2020110104003971,GIC,59,14,10,541.00,"5,410.00"
2020-11-01,2020110104003970,GIC,59,46,10,541.00,"5,410.00"
2020-11-01,2020110104003969,GIC,59,38,10,541.00,"5,410.00"
2020-11-01,2020110104003968,GIC,10,58,10,541.00,"5,410.00"
2020-11-01,2020110104003982,GIC,17,58,10,542.00,"5,420.00"
2020-11-01,2020110104003981,GIC,17,49,10,542.00,"5,420.00"
2020-11-01,2020110104003980,GIC,17,57,10,542.00,"5,420.00"
2020-11-01,2020110104003979,GIC,17,39,10,542.00,"5,420.00"
2020-11-01,2020110104003978,GIC,59,42,10,541.00,"5,410.00"
2020-11-01,2020110104003977,GIC,59,44,10,541.00,"5,410.00"
2020-11-01,2020110104003989,GIC,59,42,10,541.00,"5,410.00"
2020-11-01,2020110104003988,GIC,59,53,10,541.00,"5,410.00"
2020-11-01,2020110104003987,GIC,59,44,10,541.00,"5,410.00"
2020-11-01,2020110104003985,GIC,59,58,10,541.00,"5,410.00"
2020-11-01,2020110104003984,GIC,59,58,10,541.00,"5,410.00"
2020-11-01,2020110104003983,GIC,59,43,10,541.00,"5,410.00"
2020-11-01,2020110104003999,GIC,59,29,10,541.00,"5,410.00"
2020-11-01,2020110104003998,GIC,59,58,10,541.00,"5,410.00"
2020-11-01,2020110104003993,GIC,59,33,10,541.00,"5,410.00"
2020-11-01,2020110104003992,GIC,59,44,10,541.00,"5,410.00"
2020-11-01,2020110104003991,GIC,59,29,10,541.00,"5,410.00"
2020-11-01,2020110104003990,GIC,59,54,10,541.00,"5,410.00"
2020-11-01,2020110104004005,GIC,38,58,20,542.00,"10,840.00"
2020-11-01,2020110104004004,GIC,38,58,10,542.00,"5,420.00"
2020-11-01,2020110104004003,GIC,38,44,10,542.00,"5,420.00"
2020-11-01,2020110104004002,GIC,38,25,10,542.00,"5,420.00"
2020-11-01,2020110104004001,GIC,21,44,10,541.00,"5,410.00"
2020-11-01,2020110104004000,GIC,59,10,10,541.00,"5,410.00"
2020-11-01,2020110104004012,GIC,21,44,10,541.00,"5,410.00"
2020-11-01,2020110104004011,GIC,21,34,10,541.00,"5,410.00"
2020-11-01,2020110104004010,GIC,21,58,10,541.00,"5,410.00"
2020-11-01,2020110104004009,GIC,38,44,10,542.00,"5,420.00"
2020-11-01,2020110104004007,GIC,38,44,10,542.00,"5,420.00"
2020-11-01,2020110104004006,GIC,38,58,10,542.00,"5,420.00"
2020-11-01,2020110104004018,GIC,21,40,10,541.00,"5,410.00"
2020-11-01,2020110104004017,GIC,21,57,10,541.00,"5,410.00"
2020-11-01,2020110104004016,GIC,21,58,10,541.00,"5,410.00"
2020-11-01,2020110104004015,GIC,21,44,10,541.00,"5,410.00"
2020-11-01,2020110104004014,GIC,45,58,10,542.00,"5,420.00"
2020-11-01,2020110104004013,GIC,21,40,10,541.00,"5,410.00"
2020-11-01,2020110104004024,GIC,21,43,10,541.00,"5,410.00"
2020-11-01,2020110104004023,GIC,21,44,10,541.00,"5,410.00"
2020-11-01,2020110104004022,GIC,21,58,10,541.00,"5,410.00"
2020-11-01,2020110104004021,GIC,34,28,100,542.00,"54,200.00"
2020-11-01,2020110104004020,GIC,21,35,10,541.00,"5,410.00"
2020-11-01,2020110104004019,GIC,21,44,10,541.00,"5,410.00"
2020-11-01,2020110104004031,GIC,21,29,100,541.00,"54,100.00"
2020-11-01,2020110104004029,GIC,26,28,10,542.00,"5,420.00"
2020-11-01,2020110104004028,GIC,21,57,10,541.00,"5,410.00"
2020-11-01,2020110104004027,GIC,21,42,10,541.00,"5,410.00"
2020-11-01,2020110104004026,GIC,21,58,10,541.00,"5,410.00"
2020-11-01,2020110104004025,GIC,21,35,10,541.00,"5,410.00"
2020-11-01,2020110104003860,LEMF,21,55,"1,900",9.10,"17,290.00"
2020-11-01,2020110104004030,LUK,57,21,100,8.92,892.00
2020-11-01,2020110104003893,LUK,5,6,500,9.00,"4,500.00"
2020-11-01,2020110104003943,NBF2,11,29,"2,000",9.23,"18,460.00"
2020-11-01,2020110104003773,NBF2,11,29,"2,600",9.23,"23,998.00"
2020-11-01,2020110104003772,NBF2,17,29,"1,000",9.24,"9,240.00"
2020-11-01,2020110104003771,NBF2,21,29,400,9.25,"3,700.00"
2020-11-01,2020110104003655,NBF2,21,49,300,9.25,"2,775.00"
2020-11-01,2020110104003939,NEF,47,33,"1,000",9.10,"9,100.00"
2020-11-01,2020110104003976,NIBLPF,25,19,995,9.44,"9,392.80"
2020-11-01,2020110104003975,NIBLPF,25,42,505,9.37,"4,731.85"
2020-11-01,2020110104003769,NIBLPF,50,19,"2,000",9.37,"18,740.00"
2020-11-01,2020110104003768,NIBLPF,50,19,"2,000",9.37,"18,740.00"
2020-11-01,2020110104003764,NIBLPF,21,19,"5,849",9.38,"54,863.62"
2020-11-01,2020110104003618,NIBLPF,21,38,100,9.38,938.00
2020-11-01,2020110104003878,NIBPO,45,34,"1,000",385.00,"385,000.00"
2020-11-01,2020110104003858,NIBPO,38,6,500,381.00,"190,500.00"
2020-11-01,2020110104003656,NIBPO,38,54,44,381.00,"16,764.00"
2020-11-01,2020110104003634,NIBPO,38,28,"1,142",381.00,"435,102.00"
2020-11-01,2020110104003633,NIBPO,52,28,200,381.00,"76,200.00"
2020-11-01,2020110104003632,NIBPO,6,28,300,381.00,"114,300.00"
2020-11-01,2020110104003610,NIBPO,16,54,188,384.00,"72,192.00"
2020-11-01,2020110104003619,NIBPO,47,28,300,384.00,"115,200.00"
2020-11-01,2020110104003615,NIBPO,47,54,100,384.00,"38,400.00"
2020-11-01,2020110104003614,NIBPO,47,54,30,384.00,"11,520.00"
2020-11-01,2020110104003613,NIBPO,47,54,50,384.00,"19,200.00"
2020-11-01,2020110104003612,NIBPO,47,54,58,384.00,"22,272.00"
2020-11-01,2020110104003611,NIBPO,47,54,30,384.00,"11,520.00"
2020-11-01,2020110104003625,NIBPO,47,28,50,383.00,"19,150.00"
2020-11-01,2020110104003624,NIBPO,47,28,100,383.00,"38,300.00"
2020-11-01,2020110104003623,NIBPO,47,28,50,383.00,"19,150.00"
2020-11-01,2020110104003622,NIBPO,26,28,500,383.00,"191,500.00"
2020-11-01,2020110104003621,NIBPO,47,28,50,383.00,"19,150.00"
2020-11-01,2020110104003620,NIBPO,47,28,350,384.00,"134,400.00"
2020-11-01,2020110104003631,NIBPO,50,28,200,381.00,"76,200.00"
2020-11-01,2020110104003630,NIBPO,14,28,80,382.00,"30,560.00"
2020-11-01,2020110104003629,NIBPO,25,28,200,382.00,"76,400.00"
2020-11-01,2020110104003628,NIBPO,8,28,946,382.00,"361,372.00"
2020-11-01,2020110104003627,NIBPO,34,28,500,383.00,"191,500.00"
2020-11-01,2020110104003626,NIBPO,47,28,50,383.00,"19,150.00"
2020-11-01,2020110104003563,NICAD8283,4,37,50,"1,100.00","55,000.00"
2020-11-01,2020110104003562,NICAD8283,4,43,25,"1,100.00","27,500.00"
2020-11-01,2020110104003561,NICAD8283,4,45,200,"1,099.00","219,800.00"
2020-11-01,2020110104003560,NICAD8283,4,43,25,"1,099.00","27,475.00"
2020-11-01,2020110104003776,NICBF,42,49,500,9.21,"4,605.00"
2020-11-01,2020110104003757,NICBF,22,53,300,9.18,"2,754.00"
2020-11-01,2020110104003986,NICGF,8,49,"2,500",9.85,"24,625.00"
2020-11-01,2020110104003972,NICGF,8,45,500,9.85,"4,925.00"
2020-11-01,2020110104003872,NICGF,8,29,300,9.85,"2,955.00"
2020-11-01,2020110104003664,NICGF,8,16,100,9.82,982.00
2020-11-01,2020110104003616,NICGF,8,42,200,9.82,"1,964.00"
2020-11-01,2020110104003539,NICGF,8,21,130,9.82,"1,276.60"
2020-11-01,2020110104004008,NMB50,5,10,100,9.29,929.00
2020-11-01,2020110104003591,NMB50,21,53,200,9.13,"1,826.00"
2020-11-01,2020110104003642,RBCLPO,8,49,10,"11,250.00","112,500.00"
2020-11-01,2020110104003641,RBCLPO,8,41,10,"11,238.00","112,380.00"
2020-11-01,2020110104003640,RBCLPO,8,55,20,"11,234.00","224,680.00"
2020-11-01,2020110104003639,RBCLPO,8,33,15,"11,225.00","168,375.00"
2020-11-01,2020110104003638,RBCLPO,8,26,50,"11,220.00","561,000.00"
2020-11-01,2020110104004032,SBIBD86,13,11,50,"1,040.00","52,000.00"
2020-11-01,2020110104003995,SBIBD86,13,11,150,"1,040.00","156,000.00"
2020-11-01,2020110104003994,SBIBD86,17,11,50,"1,040.00","52,000.00"
2020-11-01,2020110104003851,SEF,47,57,"1,500",9.53,"14,295.00"
2020-11-01,2020110104003548,SEF,47,21,600,9.53,"5,718.00"
2020-11-01,2020110104003701,SFMF,26,49,500,9.39,"4,695.00"
2020-11-01,2020110104003997,STC,45,58,40,"3,656.00","146,240.00"
2020-11-01,2020110104003996,STC,45,34,30,"3,654.00","109,620.00"
2020-11-01,2020110104003966,STC,45,3,100,"3,653.00","365,300.00"
2020-11-01,2020110104003958,STC,45,34,20,"3,654.00","73,080.00"
2020-11-01,2020110104003954,STC,57,34,50,"3,654.00","182,700.00"
2020-11-01,2020110104003941,STC,14,3,100,"3,653.00","365,300.00"
2020-11-01,2020110104003940,STC,14,3,50,"3,652.00","182,600.00"
2020-11-01,2020110104003931,STC,57,3,50,"3,651.00","182,550.00"
2020-11-01,2020110104003705,STC,17,34,25,"3,650.00","91,250.00"
2020-11-01,2020110104003440,BBC,58,14,50,"1,936.00","96,800.00"
2020-11-01,2020110104003495,CMF1,22,21,250,9.69,"2,422.50"
2020-11-01,2020110104003489,CMF1,21,21,750,9.70,"7,275.00"
2020-11-01,2020110104003538,GIC,55,21,10,543.00,"5,430.00"
2020-11-01,2020110104003537,GIC,55,10,10,543.00,"5,430.00"
2020-11-01,2020110104003536,GIC,42,34,155,544.00,"84,320.00"
2020-11-01,2020110104003535,GIC,55,22,10,543.00,"5,430.00"
2020-11-01,2020110104003534,GIC,25,45,10,544.00,"5,440.00"
2020-11-01,2020110104003533,GIC,25,45,10,544.00,"5,440.00"
2020-11-01,2020110104003043,GIC,57,35,10,544.00,"5,440.00"
2020-11-01,2020110104003042,GIC,37,51,10,544.00,"5,440.00"
2020-11-01,2020110104003041,GIC,37,57,10,544.00,"5,440.00"
2020-11-01,2020110104003040,GIC,37,47,10,544.00,"5,440.00"
2020-11-01,2020110104003039,GIC,37,51,10,544.00,"5,440.00"
2020-11-01,2020110104003049,GIC,8,52,40,544.00,"21,760.00"
2020-11-01,2020110104003048,GIC,8,3,10,544.00,"5,440.00"
2020-11-01,2020110104003047,GIC,57,13,10,544.00,"5,440.00"
2020-11-01,2020110104003046,GIC,57,59,10,544.00,"5,440.00"
2020-11-01,2020110104003045,GIC,57,57,10,544.00,"5,440.00"
2020-11-01,2020110104003044,GIC,57,57,10,544.00,"5,440.00"
2020-11-01,2020110104003055,GIC,58,52,10,544.00,"5,440.00"
2020-11-01,2020110104003054,GIC,59,58,10,543.00,"5,430.00"
2020-11-01,2020110104003053,GIC,59,38,10,543.00,"5,430.00"
2020-11-01,2020110104003052,GIC,59,58,10,543.00,"5,430.00"
2020-11-01,2020110104003051,GIC,59,36,10,543.00,"5,430.00"
2020-11-01,2020110104003050,GIC,59,58,10,543.00,"5,430.00"
2020-11-01,2020110104003062,GIC,58,49,10,543.00,"5,430.00"
2020-11-01,2020110104003061,GIC,58,39,10,543.00,"5,430.00"
2020-11-01,2020110104003060,GIC,58,52,60,543.00,"32,580.00"
2020-11-01,2020110104003059,GIC,11,52,100,543.00,"54,300.00"
2020-11-01,2020110104003058,GIC,59,52,140,543.00,"76,020.00"
2020-11-01,2020110104003056,GIC,59,47,10,543.00,"5,430.00"
2020-11-01,2020110104003068,GIC,58,47,10,543.00,"5,430.00"
2020-11-01,2020110104003067,GIC,58,58,10,543.00,"5,430.00"
2020-11-01,2020110104003066,GIC,58,40,10,543.00,"5,430.00"
2020-11-01,2020110104003065,GIC,58,49,10,543.00,"5,430.00"
2020-11-01,2020110104003064,GIC,58,58,10,543.00,"5,430.00"
2020-11-01,2020110104003063,GIC,58,45,10,543.00,"5,430.00"
2020-11-01,2020110104003074,GIC,14,41,10,544.00,"5,440.00"
2020-11-01,2020110104003073,GIC,14,48,10,544.00,"5,440.00"
2020-11-01,2020110104003072,GIC,58,58,10,543.00,"5,430.00"
2020-11-01,2020110104003071,GIC,58,49,10,543.00,"5,430.00"
2020-11-01,2020110104003070,GIC,58,42,10,543.00,"5,430.00"
2020-11-01,2020110104003069,GIC,58,55,10,543.00,"5,430.00"
2020-11-01,2020110104003081,GIC,58,49,10,543.00,"5,430.00"
2020-11-01,2020110104003080,GIC,58,42,10,543.00,"5,430.00"
2020-11-01,2020110104003079,GIC,58,1,10,543.00,"5,430.00"
2020-11-01,2020110104003077,GIC,58,49,10,543.00,"5,430.00"
2020-11-01,2020110104003076,GIC,58,47,10,543.00,"5,430.00"
2020-11-01,2020110104003075,GIC,14,21,10,544.00,"5,440.00"
2020-11-01,2020110104003088,GIC,38,13,10,543.00,"5,430.00"
2020-11-01,2020110104003087,GIC,34,1,10,544.00,"5,440.00"
2020-11-01,2020110104003086,GIC,38,52,10,543.00,"5,430.00"
2020-11-01,2020110104003085,GIC,58,42,10,543.00,"5,430.00"
2020-11-01,2020110104003083,GIC,58,18,10,543.00,"5,430.00"
2020-11-01,2020110104003082,GIC,58,37,10,543.00,"5,430.00"
2020-11-01,2020110104003100,GIC,59,58,10,544.00,"5,440.00"
2020-11-01,2020110104003098,GIC,42,17,10,545.00,"5,450.00"
2020-11-01,2020110104003097,GIC,42,38,10,545.00,"5,450.00"
2020-11-01,2020110104003096,GIC,59,57,10,544.00,"5,440.00"
2020-11-01,2020110104003095,GIC,59,49,10,544.00,"5,440.00"
2020-11-01,2020110104003094,GIC,38,52,10,543.00,"5,430.00"
2020-11-01,2020110104003120,GIC,59,16,10,544.00,"5,440.00"
2020-11-01,2020110104003119,GIC,59,35,10,544.00,"5,440.00"
2020-11-01,2020110104003118,GIC,59,37,10,544.00,"5,440.00"
2020-11-01,2020110104003117,GIC,59,45,10,544.00,"5,440.00"
2020-11-01,2020110104003114,GIC,59,4,10,544.00,"5,440.00"
2020-11-01,2020110104003103,GIC,59,53,10,544.00,"5,440.00"
2020-11-01,2020110104003128,GIC,59,58,10,544.00,"5,440.00"
2020-11-01,2020110104003127,GIC,59,45,10,544.00,"5,440.00"
2020-11-01,2020110104003126,GIC,59,17,10,544.00,"5,440.00"
2020-11-01,2020110104003125,GIC,59,56,10,544.00,"5,440.00"
2020-11-01,2020110104003124,GIC,59,50,10,544.00,"5,440.00"
2020-11-01,2020110104003122,GIC,59,58,10,544.00,"5,440.00"
2020-11-01,2020110104003134,GIC,57,35,10,545.00,"5,450.00"
2020-11-01,2020110104003133,GIC,57,17,10,545.00,"5,450.00"
2020-11-01,2020110104003132,GIC,38,37,10,544.00,"5,440.00"
2020-11-01,2020110104003131,GIC,38,17,10,544.00,"5,440.00"
2020-11-01,2020110104003130,GIC,38,58,10,544.00,"5,440.00"
2020-11-01,2020110104003129,GIC,42,56,10,544.00,"5,440.00"
2020-11-01,2020110104003140,GIC,57,41,10,545.00,"5,450.00"
2020-11-01,2020110104003139,GIC,57,42,10,545.00,"5,450.00"
2020-11-01,2020110104003138,GIC,57,43,10,545.00,"5,450.00"
2020-11-01,2020110104003137,GIC,57,13,10,545.00,"5,450.00"
2020-11-01,2020110104003136,GIC,57,17,10,545.00,"5,450.00"
2020-11-01,2020110104003135,GIC,57,17,10,545.00,"5,450.00"
2020-11-01,2020110104003146,GIC,57,32,10,545.00,"5,450.00"
2020-11-01,2020110104003145,GIC,57,16,10,545.00,"5,450.00"
2020-11-01,2020110104003144,GIC,57,34,10,545.00,"5,450.00"
2020-11-01,2020110104003143,GIC,57,42,10,545.00,"5,450.00"
2020-11-01,2020110104003142,GIC,57,38,10,545.00,"5,450.00"
2020-11-01,2020110104003141,GIC,57,1,10,545.00,"5,450.00"
2020-11-01,2020110104003152,GIC,57,44,10,545.00,"5,450.00"
2020-11-01,2020110104003151,GIC,57,58,10,545.00,"5,450.00"
2020-11-01,2020110104003150,GIC,57,17,10,545.00,"5,450.00"
2020-11-01,2020110104003149,GIC,57,47,10,545.00,"5,450.00"
2020-11-01,2020110104003148,GIC,57,34,10,545.00,"5,450.00"
2020-11-01,2020110104003147,GIC,57,58,10,545.00,"5,450.00"
2020-11-01,2020110104003158,GIC,57,58,10,545.00,"5,450.00"
2020-11-01,2020110104003157,GIC,57,56,10,545.00,"5,450.00"
2020-11-01,2020110104003156,GIC,57,35,10,545.00,"5,450.00"
2020-11-01,2020110104003155,GIC,57,56,10,545.00,"5,450.00"
2020-11-01,2020110104003154,GIC,57,56,10,545.00,"5,450.00"
2020-11-01,2020110104003153,GIC,57,56,10,545.00,"5,450.00"
2020-11-01,2020110104003164,GIC,57,58,10,545.00,"5,450.00"
2020-11-01,2020110104003163,GIC,38,37,10,544.00,"5,440.00"
2020-11-01,2020110104003162,GIC,38,26,10,544.00,"5,440.00"
2020-11-01,2020110104003161,GIC,57,41,10,545.00,"5,450.00"
2020-11-01,2020110104003160,GIC,57,58,10,545.00,"5,450.00"
2020-11-01,2020110104003159,GIC,57,21,10,545.00,"5,450.00"
2020-11-01,2020110104003170,GIC,38,44,10,544.00,"5,440.00"
2020-11-01,2020110104003169,GIC,38,38,10,544.00,"5,440.00"
2020-11-01,2020110104003168,GIC,38,44,10,544.00,"5,440.00"
2020-11-01,2020110104003167,GIC,38,40,10,544.00,"5,440.00"
2020-11-01,2020110104003166,GIC,38,37,10,544.00,"5,440.00"
2020-11-01,2020110104003165,GIC,57,45,10,545.00,"5,450.00"
2020-11-01,2020110104003179,GIC,38,59,10,544.00,"5,440.00"
2020-11-01,2020110104003178,GIC,38,58,10,544.00,"5,440.00"
2020-11-01,2020110104003177,GIC,38,38,10,544.00,"5,440.00"
2020-11-01,2020110104003176,GIC,38,41,10,544.00,"5,440.00"
2020-11-01,2020110104003175,GIC,38,47,10,544.00,"5,440.00"
2020-11-01,2020110104003174,GIC,38,38,10,544.00,"5,440.00"
2020-11-01,2020110104003185,GIC,38,56,10,544.00,"5,440.00"
2020-11-01,2020110104003184,GIC,38,17,10,544.00,"5,440.00"
2020-11-01,2020110104003183,GIC,38,17,10,544.00,"5,440.00"
2020-11-01,2020110104003182,GIC,38,53,10,544.00,"5,440.00"
2020-11-01,2020110104003181,GIC,38,17,10,544.00,"5,440.00"
2020-11-01,2020110104003180,GIC,38,47,10,544.00,"5,440.00"
2020-11-01,2020110104003191,GIC,38,56,10,544.00,"5,440.00"
2020-11-01,2020110104003190,GIC,38,17,10,544.00,"5,440.00"
2020-11-01,2020110104003189,GIC,38,38,10,544.00,"5,440.00"
2020-11-01,2020110104003188,GIC,38,36,10,544.00,"5,440.00"
2020-11-01,2020110104003187,GIC,38,56,10,544.00,"5,440.00"
2020-11-01,2020110104003186,GIC,38,32,10,544.00,"5,440.00"
2020-11-01,2020110104003197,GIC,38,56,10,544.00,"5,440.00"
2020-11-01,2020110104003196,GIC,38,56,10,544.00,"5,440.00"
2020-11-01,2020110104003195,GIC,38,34,10,544.00,"5,440.00"
2020-11-01,2020110104003194,GIC,38,17,10,544.00,"5,440.00"
2020-11-01,2020110104003193,GIC,38,58,10,544.00,"5,440.00"
2020-11-01,2020110104003192,GIC,38,56,10,544.00,"5,440.00"
2020-11-01,2020110104003203,GIC,38,58,10,544.00,"5,440.00"
2020-11-01,2020110104003202,GIC,38,56,10,544.00,"5,440.00"
2020-11-01,2020110104003201,GIC,38,34,10,544.00,"5,440.00"
2020-11-01,2020110104003200,GIC,38,32,10,544.00,"5,440.00"
2020-11-01,2020110104003199,GIC,38,39,10,544.00,"5,440.00"
2020-11-01,2020110104003198,GIC,38,53,10,544.00,"5,440.00"
2020-11-01,2020110104003209,GIC,38,39,10,544.00,"5,440.00"
2020-11-01,2020110104003208,GIC,38,34,10,544.00,"5,440.00"
2020-11-01,2020110104003207,GIC,38,56,10,544.00,"5,440.00"
2020-11-01,2020110104003206,GIC,38,32,10,544.00,"5,440.00"
2020-11-01,2020110104003205,GIC,38,56,10,544.00,"5,440.00"
2020-11-01,2020110104003204,GIC,38,39,10,544.00,"5,440.00"
2020-11-01,2020110104003215,GIC,38,32,10,544.00,"5,440.00"
2020-11-01,2020110104003214,GIC,14,45,10,545.00,"5,450.00"
2020-11-01,2020110104003213,GIC,14,6,10,545.00,"5,450.00"
2020-11-01,2020110104003212,GIC,14,53,10,545.00,"5,450.00"
2020-11-01,2020110104003211,GIC,14,45,10,545.00,"5,450.00"
2020-11-01,2020110104003210,GIC,38,56,10,544.00,"5,440.00"
2020-11-01,2020110104003224,GIC,38,56,10,544.00,"5,440.00"
2020-11-01,2020110104003223,GIC,38,39,10,544.00,"5,440.00"
2020-11-01,2020110104003219,GIC,38,32,10,544.00,"5,440.00"
2020-11-01,2020110104003218,GIC,38,47,10,544.00,"5,440.00"
2020-11-01,2020110104003217,GIC,38,39,10,544.00,"5,440.00"
2020-11-01,2020110104003216,GIC,38,53,10,544.00,"5,440.00"
2020-11-01,2020110104003231,GIC,38,39,10,544.00,"5,440.00"
2020-11-01,2020110104003230,GIC,38,32,10,544.00,"5,440.00"
2020-11-01,2020110104003229,GIC,38,39,10,544.00,"5,440.00"
2020-11-01,2020110104003228,GIC,38,32,10,544.00,"5,440.00"
2020-11-01,2020110104003227,GIC,38,56,10,544.00,"5,440.00"
2020-11-01,2020110104003225,GIC,38,32,10,544.00,"5,440.00"
2020-11-01,2020110104003239,GIC,38,58,10,544.00,"5,440.00"
2020-11-01,2020110104003238,GIC,38,58,10,544.00,"5,440.00"
2020-11-01,2020110104003236,GIC,38,39,10,544.00,"5,440.00"
2020-11-01,2020110104003235,GIC,38,34,10,544.00,"5,440.00"
2020-11-01,2020110104003234,GIC,38,45,10,544.00,"5,440.00"
2020-11-01,2020110104003232,GIC,38,53,10,544.00,"5,440.00"
2020-11-01,2020110104003249,GIC,38,58,10,544.00,"5,440.00"
2020-11-01,2020110104003248,GIC,38,53,10,544.00,"5,440.00"
2020-11-01,2020110104003246,GIC,38,34,10,544.00,"5,440.00"
2020-11-01,2020110104003245,GIC,38,56,10,544.00,"5,440.00"
2020-11-01,2020110104003241,GIC,38,58,10,544.00,"5,440.00"
2020-11-01,2020110104003240,GIC,43,34,10,545.00,"5,450.00"
2020-11-01,2020110104003255,GIC,38,50,10,544.00,"5,440.00"
2020-11-01,2020110104003254,GIC,38,16,10,544.00,"5,440.00"
2020-11-01,2020110104003253,GIC,38,45,10,544.00,"5,440.00"
2020-11-01,2020110104003252,GIC,38,56,10,544.00,"5,440.00"
2020-11-01,2020110104003251,GIC,38,58,10,544.00,"5,440.00"
2020-11-01,2020110104003250,GIC,38,39,10,544.00,"5,440.00"
2020-11-01,2020110104003262,GIC,45,58,10,545.00,"5,450.00"
2020-11-01,2020110104003261,GIC,38,47,10,544.00,"5,440.00"
2020-11-01,2020110104003260,GIC,38,14,10,544.00,"5,440.00"
2020-11-01,2020110104003259,GIC,38,39,10,544.00,"5,440.00"
2020-11-01,2020110104003258,GIC,38,56,10,544.00,"5,440.00"
2020-11-01,2020110104003256,GIC,38,38,10,544.00,"5,440.00"
2020-11-01,2020110104003268,GIC,45,38,10,545.00,"5,450.00"
2020-11-01,2020110104003267,GIC,45,58,10,545.00,"5,450.00"
2020-11-01,2020110104003266,GIC,45,38,10,545.00,"5,450.00"
2020-11-01,2020110104003265,GIC,45,22,10,545.00,"5,450.00"
2020-11-01,2020110104003264,GIC,45,53,10,545.00,"5,450.00"
2020-11-01,2020110104003263,GIC,45,38,10,545.00,"5,450.00"
2020-11-01,2020110104003275,GIC,38,26,10,544.00,"5,440.00"
2020-11-01,2020110104003274,GIC,38,3,10,544.00,"5,440.00"
2020-11-01,2020110104003273,GIC,38,44,10,544.00,"5,440.00"
2020-11-01,2020110104003272,GIC,45,47,10,545.00,"5,450.00"
2020-11-01,2020110104003271,GIC,45,35,10,545.00,"5,450.00"
2020-11-01,2020110104003270,GIC,45,50,10,545.00,"5,450.00"
2020-11-01,2020110104003283,GIC,38,38,10,544.00,"5,440.00"
2020-11-01,2020110104003282,GIC,38,52,10,544.00,"5,440.00"
2020-11-01,2020110104003280,GIC,38,3,10,544.00,"5,440.00"
2020-11-01,2020110104003279,GIC,38,44,10,544.00,"5,440.00"
2020-11-01,2020110104003278,GIC,38,50,10,544.00,"5,440.00"
2020-11-01,2020110104003276,GIC,38,22,10,544.00,"5,440.00"
2020-11-01,2020110104003290,GIC,38,45,10,544.00,"5,440.00"
2020-11-01,2020110104003289,GIC,38,47,10,544.00,"5,440.00"
2020-11-01,2020110104003287,GIC,38,47,10,544.00,"5,440.00"
2020-11-01,2020110104003286,GIC,38,45,10,544.00,"5,440.00"
2020-11-01,2020110104003285,GIC,38,58,10,544.00,"5,440.00"
2020-11-01,2020110104003284,GIC,38,47,10,544.00,"5,440.00"
2020-11-01,2020110104003299,GIC,21,59,10,544.00,"5,440.00"
2020-11-01,2020110104003297,GIC,36,59,10,544.00,"5,440.00"
2020-11-01,2020110104003296,GIC,36,47,10,544.00,"5,440.00"
2020-11-01,2020110104003295,GIC,36,21,10,544.00,"5,440.00"
2020-11-01,2020110104003292,GIC,36,32,10,544.00,"5,440.00"
2020-11-01,2020110104003291,GIC,36,59,10,544.00,"5,440.00"
2020-11-01,2020110104003305,GIC,46,34,10,544.00,"5,440.00"
2020-11-01,2020110104003304,GIC,46,32,10,544.00,"5,440.00"
2020-11-01,2020110104003303,GIC,46,8,10,544.00,"5,440.00"
2020-11-01,2020110104003302,GIC,46,32,10,544.00,"5,440.00"
2020-11-01,2020110104003301,GIC,46,32,10,544.00,"5,440.00"
2020-11-01,2020110104003300,GIC,21,6,10,544.00,"5,440.00"
2020-11-01,2020110104003313,GIC,45,50,10,544.00,"5,440.00"
2020-11-01,2020110104003311,GIC,46,22,10,544.00,"5,440.00"
2020-11-01,2020110104003310,GIC,46,14,10,544.00,"5,440.00"
2020-11-01,2020110104003308,GIC,46,10,10,544.00,"5,440.00"
2020-11-01,2020110104003307,GIC,46,8,10,544.00,"5,440.00"
2020-11-01,2020110104003306,GIC,46,8,10,544.00,"5,440.00"
2020-11-01,2020110104003319,GIC,16,56,10,545.00,"5,450.00"
2020-11-01,2020110104003318,GIC,45,22,10,544.00,"5,440.00"
2020-11-01,2020110104003317,GIC,45,33,10,544.00,"5,440.00"
2020-11-01,2020110104003316,GIC,45,49,10,544.00,"5,440.00"
2020-11-01,2020110104003315,GIC,45,59,10,544.00,"5,440.00"
2020-11-01,2020110104003314,GIC,45,45,10,544.00,"5,440.00"
2020-11-01,2020110104003325,GIC,45,37,10,544.00,"5,440.00"
2020-11-01,2020110104003324,GIC,45,33,10,544.00,"5,440.00"
2020-11-01,2020110104003323,GIC,45,37,10,544.00,"5,440.00"
2020-11-01,2020110104003322,GIC,45,33,10,544.00,"5,440.00"
2020-11-01,2020110104003321,GIC,45,33,10,544.00,"5,440.00"
2020-11-01,2020110104003320,GIC,16,49,10,545.00,"5,450.00"
2020-11-01,2020110104003331,GIC,45,8,10,544.00,"5,440.00"
2020-11-01,2020110104003330,GIC,45,33,10,544.00,"5,440.00"
2020-11-01,2020110104003329,GIC,45,48,10,544.00,"5,440.00"
2020-11-01,2020110104003328,GIC,45,33,10,544.00,"5,440.00"
2020-11-01,2020110104003327,GIC,45,37,10,544.00,"5,440.00"
2020-11-01,2020110104003326,GIC,45,33,10,544.00,"5,440.00"
2020-11-01,2020110104003337,GIC,45,59,10,544.00,"5,440.00"
2020-11-01,2020110104003336,GIC,45,33,10,544.00,"5,440.00"
2020-11-01,2020110104003335,GIC,45,56,10,544.00,"5,440.00"
2020-11-01,2020110104003334,GIC,45,49,100,544.00,"54,400.00"
2020-11-01,2020110104003333,GIC,45,33,10,544.00,"5,440.00"
2020-11-01,2020110104003332,GIC,45,33,10,544.00,"5,440.00"
2020-11-01,2020110104003343,GIC,45,33,10,544.00,"5,440.00"
2020-11-01,2020110104003342,GIC,45,8,10,544.00,"5,440.00"
2020-11-01,2020110104003341,GIC,45,47,10,544.00,"5,440.00"
2020-11-01,2020110104003340,GIC,45,3,10,544.00,"5,440.00"
2020-11-01,2020110104003339,GIC,45,58,10,544.00,"5,440.00"
2020-11-01,2020110104003338,GIC,45,8,10,544.00,"5,440.00"
2020-11-01,2020110104003350,GIC,41,14,10,544.00,"5,440.00"
2020-11-01,2020110104003349,GIC,41,8,10,544.00,"5,440.00"
2020-11-01,2020110104003348,GIC,41,35,10,544.00,"5,440.00"
2020-11-01,2020110104003347,GIC,41,33,10,544.00,"5,440.00"
2020-11-01,2020110104003345,GIC,45,8,10,544.00,"5,440.00"
2020-11-01,2020110104003344,GIC,45,34,10,544.00,"5,440.00"
2020-11-01,2020110104003356,GIC,41,6,10,544.00,"5,440.00"
2020-11-01,2020110104003355,GIC,41,22,10,544.00,"5,440.00"
2020-11-01,2020110104003354,GIC,41,33,10,544.00,"5,440.00"
2020-11-01,2020110104003353,GIC,41,8,10,544.00,"5,440.00"
2020-11-01,2020110104003352,GIC,41,33,10,544.00,"5,440.00"
2020-11-01,2020110104003351,GIC,41,22,10,544.00,"5,440.00"
2020-11-01,2020110104003363,GIC,19,58,10,544.00,"5,440.00"
2020-11-01,2020110104003362,GIC,19,32,10,544.00,"5,440.00"
2020-11-01,2020110104003361,GIC,19,33,10,544.00,"5,440.00"
2020-11-01,2020110104003360,GIC,19,22,10,544.00,"5,440.00"
2020-11-01,2020110104003358,GIC,17,22,10,544.00,"5,440.00"
2020-11-01,2020110104003357,GIC,17,33,10,544.00,"5,440.00"
2020-11-01,2020110104003369,GIC,45,43,10,544.00,"5,440.00"
2020-11-01,2020110104003368,GIC,45,58,10,544.00,"5,440.00"
2020-11-01,2020110104003367,GIC,45,18,10,544.00,"5,440.00"
2020-11-01,2020110104003366,GIC,45,56,10,544.00,"5,440.00"
2020-11-01,2020110104003365,GIC,45,33,10,544.00,"5,440.00"
2020-11-01,2020110104003364,GIC,19,44,10,544.00,"5,440.00"
2020-11-01,2020110104003375,GIC,11,33,10,545.00,"5,450.00"
2020-11-01,2020110104003374,GIC,52,18,10,544.00,"5,440.00"
2020-11-01,2020110104003373,GIC,39,58,10,545.00,"5,450.00"
2020-11-01,2020110104003372,GIC,52,18,10,544.00,"5,440.00"
2020-11-01,2020110104003371,GIC,52,58,10,544.00,"5,440.00"
2020-11-01,2020110104003370,GIC,52,57,10,544.00,"5,440.00"
2020-11-01,2020110104003381,GIC,52,58,10,544.00,"5,440.00"
2020-11-01,2020110104003380,GIC,52,18,10,544.00,"5,440.00"
2020-11-01,2020110104003379,GIC,52,19,10,544.00,"5,440.00"
2020-11-01,2020110104003378,GIC,14,52,100,545.00,"54,500.00"
2020-11-01,2020110104003377,GIC,11,14,10,545.00,"5,450.00"
2020-11-01,2020110104003376,GIC,11,53,10,545.00,"5,450.00"
2020-11-01,2020110104003387,GIC,52,43,10,544.00,"5,440.00"
2020-11-01,2020110104003386,GIC,52,18,10,544.00,"5,440.00"
2020-11-01,2020110104003385,GIC,52,47,10,544.00,"5,440.00"
2020-11-01,2020110104003384,GIC,52,29,10,544.00,"5,440.00"
2020-11-01,2020110104003383,GIC,52,25,10,544.00,"5,440.00"
2020-11-01,2020110104003382,GIC,52,54,10,544.00,"5,440.00"
2020-11-01,2020110104003393,GIC,52,38,10,544.00,"5,440.00"
2020-11-01,2020110104003392,GIC,52,18,10,544.00,"5,440.00"
2020-11-01,2020110104003391,GIC,57,52,100,545.00,"54,500.00"
2020-11-01,2020110104003390,GIC,52,43,10,544.00,"5,440.00"
2020-11-01,2020110104003389,GIC,52,19,10,544.00,"5,440.00"
2020-11-01,2020110104003388,GIC,52,18,10,544.00,"5,440.00"
2020-11-01,2020110104003400,GIC,56,58,10,544.00,"5,440.00"
2020-11-01,2020110104003398,GIC,56,20,10,544.00,"5,440.00"
2020-11-01,2020110104003397,GIC,56,35,10,544.00,"5,440.00"
2020-11-01,2020110104003396,GIC,52,43,10,544.00,"5,440.00"
2020-11-01,2020110104003395,GIC,52,18,10,544.00,"5,440.00"
2020-11-01,2020110104003394,GIC,50,52,100,545.00,"54,500.00"
2020-11-01,2020110104003406,GIC,38,18,10,544.00,"5,440.00"
2020-11-01,2020110104003405,GIC,38,43,10,544.00,"5,440.00"
2020-11-01,2020110104003404,GIC,38,26,10,544.00,"5,440.00"
2020-11-01,2020110104003403,GIC,38,18,10,544.00,"5,440.00"
2020-11-01,2020110104003402,GIC,38,49,10,544.00,"5,440.00"
2020-11-01,2020110104003401,GIC,56,43,10,544.00,"5,440.00"
2020-11-01,2020110104003415,GIC,34,34,10,544.00,"5,440.00"
2020-11-01,2020110104003414,GIC,25,18,10,544.00,"5,440.00"
2020-11-01,2020110104003410,GIC,25,45,10,544.00,"5,440.00"
2020-11-01,2020110104003409,GIC,25,58,10,544.00,"5,440.00"
2020-11-01,2020110104003408,GIC,25,18,10,544.00,"5,440.00"
2020-11-01,2020110104003407,GIC,25,10,10,544.00,"5,440.00"
2020-11-01,2020110104003421,GIC,49,14,10,543.00,"5,430.00"
2020-11-01,2020110104003420,GIC,49,20,10,543.00,"5,430.00"
2020-11-01,2020110104003419,GIC,34,14,10,544.00,"5,440.00"
2020-11-01,2020110104003418,GIC,34,18,10,544.00,"5,440.00"
2020-11-01,2020110104003417,GIC,34,1,10,544.00,"5,440.00"
2020-11-01,2020110104003416,GIC,34,14,10,544.00,"5,440.00"
2020-11-01,2020110104003427,GIC,49,51,10,543.00,"5,430.00"
2020-11-01,2020110104003426,GIC,49,58,10,543.00,"5,430.00"
2020-11-01,2020110104003425,GIC,49,20,10,543.00,"5,430.00"
2020-11-01,2020110104003424,GIC,49,21,10,543.00,"5,430.00"
2020-11-01,2020110104003423,GIC,49,20,10,543.00,"5,430.00"
2020-11-01,2020110104003422,GIC,49,20,10,543.00,"5,430.00"
2020-11-01,2020110104003437,GIC,51,20,10,543.00,"5,430.00"
2020-11-01,2020110104003436,GIC,51,11,10,543.00,"5,430.00"
2020-11-01,2020110104003435,GIC,51,20,10,543.00,"5,430.00"
2020-11-01,2020110104003431,GIC,51,20,10,543.00,"5,430.00"
2020-11-01,2020110104003430,GIC,49,22,10,543.00,"5,430.00"
2020-11-01,2020110104003429,GIC,49,44,10,543.00,"5,430.00"
2020-11-01,2020110104003446,GIC,51,52,10,543.00,"5,430.00"
2020-11-01,2020110104003445,GIC,51,38,10,543.00,"5,430.00"
2020-11-01,2020110104003443,GIC,51,7,10,543.00,"5,430.00"
2020-11-01,2020110104003441,GIC,51,56,10,543.00,"5,430.00"
2020-11-01,2020110104003439,GIC,51,51,10,543.00,"5,430.00"
2020-11-01,2020110104003438,GIC,51,3,10,543.00,"5,430.00"
2020-11-01,2020110104003452,GIC,51,48,10,543.00,"5,430.00"
2020-11-01,2020110104003451,GIC,51,38,10,543.00,"5,430.00"
2020-11-01,2020110104003450,GIC,51,21,10,543.00,"5,430.00"
2020-11-01,2020110104003449,GIC,51,38,10,543.00,"5,430.00"
2020-11-01,2020110104003448,GIC,51,51,10,543.00,"5,430.00"
2020-11-01,2020110104003447,GIC,51,36,10,543.00,"5,430.00"
2020-11-01,2020110104003458,GIC,51,10,10,543.00,"5,430.00"
2020-11-01,2020110104003457,GIC,51,52,10,543.00,"5,430.00"
2020-11-01,2020110104003456,GIC,51,21,10,543.00,"5,430.00"
2020-11-01,2020110104003455,GIC,51,34,10,543.00,"5,430.00"
2020-11-01,2020110104003454,GIC,51,47,10,543.00,"5,430.00"
2020-11-01,2020110104003453,GIC,51,21,10,543.00,"5,430.00"
2020-11-01,2020110104003465,GIC,19,58,10,543.00,"5,430.00"
2020-11-01,2020110104003464,GIC,19,17,10,543.00,"5,430.00"
2020-11-01,2020110104003462,GIC,19,42,10,543.00,"5,430.00"
2020-11-01,2020110104003461,GIC,19,10,10,543.00,"5,430.00"
2020-11-01,2020110104003460,GIC,19,21,10,543.00,"5,430.00"
2020-11-01,2020110104003459,GIC,19,42,10,543.00,"5,430.00"
2020-11-01,2020110104003472,GIC,26,33,10,543.00,"5,430.00"
2020-11-01,2020110104003471,GIC,26,51,10,543.00,"5,430.00"
2020-11-01,2020110104003470,GIC,19,52,10,543.00,"5,430.00"
2020-11-01,2020110104003468,GIC,19,10,10,543.00,"5,430.00"
2020-11-01,2020110104003467,GIC,19,17,10,543.00,"5,430.00"
2020-11-01,2020110104003466,GIC,19,17,10,543.00,"5,430.00"
2020-11-01,2020110104003478,GIC,26,17,10,543.00,"5,430.00"
2020-11-01,2020110104003477,GIC,26,17,10,543.00,"5,430.00"
2020-11-01,2020110104003476,GIC,26,34,10,543.00,"5,430.00"
2020-11-01,2020110104003475,GIC,26,10,10,543.00,"5,430.00"
2020-11-01,2020110104003474,GIC,26,17,10,543.00,"5,430.00"
2020-11-01,2020110104003473,GIC,26,10,10,543.00,"5,430.00"
2020-11-01,2020110104003485,GIC,55,58,10,543.00,"5,430.00"
2020-11-01,2020110104003484,GIC,55,17,10,543.00,"5,430.00"
2020-11-01,2020110104003483,GIC,55,34,10,543.00,"5,430.00"
2020-11-01,2020110104003482,GIC,55,10,10,543.00,"5,430.00"
2020-11-01,2020110104003481,GIC,26,19,10,543.00,"5,430.00"
2020-11-01,2020110104003479,GIC,26,22,10,543.00,"5,430.00"
2020-11-01,2020110104003493,GIC,55,10,10,543.00,"5,430.00"
2020-11-01,2020110104003491,GIC,55,14,10,543.00,"5,430.00"
2020-11-01,2020110104003490,GIC,55,14,10,543.00,"5,430.00"
2020-11-01,2020110104003488,GIC,55,17,10,543.00,"5,430.00"
2020-11-01,2020110104003487,GIC,55,17,10,543.00,"5,430.00"
2020-11-01,2020110104003486,GIC,55,17,10,543.00,"5,430.00"
2020-11-01,2020110104003500,GIC,55,10,10,543.00,"5,430.00"
2020-11-01,2020110104003499,GIC,55,17,10,543.00,"5,430.00"
2020-11-01,2020110104003498,GIC,55,17,10,543.00,"5,430.00"
2020-11-01,2020110104003497,GIC,55,10,10,543.00,"5,430.00"
2020-11-01,2020110104003496,GIC,55,38,10,543.00,"5,430.00"
2020-11-01,2020110104003494,GIC,55,17,10,543.00,"5,430.00"
2020-11-01,2020110104003511,GIC,55,17,10,543.00,"5,430.00"
2020-11-01,2020110104003509,GIC,55,10,10,543.00,"5,430.00"
2020-11-01,2020110104003508,GIC,55,17,10,543.00,"5,430.00"
2020-11-01,2020110104003507,GIC,55,42,10,543.00,"5,430.00"
2020-11-01,2020110104003506,GIC,55,17,10,543.00,"5,430.00"
2020-11-01,2020110104003501,GIC,55,58,10,543.00,"5,430.00"
2020-11-01,2020110104003517,GIC,55,48,10,543.00,"5,430.00"
2020-11-01,2020110104003516,GIC,55,10,10,543.00,"5,430.00"
2020-11-01,2020110104003515,GIC,55,17,10,543.00,"5,430.00"
2020-11-01,2020110104003514,GIC,55,17,10,543.00,"5,430.00"
2020-11-01,2020110104003513,GIC,55,10,10,543.00,"5,430.00"
2020-11-01,2020110104003512,GIC,55,56,10,543.00,"5,430.00"
2020-11-01,2020110104003526,GIC,25,34,10,544.00,"5,440.00"
2020-11-01,2020110104003525,GIC,25,58,10,544.00,"5,440.00"
2020-11-01,2020110104003522,GIC,55,17,10,543.00,"5,430.00"
2020-11-01,2020110104003521,GIC,55,17,10,543.00,"5,430.00"
2020-11-01,2020110104003520,GIC,55,10,10,543.00,"5,430.00"
2020-11-01,2020110104003518,GIC,55,17,10,543.00,"5,430.00"
2020-11-01,2020110104003532,GIC,25,45,10,544.00,"5,440.00"
2020-11-01,2020110104003531,GIC,25,46,10,544.00,"5,440.00"
2020-11-01,2020110104003530,GIC,25,56,10,544.00,"5,440.00"
2020-11-01,2020110104003529,GIC,25,29,10,544.00,"5,440.00"
2020-11-01,2020110104003528,GIC,25,45,10,544.00,"5,440.00"
2020-11-01,2020110104003527,GIC,25,58,10,544.00,"5,440.00"
2020-11-01,2020110104003298,GIMES1,51,45,"5,000",9.89,"49,450.00"
2020-11-01,2020110104003115,KBLPO,58,49,"149,000",105.00,"15,645,000.00"
2020-11-01,2020110104003092,KBLPO,58,49,"250,000",105.00,"26,250,000.00"
2020-11-01,2020110104003346,LEMF,21,19,"1,000",9.10,"9,100.00"
2020-11-01,2020110104003171,LEMF,21,58,924,9.10,"8,408.40"
2020-11-01,2020110104003293,LUK,57,21,200,8.92,"1,784.00"
2020-11-01,2020110104003277,LUK,57,16,"5,000",8.95,"44,750.00"
2020-11-01,2020110104003173,LUK,47,58,500,8.95,"4,475.00"
2020-11-01,2020110104003172,LUK,57,58,100,8.95,895.00
2020-11-01,2020110104003057,LUK,57,58,200,8.95,"1,790.00"
2020-11-01,2020110104003510,NBF2,21,21,500,9.25,"4,625.00"
2020-11-01,2020110104003243,NBF2,21,38,700,9.25,"6,475.00"
2020-11-01,2020110104003288,NEF,47,1,176,9.10,"1,601.60"
2020-11-01,2020110104003233,NEF,47,58,241,9.10,"2,193.10"
2020-11-01,2020110104003123,NEF,47,58,414,9.10,"3,767.40"
2020-11-01,2020110104003121,NEF,46,58,"2,000",9.11,"18,220.00"
2020-11-01,2020110104003116,NEF,17,26,"5,000",9.20,"46,000.00"
2020-11-01,2020110104003237,NIBLPF,57,22,"2,065",9.43,"19,472.95"
2020-11-01,2020110104003093,NIBLPF,21,58,"1,525",9.38,"14,304.50"
2020-11-01,2020110104003089,NIBLPF,57,58,"1,000",9.39,"9,390.00"
2020-11-01,2020110104003084,NIBLPF,57,43,"6,864",9.40,"64,521.60"
2020-11-01,2020110104003505,NIBPO,14,34,69,385.00,"26,565.00"
2020-11-01,2020110104003469,NIBPO,28,34,500,385.00,"192,500.00"
2020-11-01,2020110104003269,NIBPO,16,46,500,384.00,"192,000.00"
2020-11-01,2020110104003222,NIBPO,38,34,500,385.00,"192,500.00"
2020-11-01,2020110104003221,NIBPO,38,5,341,385.00,"131,285.00"
2020-11-01,2020110104003220,NIBPO,38,6,159,385.00,"61,215.00"
2020-11-01,2020110104003107,NIBPO,47,49,150,384.00,"57,600.00"
2020-11-01,2020110104003106,NIBPO,47,49,33,384.00,"12,672.00"
2020-11-01,2020110104003105,NIBPO,47,49,100,384.00,"38,400.00"
2020-11-01,2020110104003104,NIBPO,47,49,80,384.00,"30,720.00"
2020-11-01,2020110104003091,NIBPO,47,34,77,384.00,"29,568.00"
2020-11-01,2020110104003090,NIBPO,47,34,73,384.00,"28,032.00"
2020-11-01,2020110104003113,NIBPO,16,49,312,384.00,"119,808.00"
2020-11-01,2020110104003112,NIBPO,47,49,50,384.00,"19,200.00"
2020-11-01,2020110104003111,NIBPO,47,49,100,384.00,"38,400.00"
2020-11-01,2020110104003110,NIBPO,47,49,25,384.00,"9,600.00"
2020-11-01,2020110104003109,NIBPO,47,49,50,384.00,"19,200.00"
2020-11-01,2020110104003108,NIBPO,47,49,100,384.00,"38,400.00"
2020-11-01,2020110104003480,NIBSF1,3,45,100,10.05,"1,005.00"
2020-11-01,2020110104003257,NIBSF1,57,45,"1,000",10.06,"10,060.00"
2020-11-01,2020110104003463,NICBF,5,43,450,9.20,"4,140.00"
2020-11-01,2020110104003312,NICBF,5,14,100,9.20,920.00
2020-11-01,2020110104003524,NICGF,42,21,270,9.85,"2,659.50"
2020-11-01,2020110104003523,NICGF,17,21,600,9.85,"5,910.00"
2020-11-01,2020110104003242,NICGF,17,49,"3,000",9.85,"29,550.00"
2020-11-01,2020110104003244,NMBHF1,14,58,167,9.42,"1,573.14"
2020-11-01,2020110104003102,NMBHF1,14,58,450,9.42,"4,239.00"
2020-11-01,2020110104003101,NMBHF1,21,58,356,9.42,"3,353.52"
2020-11-01,2020110104003519,RBCLPO,49,53,10,"11,124.00","111,240.00"
2020-11-01,2020110104003428,RBCLPO,57,45,20,"11,125.00","222,500.00"
2020-11-01,2020110104003504,SAEF,34,22,"1,000",10.00,"10,000.00"
2020-11-01,2020110104003503,SAEF,34,13,"2,500",10.00,"25,000.00"
2020-11-01,2020110104003502,SAEF,34,57,"3,000",10.00,"30,000.00"
2020-11-01,2020110104003444,SAEF,46,42,"2,000",10.00,"20,000.00"
2020-11-01,2020110104003442,SAEF,46,42,"2,000",10.00,"20,000.00"
2020-11-01,2020110104003434,SAEF,56,42,"1,000",10.00,"10,000.00"
2020-11-01,2020110104003359,SAEF,59,45,"1,000",9.98,"9,980.00"
2020-11-01,2020110104003281,SAEF,59,22,"3,000",9.98,"29,940.00"
2020-11-01,2020110104003226,SAEF,55,58,"1,000",9.97,"9,970.00"
2020-11-01,2020110104003099,SAEF,57,58,"1,000",9.97,"9,970.00"
2020-11-01,2020110104003078,SAEF,59,58,"1,000",9.96,"9,960.00"
2020-11-01,2020110104003433,SAEF,56,1,"9,000",9.99,"89,910.00"
2020-11-01,2020110104003432,SAEF,56,14,"1,800",9.98,"17,964.00"
2020-11-01,2020110104003413,SAEF,59,22,"2,100",9.97,"20,937.00"
2020-11-01,2020110104003412,SAEF,55,22,500,9.97,"4,985.00"
2020-11-01,2020110104003411,SAEF,59,22,400,9.98,"3,992.00"
2020-11-01,2020110104003399,SAEF,59,22,"1,100",9.98,"10,978.00"
2020-11-01,2020110104003309,SEF,47,26,"3,000",9.53,"28,590.00"
2020-11-01,2020110104003294,SEF,47,49,"1,000",9.53,"9,530.00"
2020-11-01,2020110104003247,SEF,58,49,"4,000",9.54,"38,160.00"
2020-11-01,2020110104003492,SRBLD83,4,22,25,"1,046.00","26,150.00"
2020-11-01,2020110104002651,CMF1,21,17,500,9.70,"4,850.00"
2020-11-01,2020110104002650,CMF1,21,45,750,9.70,"7,275.00"
2020-11-01,2020110104002994,GBD80/81,26,42,25,"1,045.00","26,125.00"
2020-11-01,2020110104003038,GIC,37,49,10,544.00,"5,440.00"
2020-11-01,2020110104003037,GIC,37,57,10,544.00,"5,440.00"
2020-11-01,2020110104003036,GIC,37,51,10,544.00,"5,440.00"
2020-11-01,2020110104003034,GIC,37,53,10,544.00,"5,440.00"
2020-11-01,2020110104003033,GIC,37,34,10,544.00,"5,440.00"
2020-11-01,2020110104003032,GIC,37,57,10,544.00,"5,440.00"
2020-11-01,2020110104002539,GIC,49,29,10,543.00,"5,430.00"
2020-11-01,2020110104002545,GIC,49,16,10,543.00,"5,430.00"
2020-11-01,2020110104002544,GIC,49,38,10,543.00,"5,430.00"
2020-11-01,2020110104002543,GIC,49,29,10,543.00,"5,430.00"
2020-11-01,2020110104002542,GIC,49,39,10,543.00,"5,430.00"
2020-11-01,2020110104002541,GIC,49,16,10,543.00,"5,430.00"
2020-11-01,2020110104002540,GIC,49,21,10,543.00,"5,430.00"
2020-11-01,2020110104002551,GIC,44,52,10,543.00,"5,430.00"
2020-11-01,2020110104002550,GIC,44,41,10,543.00,"5,430.00"
2020-11-01,2020110104002549,GIC,44,46,10,543.00,"5,430.00"
2020-11-01,2020110104002548,GIC,44,29,10,543.00,"5,430.00"
2020-11-01,2020110104002547,GIC,44,29,10,543.00,"5,430.00"
2020-11-01,2020110104002546,GIC,49,29,10,543.00,"5,430.00"
2020-11-01,2020110104002557,GIC,48,35,10,543.00,"5,430.00"
2020-11-01,2020110104002556,GIC,44,52,10,543.00,"5,430.00"
2020-11-01,2020110104002555,GIC,44,47,10,543.00,"5,430.00"
2020-11-01,2020110104002554,GIC,44,57,10,543.00,"5,430.00"
2020-11-01,2020110104002553,GIC,44,29,10,543.00,"5,430.00"
2020-11-01,2020110104002552,GIC,44,47,10,543.00,"5,430.00"
2020-11-01,2020110104002563,GIC,48,7,10,543.00,"5,430.00"
2020-11-01,2020110104002562,GIC,48,3,10,543.00,"5,430.00"
2020-11-01,2020110104002561,GIC,48,17,10,543.00,"5,430.00"
2020-11-01,2020110104002560,GIC,48,29,10,543.00,"5,430.00"
2020-11-01,2020110104002559,GIC,48,57,10,543.00,"5,430.00"
2020-11-01,2020110104002558,GIC,48,56,10,543.00,"5,430.00"
2020-11-01,2020110104002569,GIC,48,29,10,543.00,"5,430.00"
2020-11-01,2020110104002568,GIC,48,29,10,543.00,"5,430.00"
2020-11-01,2020110104002567,GIC,48,42,10,543.00,"5,430.00"
2020-11-01,2020110104002566,GIC,48,29,10,543.00,"5,430.00"
2020-11-01,2020110104002565,GIC,48,56,10,543.00,"5,430.00"
2020-11-01,2020110104002564,GIC,48,42,10,543.00,"5,430.00"
2020-11-01,2020110104002576,GIC,48,59,10,543.00,"5,430.00"
2020-11-01,2020110104002575,GIC,48,6,10,543.00,"5,430.00"
2020-11-01,2020110104002574,GIC,48,6,10,543.00,"5,430.00"
2020-11-01,2020110104002573,GIC,48,29,10,543.00,"5,430.00"
2020-11-01,2020110104002572,GIC,48,28,10,543.00,"5,430.00"
2020-11-01,2020110104002571,GIC,48,53,10,543.00,"5,430.00"
2020-11-01,2020110104002582,GIC,48,47,10,543.00,"5,430.00"
2020-11-01,2020110104002581,GIC,48,28,10,543.00,"5,430.00"
2020-11-01,2020110104002580,GIC,48,56,10,543.00,"5,430.00"
2020-11-01,2020110104002579,GIC,48,59,10,543.00,"5,430.00"
2020-11-01,2020110104002578,GIC,48,28,10,543.00,"5,430.00"
2020-11-01,2020110104002577,GIC,48,7,10,543.00,"5,430.00"
2020-11-01,2020110104002588,GIC,44,56,10,543.00,"5,430.00"
2020-11-01,2020110104002587,GIC,44,4,10,543.00,"5,430.00"
2020-11-01,2020110104002586,GIC,44,58,10,543.00,"5,430.00"
2020-11-01,2020110104002585,GIC,44,25,10,543.00,"5,430.00"
2020-11-01,2020110104002584,GIC,44,59,10,543.00,"5,430.00"
2020-11-01,2020110104002583,GIC,44,56,10,543.00,"5,430.00"
2020-11-01,2020110104002594,GIC,44,43,10,543.00,"5,430.00"
2020-11-01,2020110104002593,GIC,44,28,10,543.00,"5,430.00"
2020-11-01,2020110104002592,GIC,44,18,10,543.00,"5,430.00"
2020-11-01,2020110104002591,GIC,44,29,10,543.00,"5,430.00"
2020-11-01,2020110104002590,GIC,44,59,10,543.00,"5,430.00"
2020-11-01,2020110104002589,GIC,44,28,10,543.00,"5,430.00"
2020-11-01,2020110104002600,GIC,44,49,20,543.00,"10,860.00"
2020-11-01,2020110104002599,GIC,44,28,10,543.00,"5,430.00"
2020-11-01,2020110104002598,GIC,44,29,10,543.00,"5,430.00"
2020-11-01,2020110104002597,GIC,44,14,10,543.00,"5,430.00"
2020-11-01,2020110104002596,GIC,44,53,10,543.00,"5,430.00"
2020-11-01,2020110104002595,GIC,44,29,10,543.00,"5,430.00"
2020-11-01,2020110104002606,GIC,49,14,10,544.00,"5,440.00"
2020-11-01,2020110104002605,GIC,49,13,10,544.00,"5,440.00"
2020-11-01,2020110104002604,GIC,49,13,10,544.00,"5,440.00"
2020-11-01,2020110104002603,GIC,49,14,10,544.00,"5,440.00"
2020-11-01,2020110104002602,GIC,49,13,10,544.00,"5,440.00"
2020-11-01,2020110104002601,GIC,44,56,10,543.00,"5,430.00"
2020-11-01,2020110104002612,GIC,5,29,10,543.00,"5,430.00"
2020-11-01,2020110104002611,GIC,49,49,10,544.00,"5,440.00"
2020-11-01,2020110104002610,GIC,49,57,10,544.00,"5,440.00"
2020-11-01,2020110104002609,GIC,49,49,10,544.00,"5,440.00"
2020-11-01,2020110104002608,GIC,49,46,10,544.00,"5,440.00"
2020-11-01,2020110104002607,GIC,49,49,10,544.00,"5,440.00"
2020-11-01,2020110104002618,GIC,5,34,10,543.00,"5,430.00"
2020-11-01,2020110104002617,GIC,5,7,10,543.00,"5,430.00"
2020-11-01,2020110104002616,GIC,5,28,10,543.00,"5,430.00"
2020-11-01,2020110104002615,GIC,5,29,10,543.00,"5,430.00"
2020-11-01,2020110104002614,GIC,5,56,10,543.00,"5,430.00"
2020-11-01,2020110104002613,GIC,5,21,10,543.00,"5,430.00"
2020-11-01,2020110104002624,GIC,5,28,10,543.00,"5,430.00"
2020-11-01,2020110104002623,GIC,5,49,10,543.00,"5,430.00"
2020-11-01,2020110104002622,GIC,5,28,10,543.00,"5,430.00"
2020-11-01,2020110104002621,GIC,5,29,10,543.00,"5,430.00"
2020-11-01,2020110104002620,GIC,5,56,10,543.00,"5,430.00"
2020-11-01,2020110104002619,GIC,5,14,10,543.00,"5,430.00"
2020-11-01,2020110104002630,GIC,5,34,10,543.00,"5,430.00"
2020-11-01,2020110104002629,GIC,46,29,10,544.00,"5,440.00"
2020-11-01,2020110104002628,GIC,46,49,10,544.00,"5,440.00"
2020-11-01,2020110104002627,GIC,46,49,10,544.00,"5,440.00"
2020-11-01,2020110104002626,GIC,46,38,10,544.00,"5,440.00"
2020-11-01,2020110104002625,GIC,5,32,10,543.00,"5,430.00"
2020-11-01,2020110104002636,GIC,5,14,10,543.00,"5,430.00"
2020-11-01,2020110104002635,GIC,5,57,10,543.00,"5,430.00"
2020-11-01,2020110104002634,GIC,5,44,10,543.00,"5,430.00"
2020-11-01,2020110104002633,GIC,5,40,10,543.00,"5,430.00"
2020-11-01,2020110104002632,GIC,5,34,10,543.00,"5,430.00"
2020-11-01,2020110104002631,GIC,5,43,10,543.00,"5,430.00"
2020-11-01,2020110104002645,GIC,5,41,10,543.00,"5,430.00"
2020-11-01,2020110104002644,GIC,5,7,10,543.00,"5,430.00"
2020-11-01,2020110104002643,GIC,5,10,10,543.00,"5,430.00"
2020-11-01,2020110104002642,GIC,5,34,10,543.00,"5,430.00"
2020-11-01,2020110104002641,GIC,5,53,10,543.00,"5,430.00"
2020-11-01,2020110104002637,GIC,5,34,10,543.00,"5,430.00"
2020-11-01,2020110104002655,GIC,5,59,10,543.00,"5,430.00"
2020-11-01,2020110104002654,GIC,5,19,10,543.00,"5,430.00"
2020-11-01,2020110104002649,GIC,5,7,10,543.00,"5,430.00"
2020-11-01,2020110104002648,GIC,5,26,10,543.00,"5,430.00"
2020-11-01,2020110104002647,GIC,5,42,10,543.00,"5,430.00"
2020-11-01,2020110104002646,GIC,5,52,10,543.00,"5,430.00"
2020-11-01,2020110104002661,GIC,5,58,10,543.00,"5,430.00"
2020-11-01,2020110104002660,GIC,5,47,10,543.00,"5,430.00"
2020-11-01,2020110104002659,GIC,5,47,10,543.00,"5,430.00"
2020-11-01,2020110104002658,GIC,5,44,10,543.00,"5,430.00"
2020-11-01,2020110104002657,GIC,5,7,10,543.00,"5,430.00"
2020-11-01,2020110104002656,GIC,5,4,10,543.00,"5,430.00"
2020-11-01,2020110104002668,GIC,5,26,10,543.00,"5,430.00"
2020-11-01,2020110104002667,GIC,5,21,10,543.00,"5,430.00"
2020-11-01,2020110104002666,GIC,5,1,10,543.00,"5,430.00"
2020-11-01,2020110104002665,GIC,5,47,10,543.00,"5,430.00"
2020-11-01,2020110104002664,GIC,5,44,10,543.00,"5,430.00"
2020-11-01,2020110104002662,GIC,5,53,10,543.00,"5,430.00"
2020-11-01,2020110104002674,GIC,1,3,10,543.00,"5,430.00"
2020-11-01,2020110104002673,GIC,5,58,10,543.00,"5,430.00"
2020-11-01,2020110104002672,GIC,5,56,10,543.00,"5,430.00"
2020-11-01,2020110104002671,GIC,5,13,10,543.00,"5,430.00"
2020-11-01,2020110104002670,GIC,5,25,10,543.00,"5,430.00"
2020-11-01,2020110104002669,GIC,5,7,10,543.00,"5,430.00"
2020-11-01,2020110104002681,GIC,44,56,10,543.00,"5,430.00"
2020-11-01,2020110104002680,GIC,44,21,10,543.00,"5,430.00"
2020-11-01,2020110104002679,GIC,1,47,10,543.00,"5,430.00"
2020-11-01,2020110104002678,GIC,1,56,10,543.00,"5,430.00"
2020-11-01,2020110104002677,GIC,1,47,10,543.00,"5,430.00"
2020-11-01,2020110104002675,GIC,1,56,10,543.00,"5,430.00"
2020-11-01,2020110104002688,GIC,44,41,10,543.00,"5,430.00"
2020-11-01,2020110104002686,GIC,44,47,10,543.00,"5,430.00"
2020-11-01,2020110104002685,GIC,44,56,10,543.00,"5,430.00"
2020-11-01,2020110104002684,GIC,44,7,10,543.00,"5,430.00"
2020-11-01,2020110104002683,GIC,44,47,10,543.00,"5,430.00"
2020-11-01,2020110104002682,GIC,44,44,10,543.00,"5,430.00"
2020-11-01,2020110104002695,GIC,44,47,10,543.00,"5,430.00"
2020-11-01,2020110104002694,GIC,44,21,10,543.00,"5,430.00"
2020-11-01,2020110104002693,GIC,44,13,10,543.00,"5,430.00"
2020-11-01,2020110104002692,GIC,44,58,10,543.00,"5,430.00"
2020-11-01,2020110104002691,GIC,44,47,10,543.00,"5,430.00"
2020-11-01,2020110104002689,GIC,44,21,10,543.00,"5,430.00"
2020-11-01,2020110104002701,GIC,44,34,10,543.00,"5,430.00"
2020-11-01,2020110104002700,GIC,44,34,10,543.00,"5,430.00"
2020-11-01,2020110104002699,GIC,44,13,10,543.00,"5,430.00"
2020-11-01,2020110104002698,GIC,44,41,10,543.00,"5,430.00"
2020-11-01,2020110104002697,GIC,44,11,10,543.00,"5,430.00"
2020-11-01,2020110104002696,GIC,44,7,10,543.00,"5,430.00"
2020-11-01,2020110104002707,GIC,11,21,10,544.00,"5,440.00"
2020-11-01,2020110104002706,GIC,11,29,10,544.00,"5,440.00"
2020-11-01,2020110104002705,GIC,34,44,10,543.00,"5,430.00"
2020-11-01,2020110104002704,GIC,52,41,10,543.00,"5,430.00"
2020-11-01,2020110104002703,GIC,52,53,10,543.00,"5,430.00"
2020-11-01,2020110104002702,GIC,52,45,10,543.00,"5,430.00"
2020-11-01,2020110104002714,GIC,29,29,10,544.00,"5,440.00"
2020-11-01,2020110104002712,GIC,34,7,10,543.00,"5,430.00"
2020-11-01,2020110104002711,GIC,34,53,10,543.00,"5,430.00"
2020-11-01,2020110104002710,GIC,34,35,10,543.00,"5,430.00"
2020-11-01,2020110104002709,GIC,34,53,10,543.00,"5,430.00"
2020-11-01,2020110104002708,GIC,11,29,10,544.00,"5,440.00"
2020-11-01,2020110104002721,GIC,49,39,10,543.00,"5,430.00"
2020-11-01,2020110104002719,GIC,49,53,10,543.00,"5,430.00"
2020-11-01,2020110104002718,GIC,29,40,10,544.00,"5,440.00"
2020-11-01,2020110104002717,GIC,29,29,10,544.00,"5,440.00"
2020-11-01,2020110104002716,GIC,29,40,10,544.00,"5,440.00"
2020-11-01,2020110104002715,GIC,29,29,10,544.00,"5,440.00"
2020-11-01,2020110104002727,GIC,53,16,10,544.00,"5,440.00"
2020-11-01,2020110104002726,GIC,53,13,10,544.00,"5,440.00"
2020-11-01,2020110104002725,GIC,53,13,10,544.00,"5,440.00"
2020-11-01,2020110104002724,GIC,53,29,10,544.00,"5,440.00"
2020-11-01,2020110104002723,GIC,49,45,10,543.00,"5,430.00"
2020-11-01,2020110104002722,GIC,49,45,10,543.00,"5,430.00"
2020-11-01,2020110104002733,GIC,53,29,10,544.00,"5,440.00"
2020-11-01,2020110104002732,GIC,53,29,10,544.00,"5,440.00"
2020-11-01,2020110104002731,GIC,53,57,10,544.00,"5,440.00"
2020-11-01,2020110104002730,GIC,53,29,10,544.00,"5,440.00"
2020-11-01,2020110104002729,GIC,53,21,10,544.00,"5,440.00"
2020-11-01,2020110104002728,GIC,53,21,10,544.00,"5,440.00"
2020-11-01,2020110104002739,GIC,53,40,10,544.00,"5,440.00"
2020-11-01,2020110104002738,GIC,53,29,10,544.00,"5,440.00"
2020-11-01,2020110104002737,GIC,53,40,10,544.00,"5,440.00"
2020-11-01,2020110104002736,GIC,53,29,10,544.00,"5,440.00"
2020-11-01,2020110104002735,GIC,53,40,10,544.00,"5,440.00"
2020-11-01,2020110104002734,GIC,53,29,10,544.00,"5,440.00"
2020-11-01,2020110104002745,GIC,53,29,10,544.00,"5,440.00"
2020-11-01,2020110104002744,GIC,53,40,10,544.00,"5,440.00"
2020-11-01,2020110104002743,GIC,53,40,10,544.00,"5,440.00"
2020-11-01,2020110104002742,GIC,53,1,10,544.00,"5,440.00"
2020-11-01,2020110104002741,GIC,53,41,10,544.00,"5,440.00"
2020-11-01,2020110104002740,GIC,53,29,10,544.00,"5,440.00"
2020-11-01,2020110104002751,GIC,53,40,10,544.00,"5,440.00"
2020-11-01,2020110104002750,GIC,53,25,10,544.00,"5,440.00"
2020-11-01,2020110104002749,GIC,53,40,10,544.00,"5,440.00"
2020-11-01,2020110104002748,GIC,53,40,10,544.00,"5,440.00"
2020-11-01,2020110104002747,GIC,53,40,10,544.00,"5,440.00"
2020-11-01,2020110104002746,GIC,53,1,10,544.00,"5,440.00"
2020-11-01,2020110104002757,GIC,49,21,10,543.00,"5,430.00"
2020-11-01,2020110104002756,GIC,49,7,10,543.00,"5,430.00"
2020-11-01,2020110104002755,GIC,49,45,10,543.00,"5,430.00"
2020-11-01,2020110104002754,GIC,49,39,10,543.00,"5,430.00"
2020-11-01,2020110104002753,GIC,49,4,10,543.00,"5,430.00"
2020-11-01,2020110104002752,GIC,49,39,10,543.00,"5,430.00"
2020-11-01,2020110104002767,GIC,28,40,10,544.00,"5,440.00"
2020-11-01,2020110104002766,GIC,28,29,10,544.00,"5,440.00"
2020-11-01,2020110104002765,GIC,28,29,10,544.00,"5,440.00"
2020-11-01,2020110104002764,GIC,28,29,10,544.00,"5,440.00"
2020-11-01,2020110104002763,GIC,28,40,10,544.00,"5,440.00"
2020-11-01,2020110104002761,GIC,51,57,10,543.00,"5,430.00"
2020-11-01,2020110104002773,GIC,28,13,10,545.00,"5,450.00"
2020-11-01,2020110104002772,GIC,28,57,10,545.00,"5,450.00"
2020-11-01,2020110104002771,GIC,28,34,10,545.00,"5,450.00"
2020-11-01,2020110104002770,GIC,28,42,10,545.00,"5,450.00"
2020-11-01,2020110104002769,GIC,28,36,10,545.00,"5,450.00"
2020-11-01,2020110104002768,GIC,28,40,10,544.00,"5,440.00"
2020-11-01,2020110104002779,GIC,28,21,10,545.00,"5,450.00"
2020-11-01,2020110104002778,GIC,28,46,10,545.00,"5,450.00"
2020-11-01,2020110104002777,GIC,28,21,10,545.00,"5,450.00"
2020-11-01,2020110104002776,GIC,28,21,10,545.00,"5,450.00"
2020-11-01,2020110104002775,GIC,28,46,10,545.00,"5,450.00"
2020-11-01,2020110104002774,GIC,28,21,10,545.00,"5,450.00"
2020-11-01,2020110104002785,GIC,28,52,10,545.00,"5,450.00"
2020-11-01,2020110104002784,GIC,28,21,10,545.00,"5,450.00"
2020-11-01,2020110104002783,GIC,28,52,10,545.00,"5,450.00"
2020-11-01,2020110104002782,GIC,28,21,10,545.00,"5,450.00"
2020-11-01,2020110104002781,GIC,28,14,10,545.00,"5,450.00"
2020-11-01,2020110104002780,GIC,28,21,10,545.00,"5,450.00"
2020-11-01,2020110104002791,GIC,28,1,10,545.00,"5,450.00"
2020-11-01,2020110104002790,GIC,28,49,10,545.00,"5,450.00"
2020-11-01,2020110104002789,GIC,28,29,10,545.00,"5,450.00"
2020-11-01,2020110104002788,GIC,28,52,10,545.00,"5,450.00"
2020-11-01,2020110104002787,GIC,28,1,10,545.00,"5,450.00"
2020-11-01,2020110104002786,GIC,28,29,10,545.00,"5,450.00"
2020-11-01,2020110104002797,GIC,28,19,10,546.00,"5,460.00"
2020-11-01,2020110104002796,GIC,28,35,10,546.00,"5,460.00"
2020-11-01,2020110104002795,GIC,28,45,10,545.00,"5,450.00"
2020-11-01,2020110104002794,GIC,28,56,10,545.00,"5,450.00"
2020-11-01,2020110104002793,GIC,28,49,10,545.00,"5,450.00"
2020-11-01,2020110104002792,GIC,28,45,10,545.00,"5,450.00"
2020-11-01,2020110104002803,GIC,51,54,10,543.00,"5,430.00"
2020-11-01,2020110104002802,GIC,28,37,10,546.00,"5,460.00"
2020-11-01,2020110104002801,GIC,28,58,10,546.00,"5,460.00"
2020-11-01,2020110104002800,GIC,28,34,10,546.00,"5,460.00"
2020-11-01,2020110104002799,GIC,28,34,10,546.00,"5,460.00"
2020-11-01,2020110104002798,GIC,28,42,10,546.00,"5,460.00"
2020-11-01,2020110104002809,GIC,26,42,10,543.00,"5,430.00"
2020-11-01,2020110104002808,GIC,51,6,10,543.00,"5,430.00"
2020-11-01,2020110104002807,GIC,51,16,10,543.00,"5,430.00"
2020-11-01,2020110104002806,GIC,51,17,10,543.00,"5,430.00"
2020-11-01,2020110104002805,GIC,51,4,10,543.00,"5,430.00"
2020-11-01,2020110104002804,GIC,51,17,10,543.00,"5,430.00"
2020-11-01,2020110104002815,GIC,25,1,10,543.00,"5,430.00"
2020-11-01,2020110104002814,GIC,25,58,10,543.00,"5,430.00"
2020-11-01,2020110104002813,GIC,26,38,10,543.00,"5,430.00"
2020-11-01,2020110104002812,GIC,26,21,10,543.00,"5,430.00"
2020-11-01,2020110104002811,GIC,26,21,10,543.00,"5,430.00"
2020-11-01,2020110104002810,GIC,26,7,10,543.00,"5,430.00"
2020-11-01,2020110104002823,GIC,38,57,10,543.00,"5,430.00"
2020-11-01,2020110104002820,GIC,38,7,10,543.00,"5,430.00"
2020-11-01,2020110104002819,GIC,38,49,10,543.00,"5,430.00"
2020-11-01,2020110104002818,GIC,38,1,10,543.00,"5,430.00"
2020-11-01,2020110104002817,GIC,38,54,10,543.00,"5,430.00"
2020-11-01,2020110104002816,GIC,38,21,10,543.00,"5,430.00"
2020-11-01,2020110104002830,GIC,22,34,10,543.00,"5,430.00"
2020-11-01,2020110104002829,GIC,22,48,10,543.00,"5,430.00"
2020-11-01,2020110104002828,GIC,38,1,10,543.00,"5,430.00"
2020-11-01,2020110104002827,GIC,38,57,10,543.00,"5,430.00"
2020-11-01,2020110104002825,GIC,38,48,10,543.00,"5,430.00"
2020-11-01,2020110104002824,GIC,38,1,10,543.00,"5,430.00"
2020-11-01,2020110104002838,GIC,22,34,10,543.00,"5,430.00"
2020-11-01,2020110104002837,GIC,22,57,10,543.00,"5,430.00"
2020-11-01,2020110104002836,GIC,22,48,10,543.00,"5,430.00"
2020-11-01,2020110104002833,GIC,22,1,10,543.00,"5,430.00"
2020-11-01,2020110104002832,GIC,22,58,10,543.00,"5,430.00"
2020-11-01,2020110104002831,GIC,22,42,10,543.00,"5,430.00"
2020-11-01,2020110104002844,GIC,22,42,10,543.00,"5,430.00"
2020-11-01,2020110104002843,GIC,22,48,10,543.00,"5,430.00"
2020-11-01,2020110104002842,GIC,22,43,10,543.00,"5,430.00"
2020-11-01,2020110104002841,GIC,22,38,10,543.00,"5,430.00"
2020-11-01,2020110104002840,GIC,22,48,10,543.00,"5,430.00"
2020-11-01,2020110104002839,GIC,22,49,10,543.00,"5,430.00"
2020-11-01,2020110104002850,GIC,42,21,10,544.00,"5,440.00"
2020-11-01,2020110104002849,GIC,42,35,10,544.00,"5,440.00"
2020-11-01,2020110104002848,GIC,42,13,10,544.00,"5,440.00"
2020-11-01,2020110104002847,GIC,42,58,10,544.00,"5,440.00"
2020-11-01,2020110104002846,GIC,42,29,10,544.00,"5,440.00"
2020-11-01,2020110104002845,GIC,42,29,10,544.00,"5,440.00"
2020-11-01,2020110104002856,GIC,42,56,10,544.00,"5,440.00"
2020-11-01,2020110104002855,GIC,42,38,10,544.00,"5,440.00"
2020-11-01,2020110104002854,GIC,42,7,10,544.00,"5,440.00"
2020-11-01,2020110104002853,GIC,42,29,10,544.00,"5,440.00"
2020-11-01,2020110104002852,GIC,42,33,10,544.00,"5,440.00"
2020-11-01,2020110104002851,GIC,42,49,10,544.00,"5,440.00"
2020-11-01,2020110104002866,GIC,14,58,10,545.00,"5,450.00"
2020-11-01,2020110104002865,GIC,42,44,10,544.00,"5,440.00"
2020-11-01,2020110104002864,GIC,42,40,10,544.00,"5,440.00"
2020-11-01,2020110104002863,GIC,42,38,10,544.00,"5,440.00"
2020-11-01,2020110104002858,GIC,42,38,10,544.00,"5,440.00"
2020-11-01,2020110104002857,GIC,42,33,10,544.00,"5,440.00"
2020-11-01,2020110104002872,GIC,14,37,10,545.00,"5,450.00"
2020-11-01,2020110104002871,GIC,14,52,10,545.00,"5,450.00"
2020-11-01,2020110104002870,GIC,14,32,10,545.00,"5,450.00"
2020-11-01,2020110104002869,GIC,14,40,10,545.00,"5,450.00"
2020-11-01,2020110104002868,GIC,14,40,10,545.00,"5,450.00"
2020-11-01,2020110104002867,GIC,14,40,10,545.00,"5,450.00"
2020-11-01,2020110104002881,GIC,51,38,10,544.00,"5,440.00"
2020-11-01,2020110104002877,GIC,42,38,10,544.00,"5,440.00"
2020-11-01,2020110104002876,GIC,42,40,10,544.00,"5,440.00"
2020-11-01,2020110104002875,GIC,42,32,10,544.00,"5,440.00"
2020-11-01,2020110104002874,GIC,14,4,10,545.00,"5,450.00"
2020-11-01,2020110104002873,GIC,14,43,10,545.00,"5,450.00"
2020-11-01,2020110104002887,GIC,47,35,10,546.00,"5,460.00"
2020-11-01,2020110104002886,GIC,47,25,10,546.00,"5,460.00"
2020-11-01,2020110104002885,GIC,47,46,10,545.00,"5,450.00"
2020-11-01,2020110104002884,GIC,51,44,10,544.00,"5,440.00"
2020-11-01,2020110104002883,GIC,51,22,10,544.00,"5,440.00"
2020-11-01,2020110104002882,GIC,51,42,10,544.00,"5,440.00"
2020-11-01,2020110104002893,GIC,53,59,10,544.00,"5,440.00"
2020-11-01,2020110104002892,GIC,53,42,10,544.00,"5,440.00"
2020-11-01,2020110104002891,GIC,53,7,10,544.00,"5,440.00"
2020-11-01,2020110104002890,GIC,53,38,10,544.00,"5,440.00"
2020-11-01,2020110104002889,GIC,53,37,10,544.00,"5,440.00"
2020-11-01,2020110104002888,GIC,51,28,10,544.00,"5,440.00"
2020-11-01,2020110104002901,GIC,53,16,10,544.00,"5,440.00"
2020-11-01,2020110104002900,GIC,53,59,10,544.00,"5,440.00"
2020-11-01,2020110104002899,GIC,57,46,10,546.00,"5,460.00"
2020-11-01,2020110104002896,GIC,53,54,10,544.00,"5,440.00"
2020-11-01,2020110104002895,GIC,53,28,10,544.00,"5,440.00"
2020-11-01,2020110104002894,GIC,53,37,10,544.00,"5,440.00"
2020-11-01,2020110104002907,GIC,26,41,10,544.00,"5,440.00"
2020-11-01,2020110104002906,GIC,26,32,10,544.00,"5,440.00"
2020-11-01,2020110104002905,GIC,26,58,10,544.00,"5,440.00"
2020-11-01,2020110104002904,GIC,26,41,10,544.00,"5,440.00"
2020-11-01,2020110104002903,GIC,26,58,10,544.00,"5,440.00"
2020-11-01,2020110104002902,GIC,26,58,10,544.00,"5,440.00"
2020-11-01,2020110104002914,GIC,51,26,10,544.00,"5,440.00"
2020-11-01,2020110104002912,GIC,51,48,10,544.00,"5,440.00"
2020-11-01,2020110104002911,GIC,51,41,10,544.00,"5,440.00"
2020-11-01,2020110104002910,GIC,26,53,10,544.00,"5,440.00"
2020-11-01,2020110104002909,GIC,26,48,10,544.00,"5,440.00"
2020-11-01,2020110104002908,GIC,26,19,10,544.00,"5,440.00"
2020-11-01,2020110104002920,GIC,11,57,90,544.00,"48,960.00"
2020-11-01,2020110104002919,GIC,51,57,30,544.00,"16,320.00"
2020-11-01,2020110104002918,GIC,51,58,10,544.00,"5,440.00"
2020-11-01,2020110104002917,GIC,51,41,10,544.00,"5,440.00"
2020-11-01,2020110104002916,GIC,51,39,10,544.00,"5,440.00"
2020-11-01,2020110104002915,GIC,51,16,10,544.00,"5,440.00"
2020-11-01,2020110104002928,GIC,10,38,10,544.00,"5,440.00"
2020-11-01,2020110104002925,GIC,10,6,10,544.00,"5,440.00"
2020-11-01,2020110104002924,GIC,10,14,50,544.00,"27,200.00"
2020-11-01,2020110104002923,GIC,10,21,10,544.00,"5,440.00"
2020-11-01,2020110104002922,GIC,44,57,60,543.00,"32,580.00"
2020-11-01,2020110104002921,GIC,22,57,360,543.00,"195,480.00"
2020-11-01,2020110104002936,GIC,49,59,10,543.00,"5,430.00"
2020-11-01,2020110104002935,GIC,44,36,10,543.00,"5,430.00"
2020-11-01,2020110104002934,GIC,44,6,10,543.00,"5,430.00"
2020-11-01,2020110104002933,GIC,44,16,10,543.00,"5,430.00"
2020-11-01,2020110104002932,GIC,44,59,10,543.00,"5,430.00"
2020-11-01,2020110104002929,GIC,10,14,20,544.00,"10,880.00"
2020-11-01,2020110104002945,GIC,35,59,10,543.00,"5,430.00"
2020-11-01,2020110104002942,GIC,35,36,10,543.00,"5,430.00"
2020-11-01,2020110104002941,GIC,35,59,10,543.00,"5,430.00"
2020-11-01,2020110104002939,GIC,35,34,10,543.00,"5,430.00"
2020-11-01,2020110104002938,GIC,35,36,10,543.00,"5,430.00"
2020-11-01,2020110104002937,GIC,49,35,10,543.00,"5,430.00"
2020-11-01,2020110104002951,GIC,37,14,80,544.00,"43,520.00"
2020-11-01,2020110104002950,GIC,35,58,10,543.00,"5,430.00"
2020-11-01,2020110104002949,GIC,35,6,10,543.00,"5,430.00"
2020-11-01,2020110104002948,GIC,35,22,10,543.00,"5,430.00"
2020-11-01,2020110104002947,GIC,35,36,10,543.00,"5,430.00"
2020-11-01,2020110104002946,GIC,35,44,10,543.00,"5,430.00"
2020-11-01,2020110104002957,GIC,37,34,10,544.00,"5,440.00"
2020-11-01,2020110104002956,GIC,37,44,10,544.00,"5,440.00"
2020-11-01,2020110104002955,GIC,37,1,10,544.00,"5,440.00"
2020-11-01,2020110104002954,GIC,37,44,10,544.00,"5,440.00"
2020-11-01,2020110104002953,GIC,37,34,10,544.00,"5,440.00"
2020-11-01,2020110104002952,GIC,37,28,10,544.00,"5,440.00"
2020-11-01,2020110104002965,GIC,37,38,10,544.00,"5,440.00"
2020-11-01,2020110104002964,GIC,37,34,10,544.00,"5,440.00"
2020-11-01,2020110104002963,GIC,37,37,10,544.00,"5,440.00"
2020-11-01,2020110104002962,GIC,37,52,10,544.00,"5,440.00"
2020-11-01,2020110104002961,GIC,37,58,10,544.00,"5,440.00"
2020-11-01,2020110104002958,GIC,37,59,10,544.00,"5,440.00"
2020-11-01,2020110104002971,GIC,37,21,10,544.00,"5,440.00"
2020-11-01,2020110104002970,GIC,37,49,10,544.00,"5,440.00"
2020-11-01,2020110104002969,GIC,37,21,10,544.00,"5,440.00"
2020-11-01,2020110104002968,GIC,37,37,10,544.00,"5,440.00"
2020-11-01,2020110104002967,GIC,37,37,10,544.00,"5,440.00"
2020-11-01,2020110104002966,GIC,37,38,10,544.00,"5,440.00"
2020-11-01,2020110104002978,GIC,37,52,10,544.00,"5,440.00"
2020-11-01,2020110104002977,GIC,37,21,10,544.00,"5,440.00"
2020-11-01,2020110104002976,GIC,37,52,10,544.00,"5,440.00"
2020-11-01,2020110104002975,GIC,37,21,10,544.00,"5,440.00"
2020-11-01,2020110104002974,GIC,37,52,10,544.00,"5,440.00"
2020-11-01,2020110104002973,GIC,37,21,10,544.00,"5,440.00"
2020-11-01,2020110104002984,GIC,37,38,10,544.00,"5,440.00"
2020-11-01,2020110104002983,GIC,37,21,10,544.00,"5,440.00"
2020-11-01,2020110104002982,GIC,37,52,10,544.00,"5,440.00"
2020-11-01,2020110104002981,GIC,37,21,10,544.00,"5,440.00"
2020-11-01,2020110104002980,GIC,37,38,10,544.00,"5,440.00"
2020-11-01,2020110104002979,GIC,37,21,10,544.00,"5,440.00"
2020-11-01,2020110104002990,GIC,37,21,10,544.00,"5,440.00"
2020-11-01,2020110104002989,GIC,37,28,10,544.00,"5,440.00"
2020-11-01,2020110104002988,GIC,37,35,10,544.00,"5,440.00"
2020-11-01,2020110104002987,GIC,37,6,10,544.00,"5,440.00"
2020-11-01,2020110104002986,GIC,37,21,10,544.00,"5,440.00"
2020-11-01,2020110104002985,GIC,37,52,10,544.00,"5,440.00"
2020-11-01,2020110104002999,GIC,37,42,10,544.00,"5,440.00"
2020-11-01,2020110104002996,GIC,37,52,10,544.00,"5,440.00"
2020-11-01,2020110104002995,GIC,37,21,10,544.00,"5,440.00"
2020-11-01,2020110104002993,GIC,37,6,10,544.00,"5,440.00"
2020-11-01,2020110104002992,GIC,37,52,10,544.00,"5,440.00"
2020-11-01,2020110104002991,GIC,37,40,10,544.00,"5,440.00"
2020-11-01,2020110104003005,GIC,37,56,10,544.00,"5,440.00"
2020-11-01,2020110104003004,GIC,37,42,10,544.00,"5,440.00"
2020-11-01,2020110104003003,GIC,37,21,10,544.00,"5,440.00"
2020-11-01,2020110104003002,GIC,37,53,10,544.00,"5,440.00"
2020-11-01,2020110104003001,GIC,37,21,10,544.00,"5,440.00"
2020-11-01,2020110104003000,GIC,37,28,10,544.00,"5,440.00"
2020-11-01,2020110104003011,GIC,37,49,10,544.00,"5,440.00"
2020-11-01,2020110104003010,GIC,37,56,10,544.00,"5,440.00"
2020-11-01,2020110104003009,GIC,37,8,10,544.00,"5,440.00"
2020-11-01,2020110104003008,GIC,37,17,10,544.00,"5,440.00"
2020-11-01,2020110104003007,GIC,37,21,10,544.00,"5,440.00"
2020-11-01,2020110104003006,GIC,37,49,10,544.00,"5,440.00"
2020-11-01,2020110104003017,GIC,37,57,10,544.00,"5,440.00"
2020-11-01,2020110104003016,GIC,37,44,10,544.00,"5,440.00"
2020-11-01,2020110104003015,GIC,37,49,10,544.00,"5,440.00"
2020-11-01,2020110104003014,GIC,37,21,10,544.00,"5,440.00"
2020-11-01,2020110104003013,GIC,37,1,10,544.00,"5,440.00"
2020-11-01,2020110104003012,GIC,37,21,10,544.00,"5,440.00"
2020-11-01,2020110104003024,GIC,37,58,10,544.00,"5,440.00"
2020-11-01,2020110104003022,GIC,37,51,10,544.00,"5,440.00"
2020-11-01,2020110104003021,GIC,37,58,10,544.00,"5,440.00"
2020-11-01,2020110104003020,GIC,37,49,10,544.00,"5,440.00"
2020-11-01,2020110104003019,GIC,37,53,10,544.00,"5,440.00"
2020-11-01,2020110104003018,GIC,37,57,10,544.00,"5,440.00"
2020-11-01,2020110104003031,GIC,37,52,10,544.00,"5,440.00"
2020-11-01,2020110104003030,GIC,37,49,10,544.00,"5,440.00"
2020-11-01,2020110104003028,GIC,37,49,10,544.00,"5,440.00"
2020-11-01,2020110104003027,GIC,37,57,10,544.00,"5,440.00"
2020-11-01,2020110104003026,GIC,37,51,10,544.00,"5,440.00"
2020-11-01,2020110104003025,GIC,37,49,10,544.00,"5,440.00"
2020-11-01,2020110104002760,GIMES1,57,52,"1,000",10.00,"10,000.00"
2020-11-01,2020110104002758,GIMES1,21,13,"4,900",9.90,"48,510.00"
2020-11-01,2020110104002931,LEMF,17,58,"5,000",9.20,"46,000.00"
2020-11-01,2020110104002826,LEMF,46,58,"2,000",9.11,"18,220.00"
2020-11-01,2020110104002940,LUK,57,5,100,8.95,895.00
2020-11-01,2020110104002862,NBF2,57,5,100,9.30,930.00
2020-11-01,2020110104002861,NBF2,57,26,200,9.30,"1,860.00"
2020-11-01,2020110104002860,NBF2,57,11,100,9.30,930.00
2020-11-01,2020110104002859,NBF2,57,32,100,9.30,930.00
2020-11-01,2020110104002690,NBF2,21,43,100,9.25,925.00
2020-11-01,2020110104003023,NEF,58,51,207,9.12,"1,887.84"
2020-11-01,2020110104002930,NEF,47,5,483,9.10,"4,395.30"
2020-11-01,2020110104002897,NEF,45,26,483,9.11,"4,400.13"
2020-11-01,2020110104002720,NEF,47,14,"1,207",9.10,"10,983.70"
2020-11-01,2020110104002713,NIBLPF,21,14,"1,263",9.36,"11,821.68"
2020-11-01,2020110104002880,NIBPO,47,6,77,384.00,"29,568.00"
2020-11-01,2020110104002879,NIBPO,47,6,300,384.00,"115,200.00"
2020-11-01,2020110104002878,NIBPO,47,6,123,384.00,"47,232.00"
2020-11-01,2020110104002835,NIBPO,47,55,77,384.00,"29,568.00"
2020-11-01,2020110104002834,NIBPO,8,55,"1,212",384.00,"465,408.00"
2020-11-01,2020110104002822,NIBPO,17,6,841,385.00,"323,785.00"
2020-11-01,2020110104002821,NIBPO,17,34,159,385.00,"61,215.00"
2020-11-01,2020110104002676,NIBPO,8,43,15,384.00,"5,760.00"
2020-11-01,2020110104002663,NIBPO,17,34,500,385.00,"192,500.00"
2020-11-01,2020110104002653,NIBPO,8,37,773,384.00,"296,832.00"
2020-11-01,2020110104002652,NIBPO,47,37,65,384.00,"24,960.00"
2020-11-01,2020110104002927,NICGF,17,17,"1,400",9.85,"13,790.00"
2020-11-01,2020110104002762,NICGF,33,45,"3,000",9.89,"29,670.00"
2020-11-01,2020110104002759,NICGF,33,26,300,9.88,"2,964.00"
2020-11-01,2020110104002640,NICGF,17,19,"10,000",9.85,"98,500.00"
2020-11-01,2020110104002639,NICGF,17,45,750,9.85,"7,387.50"
2020-11-01,2020110104002638,NICGF,17,34,"5,133",9.84,"50,508.72"
2020-11-01,2020110104002898,NMBHF1,21,26,"1,664",9.42,"15,674.88"
2020-11-01,2020110104002570,RBCLPO,49,50,10,"11,151.00","111,510.00"
2020-11-01,2020110104003035,SAEF,59,10,"6,000",9.95,"59,700.00"
2020-11-01,2020110104002998,SAEF,59,51,500,9.94,"4,970.00"
2020-11-01,2020110104002997,SAEF,50,10,"2,000",9.95,"19,900.00"
2020-11-01,2020110104002960,SAEF,59,10,"2,000",9.95,"19,900.00"
2020-11-01,2020110104002959,SAEF,59,26,500,9.95,"4,975.00"
2020-11-01,2020110104002944,SAEF,16,58,"1,000",9.95,"9,950.00"
2020-11-01,2020110104002943,SAEF,16,49,500,9.95,"4,975.00"
2020-11-01,2020110104002913,SEF,57,28,"1,000",9.54,"9,540.00"
2020-11-01,2020110104002687,SEF,47,14,"10,000",9.53,"95,300.00"
2020-11-01,2020110104003029,SFMF,51,57,200,9.51,"1,902.00"
2020-11-01,2020110104002972,SRBLD83,26,42,25,"1,046.00","26,150.00"
2020-11-01,2020110104002926,STC,26,1,20,"3,650.00","73,000.00"
2020-11-01,2020110104002503,CMF1,22,42,700,9.69,"6,783.00"
2020-11-01,2020110104002538,GIC,49,36,10,543.00,"5,430.00"
2020-11-01,2020110104002537,GIC,49,29,10,543.00,"5,430.00"
2020-11-01,2020110104002536,GIC,59,35,10,542.00,"5,420.00"
2020-11-01,2020110104002535,GIC,59,1,10,542.00,"5,420.00"
2020-11-01,2020110104002534,GIC,28,29,10,543.00,"5,430.00"
2020-11-01,2020110104002533,GIC,28,50,10,543.00,"5,430.00"
2020-11-01,2020110104002039,GIC,38,4,10,545.00,"5,450.00"
2020-11-01,2020110104002045,GIC,38,6,110,545.00,"59,950.00"
2020-11-01,2020110104002044,GIC,38,16,10,545.00,"5,450.00"
2020-11-01,2020110104002043,GIC,38,21,10,545.00,"5,450.00"
2020-11-01,2020110104002042,GIC,38,45,10,545.00,"5,450.00"
2020-11-01,2020110104002041,GIC,38,6,10,545.00,"5,450.00"
2020-11-01,2020110104002040,GIC,38,38,10,545.00,"5,450.00"
2020-11-01,2020110104002059,GIC,16,28,10,542.00,"5,420.00"
2020-11-01,2020110104002056,GIC,16,59,10,542.00,"5,420.00"
2020-11-01,2020110104002055,GIC,16,56,10,542.00,"5,420.00"
2020-11-01,2020110104002054,GIC,16,59,10,542.00,"5,420.00"
2020-11-01,2020110104002047,GIC,16,59,10,542.00,"5,420.00"
2020-11-01,2020110104002046,GIC,38,4,10,545.00,"5,450.00"
2020-11-01,2020110104002065,GIC,16,35,10,542.00,"5,420.00"
2020-11-01,2020110104002064,GIC,16,40,10,542.00,"5,420.00"
2020-11-01,2020110104002063,GIC,16,42,10,542.00,"5,420.00"
2020-11-01,2020110104002062,GIC,16,58,10,542.00,"5,420.00"
2020-11-01,2020110104002061,GIC,16,59,10,542.00,"5,420.00"
2020-11-01,2020110104002060,GIC,16,26,10,542.00,"5,420.00"
2020-11-01,2020110104002071,GIC,16,34,10,542.00,"5,420.00"
2020-11-01,2020110104002070,GIC,16,57,10,542.00,"5,420.00"
2020-11-01,2020110104002069,GIC,16,59,10,542.00,"5,420.00"
2020-11-01,2020110104002068,GIC,16,6,10,542.00,"5,420.00"
2020-11-01,2020110104002067,GIC,16,34,10,542.00,"5,420.00"
2020-11-01,2020110104002066,GIC,16,59,10,542.00,"5,420.00"
2020-11-01,2020110104002079,GIC,16,57,10,542.00,"5,420.00"
2020-11-01,2020110104002078,GIC,16,59,10,542.00,"5,420.00"
2020-11-01,2020110104002076,GIC,16,59,10,542.00,"5,420.00"
2020-11-01,2020110104002075,GIC,16,34,10,542.00,"5,420.00"
2020-11-01,2020110104002073,GIC,16,49,10,542.00,"5,420.00"
2020-11-01,2020110104002072,GIC,16,59,10,542.00,"5,420.00"
2020-11-01,2020110104002086,GIC,16,58,10,542.00,"5,420.00"
2020-11-01,2020110104002085,GIC,16,59,10,542.00,"5,420.00"
2020-11-01,2020110104002084,GIC,16,16,10,542.00,"5,420.00"
2020-11-01,2020110104002083,GIC,16,38,10,542.00,"5,420.00"
2020-11-01,2020110104002082,GIC,16,50,10,542.00,"5,420.00"
2020-11-01,2020110104002081,GIC,16,59,10,542.00,"5,420.00"
2020-11-01,2020110104002092,GIC,8,32,10,543.00,"5,430.00"
2020-11-01,2020110104002091,GIC,16,42,10,542.00,"5,420.00"
2020-11-01,2020110104002090,GIC,16,6,10,542.00,"5,420.00"
2020-11-01,2020110104002089,GIC,16,38,10,542.00,"5,420.00"
2020-11-01,2020110104002088,GIC,16,16,10,542.00,"5,420.00"
2020-11-01,2020110104002087,GIC,16,38,10,542.00,"5,420.00"
2020-11-01,2020110104002098,GIC,8,52,10,543.00,"5,430.00"
2020-11-01,2020110104002097,GIC,16,48,10,542.00,"5,420.00"
2020-11-01,2020110104002096,GIC,16,36,10,542.00,"5,420.00"
2020-11-01,2020110104002095,GIC,16,38,10,542.00,"5,420.00"
2020-11-01,2020110104002094,GIC,8,5,10,543.00,"5,430.00"
2020-11-01,2020110104002093,GIC,8,21,10,543.00,"5,430.00"
2020-11-01,2020110104002105,GIC,8,57,10,543.00,"5,430.00"
2020-11-01,2020110104002104,GIC,8,38,10,543.00,"5,430.00"
2020-11-01,2020110104002103,GIC,8,52,10,543.00,"5,430.00"
2020-11-01,2020110104002102,GIC,8,17,10,543.00,"5,430.00"
2020-11-01,2020110104002101,GIC,8,52,10,543.00,"5,430.00"
2020-11-01,2020110104002100,GIC,8,29,10,543.00,"5,430.00"
2020-11-01,2020110104002111,GIC,6,48,10,543.00,"5,430.00"
2020-11-01,2020110104002110,GIC,6,52,10,543.00,"5,430.00"
2020-11-01,2020110104002109,GIC,6,13,10,543.00,"5,430.00"
2020-11-01,2020110104002108,GIC,6,21,10,543.00,"5,430.00"
2020-11-01,2020110104002107,GIC,6,52,10,543.00,"5,430.00"
2020-11-01,2020110104002106,GIC,6,52,10,543.00,"5,430.00"
2020-11-01,2020110104002119,GIC,49,52,10,543.00,"5,430.00"
2020-11-01,2020110104002118,GIC,49,52,10,543.00,"5,430.00"
2020-11-01,2020110104002115,GIC,6,52,10,543.00,"5,430.00"
2020-11-01,2020110104002114,GIC,6,58,10,543.00,"5,430.00"
2020-11-01,2020110104002113,GIC,6,50,10,543.00,"5,430.00"
2020-11-01,2020110104002112,GIC,6,52,10,543.00,"5,430.00"
2020-11-01,2020110104002126,GIC,49,56,10,543.00,"5,430.00"
2020-11-01,2020110104002125,GIC,49,17,10,543.00,"5,430.00"
2020-11-01,2020110104002124,GIC,49,59,10,543.00,"5,430.00"
2020-11-01,2020110104002123,GIC,49,57,10,543.00,"5,430.00"
2020-11-01,2020110104002122,GIC,49,1,10,543.00,"5,430.00"
2020-11-01,2020110104002120,GIC,49,56,10,543.00,"5,430.00"
2020-11-01,2020110104002133,GIC,7,39,10,543.00,"5,430.00"
2020-11-01,2020110104002132,GIC,7,53,10,543.00,"5,430.00"
2020-11-01,2020110104002131,GIC,7,34,10,543.00,"5,430.00"
2020-11-01,2020110104002129,GIC,7,52,10,543.00,"5,430.00"
2020-11-01,2020110104002128,GIC,49,53,10,543.00,"5,430.00"
2020-11-01,2020110104002127,GIC,49,59,10,543.00,"5,430.00"
2020-11-01,2020110104002139,GIC,16,39,10,542.00,"5,420.00"
2020-11-01,2020110104002138,GIC,42,39,10,543.00,"5,430.00"
2020-11-01,2020110104002137,GIC,42,59,10,543.00,"5,430.00"
2020-11-01,2020110104002136,GIC,42,14,10,543.00,"5,430.00"
2020-11-01,2020110104002135,GIC,35,14,90,543.00,"48,870.00"
2020-11-01,2020110104002134,GIC,35,57,10,543.00,"5,430.00"
2020-11-01,2020110104002145,GIC,16,45,10,542.00,"5,420.00"
2020-11-01,2020110104002144,GIC,16,59,10,542.00,"5,420.00"
2020-11-01,2020110104002143,GIC,16,39,10,542.00,"5,420.00"
2020-11-01,2020110104002142,GIC,16,57,10,542.00,"5,420.00"
2020-11-01,2020110104002141,GIC,16,39,10,542.00,"5,420.00"
2020-11-01,2020110104002140,GIC,16,45,10,542.00,"5,420.00"
2020-11-01,2020110104002152,GIC,16,38,10,542.00,"5,420.00"
2020-11-01,2020110104002151,GIC,16,21,10,542.00,"5,420.00"
2020-11-01,2020110104002150,GIC,16,38,10,542.00,"5,420.00"
2020-11-01,2020110104002149,GIC,16,45,10,542.00,"5,420.00"
2020-11-01,2020110104002148,GIC,16,33,10,542.00,"5,420.00"
2020-11-01,2020110104002146,GIC,16,39,10,542.00,"5,420.00"
2020-11-01,2020110104002158,GIC,16,53,10,542.00,"5,420.00"
2020-11-01,2020110104002157,GIC,16,45,10,542.00,"5,420.00"
2020-11-01,2020110104002156,GIC,16,52,10,542.00,"5,420.00"
2020-11-01,2020110104002155,GIC,16,16,10,542.00,"5,420.00"
2020-11-01,2020110104002154,GIC,16,39,10,542.00,"5,420.00"
2020-11-01,2020110104002153,GIC,16,38,10,542.00,"5,420.00"
2020-11-01,2020110104002164,GIC,16,52,10,542.00,"5,420.00"
2020-11-01,2020110104002163,GIC,16,39,10,542.00,"5,420.00"
2020-11-01,2020110104002162,GIC,16,45,10,542.00,"5,420.00"
2020-11-01,2020110104002161,GIC,16,42,10,542.00,"5,420.00"
2020-11-01,2020110104002160,GIC,16,38,10,542.00,"5,420.00"
2020-11-01,2020110104002159,GIC,16,39,10,542.00,"5,420.00"
2020-11-01,2020110104002170,GIC,16,39,10,542.00,"5,420.00"
2020-11-01,2020110104002169,GIC,16,45,10,542.00,"5,420.00"
2020-11-01,2020110104002168,GIC,16,38,10,542.00,"5,420.00"
2020-11-01,2020110104002167,GIC,16,38,10,542.00,"5,420.00"
2020-11-01,2020110104002166,GIC,16,16,10,542.00,"5,420.00"
2020-11-01,2020110104002165,GIC,16,55,10,542.00,"5,420.00"
2020-11-01,2020110104002176,GIC,6,11,10,543.00,"5,430.00"
2020-11-01,2020110104002175,GIC,6,34,10,543.00,"5,430.00"
2020-11-01,2020110104002174,GIC,6,53,10,543.00,"5,430.00"
2020-11-01,2020110104002173,GIC,6,34,10,543.00,"5,430.00"
2020-11-01,2020110104002172,GIC,16,52,10,542.00,"5,420.00"
2020-11-01,2020110104002171,GIC,16,38,10,542.00,"5,420.00"
2020-11-01,2020110104002185,GIC,16,42,10,542.00,"5,420.00"
2020-11-01,2020110104002184,GIC,16,34,10,542.00,"5,420.00"
2020-11-01,2020110104002180,GIC,16,39,10,542.00,"5,420.00"
2020-11-01,2020110104002179,GIC,16,34,10,542.00,"5,420.00"
2020-11-01,2020110104002178,GIC,16,26,10,542.00,"5,420.00"
2020-11-01,2020110104002177,GIC,6,22,10,543.00,"5,430.00"
2020-11-01,2020110104002192,GIC,16,3,10,542.00,"5,420.00"
2020-11-01,2020110104002191,GIC,6,58,10,543.00,"5,430.00"
2020-11-01,2020110104002190,GIC,16,34,10,542.00,"5,420.00"
2020-11-01,2020110104002189,GIC,16,35,10,542.00,"5,420.00"
2020-11-01,2020110104002188,GIC,16,48,10,542.00,"5,420.00"
2020-11-01,2020110104002186,GIC,16,26,10,542.00,"5,420.00"
2020-11-01,2020110104002198,GIC,16,42,10,542.00,"5,420.00"
2020-11-01,2020110104002197,GIC,16,58,10,542.00,"5,420.00"
2020-11-01,2020110104002196,GIC,16,34,10,542.00,"5,420.00"
2020-11-01,2020110104002195,GIC,16,34,10,542.00,"5,420.00"
2020-11-01,2020110104002194,GIC,16,42,10,542.00,"5,420.00"
2020-11-01,2020110104002193,GIC,16,51,10,542.00,"5,420.00"
2020-11-01,2020110104002204,GIC,16,34,10,542.00,"5,420.00"
2020-11-01,2020110104002203,GIC,16,41,10,542.00,"5,420.00"
2020-11-01,2020110104002202,GIC,16,14,510,542.00,"276,420.00"
2020-11-01,2020110104002201,GIC,16,4,10,542.00,"5,420.00"
2020-11-01,2020110104002200,GIC,16,34,10,542.00,"5,420.00"
2020-11-01,2020110104002199,GIC,16,56,10,542.00,"5,420.00"
2020-11-01,2020110104002213,GIC,16,58,10,542.00,"5,420.00"
2020-11-01,2020110104002212,GIC,16,20,10,542.00,"5,420.00"
2020-11-01,2020110104002211,GIC,16,32,10,542.00,"5,420.00"
2020-11-01,2020110104002210,GIC,42,57,10,543.00,"5,430.00"
2020-11-01,2020110104002208,GIC,16,45,10,542.00,"5,420.00"
2020-11-01,2020110104002207,GIC,16,14,10,542.00,"5,420.00"
2020-11-01,2020110104002219,GIC,16,38,10,542.00,"5,420.00"
2020-11-01,2020110104002218,GIC,16,48,10,542.00,"5,420.00"
2020-11-01,2020110104002217,GIC,16,58,10,542.00,"5,420.00"
2020-11-01,2020110104002216,GIC,16,58,10,542.00,"5,420.00"
2020-11-01,2020110104002215,GIC,16,48,10,542.00,"5,420.00"
2020-11-01,2020110104002214,GIC,16,58,10,542.00,"5,420.00"
2020-11-01,2020110104002226,GIC,38,58,50,542.00,"27,100.00"
2020-11-01,2020110104002225,GIC,16,58,60,542.00,"32,520.00"
2020-11-01,2020110104002224,GIC,16,53,10,542.00,"5,420.00"
2020-11-01,2020110104002223,GIC,16,38,10,542.00,"5,420.00"
2020-11-01,2020110104002222,GIC,16,58,10,542.00,"5,420.00"
2020-11-01,2020110104002220,GIC,16,58,10,542.00,"5,420.00"
2020-11-01,2020110104002234,GIC,41,19,10,542.00,"5,420.00"
2020-11-01,2020110104002231,GIC,57,56,10,542.00,"5,420.00"
2020-11-01,2020110104002230,GIC,57,39,10,542.00,"5,420.00"
2020-11-01,2020110104002229,GIC,57,38,10,542.00,"5,420.00"
2020-11-01,2020110104002228,GIC,57,58,70,542.00,"37,940.00"
2020-11-01,2020110104002227,GIC,17,58,20,542.00,"10,840.00"
2020-11-01,2020110104002241,GIC,41,29,10,542.00,"5,420.00"
2020-11-01,2020110104002240,GIC,41,1,10,542.00,"5,420.00"
2020-11-01,2020110104002239,GIC,41,29,10,542.00,"5,420.00"
2020-11-01,2020110104002237,GIC,41,19,10,542.00,"5,420.00"
2020-11-01,2020110104002236,GIC,19,42,90,543.00,"48,870.00"
