Date,Transact. No.,Symbol,Buyer,Seller,Quantity,Rate,Amount
2020-12-09,2020120904001528,BBC,58,32,40,"2,860.00","114,400.00"
2020-12-09,2020120904001518,BBC,58,57,20,"2,860.00","57,200.00"
2020-12-09,2020120904001503,BBC,14,20,10,"2,880.00","28,800.00"
2020-12-09,2020120904001502,BBC,50,20,16,"2,880.00","46,080.00"
2020-12-09,2020120904001488,BBC,57,34,30,"2,882.00","86,460.00"
2020-12-09,2020120904001487,BBC,58,34,20,"2,885.00","57,700.00"
2020-12-09,2020120904001062,BBC,17,38,37,"2,900.00","107,300.00"
2020-12-09,2020120904001233,BBC,33,32,10,"2,856.00","28,560.00"
2020-12-09,2020120904001232,BBC,14,32,100,"2,860.00","286,000.00"
2020-12-09,2020120904001231,BBC,21,32,10,"2,861.00","28,610.00"
2020-12-09,2020120904001229,BBC,51,32,10,"2,861.00","28,610.00"
2020-12-09,2020120904001078,BBC,35,36,10,"2,882.00","28,820.00"
2020-12-09,2020120904001066,BBC,17,38,10,"2,900.00","29,000.00"
2020-12-09,2020120904001486,BBC,17,34,20,"2,890.00","57,800.00"
2020-12-09,2020120904001485,BBC,57,34,20,"2,891.00","57,820.00"
2020-12-09,2020120904001454,BBC,54,46,10,"2,900.00","29,000.00"
2020-12-09,2020120904001319,BBC,50,36,20,"2,882.00","57,640.00"
2020-12-09,2020120904001246,BBC,16,32,62,"2,855.00","177,010.00"
2020-12-09,2020120904001234,BBC,16,32,80,"2,855.00","228,400.00"
2020-12-09,2020120904001464,CMF1,22,58,100,9.58,958.00
2020-12-09,2020120904001037,CMF1,20,20,500,9.76,"4,880.00"
2020-12-09,2020120904001526,GIC,28,38,10,570.00,"5,700.00"
2020-12-09,2020120904001525,GIC,28,8,10,570.00,"5,700.00"
2020-12-09,2020120904001524,GIC,28,1,10,570.00,"5,700.00"
2020-12-09,2020120904001523,GIC,28,37,10,570.00,"5,700.00"
2020-12-09,2020120904001522,GIC,28,5,10,570.00,"5,700.00"
2020-12-09,2020120904001521,GIC,28,26,20,570.00,"11,400.00"
2020-12-09,2020120904001040,GIC,38,44,10,569.00,"5,690.00"
2020-12-09,2020120904001035,GIC,38,34,10,569.00,"5,690.00"
2020-12-09,2020120904001034,GIC,38,33,10,569.00,"5,690.00"
2020-12-09,2020120904001051,GIC,38,49,10,569.00,"5,690.00"
2020-12-09,2020120904001050,GIC,42,58,10,570.00,"5,700.00"
2020-12-09,2020120904001049,GIC,42,37,10,570.00,"5,700.00"
2020-12-09,2020120904001045,GIC,38,36,10,569.00,"5,690.00"
2020-12-09,2020120904001043,GIC,38,34,10,569.00,"5,690.00"
2020-12-09,2020120904001042,GIC,52,42,10,570.00,"5,700.00"
2020-12-09,2020120904001105,GIC,43,22,10,570.00,"5,700.00"
2020-12-09,2020120904001103,GIC,34,22,10,571.00,"5,710.00"
2020-12-09,2020120904001102,GIC,35,17,10,571.00,"5,710.00"
2020-12-09,2020120904001097,GIC,35,22,10,571.00,"5,710.00"
2020-12-09,2020120904001084,GIC,35,42,10,571.00,"5,710.00"
2020-12-09,2020120904001076,GIC,38,51,10,569.00,"5,690.00"
2020-12-09,2020120904001121,GIC,26,6,20,569.00,"11,380.00"
2020-12-09,2020120904001120,GIC,38,6,30,569.00,"17,070.00"
2020-12-09,2020120904001119,GIC,6,6,90,570.00,"51,300.00"
2020-12-09,2020120904001118,GIC,6,54,10,570.00,"5,700.00"
2020-12-09,2020120904001114,GIC,8,41,100,570.00,"57,000.00"
2020-12-09,2020120904001113,GIC,43,6,10,570.00,"5,700.00"
2020-12-09,2020120904001127,GIC,29,6,10,568.00,"5,680.00"
2020-12-09,2020120904001126,GIC,59,6,10,568.00,"5,680.00"
2020-12-09,2020120904001125,GIC,48,6,70,568.00,"39,760.00"
2020-12-09,2020120904001124,GIC,22,6,100,569.00,"56,900.00"
2020-12-09,2020120904001123,GIC,58,6,52,569.00,"29,588.00"
2020-12-09,2020120904001122,GIC,16,6,500,569.00,"284,500.00"
2020-12-09,2020120904001135,GIC,53,29,10,568.00,"5,680.00"
2020-12-09,2020120904001134,GIC,53,44,10,568.00,"5,680.00"
2020-12-09,2020120904001131,GIC,53,44,10,568.00,"5,680.00"
2020-12-09,2020120904001130,GIC,53,6,42,568.00,"23,856.00"
2020-12-09,2020120904001129,GIC,43,6,100,568.00,"56,800.00"
2020-12-09,2020120904001128,GIC,29,6,30,568.00,"17,040.00"
2020-12-09,2020120904001152,GIC,53,34,10,568.00,"5,680.00"
2020-12-09,2020120904001145,GIC,53,44,10,568.00,"5,680.00"
2020-12-09,2020120904001144,GIC,53,57,10,568.00,"5,680.00"
2020-12-09,2020120904001142,GIC,53,21,10,568.00,"5,680.00"
2020-12-09,2020120904001140,GIC,53,16,10,568.00,"5,680.00"
2020-12-09,2020120904001139,GIC,53,44,10,568.00,"5,680.00"
2020-12-09,2020120904001190,GIC,53,47,10,568.00,"5,680.00"
2020-12-09,2020120904001183,GIC,43,39,10,569.00,"5,690.00"
2020-12-09,2020120904001167,GIC,53,16,10,568.00,"5,680.00"
2020-12-09,2020120904001160,GIC,33,50,10,569.00,"5,690.00"
2020-12-09,2020120904001157,GIC,53,54,10,568.00,"5,680.00"
2020-12-09,2020120904001155,GIC,53,44,10,568.00,"5,680.00"
2020-12-09,2020120904001206,GIC,34,59,10,573.00,"5,730.00"
2020-12-09,2020120904001205,GIC,34,39,10,572.00,"5,720.00"
2020-12-09,2020120904001204,GIC,34,42,10,570.00,"5,700.00"
2020-12-09,2020120904001203,GIC,34,25,10,570.00,"5,700.00"
2020-12-09,2020120904001202,GIC,3,22,10,570.00,"5,700.00"
2020-12-09,2020120904001201,GIC,13,47,10,569.00,"5,690.00"
2020-12-09,2020120904001239,GIC,17,6,10,573.00,"5,730.00"
2020-12-09,2020120904001235,GIC,11,36,794,570.00,"452,580.00"
2020-12-09,2020120904001230,GIC,56,49,10,570.00,"5,700.00"
2020-12-09,2020120904001228,GIC,56,56,10,570.00,"5,700.00"
2020-12-09,2020120904001216,GIC,56,47,10,570.00,"5,700.00"
2020-12-09,2020120904001214,GIC,13,3,10,569.00,"5,690.00"
2020-12-09,2020120904001256,GIC,57,58,10,574.00,"5,740.00"
2020-12-09,2020120904001255,GIC,57,58,10,574.00,"5,740.00"
2020-12-09,2020120904001254,GIC,57,13,10,574.00,"5,740.00"
2020-12-09,2020120904001249,GIC,11,53,10,571.00,"5,710.00"
2020-12-09,2020120904001241,GIC,11,58,10,571.00,"5,710.00"
2020-12-09,2020120904001240,GIC,11,28,10,571.00,"5,710.00"
2020-12-09,2020120904001269,GIC,11,53,10,571.00,"5,710.00"
2020-12-09,2020120904001265,GIC,11,11,10,571.00,"5,710.00"
2020-12-09,2020120904001262,GIC,11,49,10,571.00,"5,710.00"
2020-12-09,2020120904001261,GIC,11,53,10,571.00,"5,710.00"
2020-12-09,2020120904001260,GIC,11,49,10,571.00,"5,710.00"
2020-12-09,2020120904001257,GIC,57,58,10,574.00,"5,740.00"
2020-12-09,2020120904001295,GIC,11,46,10,571.00,"5,710.00"
2020-12-09,2020120904001294,GIC,11,29,10,571.00,"5,710.00"
2020-12-09,2020120904001293,GIC,11,16,10,571.00,"5,710.00"
2020-12-09,2020120904001285,GIC,11,32,10,571.00,"5,710.00"
2020-12-09,2020120904001280,GIC,11,37,10,571.00,"5,710.00"
2020-12-09,2020120904001270,GIC,11,29,250,571.00,"142,750.00"
2020-12-09,2020120904001306,GIC,11,49,10,571.00,"5,710.00"
2020-12-09,2020120904001304,GIC,11,13,10,571.00,"5,710.00"
2020-12-09,2020120904001302,GIC,11,29,10,571.00,"5,710.00"
2020-12-09,2020120904001301,GIC,11,29,10,571.00,"5,710.00"
2020-12-09,2020120904001300,GIC,11,35,10,571.00,"5,710.00"
2020-12-09,2020120904001297,GIC,11,46,90,571.00,"51,390.00"
2020-12-09,2020120904001327,GIC,22,55,10,573.00,"5,730.00"
2020-12-09,2020120904001321,GIC,11,36,10,571.00,"5,710.00"
2020-12-09,2020120904001315,GIC,11,22,10,571.00,"5,710.00"
2020-12-09,2020120904001314,GIC,11,36,10,571.00,"5,710.00"
2020-12-09,2020120904001313,GIC,11,47,10,571.00,"5,710.00"
2020-12-09,2020120904001311,GIC,11,57,10,571.00,"5,710.00"
2020-12-09,2020120904001346,GIC,8,28,10,574.00,"5,740.00"
2020-12-09,2020120904001343,GIC,8,42,10,574.00,"5,740.00"
2020-12-09,2020120904001342,GIC,8,57,10,574.00,"5,740.00"
2020-12-09,2020120904001338,GIC,22,28,100,573.00,"57,300.00"
2020-12-09,2020120904001337,GIC,22,58,10,573.00,"5,730.00"
2020-12-09,2020120904001334,GIC,22,49,10,573.00,"5,730.00"
2020-12-09,2020120904001365,GIC,22,3,10,573.00,"5,730.00"
2020-12-09,2020120904001362,GIC,22,22,10,573.00,"5,730.00"
2020-12-09,2020120904001361,GIC,22,6,10,573.00,"5,730.00"
2020-12-09,2020120904001360,GIC,22,45,10,573.00,"5,730.00"
2020-12-09,2020120904001352,GIC,8,43,10,574.00,"5,740.00"
2020-12-09,2020120904001348,GIC,8,47,10,574.00,"5,740.00"
2020-12-09,2020120904001388,GIC,22,17,10,573.00,"5,730.00"
2020-12-09,2020120904001387,GIC,22,32,10,573.00,"5,730.00"
2020-12-09,2020120904001374,GIC,22,19,160,573.00,"91,680.00"
2020-12-09,2020120904001371,GIC,22,58,10,573.00,"5,730.00"
2020-12-09,2020120904001370,GIC,22,43,90,573.00,"51,570.00"
2020-12-09,2020120904001368,GIC,22,26,10,573.00,"5,730.00"
2020-12-09,2020120904001407,GIC,22,33,40,573.00,"22,920.00"
2020-12-09,2020120904001402,GIC,22,45,10,573.00,"5,730.00"
2020-12-09,2020120904001401,GIC,22,41,10,573.00,"5,730.00"
2020-12-09,2020120904001399,GIC,22,29,10,573.00,"5,730.00"
2020-12-09,2020120904001390,GIC,22,44,10,573.00,"5,730.00"
2020-12-09,2020120904001389,GIC,22,47,10,573.00,"5,730.00"
2020-12-09,2020120904001415,GIC,13,38,10,569.00,"5,690.00"
2020-12-09,2020120904001412,GIC,49,33,10,570.00,"5,700.00"
2020-12-09,2020120904001411,GIC,57,33,50,570.00,"28,500.00"
2020-12-09,2020120904001410,GIC,49,33,50,571.00,"28,550.00"
2020-12-09,2020120904001409,GIC,43,33,50,571.00,"28,550.00"
2020-12-09,2020120904001408,GIC,11,33,430,571.00,"245,530.00"
2020-12-09,2020120904001426,GIC,6,59,10,570.00,"5,700.00"
2020-12-09,2020120904001423,GIC,28,38,10,570.00,"5,700.00"
2020-12-09,2020120904001422,GIC,28,47,10,570.00,"5,700.00"
2020-12-09,2020120904001421,GIC,28,34,10,570.00,"5,700.00"
2020-12-09,2020120904001420,GIC,28,33,370,570.00,"210,900.00"
2020-12-09,2020120904001419,GIC,13,5,10,569.00,"5,690.00"
2020-12-09,2020120904001444,GIC,6,57,10,570.00,"5,700.00"
2020-12-09,2020120904001438,GIC,6,36,10,570.00,"5,700.00"
2020-12-09,2020120904001437,GIC,6,47,10,570.00,"5,700.00"
2020-12-09,2020120904001434,GIC,6,32,10,570.00,"5,700.00"
2020-12-09,2020120904001428,GIC,6,47,10,570.00,"5,700.00"
2020-12-09,2020120904001427,GIC,6,33,10,570.00,"5,700.00"
2020-12-09,2020120904001455,GIC,6,37,10,570.00,"5,700.00"
2020-12-09,2020120904001453,GIC,11,47,20,574.00,"11,480.00"
2020-12-09,2020120904001452,GIC,11,32,10,574.00,"5,740.00"
2020-12-09,2020120904001450,GIC,6,28,10,570.00,"5,700.00"
2020-12-09,2020120904001449,GIC,6,35,10,570.00,"5,700.00"
2020-12-09,2020120904001448,GIC,6,37,10,570.00,"5,700.00"
2020-12-09,2020120904001466,GIC,29,37,10,569.00,"5,690.00"
2020-12-09,2020120904001461,GIC,6,58,10,570.00,"5,700.00"
2020-12-09,2020120904001459,GIC,6,37,10,570.00,"5,700.00"
2020-12-09,2020120904001458,GIC,6,58,10,570.00,"5,700.00"
2020-12-09,2020120904001457,GIC,6,32,10,570.00,"5,700.00"
2020-12-09,2020120904001456,GIC,6,42,10,570.00,"5,700.00"
2020-12-09,2020120904001493,GIC,45,59,10,570.00,"5,700.00"
2020-12-09,2020120904001492,GIC,45,34,10,570.00,"5,700.00"
2020-12-09,2020120904001484,GIC,56,14,10,569.00,"5,690.00"
2020-12-09,2020120904001483,GIC,29,17,10,570.00,"5,700.00"
2020-12-09,2020120904001472,GIC,29,33,10,569.00,"5,690.00"
2020-12-09,2020120904001468,GIC,29,33,10,569.00,"5,690.00"
2020-12-09,2020120904001500,GIC,6,26,10,570.00,"5,700.00"
2020-12-09,2020120904001499,GIC,25,26,50,570.00,"28,500.00"
2020-12-09,2020120904001497,GIC,45,26,110,570.00,"62,700.00"
2020-12-09,2020120904001496,GIC,45,39,10,570.00,"5,700.00"
2020-12-09,2020120904001495,GIC,45,10,50,570.00,"28,500.00"
2020-12-09,2020120904001494,GIC,45,22,10,570.00,"5,700.00"
2020-12-09,2020120904001519,GIC,17,37,10,569.00,"5,690.00"
2020-12-09,2020120904001517,GIC,58,37,10,569.00,"5,690.00"
2020-12-09,2020120904001508,GIC,56,26,190,570.00,"108,300.00"
2020-12-09,2020120904001506,GIC,41,26,30,570.00,"17,100.00"
2020-12-09,2020120904001505,GIC,8,26,90,570.00,"51,300.00"
2020-12-09,2020120904001504,GIC,8,1,10,570.00,"5,700.00"
2020-12-09,2020120904001381,GIMES1,13,43,"25,000",11.20,"280,000.00"
2020-12-09,2020120904001100,GIMES1,7,51,"3,947",11.20,"44,206.40"
2020-12-09,2020120904001064,GIMES1,7,43,"1,000",11.06,"11,060.00"
2020-12-09,2020120904001059,GIMES1,7,10,"10,000",11.19,"111,900.00"
2020-12-09,2020120904001236,KBLD86,6,20,25,"1,050.00","26,250.00"
2020-12-09,2020120904001093,KBLD86,6,43,100,"1,050.00","105,000.00"
2020-12-09,2020120904001080,LEMF,22,52,"1,000",9.70,"9,700.00"
2020-12-09,2020120904001446,LUK,22,58,200,9.33,"1,866.00"
2020-12-09,2020120904001345,LUK,22,3,800,9.33,"7,464.00"
2020-12-09,2020120904001344,LUK,58,3,200,9.35,"1,870.00"
2020-12-09,2020120904001259,LUK,58,53,200,9.35,"1,870.00"
2020-12-09,2020120904001198,LUK,58,22,100,9.35,935.00
2020-12-09,2020120904001141,LUK,56,22,100,9.47,947.00
2020-12-09,2020120904001054,LUK,20,20,100,9.40,940.00
2020-12-09,2020120904001498,NBF2,51,33,"2,000",9.68,"19,360.00"
2020-12-09,2020120904001491,NBF2,51,33,"3,000",9.68,"29,040.00"
2020-12-09,2020120904001077,NBF2,20,20,100,9.70,970.00
2020-12-09,2020120904001384,NEF,17,59,724,9.80,"7,095.20"
2020-12-09,2020120904001349,NEF,17,59,724,9.80,"7,095.20"
2020-12-09,2020120904001347,NEF,17,41,"2,004",9.80,"19,639.20"
2020-12-09,2020120904001326,NEF,38,29,500,9.90,"4,950.00"
2020-12-09,2020120904001325,NEF,38,22,"5,000",9.82,"49,100.00"
2020-12-09,2020120904001165,NEF,17,56,483,9.80,"4,733.40"
2020-12-09,2020120904001154,NEF,17,53,241,9.80,"2,361.80"
2020-12-09,2020120904001055,NEF,17,5,"2,414",9.80,"23,657.20"
2020-12-09,2020120904001385,NIBLPF,22,59,253,10.06,"2,545.18"
2020-12-09,2020120904001351,NIBLPF,22,59,253,10.06,"2,545.18"
2020-12-09,2020120904001350,NIBLPF,22,41,505,10.06,"5,080.30"
2020-12-09,2020120904001292,NIBLPF,55,39,490,10.20,"4,998.00"
2020-12-09,2020120904001268,NIBLPF,22,37,"1,525",10.15,"15,478.75"
2020-12-09,2020120904001151,NIBLPF,17,53,"1,010",10.05,"10,150.50"
2020-12-09,2020120904001143,NIBLPF,22,44,"2,525",10.14,"25,603.50"
2020-12-09,2020120904001057,NIBLPF,17,5,"2,525",10.05,"25,376.25"
2020-12-09,2020120904001481,NIBPO,28,44,200,410.00,"82,000.00"
2020-12-09,2020120904001463,NIBPO,28,37,200,410.00,"82,000.00"
2020-12-09,2020120904001380,NIBPO,28,6,"1,311",410.00,"537,510.00"
2020-12-09,2020120904001379,NIBPO,39,6,"3,689",411.00,"1,516,179.00"
2020-12-09,2020120904001378,NIBPO,39,17,100,411.00,"41,100.00"
2020-12-09,2020120904001377,NIBPO,39,29,211,411.00,"86,721.00"
2020-12-09,2020120904001111,NIBPO,39,17,50,411.00,"20,550.00"
2020-12-09,2020120904001090,NIBPO,39,14,500,411.00,"205,500.00"
2020-12-09,2020120904001276,NIBPO,6,28,754,415.00,"312,910.00"
2020-12-09,2020120904001275,NIBPO,6,28,171,415.00,"70,965.00"
2020-12-09,2020120904001274,NIBPO,6,28,282,415.00,"117,030.00"
2020-12-09,2020120904001273,NIBPO,6,28,142,415.00,"58,930.00"
2020-12-09,2020120904001272,NIBPO,6,28,152,415.00,"63,080.00"
2020-12-09,2020120904001271,NIBPO,6,28,152,415.00,"63,080.00"
2020-12-09,2020120904001376,NIBPO,39,29,60,411.00,"24,660.00"
2020-12-09,2020120904001358,NIBPO,49,47,300,415.00,"124,500.00"
2020-12-09,2020120904001341,NIBPO,14,26,200,417.00,"83,400.00"
2020-12-09,2020120904001335,NIBPO,49,44,200,415.00,"83,000.00"
2020-12-09,2020120904001278,NIBPO,6,28,453,415.00,"187,995.00"
2020-12-09,2020120904001277,NIBPO,6,28,152,415.00,"63,080.00"
2020-12-09,2020120904001512,NIBSF1,58,56,"1,000",11.00,"11,000.00"
2020-12-09,2020120904001511,NIBSF1,45,56,500,11.00,"5,500.00"
2020-12-09,2020120904001510,NIBSF1,48,56,"2,500",11.00,"27,500.00"
2020-12-09,2020120904001471,NIBSF1,44,43,"28,600",11.06,"316,316.00"
2020-12-09,2020120904001470,NIBSF1,17,43,"25,000",11.07,"276,750.00"
2020-12-09,2020120904001469,NIBSF1,28,43,"21,400",11.10,"237,540.00"
2020-12-09,2020120904001227,NIBSF1,13,7,"5,000",11.15,"55,750.00"
2020-12-09,2020120904001189,NIBSF1,28,42,600,11.10,"6,660.00"
2020-12-09,2020120904001173,NIBSF1,28,6,"3,000",11.10,"33,300.00"
2020-12-09,2020120904001101,NIBSF1,44,58,"2,000",11.06,"22,120.00"
2020-12-09,2020120904001382,NICAD8283,49,35,25,"1,141.00","28,525.00"
2020-12-09,2020120904001083,NICBF,20,20,100,9.70,970.00
2020-12-09,2020120904001193,NICGF,58,35,"2,000",10.25,"20,500.00"
2020-12-09,2020120904001192,NICGF,58,45,"2,500",10.25,"25,625.00"
2020-12-09,2020120904001096,NICGF,6,14,250,10.18,"2,545.00"
2020-12-09,2020120904001095,NICGF,5,14,"10,000",10.18,"101,800.00"
2020-12-09,2020120904001094,NICGF,13,14,900,10.19,"9,171.00"
2020-12-09,2020120904001087,NICGF,20,20,500,10.25,"5,125.00"
2020-12-09,2020120904001406,NMB50,17,4,770,10.05,"7,738.50"
2020-12-09,2020120904001405,NMB50,51,4,"48,100",10.07,"484,367.00"
2020-12-09,2020120904001404,NMB50,51,4,"1,130",10.08,"11,390.40"
2020-12-09,2020120904001323,NMB50,51,49,"1,950",10.08,"19,656.00"
2020-12-09,2020120904001283,NMB50,51,4,"43,300",10.08,"436,464.00"
2020-12-09,2020120904001282,NMB50,51,4,"6,700",10.09,"67,603.00"
2020-12-09,2020120904001279,NMB50,34,4,"5,000",10.12,"50,600.00"
2020-12-09,2020120904001148,NMB50,51,58,200,10.09,"2,018.00"
2020-12-09,2020120904001104,NMB50,51,14,"11,700",10.09,"118,053.00"
2020-12-09,2020120904001092,NMB50,20,6,100,10.10,"1,010.00"
2020-12-09,2020120904001089,NMB50,51,20,100,10.09,"1,009.00"
2020-12-09,2020120904001393,NMBHF1,43,59,832,9.86,"8,203.52"
2020-12-09,2020120904001357,NMBHF1,43,59,832,9.86,"8,203.52"
2020-12-09,2020120904001356,NMBHF1,43,41,"4,161",9.86,"41,027.46"
2020-12-09,2020120904001178,NMBHF1,43,14,499,9.86,"4,920.14"
2020-12-09,2020120904001177,NMBHF1,58,14,"1,000",9.86,"9,860.00"
2020-12-09,2020120904001175,NMBHF1,51,14,"3,000",9.88,"29,640.00"
2020-12-09,2020120904001174,NMBHF1,48,14,"5,015",9.88,"49,548.20"
2020-12-09,2020120904001109,NMBHF1,45,14,"1,000",9.90,"9,900.00"
2020-12-09,2020120904001108,NMBHF1,11,14,107,9.92,"1,061.44"
2020-12-09,2020120904001107,NMBHF1,5,14,"5,839",9.90,"57,806.10"
2020-12-09,2020120904001106,NMBHF1,5,5,"4,161",9.90,"41,193.90"
2020-12-09,2020120904001529,RBCLPO,4,49,30,"13,900.00","417,000.00"
2020-12-09,2020120904001527,RBCLPO,4,6,20,"13,900.00","278,000.00"
2020-12-09,2020120904001520,RBCLPO,4,6,30,"13,900.00","417,000.00"
2020-12-09,2020120904001480,RBCLPO,58,59,10,"13,900.00","139,000.00"
2020-12-09,2020120904001436,RBCLPO,58,34,10,"13,900.00","139,000.00"
2020-12-09,2020120904001375,RBCLPO,8,38,10,"14,000.00","140,000.00"
2020-12-09,2020120904001207,RBCLPO,58,28,20,"13,900.00","278,000.00"
2020-12-09,2020120904001516,SAEF,17,26,500,10.95,"5,475.00"
2020-12-09,2020120904001303,SAEF,17,33,"2,500",10.95,"27,375.00"
2020-12-09,2020120904001187,SAEF,17,14,"1,000",10.95,"10,950.00"
2020-12-09,2020120904001164,SAEF,20,49,500,11.10,"5,550.00"
2020-12-09,2020120904001159,SAEF,17,56,483,10.95,"5,288.85"
2020-12-09,2020120904001158,SAEF,17,20,500,10.95,"5,475.00"
2020-12-09,2020120904001147,SAEF,17,33,500,10.95,"5,475.00"
2020-12-09,2020120904001098,SAEF,47,58,"1,000",10.90,"10,900.00"
2020-12-09,2020120904001366,SEF,51,50,"10,000",10.14,"101,400.00"
2020-12-09,2020120904001353,SEF,58,41,"5,000",10.15,"50,750.00"
2020-12-09,2020120904001217,SEF,51,36,"1,000",10.14,"10,140.00"
2020-12-09,2020120904001196,SEF,51,14,"3,800",10.14,"38,532.00"
2020-12-09,2020120904001195,SEF,58,14,"5,000",10.15,"50,750.00"
2020-12-09,2020120904001169,SEF,20,20,500,10.28,"5,140.00"
2020-12-09,2020120904001088,SEF,51,49,350,10.14,"3,549.00"
2020-12-09,2020120904001176,SFMF,20,20,100,9.95,995.00
2020-12-09,2020120904001068,SFMF,49,1,500,9.92,"4,960.00"
2020-12-09,2020120904001061,SFMF,49,1,500,9.92,"4,960.00"
2020-12-09,2020120904001053,SFMF,49,1,500,9.92,"4,960.00"
2020-12-09,2020120904001531,SGI,49,49,30,597.00,"17,910.00"
2020-12-09,2020120904001530,SGI,49,49,30,597.00,"17,910.00"
2020-12-09,2020120904001515,SGI,56,49,70,598.00,"41,860.00"
2020-12-09,2020120904001514,SGI,49,49,10,598.00,"5,980.00"
2020-12-09,2020120904001513,SGI,10,49,60,598.00,"35,880.00"
2020-12-09,2020120904001509,SGI,10,58,10,598.00,"5,980.00"
2020-12-09,2020120904001032,SGI,49,33,10,598.00,"5,980.00"
2020-12-09,2020120904001044,SGI,49,58,10,598.00,"5,980.00"
2020-12-09,2020120904001041,SGI,49,20,10,598.00,"5,980.00"
2020-12-09,2020120904001039,SGI,49,34,10,598.00,"5,980.00"
2020-12-09,2020120904001038,SGI,49,20,10,598.00,"5,980.00"
2020-12-09,2020120904001036,SGI,49,57,10,598.00,"5,980.00"
2020-12-09,2020120904001033,SGI,49,20,10,598.00,"5,980.00"
2020-12-09,2020120904001058,SGI,6,42,10,598.00,"5,980.00"
2020-12-09,2020120904001056,SGI,49,58,10,598.00,"5,980.00"
2020-12-09,2020120904001052,SGI,49,49,10,598.00,"5,980.00"
2020-12-09,2020120904001048,SGI,42,10,20,600.00,"12,000.00"
2020-12-09,2020120904001047,SGI,42,14,10,599.00,"5,990.00"
2020-12-09,2020120904001046,SGI,49,36,10,598.00,"5,980.00"
2020-12-09,2020120904001070,SGI,49,36,10,597.00,"5,970.00"
2020-12-09,2020120904001069,SGI,49,51,10,597.00,"5,970.00"
2020-12-09,2020120904001067,SGI,49,51,10,597.00,"5,970.00"
2020-12-09,2020120904001065,SGI,49,39,10,597.00,"5,970.00"
2020-12-09,2020120904001063,SGI,49,20,10,597.00,"5,970.00"
2020-12-09,2020120904001060,SGI,6,20,10,598.00,"5,980.00"
2020-12-09,2020120904001085,SGI,49,36,10,597.00,"5,970.00"
2020-12-09,2020120904001082,SGI,49,36,10,597.00,"5,970.00"
2020-12-09,2020120904001081,SGI,49,33,10,597.00,"5,970.00"
2020-12-09,2020120904001079,SGI,49,36,10,597.00,"5,970.00"
2020-12-09,2020120904001072,SGI,49,36,10,597.00,"5,970.00"
2020-12-09,2020120904001071,SGI,49,34,10,597.00,"5,970.00"
2020-12-09,2020120904001115,SGI,49,54,10,597.00,"5,970.00"
2020-12-09,2020120904001112,SGI,42,13,10,598.00,"5,980.00"
2020-12-09,2020120904001110,SGI,42,45,10,598.00,"5,980.00"
2020-12-09,2020120904001099,SGI,49,51,10,598.00,"5,980.00"
2020-12-09,2020120904001091,SGI,49,22,10,598.00,"5,980.00"
2020-12-09,2020120904001086,SGI,49,51,10,597.00,"5,970.00"
2020-12-09,2020120904001137,SGI,44,4,10,599.00,"5,990.00"
2020-12-09,2020120904001136,SGI,44,17,10,599.00,"5,990.00"
2020-12-09,2020120904001133,SGI,49,37,10,597.00,"5,970.00"
2020-12-09,2020120904001132,SGI,21,53,10,598.00,"5,980.00"
2020-12-09,2020120904001117,SGI,49,51,10,597.00,"5,970.00"
2020-12-09,2020120904001116,SGI,49,22,10,597.00,"5,970.00"
2020-12-09,2020120904001156,SGI,44,34,10,598.00,"5,980.00"
2020-12-09,2020120904001153,SGI,44,16,10,598.00,"5,980.00"
2020-12-09,2020120904001150,SGI,44,7,10,598.00,"5,980.00"
2020-12-09,2020120904001149,SGI,44,58,10,598.00,"5,980.00"
2020-12-09,2020120904001146,SGI,44,22,10,598.00,"5,980.00"
2020-12-09,2020120904001138,SGI,44,42,10,599.00,"5,990.00"
2020-12-09,2020120904001170,SGI,32,16,10,598.00,"5,980.00"
2020-12-09,2020120904001168,SGI,32,44,10,598.00,"5,980.00"
2020-12-09,2020120904001166,SGI,44,44,10,598.00,"5,980.00"
2020-12-09,2020120904001163,SGI,44,44,10,598.00,"5,980.00"
2020-12-09,2020120904001162,SGI,44,57,10,598.00,"5,980.00"
2020-12-09,2020120904001161,SGI,44,44,10,598.00,"5,980.00"
2020-12-09,2020120904001185,SGI,32,44,10,598.00,"5,980.00"
2020-12-09,2020120904001184,SGI,32,16,10,598.00,"5,980.00"
2020-12-09,2020120904001182,SGI,32,44,10,598.00,"5,980.00"
2020-12-09,2020120904001181,SGI,32,49,10,598.00,"5,980.00"
2020-12-09,2020120904001180,SGI,32,58,10,598.00,"5,980.00"
2020-12-09,2020120904001171,SGI,32,44,10,598.00,"5,980.00"
2020-12-09,2020120904001199,SGI,32,55,10,598.00,"5,980.00"
2020-12-09,2020120904001197,SGI,32,16,10,598.00,"5,980.00"
2020-12-09,2020120904001194,SGI,32,50,10,598.00,"5,980.00"
2020-12-09,2020120904001191,SGI,32,44,10,598.00,"5,980.00"
2020-12-09,2020120904001188,SGI,32,44,10,598.00,"5,980.00"
2020-12-09,2020120904001186,SGI,32,44,10,598.00,"5,980.00"
2020-12-09,2020120904001212,SGI,25,14,100,597.00,"59,700.00"
2020-12-09,2020120904001211,SGI,4,14,40,597.00,"23,880.00"
2020-12-09,2020120904001210,SGI,49,14,230,597.00,"137,310.00"
2020-12-09,2020120904001209,SGI,13,14,40,598.00,"23,920.00"
2020-12-09,2020120904001208,SGI,32,14,50,598.00,"29,900.00"
2020-12-09,2020120904001200,SGI,32,25,10,598.00,"5,980.00"
2020-12-09,2020120904001221,SGI,48,44,10,597.00,"5,970.00"
2020-12-09,2020120904001220,SGI,48,20,10,597.00,"5,970.00"
2020-12-09,2020120904001219,SGI,48,47,10,597.00,"5,970.00"
2020-12-09,2020120904001218,SGI,48,44,10,597.00,"5,970.00"
2020-12-09,2020120904001215,SGI,38,44,10,597.00,"5,970.00"
2020-12-09,2020120904001213,SGI,38,14,40,597.00,"23,880.00"
2020-12-09,2020120904001237,SGI,48,57,10,597.00,"5,970.00"
2020-12-09,2020120904001226,SGI,48,44,10,597.00,"5,970.00"
2020-12-09,2020120904001225,SGI,48,44,10,597.00,"5,970.00"
2020-12-09,2020120904001224,SGI,48,16,10,597.00,"5,970.00"
2020-12-09,2020120904001223,SGI,6,33,15,599.00,"8,985.00"
2020-12-09,2020120904001222,SGI,6,58,10,599.00,"5,990.00"
2020-12-09,2020120904001247,SGI,57,38,10,597.00,"5,970.00"
2020-12-09,2020120904001245,SGI,46,38,300,597.00,"179,100.00"
2020-12-09,2020120904001244,SGI,22,38,20,597.00,"11,940.00"
2020-12-09,2020120904001243,SGI,48,38,100,597.00,"59,700.00"
2020-12-09,2020120904001242,SGI,48,28,10,597.00,"5,970.00"
2020-12-09,2020120904001238,SGI,48,49,10,597.00,"5,970.00"
2020-12-09,2020120904001263,SGI,21,53,10,597.00,"5,970.00"
2020-12-09,2020120904001258,SGI,49,42,10,598.00,"5,980.00"
2020-12-09,2020120904001253,SGI,3,3,10,597.00,"5,970.00"
2020-12-09,2020120904001252,SGI,49,38,170,597.00,"101,490.00"
2020-12-09,2020120904001250,SGI,29,16,10,596.00,"5,960.00"
2020-12-09,2020120904001248,SGI,29,16,10,596.00,"5,960.00"
2020-12-09,2020120904001286,SGI,41,25,10,597.00,"5,970.00"
2020-12-09,2020120904001284,SGI,41,57,10,597.00,"5,970.00"
2020-12-09,2020120904001281,SGI,41,39,10,597.00,"5,970.00"
2020-12-09,2020120904001267,SGI,41,53,10,597.00,"5,970.00"
2020-12-09,2020120904001266,SGI,41,53,10,597.00,"5,970.00"
2020-12-09,2020120904001264,SGI,41,49,10,597.00,"5,970.00"
2020-12-09,2020120904001296,SGI,29,47,10,596.00,"5,960.00"
2020-12-09,2020120904001291,SGI,29,21,10,596.00,"5,960.00"
2020-12-09,2020120904001290,SGI,41,29,10,597.00,"5,970.00"
2020-12-09,2020120904001289,SGI,41,35,10,597.00,"5,970.00"
2020-12-09,2020120904001288,SGI,41,42,10,597.00,"5,970.00"
2020-12-09,2020120904001287,SGI,41,35,10,597.00,"5,970.00"
2020-12-09,2020120904001309,SGI,49,29,10,597.00,"5,970.00"
2020-12-09,2020120904001308,SGI,49,29,10,597.00,"5,970.00"
2020-12-09,2020120904001307,SGI,49,29,10,597.00,"5,970.00"
2020-12-09,2020120904001305,SGI,49,29,10,597.00,"5,970.00"
2020-12-09,2020120904001299,SGI,29,29,10,596.00,"5,960.00"
2020-12-09,2020120904001298,SGI,29,29,10,596.00,"5,960.00"
2020-12-09,2020120904001320,SGI,48,47,10,597.00,"5,970.00"
2020-12-09,2020120904001318,SGI,48,36,10,597.00,"5,970.00"
2020-12-09,2020120904001317,SGI,48,42,10,597.00,"5,970.00"
2020-12-09,2020120904001316,SGI,48,42,10,597.00,"5,970.00"
2020-12-09,2020120904001312,SGI,49,26,10,597.00,"5,970.00"
2020-12-09,2020120904001310,SGI,49,3,10,597.00,"5,970.00"
2020-12-09,2020120904001331,SGI,56,58,10,598.00,"5,980.00"
2020-12-09,2020120904001330,SGI,48,44,10,597.00,"5,970.00"
2020-12-09,2020120904001329,SGI,48,36,10,597.00,"5,970.00"
2020-12-09,2020120904001328,SGI,48,22,10,597.00,"5,970.00"
2020-12-09,2020120904001324,SGI,48,36,10,597.00,"5,970.00"
2020-12-09,2020120904001322,SGI,48,19,10,597.00,"5,970.00"
2020-12-09,2020120904001354,SGI,41,58,10,597.00,"5,970.00"
2020-12-09,2020120904001340,SGI,29,49,10,596.00,"5,960.00"
2020-12-09,2020120904001339,SGI,29,58,10,596.00,"5,960.00"
2020-12-09,2020120904001336,SGI,29,17,10,596.00,"5,960.00"
2020-12-09,2020120904001333,SGI,48,5,565,597.00,"337,305.00"
2020-12-09,2020120904001332,SGI,56,33,185,599.00,"110,815.00"
2020-12-09,2020120904001369,SGI,50,37,10,596.00,"5,960.00"
2020-12-09,2020120904001367,SGI,50,45,10,596.00,"5,960.00"
2020-12-09,2020120904001364,SGI,50,51,10,596.00,"5,960.00"
2020-12-09,2020120904001363,SGI,28,58,10,596.00,"5,960.00"
2020-12-09,2020120904001359,SGI,28,36,10,596.00,"5,960.00"
2020-12-09,2020120904001355,SGI,29,36,10,596.00,"5,960.00"
2020-12-09,2020120904001392,SGI,52,44,10,595.00,"5,950.00"
2020-12-09,2020120904001391,SGI,50,50,30,596.00,"17,880.00"
2020-12-09,2020120904001386,SGI,50,3,10,596.00,"5,960.00"
2020-12-09,2020120904001383,SGI,50,17,10,596.00,"5,960.00"
2020-12-09,2020120904001373,SGI,50,43,10,596.00,"5,960.00"
2020-12-09,2020120904001372,SGI,50,37,10,596.00,"5,960.00"
2020-12-09,2020120904001414,SGI,36,47,10,596.00,"5,960.00"
2020-12-09,2020120904001413,SGI,36,35,10,596.00,"5,960.00"
2020-12-09,2020120904001398,SGI,36,45,10,596.00,"5,960.00"
2020-12-09,2020120904001397,SGI,36,47,10,596.00,"5,960.00"
2020-12-09,2020120904001395,SGI,36,42,10,596.00,"5,960.00"
2020-12-09,2020120904001394,SGI,36,50,20,596.00,"11,920.00"
2020-12-09,2020120904001429,SGI,49,10,10,598.00,"5,980.00"
2020-12-09,2020120904001425,SGI,36,58,10,596.00,"5,960.00"
2020-12-09,2020120904001424,SGI,36,36,10,596.00,"5,960.00"
2020-12-09,2020120904001418,SGI,36,47,10,596.00,"5,960.00"
2020-12-09,2020120904001417,SGI,36,29,10,596.00,"5,960.00"
2020-12-09,2020120904001416,SGI,36,34,10,596.00,"5,960.00"
2020-12-09,2020120904001440,SGI,36,38,10,596.00,"5,960.00"
2020-12-09,2020120904001439,SGI,36,47,10,596.00,"5,960.00"
2020-12-09,2020120904001433,SGI,49,33,300,599.00,"179,700.00"
2020-12-09,2020120904001432,SGI,49,14,30,598.00,"17,940.00"
2020-12-09,2020120904001431,SGI,49,38,70,598.00,"41,860.00"
2020-12-09,2020120904001430,SGI,49,55,10,598.00,"5,980.00"
2020-12-09,2020120904001451,SGI,36,11,10,596.00,"5,960.00"
2020-12-09,2020120904001447,SGI,29,10,10,600.00,"6,000.00"
2020-12-09,2020120904001445,SGI,36,44,10,596.00,"5,960.00"
2020-12-09,2020120904001443,SGI,36,6,10,596.00,"5,960.00"
2020-12-09,2020120904001442,SGI,49,10,20,600.00,"12,000.00"
2020-12-09,2020120904001441,SGI,49,49,10,598.00,"5,980.00"
2020-12-09,2020120904001475,SGI,49,45,10,597.00,"5,970.00"
2020-12-09,2020120904001474,SGI,49,38,10,597.00,"5,970.00"
2020-12-09,2020120904001473,SGI,49,38,10,597.00,"5,970.00"
2020-12-09,2020120904001467,SGI,49,38,10,597.00,"5,970.00"
2020-12-09,2020120904001465,SGI,49,17,10,597.00,"5,970.00"
2020-12-09,2020120904001462,SGI,6,10,20,600.00,"12,000.00"
2020-12-09,2020120904001507,SGI,10,1,10,598.00,"5,980.00"
2020-12-09,2020120904001501,SGI,10,38,10,598.00,"5,980.00"
2020-12-09,2020120904001490,SGI,37,38,10,599.00,"5,990.00"
2020-12-09,2020120904001482,SGI,10,34,10,598.00,"5,980.00"
2020-12-09,2020120904001477,SGI,49,58,10,597.00,"5,970.00"
2020-12-09,2020120904001476,SGI,49,38,10,597.00,"5,970.00"
2020-12-09,2020120904001489,STC,52,17,10,"5,135.00","51,350.00"
2020-12-09,2020120904001479,STC,58,6,20,"5,118.00","102,360.00"
2020-12-09,2020120904001478,STC,49,6,10,"5,118.00","51,180.00"
2020-12-09,2020120904001460,STC,53,8,10,"5,119.00","51,190.00"
2020-12-09,2020120904001435,STC,28,38,30,"5,121.00","153,630.00"
2020-12-09,2020120904001403,STC,58,28,10,"5,136.00","51,360.00"
2020-12-09,2020120904001074,STC,22,21,10,"5,101.00","51,010.00"
2020-12-09,2020120904001073,STC,34,21,30,"5,101.00","153,030.00"
2020-12-09,2020120904001400,STC,5,35,20,"5,131.00","102,620.00"
2020-12-09,2020120904001396,STC,55,28,10,"5,135.00","51,350.00"
2020-12-09,2020120904001251,STC,52,17,32,"5,222.00","167,104.00"
2020-12-09,2020120904001179,STC,17,34,34,"5,222.00","177,548.00"
2020-12-09,2020120904001172,STC,42,34,20,"5,202.00","104,040.00"
2020-12-09,2020120904001075,STC,40,21,60,"5,100.00","306,000.00"
2020-12-09,2020120904000926,BBC,22,32,10,"2,882.00","28,820.00"
2020-12-09,2020120904000922,BBC,50,32,10,"2,883.00","28,830.00"
2020-12-09,2020120904000902,BBC,6,32,10,"2,884.00","28,840.00"
2020-12-09,2020120904000764,BBC,22,51,10,"2,882.00","28,820.00"
2020-12-09,2020120904000763,BBC,47,51,30,"2,882.00","86,460.00"
2020-12-09,2020120904000762,BBC,38,51,10,"2,882.00","28,820.00"
2020-12-09,2020120904000726,BBC,58,38,20,"2,922.00","58,440.00"
2020-12-09,2020120904000725,BBC,58,38,20,"2,930.00","58,600.00"
2020-12-09,2020120904000561,BBC,57,32,10,"2,972.00","29,720.00"
2020-12-09,2020120904000732,BBC,13,38,10,"2,913.00","29,130.00"
2020-12-09,2020120904000731,BBC,33,38,10,"2,913.00","29,130.00"
2020-12-09,2020120904000730,BBC,14,38,20,"2,913.00","58,260.00"
2020-12-09,2020120904000729,BBC,45,38,20,"2,914.00","58,280.00"
2020-12-09,2020120904000728,BBC,22,38,10,"2,914.00","29,140.00"
2020-12-09,2020120904000727,BBC,58,38,150,"2,920.00","438,000.00"
2020-12-09,2020120904000761,BBC,22,51,10,"2,882.00","28,820.00"
2020-12-09,2020120904000760,BBC,13,51,10,"2,882.00","28,820.00"
2020-12-09,2020120904000744,BBC,37,38,30,"2,900.00","87,000.00"
2020-12-09,2020120904000743,BBC,45,38,20,"2,902.00","58,040.00"
2020-12-09,2020120904000742,BBC,42,38,10,"2,911.00","29,110.00"
2020-12-09,2020120904000733,BBC,16,38,10,"2,913.00","29,130.00"
2020-12-09,2020120904001018,CMF1,47,7,500,9.57,"4,785.00"
2020-12-09,2020120904001014,CMF1,22,7,"8,900",9.58,"85,262.00"
2020-12-09,2020120904000979,CMF1,22,29,500,9.58,"4,790.00"
2020-12-09,2020120904000940,CMF1,22,6,600,9.58,"5,748.00"
2020-12-09,2020120904000939,CMF1,17,6,900,9.59,"8,631.00"
2020-12-09,2020120904000863,CMF1,58,38,500,9.60,"4,800.00"
2020-12-09,2020120904000755,CMF1,43,37,500,9.65,"4,825.00"
2020-12-09,2020120904000678,CMF1,22,45,500,9.62,"4,810.00"
2020-12-09,2020120904000603,CMF1,25,13,"2,000",9.60,"19,200.00"
2020-12-09,2020120904000597,CMF1,52,13,"2,000",9.60,"19,200.00"
2020-12-09,2020120904000571,CMF1,34,13,500,9.60,"4,800.00"
2020-12-09,2020120904000924,GBD80/81,6,58,25,"1,051.00","26,275.00"
2020-12-09,2020120904001031,GIC,51,57,10,570.00,"5,700.00"
2020-12-09,2020120904001030,GIC,51,32,10,570.00,"5,700.00"
2020-12-09,2020120904001029,GIC,51,51,10,570.00,"5,700.00"
2020-12-09,2020120904001028,GIC,51,38,10,570.00,"5,700.00"
2020-12-09,2020120904001027,GIC,51,32,10,570.00,"5,700.00"
2020-12-09,2020120904001026,GIC,51,55,10,570.00,"5,700.00"
2020-12-09,2020120904000532,GIC,58,45,10,573.00,"5,730.00"
2020-12-09,2020120904000550,GIC,17,11,10,573.00,"5,730.00"
2020-12-09,2020120904000549,GIC,17,52,10,573.00,"5,730.00"
2020-12-09,2020120904000541,GIC,17,38,10,573.00,"5,730.00"
2020-12-09,2020120904000536,GIC,17,55,10,573.00,"5,730.00"
2020-12-09,2020120904000534,GIC,55,21,10,573.00,"5,730.00"
2020-12-09,2020120904000533,GIC,58,45,10,573.00,"5,730.00"
2020-12-09,2020120904000587,GIC,48,4,10,572.00,"5,720.00"
2020-12-09,2020120904000574,GIC,48,54,10,572.00,"5,720.00"
2020-12-09,2020120904000570,GIC,16,55,10,573.00,"5,730.00"
2020-12-09,2020120904000566,GIC,16,52,10,573.00,"5,730.00"
2020-12-09,2020120904000565,GIC,17,55,10,573.00,"5,730.00"
2020-12-09,2020120904000559,GIC,11,17,40,575.00,"23,000.00"
2020-12-09,2020120904000616,GIC,48,1,10,572.00,"5,720.00"
2020-12-09,2020120904000615,GIC,48,40,10,572.00,"5,720.00"
2020-12-09,2020120904000606,GIC,48,46,10,572.00,"5,720.00"
2020-12-09,2020120904000598,GIC,48,26,10,572.00,"5,720.00"
2020-12-09,2020120904000595,GIC,48,56,10,572.00,"5,720.00"
2020-12-09,2020120904000588,GIC,48,39,10,572.00,"5,720.00"
2020-12-09,2020120904000638,GIC,48,48,10,572.00,"5,720.00"
2020-12-09,2020120904000637,GIC,48,20,10,572.00,"5,720.00"
2020-12-09,2020120904000635,GIC,48,45,10,572.00,"5,720.00"
2020-12-09,2020120904000629,GIC,48,21,10,572.00,"5,720.00"
2020-12-09,2020120904000627,GIC,48,10,10,572.00,"5,720.00"
2020-12-09,2020120904000622,GIC,48,35,10,572.00,"5,720.00"
2020-12-09,2020120904000655,GIC,3,45,10,573.00,"5,730.00"
2020-12-09,2020120904000654,GIC,3,59,10,573.00,"5,730.00"
2020-12-09,2020120904000653,GIC,3,50,10,573.00,"5,730.00"
2020-12-09,2020120904000645,GIC,3,40,10,573.00,"5,730.00"
2020-12-09,2020120904000644,GIC,3,59,10,573.00,"5,730.00"
2020-12-09,2020120904000640,GIC,48,38,10,572.00,"5,720.00"
2020-12-09,2020120904000673,GIC,48,57,10,572.00,"5,720.00"
2020-12-09,2020120904000667,GIC,3,58,10,573.00,"5,730.00"
2020-12-09,2020120904000662,GIC,3,40,10,573.00,"5,730.00"
2020-12-09,2020120904000661,GIC,3,13,10,573.00,"5,730.00"
2020-12-09,2020120904000657,GIC,3,40,10,573.00,"5,730.00"
2020-12-09,2020120904000656,GIC,3,6,10,573.00,"5,730.00"
2020-12-09,2020120904000689,GIC,39,38,10,572.00,"5,720.00"
2020-12-09,2020120904000688,GIC,39,56,10,572.00,"5,720.00"
2020-12-09,2020120904000686,GIC,39,10,10,572.00,"5,720.00"
2020-12-09,2020120904000685,GIC,39,44,10,572.00,"5,720.00"
2020-12-09,2020120904000683,GIC,48,16,10,572.00,"5,720.00"
2020-12-09,2020120904000674,GIC,48,10,10,572.00,"5,720.00"
2020-12-09,2020120904000717,GIC,39,45,30,572.00,"17,160.00"
2020-12-09,2020120904000716,GIC,39,50,10,572.00,"5,720.00"
2020-12-09,2020120904000714,GIC,39,3,100,572.00,"57,200.00"
2020-12-09,2020120904000708,GIC,39,56,10,572.00,"5,720.00"
2020-12-09,2020120904000702,GIC,39,44,10,572.00,"5,720.00"
2020-12-09,2020120904000697,GIC,58,45,10,573.00,"5,730.00"
2020-12-09,2020120904000735,GIC,49,3,25,572.00,"14,300.00"
2020-12-09,2020120904000734,GIC,49,57,10,572.00,"5,720.00"
2020-12-09,2020120904000721,GIC,49,45,645,572.00,"368,940.00"
2020-12-09,2020120904000720,GIC,25,45,100,572.00,"57,200.00"
2020-12-09,2020120904000719,GIC,25,45,200,572.00,"114,400.00"
2020-12-09,2020120904000718,GIC,49,45,25,572.00,"14,300.00"
2020-12-09,2020120904000746,GIC,46,6,10,572.00,"5,720.00"
2020-12-09,2020120904000741,GIC,46,10,10,572.00,"5,720.00"
2020-12-09,2020120904000740,GIC,26,3,100,572.00,"57,200.00"
2020-12-09,2020120904000739,GIC,26,10,10,572.00,"5,720.00"
2020-12-09,2020120904000738,GIC,26,55,10,572.00,"5,720.00"
2020-12-09,2020120904000736,GIC,26,3,75,572.00,"42,900.00"
2020-12-09,2020120904000759,GIC,46,19,10,572.00,"5,720.00"
2020-12-09,2020120904000758,GIC,46,40,10,572.00,"5,720.00"
2020-12-09,2020120904000754,GIC,46,6,10,572.00,"5,720.00"
2020-12-09,2020120904000753,GIC,46,46,10,572.00,"5,720.00"
2020-12-09,2020120904000752,GIC,46,28,10,572.00,"5,720.00"
2020-12-09,2020120904000747,GIC,46,7,250,572.00,"143,000.00"
2020-12-09,2020120904000795,GIC,46,20,10,572.00,"5,720.00"
2020-12-09,2020120904000792,GIC,46,34,10,572.00,"5,720.00"
2020-12-09,2020120904000780,GIC,46,53,10,572.00,"5,720.00"
2020-12-09,2020120904000776,GIC,46,58,10,572.00,"5,720.00"
2020-12-09,2020120904000774,GIC,46,38,10,572.00,"5,720.00"
2020-12-09,2020120904000766,GIC,46,58,10,572.00,"5,720.00"
2020-12-09,2020120904000819,GIC,11,36,10,573.00,"5,730.00"
2020-12-09,2020120904000813,GIC,11,34,10,573.00,"5,730.00"
2020-12-09,2020120904000810,GIC,11,57,10,573.00,"5,730.00"
2020-12-09,2020120904000803,GIC,11,25,10,573.00,"5,730.00"
2020-12-09,2020120904000802,GIC,46,13,10,572.00,"5,720.00"
2020-12-09,2020120904000799,GIC,46,59,10,572.00,"5,720.00"
2020-12-09,2020120904000857,GIC,7,58,10,572.00,"5,720.00"
2020-12-09,2020120904000845,GIC,7,51,10,572.00,"5,720.00"
2020-12-09,2020120904000844,GIC,7,47,10,572.00,"5,720.00"
2020-12-09,2020120904000843,GIC,45,47,100,572.00,"57,200.00"
2020-12-09,2020120904000842,GIC,46,47,90,572.00,"51,480.00"
2020-12-09,2020120904000826,GIC,46,58,10,572.00,"5,720.00"
2020-12-09,2020120904000871,GIC,59,6,50,571.00,"28,550.00"
2020-12-09,2020120904000870,GIC,34,6,200,571.00,"114,200.00"
2020-12-09,2020120904000869,GIC,57,6,11,571.00,"6,281.00"
2020-12-09,2020120904000868,GIC,57,6,100,572.00,"57,200.00"
2020-12-09,2020120904000867,GIC,7,6,10,572.00,"5,720.00"
2020-12-09,2020120904000864,GIC,7,44,10,572.00,"5,720.00"
2020-12-09,2020120904000877,GIC,14,6,90,570.00,"51,300.00"
2020-12-09,2020120904000876,GIC,51,6,10,570.00,"5,700.00"
2020-12-09,2020120904000875,GIC,59,6,200,570.00,"114,000.00"
2020-12-09,2020120904000874,GIC,54,6,100,570.00,"57,000.00"
2020-12-09,2020120904000873,GIC,6,6,50,571.00,"28,550.00"
2020-12-09,2020120904000872,GIC,37,6,100,571.00,"57,100.00"
2020-12-09,2020120904000883,GIC,45,6,100,570.00,"57,000.00"
2020-12-09,2020120904000882,GIC,7,6,50,570.00,"28,500.00"
2020-12-09,2020120904000881,GIC,10,6,30,570.00,"17,100.00"
2020-12-09,2020120904000880,GIC,55,6,30,570.00,"17,100.00"
2020-12-09,2020120904000879,GIC,53,6,10,570.00,"5,700.00"
2020-12-09,2020120904000878,GIC,34,6,200,570.00,"114,000.00"
2020-12-09,2020120904000893,GIC,25,33,10,572.00,"5,720.00"
2020-12-09,2020120904000892,GIC,25,25,10,572.00,"5,720.00"
2020-12-09,2020120904000890,GIC,45,1,10,568.00,"5,680.00"
2020-12-09,2020120904000888,GIC,45,18,10,568.00,"5,680.00"
2020-12-09,2020120904000886,GIC,45,33,10,568.00,"5,680.00"
2020-12-09,2020120904000884,GIC,34,6,20,570.00,"11,400.00"
2020-12-09,2020120904000929,GIC,25,41,10,568.00,"5,680.00"
2020-12-09,2020120904000928,GIC,25,20,10,568.00,"5,680.00"
2020-12-09,2020120904000919,GIC,45,36,10,568.00,"5,680.00"
2020-12-09,2020120904000907,GIC,45,36,10,568.00,"5,680.00"
2020-12-09,2020120904000905,GIC,6,40,10,570.00,"5,700.00"
2020-12-09,2020120904000895,GIC,59,44,10,569.00,"5,690.00"
2020-12-09,2020120904000977,GIC,29,17,52,569.00,"29,588.00"
2020-12-09,2020120904000976,GIC,38,17,60,569.00,"34,140.00"
2020-12-09,2020120904000975,GIC,17,17,88,570.00,"50,160.00"
2020-12-09,2020120904000962,GIC,38,34,10,569.00,"5,690.00"
2020-12-09,2020120904000934,GIC,5,38,10,569.00,"5,690.00"
2020-12-09,2020120904000933,GIC,5,47,10,569.00,"5,690.00"
2020-12-09,2020120904000998,GIC,34,14,10,569.00,"5,690.00"
2020-12-09,2020120904000997,GIC,48,21,10,568.00,"5,680.00"
2020-12-09,2020120904000984,GIC,48,36,120,568.00,"68,160.00"
2020-12-09,2020120904000983,GIC,25,36,80,568.00,"45,440.00"
2020-12-09,2020120904000982,GIC,34,36,100,569.00,"56,900.00"
2020-12-09,2020120904000981,GIC,29,36,148,569.00,"84,212.00"
2020-12-09,2020120904001015,GIC,34,37,10,569.00,"5,690.00"
2020-12-09,2020120904001011,GIC,34,37,10,569.00,"5,690.00"
2020-12-09,2020120904001008,GIC,34,26,10,569.00,"5,690.00"
2020-12-09,2020120904001004,GIC,34,37,10,569.00,"5,690.00"
2020-12-09,2020120904001002,GIC,34,34,10,569.00,"5,690.00"
2020-12-09,2020120904000999,GIC,34,36,10,569.00,"5,690.00"
2020-12-09,2020120904001025,GIC,51,50,10,570.00,"5,700.00"
2020-12-09,2020120904001023,GIC,34,37,10,569.00,"5,690.00"
2020-12-09,2020120904001022,GIC,45,34,10,570.00,"5,700.00"
2020-12-09,2020120904001021,GIC,45,57,10,570.00,"5,700.00"
2020-12-09,2020120904001020,GIC,34,37,10,569.00,"5,690.00"
2020-12-09,2020120904001017,GIC,34,50,10,569.00,"5,690.00"
2020-12-09,2020120904000827,GIMES1,7,11,"1,000",11.02,"11,020.00"
2020-12-09,2020120904000823,GIMES1,7,10,"3,000",11.02,"33,060.00"
2020-12-09,2020120904000750,GIMES1,7,11,"1,000",11.02,"11,020.00"
2020-12-09,2020120904000604,GIMES1,7,17,100,11.08,"1,108.00"
2020-12-09,2020120904000594,GIMES1,44,51,800,11.20,"8,960.00"
2020-12-09,2020120904000585,GIMES1,44,43,"49,200",11.20,"551,040.00"
2020-12-09,2020120904000584,GIMES1,7,43,"4,000",11.21,"44,840.00"
2020-12-09,2020120904000583,GIMES1,7,43,"10,800",11.21,"121,068.00"
2020-12-09,2020120904000578,GIMES1,7,50,"1,200",11.21,"13,452.00"
2020-12-09,2020120904000577,GIMES1,17,43,"25,000",11.25,"281,250.00"
2020-12-09,2020120904000556,GIMES1,8,11,"1,000",11.26,"11,260.00"
2020-12-09,2020120904000555,GIMES1,8,10,"4,000",11.26,"45,040.00"
2020-12-09,2020120904000954,LEMF,17,55,"2,500",9.60,"24,000.00"
2020-12-09,2020120904000900,LEMF,52,7,"2,500",9.70,"24,250.00"
2020-12-09,2020120904000790,LEMF,52,1,"5,850",9.70,"56,745.00"
2020-12-09,2020120904000789,LEMF,52,6,"5,850",9.70,"56,745.00"
2020-12-09,2020120904000692,LEMF,17,16,"2,600",9.60,"24,960.00"
2020-12-09,2020120904000959,LUK,58,16,500,9.35,"4,675.00"
2020-12-09,2020120904000586,LUK,22,35,100,9.30,930.00
2020-12-09,2020120904000960,NBF2,51,47,100,9.68,968.00
2020-12-09,2020120904000932,NBF2,51,38,100,9.68,968.00
2020-12-09,2020120904000851,NBF2,58,57,100,9.67,967.00
2020-12-09,2020120904000850,NBF2,58,56,100,9.67,967.00
2020-12-09,2020120904000596,NBF2,46,19,"2,000",9.67,"19,340.00"
2020-12-09,2020120904000777,NBF2,51,6,"1,000",9.66,"9,660.00"
2020-12-09,2020120904000694,NBF2,51,32,110,9.66,"1,062.60"
2020-12-09,2020120904000675,NBF2,51,1,100,9.66,966.00
2020-12-09,2020120904001019,NEF,17,34,"1,127",9.80,"11,044.60"
2020-12-09,2020120904000930,NEF,17,20,"1,207",9.80,"11,828.60"
2020-12-09,2020120904000858,NEF,17,7,"2,414",9.80,"23,657.20"
2020-12-09,2020120904000834,NEF,17,59,"1,932",9.80,"18,933.60"
2020-12-09,2020120904000833,NEF,28,59,482,9.81,"4,728.42"
2020-12-09,2020120904000698,NEF,28,16,483,9.81,"4,738.23"
2020-12-09,2020120904000650,NEF,38,37,"1,219",9.85,"12,007.15"
2020-12-09,2020120904000649,NEF,38,57,"1,149",9.85,"11,317.65"
2020-12-09,2020120904000648,NEF,38,45,"5,632",9.81,"55,249.92"
2020-12-09,2020120904000602,NEF,28,26,"1,035",9.81,"10,153.35"
2020-12-09,2020120904000601,NEF,10,26,"1,379",9.81,"13,527.99"
2020-12-09,2020120904000839,NIBLPF,17,28,500,10.05,"5,025.00"
2020-12-09,2020120904000775,NIBLPF,17,54,"1,313",10.05,"13,195.65"
2020-12-09,2020120904000715,NIBLPF,52,35,"1,010",10.14,"10,241.40"
2020-12-09,2020120904000712,NIBLPF,52,17,475,10.13,"4,811.75"
2020-12-09,2020120904000668,NIBLPF,17,54,"8,510",10.05,"85,525.50"
2020-12-09,2020120904000630,NIBLPF,17,54,"1,313",10.05,"13,195.65"
2020-12-09,2020120904000607,NIBLPF,17,26,"2,525",10.05,"25,376.25"
2020-12-09,2020120904000920,NIBPO,39,55,390,411.00,"160,290.00"
2020-12-09,2020120904000862,NIBPO,54,47,60,419.00,"25,140.00"
2020-12-09,2020120904000824,NIBPO,54,58,500,419.00,"209,500.00"
2020-12-09,2020120904000821,NIBPO,54,52,500,419.00,"209,500.00"
2020-12-09,2020120904000815,NIBPO,54,58,500,419.00,"209,500.00"
2020-12-09,2020120904000808,NIBPO,54,52,440,419.00,"184,360.00"
2020-12-09,2020120904000621,NIBPO,42,16,300,420.00,"126,000.00"
2020-12-09,2020120904000620,NIBPO,42,43,21,419.00,"8,799.00"
2020-12-09,2020120904000619,NIBPO,42,37,91,413.00,"37,583.00"
2020-12-09,2020120904000592,NIBPO,4,39,498,405.00,"201,690.00"
2020-12-09,2020120904000591,NIBPO,8,39,"2,000",406.00,"812,000.00"
2020-12-09,2020120904000590,NIBPO,35,39,100,407.00,"40,700.00"
2020-12-09,2020120904000807,NIBPO,34,52,50,419.00,"20,950.00"
2020-12-09,2020120904000806,NIBPO,34,52,10,419.00,"4,190.00"
2020-12-09,2020120904000626,NIBPO,42,29,500,427.00,"213,500.00"
2020-12-09,2020120904000625,NIBPO,42,47,100,427.00,"42,700.00"
2020-12-09,2020120904000624,NIBPO,42,16,"1,000",425.00,"425,000.00"
2020-12-09,2020120904000623,NIBPO,42,51,222,424.00,"94,128.00"
2020-12-09,2020120904001024,NIBSF1,17,7,"19,740",11.10,"219,114.00"
2020-12-09,2020120904001006,NIBSF1,17,7,"30,260",11.10,"335,886.00"
2020-12-09,2020120904001005,NIBSF1,17,7,"1,897",11.10,"21,056.70"
2020-12-09,2020120904000996,NIBSF1,17,34,300,11.10,"3,330.00"
2020-12-09,2020120904000978,NIBSF1,17,57,"10,803",11.10,"119,913.30"
2020-12-09,2020120904000927,NIBSF1,17,45,"5,000",11.10,"55,500.00"
2020-12-09,2020120904000767,NIBSF1,44,51,"3,478",11.06,"38,466.68"
2020-12-09,2020120904000672,NIBSF1,17,7,"22,500",11.10,"249,750.00"
2020-12-09,2020120904000643,NIBSF1,35,7,"2,000",11.11,"22,220.00"
2020-12-09,2020120904000642,NIBSF1,35,7,"1,500",11.11,"16,665.00"
2020-12-09,2020120904000611,NIBSF1,35,17,500,11.11,"5,555.00"
2020-12-09,2020120904000860,NIBSF1,17,7,"1,000",11.10,"11,100.00"
2020-12-09,2020120904000840,NIBSF1,17,28,"1,000",11.10,"11,100.00"
2020-12-09,2020120904000837,NIBSF1,17,33,"5,000",11.10,"55,500.00"
2020-12-09,2020120904000818,NIBSF1,44,6,"10,000",11.06,"110,600.00"
2020-12-09,2020120904000817,NIBSF1,44,28,400,11.06,"4,424.00"
2020-12-09,2020120904000811,NIBSF1,44,56,"5,000",11.06,"55,300.00"
2020-12-09,2020120904000980,NICBF,13,6,100,9.65,965.00
2020-12-09,2020120904000955,NICBF,13,47,200,9.65,"1,930.00"
2020-12-09,2020120904000896,NICBF,17,58,"1,000",9.63,"9,630.00"
2020-12-09,2020120904000677,NICBF,14,57,200,9.81,"1,962.00"
2020-12-09,2020120904000801,NICGF,5,44,"1,500",10.26,"15,390.00"
2020-12-09,2020120904000797,NICGF,13,38,100,10.19,"1,019.00"
2020-12-09,2020120904000796,NICGF,43,38,"1,900",10.20,"19,380.00"
2020-12-09,2020120904000794,NICGF,5,39,500,10.25,"5,125.00"
2020-12-09,2020120904000781,NICGF,43,6,100,10.20,"1,020.00"
2020-12-09,2020120904000572,NICGF,19,13,"5,000",10.17,"50,850.00"
2020-12-09,2020120904000542,NICGF,34,39,100,10.17,"1,017.00"
2020-12-09,2020120904001001,NMB50,51,22,200,10.09,"2,018.00"
2020-12-09,2020120904000993,NMB50,51,6,100,10.09,"1,009.00"
2020-12-09,2020120904000852,NMB50,51,4,"31,000",10.09,"312,790.00"
2020-12-09,2020120904000848,NMB50,51,35,100,10.08,"1,008.00"
2020-12-09,2020120904000847,NMB50,51,50,"3,520",10.08,"35,481.60"
2020-12-09,2020120904000841,NMB50,51,26,"1,900",10.07,"19,133.00"
2020-12-09,2020120904000703,NMBHF1,11,16,832,9.92,"8,253.44"
2020-12-09,2020120904000676,NMBHF1,11,54,"4,161",9.92,"41,277.12"
2020-12-09,2020120904000610,NMBHF1,48,26,"3,321",9.88,"32,811.48"
2020-12-09,2020120904000609,NMBHF1,19,26,840,10.00,"8,400.00"
2020-12-09,2020120904000600,NMBHF1,19,39,"2,496",10.00,"24,960.00"
2020-12-09,2020120904000543,NMBHF1,19,45,"1,664",10.00,"16,640.00"
2020-12-09,2020120904001007,PRVUPO,20,58,"116,017",150.00,"17,402,550.00"
2020-12-09,2020120904000995,PRVUPO,20,58,100,148.00,"14,800.00"
2020-12-09,2020120904000992,PRVUPO,20,58,100,146.00,"14,600.00"
2020-12-09,2020120904000988,PRVUPO,20,58,100,144.00,"14,400.00"
2020-12-09,2020120904000985,PRVUPO,20,58,100,142.00,"14,200.00"
2020-12-09,2020120904000991,SAEF,47,29,500,10.90,"5,450.00"
2020-12-09,2020120904000964,SAEF,17,56,"23,000",11.00,"253,000.00"
2020-12-09,2020120904000961,SAEF,47,56,"7,000",11.01,"77,070.00"
2020-12-09,2020120904000923,SAEF,47,47,"3,000",11.01,"33,030.00"
2020-12-09,2020120904000894,SAEF,17,51,500,11.00,"5,500.00"
2020-12-09,2020120904000889,SAEF,17,51,500,11.00,"5,500.00"
2020-12-09,2020120904000699,SAEF,17,28,300,11.00,"3,300.00"
2020-12-09,2020120904000696,SAEF,17,47,"3,000",11.00,"33,000.00"
2020-12-09,2020120904000695,SAEF,38,47,"2,000",11.01,"22,020.00"
2020-12-09,2020120904000580,SAEF,17,50,100,11.00,"1,100.00"
2020-12-09,2020120904000573,SAEF,17,13,"15,000",11.00,"165,000.00"
2020-12-09,2020120904000885,SAEF,17,28,"1,000",11.00,"11,000.00"
2020-12-09,2020120904000856,SAEF,17,11,500,11.00,"5,500.00"
2020-12-09,2020120904000809,SAEF,17,11,500,11.00,"5,500.00"
2020-12-09,2020120904000745,SAEF,17,11,500,11.00,"5,500.00"
2020-12-09,2020120904000737,SAEF,17,42,400,11.00,"4,400.00"
2020-12-09,2020120904000705,SAEF,17,28,300,11.00,"3,300.00"
2020-12-09,2020120904000973,SEF,51,14,500,10.14,"5,070.00"
2020-12-09,2020120904000957,SEF,51,3,"7,200",10.14,"73,008.00"
2020-12-09,2020120904000956,SEF,17,3,"2,800",10.15,"28,420.00"
2020-12-09,2020120904000937,SEF,17,57,"10,000",10.15,"101,500.00"
2020-12-09,2020120904000853,SEF,17,11,500,10.15,"5,075.00"
2020-12-09,2020120904000831,SEF,17,11,200,10.15,"2,030.00"
2020-12-09,2020120904000576,SEF,6,26,"1,000",10.14,"10,140.00"
2020-12-09,2020120904000558,SEF,58,46,"1,000",10.13,"10,130.00"
2020-12-09,2020120904000814,SEF,58,11,300,10.16,"3,048.00"
2020-12-09,2020120904000768,SEF,58,5,200,10.16,"2,032.00"
2020-12-09,2020120904000748,SEF,58,11,500,10.16,"5,080.00"
2020-12-09,2020120904000670,SEF,17,1,500,10.15,"5,075.00"
2020-12-09,2020120904000659,SEF,17,54,"10,000",10.15,"101,500.00"
2020-12-09,2020120904000641,SEF,17,3,"1,000",10.15,"10,150.00"
2020-12-09,2020120904001016,SGI,49,20,10,597.00,"5,970.00"
2020-12-09,2020120904001013,SGI,49,50,10,597.00,"5,970.00"
2020-12-09,2020120904001012,SGI,49,21,10,597.00,"5,970.00"
2020-12-09,2020120904001010,SGI,49,10,10,600.00,"6,000.00"
2020-12-09,2020120904001009,SGI,49,38,100,599.00,"59,900.00"
2020-12-09,2020120904001003,SGI,49,21,10,597.00,"5,970.00"
2020-12-09,2020120904000539,SGI,49,50,10,604.00,"6,040.00"
2020-12-09,2020120904000538,SGI,49,32,10,603.00,"6,030.00"
2020-12-09,2020120904000537,SGI,49,59,10,600.00,"6,000.00"
2020-12-09,2020120904000535,SGI,56,41,10,597.00,"5,970.00"
2020-12-09,2020120904000548,SGI,49,51,10,604.00,"6,040.00"
2020-12-09,2020120904000547,SGI,49,45,10,604.00,"6,040.00"
2020-12-09,2020120904000546,SGI,49,39,10,603.00,"6,030.00"
2020-12-09,2020120904000545,SGI,49,59,10,602.00,"6,020.00"
2020-12-09,2020120904000544,SGI,49,58,10,598.00,"5,980.00"
2020-12-09,2020120904000540,SGI,49,21,10,604.00,"6,040.00"
2020-12-09,2020120904000560,SGI,28,45,10,598.00,"5,980.00"
2020-12-09,2020120904000557,SGI,49,50,10,604.00,"6,040.00"
2020-12-09,2020120904000554,SGI,42,20,10,598.00,"5,980.00"
2020-12-09,2020120904000553,SGI,45,38,30,605.00,"18,150.00"
2020-12-09,2020120904000552,SGI,45,51,10,604.00,"6,040.00"
2020-12-09,2020120904000551,SGI,45,59,10,600.00,"6,000.00"
2020-12-09,2020120904000569,SGI,56,52,10,597.00,"5,970.00"
2020-12-09,2020120904000568,SGI,49,38,10,605.00,"6,050.00"
2020-12-09,2020120904000567,SGI,49,52,10,600.00,"6,000.00"
2020-12-09,2020120904000564,SGI,56,52,10,597.00,"5,970.00"
2020-12-09,2020120904000563,SGI,25,39,10,598.00,"5,980.00"
2020-12-09,2020120904000562,SGI,49,38,10,605.00,"6,050.00"
2020-12-09,2020120904000593,SGI,42,39,10,598.00,"5,980.00"
2020-12-09,2020120904000589,SGI,42,47,10,598.00,"5,980.00"
2020-12-09,2020120904000582,SGI,42,40,40,598.00,"23,920.00"
2020-12-09,2020120904000581,SGI,26,40,190,598.00,"113,620.00"
2020-12-09,2020120904000579,SGI,26,16,10,598.00,"5,980.00"
2020-12-09,2020120904000575,SGI,49,55,10,600.00,"6,000.00"
2020-12-09,2020120904000614,SGI,49,1,20,599.00,"11,980.00"
2020-12-09,2020120904000613,SGI,49,35,10,600.00,"6,000.00"
2020-12-09,2020120904000612,SGI,49,35,10,600.00,"6,000.00"
2020-12-09,2020120904000608,SGI,49,40,10,599.00,"5,990.00"
2020-12-09,2020120904000605,SGI,49,16,10,599.00,"5,990.00"
2020-12-09,2020120904000599,SGI,49,46,10,599.00,"5,990.00"
2020-12-09,2020120904000633,SGI,35,58,10,600.00,"6,000.00"
2020-12-09,2020120904000632,SGI,35,35,90,600.00,"54,000.00"
2020-12-09,2020120904000631,SGI,49,6,10,599.00,"5,990.00"
2020-12-09,2020120904000628,SGI,49,35,10,599.00,"5,990.00"
2020-12-09,2020120904000618,SGI,49,10,10,599.00,"5,990.00"
2020-12-09,2020120904000617,SGI,49,26,10,599.00,"5,990.00"
2020-12-09,2020120904000651,SGI,29,48,10,601.00,"6,010.00"
2020-12-09,2020120904000647,SGI,40,42,10,600.00,"6,000.00"
2020-12-09,2020120904000646,SGI,42,39,10,598.00,"5,980.00"
2020-12-09,2020120904000639,SGI,42,20,10,598.00,"5,980.00"
2020-12-09,2020120904000636,SGI,42,46,10,598.00,"5,980.00"
2020-12-09,2020120904000634,SGI,49,26,10,599.00,"5,990.00"
2020-12-09,2020120904000665,SGI,40,18,10,600.00,"6,000.00"
2020-12-09,2020120904000664,SGI,40,42,10,600.00,"6,000.00"
2020-12-09,2020120904000663,SGI,40,40,10,600.00,"6,000.00"
2020-12-09,2020120904000660,SGI,40,59,10,600.00,"6,000.00"
2020-12-09,2020120904000658,SGI,40,40,10,600.00,"6,000.00"
2020-12-09,2020120904000652,SGI,29,6,10,601.00,"6,010.00"
2020-12-09,2020120904000681,SGI,40,25,10,600.00,"6,000.00"
2020-12-09,2020120904000680,SGI,40,56,10,600.00,"6,000.00"
2020-12-09,2020120904000679,SGI,40,59,10,600.00,"6,000.00"
2020-12-09,2020120904000671,SGI,40,10,10,600.00,"6,000.00"
2020-12-09,2020120904000669,SGI,40,10,10,600.00,"6,000.00"
2020-12-09,2020120904000666,SGI,40,40,10,600.00,"6,000.00"
2020-12-09,2020120904000693,SGI,40,18,10,600.00,"6,000.00"
2020-12-09,2020120904000691,SGI,40,48,10,600.00,"6,000.00"
2020-12-09,2020120904000690,SGI,40,36,10,600.00,"6,000.00"
2020-12-09,2020120904000687,SGI,40,57,10,600.00,"6,000.00"
2020-12-09,2020120904000684,SGI,40,57,10,600.00,"6,000.00"
2020-12-09,2020120904000682,SGI,40,59,10,600.00,"6,000.00"
2020-12-09,2020120904000709,SGI,40,40,10,600.00,"6,000.00"
2020-12-09,2020120904000707,SGI,29,6,10,601.00,"6,010.00"
2020-12-09,2020120904000706,SGI,40,54,10,600.00,"6,000.00"
2020-12-09,2020120904000704,SGI,40,36,10,600.00,"6,000.00"
2020-12-09,2020120904000701,SGI,40,41,10,600.00,"6,000.00"
2020-12-09,2020120904000700,SGI,40,36,10,600.00,"6,000.00"
2020-12-09,2020120904000724,SGI,19,38,10,600.00,"6,000.00"
2020-12-09,2020120904000723,SGI,28,57,10,600.00,"6,000.00"
2020-12-09,2020120904000722,SGI,40,57,10,600.00,"6,000.00"
2020-12-09,2020120904000713,SGI,40,40,10,600.00,"6,000.00"
2020-12-09,2020120904000711,SGI,40,59,10,600.00,"6,000.00"
2020-12-09,2020120904000710,SGI,40,16,10,600.00,"6,000.00"
2020-12-09,2020120904000778,SGI,49,7,10,598.00,"5,980.00"
2020-12-09,2020120904000765,SGI,42,5,10,598.00,"5,980.00"
2020-12-09,2020120904000757,SGI,19,38,10,600.00,"6,000.00"
2020-12-09,2020120904000756,SGI,19,16,10,600.00,"6,000.00"
2020-12-09,2020120904000751,SGI,19,56,10,600.00,"6,000.00"
2020-12-09,2020120904000749,SGI,19,56,10,600.00,"6,000.00"
2020-12-09,2020120904000786,SGI,49,55,10,602.00,"6,020.00"
2020-12-09,2020120904000785,SGI,49,19,10,601.00,"6,010.00"
2020-12-09,2020120904000784,SGI,49,21,10,600.00,"6,000.00"
2020-12-09,2020120904000783,SGI,49,36,10,600.00,"6,000.00"
2020-12-09,2020120904000782,SGI,49,58,10,600.00,"6,000.00"
2020-12-09,2020120904000779,SGI,49,58,10,598.00,"5,980.00"
2020-12-09,2020120904000804,SGI,49,32,10,598.00,"5,980.00"
2020-12-09,2020120904000798,SGI,49,34,10,598.00,"5,980.00"
2020-12-09,2020120904000793,SGI,49,17,10,598.00,"5,980.00"
2020-12-09,2020120904000791,SGI,49,34,10,598.00,"5,980.00"
2020-12-09,2020120904000788,SGI,49,17,10,598.00,"5,980.00"
2020-12-09,2020120904000787,SGI,49,39,10,602.00,"6,020.00"
2020-12-09,2020120904000830,SGI,49,3,10,598.00,"5,980.00"
2020-12-09,2020120904000828,SGI,56,58,10,597.00,"5,970.00"
2020-12-09,2020120904000825,SGI,56,34,10,597.00,"5,970.00"
2020-12-09,2020120904000820,SGI,36,32,10,598.00,"5,980.00"
2020-12-09,2020120904000812,SGI,49,32,10,598.00,"5,980.00"
2020-12-09,2020120904000805,SGI,49,8,20,598.00,"11,960.00"
2020-12-09,2020120904000854,SGI,49,49,40,598.00,"23,920.00"
2020-12-09,2020120904000849,SGI,49,58,10,598.00,"5,980.00"
2020-12-09,2020120904000846,SGI,49,18,10,598.00,"5,980.00"
2020-12-09,2020120904000836,SGI,49,38,10,598.00,"5,980.00"
2020-12-09,2020120904000835,SGI,49,34,10,598.00,"5,980.00"
2020-12-09,2020120904000832,SGI,49,13,10,598.00,"5,980.00"
2020-12-09,2020120904000897,SGI,52,51,10,598.00,"5,980.00"
2020-12-09,2020120904000891,SGI,52,49,10,598.00,"5,980.00"
2020-12-09,2020120904000887,SGI,56,36,10,597.00,"5,970.00"
2020-12-09,2020120904000861,SGI,56,18,10,597.00,"5,970.00"
2020-12-09,2020120904000859,SGI,56,49,10,597.00,"5,970.00"
2020-12-09,2020120904000855,SGI,56,49,60,597.00,"35,820.00"
2020-12-09,2020120904000906,SGI,52,36,10,598.00,"5,980.00"
2020-12-09,2020120904000904,SGI,52,36,10,598.00,"5,980.00"
2020-12-09,2020120904000903,SGI,52,36,10,598.00,"5,980.00"
2020-12-09,2020120904000901,SGI,52,36,10,598.00,"5,980.00"
2020-12-09,2020120904000899,SGI,52,36,10,598.00,"5,980.00"
2020-12-09,2020120904000898,SGI,52,38,10,598.00,"5,980.00"
2020-12-09,2020120904000938,SGI,29,1,10,597.00,"5,970.00"
2020-12-09,2020120904000936,SGI,29,16,10,597.00,"5,970.00"
2020-12-09,2020120904000935,SGI,29,1,10,597.00,"5,970.00"
2020-12-09,2020120904000931,SGI,29,48,10,597.00,"5,970.00"
2020-12-09,2020120904000925,SGI,52,51,10,598.00,"5,980.00"
2020-12-09,2020120904000921,SGI,52,16,10,598.00,"5,980.00"
2020-12-09,2020120904000946,SGI,17,34,10,598.00,"5,980.00"
2020-12-09,2020120904000945,SGI,17,41,10,598.00,"5,980.00"
2020-12-09,2020120904000944,SGI,17,16,10,598.00,"5,980.00"
2020-12-09,2020120904000943,SGI,17,34,10,597.00,"5,970.00"
2020-12-09,2020120904000942,SGI,29,16,10,597.00,"5,970.00"
2020-12-09,2020120904000941,SGI,29,32,10,597.00,"5,970.00"
2020-12-09,2020120904000965,SGI,49,51,10,597.00,"5,970.00"
2020-12-09,2020120904000963,SGI,29,41,10,597.00,"5,970.00"
2020-12-09,2020120904000958,SGI,29,1,10,597.00,"5,970.00"
2020-12-09,2020120904000953,SGI,29,1,10,597.00,"5,970.00"
2020-12-09,2020120904000951,SGI,29,1,10,597.00,"5,970.00"
2020-12-09,2020120904000947,SGI,17,41,5,598.00,"2,990.00"
2020-12-09,2020120904000971,SGI,49,53,10,599.00,"5,990.00"
2020-12-09,2020120904000970,SGI,49,21,10,599.00,"5,990.00"
2020-12-09,2020120904000969,SGI,49,43,10,599.00,"5,990.00"
2020-12-09,2020120904000968,SGI,49,54,10,598.00,"5,980.00"
2020-12-09,2020120904000967,SGI,49,16,10,597.00,"5,970.00"
2020-12-09,2020120904000966,SGI,49,29,10,597.00,"5,970.00"
2020-12-09,2020120904001000,SGI,49,21,10,597.00,"5,970.00"
2020-12-09,2020120904000994,SGI,49,38,210,599.00,"125,790.00"
2020-12-09,2020120904000989,SGI,49,1,10,597.00,"5,970.00"
2020-12-09,2020120904000986,SGI,49,59,10,598.00,"5,980.00"
2020-12-09,2020120904000974,SGI,49,1,10,597.00,"5,970.00"
2020-12-09,2020120904000972,SGI,49,29,10,597.00,"5,970.00"
2020-12-09,2020120904000990,STC,49,21,26,"5,120.00","133,120.00"
2020-12-09,2020120904000987,STC,49,34,20,"5,120.00","102,400.00"
2020-12-09,2020120904000952,STC,17,21,50,"5,100.00","255,000.00"
2020-12-09,2020120904000950,STC,17,21,50,"5,100.00","255,000.00"
2020-12-09,2020120904000949,STC,46,21,10,"5,101.00","51,010.00"
2020-12-09,2020120904000948,STC,52,21,10,"5,150.00","51,500.00"
2020-12-09,2020120904000773,STC,17,34,50,"5,200.00","260,000.00"
2020-12-09,2020120904000772,STC,25,34,10,"5,234.00","52,340.00"
2020-12-09,2020120904000771,STC,56,34,10,"5,234.00","52,340.00"
2020-12-09,2020120904000770,STC,22,34,10,"5,234.00","52,340.00"
2020-12-09,2020120904000769,STC,45,34,10,"5,234.00","52,340.00"
2020-12-09,2020120904000865,STC,40,57,50,"5,290.00","264,500.00"
2020-12-09,2020120904000838,STC,59,34,65,"5,200.00","338,000.00"
2020-12-09,2020120904000829,STC,59,17,20,"5,200.00","104,000.00"
2020-12-09,2020120904000822,STC,59,21,15,"5,191.00","77,865.00"
2020-12-09,2020120904000816,STC,36,17,20,"5,191.00","103,820.00"
2020-12-09,2020120904000800,STC,35,34,15,"5,200.00","78,000.00"
2020-12-09,2020120904000912,STC,50,21,10,"5,187.00","51,870.00"
2020-12-09,2020120904000911,STC,33,21,10,"5,188.00","51,880.00"
2020-12-09,2020120904000910,STC,28,21,10,"5,188.00","51,880.00"
2020-12-09,2020120904000909,STC,17,21,10,"5,189.00","51,890.00"
2020-12-09,2020120904000908,STC,10,21,10,"5,189.00","51,890.00"
2020-12-09,2020120904000866,STC,40,34,45,"5,290.00","238,050.00"
2020-12-09,2020120904000918,STC,25,21,10,"5,100.00","51,000.00"
2020-12-09,2020120904000917,STC,33,21,200,"5,100.00","1,020,000.00"
2020-12-09,2020120904000916,STC,7,21,12,"5,150.00","61,800.00"
2020-12-09,2020120904000915,STC,34,21,20,"5,187.00","103,740.00"
2020-12-09,2020120904000914,STC,47,21,19,"5,187.00","98,553.00"
2020-12-09,2020120904000913,STC,40,21,10,"5,187.00","51,870.00"
2020-12-09,2020120904000525,BBC,48,32,10,"2,973.00","29,730.00"
2020-12-09,2020120904000502,BBC,29,32,100,"2,973.00","297,300.00"
2020-12-09,2020120904000496,BBC,46,32,10,"2,989.00","29,890.00"
2020-12-09,2020120904000479,BBC,54,32,20,"3,000.00","60,000.00"
2020-12-09,2020120904000385,BBC,47,38,10,"3,050.00","30,500.00"
2020-12-09,2020120904000351,BBC,47,36,10,"3,010.00","30,100.00"
2020-12-09,2020120904000055,BBC,46,49,10,"2,940.00","29,400.00"
2020-12-09,2020120904000185,BBC,39,42,10,"2,959.00","29,590.00"
2020-12-09,2020120904000137,BBC,34,19,10,"2,901.00","29,010.00"
2020-12-09,2020120904000136,BBC,43,19,30,"2,945.00","88,350.00"
2020-12-09,2020120904000135,BBC,50,19,10,"2,950.00","29,500.00"
2020-12-09,2020120904000057,BBC,50,49,10,"2,940.00","29,400.00"
2020-12-09,2020120904000056,BBC,22,49,10,"2,940.00","29,400.00"
2020-12-09,2020120904000288,CMF1,17,58,100,9.51,951.00
2020-12-09,2020120904000526,GIC,58,7,10,573.00,"5,730.00"
2020-12-09,2020120904000514,GIC,58,20,10,573.00,"5,730.00"
2020-12-09,2020120904000513,GIC,58,45,10,573.00,"5,730.00"
2020-12-09,2020120904000512,GIC,58,39,10,573.00,"5,730.00"
2020-12-09,2020120904000508,GIC,58,26,10,573.00,"5,730.00"
2020-12-09,2020120904000506,GIC,58,52,10,573.00,"5,730.00"
2020-12-09,2020120904000036,GIC,42,32,10,575.00,"5,750.00"
2020-12-09,2020120904000033,GIC,42,32,10,575.00,"5,750.00"
2020-12-09,2020120904000068,GIC,39,57,10,575.00,"5,750.00"
2020-12-09,2020120904000062,GIC,39,32,10,575.00,"5,750.00"
2020-12-09,2020120904000059,GIC,42,54,10,575.00,"5,750.00"
2020-12-09,2020120904000053,GIC,35,46,10,576.00,"5,760.00"
2020-12-09,2020120904000049,GIC,42,19,20,575.00,"11,500.00"
2020-12-09,2020120904000046,GIC,42,26,10,575.00,"5,750.00"
2020-12-09,2020120904000081,GIC,22,36,10,572.00,"5,720.00"
2020-12-09,2020120904000080,GIC,32,58,10,572.00,"5,720.00"
2020-12-09,2020120904000079,GIC,57,57,10,571.00,"5,710.00"
2020-12-09,2020120904000075,GIC,39,58,10,575.00,"5,750.00"
2020-12-09,2020120904000072,GIC,39,29,10,575.00,"5,750.00"
2020-12-09,2020120904000070,GIC,39,10,10,575.00,"5,750.00"
2020-12-09,2020120904000096,GIC,45,50,10,579.00,"5,790.00"
2020-12-09,2020120904000094,GIC,52,49,10,575.00,"5,750.00"
2020-12-09,2020120904000087,GIC,25,34,10,572.00,"5,720.00"
2020-12-09,2020120904000084,GIC,57,17,10,571.00,"5,710.00"
2020-12-09,2020120904000083,GIC,57,38,10,571.00,"5,710.00"
2020-12-09,2020120904000082,GIC,22,32,10,572.00,"5,720.00"
2020-12-09,2020120904000113,GIC,48,54,10,572.00,"5,720.00"
2020-12-09,2020120904000111,GIC,32,32,10,572.00,"5,720.00"
2020-12-09,2020120904000110,GIC,57,34,10,571.00,"5,710.00"
2020-12-09,2020120904000103,GIC,10,38,10,572.00,"5,720.00"
2020-12-09,2020120904000099,GIC,10,22,10,572.00,"5,720.00"
2020-12-09,2020120904000098,GIC,45,42,10,572.00,"5,720.00"
2020-12-09,2020120904000128,GIC,49,56,10,576.00,"5,760.00"
2020-12-09,2020120904000124,GIC,49,36,10,576.00,"5,760.00"
2020-12-09,2020120904000122,GIC,32,57,10,575.00,"5,750.00"
2020-12-09,2020120904000118,GIC,34,34,10,573.00,"5,730.00"
2020-12-09,2020120904000117,GIC,34,34,10,573.00,"5,730.00"
2020-12-09,2020120904000115,GIC,34,34,10,573.00,"5,730.00"
2020-12-09,2020120904000142,GIC,37,54,10,580.00,"5,800.00"
2020-12-09,2020120904000141,GIC,37,39,10,580.00,"5,800.00"
2020-12-09,2020120904000140,GIC,37,6,10,580.00,"5,800.00"
2020-12-09,2020120904000139,GIC,37,57,20,580.00,"11,600.00"
2020-12-09,2020120904000138,GIC,37,32,10,580.00,"5,800.00"
2020-12-09,2020120904000134,GIC,37,32,10,579.00,"5,790.00"
2020-12-09,2020120904000159,GIC,37,49,10,575.00,"5,750.00"
2020-12-09,2020120904000150,GIC,58,48,10,576.00,"5,760.00"
2020-12-09,2020120904000146,GIC,37,57,10,580.00,"5,800.00"
2020-12-09,2020120904000145,GIC,37,21,10,580.00,"5,800.00"
2020-12-09,2020120904000144,GIC,37,47,10,580.00,"5,800.00"
2020-12-09,2020120904000143,GIC,37,41,10,580.00,"5,800.00"
2020-12-09,2020120904000176,GIC,37,42,10,575.00,"5,750.00"
2020-12-09,2020120904000173,GIC,37,38,10,575.00,"5,750.00"
2020-12-09,2020120904000170,GIC,32,32,10,576.00,"5,760.00"
2020-12-09,2020120904000164,GIC,37,44,10,575.00,"5,750.00"
2020-12-09,2020120904000162,GIC,37,21,10,575.00,"5,750.00"
2020-12-09,2020120904000160,GIC,37,38,10,575.00,"5,750.00"
2020-12-09,2020120904000194,GIC,46,58,10,575.00,"5,750.00"
2020-12-09,2020120904000193,GIC,46,45,10,575.00,"5,750.00"
2020-12-09,2020120904000187,GIC,37,41,10,575.00,"5,750.00"
2020-12-09,2020120904000186,GIC,37,21,10,575.00,"5,750.00"
2020-12-09,2020120904000180,GIC,37,56,10,575.00,"5,750.00"
2020-12-09,2020120904000178,GIC,37,53,10,575.00,"5,750.00"
2020-12-09,2020120904000214,GIC,35,47,10,576.00,"5,760.00"
2020-12-09,2020120904000213,GIC,35,57,10,576.00,"5,760.00"
2020-12-09,2020120904000208,GIC,35,34,10,576.00,"5,760.00"
2020-12-09,2020120904000203,GIC,43,47,10,576.00,"5,760.00"
2020-12-09,2020120904000200,GIC,43,45,10,576.00,"5,760.00"
2020-12-09,2020120904000196,GIC,46,54,10,575.00,"5,750.00"
2020-12-09,2020120904000232,GIC,35,43,70,576.00,"40,320.00"
2020-12-09,2020120904000229,GIC,49,57,10,580.00,"5,800.00"
2020-12-09,2020120904000228,GIC,49,6,10,580.00,"5,800.00"
2020-12-09,2020120904000227,GIC,49,26,10,580.00,"5,800.00"
2020-12-09,2020120904000224,GIC,43,16,10,577.00,"5,770.00"
2020-12-09,2020120904000217,GIC,43,36,10,578.00,"5,780.00"
2020-12-09,2020120904000242,GIC,34,8,10,573.00,"5,730.00"
2020-12-09,2020120904000241,GIC,38,43,100,574.00,"57,400.00"
2020-12-09,2020120904000238,GIC,34,47,100,573.00,"57,300.00"
2020-12-09,2020120904000235,GIC,21,43,200,574.00,"114,800.00"
2020-12-09,2020120904000234,GIC,55,43,30,575.00,"17,250.00"
2020-12-09,2020120904000233,GIC,46,43,470,575.00,"270,250.00"
2020-12-09,2020120904000251,GIC,34,39,10,573.00,"5,730.00"
2020-12-09,2020120904000250,GIC,34,43,10,573.00,"5,730.00"
2020-12-09,2020120904000249,GIC,34,36,10,573.00,"5,730.00"
2020-12-09,2020120904000246,GIC,34,43,10,573.00,"5,730.00"
2020-12-09,2020120904000244,GIC,34,43,10,573.00,"5,730.00"
2020-12-09,2020120904000243,GIC,34,10,10,573.00,"5,730.00"
2020-12-09,2020120904000276,GIC,48,17,10,572.00,"5,720.00"
2020-12-09,2020120904000269,GIC,48,47,10,572.00,"5,720.00"
2020-12-09,2020120904000268,GIC,48,58,10,572.00,"5,720.00"
2020-12-09,2020120904000266,GIC,48,43,10,572.00,"5,720.00"
2020-12-09,2020120904000262,GIC,48,16,10,572.00,"5,720.00"
2020-12-09,2020120904000252,GIC,48,58,10,572.00,"5,720.00"
2020-12-09,2020120904000289,GIC,48,39,10,572.00,"5,720.00"
2020-12-09,2020120904000286,GIC,48,34,10,572.00,"5,720.00"
2020-12-09,2020120904000282,GIC,48,48,10,572.00,"5,720.00"
2020-12-09,2020120904000281,GIC,58,58,10,573.00,"5,730.00"
2020-12-09,2020120904000279,GIC,58,26,10,573.00,"5,730.00"
2020-12-09,2020120904000278,GIC,58,8,10,573.00,"5,730.00"
2020-12-09,2020120904000309,GIC,43,40,10,573.00,"5,730.00"
2020-12-09,2020120904000302,GIC,43,29,10,573.00,"5,730.00"
2020-12-09,2020120904000296,GIC,48,38,10,572.00,"5,720.00"
2020-12-09,2020120904000295,GIC,48,42,10,572.00,"5,720.00"
2020-12-09,2020120904000294,GIC,43,10,10,573.00,"5,730.00"
2020-12-09,2020120904000293,GIC,48,19,10,572.00,"5,720.00"
2020-12-09,2020120904000326,GIC,29,38,10,574.00,"5,740.00"
2020-12-09,2020120904000324,GIC,29,6,10,574.00,"5,740.00"
2020-12-09,2020120904000323,GIC,29,58,10,574.00,"5,740.00"
2020-12-09,2020120904000322,GIC,29,43,10,574.00,"5,740.00"
2020-12-09,2020120904000320,GIC,51,5,10,573.00,"5,730.00"
2020-12-09,2020120904000318,GIC,43,38,10,573.00,"5,730.00"
2020-12-09,2020120904000337,GIC,29,38,10,574.00,"5,740.00"
2020-12-09,2020120904000334,GIC,29,39,10,574.00,"5,740.00"
2020-12-09,2020120904000332,GIC,29,45,10,574.00,"5,740.00"
2020-12-09,2020120904000331,GIC,29,47,10,574.00,"5,740.00"
2020-12-09,2020120904000329,GIC,29,44,10,574.00,"5,740.00"
2020-12-09,2020120904000328,GIC,29,47,10,574.00,"5,740.00"
2020-12-09,2020120904000360,GIC,25,45,10,574.00,"5,740.00"
2020-12-09,2020120904000358,GIC,42,51,10,574.00,"5,740.00"
2020-12-09,2020120904000347,GIC,42,38,10,574.00,"5,740.00"
2020-12-09,2020120904000340,GIC,42,48,10,574.00,"5,740.00"
2020-12-09,2020120904000339,GIC,42,45,10,574.00,"5,740.00"
2020-12-09,2020120904000338,GIC,42,52,10,574.00,"5,740.00"
2020-12-09,2020120904000366,GIC,22,48,90,573.00,"51,570.00"
2020-12-09,2020120904000365,GIC,51,48,40,573.00,"22,920.00"
2020-12-09,2020120904000364,GIC,25,48,60,574.00,"34,440.00"
2020-12-09,2020120904000363,GIC,25,38,10,574.00,"5,740.00"
2020-12-09,2020120904000362,GIC,25,57,10,574.00,"5,740.00"
2020-12-09,2020120904000361,GIC,25,56,10,574.00,"5,740.00"
2020-12-09,2020120904000373,GIC,29,48,180,573.00,"103,140.00"
2020-12-09,2020120904000372,GIC,48,38,10,572.00,"5,720.00"
2020-12-09,2020120904000371,GIC,48,38,10,572.00,"5,720.00"
2020-12-09,2020120904000370,GIC,48,38,10,572.00,"5,720.00"
2020-12-09,2020120904000368,GIC,49,48,10,573.00,"5,730.00"
2020-12-09,2020120904000367,GIC,13,48,20,573.00,"11,460.00"
2020-12-09,2020120904000382,GIC,42,38,10,573.00,"5,730.00"
2020-12-09,2020120904000381,GIC,42,38,20,573.00,"11,460.00"
2020-12-09,2020120904000380,GIC,57,38,20,573.00,"11,460.00"
2020-12-09,2020120904000379,GIC,57,34,10,573.00,"5,730.00"
2020-12-09,2020120904000377,GIC,57,37,10,573.00,"5,730.00"
2020-12-09,2020120904000374,GIC,57,26,10,573.00,"5,730.00"
2020-12-09,2020120904000399,GIC,48,35,10,572.00,"5,720.00"
2020-12-09,2020120904000393,GIC,56,36,10,573.00,"5,730.00"
2020-12-09,2020120904000392,GIC,56,57,10,573.00,"5,730.00"
2020-12-09,2020120904000387,GIC,56,36,10,573.00,"5,730.00"
2020-12-09,2020120904000386,GIC,56,36,10,573.00,"5,730.00"
2020-12-09,2020120904000383,GIC,56,32,10,573.00,"5,730.00"
2020-12-09,2020120904000417,GIC,48,55,10,572.00,"5,720.00"
2020-12-09,2020120904000414,GIC,48,29,10,572.00,"5,720.00"
2020-12-09,2020120904000410,GIC,48,42,10,572.00,"5,720.00"
2020-12-09,2020120904000408,GIC,48,10,10,572.00,"5,720.00"
2020-12-09,2020120904000402,GIC,48,35,10,572.00,"5,720.00"
2020-12-09,2020120904000401,GIC,48,39,10,572.00,"5,720.00"
2020-12-09,2020120904000443,GIC,48,36,10,572.00,"5,720.00"
2020-12-09,2020120904000442,GIC,48,39,10,572.00,"5,720.00"
2020-12-09,2020120904000425,GIC,48,58,10,572.00,"5,720.00"
2020-12-09,2020120904000420,GIC,21,39,10,573.00,"5,730.00"
2020-12-09,2020120904000419,GIC,21,50,10,573.00,"5,730.00"
2020-12-09,2020120904000418,GIC,21,32,10,573.00,"5,730.00"
2020-12-09,2020120904000452,GIC,48,42,10,572.00,"5,720.00"
2020-12-09,2020120904000451,GIC,48,49,10,572.00,"5,720.00"
2020-12-09,2020120904000450,GIC,48,29,10,572.00,"5,720.00"
2020-12-09,2020120904000449,GIC,48,55,10,572.00,"5,720.00"
2020-12-09,2020120904000447,GIC,48,59,10,572.00,"5,720.00"
2020-12-09,2020120904000446,GIC,48,58,10,572.00,"5,720.00"
2020-12-09,2020120904000469,GIC,58,38,10,573.00,"5,730.00"
2020-12-09,2020120904000465,GIC,52,17,10,573.00,"5,730.00"
2020-12-09,2020120904000461,GIC,52,29,10,573.00,"5,730.00"
2020-12-09,2020120904000460,GIC,52,22,10,573.00,"5,730.00"
2020-12-09,2020120904000459,GIC,52,17,10,573.00,"5,730.00"
2020-12-09,2020120904000458,GIC,52,52,10,573.00,"5,730.00"
2020-12-09,2020120904000486,GIC,40,6,10,574.00,"5,740.00"
2020-12-09,2020120904000485,GIC,40,11,10,574.00,"5,740.00"
2020-12-09,2020120904000484,GIC,40,32,10,574.00,"5,740.00"
2020-12-09,2020120904000483,GIC,40,57,10,574.00,"5,740.00"
2020-12-09,2020120904000481,GIC,58,52,10,573.00,"5,730.00"
2020-12-09,2020120904000478,GIC,58,47,10,573.00,"5,730.00"
2020-12-09,2020120904000492,GIC,40,55,10,575.00,"5,750.00"
2020-12-09,2020120904000491,GIC,40,57,10,575.00,"5,750.00"
2020-12-09,2020120904000490,GIC,40,57,10,575.00,"5,750.00"
2020-12-09,2020120904000489,GIC,40,57,10,574.00,"5,740.00"
2020-12-09,2020120904000488,GIC,40,34,10,574.00,"5,740.00"
2020-12-09,2020120904000487,GIC,40,41,10,574.00,"5,740.00"
2020-12-09,2020120904000505,GIC,11,22,10,574.00,"5,740.00"
2020-12-09,2020120904000504,GIC,58,40,10,573.00,"5,730.00"
2020-12-09,2020120904000503,GIC,58,57,10,573.00,"5,730.00"
2020-12-09,2020120904000499,GIC,58,26,10,573.00,"5,730.00"
2020-12-09,2020120904000495,GIC,58,11,10,573.00,"5,730.00"
2020-12-09,2020120904000493,GIC,40,17,70,575.00,"40,250.00"
2020-12-09,2020120904000498,GIMES1,7,10,"10,000",11.26,"112,600.00"
2020-12-09,2020120904000480,GIMES1,7,10,"4,000",11.26,"45,040.00"
2020-12-09,2020120904000473,GIMES1,7,10,"6,000",11.26,"67,560.00"
2020-12-09,2020120904000457,GIMES1,42,10,"1,000",11.29,"11,290.00"
2020-12-09,2020120904000409,GIMES1,42,43,"49,000",11.29,"553,210.00"
2020-12-09,2020120904000406,GIMES1,8,43,"10,000",11.30,"113,000.00"
2020-12-09,2020120904000260,GIMES1,42,21,500,11.52,"5,760.00"
2020-12-09,2020120904000259,GIMES1,42,43,"25,000",11.48,"287,000.00"
2020-12-09,2020120904000258,GIMES1,42,6,"3,000",11.47,"34,410.00"
2020-12-09,2020120904000257,GIMES1,42,34,"8,500",11.46,"97,410.00"
2020-12-09,2020120904000256,GIMES1,42,49,"1,000",11.45,"11,450.00"
2020-12-09,2020120904000516,LEMF,17,26,"1,000",9.60,"9,600.00"
2020-12-09,2020120904000463,LEMF,41,58,"1,000",9.70,"9,700.00"
2020-12-09,2020120904000300,LEMF,17,41,"5,000",9.60,"48,000.00"
2020-12-09,2020120904000515,LUK,22,22,300,9.30,"2,790.00"
2020-12-09,2020120904000470,LUK,22,21,400,9.30,"3,720.00"
2020-12-09,2020120904000430,LUK,22,21,200,9.28,"1,856.00"
2020-12-09,2020120904000407,LUK,22,21,200,9.28,"1,856.00"
2020-12-09,2020120904000396,LUK,22,21,300,9.28,"2,784.00"
2020-12-09,2020120904000354,LUK,47,32,800,9.30,"7,440.00"
2020-12-09,2020120904000327,LUK,22,11,500,9.28,"4,640.00"
2020-12-09,2020120904000265,LUK,34,43,"1,500",9.10,"13,650.00"
2020-12-09,2020120904000149,LUK,34,13,300,9.25,"2,775.00"
2020-12-09,2020120904000494,NBF2,51,52,200,9.66,"1,932.00"
2020-12-09,2020120904000398,NBF2,51,43,100,9.66,966.00
2020-12-09,2020120904000271,NBF2,51,40,500,9.66,"4,830.00"
2020-12-09,2020120904000216,NBF2,54,38,100,9.65,965.00
2020-12-09,2020120904000212,NBF2,45,38,"1,000",9.71,"9,710.00"
2020-12-09,2020120904000198,NBF2,58,47,100,9.71,971.00
2020-12-09,2020120904000523,NEF,10,26,483,9.81,"4,738.23"
2020-12-09,2020120904000307,NEF,10,4,"1,138",9.81,"11,163.78"
2020-12-09,2020120904000230,NEF,17,38,"2,414",9.80,"23,657.20"
2020-12-09,2020120904000218,NEF,17,45,241,9.80,"2,361.80"
2020-12-09,2020120904000201,NEF,17,49,483,9.80,"4,733.40"
2020-12-09,2020120904000310,NIBLPF,17,39,"1,263",10.05,"12,693.15"
2020-12-09,2020120904000231,NIBLPF,17,38,"1,263",10.05,"12,693.15"
2020-12-09,2020120904000475,NIBPO,4,52,987,412.00,"406,644.00"
2020-12-09,2020120904000467,NIBPO,4,35,13,412.00,"5,356.00"
2020-12-09,2020120904000426,NIBPO,4,16,"1,000",419.00,"419,000.00"
2020-12-09,2020120904000074,NIBPO,4,4,1,419.00,419.00
2020-12-09,2020120904000237,NIBSF1,17,38,"2,500",11.10,"27,750.00"
2020-12-09,2020120904000127,NIBSF1,44,28,500,11.06,"5,530.00"
2020-12-09,2020120904000444,NICD83/84,1,26,100,"1,057.00","105,700.00"
2020-12-09,2020120904000353,NICGF,34,34,100,10.20,"1,020.00"
2020-12-09,2020120904000222,NICGF,58,42,"1,000",10.22,"10,220.00"
2020-12-09,2020120904000221,NICGF,58,1,500,10.20,"5,100.00"
2020-12-09,2020120904000206,NICGF,34,49,200,10.15,"2,030.00"
2020-12-09,2020120904000204,NICGF,34,37,800,10.15,"8,120.00"
2020-12-09,2020120904000350,NMB50,17,4,"50,000",10.05,"502,500.00"
2020-12-09,2020120904000349,NMB50,48,4,"10,000",10.07,"100,700.00"
2020-12-09,2020120904000348,NMB50,13,4,"9,000",10.08,"90,720.00"
2020-12-09,2020120904000304,NMB50,48,4,"10,000",10.12,"101,200.00"
2020-12-09,2020120904000303,NMB50,13,41,"1,000",10.06,"10,060.00"
2020-12-09,2020120904000292,NMB50,13,4,"8,300",10.12,"83,996.00"
2020-12-09,2020120904000285,NMB50,13,25,100,10.10,"1,010.00"
2020-12-09,2020120904000429,NMBHF1,48,52,"1,664",9.88,"16,440.32"
2020-12-09,2020120904000432,RBCLPO,28,59,10,"14,101.00","141,010.00"
2020-12-09,2020120904000236,RBCLPO,4,59,100,"14,040.00","1,404,000.00"
2020-12-09,2020120904000195,RBCLPO,7,19,30,"14,050.00","421,500.00"
2020-12-09,2020120904000034,RBCLPO,16,19,20,"14,040.00","280,800.00"
2020-12-09,2020120904000032,RBCLPO,17,19,50,"14,040.00","702,000.00"
2020-12-09,2020120904000390,SAEF,17,26,200,11.00,"2,200.00"
2020-12-09,2020120904000270,SAEF,17,49,200,11.00,"2,200.00"
2020-12-09,2020120904000226,SAEF,17,47,500,11.00,"5,500.00"
2020-12-09,2020120904000225,SAEF,17,1,"1,000",11.00,"11,000.00"
2020-12-09,2020120904000061,SAEF,46,39,"1,000",10.95,"10,950.00"
2020-12-09,2020120904000060,SAEF,46,39,"2,000",10.95,"21,900.00"
2020-12-09,2020120904000476,SEF,58,39,500,10.13,"5,065.00"
2020-12-09,2020120904000413,SEF,58,8,300,10.13,"3,039.00"
2020-12-09,2020120904000412,SEF,17,8,200,10.29,"2,058.00"
2020-12-09,2020120904000389,SEF,17,34,100,10.29,"1,029.00"
2020-12-09,2020120904000298,SEF,17,41,500,10.29,"5,145.00"
2020-12-09,2020120904000274,SEF,17,49,200,10.29,"2,058.00"
2020-12-09,2020120904000169,SEF,13,42,"1,000",10.35,"10,350.00"
2020-12-09,2020120904000161,SEF,13,1,"1,500",10.30,"15,450.00"
2020-12-09,2020120904000199,SEF,13,29,"9,600",10.49,"100,704.00"
2020-12-09,2020120904000197,SEF,13,38,400,10.49,"4,196.00"
2020-12-09,2020120904000190,SEF,13,19,"10,000",10.49,"104,900.00"
2020-12-09,2020120904000189,SEF,13,50,"3,000",10.49,"31,470.00"
2020-12-09,2020120904000183,SEF,13,35,500,10.48,"5,240.00"
2020-12-09,2020120904000181,SEF,13,6,"10,000",10.48,"104,800.00"
2020-12-09,2020120904000291,SFMF,38,42,"1,000",9.79,"9,790.00"
2020-12-09,2020120904000157,SFMF,38,45,"1,000",9.98,"9,980.00"
2020-12-09,2020120904000531,SGI,49,32,10,603.00,"6,030.00"
2020-12-09,2020120904000530,SGI,49,14,10,602.00,"6,020.00"
2020-12-09,2020120904000529,SGI,49,37,10,601.00,"6,010.00"
2020-12-09,2020120904000528,SGI,49,39,10,601.00,"6,010.00"
2020-12-09,2020120904000527,SGI,56,41,10,597.00,"5,970.00"
2020-12-09,2020120904000524,SGI,56,52,10,597.00,"5,970.00"
2020-12-09,2020120904000041,SGI,49,49,10,600.00,"6,000.00"
2020-12-09,2020120904000040,SGI,49,45,10,600.00,"6,000.00"
2020-12-09,2020120904000039,SGI,49,45,10,600.00,"6,000.00"
2020-12-09,2020120904000038,SGI,49,36,10,600.00,"6,000.00"
2020-12-09,2020120904000037,SGI,32,32,10,595.00,"5,950.00"
2020-12-09,2020120904000035,SGI,6,28,10,593.00,"5,930.00"
2020-12-09,2020120904000048,SGI,49,28,10,600.00,"6,000.00"
2020-12-09,2020120904000047,SGI,49,42,10,600.00,"6,000.00"
2020-12-09,2020120904000045,SGI,49,6,10,600.00,"6,000.00"
2020-12-09,2020120904000044,SGI,49,48,10,600.00,"6,000.00"
2020-12-09,2020120904000043,SGI,49,47,10,600.00,"6,000.00"
2020-12-09,2020120904000042,SGI,49,38,200,600.00,"120,000.00"
2020-12-09,2020120904000064,SGI,39,21,10,596.00,"5,960.00"
2020-12-09,2020120904000063,SGI,39,33,10,596.00,"5,960.00"
2020-12-09,2020120904000058,SGI,52,54,10,595.00,"5,950.00"
2020-12-09,2020120904000052,SGI,36,54,10,594.00,"5,940.00"
2020-12-09,2020120904000051,SGI,49,45,10,600.00,"6,000.00"
2020-12-09,2020120904000050,SGI,49,52,10,600.00,"6,000.00"
2020-12-09,2020120904000073,SGI,45,54,10,596.00,"5,960.00"
2020-12-09,2020120904000071,SGI,45,54,10,596.00,"5,960.00"
2020-12-09,2020120904000069,SGI,45,21,10,596.00,"5,960.00"
2020-12-09,2020120904000067,SGI,39,58,10,596.00,"5,960.00"
2020-12-09,2020120904000066,SGI,39,52,10,596.00,"5,960.00"
2020-12-09,2020120904000065,SGI,39,57,10,596.00,"5,960.00"
2020-12-09,2020120904000088,SGI,41,28,10,600.00,"6,000.00"
2020-12-09,2020120904000086,SGI,57,22,10,597.00,"5,970.00"
2020-12-09,2020120904000085,SGI,57,58,10,597.00,"5,970.00"
2020-12-09,2020120904000078,SGI,57,46,10,597.00,"5,970.00"
2020-12-09,2020120904000077,SGI,57,57,10,597.00,"5,970.00"
2020-12-09,2020120904000076,SGI,57,21,10,597.00,"5,970.00"
2020-12-09,2020120904000095,SGI,41,28,10,600.00,"6,000.00"
2020-12-09,2020120904000093,SGI,41,54,10,600.00,"6,000.00"
2020-12-09,2020120904000092,SGI,41,54,10,600.00,"6,000.00"
2020-12-09,2020120904000091,SGI,41,3,10,600.00,"6,000.00"
2020-12-09,2020120904000090,SGI,41,14,10,600.00,"6,000.00"
2020-12-09,2020120904000089,SGI,41,34,10,600.00,"6,000.00"
2020-12-09,2020120904000105,SGI,41,47,10,600.00,"6,000.00"
2020-12-09,2020120904000104,SGI,41,45,10,600.00,"6,000.00"
2020-12-09,2020120904000102,SGI,41,54,10,600.00,"6,000.00"
2020-12-09,2020120904000101,SGI,41,57,10,600.00,"6,000.00"
2020-12-09,2020120904000100,SGI,41,47,10,600.00,"6,000.00"
2020-12-09,2020120904000097,SGI,41,50,20,601.00,"12,020.00"
2020-12-09,2020120904000114,SGI,41,56,10,600.00,"6,000.00"
2020-12-09,2020120904000112,SGI,38,50,80,601.00,"48,080.00"
2020-12-09,2020120904000109,SGI,41,47,10,600.00,"6,000.00"
2020-12-09,2020120904000108,SGI,41,22,10,600.00,"6,000.00"
2020-12-09,2020120904000107,SGI,41,41,10,600.00,"6,000.00"
2020-12-09,2020120904000106,SGI,41,57,10,600.00,"6,000.00"
2020-12-09,2020120904000125,SGI,39,57,10,600.00,"6,000.00"
2020-12-09,2020120904000123,SGI,39,56,10,600.00,"6,000.00"
2020-12-09,2020120904000121,SGI,39,38,10,600.00,"6,000.00"
2020-12-09,2020120904000120,SGI,41,56,10,600.00,"6,000.00"
2020-12-09,2020120904000119,SGI,41,56,10,600.00,"6,000.00"
2020-12-09,2020120904000116,SGI,41,56,10,600.00,"6,000.00"
2020-12-09,2020120904000133,SGI,49,13,10,601.00,"6,010.00"
2020-12-09,2020120904000132,SGI,49,56,10,601.00,"6,010.00"
2020-12-09,2020120904000131,SGI,49,58,10,601.00,"6,010.00"
2020-12-09,2020120904000130,SGI,49,58,10,601.00,"6,010.00"
2020-12-09,2020120904000129,SGI,39,58,10,600.00,"6,000.00"
2020-12-09,2020120904000126,SGI,39,56,10,600.00,"6,000.00"
2020-12-09,2020120904000154,SGI,49,57,10,602.00,"6,020.00"
2020-12-09,2020120904000153,SGI,49,46,10,600.00,"6,000.00"
2020-12-09,2020120904000152,SGI,49,58,10,600.00,"6,000.00"
2020-12-09,2020120904000151,SGI,49,56,10,600.00,"6,000.00"
2020-12-09,2020120904000148,SGI,49,56,10,601.00,"6,010.00"
2020-12-09,2020120904000147,SGI,49,58,10,601.00,"6,010.00"
2020-12-09,2020120904000166,SGI,16,42,10,600.00,"6,000.00"
2020-12-09,2020120904000165,SGI,16,46,10,600.00,"6,000.00"
2020-12-09,2020120904000163,SGI,32,50,10,600.00,"6,000.00"
2020-12-09,2020120904000158,SGI,32,46,10,600.00,"6,000.00"
2020-12-09,2020120904000156,SGI,6,41,10,600.00,"6,000.00"
2020-12-09,2020120904000155,SGI,6,46,10,600.00,"6,000.00"
2020-12-09,2020120904000175,SGI,16,57,10,600.00,"6,000.00"
2020-12-09,2020120904000174,SGI,35,42,10,602.00,"6,020.00"
2020-12-09,2020120904000172,SGI,35,58,10,601.00,"6,010.00"
2020-12-09,2020120904000171,SGI,35,58,10,601.00,"6,010.00"
2020-12-09,2020120904000168,SGI,16,52,10,600.00,"6,000.00"
2020-12-09,2020120904000167,SGI,16,54,10,600.00,"6,000.00"
2020-12-09,2020120904000191,SGI,7,57,10,597.00,"5,970.00"
2020-12-09,2020120904000188,SGI,16,54,10,600.00,"6,000.00"
2020-12-09,2020120904000184,SGI,16,47,10,600.00,"6,000.00"
2020-12-09,2020120904000182,SGI,16,6,10,600.00,"6,000.00"
2020-12-09,2020120904000179,SGI,16,57,10,600.00,"6,000.00"
2020-12-09,2020120904000177,SGI,16,41,10,600.00,"6,000.00"
2020-12-09,2020120904000210,SGI,7,55,10,597.00,"5,970.00"
2020-12-09,2020120904000209,SGI,7,58,10,597.00,"5,970.00"
2020-12-09,2020120904000207,SGI,7,34,10,597.00,"5,970.00"
2020-12-09,2020120904000205,SGI,7,19,10,597.00,"5,970.00"
2020-12-09,2020120904000202,SGI,7,45,10,597.00,"5,970.00"
2020-12-09,2020120904000192,SGI,7,48,10,597.00,"5,970.00"
2020-12-09,2020120904000239,SGI,42,6,10,597.00,"5,970.00"
2020-12-09,2020120904000223,SGI,42,51,10,597.00,"5,970.00"
2020-12-09,2020120904000220,SGI,42,59,10,597.00,"5,970.00"
2020-12-09,2020120904000219,SGI,7,38,10,597.00,"5,970.00"
2020-12-09,2020120904000215,SGI,7,57,10,597.00,"5,970.00"
2020-12-09,2020120904000211,SGI,7,52,10,597.00,"5,970.00"
2020-12-09,2020120904000254,SGI,52,43,10,598.00,"5,980.00"
2020-12-09,2020120904000253,SGI,42,52,10,597.00,"5,970.00"
2020-12-09,2020120904000248,SGI,52,6,10,599.00,"5,990.00"
2020-12-09,2020120904000247,SGI,52,10,10,599.00,"5,990.00"
2020-12-09,2020120904000245,SGI,25,29,10,598.00,"5,980.00"
2020-12-09,2020120904000240,SGI,42,16,10,597.00,"5,970.00"
2020-12-09,2020120904000272,SGI,52,43,10,598.00,"5,980.00"
2020-12-09,2020120904000267,SGI,52,26,10,598.00,"5,980.00"
2020-12-09,2020120904000264,SGI,52,58,10,598.00,"5,980.00"
2020-12-09,2020120904000263,SGI,52,38,10,598.00,"5,980.00"
2020-12-09,2020120904000261,SGI,52,39,10,598.00,"5,980.00"
2020-12-09,2020120904000255,SGI,52,16,10,598.00,"5,980.00"
2020-12-09,2020120904000284,SGI,42,47,10,597.00,"5,970.00"
2020-12-09,2020120904000283,SGI,42,49,10,597.00,"5,970.00"
2020-12-09,2020120904000280,SGI,42,32,10,597.00,"5,970.00"
2020-12-09,2020120904000277,SGI,52,16,10,598.00,"5,980.00"
2020-12-09,2020120904000275,SGI,52,34,10,598.00,"5,980.00"
2020-12-09,2020120904000273,SGI,52,56,10,598.00,"5,980.00"
2020-12-09,2020120904000305,SGI,52,38,10,599.00,"5,990.00"
2020-12-09,2020120904000301,SGI,56,7,10,597.00,"5,970.00"
2020-12-09,2020120904000299,SGI,52,58,10,599.00,"5,990.00"
2020-12-09,2020120904000297,SGI,6,46,10,598.00,"5,980.00"
2020-12-09,2020120904000290,SGI,56,34,10,597.00,"5,970.00"
2020-12-09,2020120904000287,SGI,56,48,10,597.00,"5,970.00"
2020-12-09,2020120904000314,SGI,28,17,10,600.00,"6,000.00"
2020-12-09,2020120904000313,SGI,28,57,10,600.00,"6,000.00"
2020-12-09,2020120904000312,SGI,28,58,10,600.00,"6,000.00"
2020-12-09,2020120904000311,SGI,28,57,10,600.00,"6,000.00"
2020-12-09,2020120904000308,SGI,52,38,10,599.00,"5,990.00"
2020-12-09,2020120904000306,SGI,52,29,10,599.00,"5,990.00"
2020-12-09,2020120904000325,SGI,52,44,10,599.00,"5,990.00"
2020-12-09,2020120904000321,SGI,52,38,10,599.00,"5,990.00"
2020-12-09,2020120904000319,SGI,52,35,10,599.00,"5,990.00"
2020-12-09,2020120904000317,SGI,28,57,10,600.00,"6,000.00"
2020-12-09,2020120904000316,SGI,28,57,10,600.00,"6,000.00"
2020-12-09,2020120904000315,SGI,28,57,10,600.00,"6,000.00"
2020-12-09,2020120904000342,SGI,28,38,10,600.00,"6,000.00"
2020-12-09,2020120904000341,SGI,38,38,10,599.00,"5,990.00"
2020-12-09,2020120904000336,SGI,52,45,10,599.00,"5,990.00"
2020-12-09,2020120904000335,SGI,52,7,10,599.00,"5,990.00"
2020-12-09,2020120904000333,SGI,52,38,10,599.00,"5,990.00"
2020-12-09,2020120904000330,SGI,52,38,10,599.00,"5,990.00"
2020-12-09,2020120904000355,SGI,57,4,10,601.00,"6,010.00"
2020-12-09,2020120904000352,SGI,38,29,10,599.00,"5,990.00"
2020-12-09,2020120904000346,SGI,38,11,10,599.00,"5,990.00"
2020-12-09,2020120904000345,SGI,38,52,10,599.00,"5,990.00"
2020-12-09,2020120904000344,SGI,28,39,10,600.00,"6,000.00"
2020-12-09,2020120904000343,SGI,28,32,10,600.00,"6,000.00"
2020-12-09,2020120904000376,SGI,13,38,10,599.00,"5,990.00"
2020-12-09,2020120904000375,SGI,38,20,10,599.00,"5,990.00"
2020-12-09,2020120904000369,SGI,57,38,10,601.00,"6,010.00"
2020-12-09,2020120904000359,SGI,57,38,10,601.00,"6,010.00"
2020-12-09,2020120904000357,SGI,57,34,10,601.00,"6,010.00"
2020-12-09,2020120904000356,SGI,57,42,10,601.00,"6,010.00"
2020-12-09,2020120904000395,SGI,45,51,10,598.00,"5,980.00"
2020-12-09,2020120904000394,SGI,45,42,10,598.00,"5,980.00"
2020-12-09,2020120904000391,SGI,28,45,10,599.00,"5,990.00"
2020-12-09,2020120904000388,SGI,45,42,10,598.00,"5,980.00"
2020-12-09,2020120904000384,SGI,45,36,10,598.00,"5,980.00"
2020-12-09,2020120904000378,SGI,45,57,10,598.00,"5,980.00"
2020-12-09,2020120904000411,SGI,45,45,10,598.00,"5,980.00"
2020-12-09,2020120904000405,SGI,49,46,10,600.00,"6,000.00"
2020-12-09,2020120904000404,SGI,49,46,10,600.00,"6,000.00"
2020-12-09,2020120904000403,SGI,45,35,10,598.00,"5,980.00"
2020-12-09,2020120904000400,SGI,45,7,10,598.00,"5,980.00"
2020-12-09,2020120904000397,SGI,45,58,10,598.00,"5,980.00"
2020-12-09,2020120904000433,SGI,48,58,10,599.00,"5,990.00"
2020-12-09,2020120904000431,SGI,48,58,10,599.00,"5,990.00"
2020-12-09,2020120904000428,SGI,48,45,10,599.00,"5,990.00"
2020-12-09,2020120904000427,SGI,48,29,10,599.00,"5,990.00"
2020-12-09,2020120904000416,SGI,45,35,10,598.00,"5,980.00"
2020-12-09,2020120904000415,SGI,45,47,10,598.00,"5,980.00"
2020-12-09,2020120904000439,SGI,13,38,10,600.00,"6,000.00"
2020-12-09,2020120904000438,SGI,13,25,10,600.00,"6,000.00"
2020-12-09,2020120904000437,SGI,13,6,10,600.00,"6,000.00"
2020-12-09,2020120904000436,SGI,13,50,10,600.00,"6,000.00"
2020-12-09,2020120904000435,SGI,13,47,10,600.00,"6,000.00"
2020-12-09,2020120904000434,SGI,13,47,10,600.00,"6,000.00"
2020-12-09,2020120904000454,SGI,11,55,10,600.00,"6,000.00"
2020-12-09,2020120904000453,SGI,48,43,10,599.00,"5,990.00"
2020-12-09,2020120904000448,SGI,13,11,10,600.00,"6,000.00"
2020-12-09,2020120904000445,SGI,13,42,10,600.00,"6,000.00"
2020-12-09,2020120904000441,SGI,13,22,10,600.00,"6,000.00"
2020-12-09,2020120904000440,SGI,13,47,10,600.00,"6,000.00"
2020-12-09,2020120904000468,SGI,45,49,10,598.00,"5,980.00"
2020-12-09,2020120904000466,SGI,28,21,10,599.00,"5,990.00"
2020-12-09,2020120904000464,SGI,45,55,10,598.00,"5,980.00"
2020-12-09,2020120904000462,SGI,45,47,20,598.00,"11,960.00"
2020-12-09,2020120904000456,SGI,45,1,10,598.00,"5,980.00"
2020-12-09,2020120904000455,SGI,45,29,10,598.00,"5,980.00"
2020-12-09,2020120904000497,SGI,51,11,10,598.00,"5,980.00"
2020-12-09,2020120904000482,SGI,51,40,10,598.00,"5,980.00"
2020-12-09,2020120904000477,SGI,51,52,10,598.00,"5,980.00"
2020-12-09,2020120904000474,SGI,45,40,10,598.00,"5,980.00"
2020-12-09,2020120904000472,SGI,45,34,10,598.00,"5,980.00"
2020-12-09,2020120904000471,SGI,45,57,10,598.00,"5,980.00"
2020-12-09,2020120904000511,SGI,49,35,10,600.00,"6,000.00"
2020-12-09,2020120904000510,SGI,49,35,10,600.00,"6,000.00"
2020-12-09,2020120904000509,SGI,49,39,10,600.00,"6,000.00"
2020-12-09,2020120904000507,SGI,11,21,10,600.00,"6,000.00"
2020-12-09,2020120904000501,SGI,51,26,10,598.00,"5,980.00"
2020-12-09,2020120904000500,SGI,51,39,10,598.00,"5,980.00"
2020-12-09,2020120904000522,SGI,49,57,10,601.00,"6,010.00"
2020-12-09,2020120904000521,SGI,49,7,10,601.00,"6,010.00"
2020-12-09,2020120904000520,SGI,49,42,10,601.00,"6,010.00"
2020-12-09,2020120904000519,SGI,49,55,10,601.00,"6,010.00"
2020-12-09,2020120904000518,SGI,49,41,10,600.00,"6,000.00"
2020-12-09,2020120904000517,SGI,56,56,10,597.00,"5,970.00"
2020-12-09,2020120904000424,STC,33,36,140,"5,340.00","747,600.00"
2020-12-09,2020120904000423,STC,33,45,20,"5,300.00","106,000.00"
2020-12-09,2020120904000422,STC,33,45,40,"5,300.00","212,000.00"
2020-12-09,2020120904000421,STC,33,10,10,"5,300.00","53,000.00"
2020-12-09,2020120904000054,STC,10,25,10,"5,292.00","52,920.00"
2020-12-09,2020120903015796,ALBSL,55,44,61,884.00,"53,924.00"
2020-12-09,2020120903015795,ALBSL,55,52,89,883.00,"78,587.00"
2020-12-09,2020120903015506,ALBSL,45,52,11,884.00,"9,724.00"
2020-12-09,2020120903015670,ALICL,25,57,35,853.00,"29,855.00"
2020-12-09,2020120903015439,ALICL,28,29,191,851.00,"162,541.00"
2020-12-09,2020120903015438,ALICL,28,29,240,851.00,"204,240.00"
2020-12-09,2020120903015437,ALICL,32,29,20,853.00,"17,060.00"
2020-12-09,2020120903015436,ALICL,44,29,149,853.00,"127,097.00"
2020-12-09,2020120903015802,BFC,47,35,20,132.00,"2,640.00"
2020-12-09,2020120903015502,BFC,34,14,42,130.00,"5,460.00"
2020-12-09,2020120903015501,BFC,42,14,29,130.00,"3,770.00"
2020-12-09,2020120903015500,BFC,55,14,419,130.00,"54,470.00"
2020-12-09,2020120903015885,CBBL,53,39,59,"1,400.00","82,600.00"
2020-12-09,2020120903015884,CBBL,53,41,20,"1,395.00","27,900.00"
2020-12-09,2020120903015881,CBBL,29,41,100,"1,395.00","139,500.00"
2020-12-09,2020120903015880,CBBL,57,41,50,"1,395.00","69,750.00"
2020-12-09,2020120903015879,CBBL,59,41,180,"1,395.00","251,100.00"
2020-12-09,2020120903015878,CBBL,25,41,50,"1,396.00","69,800.00"
2020-12-09,2020120903015875,CBBL,17,44,41,"1,396.00","57,236.00"
2020-12-09,2020120903015582,CBBL,59,56,20,"1,395.00","27,900.00"
2020-12-09,2020120903015529,CBBL,54,56,30,"1,395.00","41,850.00"
2020-12-09,2020120903015492,CBBL,34,35,40,"1,390.00","55,600.00"
2020-12-09,2020120903015810,CIT,25,14,20,"4,748.00","94,960.00"
2020-12-09,2020120903015775,CIT,29,26,15,"4,750.00","71,250.00"
2020-12-09,2020120903015765,CIT,51,55,10,"4,748.00","47,480.00"
2020-12-09,2020120903015750,CIT,42,26,10,"4,750.00","47,500.00"
2020-12-09,2020120903015699,CIT,37,48,81,"4,750.00","384,750.00"
2020-12-09,2020120903015698,CIT,37,59,19,"4,750.00","90,250.00"
2020-12-09,2020120903015442,CIT,58,38,30,"4,762.00","142,860.00"
2020-12-09,2020120903015534,CIT,32,44,10,"4,760.00","47,600.00"
2020-12-09,2020120903015530,CIT,10,44,100,"4,760.00","476,000.00"
2020-12-09,2020120903015517,CIT,34,44,30,"4,760.00","142,800.00"
2020-12-09,2020120903015516,CIT,5,44,25,"4,760.00","119,000.00"
2020-12-09,2020120903015515,CIT,17,44,60,"4,760.00","285,600.00"
2020-12-09,2020120903015445,CIT,17,55,10,"4,760.00","47,600.00"
2020-12-09,2020120903015633,CIT,13,59,100,"4,750.00","475,000.00"
2020-12-09,2020120903015586,CIT,13,59,11,"4,750.00","52,250.00"
2020-12-09,2020120903015585,CIT,49,59,50,"4,750.00","237,500.00"
2020-12-09,2020120903015584,CIT,26,59,20,"4,752.00","95,040.00"
2020-12-09,2020120903015583,CIT,11,59,100,"4,752.00","475,200.00"
2020-12-09,2020120903015569,CIT,35,47,10,"4,755.00","47,550.00"
2020-12-09,2020120903015877,CLBSL,34,49,10,728.00,"7,280.00"
2020-12-09,2020120903015433,CLBSL,41,21,12,720.00,"8,640.00"
2020-12-09,2020120903015829,CORBL,57,57,140,207.00,"28,980.00"
2020-12-09,2020120903015694,CORBL,49,57,50,208.00,"10,400.00"
2020-12-09,2020120903015857,DDBL,59,50,10,"1,340.00","13,400.00"
2020-12-09,2020120903015811,DDBL,37,38,100,"1,336.00","133,600.00"
2020-12-09,2020120903015663,DDBL,42,38,100,"1,336.00","133,600.00"
2020-12-09,2020120903015466,DDBL,32,44,80,"1,335.00","106,800.00"
2020-12-09,2020120903015514,FMDBL,49,26,100,585.00,"58,500.00"
2020-12-09,2020120903015513,FMDBL,49,42,20,585.00,"11,700.00"
2020-12-09,2020120903015487,FMDBL,42,7,20,580.00,"11,600.00"
2020-12-09,2020120903015653,FOWAD,21,39,18,"1,955.00","35,190.00"
2020-12-09,2020120903015652,FOWAD,21,32,12,"1,950.00","23,400.00"
2020-12-09,2020120903015568,GBBL,34,51,100,270.00,"27,000.00"
2020-12-09,2020120903015567,GBBL,34,50,200,270.00,"54,000.00"
2020-12-09,2020120903015566,GBBL,34,57,500,270.00,"135,000.00"
2020-12-09,2020120903015565,GBBL,34,53,250,270.00,"67,500.00"
2020-12-09,2020120903015549,GBBL,34,45,100,269.00,"26,900.00"
2020-12-09,2020120903015764,GBLBS,45,39,10,595.00,"5,950.00"
2020-12-09,2020120903015671,GBLBS,34,49,10,598.00,"5,980.00"
2020-12-09,2020120903015580,GBLBS,45,45,20,595.00,"11,900.00"
2020-12-09,2020120904000030,GIC,32,32,10,576.00,"5,760.00"
2020-12-09,2020120904000028,GIC,42,38,10,575.00,"5,750.00"
2020-12-09,2020120904000027,GIC,42,32,10,575.00,"5,750.00"
2020-12-09,2020120904000026,GIC,42,28,10,575.00,"5,750.00"
2020-12-09,2020120904000025,GIC,57,21,10,579.00,"5,790.00"
2020-12-09,2020120904000020,GIC,57,26,10,579.00,"5,790.00"
2020-12-09,2020120904000005,GIC,58,17,10,590.00,"5,900.00"
2020-12-09,2020120904000004,GIC,58,38,10,590.00,"5,900.00"
2020-12-09,2020120904000003,GIC,58,17,10,590.00,"5,900.00"
2020-12-09,2020120904000002,GIC,58,17,10,590.00,"5,900.00"
2020-12-09,2020120904000001,GIC,58,59,10,590.00,"5,900.00"
2020-12-09,2020120904000019,GIC,58,59,10,590.00,"5,900.00"
2020-12-09,2020120904000018,GIC,58,38,10,590.00,"5,900.00"
2020-12-09,2020120904000013,GIC,58,35,10,590.00,"5,900.00"
2020-12-09,2020120904000009,GIC,58,19,10,590.00,"5,900.00"
2020-12-09,2020120904000007,GIC,58,38,10,590.00,"5,900.00"
2020-12-09,2020120904000006,GIC,58,38,100,590.00,"59,000.00"
2020-12-09,2020120903015794,GILB,21,6,30,"1,461.00","43,830.00"
2020-12-09,2020120903015793,GILB,21,7,70,"1,461.00","102,270.00"
2020-12-09,2020120903015792,GLICL,51,59,100,615.00,"61,500.00"
2020-12-09,2020120903015610,GLICL,4,59,283,615.00,"174,045.00"
2020-12-09,2020120903015609,GLICL,4,53,500,614.00,"307,000.00"
2020-12-09,2020120903015485,GLICL,6,45,100,611.00,"61,100.00"
2020-12-09,2020120903015431,GLICL,52,5,12,619.00,"7,428.00"
2020-12-09,2020120903015430,GLICL,52,22,57,618.00,"35,226.00"
2020-12-09,2020120903015423,GLICL,52,20,200,615.00,"123,000.00"
2020-12-09,2020120903015422,GLICL,52,58,40,614.00,"24,560.00"
2020-12-09,2020120903015421,GLICL,52,10,700,614.00,"429,800.00"
2020-12-09,2020120903015429,GLICL,52,38,78,617.00,"48,126.00"
2020-12-09,2020120903015428,GLICL,52,35,100,616.00,"61,600.00"
2020-12-09,2020120903015427,GLICL,52,25,43,616.00,"26,488.00"
2020-12-09,2020120903015426,GLICL,52,57,670,615.00,"412,050.00"
2020-12-09,2020120903015425,GLICL,52,37,700,615.00,"430,500.00"
2020-12-09,2020120903015424,GLICL,52,59,300,615.00,"184,500.00"
2020-12-09,2020120903015834,GMFBS,14,51,10,847.00,"8,470.00"
2020-12-09,2020120903015665,GMFBS,14,21,10,847.00,"8,470.00"
2020-12-09,2020120903015477,GUFL,25,38,36,188.00,"6,768.00"
2020-12-09,2020120903015476,GUFL,33,38,40,189.00,"7,560.00"
2020-12-09,2020120903015475,GUFL,41,38,69,189.00,"13,041.00"
2020-12-09,2020120903015847,HIDCL,37,28,55,285.00,"15,675.00"
2020-12-09,2020120903015830,HIDCL,52,28,100,285.00,"28,500.00"
2020-12-09,2020120903015776,HIDCL,11,28,300,285.00,"85,500.00"
2020-12-09,2020120903015767,HIDCL,7,33,40,284.00,"11,360.00"
2020-12-09,2020120903015766,HIDCL,47,33,10,284.00,"2,840.00"
2020-12-09,2020120903015710,HIDCL,8,28,500,285.00,"142,500.00"
2020-12-09,2020120903015546,HIDCL,46,28,40,285.00,"11,400.00"
2020-12-09,2020120903015524,HIDCL,34,47,95,284.00,"26,980.00"
2020-12-09,2020120903015478,HIDCL,8,28,200,285.00,"57,000.00"
2020-12-09,2020120903015690,HIDCL,47,25,190,284.00,"53,960.00"
2020-12-09,2020120903015689,HIDCL,47,25,300,284.00,"85,200.00"
2020-12-09,2020120903015688,HIDCL,34,25,10,284.00,"2,840.00"
2020-12-09,2020120903015672,HIDCL,49,28,50,285.00,"14,250.00"
2020-12-09,2020120903015656,HIDCL,34,40,95,284.00,"26,980.00"
2020-12-09,2020120903015563,HIDCL,41,28,20,285.00,"5,700.00"
2020-12-09,2020120903015703,ILBS,38,34,11,965.00,"10,615.00"
2020-12-09,2020120903015882,JBBL,59,34,200,226.00,"45,200.00"
2020-12-09,2020120903015874,JBBL,58,37,208,229.00,"47,632.00"
2020-12-09,2020120903015873,JBBL,58,22,50,229.00,"11,450.00"
2020-12-09,2020120903015872,JBBL,58,35,25,229.00,"5,725.00"
2020-12-09,2020120903015871,JBBL,58,55,68,229.00,"15,572.00"
2020-12-09,2020120903015870,JBBL,58,56,200,228.00,"45,600.00"
2020-12-09,2020120903015612,JBBL,58,42,650,225.00,"146,250.00"
2020-12-09,2020120903015605,JBBL,14,5,90,226.00,"20,340.00"
2020-12-09,2020120903015535,JBBL,58,50,500,225.00,"112,500.00"
2020-12-09,2020120903015474,JBBL,58,42,100,225.00,"22,500.00"
2020-12-09,2020120903015644,JBBL,58,42,"1,163",226.00,"262,838.00"
2020-12-09,2020120903015643,JBBL,58,47,25,226.00,"5,650.00"
2020-12-09,2020120903015642,JBBL,58,38,"1,240",226.00,"280,240.00"
2020-12-09,2020120903015641,JBBL,58,5,10,226.00,"2,260.00"
2020-12-09,2020120903015640,JBBL,58,42,318,225.00,"71,550.00"
2020-12-09,2020120903015613,JBBL,25,42,32,225.00,"7,200.00"
2020-12-09,2020120903015706,JBBL,59,42,248,227.00,"56,296.00"
2020-12-09,2020120903015705,JBBL,59,14,500,227.00,"113,500.00"
2020-12-09,2020120903015704,JBBL,59,52,126,227.00,"28,602.00"
2020-12-09,2020120903015654,JBBL,59,34,300,226.00,"67,800.00"
2020-12-09,2020120903015646,JBBL,58,52,779,227.00,"176,833.00"
2020-12-09,2020120903015645,JBBL,58,37,"1,465",226.00,"331,090.00"
2020-12-09,2020120903015869,JBBL,58,11,469,228.00,"106,932.00"
2020-12-09,2020120903015868,JBBL,58,57,500,228.00,"114,000.00"
2020-12-09,2020120903015867,JBBL,58,5,10,228.00,"2,280.00"
2020-12-09,2020120903015866,JBBL,58,18,970,228.00,"221,160.00"
2020-12-09,2020120903015708,JBBL,59,3,200,227.00,"45,400.00"
2020-12-09,2020120903015707,JBBL,59,42,300,227.00,"68,100.00"
2020-12-09,2020120903015840,JFL,22,58,"1,000",246.00,"246,000.00"
2020-12-09,2020120903015441,JFL,17,13,525,246.00,"129,150.00"
2020-12-09,2020120903015440,JFL,17,22,600,246.00,"147,600.00"
2020-12-09,2020120903015769,KSBBL,43,32,"1,273",229.00,"291,517.00"
2020-12-09,2020120903015709,KSBBL,43,50,500,229.00,"114,500.00"
2020-12-09,2020120903015554,KSBBL,10,48,142,230.00,"32,660.00"
