Date,Transact. No.,Symbol,Buyer,Seller,Quantity,Rate,Amount
2020-07-20,2020072001033387,ADBL,39,45,100,442.00,"44,200.00"
2020-07-20,2020072001033348,ADBL,39,45,140,442.00,"61,880.00"
2020-07-20,2020072001033322,ADBL,29,45,10,442.00,"4,420.00"
2020-07-20,2020072001033199,ADBL,45,56,100,441.00,"44,100.00"
2020-07-20,2020072001033159,ADBL,14,26,12,440.00,"5,280.00"
2020-07-20,2020072001033070,ADBL,14,42,150,440.00,"66,000.00"
2020-07-20,2020072001033052,ADBL,45,56,100,441.00,"44,100.00"
2020-07-20,2020072001033051,ADBL,45,26,56,441.00,"24,696.00"
2020-07-20,2020072001032963,ADBL,14,57,300,440.00,"132,000.00"
2020-07-20,2020072001032958,AKJCL,50,51,20,48.02,960.40
2020-07-20,2020072001033400,ALICL,34,50,17,640.00,"10,880.00"
2020-07-20,2020072001033399,ALICL,34,38,10,639.00,"6,390.00"
2020-07-20,2020072001033398,ALICL,34,22,173,635.00,"109,855.00"
2020-07-20,2020072001033393,ALICL,34,22,10,635.00,"6,350.00"
2020-07-20,2020072001033219,ALICL,49,58,300,628.00,"188,400.00"
2020-07-20,2020072001033218,ALICL,35,58,100,630.00,"63,000.00"
2020-07-20,2020072001033217,ALICL,5,58,100,630.00,"63,000.00"
2020-07-20,2020072001033011,ALICL,14,22,87,635.00,"55,245.00"
2020-07-20,2020072001033283,API,56,37,10,112.00,"1,120.00"
2020-07-20,2020072001033255,API,37,19,800,111.00,"88,800.00"
2020-07-20,2020072001033254,API,46,19,200,111.00,"22,200.00"
2020-07-20,2020072001033040,API,39,37,10,112.00,"1,120.00"
2020-07-20,2020072001033333,BOKL,5,32,200,243.00,"48,600.00"
2020-07-20,2020072001033133,BOKL,8,22,100,245.00,"24,500.00"
2020-07-20,2020072001032951,BOKL,5,50,64,243.00,"15,552.00"
2020-07-20,2020072001032950,BOKL,41,50,594,243.00,"144,342.00"
2020-07-20,2020072001032949,BOKL,22,50,26,245.00,"6,370.00"
2020-07-20,2020072001033347,BPCL,47,33,10,374.00,"3,740.00"
2020-07-20,2020072001033307,BPCL,49,8,24,370.00,"8,880.00"
2020-07-20,2020072001032961,BPCL,49,8,24,370.00,"8,880.00"
2020-07-20,2020072001033401,CBBL,34,53,10,"1,080.00","10,800.00"
2020-07-20,2020072001033247,CBBL,54,21,313,"1,066.00","333,658.00"
2020-07-20,2020072001033246,CBBL,16,21,200,"1,066.00","213,200.00"
2020-07-20,2020072001033245,CBBL,58,21,50,"1,068.00","53,400.00"
2020-07-20,2020072001033244,CBBL,53,21,100,"1,069.00","106,900.00"
2020-07-20,2020072001033243,CBBL,51,21,37,"1,069.00","39,553.00"
2020-07-20,2020072001033242,CBBL,34,21,50,"1,075.00","53,750.00"
2020-07-20,2020072001033099,CBBL,34,53,10,"1,080.00","10,800.00"
2020-07-20,2020072001033138,CBL,43,45,14,153.00,"2,142.00"
2020-07-20,2020072001033137,CBL,43,35,"1,100",152.00,"167,200.00"
2020-07-20,2020072001033136,CBL,43,7,511,152.00,"77,672.00"
2020-07-20,2020072001032994,CBL,43,37,"1,000",151.00,"151,000.00"
2020-07-20,2020072001032993,CBL,43,34,116,151.00,"17,516.00"
2020-07-20,2020072001032992,CBL,43,55,50,151.00,"7,550.00"
2020-07-20,2020072001032985,CBL,43,6,102,149.00,"15,198.00"
2020-07-20,2020072001032991,CBL,43,6,185,150.00,"27,750.00"
2020-07-20,2020072001032990,CBL,43,56,320,150.00,"48,000.00"
2020-07-20,2020072001032989,CBL,43,49,700,150.00,"105,000.00"
2020-07-20,2020072001032988,CBL,43,20,200,150.00,"30,000.00"
2020-07-20,2020072001032987,CBL,43,51,100,150.00,"15,000.00"
2020-07-20,2020072001032986,CBL,43,52,650,149.00,"96,850.00"
2020-07-20,2020072001033433,CCBL,48,34,100,183.00,"18,300.00"
2020-07-20,2020072001033321,CCBL,48,48,90,183.00,"16,470.00"
2020-07-20,2020072001033311,CCBL,17,59,58,184.00,"10,672.00"
2020-07-20,2020072001033260,CCBL,58,59,150,184.00,"27,600.00"
2020-07-20,2020072001033114,CCBL,49,59,50,184.00,"9,200.00"
2020-07-20,2020072001033066,CCBL,48,6,33,183.00,"6,039.00"
2020-07-20,2020072001033065,CCBL,42,6,50,183.00,"9,150.00"
2020-07-20,2020072001033064,CCBL,16,6,100,183.00,"18,300.00"
2020-07-20,2020072001033063,CCBL,51,6,317,183.00,"58,011.00"
2020-07-20,2020072001033157,CHCL,1,54,100,416.00,"41,600.00"
2020-07-20,2020072001033305,CZBIL,57,53,101,208.00,"21,008.00"
2020-07-20,2020072001033192,CZBIL,57,37,"2,000",208.00,"416,000.00"
2020-07-20,2020072001033190,CZBIL,29,44,980,209.00,"204,820.00"
2020-07-20,2020072001033189,CZBIL,29,45,20,209.00,"4,180.00"
2020-07-20,2020072001032968,CZBIL,57,50,459,208.00,"95,472.00"
2020-07-20,2020072001033169,DDBL,49,53,20,860.00,"17,200.00"
2020-07-20,2020072001032957,DDBL,49,58,104,860.00,"89,440.00"
2020-07-20,2020072001032952,DDBL,39,58,50,860.00,"43,000.00"
2020-07-20,2020072001033408,EIC,35,13,322,425.00,"136,850.00"
2020-07-20,2020072001033407,EIC,35,32,28,425.00,"11,900.00"
2020-07-20,2020072001033277,EIC,28,21,200,422.00,"84,400.00"
2020-07-20,2020072001033293,FMDBL,29,53,64,570.00,"36,480.00"
2020-07-20,2020072001033292,FMDBL,29,7,196,570.00,"111,720.00"
2020-07-20,2020072001033291,FMDBL,29,36,500,570.00,"285,000.00"
2020-07-20,2020072001033290,FMDBL,29,52,40,570.00,"22,800.00"
2020-07-20,2020072001033289,FMDBL,29,25,200,570.00,"114,000.00"
2020-07-20,2020072001033187,FMDBL,57,52,10,570.00,"5,700.00"
2020-07-20,2020072001033186,FMDBL,57,46,50,569.00,"28,450.00"
2020-07-20,2020072001033258,FOWAD,34,26,20,"1,570.00","31,400.00"
2020-07-20,2020072001033257,FOWAD,1,26,30,"1,570.00","47,100.00"
2020-07-20,2020072001033256,GBIME,14,58,10,272.00,"2,720.00"
2020-07-20,2020072001033207,GBIME,45,43,200,270.00,"54,000.00"
2020-07-20,2020072001033206,GBIME,45,43,"1,000",270.00,"270,000.00"
2020-07-20,2020072001033182,GBIME,53,28,"1,000",271.00,"271,000.00"
2020-07-20,2020072001033428,GBLBS,7,29,10,514.00,"5,140.00"
2020-07-20,2020072001033375,GBLBS,13,29,15,514.00,"7,710.00"
2020-07-20,2020072001033374,GBLBS,13,26,10,514.00,"5,140.00"
2020-07-20,2020072001033174,GBLBS,25,26,10,514.00,"5,140.00"
2020-07-20,2020072001033025,GBLBS,25,26,10,514.00,"5,140.00"
2020-07-20,2020072001033024,GBLBS,39,26,50,514.00,"25,700.00"
2020-07-20,2020072001033023,GBLBS,33,26,50,514.00,"25,700.00"
2020-07-20,2020072001033022,GBLBS,26,26,70,514.00,"35,980.00"
2020-07-20,2020072001033338,GFCL,1,44,500,151.00,"75,500.00"
2020-07-20,2020072001033331,GHL,42,58,20,58.00,"1,160.00"
2020-07-20,2020072001033330,GHL,42,51,30,58.00,"1,740.00"
2020-07-20,2020072001033252,GILB,14,58,60,"1,295.00","77,700.00"
2020-07-20,2020072001033234,GILB,45,58,40,"1,295.00","51,800.00"
2020-07-20,2020072001032977,GLICL,25,22,150,483.00,"72,450.00"
2020-07-20,2020072001032975,GLICL,39,21,390,482.00,"187,980.00"
2020-07-20,2020072001033431,GUFL,32,25,10,127.00,"1,270.00"
2020-07-20,2020072001033259,GUFL,32,51,10,126.00,"1,260.00"
2020-07-20,2020072001033397,HDL,14,11,10,"1,670.00","16,700.00"
2020-07-20,2020072001033276,HDL,14,7,50,"1,665.00","83,250.00"
2020-07-20,2020072001033274,HGI,28,5,575,417.00,"239,775.00"
2020-07-20,2020072001033273,HGI,19,5,200,418.00,"83,600.00"
2020-07-20,2020072001033272,HGI,28,5,25,419.00,"10,475.00"
2020-07-20,2020072001032940,HGI,28,5,975,419.00,"408,525.00"
2020-07-20,2020072001032939,HGI,54,5,100,420.00,"42,000.00"
2020-07-20,2020072001032938,HGI,45,5,100,420.00,"42,000.00"
2020-07-20,2020072001032937,HGI,47,5,25,420.00,"10,500.00"
2020-07-20,2020072001032936,HGI,22,5,300,420.00,"126,000.00"
2020-07-20,2020072001033344,HIDCL,46,38,10,138.00,"1,380.00"
2020-07-20,2020072001033200,HIDCL,44,35,"1,000",136.00,"136,000.00"
2020-07-20,2020072001032972,ILBS,35,56,20,829.00,"16,580.00"
2020-07-20,2020072001033432,JBBL,10,49,49,184.00,"9,016.00"
2020-07-20,2020072001033406,JBBL,10,21,200,184.00,"36,800.00"
2020-07-20,2020072001033296,JBBL,10,49,200,184.00,"36,800.00"
2020-07-20,2020072001033180,JBBL,10,14,51,184.00,"9,384.00"
2020-07-20,2020072001033262,JSLBB,16,56,10,"1,676.00","16,760.00"
2020-07-20,2020072001033238,KBL,22,16,100,204.00,"20,400.00"
2020-07-20,2020072001033237,KBL,22,49,200,204.00,"40,800.00"
2020-07-20,2020072001033236,KBL,22,49,21,204.00,"4,284.00"
2020-07-20,2020072001033225,KBL,57,49,20,204.00,"4,080.00"
2020-07-20,2020072001033196,KBL,47,36,58,203.00,"11,774.00"
2020-07-20,2020072001033195,KBL,34,36,42,203.00,"8,526.00"
2020-07-20,2020072001033096,KBL,34,56,200,203.00,"40,600.00"
2020-07-20,2020072001033358,KMCDB,35,8,10,805.00,"8,050.00"
2020-07-20,2020072001033109,KPCL,25,56,10,108.00,"1,080.00"
2020-07-20,2020072001033108,KPCL,25,48,10,107.00,"1,070.00"
2020-07-20,2020072001033107,KPCL,25,41,10,107.00,"1,070.00"
2020-07-20,2020072001033106,KPCL,25,41,10,107.00,"1,070.00"
2020-07-20,2020072001033105,KPCL,25,52,10,106.00,"1,060.00"
2020-07-20,2020072001033163,KPCL,17,41,10,109.00,"1,090.00"
2020-07-20,2020072001033162,KPCL,17,52,10,109.00,"1,090.00"
2020-07-20,2020072001033161,KPCL,17,19,10,109.00,"1,090.00"
2020-07-20,2020072001033160,KPCL,17,38,10,109.00,"1,090.00"
2020-07-20,2020072001033111,KPCL,25,57,10,109.00,"1,090.00"
2020-07-20,2020072001033110,KPCL,25,1,10,108.00,"1,080.00"
2020-07-20,2020072001033166,KPCL,17,7,10,109.00,"1,090.00"
2020-07-20,2020072001033165,KPCL,17,34,10,109.00,"1,090.00"
2020-07-20,2020072001033164,KPCL,17,33,10,109.00,"1,090.00"
2020-07-20,2020072001033278,LBBL,13,45,50,197.00,"9,850.00"
2020-07-20,2020072001033312,LBL,34,56,10,239.00,"2,390.00"
2020-07-20,2020072001033227,LBL,45,56,20,239.00,"4,780.00"
2020-07-20,2020072001033226,LBL,45,10,80,239.00,"19,120.00"
2020-07-20,2020072001033216,LGIL,8,34,80,473.00,"37,840.00"
2020-07-20,2020072001033215,LGIL,8,59,20,473.00,"9,460.00"
2020-07-20,2020072001033427,LICN,59,14,60,"1,436.00","86,160.00"
2020-07-20,2020072001033426,LICN,59,14,110,"1,437.00","158,070.00"
2020-07-20,2020072001032934,LLBS,10,34,10,"1,140.00","11,400.00"
2020-07-20,2020072001033172,MBL,8,55,11,249.00,"2,739.00"
2020-07-20,2020072001033171,MBL,8,55,89,249.00,"22,161.00"
2020-07-20,2020072001033302,MDB,6,4,100,350.00,"35,000.00"
2020-07-20,2020072001033301,MDB,43,4,200,351.00,"70,200.00"
2020-07-20,2020072001033300,MDB,53,4,200,352.00,"70,400.00"
2020-07-20,2020072001032953,MDB,42,4,50,354.00,"17,700.00"
2020-07-20,2020072001033361,MEGA,14,7,990,244.00,"241,560.00"
2020-07-20,2020072001033360,MEGA,43,7,10,244.00,"2,440.00"
2020-07-20,2020072001033287,MEGA,49,19,16,243.00,"3,888.00"
2020-07-20,2020072001033286,MEGA,36,19,52,243.00,"12,636.00"
2020-07-20,2020072001033285,MEGA,45,19,25,244.00,"6,100.00"
2020-07-20,2020072001033270,MEGA,52,56,20,245.00,"4,900.00"
2020-07-20,2020072001033088,MEGA,57,56,"2,000",245.00,"490,000.00"
2020-07-20,2020072001033392,MERO,47,45,29,660.00,"19,140.00"
2020-07-20,2020072001033391,MERO,47,54,21,660.00,"13,860.00"
2020-07-20,2020072001033310,MFIL,40,55,40,305.00,"12,200.00"
2020-07-20,2020072001033309,MFIL,40,55,300,306.00,"91,800.00"
2020-07-20,2020072001032959,MFIL,11,6,500,307.00,"153,500.00"
2020-07-20,2020072001033405,MNBBL,47,45,"1,000",346.00,"346,000.00"
2020-07-20,2020072001033404,MNBBL,47,35,400,345.00,"138,000.00"
2020-07-20,2020072001033403,MNBBL,47,34,397,345.00,"136,965.00"
2020-07-20,2020072001033402,MNBBL,47,14,95,344.00,"32,680.00"
2020-07-20,2020072001033385,MNBBL,22,29,300,343.00,"102,900.00"
2020-07-20,2020072001033384,MNBBL,42,29,200,343.00,"68,600.00"
2020-07-20,2020072001033062,MNBBL,29,14,250,344.00,"86,000.00"
2020-07-20,2020072001033032,MNBBL,4,14,50,344.00,"17,200.00"
2020-07-20,2020072001032935,MNBBL,25,34,50,345.00,"17,250.00"
2020-07-20,2020072001033423,NABIL,36,43,20,879.00,"17,580.00"
2020-07-20,2020072001033416,NABIL,33,19,58,865.00,"50,170.00"
2020-07-20,2020072001033415,NABIL,20,19,733,866.00,"634,778.00"
2020-07-20,2020072001033414,NABIL,45,19,10,870.00,"8,700.00"
2020-07-20,2020072001033413,NABIL,29,19,40,870.00,"34,800.00"
2020-07-20,2020072001033412,NABIL,35,19,360,870.00,"313,200.00"
2020-07-20,2020072001032965,NABIL,35,17,"1,000",875.00,"875,000.00"
2020-07-20,2020072001033411,NABIL,42,19,100,871.00,"87,100.00"
2020-07-20,2020072001033410,NABIL,35,19,199,872.00,"173,528.00"
2020-07-20,2020072001033143,NABIL,35,45,40,870.00,"34,800.00"
2020-07-20,2020072001033142,NABIL,25,45,10,870.00,"8,700.00"
2020-07-20,2020072001033112,NABIL,25,43,100,879.00,"87,900.00"
2020-07-20,2020072001033053,NABIL,36,43,20,879.00,"17,580.00"
2020-07-20,2020072001033317,NADEP,52,25,100,660.00,"66,000.00"
2020-07-20,2020072001033316,NADEP,42,25,50,662.00,"33,100.00"
2020-07-20,2020072001033315,NADEP,48,25,20,662.00,"13,240.00"
2020-07-20,2020072001033314,NADEP,25,25,50,662.00,"33,100.00"
2020-07-20,2020072001033313,NADEP,42,25,100,665.00,"66,500.00"
2020-07-20,2020072001033425,NBL,33,34,153,276.00,"42,228.00"
2020-07-20,2020072001033424,NBL,33,6,897,275.00,"246,675.00"
2020-07-20,2020072001033389,NBL,21,1,100,274.00,"27,400.00"
2020-07-20,2020072001033334,NBL,13,6,20,275.00,"5,500.00"
2020-07-20,2020072001033308,NBL,43,6,100,275.00,"27,500.00"
2020-07-20,2020072001033152,NBL,52,6,100,275.00,"27,500.00"
2020-07-20,2020072001032962,NBL,33,6,20,275.00,"5,500.00"
2020-07-20,2020072001032960,NBL,43,6,863,275.00,"237,325.00"
2020-07-20,2020072001032944,NBL,49,34,100,276.00,"27,600.00"
2020-07-20,2020072001033139,NCCB,33,49,20,203.00,"4,060.00"
2020-07-20,2020072001033134,NCCB,38,16,500,201.00,"100,500.00"
2020-07-20,2020072001033020,NCCB,38,52,24,201.00,"4,824.00"
2020-07-20,2020072001033019,NCCB,43,52,100,201.00,"20,100.00"
2020-07-20,2020072001033018,NCCB,57,52,542,201.00,"108,942.00"
2020-07-20,2020072001033017,NCCB,25,52,100,202.00,"20,200.00"
2020-07-20,2020072001033016,NCCB,35,52,100,202.00,"20,200.00"
2020-07-20,2020072001033015,NCCB,1,52,100,202.00,"20,200.00"
2020-07-20,2020072001033014,NCCB,49,52,34,202.00,"6,868.00"
2020-07-20,2020072001033409,NIB,14,7,100,478.00,"47,800.00"
2020-07-20,2020072001033346,NIB,14,7,201,478.00,"96,078.00"
2020-07-20,2020072001033303,NIB,55,7,50,478.00,"23,900.00"
2020-07-20,2020072001033265,NIB,14,7,"1,529",478.00,"730,862.00"
2020-07-20,2020072001033264,NIB,14,14,35,478.00,"16,730.00"
2020-07-20,2020072001033263,NIB,14,59,437,478.00,"208,886.00"
2020-07-20,2020072001033224,NIB,10,59,50,478.00,"23,900.00"
2020-07-20,2020072001033132,NIB,46,42,144,476.00,"68,544.00"
2020-07-20,2020072001032948,NIB,17,59,300,478.00,"143,400.00"
2020-07-20,2020072001033095,NIBPO,33,1,150,402.00,"60,300.00"
2020-07-20,2020072001033094,NIBPO,33,10,100,402.00,"40,200.00"
2020-07-20,2020072001033366,NIBSF1,11,21,"10,000",9.99,"99,900.00"
2020-07-20,2020072001033429,NICA,28,50,100,595.00,"59,500.00"
2020-07-20,2020072001033396,NICA,58,50,128,595.00,"76,160.00"
2020-07-20,2020072001033395,NICA,58,17,72,594.00,"42,768.00"
2020-07-20,2020072001033336,NICA,28,17,15,594.00,"8,910.00"
2020-07-20,2020072001033299,NICA,21,49,474,590.00,"279,660.00"
2020-07-20,2020072001033298,NICA,56,49,300,590.00,"177,000.00"
2020-07-20,2020072001032999,NICA,45,13,25,592.00,"14,800.00"
2020-07-20,2020072001032984,NICA,28,13,100,592.00,"59,200.00"
2020-07-20,2020072001032983,NICA,49,13,200,592.00,"118,400.00"
2020-07-20,2020072001033043,NICA,50,13,175,592.00,"103,600.00"
2020-07-20,2020072001033039,NICA,58,55,850,590.00,"501,500.00"
2020-07-20,2020072001033038,NICA,49,55,100,590.00,"59,000.00"
2020-07-20,2020072001033037,NICA,38,55,50,590.00,"29,500.00"
2020-07-20,2020072001033036,NICA,57,55,"1,000",591.00,"591,000.00"
2020-07-20,2020072001033035,NICA,46,55,300,591.00,"177,300.00"
2020-07-20,2020072001033202,NICA,57,28,150,591.00,"88,650.00"
2020-07-20,2020072001033201,NICA,36,49,900,592.00,"532,800.00"
2020-07-20,2020072001033185,NICA,8,49,291,592.00,"172,272.00"
2020-07-20,2020072001033153,NICA,52,49,35,592.00,"20,720.00"
2020-07-20,2020072001033135,NICA,57,58,50,591.00,"29,550.00"
2020-07-20,2020072001033044,NICA,50,17,425,594.00,"252,450.00"
2020-07-20,2020072001033282,NICA,14,7,100,591.00,"59,100.00"
2020-07-20,2020072001033281,NICA,56,7,200,590.00,"118,000.00"
2020-07-20,2020072001033280,NICA,17,7,500,590.00,"295,000.00"
2020-07-20,2020072001033267,NICA,36,7,400,591.00,"236,400.00"
2020-07-20,2020072001033205,NICA,34,42,150,591.00,"88,650.00"
2020-07-20,2020072001033203,NICA,34,28,"1,850",591.00,"1,093,350.00"
2020-07-20,2020072001033251,NICAD8283,52,21,25,"1,050.00","26,250.00"
2020-07-20,2020072001032974,NICGF,35,40,"1,000",9.76,"9,760.00"
2020-07-20,2020072001032947,NICGF,21,40,"1,000",9.90,"9,900.00"
2020-07-20,2020072001033054,NICL,39,48,100,470.00,"47,000.00"
2020-07-20,2020072001033013,NICL,33,13,"1,000",463.00,"463,000.00"
2020-07-20,2020072001033012,NICL,48,13,500,463.00,"231,500.00"
2020-07-20,2020072001033332,NICLBSL,3,57,10,688.00,"6,880.00"
2020-07-20,2020072001033279,NICLBSL,3,49,20,688.00,"13,760.00"
2020-07-20,2020072001033253,NICLBSL,3,58,10,688.00,"6,880.00"
2020-07-20,2020072001033183,NICLBSL,3,52,50,688.00,"34,400.00"
2020-07-20,2020072001033102,NICLBSL,3,58,10,688.00,"6,880.00"
2020-07-20,2020072001033082,NICLBSL,3,16,10,688.00,"6,880.00"
2020-07-20,2020072001033328,NIL,50,1,"1,000",623.00,"623,000.00"
2020-07-20,2020072001033327,NIL,55,1,200,625.00,"125,000.00"
2020-07-20,2020072001033326,NIL,55,1,100,626.00,"62,600.00"
2020-07-20,2020072001033261,NIL,50,21,10,630.00,"6,300.00"
2020-07-20,2020072001033220,NLIC,44,4,22,"1,334.00","29,348.00"
2020-07-20,2020072001033184,NLIC,44,16,420,"1,330.00","558,600.00"
2020-07-20,2020072001033154,NLIC,44,6,90,"1,325.00","119,250.00"
2020-07-20,2020072001033027,NLIC,59,45,110,"1,315.00","144,650.00"
2020-07-20,2020072001033010,NLIC,58,45,90,"1,315.00","118,350.00"
2020-07-20,2020072001032976,NLIC,16,45,100,"1,315.00","131,500.00"
2020-07-20,2020072001032956,NLIC,34,6,10,"1,325.00","13,250.00"
2020-07-20,2020072001032955,NLIC,34,38,41,"1,320.00","54,120.00"
2020-07-20,2020072001032954,NLIC,34,34,60,"1,315.00","78,900.00"
2020-07-20,2020072001033340,NLICL,50,28,100,705.00,"70,500.00"
2020-07-20,2020072001033069,NLICL,1,57,10,698.00,"6,980.00"
2020-07-20,2020072001033394,NMB,33,6,"2,555",443.00,"1,131,865.00"
2020-07-20,2020072001033363,NMB,57,6,20,443.00,"8,860.00"
2020-07-20,2020072001033362,NMB,28,6,"1,000",443.00,"443,000.00"
2020-07-20,2020072001033275,NMB,36,6,100,444.00,"44,400.00"
2020-07-20,2020072001033158,NMB,59,6,"1,000",445.00,"445,000.00"
2020-07-20,2020072001033155,NMB,45,6,25,445.00,"11,125.00"
2020-07-20,2020072001033140,NMB,17,6,100,445.00,"44,500.00"
2020-07-20,2020072001033061,NMB,54,6,200,445.00,"89,000.00"
2020-07-20,2020072001032981,NMB,6,46,76,446.00,"33,896.00"
2020-07-20,2020072001032980,NMB,6,36,24,446.00,"10,704.00"
2020-07-20,2020072001032946,NMB,54,32,100,441.00,"44,100.00"
2020-07-20,2020072001032945,NMB,33,32,200,442.00,"88,400.00"
2020-07-20,2020072001033072,NMBMF,8,28,10,798.00,"7,980.00"
2020-07-20,2020072001033430,NRIC,29,40,40,565.00,"22,600.00"
2020-07-20,2020072001033417,NRIC,10,45,40,566.00,"22,640.00"
2020-07-20,2020072001033390,NRIC,29,40,50,565.00,"28,250.00"
2020-07-20,2020072001033388,NRIC,29,50,40,565.00,"22,600.00"
2020-07-20,2020072001033365,NRIC,29,29,500,565.00,"282,500.00"
2020-07-20,2020072001033343,NRIC,29,40,40,565.00,"22,600.00"
2020-07-20,2020072001032941,NRIC,55,3,40,562.00,"22,480.00"
2020-07-20,2020072001033057,NRIC,47,26,40,564.00,"22,560.00"
2020-07-20,2020072001033026,NRIC,32,40,40,563.00,"22,520.00"
2020-07-20,2020072001033004,NRIC,55,55,20,562.00,"11,240.00"
2020-07-20,2020072001032998,NRIC,55,18,"1,500",562.00,"843,000.00"
2020-07-20,2020072001032979,NRIC,55,36,150,562.00,"84,300.00"
2020-07-20,2020072001032978,NRIC,37,36,100,563.00,"56,300.00"
2020-07-20,2020072001033087,NRIC,29,34,40,563.00,"22,520.00"
2020-07-20,2020072001033086,NRIC,35,34,10,563.00,"5,630.00"
2020-07-20,2020072001033071,NRIC,35,6,50,563.00,"28,150.00"
2020-07-20,2020072001033060,NRIC,35,40,40,563.00,"22,520.00"
2020-07-20,2020072001033059,NRIC,47,43,30,564.00,"16,920.00"
2020-07-20,2020072001033058,NRIC,47,33,30,564.00,"16,920.00"
2020-07-20,2020072001033145,NRIC,32,58,40,565.00,"22,600.00"
2020-07-20,2020072001033144,NRIC,32,43,10,564.00,"5,640.00"
2020-07-20,2020072001033113,NRIC,29,38,50,563.00,"28,150.00"
2020-07-20,2020072001033098,NRIC,29,36,60,563.00,"33,780.00"
2020-07-20,2020072001033097,NRIC,29,29,30,563.00,"16,890.00"
2020-07-20,2020072001033093,NRIC,29,18,255,563.00,"143,565.00"
2020-07-20,2020072001033156,NRIC,1,40,40,564.00,"22,560.00"
2020-07-20,2020072001033150,NRIC,32,1,40,565.00,"22,600.00"
2020-07-20,2020072001033149,NRIC,32,35,40,565.00,"22,600.00"
2020-07-20,2020072001033148,NRIC,32,47,50,565.00,"28,250.00"
2020-07-20,2020072001033147,NRIC,32,38,50,565.00,"28,250.00"
2020-07-20,2020072001033146,NRIC,32,49,60,565.00,"33,900.00"
2020-07-20,2020072001033325,NRIC,29,21,80,565.00,"45,200.00"
2020-07-20,2020072001033324,NRIC,45,21,20,565.00,"11,300.00"
2020-07-20,2020072001033235,NRIC,45,1,10,565.00,"5,650.00"
2020-07-20,2020072001033231,NRIC,1,40,10,564.00,"5,640.00"
2020-07-20,2020072001033222,NRIC,1,40,40,564.00,"22,560.00"
2020-07-20,2020072001033168,NRIC,1,40,40,564.00,"22,560.00"
2020-07-20,2020072001033050,OHL,16,56,158,314.00,"49,612.00"
2020-07-20,2020072001033049,OHL,41,56,100,314.00,"31,400.00"
2020-07-20,2020072001033048,OHL,10,56,158,314.00,"49,612.00"
2020-07-20,2020072001033047,OHL,22,56,50,315.00,"15,750.00"
2020-07-20,2020072001033357,PCBL,45,13,39,293.00,"11,427.00"
2020-07-20,2020072001033356,PCBL,45,56,247,293.00,"72,371.00"
2020-07-20,2020072001033355,PCBL,45,13,214,290.00,"62,060.00"
2020-07-20,2020072001033320,PCBL,45,13,200,290.00,"58,000.00"
2020-07-20,2020072001033295,PCBL,16,13,86,290.00,"24,940.00"
2020-07-20,2020072001033294,PCBL,16,26,14,290.00,"4,060.00"
2020-07-20,2020072001032971,PCBL,49,52,50,292.00,"14,600.00"
2020-07-20,2020072001032970,PCBL,49,34,50,291.00,"14,550.00"
2020-07-20,2020072001033074,PCBL,50,53,563,290.00,"163,270.00"
2020-07-20,2020072001033073,PCBL,47,53,100,292.00,"29,200.00"
2020-07-20,2020072001033068,PCBL,45,26,50,293.00,"14,650.00"
2020-07-20,2020072001033067,PCBL,45,52,150,292.00,"43,800.00"
2020-07-20,2020072001033034,PCBL,50,55,50,290.00,"14,500.00"
2020-07-20,2020072001033033,PCBL,28,55,150,291.00,"43,650.00"
2020-07-20,2020072001033100,PCBL,56,19,163,290.00,"47,270.00"
2020-07-20,2020072001033079,PCBL,56,53,237,290.00,"68,730.00"
2020-07-20,2020072001033078,PCBL,45,53,500,290.00,"145,000.00"
2020-07-20,2020072001033077,PCBL,29,53,300,290.00,"87,000.00"
2020-07-20,2020072001033076,PCBL,6,53,200,290.00,"58,000.00"
2020-07-20,2020072001033075,PCBL,36,53,100,290.00,"29,000.00"
2020-07-20,2020072001033241,PCBL,51,26,100,290.00,"29,000.00"
2020-07-20,2020072001033240,PCBL,43,26,120,290.00,"34,800.00"
2020-07-20,2020072001033239,PCBL,43,54,20,290.00,"5,800.00"
2020-07-20,2020072001033173,PCBL,43,54,20,290.00,"5,800.00"
2020-07-20,2020072001033141,PCBL,43,19,"1,900",290.00,"551,000.00"
2020-07-20,2020072001033101,PCBL,49,19,200,290.00,"58,000.00"
2020-07-20,2020072001033354,PLIC,49,34,20,561.00,"11,220.00"
2020-07-20,2020072001033268,PLIC,54,56,92,558.00,"51,336.00"
2020-07-20,2020072001033085,PPCL,41,17,30,113.00,"3,390.00"
2020-07-20,2020072001033249,PRIN,16,46,100,490.00,"49,000.00"
2020-07-20,2020072001033248,PRIN,16,57,70,490.00,"34,300.00"
2020-07-20,2020072001033188,PRIN,39,57,100,490.00,"49,000.00"
2020-07-20,2020072001033030,PRIN,51,54,100,489.00,"48,900.00"
2020-07-20,2020072001033382,PRVU,29,14,882,252.00,"222,264.00"
2020-07-20,2020072001033381,PRVU,29,49,"1,700",252.00,"428,400.00"
2020-07-20,2020072001033380,PRVU,29,49,150,252.00,"37,800.00"
2020-07-20,2020072001033379,PRVU,29,49,200,252.00,"50,400.00"
2020-07-20,2020072001033378,PRVU,29,25,185,252.00,"46,620.00"
2020-07-20,2020072001033377,PRVU,29,53,50,251.00,"12,550.00"
2020-07-20,2020072001033000,PRVU,49,25,100,252.00,"25,200.00"
2020-07-20,2020072001032982,PRVU,39,14,"1,000",249.00,"249,000.00"
2020-07-20,2020072001032964,PRVU,29,56,"5,000",251.00,"1,255,000.00"
2020-07-20,2020072001032942,PRVU,39,59,"2,093",249.00,"521,157.00"
2020-07-20,2020072001033318,PRVU,29,49,950,251.00,"238,450.00"
2020-07-20,2020072001033191,PRVU,4,49,50,251.00,"12,550.00"
2020-07-20,2020072001033376,PRVU,29,17,68,251.00,"17,068.00"
2020-07-20,2020072001033359,PRVU,49,17,200,251.00,"50,200.00"
2020-07-20,2020072001033339,PRVU,50,17,180,251.00,"45,180.00"
2020-07-20,2020072001033335,PRVU,45,17,100,251.00,"25,100.00"
2020-07-20,2020072001033329,PRVU,5,39,100,250.00,"25,000.00"
2020-07-20,2020072001033319,PRVU,29,46,200,251.00,"50,200.00"
2020-07-20,2020072001033353,RHPL,47,14,90,150.00,"13,500.00"
2020-07-20,2020072001033352,RHPL,47,45,40,150.00,"6,000.00"
2020-07-20,2020072001033351,RHPL,47,3,20,150.00,"3,000.00"
2020-07-20,2020072001033350,RHPL,47,50,40,149.00,"5,960.00"
2020-07-20,2020072001033349,RHPL,47,4,40,149.00,"5,960.00"
2020-07-20,2020072001033193,RHPL,47,42,30,149.00,"4,470.00"
2020-07-20,2020072001033304,RMDC,10,39,150,705.00,"105,750.00"
2020-07-20,2020072001033266,RMDC,10,29,178,705.00,"125,490.00"
2020-07-20,2020072001033170,RSDC,49,17,730,527.00,"384,710.00"
2020-07-20,2020072001033091,RSDC,45,36,10,528.00,"5,280.00"
2020-07-20,2020072001033084,RSDC,49,17,270,527.00,"142,290.00"
2020-07-20,2020072001033083,RSDC,44,17,230,527.00,"121,210.00"
2020-07-20,2020072001033373,SABSL,16,5,39,808.00,"31,512.00"
2020-07-20,2020072001033045,SABSL,44,3,11,807.00,"8,877.00"
2020-07-20,2020072001033342,SANIMA,49,45,25,374.00,"9,350.00"
2020-07-20,2020072001033341,SANIMA,45,45,25,375.00,"9,375.00"
2020-07-20,2020072001033131,SANIMA,38,42,250,374.00,"93,500.00"
2020-07-20,2020072001033130,SANIMA,44,42,"3,000",374.00,"1,122,000.00"
2020-07-20,2020072001033129,SANIMA,7,42,30,374.00,"11,220.00"
2020-07-20,2020072001033128,SANIMA,38,42,30,375.00,"11,250.00"
2020-07-20,2020072001033115,SANIMA,34,42,"1,500",380.00,"570,000.00"
2020-07-20,2020072001033103,SANIMA,26,44,50,381.00,"19,050.00"
2020-07-20,2020072001033092,SANIMA,49,44,250,381.00,"95,250.00"
2020-07-20,2020072001033080,SANIMA,34,56,500,380.00,"190,000.00"
2020-07-20,2020072001033005,SANIMA,43,1,113,380.00,"42,940.00"
2020-07-20,2020072001032969,SANIMA,42,44,50,381.00,"19,050.00"
2020-07-20,2020072001033121,SANIMA,6,42,500,375.00,"187,500.00"
2020-07-20,2020072001033120,SANIMA,49,42,"1,626",375.00,"609,750.00"
2020-07-20,2020072001033119,SANIMA,42,42,50,376.00,"18,800.00"
2020-07-20,2020072001033118,SANIMA,59,42,"1,420",376.00,"533,920.00"
2020-07-20,2020072001033117,SANIMA,45,42,450,377.00,"169,650.00"
2020-07-20,2020072001033116,SANIMA,40,42,50,380.00,"19,000.00"
2020-07-20,2020072001033127,SANIMA,22,42,20,375.00,"7,500.00"
2020-07-20,2020072001033126,SANIMA,4,42,250,375.00,"93,750.00"
2020-07-20,2020072001033125,SANIMA,46,42,500,375.00,"187,500.00"
2020-07-20,2020072001033124,SANIMA,47,42,663,375.00,"248,625.00"
2020-07-20,2020072001033123,SANIMA,5,42,50,375.00,"18,750.00"
2020-07-20,2020072001033122,SANIMA,47,42,98,375.00,"36,750.00"
2020-07-20,2020072001033090,SBI,48,14,100,471.00,"47,100.00"
2020-07-20,2020072001033089,SBI,43,14,200,472.00,"94,400.00"
2020-07-20,2020072001033422,SCB,44,7,200,700.00,"140,000.00"
2020-07-20,2020072001033421,SCB,47,7,50,701.00,"35,050.00"
2020-07-20,2020072001032995,SCB,36,42,200,702.00,"140,400.00"
2020-07-20,2020072001033181,SCB,49,26,100,708.00,"70,800.00"
2020-07-20,2020072001033042,SCB,49,26,30,708.00,"21,240.00"
2020-07-20,2020072001033041,SCB,49,43,20,707.00,"14,140.00"
2020-07-20,2020072001032997,SCB,44,42,"2,012",700.00,"1,408,400.00"
2020-07-20,2020072001032996,SCB,49,42,12,701.00,"8,412.00"
2020-07-20,2020072001033179,SDESI,25,16,33,910.00,"30,030.00"
2020-07-20,2020072001033178,SDESI,25,16,33,910.00,"30,030.00"
2020-07-20,2020072001033177,SDESI,25,16,33,910.00,"30,030.00"
2020-07-20,2020072001033176,SDESI,25,45,100,905.00,"90,500.00"
2020-07-20,2020072001033175,SDESI,25,48,100,904.00,"90,400.00"
2020-07-20,2020072001033371,SEF,17,45,500,10.10,"5,050.00"
2020-07-20,2020072001033370,SEF,17,32,"1,000",10.10,"10,100.00"
2020-07-20,2020072001033369,SEF,17,6,"2,000",10.10,"20,200.00"
2020-07-20,2020072001033209,SEF,17,38,"5,000",10.00,"50,000.00"
2020-07-20,2020072001033208,SEF,17,46,"5,000",10.00,"50,000.00"
2020-07-20,2020072001033271,SHINE,58,57,"3,527",250.00,"881,750.00"
2020-07-20,2020072001033151,SHINE,58,6,"1,000",249.00,"249,000.00"
2020-07-20,2020072001033056,SHINE,58,59,750,249.00,"186,750.00"
2020-07-20,2020072001033055,SHINE,50,59,200,250.00,"50,000.00"
2020-07-20,2020072001033345,SHIVM,25,44,75,615.00,"46,125.00"
2020-07-20,2020072001033337,SHIVM,51,44,10,615.00,"6,150.00"
2020-07-20,2020072001033250,SHIVM,29,44,415,615.00,"255,225.00"
2020-07-20,2020072001033221,SHIVM,29,34,75,615.00,"46,125.00"
2020-07-20,2020072001033214,SHIVM,29,21,10,615.00,"6,150.00"
2020-07-20,2020072001033213,SHIVM,17,21,460,615.00,"282,900.00"
2020-07-20,2020072001033194,SHIVM,17,52,100,615.00,"61,500.00"
2020-07-20,2020072001033167,SHIVM,47,4,50,616.00,"30,800.00"
2020-07-20,2020072001033046,SHIVM,50,4,50,616.00,"30,800.00"
2020-07-20,2020072001032973,SHIVM,3,21,30,617.00,"18,510.00"
2020-07-20,2020072001033233,SHPC,10,45,200,229.00,"45,800.00"
2020-07-20,2020072001033232,SHPC,10,58,165,229.00,"37,785.00"
2020-07-20,2020072001033420,SIC,14,50,10,710.00,"7,100.00"
2020-07-20,2020072001033419,SIC,14,50,10,705.00,"7,050.00"
2020-07-20,2020072001033418,SIC,14,52,45,700.00,"31,500.00"
2020-07-20,2020072001033269,SIC,14,45,298,699.00,"208,302.00"
2020-07-20,2020072001033204,SICL,49,45,20,"1,070.00","21,400.00"
2020-07-20,2020072001033031,SICL,58,45,10,"1,070.00","10,700.00"
2020-07-20,2020072001033028,SICL,50,45,30,"1,070.00","32,100.00"
2020-07-20,2020072001033212,SKBBL,45,22,50,"1,318.00","65,900.00"
2020-07-20,2020072001033211,SKBBL,45,36,100,"1,310.00","131,000.00"
2020-07-20,2020072001033210,SKBBL,45,49,40,"1,310.00","52,400.00"
2020-07-20,2020072001033021,SKBBL,58,49,100,"1,310.00","131,000.00"
2020-07-20,2020072001033306,SLBBL,13,16,100,900.00,"90,000.00"
2020-07-20,2020072001033288,SLBBL,46,28,98,896.00,"87,808.00"
2020-07-20,2020072001033198,SLBBL,50,16,83,900.00,"74,700.00"
2020-07-20,2020072001033197,SLBBL,50,45,17,900.00,"15,300.00"
2020-07-20,2020072001033297,SLBS,13,42,10,"1,047.00","10,470.00"
2020-07-20,2020072001033104,SLICL,59,55,10,469.00,"4,690.00"
2020-07-20,2020072001033003,SLICL,57,34,20,464.00,"9,280.00"
2020-07-20,2020072001033002,SLICL,25,34,130,466.00,"60,580.00"
2020-07-20,2020072001033001,SLICL,47,34,50,467.00,"23,350.00"
2020-07-20,2020072001032943,SMFBS,13,16,10,950.00,"9,500.00"
2020-07-20,2020072001033372,SRBL,43,56,704,261.00,"183,744.00"
2020-07-20,2020072001033223,SRBL,44,52,"1,640",260.00,"426,400.00"
2020-07-20,2020072001033081,SRBL,28,52,360,260.00,"93,600.00"
2020-07-20,2020072001033368,SWBBL,35,42,40,"1,220.00","48,800.00"
2020-07-20,2020072001033367,SWBBL,35,45,10,"1,220.00","12,200.00"
2020-07-20,2020072001033323,SWBBL,34,45,10,"1,220.00","12,200.00"
2020-07-20,2020072001032967,SWBBL,36,45,40,"1,215.00","48,600.00"
2020-07-20,2020072001032966,SWBBL,36,44,100,"1,215.00","121,500.00"
2020-07-20,2020072001033284,TMDBL,28,1,112,182.00,"20,384.00"
2020-07-20,2020072001033029,TRH,22,32,50,182.00,"9,100.00"
2020-07-20,2020072001033364,UIC,5,36,800,395.00,"316,000.00"
2020-07-20,2020072001033009,UIC,5,36,468,395.00,"184,860.00"
2020-07-20,2020072001033008,UIC,5,28,50,395.00,"19,750.00"
2020-07-20,2020072001033007,UIC,5,8,482,395.00,"190,390.00"
2020-07-20,2020072001033006,UIC,5,7,500,394.00,"197,000.00"
2020-07-20,2020072001033386,UPPER,32,28,10,243.00,"2,430.00"
2020-07-20,2020072001033383,UPPER,1,28,10,243.00,"2,430.00"
2020-07-20,2020072001033230,UPPER,32,53,52,242.00,"12,584.00"
2020-07-20,2020072001033229,UPPER,32,1,25,241.00,"6,025.00"
2020-07-20,2020072001033228,UPPER,32,58,200,240.00,"48,000.00"
2020-07-20,2020072001032868,ADBL,51,26,44,441.00,"19,404.00"
2020-07-20,2020072001032867,ADBL,51,28,56,441.00,"24,696.00"
2020-07-20,2020072001032724,ADBL,14,42,100,440.00,"44,000.00"
2020-07-20,2020072001032713,ADBL,14,49,50,440.00,"22,000.00"
2020-07-20,2020072001032751,AKPL,39,34,629,120.00,"75,480.00"
2020-07-20,2020072001032750,AKPL,14,34,384,120.00,"46,080.00"
2020-07-20,2020072001032544,ALBSL,28,39,47,760.00,"35,720.00"
2020-07-20,2020072001032853,ALICL,14,32,93,635.00,"59,055.00"
2020-07-20,2020072001032836,ALICL,14,14,70,635.00,"44,450.00"
2020-07-20,2020072001032486,BOKL,22,32,300,245.00,"73,500.00"
2020-07-20,2020072001032923,BPCL,11,8,24,371.00,"8,904.00"
2020-07-20,2020072001032922,CBBL,51,37,13,"1,069.00","13,897.00"
2020-07-20,2020072001032921,CBBL,51,37,50,"1,069.00","53,450.00"
2020-07-20,2020072001032920,CBBL,57,37,50,"1,070.00","53,500.00"
2020-07-20,2020072001032919,CBBL,51,37,20,"1,070.00","21,400.00"
2020-07-20,2020072001032893,CBBL,54,11,100,"1,079.00","107,900.00"
2020-07-20,2020072001032892,CBBL,54,53,185,"1,079.00","199,615.00"
2020-07-20,2020072001032891,CBBL,54,8,32,"1,078.00","34,496.00"
2020-07-20,2020072001032918,CBBL,32,37,20,"1,070.00","21,400.00"
2020-07-20,2020072001032917,CBBL,19,37,50,"1,070.00","53,500.00"
2020-07-20,2020072001032916,CBBL,13,37,29,"1,070.00","31,030.00"
2020-07-20,2020072001032915,CBBL,39,37,41,"1,071.00","43,911.00"
2020-07-20,2020072001032914,CBBL,54,37,227,"1,080.00","245,160.00"
2020-07-20,2020072001032894,CBBL,54,39,456,"1,080.00","492,480.00"
2020-07-20,2020072001032647,CBL,21,6,98,149.00,"14,602.00"
2020-07-20,2020072001032646,CBL,21,45,102,149.00,"15,198.00"
2020-07-20,2020072001032581,CBL,49,45,698,149.00,"104,002.00"
2020-07-20,2020072001032580,CBL,49,25,100,148.00,"14,800.00"
2020-07-20,2020072001032579,CBL,49,17,100,148.00,"14,800.00"
2020-07-20,2020072001032578,CBL,49,25,102,148.00,"15,096.00"
2020-07-20,2020072001032469,CBL,19,33,280,147.00,"41,160.00"
2020-07-20,2020072001032468,CBL,48,33,50,147.00,"7,350.00"
2020-07-20,2020072001032613,CCBL,51,52,100,183.00,"18,300.00"
2020-07-20,2020072001032495,CCBL,51,17,11,183.00,"2,013.00"
2020-07-20,2020072001032446,CCBL,59,59,60,184.00,"11,040.00"
2020-07-20,2020072001032850,CHCL,1,49,"1,100",411.00,"452,100.00"
2020-07-20,2020072001032816,CHCL,25,49,150,411.00,"61,650.00"
2020-07-20,2020072001032694,CHCL,32,49,100,412.00,"41,200.00"
2020-07-20,2020072001032693,CHCL,35,49,50,412.00,"20,600.00"
2020-07-20,2020072001032692,CHCL,38,49,250,413.00,"103,250.00"
2020-07-20,2020072001032691,CHCL,37,49,50,415.00,"20,750.00"
2020-07-20,2020072001032815,CIT,14,42,50,"2,580.00","129,000.00"
2020-07-20,2020072001032505,CLBSL,46,17,50,774.00,"38,700.00"
2020-07-20,2020072001032602,CZBIL,59,45,400,209.00,"83,600.00"
2020-07-20,2020072001032887,EBL,14,42,50,771.00,"38,550.00"
2020-07-20,2020072001032781,EBL,57,1,83,766.00,"63,578.00"
2020-07-20,2020072001032780,EBL,42,1,100,768.00,"76,800.00"
2020-07-20,2020072001032779,EBL,50,1,17,770.00,"13,090.00"
2020-07-20,2020072001032673,EBL,50,50,50,770.00,"38,500.00"
2020-07-20,2020072001032634,EBL,50,59,220,770.00,"169,400.00"
2020-07-20,2020072001032512,EBL,50,25,13,770.00,"10,010.00"
2020-07-20,2020072001032511,EBL,57,25,87,770.00,"66,990.00"
2020-07-20,2020072001032437,EBL,48,29,200,774.00,"154,800.00"
2020-07-20,2020072001032482,EDBL,58,57,20,325.00,"6,500.00"
2020-07-20,2020072001032828,EIC,28,7,200,422.00,"84,400.00"
2020-07-20,2020072001032472,EIC,28,48,50,422.00,"21,100.00"
2020-07-20,2020072001032577,FMDBL,17,39,100,563.00,"56,300.00"
2020-07-20,2020072001032451,FMDBL,7,35,100,570.00,"57,000.00"
2020-07-20,2020072001032450,FMDBL,7,58,434,570.00,"247,380.00"
2020-07-20,2020072001032858,GBBL,45,42,500,245.00,"122,500.00"
2020-07-20,2020072001032857,GBBL,45,49,800,245.00,"196,000.00"
2020-07-20,2020072001032856,GBBL,45,35,124,245.00,"30,380.00"
2020-07-20,2020072001032912,GBIME,56,28,50,271.00,"13,550.00"
2020-07-20,2020072001032911,GBIME,1,28,350,271.00,"94,850.00"
2020-07-20,2020072001032910,GBIME,45,28,150,271.00,"40,650.00"
2020-07-20,2020072001032909,GBIME,36,28,30,271.00,"8,130.00"
2020-07-20,2020072001032908,GBIME,33,28,100,271.00,"27,100.00"
2020-07-20,2020072001032907,GBIME,58,28,100,271.00,"27,100.00"
2020-07-20,2020072001032643,GBIME,49,11,26,272.00,"7,072.00"
2020-07-20,2020072001032642,GBIME,10,11,145,272.00,"39,440.00"
2020-07-20,2020072001032838,GBIME,45,28,25,271.00,"6,775.00"
2020-07-20,2020072001032817,GBIME,43,53,131,272.00,"35,632.00"
2020-07-20,2020072001032802,GBIME,54,53,100,272.00,"27,200.00"
2020-07-20,2020072001032801,GBIME,54,53,"1,500",272.00,"408,000.00"
2020-07-20,2020072001032800,GBIME,49,53,269,272.00,"73,168.00"
2020-07-20,2020072001032667,GBIME,49,21,70,272.00,"19,040.00"
2020-07-20,2020072001032906,GBIME,34,28,50,271.00,"13,550.00"
2020-07-20,2020072001032905,GBIME,32,28,519,271.00,"140,649.00"
2020-07-20,2020072001032842,GBIME,32,28,481,271.00,"130,351.00"
2020-07-20,2020072001032841,GBIME,22,28,150,271.00,"40,650.00"
2020-07-20,2020072001032840,GBIME,44,28,275,271.00,"74,525.00"
2020-07-20,2020072001032839,GBIME,43,28,69,272.00,"18,768.00"
2020-07-20,2020072001032903,GBLBS,48,57,50,515.00,"25,750.00"
2020-07-20,2020072001032872,GBLBS,32,57,50,515.00,"25,750.00"
2020-07-20,2020072001032484,GBLBS,26,43,15,514.00,"7,710.00"
2020-07-20,2020072001032434,GBLBS,45,57,30,515.00,"15,450.00"
2020-07-20,2020072001032849,GGBSL,38,6,10,971.00,"9,710.00"
2020-07-20,2020072001032493,GGBSL,38,10,10,920.00,"9,200.00"
2020-07-20,2020072001032492,GGBSL,38,48,10,920.00,"9,200.00"
2020-07-20,2020072001032708,GGBSL,38,38,10,947.00,"9,470.00"
2020-07-20,2020072001032585,GGBSL,38,13,10,938.00,"9,380.00"
2020-07-20,2020072001032797,GGBSL,38,42,10,955.00,"9,550.00"
2020-07-20,2020072001032796,GGBSL,38,43,10,954.00,"9,540.00"
2020-07-20,2020072001032890,GLICL,54,21,10,482.00,"4,820.00"
2020-07-20,2020072001032851,GLICL,36,48,708,482.00,"341,256.00"
2020-07-20,2020072001032831,GLICL,48,16,200,480.00,"96,000.00"
2020-07-20,2020072001032712,GLICL,48,34,200,480.00,"96,000.00"
2020-07-20,2020072001032837,HBL,45,16,25,590.00,"14,750.00"
2020-07-20,2020072001032723,HBL,52,16,20,590.00,"11,800.00"
2020-07-20,2020072001032714,HBL,52,11,30,590.00,"17,700.00"
2020-07-20,2020072001032612,HBL,52,25,50,590.00,"29,500.00"
2020-07-20,2020072001032896,HDL,58,6,300,"1,664.00","499,200.00"
2020-07-20,2020072001032895,HDL,58,13,75,"1,663.00","124,725.00"
2020-07-20,2020072001032777,HDL,33,32,33,"1,660.00","54,780.00"
2020-07-20,2020072001032763,HDL,14,32,32,"1,660.00","53,120.00"
2020-07-20,2020072001032607,HIDCL,44,50,317,136.00,"43,112.00"
2020-07-20,2020072001032757,ILBS,35,49,11,829.00,"9,119.00"
2020-07-20,2020072001032719,ILBS,22,28,11,814.00,"8,954.00"
2020-07-20,2020072001032765,JBBL,42,46,50,183.00,"9,150.00"
2020-07-20,2020072001032746,JBBL,42,18,181,183.00,"33,123.00"
2020-07-20,2020072001032745,JBBL,58,18,819,184.00,"150,696.00"
2020-07-20,2020072001032674,JBBL,58,29,181,184.00,"33,304.00"
2020-07-20,2020072001032601,JBBL,57,29,469,184.00,"86,296.00"
2020-07-20,2020072001032600,JBBL,57,33,500,184.00,"92,000.00"
2020-07-20,2020072001032599,JBBL,57,47,31,184.00,"5,704.00"
2020-07-20,2020072001032610,JFL,42,58,10,175.00,"1,750.00"
2020-07-20,2020072001032609,JFL,42,6,30,175.00,"5,250.00"
2020-07-20,2020072001032882,KBL,17,49,59,204.00,"12,036.00"
2020-07-20,2020072001032881,KBL,17,33,141,204.00,"28,764.00"
2020-07-20,2020072001032855,KBL,22,33,500,204.00,"102,000.00"
2020-07-20,2020072001032854,KBL,46,33,359,204.00,"73,236.00"
2020-07-20,2020072001032834,KBL,17,34,200,205.00,"41,000.00"
2020-07-20,2020072001032497,KBL,45,14,100,205.00,"20,500.00"
2020-07-20,2020072001032496,KBL,45,16,100,205.00,"20,500.00"
2020-07-20,2020072001032597,KBL,46,52,148,204.00,"30,192.00"
2020-07-20,2020072001032550,KBL,22,38,200,205.00,"41,000.00"
2020-07-20,2020072001032549,KBL,22,14,400,205.00,"82,000.00"
2020-07-20,2020072001032542,KBL,46,40,200,204.00,"40,800.00"
2020-07-20,2020072001032814,KBL,46,6,22,204.00,"4,488.00"
2020-07-20,2020072001032793,KBL,32,34,27,205.00,"5,535.00"
2020-07-20,2020072001032792,KBL,32,38,23,205.00,"4,715.00"
2020-07-20,2020072001032720,KBL,42,38,10,205.00,"2,050.00"
2020-07-20,2020072001032772,KMCDB,56,17,105,804.00,"84,420.00"
2020-07-20,2020072001032771,KMCDB,47,17,15,805.00,"12,075.00"
2020-07-20,2020072001032441,KMCDB,47,58,65,805.00,"52,325.00"
2020-07-20,2020072001032440,KMCDB,49,58,30,806.00,"24,180.00"
2020-07-20,2020072001032900,KPCL,25,42,10,104.00,"1,040.00"
2020-07-20,2020072001032899,KPCL,25,38,10,104.00,"1,040.00"
2020-07-20,2020072001032898,KPCL,25,38,10,104.00,"1,040.00"
2020-07-20,2020072001032455,KPCL,25,16,10,103.00,"1,030.00"
2020-07-20,2020072001032807,LBBL,8,19,44,195.00,"8,580.00"
2020-07-20,2020072001032877,LBL,43,34,800,237.00,"189,600.00"
2020-07-20,2020072001032876,LBL,6,34,200,238.00,"47,600.00"
2020-07-20,2020072001032494,LBL,43,52,200,237.00,"47,400.00"
2020-07-20,2020072001032767,LGIL,8,40,260,465.00,"120,900.00"
2020-07-20,2020072001032766,LGIL,48,40,28,465.00,"13,020.00"
2020-07-20,2020072001032770,LLBS,10,6,45,"1,132.00","50,940.00"
2020-07-20,2020072001032769,LLBS,10,33,50,"1,130.00","56,500.00"
2020-07-20,2020072001032623,LLBS,48,58,200,"1,120.00","224,000.00"
2020-07-20,2020072001032444,LLBS,25,40,20,"1,117.00","22,340.00"
2020-07-20,2020072001032871,MBL,49,25,100,248.00,"24,800.00"
2020-07-20,2020072001032860,MBL,49,25,100,248.00,"24,800.00"
2020-07-20,2020072001032501,MBL,36,38,50,247.00,"12,350.00"
2020-07-20,2020072001032500,MBL,36,40,90,247.00,"22,230.00"
2020-07-20,2020072001032901,MEGA,14,36,24,244.00,"5,856.00"
2020-07-20,2020072001032687,MEGA,36,50,100,243.00,"24,300.00"
2020-07-20,2020072001032666,MEGA,36,57,50,243.00,"12,150.00"
2020-07-20,2020072001032662,MEGA,33,56,"1,066",245.00,"261,170.00"
2020-07-20,2020072001032545,MEGA,45,26,30,241.00,"7,230.00"
2020-07-20,2020072001032652,MEGA,36,51,990,243.00,"240,570.00"
2020-07-20,2020072001032651,MEGA,36,50,353,242.00,"85,426.00"
2020-07-20,2020072001032650,MEGA,36,57,90,242.00,"21,780.00"
2020-07-20,2020072001032649,MEGA,36,6,251,242.00,"60,742.00"
2020-07-20,2020072001032631,MEGA,6,57,200,242.00,"48,400.00"
2020-07-20,2020072001032546,MEGA,45,57,170,242.00,"41,140.00"
2020-07-20,2020072001032661,MEGA,33,19,93,244.00,"22,692.00"
2020-07-20,2020072001032660,MEGA,33,43,400,244.00,"97,600.00"
2020-07-20,2020072001032659,MEGA,33,51,"1,000",244.00,"244,000.00"
2020-07-20,2020072001032658,MEGA,33,46,441,244.00,"107,604.00"
2020-07-20,2020072001032654,MEGA,36,1,"1,124",243.00,"273,132.00"
2020-07-20,2020072001032653,MEGA,36,26,100,243.00,"24,300.00"
2020-07-20,2020072001032821,MERO,26,45,141,658.00,"92,778.00"
2020-07-20,2020072001032820,MERO,56,45,59,659.00,"38,881.00"
2020-07-20,2020072001032707,MERO,56,1,41,659.00,"27,019.00"
2020-07-20,2020072001032706,MERO,47,1,159,660.00,"104,940.00"
2020-07-20,2020072001032630,MSMBS,37,39,35,733.00,"25,655.00"
2020-07-20,2020072001032629,MSMBS,37,39,40,733.00,"29,320.00"
2020-07-20,2020072001032847,NABIL,33,37,65,865.00,"56,225.00"
2020-07-20,2020072001032846,NABIL,19,37,41,865.00,"35,465.00"
2020-07-20,2020072001032845,NABIL,33,37,100,866.00,"86,600.00"
2020-07-20,2020072001032844,NABIL,42,37,30,867.00,"26,010.00"
2020-07-20,2020072001032843,NABIL,42,37,264,867.00,"228,888.00"
2020-07-20,2020072001032812,NABIL,45,14,93,870.00,"80,910.00"
2020-07-20,2020072001032616,NABIL,17,17,100,868.00,"86,800.00"
2020-07-20,2020072001032615,NABIL,52,17,50,868.00,"43,400.00"
2020-07-20,2020072001032614,NABIL,52,17,50,868.00,"43,400.00"
2020-07-20,2020072001032438,NABIL,45,5,25,870.00,"21,750.00"
2020-07-20,2020072001032811,NABIL,45,57,300,870.00,"261,000.00"
2020-07-20,2020072001032810,NABIL,45,34,126,870.00,"109,620.00"
2020-07-20,2020072001032809,NABIL,45,5,15,870.00,"13,050.00"
2020-07-20,2020072001032808,NABIL,45,16,300,869.00,"260,700.00"
2020-07-20,2020072001032799,NABIL,42,25,100,867.00,"86,700.00"
2020-07-20,2020072001032617,NABIL,42,17,300,867.00,"260,100.00"
2020-07-20,2020072001032466,NBB,20,11,397,218.00,"86,546.00"
2020-07-20,2020072001032465,NBB,59,11,250,218.00,"54,500.00"
2020-07-20,2020072001032464,NBB,49,11,64,218.00,"13,952.00"
2020-07-20,2020072001032463,NBB,38,11,289,219.00,"63,291.00"
2020-07-20,2020072001032865,NBL,43,44,100,275.00,"27,500.00"
2020-07-20,2020072001032864,NBL,43,17,57,275.00,"15,675.00"
2020-07-20,2020072001032863,NBL,43,7,500,275.00,"137,500.00"
2020-07-20,2020072001032862,NBL,43,43,"1,480",275.00,"407,000.00"
2020-07-20,2020072001032833,NBL,21,52,500,274.00,"137,000.00"
2020-07-20,2020072001032605,NBL,21,48,354,274.00,"96,996.00"
2020-07-20,2020072001032582,NBL,34,43,300,275.00,"82,500.00"
2020-07-20,2020072001032924,NCCB,32,49,"1,000",203.00,"203,000.00"
2020-07-20,2020072001032668,NCCB,26,53,50,205.00,"10,250.00"
2020-07-20,2020072001032576,NCCB,33,53,10,205.00,"2,050.00"
2020-07-20,2020072001032852,NEF,26,1,"3,079",9.23,"28,419.17"
2020-07-20,2020072001032806,NHDL,49,8,100,128.00,"12,800.00"
2020-07-20,2020072001032790,NIB,17,59,213,480.00,"102,240.00"
2020-07-20,2020072001032789,NIB,17,25,11,480.00,"5,280.00"
2020-07-20,2020072001032788,NIB,17,57,56,479.00,"26,824.00"
2020-07-20,2020072001032787,NIB,17,45,20,479.00,"9,580.00"
2020-07-20,2020072001032669,NIB,45,45,50,479.00,"23,950.00"
2020-07-20,2020072001032530,NIB,46,59,196,476.00,"93,296.00"
2020-07-20,2020072001032442,NIB,42,59,200,476.00,"95,200.00"
2020-07-20,2020072001032874,NICA,49,21,50,592.00,"29,600.00"
2020-07-20,2020072001032786,NICA,54,43,30,598.00,"17,940.00"
2020-07-20,2020072001032785,NICA,54,42,"1,650",598.00,"986,700.00"
2020-07-20,2020072001032784,NICA,54,6,200,598.00,"119,600.00"
2020-07-20,2020072001032783,NICA,54,44,120,598.00,"71,760.00"
2020-07-20,2020072001032776,NICA,29,6,40,597.00,"23,880.00"
2020-07-20,2020072001032475,NICA,10,43,537,594.00,"318,978.00"
2020-07-20,2020072001032474,NICA,10,17,111,594.00,"65,934.00"
2020-07-20,2020072001032676,NICA,10,49,146,594.00,"86,724.00"
2020-07-20,2020072001032657,NICA,48,51,82,595.00,"48,790.00"
2020-07-20,2020072001032656,NICA,48,45,18,595.00,"10,710.00"
2020-07-20,2020072001032627,NICA,10,42,106,594.00,"62,964.00"
2020-07-20,2020072001032604,NICA,28,45,10,595.00,"5,950.00"
2020-07-20,2020072001032476,NICA,10,33,100,594.00,"59,400.00"
2020-07-20,2020072001032699,NICA,29,43,100,595.00,"59,500.00"
2020-07-20,2020072001032698,NICA,29,51,418,595.00,"248,710.00"
2020-07-20,2020072001032688,NICA,5,43,100,594.00,"59,400.00"
2020-07-20,2020072001032679,NICA,5,49,54,594.00,"32,076.00"
2020-07-20,2020072001032678,NICA,14,49,500,594.00,"297,000.00"
2020-07-20,2020072001032677,NICA,14,49,500,594.00,"297,000.00"
2020-07-20,2020072001032717,NICA,29,51,230,596.00,"137,080.00"
2020-07-20,2020072001032716,NICA,29,46,200,595.00,"119,000.00"
2020-07-20,2020072001032705,NICA,5,43,100,594.00,"59,400.00"
2020-07-20,2020072001032702,NICA,29,22,50,595.00,"29,750.00"
2020-07-20,2020072001032701,NICA,29,42,390,595.00,"232,050.00"
2020-07-20,2020072001032700,NICA,29,48,100,595.00,"59,500.00"
2020-07-20,2020072001032762,NICA,29,51,11,596.00,"6,556.00"
2020-07-20,2020072001032761,NICA,29,51,189,596.00,"112,644.00"
2020-07-20,2020072001032755,NICA,54,17,500,594.00,"297,000.00"
2020-07-20,2020072001032754,NICA,42,17,100,594.00,"59,400.00"
2020-07-20,2020072001032753,NICA,5,17,246,594.00,"146,124.00"
2020-07-20,2020072001032718,NICA,29,51,311,596.00,"185,356.00"
2020-07-20,2020072001032696,NICAD8283,52,45,25,"1,055.00","26,375.00"
2020-07-20,2020072001032870,NICGF,50,40,"6,000",10.00,"60,000.00"
2020-07-20,2020072001032869,NICGF,42,40,400,10.00,"4,000.00"
2020-07-20,2020072001032933,NICL,50,26,100,468.00,"46,800.00"
2020-07-20,2020072001032932,NICL,50,55,500,468.00,"234,000.00"
2020-07-20,2020072001032554,NICL,42,49,70,465.00,"32,550.00"
2020-07-20,2020072001032553,NICL,47,49,200,465.00,"93,000.00"
2020-07-20,2020072001032552,NICL,25,49,170,465.00,"79,050.00"
2020-07-20,2020072001032709,NICL,43,55,10,468.00,"4,680.00"
2020-07-20,2020072001032556,NICL,5,49,500,464.00,"232,000.00"
2020-07-20,2020072001032555,NICL,38,49,500,464.00,"232,000.00"
2020-07-20,2020072001032886,NICLBSL,3,51,10,688.00,"6,880.00"
2020-07-20,2020072001032859,NICLBSL,3,14,10,688.00,"6,880.00"
2020-07-20,2020072001032782,NICLBSL,3,21,10,688.00,"6,880.00"
2020-07-20,2020072001032756,NICLBSL,3,21,10,688.00,"6,880.00"
2020-07-20,2020072001032711,NICLBSL,3,47,20,688.00,"13,760.00"
2020-07-20,2020072001032710,NICLBSL,3,21,10,688.00,"6,880.00"
2020-07-20,2020072001032584,NICLBSL,3,16,10,688.00,"6,880.00"
2020-07-20,2020072001032526,NICLBSL,3,58,10,688.00,"6,880.00"
2020-07-20,2020072001032477,NICLBSL,3,10,10,688.00,"6,880.00"
2020-07-20,2020072001032452,NICLBSL,3,58,10,688.00,"6,880.00"
2020-07-20,2020072001032443,NICLBSL,3,16,10,688.00,"6,880.00"
2020-07-20,2020072001032439,NICLBSL,3,47,10,688.00,"6,880.00"
2020-07-20,2020072001032695,NICLBSL,3,58,10,688.00,"6,880.00"
2020-07-20,2020072001032683,NICLBSL,3,21,10,688.00,"6,880.00"
2020-07-20,2020072001032675,NICLBSL,3,47,10,688.00,"6,880.00"
2020-07-20,2020072001032670,NICLBSL,3,21,10,688.00,"6,880.00"
2020-07-20,2020072001032626,NICLBSL,3,21,10,688.00,"6,880.00"
2020-07-20,2020072001032621,NICLBSL,3,47,20,688.00,"13,760.00"
2020-07-20,2020072001032672,NIL,47,28,50,631.00,"31,550.00"
2020-07-20,2020072001032608,NIL,55,28,200,631.00,"126,200.00"
2020-07-20,2020072001032798,NLBBL,50,38,200,750.00,"150,000.00"
2020-07-20,2020072001032904,NLG,10,52,38,660.00,"25,080.00"
2020-07-20,2020072001032744,NLG,10,44,"12,918",660.00,"8,525,880.00"
2020-07-20,2020072001032715,NLG,5,44,38,673.00,"25,574.00"
2020-07-20,2020072001032897,NLIC,45,34,20,"1,315.00","26,300.00"
2020-07-20,2020072001032875,NLIC,13,1,100,"1,315.00","131,500.00"
2020-07-20,2020072001032703,NLIC,52,57,50,"1,315.00","65,750.00"
2020-07-20,2020072001032697,NLIC,13,57,100,"1,315.00","131,500.00"
2020-07-20,2020072001032681,NLIC,33,57,50,"1,315.00","65,750.00"
2020-07-20,2020072001032680,NLIC,40,57,150,"1,315.00","197,250.00"
2020-07-20,2020072001032590,NLIC,40,50,150,"1,315.00","197,250.00"
2020-07-20,2020072001032589,NLIC,38,50,50,"1,315.00","65,750.00"
2020-07-20,2020072001032531,NLIC,4,38,10,"1,320.00","13,200.00"
2020-07-20,2020072001032880,NLICL,35,45,90,700.00,"63,000.00"
2020-07-20,2020072001032456,NLICL,16,45,10,700.00,"7,000.00"
2020-07-20,2020072001032878,NMB,28,16,15,447.00,"6,705.00"
2020-07-20,2020072001032861,NMB,54,18,"1,399",441.00,"616,959.00"
2020-07-20,2020072001032822,NMB,33,56,"4,000",443.00,"1,772,000.00"
2020-07-20,2020072001032818,NMB,28,16,20,447.00,"8,940.00"
2020-07-20,2020072001032773,NMB,52,42,573,442.00,"253,266.00"
2020-07-20,2020072001032743,NMB,36,42,625,442.00,"276,250.00"
2020-07-20,2020072001032594,NMB,21,55,300,447.00,"134,100.00"
2020-07-20,2020072001032593,NMB,21,32,150,447.00,"67,050.00"
2020-07-20,2020072001032527,NMB,28,32,50,447.00,"22,350.00"
2020-07-20,2020072001032704,NMB,45,42,180,446.00,"80,280.00"
2020-07-20,2020072001032671,NMB,28,16,15,448.00,"6,720.00"
2020-07-20,2020072001032645,NMB,59,16,950,448.00,"425,600.00"
2020-07-20,2020072001032644,NMB,59,25,50,447.00,"22,350.00"
2020-07-20,2020072001032628,NMB,17,37,100,447.00,"44,700.00"
2020-07-20,2020072001032595,NMB,21,25,50,447.00,"22,350.00"
2020-07-20,2020072001032730,NMB,39,42,100,445.00,"44,500.00"
2020-07-20,2020072001032729,NMB,6,42,500,445.00,"222,500.00"
2020-07-20,2020072001032728,NMB,52,42,100,445.00,"44,500.00"
2020-07-20,2020072001032727,NMB,58,42,90,445.00,"40,050.00"
2020-07-20,2020072001032726,NMB,38,42,25,445.00,"11,125.00"
2020-07-20,2020072001032725,NMB,45,42,820,447.00,"366,540.00"
2020-07-20,2020072001032736,NMB,45,42,90,442.00,"39,780.00"
2020-07-20,2020072001032735,NMB,25,42,500,444.00,"222,000.00"
2020-07-20,2020072001032734,NMB,58,42,200,444.00,"88,800.00"
2020-07-20,2020072001032733,NMB,53,42,20,444.00,"8,880.00"
2020-07-20,2020072001032732,NMB,54,42,100,444.00,"44,400.00"
2020-07-20,2020072001032731,NMB,14,42,477,444.00,"211,788.00"
2020-07-20,2020072001032742,NMB,22,42,20,442.00,"8,840.00"
2020-07-20,2020072001032741,NMB,44,42,500,442.00,"221,000.00"
2020-07-20,2020072001032740,NMB,40,42,200,442.00,"88,400.00"
2020-07-20,2020072001032739,NMB,34,42,500,442.00,"221,000.00"
2020-07-20,2020072001032738,NMB,59,42,"1,000",442.00,"442,000.00"
2020-07-20,2020072001032737,NMB,14,42,200,442.00,"88,400.00"
2020-07-20,2020072001032774,NMBMF,8,58,13,785.00,"10,205.00"
2020-07-20,2020072001032684,NMBMF,16,53,250,780.00,"195,000.00"
2020-07-20,2020072001032633,NMBMF,57,53,100,780.00,"78,000.00"
2020-07-20,2020072001032632,NMBMF,54,53,50,781.00,"39,050.00"
2020-07-20,2020072001032835,NMFBS,33,44,13,"1,666.00","21,658.00"
2020-07-20,2020072001032459,NMFBS,33,32,20,"1,666.00","33,320.00"
2020-07-20,2020072001032913,NRIC,55,45,40,562.00,"22,480.00"
2020-07-20,2020072001032889,NRIC,55,55,40,562.00,"22,480.00"
2020-07-20,2020072001032888,NRIC,57,25,25,563.00,"14,075.00"
2020-07-20,2020072001032873,NRIC,55,16,10,562.00,"5,620.00"
2020-07-20,2020072001032827,NRIC,55,18,40,562.00,"22,480.00"
2020-07-20,2020072001032819,NRIC,55,48,40,562.00,"22,480.00"
2020-07-20,2020072001032457,NRIC,34,17,30,560.00,"16,800.00"
2020-07-20,2020072001032449,NRIC,34,59,40,560.00,"22,400.00"
2020-07-20,2020072001032448,NRIC,34,17,30,560.00,"16,800.00"
2020-07-20,2020072001032447,NRIC,13,17,70,560.00,"39,200.00"
2020-07-20,2020072001032488,NRIC,56,57,25,561.00,"14,025.00"
2020-07-20,2020072001032487,NRIC,55,59,40,560.00,"22,400.00"
2020-07-20,2020072001032479,NRIC,37,57,80,561.00,"44,880.00"
2020-07-20,2020072001032478,NRIC,37,59,20,561.00,"11,220.00"
2020-07-20,2020072001032467,NRIC,1,59,20,561.00,"11,220.00"
2020-07-20,2020072001032458,NRIC,34,17,20,560.00,"11,200.00"
2020-07-20,2020072001032514,NRIC,48,14,100,560.00,"56,000.00"
2020-07-20,2020072001032513,NRIC,57,14,290,560.00,"162,400.00"
2020-07-20,2020072001032508,NRIC,57,39,110,560.00,"61,600.00"
2020-07-20,2020072001032507,NRIC,52,39,65,560.00,"36,400.00"
2020-07-20,2020072001032506,NRIC,56,39,55,561.00,"30,855.00"
2020-07-20,2020072001032489,NRIC,56,55,20,561.00,"11,220.00"
2020-07-20,2020072001032565,NRIC,22,35,10,560.00,"5,600.00"
2020-07-20,2020072001032564,NRIC,34,35,20,560.00,"11,200.00"
2020-07-20,2020072001032563,NRIC,43,35,20,561.00,"11,220.00"
2020-07-20,2020072001032562,NRIC,43,59,40,561.00,"22,440.00"
2020-07-20,2020072001032529,NRIC,43,59,40,561.00,"22,440.00"
2020-07-20,2020072001032515,NRIC,34,14,10,560.00,"5,600.00"
2020-07-20,2020072001032588,NRIC,29,39,150,560.00,"84,000.00"
2020-07-20,2020072001032587,NRIC,26,39,10,560.00,"5,600.00"
2020-07-20,2020072001032586,NRIC,52,39,40,560.00,"22,400.00"
2020-07-20,2020072001032583,NRIC,32,37,50,561.00,"28,050.00"
2020-07-20,2020072001032575,NRIC,52,21,10,560.00,"5,600.00"
2020-07-20,2020072001032566,NRIC,52,35,50,560.00,"28,000.00"
2020-07-20,2020072001032664,NRIC,34,8,85,562.00,"47,770.00"
2020-07-20,2020072001032663,NRIC,34,44,190,562.00,"106,780.00"
2020-07-20,2020072001032635,NRIC,29,1,100,561.00,"56,100.00"
2020-07-20,2020072001032622,NRIC,29,10,40,560.00,"22,400.00"
2020-07-20,2020072001032603,NRIC,29,59,40,560.00,"22,400.00"
2020-07-20,2020072001032591,NRIC,29,35,50,560.00,"28,000.00"
2020-07-20,2020072001032795,NRIC,55,45,365,562.00,"205,130.00"
2020-07-20,2020072001032759,NRIC,19,45,135,562.00,"75,870.00"
2020-07-20,2020072001032758,NRIC,19,48,15,562.00,"8,430.00"
2020-07-20,2020072001032752,NRIC,29,48,40,561.00,"22,440.00"
2020-07-20,2020072001032682,NRIC,29,48,40,561.00,"22,440.00"
2020-07-20,2020072001032665,NRIC,34,48,25,562.00,"14,050.00"
2020-07-20,2020072001032885,NTC,45,33,10,654.00,"6,540.00"
2020-07-20,2020072001032768,NTC,34,43,10,658.00,"6,580.00"
2020-07-20,2020072001032764,NTC,58,45,"1,000",653.00,"653,000.00"
2020-07-20,2020072001032525,NTC,54,45,50,654.00,"32,700.00"
2020-07-20,2020072001032866,NUBL,38,39,50,995.00,"49,750.00"
2020-07-20,2020072001032499,NUBL,38,37,305,995.00,"303,475.00"
2020-07-20,2020072001032498,NUBL,8,37,100,997.00,"99,700.00"
2020-07-20,2020072001032471,NUBL,14,37,115,999.00,"114,885.00"
2020-07-20,2020072001032470,NUBL,26,37,20,"1,000.00","20,000.00"
2020-07-20,2020072001032824,OHL,10,57,332,314.00,"104,248.00"
2020-07-20,2020072001032823,OHL,18,57,168,315.00,"52,920.00"
2020-07-20,2020072001032830,PCBL,36,13,200,292.00,"58,400.00"
2020-07-20,2020072001032829,PCBL,36,36,800,292.00,"233,600.00"
2020-07-20,2020072001032813,PCBL,50,42,100,290.00,"29,000.00"
2020-07-20,2020072001032749,PCBL,50,47,287,290.00,"83,230.00"
2020-07-20,2020072001032748,PCBL,34,47,127,290.00,"36,830.00"
2020-07-20,2020072001032747,PCBL,49,36,200,292.00,"58,400.00"
2020-07-20,2020072001032611,PCBL,21,57,100,292.00,"29,200.00"
2020-07-20,2020072001032462,PCBL,49,57,400,292.00,"116,800.00"
2020-07-20,2020072001032461,PCBL,49,40,100,292.00,"29,200.00"
2020-07-20,2020072001032641,PCBL,34,59,"1,873",290.00,"543,170.00"
2020-07-20,2020072001032640,PCBL,53,59,100,290.00,"29,000.00"
2020-07-20,2020072001032639,PCBL,29,59,500,290.00,"145,000.00"
2020-07-20,2020072001032638,PCBL,6,59,108,290.00,"31,320.00"
2020-07-20,2020072001032637,PCBL,10,59,291,291.00,"84,681.00"
2020-07-20,2020072001032636,PCBL,43,59,769,291.00,"223,779.00"
2020-07-20,2020072001032592,PIC,45,1,84,612.00,"51,408.00"
2020-07-20,2020072001032805,PICL,35,19,240,490.00,"117,600.00"
2020-07-20,2020072001032804,PICL,35,49,50,490.00,"24,500.00"
2020-07-20,2020072001032803,PICL,35,51,300,488.00,"146,400.00"
2020-07-20,2020072001032884,PLIC,54,34,100,558.00,"55,800.00"
2020-07-20,2020072001032883,PLIC,33,34,100,558.00,"55,800.00"
2020-07-20,2020072001032523,PLIC,34,14,341,557.00,"189,937.00"
2020-07-20,2020072001032521,PLIC,34,21,14,557.00,"7,798.00"
2020-07-20,2020072001032930,PRVU,39,49,600,249.00,"149,400.00"
2020-07-20,2020072001032929,PRVU,1,49,100,250.00,"25,000.00"
2020-07-20,2020072001032928,PRVU,34,49,200,250.00,"50,000.00"
2020-07-20,2020072001032927,PRVU,43,49,100,250.00,"25,000.00"
2020-07-20,2020072001032648,PRVU,38,25,15,252.00,"3,780.00"
2020-07-20,2020072001032606,PRVU,55,25,100,252.00,"25,200.00"
2020-07-20,2020072001032524,RBCL,19,55,20,"9,750.00","195,000.00"
2020-07-20,2020072001032528,RHPC,42,34,237,88.00,"20,856.00"
2020-07-20,2020072001032460,RHPC,42,26,45,88.00,"3,960.00"
2020-07-20,2020072001032832,RMDC,33,34,100,710.00,"71,000.00"
2020-07-20,2020072001032620,RMDC,57,29,200,711.00,"142,200.00"
2020-07-20,2020072001032619,RMDC,33,29,530,712.00,"377,360.00"
2020-07-20,2020072001032618,RMDC,29,29,10,714.00,"7,140.00"
2020-07-20,2020072001032520,RMDC,33,39,470,712.00,"334,640.00"
2020-07-20,2020072001032519,RMDC,33,39,500,713.00,"356,500.00"
2020-07-20,2020072001032518,RMDC,35,39,10,713.00,"7,130.00"
2020-07-20,2020072001032517,RMDC,44,39,250,713.00,"178,250.00"
2020-07-20,2020072001032516,RMDC,34,39,10,714.00,"7,140.00"
2020-07-20,2020072001032502,RMDC,34,6,14,714.00,"9,996.00"
2020-07-20,2020072001032848,RSDC,49,36,50,528.00,"26,400.00"
2020-07-20,2020072001032534,RSDC,22,39,200,528.00,"105,600.00"
2020-07-20,2020072001032655,SABSL,16,54,11,810.00,"8,910.00"
2020-07-20,2020072001032902,SANIMA,6,44,150,381.00,"57,150.00"
2020-07-20,2020072001032825,SANIMA,6,26,50,381.00,"19,050.00"
2020-07-20,2020072001032561,SANIMA,36,6,200,383.00,"76,600.00"
2020-07-20,2020072001032560,SANIMA,36,52,200,383.00,"76,600.00"
2020-07-20,2020072001032559,SANIMA,36,34,51,383.00,"19,533.00"
2020-07-20,2020072001032558,SANIMA,36,25,100,382.00,"38,200.00"
2020-07-20,2020072001032557,SANIMA,36,57,892,382.00,"340,744.00"
2020-07-20,2020072001032760,SBI,48,3,100,474.00,"47,400.00"
2020-07-20,2020072001032778,SBL,43,58,948,324.00,"307,152.00"
2020-07-20,2020072001032686,SBL,26,55,85,328.00,"27,880.00"
2020-07-20,2020072001032685,SBL,26,11,15,328.00,"4,920.00"
2020-07-20,2020072001032596,SCB,44,53,500,700.00,"350,000.00"
2020-07-20,2020072001032574,SCB,44,37,179,700.00,"125,300.00"
2020-07-20,2020072001032573,SCB,44,37,59,700.00,"41,300.00"
2020-07-20,2020072001032572,SCB,58,37,10,701.00,"7,010.00"
2020-07-20,2020072001032571,SCB,49,37,500,701.00,"350,500.00"
2020-07-20,2020072001032570,SCB,56,37,50,701.00,"35,050.00"
2020-07-20,2020072001032569,SCB,25,37,50,701.00,"35,050.00"
2020-07-20,2020072001032568,SCB,46,37,130,701.00,"91,130.00"
2020-07-20,2020072001032567,SCB,36,37,120,702.00,"84,240.00"
2020-07-20,2020072001032522,SCB,36,53,130,702.00,"91,260.00"
2020-07-20,2020072001032481,SCB,48,53,200,702.00,"140,400.00"
2020-07-20,2020072001032541,SEF,17,1,"3,000",9.98,"29,940.00"
2020-07-20,2020072001032540,SEF,17,32,100,9.98,998.00
2020-07-20,2020072001032539,SEF,17,32,100,9.98,998.00
2020-07-20,2020072001032538,SEF,17,43,"2,400",9.98,"23,952.00"
2020-07-20,2020072001032537,SEF,17,58,"1,000",9.98,"9,980.00"
2020-07-20,2020072001032536,SEF,17,41,"1,000",9.98,"9,980.00"
2020-07-20,2020072001032535,SEF,17,36,"5,000",9.98,"49,900.00"
2020-07-20,2020072001032791,SHINE,57,38,970,251.00,"243,470.00"
2020-07-20,2020072001032435,SHINE,39,7,70,250.00,"17,500.00"
2020-07-20,2020072001032473,SHINE,39,38,30,251.00,"7,530.00"
2020-07-20,2020072001032436,SHINE,39,57,400,250.00,"100,000.00"
2020-07-20,2020072001032547,SHIVM,40,4,500,617.00,"308,500.00"
2020-07-20,2020072001032485,SHIVM,11,36,20,618.00,"12,360.00"
2020-07-20,2020072001032454,SHIVM,19,36,210,618.00,"129,780.00"
2020-07-20,2020072001032453,SHIVM,19,22,90,618.00,"55,620.00"
2020-07-20,2020072001032931,SICL,45,46,20,"1,080.00","21,600.00"
2020-07-20,2020072001032480,SICL,5,44,100,"1,070.00","107,000.00"
2020-07-20,2020072001032533,SIL,34,6,10,620.00,"6,200.00"
2020-07-20,2020072001032532,SIL,34,38,40,618.00,"24,720.00"
2020-07-20,2020072001032926,SJCL,43,7,50,141.00,"7,050.00"
2020-07-20,2020072001032925,SJCL,43,35,20,139.00,"2,780.00"
2020-07-20,2020072001032775,SKBBL,56,18,93,"1,300.00","120,900.00"
2020-07-20,2020072001032598,SKBBL,56,26,300,"1,300.00","390,000.00"
2020-07-20,2020072001032722,SLBBL,49,49,150,893.00,"133,950.00"
2020-07-20,2020072001032721,SLBBL,44,49,50,893.00,"44,650.00"
2020-07-20,2020072001032690,SLBBL,34,45,10,900.00,"9,000.00"
2020-07-20,2020072001032490,SLBBL,44,44,50,893.00,"44,650.00"
2020-07-20,2020072001032689,SLBBL,34,59,80,895.00,"71,600.00"
2020-07-20,2020072001032504,SLBBL,28,59,20,895.00,"17,900.00"
2020-07-20,2020072001032503,SLBBL,28,26,80,895.00,"71,600.00"
2020-07-20,2020072001032491,SLBBL,44,44,110,893.00,"98,230.00"
2020-07-20,2020072001032483,TRH,45,32,25,182.00,"4,550.00"
2020-07-20,2020072001032826,UIC,45,52,40,390.00,"15,600.00"
2020-07-20,2020072001032794,UIC,48,52,200,390.00,"78,000.00"
2020-07-20,2020072001032551,UIC,19,52,100,390.00,"39,000.00"
2020-07-20,2020072001032548,UIC,34,45,204,389.00,"79,356.00"
2020-07-20,2020072001032543,UIC,7,52,20,390.00,"7,800.00"
2020-07-20,2020072001032879,UMHL,51,42,300,104.00,"31,200.00"
2020-07-20,2020072001032445,UPPER,44,22,"1,338",239.00,"319,782.00"
2020-07-20,2020072001032510,UPPER,58,52,40,240.00,"9,600.00"
2020-07-20,2020072001032509,UPPER,58,38,312,240.00,"74,880.00"
2020-07-20,2020072001032625,WOMI,45,57,49,997.00,"48,853.00"
2020-07-20,2020072001032624,WOMI,20,57,51,997.00,"50,847.00"
2020-07-20,2020072001032387,ADBL,14,58,112,440.00,"49,280.00"
2020-07-20,2020072001032307,ADBL,14,49,"1,500",440.00,"660,000.00"
2020-07-20,2020072001032275,ADBL,14,6,145,440.00,"63,800.00"
2020-07-20,2020072001032274,ADBL,14,52,40,440.00,"17,600.00"
2020-07-20,2020072001032273,ADBL,14,54,30,440.00,"13,200.00"
2020-07-20,2020072001032272,ADBL,14,49,15,438.00,"6,570.00"
2020-07-20,2020072001032271,ADBL,14,51,500,438.00,"219,000.00"
2020-07-20,2020072001031966,ADBL,38,49,"1,000",435.00,"435,000.00"
2020-07-20,2020072001031965,ADBL,38,17,10,435.00,"4,350.00"
2020-07-20,2020072001031964,ADBL,38,16,150,434.00,"65,100.00"
2020-07-20,2020072001032318,AKPL,14,4,13,120.00,"1,560.00"
2020-07-20,2020072001032315,ALBSL,28,29,53,760.00,"40,280.00"
2020-07-20,2020072001032385,ALICL,14,42,250,635.00,"158,750.00"
2020-07-20,2020072001032050,ALICL,14,38,240,639.00,"153,360.00"
2020-07-20,2020072001032049,ALICL,14,45,530,638.00,"338,140.00"
2020-07-20,2020072001032048,ALICL,14,58,230,636.00,"146,280.00"
2020-07-20,2020072001032001,ALICL,34,45,10,638.00,"6,380.00"
2020-07-20,2020072001032000,ALICL,34,59,60,635.00,"38,100.00"
2020-07-20,2020072001032302,API,25,13,150,110.00,"16,500.00"
2020-07-20,2020072001032215,API,25,25,422,110.00,"46,420.00"
2020-07-20,2020072001032098,API,25,25,46,110.00,"5,060.00"
2020-07-20,2020072001032097,API,42,25,171,110.00,"18,810.00"
2020-07-20,2020072001032096,API,52,25,100,111.00,"11,100.00"
2020-07-20,2020072001032095,API,26,25,300,111.00,"33,300.00"
2020-07-20,2020072001032094,API,26,25,26,111.00,"2,886.00"
2020-07-20,2020072001032379,BOKL,22,59,174,245.00,"42,630.00"
2020-07-20,2020072001032378,BOKL,33,59,26,245.00,"6,370.00"
2020-07-20,2020072001032237,BOKL,45,36,10,246.00,"2,460.00"
2020-07-20,2020072001032142,BOKL,33,55,200,245.00,"49,000.00"
2020-07-20,2020072001032085,BOKL,33,44,118,245.00,"28,910.00"
2020-07-20,2020072001032047,BOKL,33,52,156,244.00,"38,064.00"
2020-07-20,2020072001032010,BOKL,59,52,200,244.00,"48,800.00"
2020-07-20,2020072001032086,CBBL,55,3,100,"1,079.00","107,900.00"
2020-07-20,2020072001032013,CBBL,39,45,29,"1,071.00","31,059.00"
2020-07-20,2020072001032019,CBL,19,44,338,147.00,"49,686.00"
2020-07-20,2020072001032431,CIT,14,26,500,"2,580.00","1,290,000.00"
2020-07-20,2020072001031970,CLBSL,17,53,50,775.00,"38,750.00"
2020-07-20,2020072001032087,CMF1,4,45,100,10.00,"1,000.00"
2020-07-20,2020072001032025,CMF1,4,42,100,9.85,985.00
2020-07-20,2020072001032309,CZBIL,57,32,10,208.00,"2,080.00"
2020-07-20,2020072001032287,CZBIL,57,34,478,208.00,"99,424.00"
2020-07-20,2020072001032228,CZBIL,14,45,100,209.00,"20,900.00"
2020-07-20,2020072001032194,CZBIL,57,4,10,208.00,"2,080.00"
2020-07-20,2020072001032060,CZBIL,57,20,12,208.00,"2,496.00"
2020-07-20,2020072001032059,CZBIL,57,21,900,208.00,"187,200.00"
2020-07-20,2020072001032058,CZBIL,57,36,141,207.00,"29,187.00"
2020-07-20,2020072001032057,CZBIL,57,32,500,207.00,"103,500.00"
2020-07-20,2020072001032430,DDBL,55,58,46,860.00,"39,560.00"
2020-07-20,2020072001032429,DDBL,55,50,24,860.00,"20,640.00"
2020-07-20,2020072001032107,DDBL,57,58,10,854.00,"8,540.00"
2020-07-20,2020072001032106,DDBL,57,58,20,855.00,"17,100.00"
2020-07-20,2020072001032105,DDBL,26,58,100,855.00,"85,500.00"
2020-07-20,2020072001032104,DDBL,39,58,370,855.00,"316,350.00"
2020-07-20,2020072001031995,DDBL,39,47,30,855.00,"25,650.00"
2020-07-20,2020072001031994,DDBL,42,47,10,855.00,"8,550.00"
2020-07-20,2020072001032433,EBL,22,6,20,771.00,"15,420.00"
2020-07-20,2020072001032152,EBL,57,38,19,770.00,"14,630.00"
2020-07-20,2020072001032151,EBL,35,38,25,772.00,"19,300.00"
2020-07-20,2020072001032117,EBL,35,40,25,772.00,"19,300.00"
2020-07-20,2020072001032076,EBL,25,40,25,772.00,"19,300.00"
2020-07-20,2020072001032062,EBL,57,59,349,770.00,"268,730.00"
2020-07-20,2020072001031940,EBL,57,13,240,770.00,"184,800.00"
2020-07-20,2020072001031939,EBL,57,48,105,770.00,"80,850.00"
2020-07-20,2020072001031938,EBL,57,14,200,770.00,"154,000.00"
2020-07-20,2020072001032381,EDBL,33,34,80,327.00,"26,160.00"
2020-07-20,2020072001032353,EDBL,19,34,388,327.00,"126,876.00"
2020-07-20,2020072001032352,EDBL,19,52,112,326.00,"36,512.00"
2020-07-20,2020072001031959,EIC,28,49,200,422.00,"84,400.00"
2020-07-20,2020072001032414,FMDBL,36,39,300,568.00,"170,400.00"
2020-07-20,2020072001032081,FMDBL,7,48,200,570.00,"114,000.00"
2020-07-20,2020072001032080,FMDBL,7,26,200,570.00,"114,000.00"
2020-07-20,2020072001032079,FMDBL,7,59,85,570.00,"48,450.00"
2020-07-20,2020072001032078,FMDBL,7,53,100,568.00,"56,800.00"
2020-07-20,2020072001032077,FMDBL,7,38,65,568.00,"36,920.00"
2020-07-20,2020072001032029,FMDBL,10,29,50,564.00,"28,200.00"
2020-07-20,2020072001031976,FMDBL,10,14,100,563.00,"56,300.00"
2020-07-20,2020072001032380,GBBL,34,35,10,245.00,"2,450.00"
2020-07-20,2020072001032373,GBIME,10,37,55,272.00,"14,960.00"
2020-07-20,2020072001032372,GBIME,22,37,45,272.00,"12,240.00"
2020-07-20,2020072001032358,GBIME,22,1,155,272.00,"42,160.00"
2020-07-20,2020072001032334,GBIME,21,1,745,272.00,"202,640.00"
2020-07-20,2020072001032333,GBIME,21,28,255,272.00,"69,360.00"
2020-07-20,2020072001032296,GBIME,28,28,170,272.00,"46,240.00"
2020-07-20,2020072001032268,GBIME,44,33,"1,000",271.00,"271,000.00"
2020-07-20,2020072001032220,GBIME,44,33,57,271.00,"15,447.00"
2020-07-20,2020072001032165,GBIME,44,36,36,271.00,"9,756.00"
2020-07-20,2020072001032099,GBIME,53,28,200,272.00,"54,400.00"
2020-07-20,2020072001032088,GBIME,43,28,50,272.00,"13,600.00"
2020-07-20,2020072001031937,GBIME,44,59,300,271.00,"81,300.00"
2020-07-20,2020072001032317,GBLBS,26,34,15,514.00,"7,710.00"
2020-07-20,2020072001032298,GBLBS,56,52,101,514.00,"51,914.00"
2020-07-20,2020072001032297,GBLBS,57,52,94,515.00,"48,410.00"
2020-07-20,2020072001032267,GBLBS,57,34,15,515.00,"7,725.00"
2020-07-20,2020072001032248,GBLBS,57,58,391,515.00,"201,365.00"
2020-07-20,2020072001032214,GBLBS,56,34,15,514.00,"7,710.00"
2020-07-20,2020072001031967,GBLBS,8,36,279,515.00,"143,685.00"
2020-07-20,2020072001032103,GBLBS,48,58,200,515.00,"103,000.00"
2020-07-20,2020072001032102,GBLBS,29,58,100,515.00,"51,500.00"
2020-07-20,2020072001032101,GBLBS,51,58,779,515.00,"401,185.00"
2020-07-20,2020072001032100,GBLBS,22,58,30,519.00,"15,570.00"
2020-07-20,2020072001031969,GBLBS,51,36,221,515.00,"113,815.00"
2020-07-20,2020072001031968,GBLBS,8,36,200,515.00,"103,000.00"
2020-07-20,2020072001032290,GFCL,19,44,150,151.00,"22,650.00"
2020-07-20,2020072001032181,GFCL,45,33,74,149.00,"11,026.00"
2020-07-20,2020072001032180,GFCL,14,33,100,149.00,"14,900.00"
2020-07-20,2020072001032179,GFCL,25,33,46,150.00,"6,900.00"
2020-07-20,2020072001032238,GGBSL,38,29,30,910.00,"27,300.00"
2020-07-20,2020072001031949,GHL,34,45,30,57.00,"1,710.00"
2020-07-20,2020072001032212,GILB,28,29,16,"1,291.00","20,656.00"
2020-07-20,2020072001032061,GILB,44,29,180,"1,302.00","234,360.00"
2020-07-20,2020072001031960,GILB,28,29,17,"1,304.00","22,168.00"
2020-07-20,2020072001032300,GLBSL,55,54,10,911.00,"9,110.00"
2020-07-20,2020072001032093,GLICL,48,34,50,480.00,"24,000.00"
2020-07-20,2020072001032365,GRDBL,42,7,50,115.00,"5,750.00"
2020-07-20,2020072001032427,HDL,32,29,50,"1,643.00","82,150.00"
2020-07-20,2020072001032396,HDL,58,45,"1,150","1,650.00","1,897,500.00"
2020-07-20,2020072001032395,HDL,58,17,60,"1,649.00","98,940.00"
2020-07-20,2020072001032313,HDL,44,17,100,"1,649.00","164,900.00"
2020-07-20,2020072001032252,HDL,33,45,50,"1,650.00","82,500.00"
2020-07-20,2020072001032222,HDL,33,42,50,"1,655.00","82,750.00"
2020-07-20,2020072001032221,HDL,33,20,100,"1,654.00","165,400.00"
2020-07-20,2020072001032187,HDL,33,17,50,"1,649.00","82,450.00"
2020-07-20,2020072001032174,HDL,45,5,100,"1,650.00","165,000.00"
2020-07-20,2020072001032018,HDL,56,5,30,"1,641.00","49,230.00"
2020-07-20,2020072001032017,HDL,8,5,20,"1,645.00","32,900.00"
2020-07-20,2020072001032135,HGI,16,33,500,422.00,"211,000.00"
2020-07-20,2020072001032134,HGI,35,33,300,422.00,"126,600.00"
2020-07-20,2020072001032133,HGI,44,33,500,422.00,"211,000.00"
2020-07-20,2020072001032132,HGI,19,33,200,422.00,"84,400.00"
2020-07-20,2020072001032131,HGI,35,33,"1,500",423.00,"634,500.00"
2020-07-20,2020072001032130,HGI,58,33,30,423.00,"12,690.00"
2020-07-20,2020072001032129,HGI,57,33,50,424.00,"21,200.00"
2020-07-20,2020072001032011,HURJA,57,11,190,98.00,"18,620.00"
2020-07-20,2020072001032326,ICFC,57,29,"1,000",189.00,"189,000.00"
2020-07-20,2020072001032033,ICFC,57,29,559,187.00,"104,533.00"
2020-07-20,2020072001032032,ICFC,50,29,400,187.00,"74,800.00"
2020-07-20,2020072001032031,ICFC,33,29,10,187.00,"1,870.00"
2020-07-20,2020072001032030,ICFC,26,29,31,188.00,"5,828.00"
2020-07-20,2020072001032056,ILBS,35,56,105,829.00,"87,045.00"
2020-07-20,2020072001032305,JBBL,57,22,70,182.00,"12,740.00"
2020-07-20,2020072001032139,JBBL,59,22,100,182.00,"18,200.00"
2020-07-20,2020072001032382,KBL,46,58,500,204.00,"102,000.00"
2020-07-20,2020072001032374,KBL,46,17,471,204.00,"96,084.00"
2020-07-20,2020072001032163,KBL,35,17,100,204.00,"20,400.00"
2020-07-20,2020072001032089,KBL,13,17,429,204.00,"87,516.00"
2020-07-20,2020072001032399,KPCL,25,16,10,103.00,"1,030.00"
2020-07-20,2020072001032340,KPCL,25,16,10,103.00,"1,030.00"
2020-07-20,2020072001032283,KPCL,25,16,10,103.00,"1,030.00"
2020-07-20,2020072001032230,KPCL,25,16,10,103.00,"1,030.00"
2020-07-20,2020072001032178,KPCL,25,16,10,103.00,"1,030.00"
2020-07-20,2020072001032145,KSBBL,48,17,16,161.00,"2,576.00"
2020-07-20,2020072001032254,LBBL,49,28,"1,000",196.00,"196,000.00"
2020-07-20,2020072001032253,LBBL,45,28,123,196.00,"24,108.00"
2020-07-20,2020072001032207,LBBL,29,28,"3,480",198.00,"689,040.00"
2020-07-20,2020072001032206,LBBL,29,10,489,198.00,"96,822.00"
2020-07-20,2020072001032205,LBBL,29,44,101,198.00,"19,998.00"
2020-07-20,2020072001032204,LBBL,29,25,723,198.00,"143,154.00"
2020-07-20,2020072001032203,LBBL,29,37,207,197.00,"40,779.00"
2020-07-20,2020072001032173,LBBL,45,57,33,196.00,"6,468.00"
2020-07-20,2020072001032170,LBBL,45,55,100,196.00,"19,600.00"
2020-07-20,2020072001032063,LBBL,45,19,44,196.00,"8,624.00"
2020-07-20,2020072001032279,LBL,21,10,20,239.00,"4,780.00"
2020-07-20,2020072001032074,LBL,29,19,99,240.00,"23,760.00"
2020-07-20,2020072001032232,LICN,38,5,100,"1,440.00","144,000.00"
2020-07-20,2020072001032119,LLBS,14,37,35,"1,130.00","39,550.00"
2020-07-20,2020072001032118,LLBS,14,19,50,"1,128.00","56,400.00"
2020-07-20,2020072001032310,MEGA,33,13,850,240.00,"204,000.00"
2020-07-20,2020072001032256,MEGA,7,29,49,238.00,"11,662.00"
2020-07-20,2020072001032138,MEGA,10,13,100,240.00,"24,000.00"
2020-07-20,2020072001032092,MEGA,35,26,70,241.00,"16,870.00"
2020-07-20,2020072001032200,MEGA,3,29,500,238.00,"119,000.00"
2020-07-20,2020072001032199,MEGA,34,29,100,238.00,"23,800.00"
2020-07-20,2020072001032198,MEGA,19,29,454,238.00,"108,052.00"
2020-07-20,2020072001032197,MEGA,45,29,50,239.00,"11,950.00"
2020-07-20,2020072001032182,MEGA,43,13,50,240.00,"12,000.00"
2020-07-20,2020072001032141,MEGA,33,43,101,240.00,"24,240.00"
2020-07-20,2020072001032202,MEGA,21,29,80,238.00,"19,040.00"
2020-07-20,2020072001032201,MEGA,19,29,200,238.00,"47,600.00"
2020-07-20,2020072001031947,MERO,47,34,91,660.00,"60,060.00"
2020-07-20,2020072001031946,MERO,43,34,65,661.00,"42,965.00"
2020-07-20,2020072001031945,MERO,16,34,13,662.00,"8,606.00"
2020-07-20,2020072001032408,MFIL,45,50,50,306.00,"15,300.00"
2020-07-20,2020072001032090,MHNL,42,45,40,79.00,"3,160.00"
2020-07-20,2020072001032357,MLBBL,1,39,35,764.00,"26,740.00"
2020-07-20,2020072001032356,MLBBL,16,39,15,764.00,"11,460.00"
2020-07-20,2020072001032251,MLBL,57,19,41,203.00,"8,323.00"
2020-07-20,2020072001032250,MLBL,32,19,28,203.00,"5,684.00"
2020-07-20,2020072001032192,MLBL,32,11,120,203.00,"24,360.00"
2020-07-20,2020072001032191,MLBL,53,11,80,204.00,"16,320.00"
2020-07-20,2020072001032015,MNBBL,53,39,200,342.00,"68,400.00"
2020-07-20,2020072001032289,NABIL,42,38,136,867.00,"117,912.00"
2020-07-20,2020072001032281,NABIL,34,5,10,870.00,"8,700.00"
2020-07-20,2020072001032082,NABIL,42,42,100,867.00,"86,700.00"
2020-07-20,2020072001032193,NBB,38,35,100,219.00,"21,900.00"
2020-07-20,2020072001032362,NBL,33,43,20,275.00,"5,500.00"
2020-07-20,2020072001032190,NBL,52,8,100,274.00,"27,400.00"
2020-07-20,2020072001032312,NCCB,57,52,200,201.00,"40,200.00"
2020-07-20,2020072001032126,NCCB,57,49,258,201.00,"51,858.00"
2020-07-20,2020072001032125,NCCB,54,49,300,201.00,"60,300.00"
2020-07-20,2020072001032124,NCCB,1,49,300,201.00,"60,300.00"
2020-07-20,2020072001032123,NCCB,11,49,82,201.00,"16,482.00"
2020-07-20,2020072001032122,NCCB,45,49,10,201.00,"2,010.00"
2020-07-20,2020072001032112,NCCB,38,16,200,204.00,"40,800.00"
2020-07-20,2020072001032027,NCCB,50,11,100,202.00,"20,200.00"
2020-07-20,2020072001031978,NCCB,50,52,50,202.00,"10,100.00"
2020-07-20,2020072001031971,NCCB,42,52,100,202.00,"20,200.00"
2020-07-20,2020072001031936,NCCB,26,21,150,201.00,"30,150.00"
2020-07-20,2020072001031935,NCCB,33,21,49,201.00,"9,849.00"
2020-07-20,2020072001032121,NCCB,51,49,200,201.00,"40,200.00"
2020-07-20,2020072001032120,NCCB,50,49,850,202.00,"171,700.00"
2020-07-20,2020072001032116,NCCB,38,53,816,205.00,"167,280.00"
2020-07-20,2020072001032115,NCCB,38,34,400,205.00,"82,000.00"
2020-07-20,2020072001032114,NCCB,38,56,385,205.00,"78,925.00"
2020-07-20,2020072001032113,NCCB,38,1,199,204.00,"40,596.00"
2020-07-20,2020072001032407,NIB,49,59,10,476.00,"4,760.00"
2020-07-20,2020072001032361,NIB,28,45,84,475.00,"39,900.00"
2020-07-20,2020072001032360,NIB,55,45,44,475.00,"20,900.00"
2020-07-20,2020072001032347,NIB,54,59,100,476.00,"47,600.00"
2020-07-20,2020072001032249,NIB,58,59,25,476.00,"11,900.00"
2020-07-20,2020072001032229,NIB,55,6,56,475.00,"26,600.00"
2020-07-20,2020072001032002,NIB,32,59,109,476.00,"51,884.00"
2020-07-20,2020072001032006,NIB,13,59,50,476.00,"23,800.00"
2020-07-20,2020072001032005,NIB,45,59,10,476.00,"4,760.00"
2020-07-20,2020072001032004,NIB,49,59,200,476.00,"95,200.00"
2020-07-20,2020072001032003,NIB,21,59,100,476.00,"47,600.00"
2020-07-20,2020072001032364,NIBPO,42,19,128,400.00,"51,200.00"
2020-07-20,2020072001032363,NIBPO,42,58,883,400.00,"353,200.00"
2020-07-20,2020072001032332,NIBPO,14,58,500,400.00,"200,000.00"
2020-07-20,2020072001032217,NIBPO,25,59,"2,212",396.00,"875,952.00"
2020-07-20,2020072001032069,NIBPO,49,1,250,399.00,"99,750.00"
2020-07-20,2020072001032398,NICA,56,17,30,594.00,"17,820.00"
2020-07-20,2020072001032137,NICA,59,17,200,594.00,"118,800.00"
2020-07-20,2020072001032066,NICA,28,17,67,594.00,"39,798.00"
2020-07-20,2020072001032065,NICA,28,52,80,593.00,"47,440.00"
2020-07-20,2020072001032064,NICA,28,53,153,592.00,"90,576.00"
2020-07-20,2020072001032035,NICA,36,45,200,590.00,"118,000.00"
2020-07-20,2020072001032034,NICA,6,45,100,590.00,"59,000.00"
2020-07-20,2020072001032008,NICA,29,53,97,592.00,"57,424.00"
2020-07-20,2020072001032335,NICL,25,17,100,465.00,"46,500.00"
2020-07-20,2020072001032016,NICL,25,56,"1,000",465.00,"465,000.00"
2020-07-20,2020072001032406,NICLBSL,3,58,10,688.00,"6,880.00"
2020-07-20,2020072001032394,NICLBSL,3,47,10,688.00,"6,880.00"
2020-07-20,2020072001032346,NICLBSL,3,58,10,688.00,"6,880.00"
2020-07-20,2020072001032336,NICLBSL,3,6,10,688.00,"6,880.00"
2020-07-20,2020072001032331,NICLBSL,3,16,10,688.00,"6,880.00"
2020-07-20,2020072001032330,NICLBSL,3,43,10,688.00,"6,880.00"
2020-07-20,2020072001031972,NICLBSL,3,16,10,688.00,"6,880.00"
2020-07-20,2020072001031950,NICLBSL,3,6,10,688.00,"6,880.00"
2020-07-20,2020072001032208,NICLBSL,3,47,10,688.00,"6,880.00"
2020-07-20,2020072001032150,NICLBSL,3,6,10,688.00,"6,880.00"
2020-07-20,2020072001032136,NICLBSL,3,16,10,688.00,"6,880.00"
2020-07-20,2020072001032073,NICLBSL,3,6,10,688.00,"6,880.00"
2020-07-20,2020072001032037,NICLBSL,3,58,10,688.00,"6,880.00"
2020-07-20,2020072001031973,NICLBSL,3,58,10,688.00,"6,880.00"
2020-07-20,2020072001032327,NICLBSL,3,1,10,688.00,"6,880.00"
2020-07-20,2020072001032311,NICLBSL,3,58,10,688.00,"6,880.00"
2020-07-20,2020072001032308,NICLBSL,3,47,10,688.00,"6,880.00"
2020-07-20,2020072001032270,NICLBSL,3,6,10,688.00,"6,880.00"
2020-07-20,2020072001032265,NICLBSL,3,47,10,688.00,"6,880.00"
2020-07-20,2020072001032235,NICLBSL,3,16,10,688.00,"6,880.00"
2020-07-20,2020072001032377,NIL,14,55,25,630.00,"15,750.00"
2020-07-20,2020072001032149,NLBBL,17,53,50,751.00,"37,550.00"
2020-07-20,2020072001032161,NLIC,55,58,541,"1,310.00","708,710.00"
2020-07-20,2020072001032160,NLIC,48,58,100,"1,310.00","131,000.00"
2020-07-20,2020072001032159,NLIC,28,58,200,"1,310.00","262,000.00"
2020-07-20,2020072001032158,NLIC,37,58,100,"1,310.00","131,000.00"
2020-07-20,2020072001032157,NLIC,6,58,50,"1,314.00","65,700.00"
2020-07-20,2020072001032156,NLIC,55,58,500,"1,314.00","657,000.00"
2020-07-20,2020072001032052,NLIC,42,59,50,"1,319.00","65,950.00"
2020-07-20,2020072001032051,NLIC,28,59,74,"1,320.00","97,680.00"
2020-07-20,2020072001032040,NLIC,28,10,126,"1,320.00","166,320.00"
2020-07-20,2020072001032039,NLIC,28,10,74,"1,320.00","97,680.00"
2020-07-20,2020072001032038,NLIC,6,10,300,"1,321.00","396,300.00"
2020-07-20,2020072001032028,NLIC,34,34,50,"1,329.00","66,450.00"
2020-07-20,2020072001032155,NLIC,32,58,50,"1,317.00","65,850.00"
2020-07-20,2020072001032154,NLIC,33,58,344,"1,317.00","453,048.00"
2020-07-20,2020072001032153,NLIC,14,58,50,"1,318.00","65,900.00"
2020-07-20,2020072001032055,NLIC,33,59,156,"1,317.00","205,452.00"
2020-07-20,2020072001032054,NLIC,33,59,100,"1,317.00","131,700.00"
2020-07-20,2020072001032053,NLIC,36,59,200,"1,318.00","263,600.00"
2020-07-20,2020072001032285,NLICL,33,28,500,700.00,"350,000.00"
2020-07-20,2020072001032284,NLICL,6,28,100,700.00,"70,000.00"
2020-07-20,2020072001032405,NMB,14,40,23,444.00,"10,212.00"
2020-07-20,2020072001032404,NMB,52,40,200,444.00,"88,800.00"
2020-07-20,2020072001032403,NMB,52,40,277,444.00,"122,988.00"
2020-07-20,2020072001032344,NMB,52,59,23,444.00,"10,212.00"
2020-07-20,2020072001032343,NMB,58,59,50,444.00,"22,200.00"
2020-07-20,2020072001032342,NMB,52,59,100,445.00,"44,500.00"
2020-07-20,2020072001031989,NMB,45,6,146,444.00,"64,824.00"
2020-07-20,2020072001031988,NMB,28,6,"1,000",444.00,"444,000.00"
2020-07-20,2020072001031987,NMB,22,6,33,444.00,"14,652.00"
2020-07-20,2020072001031986,NMB,58,6,500,445.00,"222,500.00"
2020-07-20,2020072001031977,NMB,28,22,500,447.00,"223,500.00"
2020-07-20,2020072001032024,NMB,17,4,20,443.00,"8,860.00"
2020-07-20,2020072001032023,NMB,19,4,45,443.00,"19,935.00"
2020-07-20,2020072001032022,NMB,28,4,"1,000",444.00,"444,000.00"
2020-07-20,2020072001032021,NMB,42,4,50,444.00,"22,200.00"
2020-07-20,2020072001032020,NMB,45,4,179,444.00,"79,476.00"
2020-07-20,2020072001031990,NMB,45,6,321,444.00,"142,524.00"
2020-07-20,2020072001032148,NMB,45,56,115,445.00,"51,175.00"
2020-07-20,2020072001032147,NMB,45,56,158,445.00,"70,310.00"
2020-07-20,2020072001032128,NMB,45,35,122,445.00,"54,290.00"
2020-07-20,2020072001032072,NMB,45,4,120,443.00,"53,160.00"
2020-07-20,2020072001032071,NMB,59,4,200,443.00,"88,600.00"
2020-07-20,2020072001032026,NMB,58,4,500,443.00,"221,500.00"
2020-07-20,2020072001032292,NMB,45,39,85,445.00,"37,825.00"
2020-07-20,2020072001032282,NMB,45,6,200,445.00,"89,000.00"
2020-07-20,2020072001032269,NMB,49,6,250,446.00,"111,500.00"
2020-07-20,2020072001032227,NMB,48,6,"1,000",446.00,"446,000.00"
2020-07-20,2020072001032224,NMB,35,6,100,446.00,"44,600.00"
2020-07-20,2020072001032183,NMB,28,6,"1,100",446.00,"490,600.00"
2020-07-20,2020072001032341,NMB,45,59,227,445.00,"101,015.00"
2020-07-20,2020072001032322,NMB,45,22,58,445.00,"25,810.00"
2020-07-20,2020072001032321,NMB,34,22,465,446.00,"207,390.00"
2020-07-20,2020072001032319,NMB,34,6,535,446.00,"238,610.00"
2020-07-20,2020072001032295,NMB,17,6,15,446.00,"6,690.00"
2020-07-20,2020072001032293,NMB,45,39,15,445.00,"6,675.00"
2020-07-20,2020072001032432,NMBMF,8,56,200,781.00,"156,200.00"
2020-07-20,2020072001032234,NMBMF,14,58,50,785.00,"39,250.00"
2020-07-20,2020072001032233,NMBMF,49,58,202,785.00,"158,570.00"
2020-07-20,2020072001032213,NMBMF,49,17,13,785.00,"10,205.00"
2020-07-20,2020072001032410,NRIC,13,39,250,560.00,"140,000.00"
2020-07-20,2020072001032409,NRIC,46,39,220,561.00,"123,420.00"
2020-07-20,2020072001032401,NRIC,46,35,280,561.00,"157,080.00"
2020-07-20,2020072001032400,NRIC,56,35,20,561.00,"11,220.00"
2020-07-20,2020072001032384,NRIC,56,59,40,561.00,"22,440.00"
2020-07-20,2020072001032371,NRIC,56,56,40,561.00,"22,440.00"
2020-07-20,2020072001031958,NRIC,17,36,50,560.00,"28,000.00"
2020-07-20,2020072001031956,NRIC,17,44,610,562.00,"342,820.00"
2020-07-20,2020072001031955,NRIC,17,46,50,561.00,"28,050.00"
2020-07-20,2020072001031954,NRIC,17,57,40,561.00,"22,440.00"
2020-07-20,2020072001031953,NRIC,17,45,300,561.00,"168,300.00"
2020-07-20,2020072001031998,NRIC,41,34,20,560.00,"11,200.00"
2020-07-20,2020072001031997,NRIC,42,34,20,560.00,"11,200.00"
2020-07-20,2020072001031996,NRIC,7,34,40,560.00,"22,400.00"
2020-07-20,2020072001031985,NRIC,7,55,160,560.00,"89,600.00"
2020-07-20,2020072001031984,NRIC,6,55,50,560.00,"28,000.00"
2020-07-20,2020072001031983,NRIC,17,55,790,560.00,"442,400.00"
2020-07-20,2020072001032109,NRIC,13,38,40,560.00,"22,400.00"
2020-07-20,2020072001032091,NRIC,18,44,50,562.00,"28,100.00"
2020-07-20,2020072001032070,NRIC,32,55,40,561.00,"22,440.00"
2020-07-20,2020072001032009,NRIC,13,38,40,560.00,"22,400.00"
2020-07-20,2020072001032007,NRIC,32,42,40,561.00,"22,440.00"
2020-07-20,2020072001031999,NRIC,13,34,20,560.00,"11,200.00"
2020-07-20,2020072001032172,NRIC,38,40,40,561.00,"22,440.00"
2020-07-20,2020072001032171,NRIC,38,3,40,561.00,"22,440.00"
2020-07-20,2020072001032166,NRIC,13,13,40,560.00,"22,400.00"
2020-07-20,2020072001032146,NRIC,13,29,40,560.00,"22,400.00"
2020-07-20,2020072001032140,NRIC,6,59,40,561.00,"22,440.00"
2020-07-20,2020072001032127,NRIC,6,44,300,562.00,"168,600.00"
2020-07-20,2020072001032291,NRIC,36,44,200,562.00,"112,400.00"
2020-07-20,2020072001032278,NRIC,38,29,30,561.00,"16,830.00"
2020-07-20,2020072001032255,NRIC,38,59,40,561.00,"22,440.00"
2020-07-20,2020072001032223,NRIC,38,38,40,561.00,"22,440.00"
2020-07-20,2020072001032218,NRIC,38,29,30,561.00,"16,830.00"
2020-07-20,2020072001032184,NRIC,38,42,40,561.00,"22,440.00"
2020-07-20,2020072001032351,NRIC,46,44,300,562.00,"168,600.00"
2020-07-20,2020072001032320,NRIC,38,38,30,561.00,"16,830.00"
2020-07-20,2020072001032314,NRIC,38,45,40,561.00,"22,440.00"
2020-07-20,2020072001032306,NRIC,38,38,40,561.00,"22,440.00"
2020-07-20,2020072001032304,NRIC,38,42,40,561.00,"22,440.00"
2020-07-20,2020072001032294,NRIC,40,44,200,562.00,"112,400.00"
2020-07-20,2020072001032370,NRIC,56,8,100,561.00,"56,100.00"
2020-07-20,2020072001032369,NRIC,42,8,150,561.00,"84,150.00"
2020-07-20,2020072001032368,NRIC,32,8,100,561.00,"56,100.00"
2020-07-20,2020072001032367,NRIC,16,8,100,561.00,"56,100.00"
2020-07-20,2020072001032366,NRIC,38,8,90,561.00,"50,490.00"
2020-07-20,2020072001032359,NRIC,14,44,10,562.00,"5,620.00"
2020-07-20,2020072001032177,NUBL,34,37,10,"1,019.00","10,190.00"
2020-07-20,2020072001032176,NUBL,34,34,90,"1,007.00","90,630.00"
2020-07-20,2020072001032175,NUBL,34,34,407,"1,000.00","407,000.00"
2020-07-20,2020072001031951,OHL,35,56,34,320.00,"10,880.00"
2020-07-20,2020072001032426,PCBL,43,39,231,291.00,"67,221.00"
2020-07-20,2020072001032386,PCBL,6,19,392,290.00,"113,680.00"
2020-07-20,2020072001032303,PCBL,35,39,100,291.00,"29,100.00"
2020-07-20,2020072001032216,PCBL,53,39,100,291.00,"29,100.00"
2020-07-20,2020072001032108,PCBL,25,42,50,289.00,"14,450.00"
2020-07-20,2020072001031957,PCBL,8,14,200,290.00,"58,000.00"
2020-07-20,2020072001031941,PCBL,8,52,400,290.00,"116,000.00"
2020-07-20,2020072001032389,PIC,50,10,100,615.00,"61,500.00"
2020-07-20,2020072001032388,PIC,26,10,200,615.00,"123,000.00"
2020-07-20,2020072001032428,PICL,48,32,20,486.00,"9,720.00"
2020-07-20,2020072001031982,PICL,25,14,100,485.00,"48,500.00"
2020-07-20,2020072001031981,PICL,7,14,100,485.00,"48,500.00"
2020-07-20,2020072001031980,PICL,50,14,50,486.00,"24,300.00"
2020-07-20,2020072001031979,PICL,35,14,50,486.00,"24,300.00"
2020-07-20,2020072001032277,PLIC,49,56,100,560.00,"56,000.00"
2020-07-20,2020072001032276,PLIC,34,56,338,560.00,"189,280.00"
2020-07-20,2020072001032397,PPCL,41,57,10,113.00,"1,130.00"
2020-07-20,2020072001032345,PRIN,1,21,50,487.00,"24,350.00"
2020-07-20,2020072001031975,PRIN,42,57,40,490.00,"19,600.00"
2020-07-20,2020072001031974,PRIN,44,57,"1,190",490.00,"583,100.00"
2020-07-20,2020072001032383,PRVU,35,25,100,252.00,"25,200.00"
2020-07-20,2020072001032280,PRVU,14,17,"1,100",250.00,"275,000.00"
2020-07-20,2020072001032247,PRVU,39,52,200,249.00,"49,800.00"
2020-07-20,2020072001032185,PRVU,39,33,"5,000",249.00,"1,245,000.00"
2020-07-20,2020072001032144,PRVU,49,17,"1,000",250.00,"250,000.00"
2020-07-20,2020072001032084,PRVU,13,17,500,251.00,"125,500.00"
2020-07-20,2020072001032083,PRVU,34,17,900,251.00,"225,900.00"
2020-07-20,2020072001031992,PRVU,34,38,"1,000",251.00,"251,000.00"
2020-07-20,2020072001031991,PRVU,34,49,100,251.00,"25,100.00"
2020-07-20,2020072001031944,RHPL,51,38,30,148.00,"4,440.00"
2020-07-20,2020072001032189,RMDC,34,58,201,714.00,"143,514.00"
2020-07-20,2020072001032188,RMDC,11,58,362,715.00,"258,830.00"
2020-07-20,2020072001032068,RMDC,11,58,38,715.00,"27,170.00"
2020-07-20,2020072001032067,RMDC,33,58,462,716.00,"330,792.00"
2020-07-20,2020072001032219,RSDC,44,39,23,527.00,"12,121.00"
2020-07-20,2020072001031943,SABSL,44,52,25,807.00,"20,175.00"
2020-07-20,2020072001031942,SABSL,1,52,20,808.00,"16,160.00"
2020-07-20,2020072001032301,SANIMA,43,42,119,380.00,"45,220.00"
2020-07-20,2020072001032288,SANIMA,43,33,127,380.00,"48,260.00"
2020-07-20,2020072001032264,SANIMA,43,44,500,380.00,"190,000.00"
2020-07-20,2020072001032263,SANIMA,43,50,100,380.00,"38,000.00"
2020-07-20,2020072001032262,SANIMA,43,38,165,380.00,"62,700.00"
2020-07-20,2020072001032261,SANIMA,43,57,165,380.00,"62,700.00"
2020-07-20,2020072001032186,SANIMA,34,57,750,377.00,"282,750.00"
2020-07-20,2020072001032012,SANIMA,38,14,500,376.00,"188,000.00"
2020-07-20,2020072001031952,SANIMA,59,57,200,377.00,"75,400.00"
2020-07-20,2020072001032260,SANIMA,43,44,166,380.00,"63,080.00"
2020-07-20,2020072001032259,SANIMA,43,44,"1,000",379.00,"379,000.00"
2020-07-20,2020072001032258,SANIMA,43,40,500,378.00,"189,000.00"
2020-07-20,2020072001032257,SANIMA,43,25,42,378.00,"15,876.00"
2020-07-20,2020072001032211,SANIMA,59,33,580,376.00,"218,080.00"
2020-07-20,2020072001032210,SANIMA,38,33,420,376.00,"157,920.00"
2020-07-20,2020072001032236,SBI,53,14,200,471.00,"94,200.00"
2020-07-20,2020072001032355,SBL,43,39,100,324.00,"32,400.00"
2020-07-20,2020072001032354,SBL,4,39,10,326.00,"3,260.00"
2020-07-20,2020072001032339,SBL,4,57,502,326.00,"163,652.00"
2020-07-20,2020072001032338,SBL,4,58,100,325.00,"32,500.00"
2020-07-20,2020072001032337,SBL,4,53,127,325.00,"41,275.00"
2020-07-20,2020072001032226,SBL,55,53,99,325.00,"32,175.00"
2020-07-20,2020072001032225,SBL,55,34,201,325.00,"65,325.00"
2020-07-20,2020072001032044,SBL,43,19,"1,700",324.00,"550,800.00"
2020-07-20,2020072001032043,SBL,43,54,200,324.00,"64,800.00"
2020-07-20,2020072001032042,SBL,43,52,10,323.00,"3,230.00"
2020-07-20,2020072001032041,SBL,43,1,500,322.00,"161,000.00"
2020-07-20,2020072001032393,SCB,46,43,70,701.00,"49,070.00"
2020-07-20,2020072001032392,SCB,19,43,30,701.00,"21,030.00"
2020-07-20,2020072001031993,SCB,19,43,20,701.00,"14,020.00"
2020-07-20,2020072001032266,SDESI,5,43,28,904.00,"25,312.00"
2020-07-20,2020072001032402,SHIVM,17,53,250,615.00,"153,750.00"
2020-07-20,2020072001032168,SHIVM,37,22,10,618.00,"6,180.00"
2020-07-20,2020072001032167,SHIVM,37,32,90,618.00,"55,620.00"
2020-07-20,2020072001032046,SHIVM,17,42,140,615.00,"86,100.00"
2020-07-20,2020072001032045,SHIVM,45,42,10,617.00,"6,170.00"
2020-07-20,2020072001032425,SHL,22,32,200,148.00,"29,600.00"
2020-07-20,2020072001032424,SHL,34,32,"1,000",148.00,"148,000.00"
2020-07-20,2020072001032423,SHL,42,32,"2,000",148.00,"296,000.00"
2020-07-20,2020072001032422,SHL,6,32,100,148.00,"14,800.00"
2020-07-20,2020072001032421,SHL,57,32,500,148.00,"74,000.00"
2020-07-20,2020072001032420,SHL,8,32,200,148.00,"29,600.00"
2020-07-20,2020072001032419,SHL,10,32,200,149.00,"29,800.00"
2020-07-20,2020072001032418,SHL,48,32,"1,000",149.00,"149,000.00"
2020-07-20,2020072001032417,SHL,53,32,100,149.00,"14,900.00"
2020-07-20,2020072001032416,SHL,34,32,720,151.00,"108,720.00"
2020-07-20,2020072001032415,SHL,45,32,500,152.00,"76,000.00"
2020-07-20,2020072001032325,SIC,44,33,50,697.00,"34,850.00"
2020-07-20,2020072001032324,SIC,42,33,"3,000",697.00,"2,091,000.00"
2020-07-20,2020072001032323,SIC,28,33,889,698.00,"620,522.00"
2020-07-20,2020072001032143,SIC,28,39,55,698.00,"38,390.00"
2020-07-20,2020072001032075,SIC,28,6,14,698.00,"9,772.00"
2020-07-20,2020072001032111,SICL,7,35,81,"1,070.00","86,670.00"
2020-07-20,2020072001032110,SICL,58,35,90,"1,070.00","96,300.00"
2020-07-20,2020072001032246,SJCL,43,52,20,139.00,"2,780.00"
2020-07-20,2020072001032245,SJCL,43,45,20,139.00,"2,780.00"
2020-07-20,2020072001032244,SJCL,43,51,20,139.00,"2,780.00"
2020-07-20,2020072001032243,SJCL,43,34,10,139.00,"1,390.00"
2020-07-20,2020072001032014,SJCL,50,29,20,137.00,"2,740.00"
2020-07-20,2020072001032242,SJCL,43,25,20,138.00,"2,760.00"
2020-07-20,2020072001032241,SJCL,43,35,200,138.00,"27,600.00"
2020-07-20,2020072001032240,SJCL,43,51,10,138.00,"1,380.00"
2020-07-20,2020072001032239,SJCL,43,45,10,138.00,"1,380.00"
2020-07-20,2020072001032391,SKBBL,48,49,100,"1,310.00","131,000.00"
2020-07-20,2020072001032390,SKBBL,48,19,100,"1,309.00","130,900.00"
2020-07-20,2020072001032350,SKBBL,56,37,306,"1,300.00","397,800.00"
2020-07-20,2020072001032349,SKBBL,42,37,50,"1,300.00","65,000.00"
2020-07-20,2020072001032348,SKBBL,42,37,144,"1,305.00","187,920.00"
2020-07-20,2020072001031963,SKBBL,42,38,50,"1,305.00","65,250.00"
2020-07-20,2020072001032196,SLBBL,44,44,110,893.00,"98,230.00"
2020-07-20,2020072001032195,SLBBL,44,44,50,893.00,"44,650.00"
2020-07-20,2020072001032036,SLBBL,46,26,60,895.00,"53,700.00"
2020-07-20,2020072001032209,SLBSL,19,6,10,870.00,"8,700.00"
2020-07-20,2020072001032413,SRBL,44,35,500,263.00,"131,500.00"
2020-07-20,2020072001032412,SRBL,44,22,170,263.00,"44,710.00"
2020-07-20,2020072001032411,SRBL,44,45,100,261.00,"26,100.00"
2020-07-20,2020072001032376,SRBL,44,33,"1,000",260.00,"260,000.00"
2020-07-20,2020072001032375,SRBL,44,28,50,259.00,"12,950.00"
2020-07-20,2020072001031962,SRBL,1,45,874,258.00,"225,492.00"
2020-07-20,2020072001031961,SRBL,34,45,126,258.00,"32,508.00"
2020-07-20,2020072001032231,STC,28,39,20,"2,707.00","54,140.00"
2020-07-20,2020072001031948,SWBBL,5,50,500,"1,210.00","605,000.00"
2020-07-20,2020072001031934,SWBBL,44,36,167,"1,206.00","201,402.00"
2020-07-20,2020072001032286,UIC,59,52,70,390.00,"27,300.00"
2020-07-20,2020072001032169,UIC,48,21,50,388.00,"19,400.00"
2020-07-20,2020072001032329,UMHL,57,34,240,103.00,"24,720.00"
2020-07-20,2020072001032328,UMHL,36,34,97,103.00,"9,991.00"
2020-07-20,2020072001032316,UPPER,44,25,560,239.00,"133,840.00"
2020-07-20,2020072001032299,UPPER,44,35,40,239.00,"9,560.00"
2020-07-20,2020072001032164,UPPER,44,7,40,239.00,"9,560.00"
2020-07-20,2020072001032162,UPPER,44,40,80,239.00,"19,120.00"
2020-07-20,2020072001031871,ADBL,25,47,50,433.00,"21,650.00"
2020-07-20,2020072001031663,ADBL,29,46,200,430.00,"86,000.00"
2020-07-20,2020072001031662,ADBL,38,46,300,430.00,"129,000.00"
2020-07-20,2020072001031661,ADBL,38,49,700,430.00,"301,000.00"
2020-07-20,2020072001031660,ADBL,13,49,100,430.00,"43,000.00"
2020-07-20,2020072001031611,ADBL,13,55,102,433.00,"44,166.00"
2020-07-20,2020072001031561,ADBL,39,46,100,432.00,"43,200.00"
2020-07-20,2020072001031537,ADBL,14,33,99,432.00,"42,768.00"
2020-07-20,2020072001031463,ADBL,21,33,51,432.00,"22,032.00"
2020-07-20,2020072001031455,ADBL,29,55,98,433.00,"42,434.00"
2020-07-20,2020072001031592,AHPC,54,26,"1,000",95.00,"95,000.00"
2020-07-20,2020072001031591,AHPC,17,26,200,95.00,"19,000.00"
2020-07-20,2020072001031590,AHPC,38,26,100,95.00,"9,500.00"
2020-07-20,2020072001031846,AKJCL,50,43,40,48.02,"1,920.80"
2020-07-20,2020072001031476,ALBSL,17,35,56,750.00,"42,000.00"
2020-07-20,2020072001031818,ALICL,26,21,100,631.00,"63,100.00"
2020-07-20,2020072001031802,ALICL,49,19,130,628.00,"81,640.00"
2020-07-20,2020072001031801,ALICL,45,19,30,628.00,"18,840.00"
2020-07-20,2020072001031800,ALICL,35,19,20,628.00,"12,560.00"
2020-07-20,2020072001031799,ALICL,32,19,20,630.00,"12,600.00"
2020-07-20,2020072001031713,ALICL,57,21,14,631.00,"8,834.00"
2020-07-20,2020072001031644,ALICL,57,57,86,631.00,"54,266.00"
2020-07-20,2020072001031643,ALICL,34,57,14,633.00,"8,862.00"
2020-07-20,2020072001031682,BOKL,41,48,406,243.00,"98,658.00"
2020-07-20,2020072001031681,BOKL,14,48,100,243.00,"24,300.00"
2020-07-20,2020072001031563,BOKL,48,19,200,244.00,"48,800.00"
2020-07-20,2020072001031562,BOKL,43,19,156,244.00,"38,064.00"
2020-07-20,2020072001031691,BPCL,11,49,24,371.00,"8,904.00"
2020-07-20,2020072001031544,CBBL,13,34,71,"1,070.00","75,970.00"
2020-07-20,2020072001031543,CBBL,52,34,20,"1,070.00","21,400.00"
2020-07-20,2020072001031542,CBBL,41,34,17,"1,070.00","18,190.00"
2020-07-20,2020072001031733,CBL,43,32,51,146.00,"7,446.00"
2020-07-20,2020072001031732,CBL,33,32,149,146.00,"21,754.00"
2020-07-20,2020072001031698,CBL,14,44,300,147.00,"44,100.00"
2020-07-20,2020072001031697,CBL,45,44,100,147.00,"14,700.00"
2020-07-20,2020072001031696,CBL,21,44,50,147.00,"7,350.00"
2020-07-20,2020072001031695,CBL,26,44,100,147.00,"14,700.00"
2020-07-20,2020072001031694,CBL,42,44,"1,015",147.00,"149,205.00"
2020-07-20,2020072001031500,CCBL,34,59,30,184.00,"5,520.00"
2020-07-20,2020072001031440,CCBL,51,7,93,183.00,"17,019.00"
2020-07-20,2020072001031560,CHCL,17,55,15,419.00,"6,285.00"
2020-07-20,2020072001031711,CIT,56,58,60,"2,600.00","156,000.00"
2020-07-20,2020072001031498,CIT,14,11,10,"2,600.00","26,000.00"
2020-07-20,2020072001031680,CZBIL,36,36,30,206.00,"6,180.00"
2020-07-20,2020072001031606,CZBIL,25,32,500,207.00,"103,500.00"
2020-07-20,2020072001031494,DDBL,42,45,30,855.00,"25,650.00"
2020-07-20,2020072001031493,DDBL,26,45,50,855.00,"42,750.00"
2020-07-20,2020072001031551,EDBL,33,38,20,325.00,"6,500.00"
2020-07-20,2020072001031764,EIC,28,1,122,422.00,"51,484.00"
2020-07-20,2020072001031763,EIC,22,1,10,422.00,"4,220.00"
2020-07-20,2020072001031762,EIC,48,1,50,422.00,"21,100.00"
2020-07-20,2020072001031761,EIC,16,1,400,422.00,"168,800.00"
2020-07-20,2020072001031760,EIC,36,1,300,423.00,"126,900.00"
2020-07-20,2020072001031759,EIC,28,1,608,423.00,"257,184.00"
2020-07-20,2020072001031758,EIC,22,1,10,423.00,"4,230.00"
2020-07-20,2020072001031933,FMDBL,4,47,36,560.00,"20,160.00"
2020-07-20,2020072001031932,FMDBL,35,47,364,560.00,"203,840.00"
2020-07-20,2020072001031931,FMDBL,35,29,34,560.00,"19,040.00"
2020-07-20,2020072001031712,FMDBL,35,52,50,560.00,"28,000.00"
2020-07-20,2020072001031600,FMDBL,35,53,52,560.00,"29,120.00"
2020-07-20,2020072001031534,FMDBL,7,53,365,560.00,"204,400.00"
2020-07-20,2020072001031533,FMDBL,7,57,135,560.00,"75,600.00"
2020-07-20,2020072001031667,GBBL,45,45,50,243.00,"12,150.00"
2020-07-20,2020072001031449,GBBL,26,26,200,244.00,"48,800.00"
2020-07-20,2020072001031828,GBIME,48,28,"1,000",272.00,"272,000.00"
2020-07-20,2020072001031776,GBIME,44,42,500,271.00,"135,500.00"
2020-07-20,2020072001031749,GBIME,44,51,100,271.00,"27,100.00"
2020-07-20,2020072001031742,GBIME,50,28,100,272.00,"27,200.00"
2020-07-20,2020072001031726,GBIME,44,38,10,271.00,"2,710.00"
2020-07-20,2020072001031720,GBIME,11,28,50,272.00,"13,600.00"
2020-07-20,2020072001031570,GBIME,11,28,20,272.00,"5,440.00"
2020-07-20,2020072001031553,GBIME,49,28,345,272.00,"93,840.00"
2020-07-20,2020072001031446,GBIME,44,18,200,271.00,"54,200.00"
2020-07-20,2020072001031442,GBIME,42,28,100,273.00,"27,300.00"
2020-07-20,2020072001031902,GBLBS,8,36,196,515.00,"100,940.00"
2020-07-20,2020072001031901,GBLBS,8,36,235,516.00,"121,260.00"
2020-07-20,2020072001031900,GBLBS,8,36,100,516.00,"51,600.00"
2020-07-20,2020072001031899,GBLBS,51,36,60,516.00,"30,960.00"
2020-07-20,2020072001031843,GLICL,48,16,100,480.00,"48,000.00"
2020-07-20,2020072001031839,GLICL,48,7,200,480.00,"96,000.00"
2020-07-20,2020072001031666,GLICL,48,26,100,480.00,"48,000.00"
2020-07-20,2020072001031595,GLICL,48,45,49,480.00,"23,520.00"
2020-07-20,2020072001031594,GLICL,5,45,100,480.00,"48,000.00"
2020-07-20,2020072001031593,GLICL,17,45,51,480.00,"24,480.00"
2020-07-20,2020072001031462,HBL,44,50,571,582.00,"332,322.00"
2020-07-20,2020072001031461,HBL,55,50,100,585.00,"58,500.00"
2020-07-20,2020072001031460,HBL,25,50,30,585.00,"17,550.00"
2020-07-20,2020072001031459,HBL,58,50,50,585.00,"29,250.00"
2020-07-20,2020072001031458,HBL,49,50,100,585.00,"58,500.00"
2020-07-20,2020072001031457,HBL,33,50,100,585.00,"58,500.00"
2020-07-20,2020072001031456,HBL,25,50,49,592.00,"29,008.00"
2020-07-20,2020072001031875,HDL,14,57,18,"1,655.00","29,790.00"
2020-07-20,2020072001031837,HDL,14,56,100,"1,647.00","164,700.00"
2020-07-20,2020072001031824,HDL,56,58,25,"1,641.00","41,025.00"
2020-07-20,2020072001031552,HDL,49,35,50,"1,637.00","81,850.00"
2020-07-20,2020072001031798,HGI,57,5,100,424.00,"42,400.00"
2020-07-20,2020072001031866,HIDCL,44,26,159,136.00,"21,624.00"
2020-07-20,2020072001031675,HIDCL,44,49,100,136.00,"13,600.00"
2020-07-20,2020072001031646,HIDCL,44,42,200,136.00,"27,200.00"
2020-07-20,2020072001031439,HIDCL,44,36,61,136.00,"8,296.00"
2020-07-20,2020072001031780,ILBS,35,39,11,829.00,"9,119.00"
2020-07-20,2020072001031709,ILBS,35,14,45,829.00,"37,305.00"
2020-07-20,2020072001031708,ILBS,35,38,11,829.00,"9,119.00"
2020-07-20,2020072001031707,ILBS,35,36,11,829.00,"9,119.00"
2020-07-20,2020072001031706,ILBS,35,37,11,829.00,"9,119.00"
2020-07-20,2020072001031705,ILBS,35,34,11,829.00,"9,119.00"
2020-07-20,2020072001031704,ILBS,35,3,11,829.00,"9,119.00"
2020-07-20,2020072001031659,JBBL,44,22,500,182.00,"91,000.00"
2020-07-20,2020072001031453,JBBL,58,25,507,181.00,"91,767.00"
2020-07-20,2020072001031452,JBBL,25,25,200,181.00,"36,200.00"
2020-07-20,2020072001031451,JBBL,36,25,200,181.00,"36,200.00"
