Date,Transact. No.,Symbol,Buyer,Seller,Quantity,Rate,Amount
2019-07-16,2019071601004187,ADBL,14,34,45,409.00,"18,405.00"
2019-07-16,2019071601004154,ADBL,39,39,8,402.00,"3,216.00"
2019-07-16,2019071601004130,ADBL,39,34,17,409.00,"6,953.00"
2019-07-16,2019071601004058,ADBL,39,35,25,408.00,"10,200.00"
2019-07-16,2019071601004353,ALBSL,41,44,10,395.00,"3,950.00"
2019-07-16,2019071601004526,ALICL,35,47,39,383.00,"14,937.00"
2019-07-16,2019071601004525,ALICL,35,47,107,383.00,"40,981.00"
2019-07-16,2019071601004519,API,25,39,13,143.00,"1,859.00"
2019-07-16,2019071601004518,API,25,35,447,141.00,"63,027.00"
2019-07-16,2019071601004419,API,43,35,10,141.00,"1,410.00"
2019-07-16,2019071601004297,BOKL,48,18,200,255.00,"51,000.00"
2019-07-16,2019071601004188,BOKL,14,33,650,255.00,"165,750.00"
2019-07-16,2019071601004073,BOKL,14,33,100,255.00,"25,500.00"
2019-07-16,2019071601004072,BOKL,19,33,50,255.00,"12,750.00"
2019-07-16,2019071601004548,BPCL,58,7,10,409.00,"4,090.00"
2019-07-16,2019071601004521,BPCL,50,53,11,403.00,"4,433.00"
2019-07-16,2019071601004076,BPCL,43,40,11,401.00,"4,411.00"
2019-07-16,2019071601004059,BPCL,43,40,11,401.00,"4,411.00"
2019-07-16,2019071601004153,CBBL,45,44,100,950.00,"95,000.00"
2019-07-16,2019071601004428,CBL,43,28,10,158.00,"1,580.00"
2019-07-16,2019071601004384,CBL,41,22,30,157.00,"4,710.00"
2019-07-16,2019071601004184,CBL,59,59,640,157.00,"100,480.00"
2019-07-16,2019071601004183,CBL,59,28,"5,000",157.00,"785,000.00"
2019-07-16,2019071601004182,CBL,59,36,795,157.00,"124,815.00"
2019-07-16,2019071601004163,CBL,34,36,"1,000",157.00,"157,000.00"
2019-07-16,2019071601004147,CBL,57,36,100,157.00,"15,700.00"
2019-07-16,2019071601004109,CBL,42,36,55,157.00,"8,635.00"
2019-07-16,2019071601004053,CBL,29,36,50,157.00,"7,850.00"
2019-07-16,2019071601004517,CCBL,48,58,10,177.00,"1,770.00"
2019-07-16,2019071601004492,CCBL,39,58,50,177.00,"8,850.00"
2019-07-16,2019071601004434,CCBL,48,37,"2,500",177.00,"442,500.00"
2019-07-16,2019071601004322,CCBL,48,37,"2,500",177.00,"442,500.00"
2019-07-16,2019071601004202,CCBL,43,43,"1,149",176.00,"202,224.00"
2019-07-16,2019071601004078,CCBL,58,43,851,176.00,"149,776.00"
2019-07-16,2019071601004522,CHCL,1,45,10,521.00,"5,210.00"
2019-07-16,2019071601004496,CHCL,1,50,100,517.00,"51,700.00"
2019-07-16,2019071601004359,CHCL,28,33,"1,500",516.00,"774,000.00"
2019-07-16,2019071601004259,CHCL,28,44,492,516.00,"253,872.00"
2019-07-16,2019071601004258,CHCL,28,44,408,516.00,"210,528.00"
2019-07-16,2019071601004257,CHCL,42,44,100,517.00,"51,700.00"
2019-07-16,2019071601004152,CIT,14,43,30,"2,429.00","72,870.00"
2019-07-16,2019071601004151,CIT,14,57,83,"2,425.00","201,275.00"
2019-07-16,2019071601004523,DBBL,48,6,100,146.00,"14,600.00"
2019-07-16,2019071601004488,DBBL,32,6,350,146.00,"51,100.00"
2019-07-16,2019071601004234,DBBL,32,43,"1,000",145.00,"145,000.00"
2019-07-16,2019071601004179,DDBL,58,38,480,722.00,"346,560.00"
2019-07-16,2019071601004140,DDBL,58,6,95,723.00,"68,685.00"
2019-07-16,2019071601004139,DDBL,58,6,385,721.00,"277,585.00"
2019-07-16,2019071601004104,DDBL,11,38,480,720.00,"345,600.00"
2019-07-16,2019071601004532,EBL,17,58,10,666.00,"6,660.00"
2019-07-16,2019071601004458,EBL,6,51,28,674.00,"18,872.00"
2019-07-16,2019071601004457,EBL,6,22,100,674.00,"67,400.00"
2019-07-16,2019071601004456,EBL,6,13,172,673.00,"115,756.00"
2019-07-16,2019071601004455,EBL,6,16,700,672.00,"470,400.00"
2019-07-16,2019071601004447,EBL,44,14,48,671.00,"32,208.00"
2019-07-16,2019071601004327,EBL,25,26,100,667.00,"66,700.00"
2019-07-16,2019071601004138,EBL,46,6,91,670.00,"60,970.00"
2019-07-16,2019071601004137,EBL,36,6,409,670.00,"274,030.00"
2019-07-16,2019071601004454,FMDBL,41,42,200,375.00,"75,000.00"
2019-07-16,2019071601004443,FMDBL,36,42,30,375.00,"11,250.00"
2019-07-16,2019071601004441,FMDBL,35,42,100,375.00,"37,500.00"
2019-07-16,2019071601004387,FMDBL,33,42,99,375.00,"37,125.00"
2019-07-16,2019071601004386,FMDBL,33,42,101,375.00,"37,875.00"
2019-07-16,2019071601004306,FMDBL,38,42,100,375.00,"37,500.00"
2019-07-16,2019071601004246,FMDBL,42,42,169,376.00,"63,544.00"
2019-07-16,2019071601004242,FMDBL,11,42,200,380.00,"76,000.00"
2019-07-16,2019071601004170,FMDBL,42,4,61,376.00,"22,936.00"
2019-07-16,2019071601004169,FMDBL,41,4,30,377.00,"11,310.00"
2019-07-16,2019071601004292,FMDBL,41,42,50,375.00,"18,750.00"
2019-07-16,2019071601004251,FMDBL,51,42,"1,000",375.00,"375,000.00"
2019-07-16,2019071601004250,FMDBL,41,42,200,375.00,"75,000.00"
2019-07-16,2019071601004249,FMDBL,49,42,80,375.00,"30,000.00"
2019-07-16,2019071601004248,FMDBL,14,42,300,375.00,"112,500.00"
2019-07-16,2019071601004247,FMDBL,51,42,"1,000",376.00,"376,000.00"
2019-07-16,2019071601004437,FOWAD,42,35,10,"1,328.00","13,280.00"
2019-07-16,2019071601004231,FOWAD,34,41,13,"1,304.00","16,952.00"
2019-07-16,2019071601004487,GBBL,14,5,827,224.00,"185,248.00"
2019-07-16,2019071601004471,GBBL,14,34,200,224.00,"44,800.00"
2019-07-16,2019071601004442,GDBL,1,29,90,216.00,"19,440.00"
2019-07-16,2019071601004383,GDBL,47,29,10,216.00,"2,160.00"
2019-07-16,2019071601004382,GDBL,47,13,78,215.00,"16,770.00"
2019-07-16,2019071601004196,GDBL,14,52,500,213.00,"106,500.00"
2019-07-16,2019071601004394,GILB,50,39,128,"1,202.00","153,856.00"
2019-07-16,2019071601004393,GILB,39,39,13,"1,202.00","15,626.00"
2019-07-16,2019071601004392,GILB,50,39,16,"1,202.00","19,232.00"
2019-07-16,2019071601004391,GILB,54,39,25,"1,203.00","30,075.00"
2019-07-16,2019071601004370,GILB,58,36,11,"1,222.00","13,442.00"
2019-07-16,2019071601004263,GILB,26,56,11,"1,210.00","13,310.00"
2019-07-16,2019071601004133,GILB,49,42,11,"1,204.00","13,244.00"
2019-07-16,2019071601004132,GILB,21,42,11,"1,209.00","13,299.00"
2019-07-16,2019071601004075,GILB,50,34,22,"1,209.00","26,598.00"
2019-07-16,2019071601004225,GILB,58,56,50,"1,210.00","60,500.00"
2019-07-16,2019071601004222,GILB,51,40,19,"1,208.00","22,952.00"
2019-07-16,2019071601004195,GILB,51,17,26,"1,205.00","31,330.00"
2019-07-16,2019071601004193,GILB,51,52,11,"1,205.00","13,255.00"
2019-07-16,2019071601004178,GILB,45,17,22,"1,204.00","26,488.00"
2019-07-16,2019071601004164,GILB,51,17,22,"1,203.00","26,466.00"
2019-07-16,2019071601004448,GIMES1,34,34,"1,654",8.38,"13,860.52"
2019-07-16,2019071601004197,GIMES1,34,34,137,8.39,"1,149.43"
2019-07-16,2019071601004549,GLBSL,19,44,10,400.00,"4,000.00"
2019-07-16,2019071601004433,GLBSL,19,58,10,400.00,"4,000.00"
2019-07-16,2019071601004432,GLBSL,19,51,10,400.00,"4,000.00"
2019-07-16,2019071601004395,GLBSL,19,43,50,398.00,"19,900.00"
2019-07-16,2019071601004453,GMFBS,50,58,890,446.00,"396,940.00"
2019-07-16,2019071601004420,GMFBS,50,55,50,446.00,"22,300.00"
2019-07-16,2019071601004378,GMFBS,50,49,10,446.00,"4,460.00"
2019-07-16,2019071601004365,GMFBS,50,8,10,446.00,"4,460.00"
2019-07-16,2019071601004331,GMFBS,50,55,30,446.00,"13,380.00"
2019-07-16,2019071601004450,HBL,28,49,70,552.00,"38,640.00"
2019-07-16,2019071601004449,HBL,39,49,30,553.00,"16,590.00"
2019-07-16,2019071601004427,HDL,58,45,20,"1,670.00","33,400.00"
2019-07-16,2019071601004426,HDL,58,57,60,"1,665.00","99,900.00"
2019-07-16,2019071601004425,HDL,58,53,70,"1,655.00","115,850.00"
2019-07-16,2019071601004238,HDL,14,58,50,"1,650.00","82,500.00"
2019-07-16,2019071601004237,HDL,13,58,100,"1,650.00","165,000.00"
2019-07-16,2019071601004236,HDL,32,58,100,"1,652.00","165,200.00"
2019-07-16,2019071601004235,HDL,14,58,10,"1,652.00","16,520.00"
2019-07-16,2019071601004095,HDL,26,53,30,"1,655.00","49,650.00"
2019-07-16,2019071601004067,HDL,26,53,70,"1,655.00","115,850.00"
2019-07-16,2019071601004066,HDL,32,53,180,"1,656.00","298,080.00"
2019-07-16,2019071601004065,HDL,58,53,50,"1,657.00","82,850.00"
2019-07-16,2019071601004054,HDL,58,33,50,"1,657.00","82,850.00"
2019-07-16,2019071601004175,HGI,20,22,180,350.00,"63,000.00"
2019-07-16,2019071601004108,HGI,41,22,30,350.00,"10,500.00"
2019-07-16,2019071601004264,HPPL,45,11,10,174.00,"1,740.00"
2019-07-16,2019071601004379,ICFC,49,1,10,168.00,"1,680.00"
2019-07-16,2019071601004307,ICFC,58,1,90,165.00,"14,850.00"
2019-07-16,2019071601004332,IGI,38,41,10,365.00,"3,650.00"
2019-07-16,2019071601004291,ILBS,7,33,300,400.00,"120,000.00"
2019-07-16,2019071601004290,ILBS,7,21,10,400.00,"4,000.00"
2019-07-16,2019071601004289,ILBS,7,47,10,400.00,"4,000.00"
2019-07-16,2019071601004288,ILBS,7,44,10,400.00,"4,000.00"
2019-07-16,2019071601004287,ILBS,7,57,10,400.00,"4,000.00"
2019-07-16,2019071601004286,ILBS,7,56,10,400.00,"4,000.00"
2019-07-16,2019071601004106,ILBS,41,17,10,396.00,"3,960.00"
2019-07-16,2019071601004273,ILBS,7,59,10,398.00,"3,980.00"
2019-07-16,2019071601004272,ILBS,7,45,10,398.00,"3,980.00"
2019-07-16,2019071601004271,ILBS,7,45,10,398.00,"3,980.00"
2019-07-16,2019071601004260,ILBS,42,58,10,396.00,"3,960.00"
2019-07-16,2019071601004136,ILBS,42,17,10,396.00,"3,960.00"
2019-07-16,2019071601004119,ILBS,41,17,10,396.00,"3,960.00"
2019-07-16,2019071601004279,ILBS,7,40,10,399.00,"3,990.00"
2019-07-16,2019071601004278,ILBS,7,40,10,399.00,"3,990.00"
2019-07-16,2019071601004277,ILBS,7,40,10,399.00,"3,990.00"
2019-07-16,2019071601004276,ILBS,7,59,10,398.00,"3,980.00"
2019-07-16,2019071601004275,ILBS,7,59,10,398.00,"3,980.00"
2019-07-16,2019071601004274,ILBS,7,59,10,398.00,"3,980.00"
2019-07-16,2019071601004285,ILBS,7,59,10,400.00,"4,000.00"
2019-07-16,2019071601004284,ILBS,7,21,10,400.00,"4,000.00"
2019-07-16,2019071601004283,ILBS,7,10,10,400.00,"4,000.00"
2019-07-16,2019071601004282,ILBS,7,14,10,400.00,"4,000.00"
2019-07-16,2019071601004281,ILBS,7,44,10,400.00,"4,000.00"
2019-07-16,2019071601004280,ILBS,7,40,10,399.00,"3,990.00"
2019-07-16,2019071601004186,JBBL,7,11,89,163.00,"14,507.00"
2019-07-16,2019071601004374,KBL,10,59,700,220.00,"154,000.00"
2019-07-16,2019071601004371,KBL,52,4,50,219.00,"10,950.00"
2019-07-16,2019071601004162,KBL,42,28,"2,000",220.00,"440,000.00"
2019-07-16,2019071601004201,KSBBL,42,35,100,160.00,"16,000.00"
2019-07-16,2019071601004055,KSBBL,6,26,163,161.00,"26,243.00"
2019-07-16,2019071601004440,LBBL,33,17,20,197.00,"3,940.00"
2019-07-16,2019071601004397,LBBL,28,17,"1,000",197.00,"197,000.00"
2019-07-16,2019071601004185,LBBL,50,17,"1,000",197.00,"197,000.00"
2019-07-16,2019071601004531,LBL,34,52,41,226.00,"9,266.00"
2019-07-16,2019071601004530,LBL,45,52,100,226.00,"22,600.00"
2019-07-16,2019071601004529,LBL,42,52,200,226.00,"45,200.00"
2019-07-16,2019071601004399,LGIL,25,34,90,430.00,"38,700.00"
2019-07-16,2019071601004398,LGIL,25,42,130,430.00,"55,900.00"
2019-07-16,2019071601004435,LICN,35,35,10,"1,600.00","16,000.00"
2019-07-16,2019071601004385,MBL,10,19,160,264.00,"42,240.00"
2019-07-16,2019071601004129,MBL,48,6,30,265.00,"7,950.00"
2019-07-16,2019071601004128,MBL,48,28,"1,000",265.00,"265,000.00"
2019-07-16,2019071601004127,MBL,48,6,561,265.00,"148,665.00"
2019-07-16,2019071601004126,MBL,48,4,91,264.00,"24,024.00"
2019-07-16,2019071601004125,MBL,48,39,50,264.00,"13,200.00"
2019-07-16,2019071601004124,MBL,48,46,25,264.00,"6,600.00"
2019-07-16,2019071601004123,MBL,48,1,243,264.00,"64,152.00"
2019-07-16,2019071601004545,MEGA,14,33,188,213.00,"40,044.00"
2019-07-16,2019071601004544,MEGA,49,33,112,213.00,"23,856.00"
2019-07-16,2019071601004438,MEGA,39,11,100,214.00,"21,400.00"
2019-07-16,2019071601004436,MEGA,16,11,50,214.00,"10,700.00"
2019-07-16,2019071601004412,MEGA,49,8,171,213.00,"36,423.00"
2019-07-16,2019071601004402,MEGA,49,34,500,213.00,"106,500.00"
2019-07-16,2019071601004148,MEGA,49,11,67,213.00,"14,271.00"
2019-07-16,2019071601004131,MEGA,57,6,100,214.00,"21,400.00"
2019-07-16,2019071601004330,MEGA,20,11,699,214.00,"149,586.00"
2019-07-16,2019071601004329,MEGA,20,42,101,214.00,"21,614.00"
2019-07-16,2019071601004328,MEGA,20,44,200,214.00,"42,800.00"
2019-07-16,2019071601004181,MEGA,19,50,500,214.00,"107,000.00"
2019-07-16,2019071601004180,MEGA,19,6,500,214.00,"107,000.00"
2019-07-16,2019071601004173,MEGA,49,34,100,213.00,"21,300.00"
2019-07-16,2019071601004444,MLBBL,54,21,16,403.00,"6,448.00"
2019-07-16,2019071601004357,MLBL,52,4,24,195.00,"4,680.00"
2019-07-16,2019071601004356,MLBL,5,4,100,195.00,"19,500.00"
2019-07-16,2019071601004253,MNBBL,37,44,500,370.00,"185,000.00"
2019-07-16,2019071601004252,MNBBL,29,44,890,370.00,"329,300.00"
2019-07-16,2019071601004198,MNBBL,29,4,50,370.00,"18,500.00"
2019-07-16,2019071601004060,MNBBL,42,14,480,370.00,"177,600.00"
2019-07-16,2019071601004110,MNBBL,29,4,50,370.00,"18,500.00"
2019-07-16,2019071601004103,MNBBL,1,4,71,370.00,"26,270.00"
2019-07-16,2019071601004074,MNBBL,1,14,143,370.00,"52,910.00"
2019-07-16,2019071601004063,MNBBL,42,14,100,370.00,"37,000.00"
2019-07-16,2019071601004062,MNBBL,26,14,50,370.00,"18,500.00"
2019-07-16,2019071601004061,MNBBL,29,14,200,370.00,"74,000.00"
2019-07-16,2019071601004491,NABIL,49,16,20,800.00,"16,000.00"
2019-07-16,2019071601004485,NABIL,1,16,100,800.00,"80,000.00"
2019-07-16,2019071601004484,NABIL,57,16,200,800.00,"160,000.00"
2019-07-16,2019071601004483,NABIL,42,16,200,800.00,"160,000.00"
2019-07-16,2019071601004482,NABIL,1,16,20,800.00,"16,000.00"
2019-07-16,2019071601004481,NABIL,17,16,50,800.00,"40,000.00"
2019-07-16,2019071601004415,NABIL,6,45,23,804.00,"18,492.00"
2019-07-16,2019071601004414,NABIL,6,35,30,804.00,"24,120.00"
2019-07-16,2019071601004401,NABIL,49,44,50,803.00,"40,150.00"
2019-07-16,2019071601004168,NABIL,41,10,49,800.00,"39,200.00"
2019-07-16,2019071601004167,NABIL,41,10,15,802.00,"12,030.00"
2019-07-16,2019071601004480,NABIL,41,16,51,800.00,"40,800.00"
2019-07-16,2019071601004479,NABIL,25,16,75,801.00,"60,075.00"
2019-07-16,2019071601004478,NABIL,58,16,75,802.00,"60,150.00"
2019-07-16,2019071601004418,NABIL,6,16,60,805.00,"48,300.00"
2019-07-16,2019071601004417,NABIL,6,28,200,804.00,"160,800.00"
2019-07-16,2019071601004416,NABIL,6,52,18,804.00,"14,472.00"
2019-07-16,2019071601004352,NADEP,36,11,10,412.00,"4,120.00"
2019-07-16,2019071601004486,NBB,59,55,200,222.00,"44,400.00"
2019-07-16,2019071601004390,NBB,59,28,300,222.00,"66,600.00"
2019-07-16,2019071601004389,NBB,53,28,500,222.00,"111,000.00"
2019-07-16,2019071601004388,NBB,38,28,200,222.00,"44,400.00"
2019-07-16,2019071601004135,NBB,38,49,200,222.00,"44,400.00"
2019-07-16,2019071601004543,NBL,33,6,100,336.00,"33,600.00"
2019-07-16,2019071601004493,NBL,25,6,100,336.00,"33,600.00"
2019-07-16,2019071601004472,NBL,25,6,200,336.00,"67,200.00"
2019-07-16,2019071601004413,NBL,25,6,500,336.00,"168,000.00"
2019-07-16,2019071601004266,NBL,43,6,17,336.00,"5,712.00"
2019-07-16,2019071601004262,NBL,43,44,"4,183",336.00,"1,405,488.00"
2019-07-16,2019071601004105,NBL,1,33,300,336.00,"100,800.00"
2019-07-16,2019071601004160,NBL,43,33,345,336.00,"115,920.00"
2019-07-16,2019071601004159,NBL,43,52,535,336.00,"179,760.00"
2019-07-16,2019071601004158,NBL,43,45,200,336.00,"67,200.00"
2019-07-16,2019071601004157,NBL,43,7,500,336.00,"168,000.00"
2019-07-16,2019071601004156,NBL,43,33,"4,000",336.00,"1,344,000.00"
2019-07-16,2019071601004155,NBL,43,33,"1,420",336.00,"477,120.00"
2019-07-16,2019071601004206,NBL,35,42,200,335.00,"67,000.00"
2019-07-16,2019071601004205,NBL,45,42,176,335.00,"58,960.00"
2019-07-16,2019071601004204,NBL,59,44,616,336.00,"206,976.00"
2019-07-16,2019071601004194,NBL,59,33,"1,215",336.00,"408,240.00"
2019-07-16,2019071601004172,NBL,44,33,"3,785",336.00,"1,271,760.00"
2019-07-16,2019071601004166,NBL,44,33,155,336.00,"52,080.00"
2019-07-16,2019071601004212,NBL,58,42,"2,000",335.00,"670,000.00"
2019-07-16,2019071601004211,NBL,39,42,80,335.00,"26,800.00"
2019-07-16,2019071601004210,NBL,36,42,100,335.00,"33,500.00"
2019-07-16,2019071601004209,NBL,25,42,"1,000",335.00,"335,000.00"
2019-07-16,2019071601004208,NBL,16,42,300,335.00,"100,500.00"
2019-07-16,2019071601004207,NBL,21,42,200,335.00,"67,000.00"
2019-07-16,2019071601004218,NBL,20,42,100,335.00,"33,500.00"
2019-07-16,2019071601004217,NBL,56,42,150,335.00,"50,250.00"
2019-07-16,2019071601004216,NBL,35,42,"5,000",335.00,"1,675,000.00"
2019-07-16,2019071601004215,NBL,43,42,"2,000",335.00,"670,000.00"
2019-07-16,2019071601004214,NBL,43,42,"2,000",335.00,"670,000.00"
2019-07-16,2019071601004213,NBL,32,42,"1,000",335.00,"335,000.00"
2019-07-16,2019071601004261,NBL,54,44,100,336.00,"33,600.00"
2019-07-16,2019071601004239,NBL,6,44,101,336.00,"33,936.00"
2019-07-16,2019071601004230,NBL,40,42,194,335.00,"64,990.00"
2019-07-16,2019071601004221,NBL,42,42,"1,000",335.00,"335,000.00"
2019-07-16,2019071601004220,NBL,16,42,"1,000",335.00,"335,000.00"
2019-07-16,2019071601004219,NBL,25,42,500,335.00,"167,500.00"
2019-07-16,2019071601004512,NCCB,56,11,13,246.00,"3,198.00"
2019-07-16,2019071601004511,NCCB,56,43,250,245.00,"61,250.00"
2019-07-16,2019071601004510,NCCB,56,8,137,245.00,"33,565.00"
2019-07-16,2019071601004344,NCCB,8,32,373,244.00,"91,012.00"
2019-07-16,2019071601004343,NCCB,19,32,300,244.00,"73,200.00"
2019-07-16,2019071601004342,NCCB,46,32,250,244.00,"61,000.00"
2019-07-16,2019071601004294,NCCB,1,52,23,244.00,"5,612.00"
2019-07-16,2019071601004293,NCCB,7,52,86,244.00,"20,984.00"
2019-07-16,2019071601004171,NCCB,7,20,43,244.00,"10,492.00"
2019-07-16,2019071601004341,NCCB,51,32,250,244.00,"61,000.00"
2019-07-16,2019071601004340,NCCB,3,32,50,244.00,"12,200.00"
2019-07-16,2019071601004339,NCCB,35,32,"2,000",244.00,"488,000.00"
2019-07-16,2019071601004338,NCCB,42,32,300,244.00,"73,200.00"
2019-07-16,2019071601004337,NCCB,1,32,477,244.00,"116,388.00"
2019-07-16,2019071601004298,NCCB,39,8,50,245.00,"12,250.00"
2019-07-16,2019071601004541,NEF,39,48,"1,461",9.33,"13,631.13"
2019-07-16,2019071601004540,NEF,39,45,"1,200",9.30,"11,160.00"
2019-07-16,2019071601004539,NEF,39,11,500,9.28,"4,640.00"
2019-07-16,2019071601004538,NEF,39,45,"5,911",9.22,"54,499.42"
2019-07-16,2019071601004537,NEF,39,11,"11,173",9.22,"103,015.06"
2019-07-16,2019071601004536,NEF,39,17,"1,207",9.22,"11,128.54"
2019-07-16,2019071601004303,NEF,39,41,800,8.98,"7,184.00"
2019-07-16,2019071601004302,NEF,39,34,"5,435",8.81,"47,882.35"
2019-07-16,2019071601004301,NEF,39,19,"2,424",8.80,"21,331.20"
2019-07-16,2019071601004300,NEF,39,10,"4,141",8.70,"36,026.70"
2019-07-16,2019071601004299,NEF,39,25,"5,000",8.68,"43,400.00"
2019-07-16,2019071601004409,NEF,39,57,687,9.01,"6,189.87"
2019-07-16,2019071601004363,NEF,39,57,"2,655",9.01,"23,921.55"
2019-07-16,2019071601004362,NEF,39,58,"7,245",9.00,"65,205.00"
2019-07-16,2019071601004361,NEF,39,28,"9,300",9.00,"83,700.00"
2019-07-16,2019071601004360,NEF,39,45,800,8.98,"7,184.00"
2019-07-16,2019071601004304,NEF,39,45,200,8.98,"1,796.00"
2019-07-16,2019071601004535,NEF,39,17,"1,207",9.22,"11,128.54"
2019-07-16,2019071601004534,NEF,39,51,"1,000",9.22,"9,220.00"
2019-07-16,2019071601004533,NEF,39,47,"6,341",9.22,"58,464.02"
2019-07-16,2019071601004445,NEF,39,32,"2,778",9.21,"25,585.38"
2019-07-16,2019071601004411,NEF,39,48,"1,000",9.10,"9,100.00"
2019-07-16,2019071601004410,NEF,39,56,500,9.02,"4,510.00"
2019-07-16,2019071601004373,NHDL,14,44,10,121.00,"1,210.00"
2019-07-16,2019071601004469,NHPC,21,33,90,64.00,"5,760.00"
2019-07-16,2019071601004468,NHPC,51,33,500,64.00,"32,000.00"
2019-07-16,2019071601004467,NHPC,34,33,500,64.00,"32,000.00"
2019-07-16,2019071601004466,NHPC,58,33,300,64.00,"19,200.00"
2019-07-16,2019071601004465,NHPC,14,33,600,64.00,"38,400.00"
2019-07-16,2019071601004333,NHPC,36,33,"1,000",64.00,"64,000.00"
2019-07-16,2019071601004050,NHPC,42,56,500,65.00,"32,500.00"
2019-07-16,2019071601004527,NIB,6,1,50,519.00,"25,950.00"
2019-07-16,2019071601004309,NIB,17,25,154,515.00,"79,310.00"
2019-07-16,2019071601004308,NIB,37,25,476,515.00,"245,140.00"
2019-07-16,2019071601004270,NIB,37,49,24,515.00,"12,360.00"
2019-07-16,2019071601004269,NIB,41,49,20,516.00,"10,320.00"
2019-07-16,2019071601004227,NIB,51,33,109,516.00,"56,244.00"
2019-07-16,2019071601004101,NIB,39,33,30,518.00,"15,540.00"
2019-07-16,2019071601004100,NIB,17,33,64,518.00,"33,152.00"
2019-07-16,2019071601004099,NIB,49,33,112,518.00,"58,016.00"
2019-07-16,2019071601004226,NIB,39,33,185,516.00,"95,460.00"
2019-07-16,2019071601004192,NIB,51,25,200,517.00,"103,400.00"
2019-07-16,2019071601004191,NIB,14,25,500,517.00,"258,500.00"
2019-07-16,2019071601004190,NIB,39,25,300,517.00,"155,100.00"
2019-07-16,2019071601004189,NIB,17,25,100,517.00,"51,700.00"
2019-07-16,2019071601004102,NIB,34,33,500,518.00,"259,000.00"
2019-07-16,2019071601004528,NIBPO,44,4,100,468.00,"46,800.00"
2019-07-16,2019071601004462,NIBPO,1,4,30,475.00,"14,250.00"
2019-07-16,2019071601004461,NIBPO,1,4,70,469.00,"32,830.00"
2019-07-16,2019071601004451,NIBPO,10,4,200,469.00,"93,800.00"
2019-07-16,2019071601004408,NIBPO,52,4,500,469.00,"234,500.00"
2019-07-16,2019071601004407,NIBPO,45,4,120,469.00,"56,280.00"
2019-07-16,2019071601004406,NIBPO,49,4,500,469.00,"234,500.00"
2019-07-16,2019071601004405,NIBPO,45,4,200,469.00,"93,800.00"
2019-07-16,2019071601004404,NIBPO,17,4,50,469.00,"23,450.00"
2019-07-16,2019071601004403,NIBPO,28,4,260,469.00,"121,940.00"
2019-07-16,2019071601004542,NIBSF1,36,34,"7,733",9.26,"71,607.58"
2019-07-16,2019071601004358,NICGF,4,57,100,10.28,"1,028.00"
2019-07-16,2019071601004318,NICGF,44,4,"2,000",10.18,"20,360.00"
2019-07-16,2019071601004121,NICGF,44,26,500,9.99,"4,995.00"
2019-07-16,2019071601004120,NICGF,44,47,"2,550",9.99,"25,474.50"
2019-07-16,2019071601004094,NICGF,44,47,700,9.99,"6,993.00"
2019-07-16,2019071601004093,NICGF,44,6,"1,000",9.98,"9,980.00"
2019-07-16,2019071601004092,NICGF,44,26,"5,000",9.98,"49,900.00"
2019-07-16,2019071601004091,NICGF,44,26,"5,000",9.96,"49,800.00"
2019-07-16,2019071601004090,NICGF,44,43,900,9.96,"8,964.00"
2019-07-16,2019071601004089,NICGF,44,26,"5,000",9.95,"49,750.00"
2019-07-16,2019071601004088,NICGF,44,29,"2,500",9.94,"24,850.00"
2019-07-16,2019071601004087,NICGF,44,57,900,9.93,"8,937.00"
2019-07-16,2019071601004097,NICL,25,17,192,354.00,"67,968.00"
2019-07-16,2019071601004096,NICL,25,56,28,353.00,"9,884.00"
2019-07-16,2019071601004459,NIL,38,5,100,495.00,"49,500.00"
2019-07-16,2019071601004424,NIL,5,22,83,492.00,"40,836.00"
2019-07-16,2019071601004423,NIL,5,46,25,492.00,"12,300.00"
2019-07-16,2019071601004422,NIL,5,39,50,492.00,"24,600.00"
2019-07-16,2019071601004520,NLBBL,25,38,10,470.00,"4,700.00"
2019-07-16,2019071601004243,NLBBL,22,6,144,465.00,"66,960.00"
2019-07-16,2019071601004372,NLIC,42,38,260,901.00,"234,260.00"
2019-07-16,2019071601004323,NLIC,42,45,51,901.00,"45,951.00"
2019-07-16,2019071601004470,NLICL,43,22,10,585.00,"5,850.00"
2019-07-16,2019071601004233,NLICL,38,17,281,577.00,"162,137.00"
2019-07-16,2019071601004232,NLICL,57,17,200,578.00,"115,600.00"
2019-07-16,2019071601004052,NLICL,42,33,470,580.00,"272,600.00"
2019-07-16,2019071601004051,NLICL,42,42,367,580.00,"212,860.00"
2019-07-16,2019071601004396,NTC,43,33,10,693.00,"6,930.00"
2019-07-16,2019071601004381,NTC,6,33,10,693.00,"6,930.00"
2019-07-16,2019071601004311,NTC,49,28,15,690.00,"10,350.00"
2019-07-16,2019071601004310,NTC,49,28,10,690.00,"6,900.00"
2019-07-16,2019071601004317,NTC,6,28,50,685.00,"34,250.00"
2019-07-16,2019071601004316,NTC,5,28,100,685.00,"68,500.00"
2019-07-16,2019071601004315,NTC,1,28,500,685.00,"342,500.00"
2019-07-16,2019071601004314,NTC,16,28,100,686.00,"68,600.00"
2019-07-16,2019071601004313,NTC,39,28,200,688.00,"137,600.00"
2019-07-16,2019071601004312,NTC,13,28,10,688.00,"6,880.00"
2019-07-16,2019071601004364,OHL,16,55,30,607.00,"18,210.00"
2019-07-16,2019071601004354,OHL,1,55,10,607.00,"6,070.00"
2019-07-16,2019071601004265,OHL,57,55,50,610.00,"30,500.00"
2019-07-16,2019071601004245,OHL,43,55,10,611.00,"6,110.00"
2019-07-16,2019071601004504,PCBL,6,26,75,278.00,"20,850.00"
2019-07-16,2019071601004503,PCBL,6,16,190,276.00,"52,440.00"
2019-07-16,2019071601004502,PCBL,6,37,10,276.00,"2,760.00"
2019-07-16,2019071601004501,PCBL,6,44,225,276.00,"62,100.00"
2019-07-16,2019071601004326,PCBL,49,8,375,275.00,"103,125.00"
2019-07-16,2019071601004325,PCBL,49,8,125,275.00,"34,375.00"
2019-07-16,2019071601004200,PCBL,36,44,100,276.00,"27,600.00"
2019-07-16,2019071601004056,PCBL,46,44,25,276.00,"6,900.00"
2019-07-16,2019071601004086,PIC,42,49,50,490.00,"24,500.00"
2019-07-16,2019071601004085,PIC,41,49,20,490.00,"9,800.00"
2019-07-16,2019071601004084,PIC,50,49,300,490.00,"147,000.00"
2019-07-16,2019071601004083,PIC,5,49,200,490.00,"98,000.00"
2019-07-16,2019071601004082,PIC,16,49,109,490.00,"53,410.00"
2019-07-16,2019071601004081,PIC,19,49,10,491.00,"4,910.00"
2019-07-16,2019071601004064,PIC,17,35,20,495.00,"9,900.00"
2019-07-16,2019071601004080,PIC,5,49,100,491.00,"49,100.00"
2019-07-16,2019071601004079,PIC,39,49,100,491.00,"49,100.00"
2019-07-16,2019071601004071,PIC,59,49,30,492.00,"14,760.00"
2019-07-16,2019071601004070,PIC,38,49,200,492.00,"98,400.00"
2019-07-16,2019071601004069,PIC,32,49,15,492.00,"7,380.00"
2019-07-16,2019071601004068,PIC,45,49,100,493.00,"49,300.00"
2019-07-16,2019071601004116,PLIC,29,57,100,439.00,"43,900.00"
2019-07-16,2019071601004115,PLIC,29,35,300,438.00,"131,400.00"
2019-07-16,2019071601004114,PLIC,29,17,58,437.00,"25,346.00"
2019-07-16,2019071601004113,PLIC,29,28,50,435.00,"21,750.00"
2019-07-16,2019071601004112,PLIC,29,13,70,434.00,"30,380.00"
2019-07-16,2019071601004224,PMHPL,56,16,10,110.00,"1,100.00"
2019-07-16,2019071601004203,PMHPL,56,13,10,109.00,"1,090.00"
2019-07-16,2019071601004489,PPCL,6,29,449,137.00,"61,513.00"
2019-07-16,2019071601004464,PRVU,13,42,270,266.00,"71,820.00"
2019-07-16,2019071601004345,PRVU,46,50,90,265.00,"23,850.00"
2019-07-16,2019071601004244,PRVU,40,32,400,264.00,"105,600.00"
2019-07-16,2019071601004111,PRVU,40,32,"1,600",264.00,"422,400.00"
2019-07-16,2019071601004351,PRVU,46,33,50,265.00,"13,250.00"
2019-07-16,2019071601004350,PRVU,46,58,"1,000",265.00,"265,000.00"
2019-07-16,2019071601004349,PRVU,46,50,493,265.00,"130,645.00"
2019-07-16,2019071601004348,PRVU,46,14,"1,000",265.00,"265,000.00"
2019-07-16,2019071601004347,PRVU,46,46,500,265.00,"132,500.00"
2019-07-16,2019071601004346,PRVU,46,49,200,265.00,"53,000.00"
2019-07-16,2019071601004508,RMDC,47,51,115,661.00,"76,015.00"
2019-07-16,2019071601004507,RMDC,1,51,500,661.00,"330,500.00"
2019-07-16,2019071601004506,RMDC,18,51,385,663.00,"255,255.00"
2019-07-16,2019071601004229,RMDC,10,28,350,664.00,"232,400.00"
2019-07-16,2019071601004228,RMDC,17,28,284,665.00,"188,860.00"
2019-07-16,2019071601004295,RSDC,41,54,20,343.00,"6,860.00"
2019-07-16,2019071601004524,SANIMA,59,56,100,348.00,"34,800.00"
2019-07-16,2019071601004296,SANIMA,19,17,40,349.00,"13,960.00"
2019-07-16,2019071601004145,SANIMA,19,34,960,349.00,"335,040.00"
2019-07-16,2019071601004134,SANIMA,41,34,"1,000",349.00,"349,000.00"
2019-07-16,2019071601004460,SBI,13,26,50,469.00,"23,450.00"
2019-07-16,2019071601004057,SBL,26,4,136,318.00,"43,248.00"
2019-07-16,2019071601004505,SCB,13,25,200,682.00,"136,400.00"
2019-07-16,2019071601004268,SCB,36,29,75,680.00,"51,000.00"
2019-07-16,2019071601004267,SCB,36,42,50,678.00,"33,900.00"
2019-07-16,2019071601004174,SEF,34,26,500,10.09,"5,045.00"
2019-07-16,2019071601004141,SEF,34,53,"1,000",10.00,"10,000.00"
2019-07-16,2019071601004547,SEOS,6,7,100,10.82,"1,082.00"
2019-07-16,2019071601004546,SEOS,6,22,"6,500",10.80,"70,200.00"
2019-07-16,2019071601004324,SFFIL,19,6,50,205.00,"10,250.00"
2019-07-16,2019071601004165,SFFIL,22,6,30,205.00,"6,150.00"
2019-07-16,2019071601004254,SHINE,6,57,18,252.00,"4,536.00"
2019-07-16,2019071601004515,SHIVM,45,6,600,608.00,"364,800.00"
2019-07-16,2019071601004509,SHIVM,34,51,10,610.00,"6,100.00"
2019-07-16,2019071601004495,SHIVM,45,37,100,608.00,"60,800.00"
2019-07-16,2019071601004494,SHIVM,45,6,60,608.00,"36,480.00"
2019-07-16,2019071601004477,SHIVM,51,6,60,606.00,"36,360.00"
2019-07-16,2019071601004476,SHIVM,34,6,100,606.00,"60,600.00"
2019-07-16,2019071601004118,SHIVM,58,10,700,610.00,"427,000.00"
2019-07-16,2019071601004117,SHIVM,36,10,50,610.00,"30,500.00"
2019-07-16,2019071601004240,SHIVM,33,49,35,609.00,"21,315.00"
2019-07-16,2019071601004177,SHIVM,57,51,185,610.00,"112,850.00"
2019-07-16,2019071601004176,SHIVM,57,10,15,610.00,"9,150.00"
2019-07-16,2019071601004144,SHIVM,33,44,165,609.00,"100,485.00"
2019-07-16,2019071601004143,SHIVM,28,44,500,609.00,"304,500.00"
2019-07-16,2019071601004142,SHIVM,43,44,100,609.00,"60,900.00"
2019-07-16,2019071601004368,SHIVM,6,50,200,608.00,"121,600.00"
2019-07-16,2019071601004367,SHIVM,6,35,200,608.00,"121,600.00"
2019-07-16,2019071601004366,SHIVM,6,45,190,608.00,"115,520.00"
2019-07-16,2019071601004334,SHIVM,52,45,500,608.00,"304,000.00"
2019-07-16,2019071601004305,SHIVM,21,50,300,609.00,"182,700.00"
2019-07-16,2019071601004241,SHIVM,26,49,15,608.00,"9,120.00"
2019-07-16,2019071601004475,SHIVM,43,6,10,607.00,"6,070.00"
2019-07-16,2019071601004431,SHIVM,43,6,300,607.00,"182,100.00"
2019-07-16,2019071601004421,SHIVM,43,34,90,607.00,"54,630.00"
2019-07-16,2019071601004400,SHIVM,43,6,100,607.00,"60,700.00"
2019-07-16,2019071601004380,SHIVM,51,6,50,608.00,"30,400.00"
2019-07-16,2019071601004369,SHIVM,6,6,90,608.00,"54,720.00"
2019-07-16,2019071601004516,SHPC,29,45,10,245.00,"2,450.00"
2019-07-16,2019071601004500,SHPC,17,28,400,253.00,"101,200.00"
2019-07-16,2019071601004446,SHPC,17,55,100,253.00,"25,300.00"
2019-07-16,2019071601004377,SKBBL,44,28,200,948.00,"189,600.00"
2019-07-16,2019071601004355,SKBBL,29,14,125,950.00,"118,750.00"
2019-07-16,2019071601004122,SKBBL,29,14,125,953.00,"119,125.00"
2019-07-16,2019071601004256,SLICL,29,32,80,456.00,"36,480.00"
2019-07-16,2019071601004255,SLICL,39,32,20,459.00,"9,180.00"
2019-07-16,2019071601004439,SMATA,1,40,19,"1,130.00","21,470.00"
2019-07-16,2019071601004463,SMFBS,59,57,30,471.00,"14,130.00"
2019-07-16,2019071601004473,SPARS,25,45,10,425.00,"4,250.00"
2019-07-16,2019071601004474,SRBL,33,38,"1,000",248.00,"248,000.00"
2019-07-16,2019071601004321,SRBL,36,38,100,248.00,"24,800.00"
2019-07-16,2019071601004320,SRBL,25,38,300,248.00,"74,400.00"
2019-07-16,2019071601004319,SRBL,25,38,300,248.00,"74,400.00"
2019-07-16,2019071601004161,SRBL,25,38,450,248.00,"111,600.00"
2019-07-16,2019071601004150,SRBL,25,38,50,248.00,"12,400.00"
2019-07-16,2019071601004149,SRBL,25,34,450,248.00,"111,600.00"
2019-07-16,2019071601004499,SWBBL,49,44,"1,700",875.00,"1,487,500.00"
2019-07-16,2019071601004498,SWBBL,56,44,100,876.00,"87,600.00"
2019-07-16,2019071601004497,SWBBL,47,44,200,876.00,"175,200.00"
2019-07-16,2019071601004514,UIC,7,32,37,850.00,"31,450.00"
2019-07-16,2019071601004513,UIC,34,32,23,851.00,"19,573.00"
2019-07-16,2019071601004490,UIC,34,32,40,851.00,"34,040.00"
2019-07-16,2019071601004223,UPCL,37,16,100,89.00,"8,900.00"
2019-07-16,2019071601004199,UPCL,37,18,10,89.00,890.00
2019-07-16,2019071601004146,UPCL,37,6,40,89.00,"3,560.00"
2019-07-16,2019071601004107,UPCL,37,5,20,89.00,"1,780.00"
2019-07-16,2019071601004098,UPCL,37,40,30,89.00,"2,670.00"
2019-07-16,2019071601004077,UPCL,35,5,30,90.00,"2,700.00"
2019-07-16,2019071601004452,UPPER,34,6,200,275.00,"55,000.00"
2019-07-16,2019071601004430,UPPER,44,6,300,275.00,"82,500.00"
2019-07-16,2019071601004429,UPPER,44,50,200,275.00,"55,000.00"
2019-07-16,2019071601004376,UPPER,44,6,100,275.00,"27,500.00"
2019-07-16,2019071601004375,UPPER,44,26,"1,000",275.00,"275,000.00"
2019-07-16,2019071601004336,UPPER,48,26,500,275.00,"137,500.00"
2019-07-16,2019071601004335,UPPER,43,26,500,275.00,"137,500.00"
2019-07-16,2019071601004014,ADBL,39,43,100,408.00,"40,800.00"
2019-07-16,2019071601003913,ADBL,22,34,200,409.00,"81,800.00"
2019-07-16,2019071601003912,ADBL,6,34,60,409.00,"24,540.00"
2019-07-16,2019071601003803,ADBL,34,35,970,409.00,"396,730.00"
2019-07-16,2019071601003791,ADBL,43,35,30,409.00,"12,270.00"
2019-07-16,2019071601003790,ADBL,43,6,60,409.00,"24,540.00"
2019-07-16,2019071601003789,ADBL,43,22,10,409.00,"4,090.00"
2019-07-16,2019071601003746,AKJCL,29,40,10,69.00,690.00
2019-07-16,2019071601003637,AKJCL,42,40,10,68.00,680.00
2019-07-16,2019071601003622,AKPL,59,48,10,188.00,"1,880.00"
2019-07-16,2019071601003611,AKPL,59,53,10,185.00,"1,850.00"
2019-07-16,2019071601003596,AKPL,59,39,30,184.00,"5,520.00"
2019-07-16,2019071601003659,ALBSL,41,33,50,398.00,"19,900.00"
2019-07-16,2019071601003721,ALICL,50,43,600,384.00,"230,400.00"
2019-07-16,2019071601003551,API,36,35,100,143.00,"14,300.00"
2019-07-16,2019071601003861,BOKL,42,25,117,255.00,"29,835.00"
2019-07-16,2019071601003666,BOKL,49,38,273,254.00,"69,342.00"
2019-07-16,2019071601003579,BOKL,32,38,500,254.00,"127,000.00"
2019-07-16,2019071601003578,BOKL,45,38,30,254.00,"7,620.00"
2019-07-16,2019071601003577,BOKL,25,38,300,254.00,"76,200.00"
2019-07-16,2019071601003576,BOKL,49,38,300,254.00,"76,200.00"
2019-07-16,2019071601003569,BOKL,49,38,80,254.00,"20,320.00"
2019-07-16,2019071601003568,BOKL,47,38,100,254.00,"25,400.00"
2019-07-16,2019071601003567,BOKL,44,38,100,254.00,"25,400.00"
2019-07-16,2019071601003566,BOKL,26,38,"1,000",254.00,"254,000.00"
2019-07-16,2019071601003565,BOKL,50,38,500,254.00,"127,000.00"
2019-07-16,2019071601003575,BOKL,39,38,30,254.00,"7,620.00"
2019-07-16,2019071601003574,BOKL,45,38,150,254.00,"38,100.00"
2019-07-16,2019071601003573,BOKL,34,38,250,254.00,"63,500.00"
2019-07-16,2019071601003572,BOKL,44,38,174,254.00,"44,196.00"
2019-07-16,2019071601003571,BOKL,7,38,50,254.00,"12,700.00"
2019-07-16,2019071601003570,BOKL,45,38,100,254.00,"25,400.00"
2019-07-16,2019071601004035,BPCL,43,40,11,401.00,"4,411.00"
2019-07-16,2019071601004030,BPCL,43,40,11,401.00,"4,411.00"
2019-07-16,2019071601003932,BPCL,1,34,44,400.00,"17,600.00"
2019-07-16,2019071601003902,BPCL,49,1,22,402.00,"8,844.00"
2019-07-16,2019071601003799,BPCL,1,40,11,410.00,"4,510.00"
2019-07-16,2019071601003718,BPCL,49,59,10,413.00,"4,130.00"
2019-07-16,2019071601003645,BPCL,49,22,10,421.00,"4,210.00"
2019-07-16,2019071601003923,CBBL,34,8,"2,000",950.00,"1,900,000.00"
2019-07-16,2019071601003893,CBBL,17,44,50,955.00,"47,750.00"
2019-07-16,2019071601003631,CBBL,57,44,420,951.00,"399,420.00"
2019-07-16,2019071601004010,CBL,59,17,"2,500",157.00,"392,500.00"
2019-07-16,2019071601004009,CBL,59,17,"2,500",157.00,"392,500.00"
2019-07-16,2019071601004008,CBL,59,28,"5,000",157.00,"785,000.00"
2019-07-16,2019071601004007,CBL,59,17,"1,444",157.00,"226,708.00"
2019-07-16,2019071601003988,CBL,11,5,12,156.00,"1,872.00"
2019-07-16,2019071601003943,CBL,11,4,41,156.00,"6,396.00"
2019-07-16,2019071601003667,CBL,11,14,500,156.00,"78,000.00"
2019-07-16,2019071601003615,CBL,39,17,"3,000",157.00,"471,000.00"
2019-07-16,2019071601003564,CBL,25,17,150,157.00,"23,550.00"
2019-07-16,2019071601003556,CBL,29,17,46,157.00,"7,222.00"
2019-07-16,2019071601003555,CBL,29,6,250,157.00,"39,250.00"
2019-07-16,2019071601003554,CBL,29,17,"1,704",157.00,"267,528.00"
2019-07-16,2019071601003816,CBL,26,17,10,157.00,"1,570.00"
2019-07-16,2019071601003811,CBL,47,17,50,157.00,"7,850.00"
2019-07-16,2019071601003780,CBL,11,40,112,156.00,"17,472.00"
2019-07-16,2019071601003776,CBL,10,17,50,157.00,"7,850.00"
2019-07-16,2019071601003748,CBL,34,17,200,157.00,"31,400.00"
2019-07-16,2019071601003744,CBL,10,17,50,157.00,"7,850.00"
2019-07-16,2019071601003959,CCBL,58,53,68,176.00,"11,968.00"
2019-07-16,2019071601003946,CCBL,58,4,69,176.00,"12,144.00"
2019-07-16,2019071601003933,CCBL,58,37,12,176.00,"2,112.00"
2019-07-16,2019071601003808,CCBL,48,6,50,175.00,"8,750.00"
2019-07-16,2019071601003782,CCBL,48,6,259,175.00,"45,325.00"
2019-07-16,2019071601003781,CCBL,38,6,199,176.00,"35,024.00"
2019-07-16,2019071601003754,CCBL,6,43,50,176.00,"8,800.00"
2019-07-16,2019071601003753,CCBL,14,43,199,176.00,"35,024.00"
2019-07-16,2019071601003676,CCBL,57,53,100,177.00,"17,700.00"
2019-07-16,2019071601003760,CCBL,38,43,801,176.00,"140,976.00"
2019-07-16,2019071601003759,CCBL,36,43,"1,100",176.00,"193,600.00"
2019-07-16,2019071601003758,CCBL,51,43,100,176.00,"17,600.00"
2019-07-16,2019071601003757,CCBL,49,43,200,176.00,"35,200.00"
2019-07-16,2019071601003756,CCBL,38,43,500,176.00,"88,000.00"
2019-07-16,2019071601003755,CCBL,56,43,50,176.00,"8,800.00"
2019-07-16,2019071601003927,CFCL,44,28,"2,000",119.00,"238,000.00"
2019-07-16,2019071601003957,CIT,14,42,5,"2,420.00","12,100.00"
2019-07-16,2019071601003671,CIT,25,6,105,"2,420.00","254,100.00"
2019-07-16,2019071601003657,CIT,29,6,15,"2,420.00","36,300.00"
2019-07-16,2019071601003583,CLBSL,38,5,10,555.00,"5,550.00"
2019-07-16,2019071601004016,CZBIL,39,5,174,224.00,"38,976.00"
2019-07-16,2019071601003995,CZBIL,39,48,200,224.00,"44,800.00"
2019-07-16,2019071601003986,CZBIL,39,43,250,224.00,"56,000.00"
2019-07-16,2019071601003958,CZBIL,39,4,11,224.00,"2,464.00"
2019-07-16,2019071601003899,CZBIL,39,13,100,224.00,"22,400.00"
2019-07-16,2019071601003989,DBBL,32,4,109,145.00,"15,805.00"
2019-07-16,2019071601003975,DBBL,32,14,500,145.00,"72,500.00"
2019-07-16,2019071601003819,DBBL,32,26,200,145.00,"29,000.00"
2019-07-16,2019071601003818,DBBL,32,22,300,145.00,"43,500.00"
2019-07-16,2019071601003921,DDBL,49,38,100,720.00,"72,000.00"
2019-07-16,2019071601003702,DDBL,58,38,311,722.00,"224,542.00"
2019-07-16,2019071601003743,EBL,6,57,10,675.00,"6,750.00"
2019-07-16,2019071601003742,EBL,6,52,200,674.00,"134,800.00"
2019-07-16,2019071601003741,EBL,6,33,10,673.00,"6,730.00"
2019-07-16,2019071601003705,EBL,36,34,250,670.00,"167,500.00"
2019-07-16,2019071601003654,EBL,36,45,30,670.00,"20,100.00"
2019-07-16,2019071601003647,EBL,36,55,31,669.00,"20,739.00"
2019-07-16,2019071601003646,EBL,36,50,250,669.00,"167,250.00"
2019-07-16,2019071601003640,EBL,28,57,130,667.00,"86,710.00"
2019-07-16,2019071601003623,EBL,28,45,65,667.00,"43,355.00"
2019-07-16,2019071601003553,EBL,28,21,10,667.00,"6,670.00"
2019-07-16,2019071601003653,EBL,36,13,500,670.00,"335,000.00"
2019-07-16,2019071601003652,EBL,36,8,100,670.00,"67,000.00"
2019-07-16,2019071601003651,EBL,36,34,100,670.00,"67,000.00"
2019-07-16,2019071601003650,EBL,36,45,40,670.00,"26,800.00"
2019-07-16,2019071601003649,EBL,36,14,100,670.00,"67,000.00"
2019-07-16,2019071601003648,EBL,36,39,190,670.00,"127,300.00"
2019-07-16,2019071601003769,FMDBL,33,42,200,375.00,"75,000.00"
2019-07-16,2019071601003768,FMDBL,49,42,50,375.00,"18,750.00"
2019-07-16,2019071601003767,FMDBL,41,42,200,375.00,"75,000.00"
2019-07-16,2019071601003766,FMDBL,36,42,50,375.00,"18,750.00"
2019-07-16,2019071601003765,FMDBL,19,42,100,376.00,"37,600.00"
2019-07-16,2019071601003764,FMDBL,42,42,50,377.00,"18,850.00"
2019-07-16,2019071601003763,FMDBL,33,42,10,378.00,"3,780.00"
2019-07-16,2019071601003991,GBBL,14,34,"2,000",225.00,"450,000.00"
2019-07-16,2019071601003960,GBBL,49,34,500,224.00,"112,000.00"
2019-07-16,2019071601003906,GBBL,49,41,500,224.00,"112,000.00"
2019-07-16,2019071601003944,GDBL,14,35,300,213.00,"63,900.00"
2019-07-16,2019071601003822,GDBL,39,28,30,214.00,"6,420.00"
2019-07-16,2019071601003821,GDBL,39,28,"1,000",214.00,"214,000.00"
2019-07-16,2019071601004020,GFCL,58,6,500,135.00,"67,500.00"
2019-07-16,2019071601004017,GHL,20,40,30,84.00,"2,520.00"
2019-07-16,2019071601003680,GHL,20,40,30,84.00,"2,520.00"
2019-07-16,2019071601003679,GHL,20,40,20,84.00,"1,680.00"
2019-07-16,2019071601004019,GILB,58,40,22,"1,208.00","26,576.00"
2019-07-16,2019071601004000,GILB,54,52,10,"1,209.00","12,090.00"
2019-07-16,2019071601003999,GILB,42,52,10,"1,209.00","12,090.00"
2019-07-16,2019071601003898,GILB,51,16,22,"1,203.00","26,466.00"
2019-07-16,2019071601003885,GILB,47,36,22,"1,209.00","26,598.00"
2019-07-16,2019071601003847,GILB,50,36,22,"1,202.00","26,444.00"
2019-07-16,2019071601003669,GILB,51,21,14,"1,201.00","16,814.00"
2019-07-16,2019071601003661,GILB,51,21,13,"1,201.00","15,613.00"
2019-07-16,2019071601003739,GILB,7,38,17,"1,201.00","20,417.00"
2019-07-16,2019071601003738,GILB,10,38,31,"1,201.00","37,231.00"
2019-07-16,2019071601003737,GILB,57,38,10,"1,201.00","12,010.00"
2019-07-16,2019071601003736,GILB,51,38,11,"1,201.00","13,211.00"
2019-07-16,2019071601003735,GILB,51,45,12,"1,201.00","14,412.00"
2019-07-16,2019071601003734,GILB,25,45,10,"1,203.00","12,030.00"
2019-07-16,2019071601003825,GILB,50,16,22,"1,202.00","26,444.00"
2019-07-16,2019071601003814,GILB,50,39,22,"1,201.00","26,422.00"
2019-07-16,2019071601003813,GILB,50,45,18,"1,201.00","21,618.00"
2019-07-16,2019071601003800,GILB,41,16,22,"1,200.00","26,400.00"
2019-07-16,2019071601003750,GILB,41,16,12,"1,200.00","14,400.00"
2019-07-16,2019071601003749,GILB,29,16,10,"1,201.00","12,010.00"
2019-07-16,2019071601003848,GIMES1,34,34,894,8.39,"7,500.66"
2019-07-16,2019071601004031,GLBSL,25,34,50,394.00,"19,700.00"
2019-07-16,2019071601004002,GLBSL,19,5,10,395.00,"3,950.00"
2019-07-16,2019071601003936,GLBSL,19,54,10,395.00,"3,950.00"
2019-07-16,2019071601003785,GMFBS,25,26,10,446.00,"4,460.00"
2019-07-16,2019071601003784,HBL,22,35,100,559.00,"55,900.00"
2019-07-16,2019071601003798,HGI,51,22,50,350.00,"17,500.00"
2019-07-16,2019071601003797,HGI,26,22,40,350.00,"14,000.00"
2019-07-16,2019071601004023,HIDCL,29,35,150,161.00,"24,150.00"
2019-07-16,2019071601004013,HIDCL,29,49,61,161.00,"9,821.00"
2019-07-16,2019071601003983,HIDCL,22,7,128,162.00,"20,736.00"
2019-07-16,2019071601003982,HIDCL,22,29,183,162.00,"29,646.00"
2019-07-16,2019071601003942,HIDCL,29,8,373,161.00,"60,053.00"
2019-07-16,2019071601003941,HIDCL,44,8,771,161.00,"124,131.00"
2019-07-16,2019071601003806,HIDCL,44,45,500,161.00,"80,500.00"
2019-07-16,2019071601003824,HPPL,45,40,10,174.00,"1,740.00"
2019-07-16,2019071601004018,HURJA,16,5,20,139.00,"2,780.00"
2019-07-16,2019071601003829,HURJA,16,40,20,139.00,"2,780.00"
2019-07-16,2019071601003796,HURJA,16,37,20,139.00,"2,780.00"
2019-07-16,2019071601003677,HURJA,16,26,20,139.00,"2,780.00"
2019-07-16,2019071601003642,HURJA,16,40,20,139.00,"2,780.00"
2019-07-16,2019071601004027,ICFC,58,1,10,168.00,"1,680.00"
2019-07-16,2019071601003665,IGI,42,25,390,358.00,"139,620.00"
2019-07-16,2019071601003664,IGI,3,25,60,359.00,"21,540.00"
2019-07-16,2019071601003663,IGI,57,25,50,360.00,"18,000.00"
2019-07-16,2019071601003978,ILBS,56,56,10,397.00,"3,970.00"
2019-07-16,2019071601003977,ILBS,56,56,10,397.00,"3,970.00"
2019-07-16,2019071601003896,ILBS,56,34,10,394.00,"3,940.00"
2019-07-16,2019071601003878,ILBS,1,36,10,397.00,"3,970.00"
2019-07-16,2019071601003839,ILBS,56,40,10,394.00,"3,940.00"
2019-07-16,2019071601003802,ILBS,35,53,80,395.00,"31,600.00"
2019-07-16,2019071601003801,ILBS,21,53,10,396.00,"3,960.00"
2019-07-16,2019071601003628,ILBS,35,51,10,395.00,"3,950.00"
2019-07-16,2019071601003625,ILBS,35,39,10,395.00,"3,950.00"
2019-07-16,2019071601003997,JBBL,40,45,278,162.00,"45,036.00"
2019-07-16,2019071601003996,JBBL,51,45,13,162.00,"2,106.00"
2019-07-16,2019071601003914,JBBL,51,22,344,162.00,"55,728.00"
2019-07-16,2019071601003810,JBBL,51,37,15,162.00,"2,430.00"
2019-07-16,2019071601003845,JOSHI,42,40,20,77.00,"1,540.00"
2019-07-16,2019071601003656,JOSHI,39,40,20,77.00,"1,540.00"
2019-07-16,2019071601003693,KPCL,6,6,10,91.00,910.00
2019-07-16,2019071601003660,KPCL,6,40,10,91.00,910.00
2019-07-16,2019071601003849,KPCL,6,40,10,91.00,910.00
2019-07-16,2019071601003774,KPCL,6,6,10,91.00,910.00
2019-07-16,2019071601003613,KSBBL,46,26,50,161.00,"8,050.00"
2019-07-16,2019071601003865,LBBL,50,54,100,196.00,"19,600.00"
2019-07-16,2019071601003864,LBBL,47,54,"1,474",196.00,"288,904.00"
2019-07-16,2019071601003965,LGIL,45,42,70,430.00,"30,100.00"
2019-07-16,2019071601003639,LGIL,51,25,150,430.00,"64,500.00"
2019-07-16,2019071601003870,LICN,16,37,200,"1,600.00","320,000.00"
2019-07-16,2019071601003869,LICN,51,37,50,"1,600.00","80,000.00"
2019-07-16,2019071601003868,LICN,59,37,20,"1,600.00","32,000.00"
2019-07-16,2019071601003834,MBL,54,1,435,263.00,"114,405.00"
2019-07-16,2019071601003833,MBL,43,1,65,263.00,"17,095.00"
2019-07-16,2019071601003804,MBL,41,1,257,264.00,"67,848.00"
2019-07-16,2019071601003762,MBL,43,11,500,263.00,"131,500.00"
2019-07-16,2019071601004029,MEGA,49,4,50,213.00,"10,650.00"
2019-07-16,2019071601004028,MEGA,57,4,29,213.00,"6,177.00"
2019-07-16,2019071601003974,MEGA,57,17,71,213.00,"15,123.00"
2019-07-16,2019071601003926,MEGA,14,42,200,213.00,"42,600.00"
2019-07-16,2019071601003903,MEGA,14,14,500,213.00,"106,500.00"
2019-07-16,2019071601003674,MEGA,14,14,500,213.00,"106,500.00"
2019-07-16,2019071601003662,MEGA,14,5,109,213.00,"23,217.00"
2019-07-16,2019071601003644,MEGA,14,5,109,213.00,"23,217.00"
2019-07-16,2019071601003641,MEGA,14,57,205,213.00,"43,665.00"
2019-07-16,2019071601003630,MEGA,14,5,109,213.00,"23,217.00"
2019-07-16,2019071601003612,MEGA,14,5,109,213.00,"23,217.00"
2019-07-16,2019071601003858,MHNL,52,40,30,105.00,"3,150.00"
2019-07-16,2019071601003668,MHNL,52,40,30,105.00,"3,150.00"
2019-07-16,2019071601003697,MLBL,41,26,50,197.00,"9,850.00"
2019-07-16,2019071601003990,MNBBL,29,16,150,371.00,"55,650.00"
2019-07-16,2019071601003910,MNBBL,45,25,300,371.00,"111,300.00"
2019-07-16,2019071601003908,MNBBL,44,34,50,372.00,"18,600.00"
2019-07-16,2019071601003905,MNBBL,42,34,200,372.00,"74,400.00"
2019-07-16,2019071601003895,MNBBL,11,44,500,371.00,"185,500.00"
2019-07-16,2019071601003722,MNBBL,35,14,50,372.00,"18,600.00"
2019-07-16,2019071601003581,MNBBL,10,17,50,373.00,"18,650.00"
2019-07-16,2019071601003560,MNBBL,42,34,20,370.00,"7,400.00"
2019-07-16,2019071601004022,NABIL,39,44,10,803.00,"8,030.00"
2019-07-16,2019071601003981,NABIL,41,53,35,802.00,"28,070.00"
2019-07-16,2019071601003940,NABIL,41,6,450,802.00,"360,900.00"
2019-07-16,2019071601003900,NABIL,59,6,50,802.00,"40,100.00"
2019-07-16,2019071601003823,NABIL,1,53,27,802.00,"21,654.00"
2019-07-16,2019071601003820,NABIL,44,53,63,802.00,"50,526.00"
2019-07-16,2019071601003699,NABIL,54,53,100,802.00,"80,200.00"
2019-07-16,2019071601003643,NABIL,32,53,20,802.00,"16,040.00"
2019-07-16,2019071601003627,NABIL,42,53,155,802.00,"124,310.00"
2019-07-16,2019071601003626,NABIL,42,6,345,802.00,"276,690.00"
2019-07-16,2019071601003787,NABIL,25,47,400,800.00,"320,000.00"
2019-07-16,2019071601003745,NABIL,25,4,100,800.00,"80,000.00"
2019-07-16,2019071601003729,NABIL,56,4,200,800.00,"160,000.00"
2019-07-16,2019071601003728,NABIL,55,4,100,800.00,"80,000.00"
2019-07-16,2019071601003727,NABIL,52,4,100,800.00,"80,000.00"
2019-07-16,2019071601003710,NABIL,45,53,100,802.00,"80,200.00"
2019-07-16,2019071601003964,NADEP,42,5,20,411.00,"8,220.00"
2019-07-16,2019071601003670,NADEP,41,40,20,409.00,"8,180.00"
2019-07-16,2019071601003675,NAGRO,40,40,10,486.00,"4,860.00"
2019-07-16,2019071601003655,NAGRO,40,34,10,486.00,"4,860.00"
2019-07-16,2019071601003980,NBB,38,52,100,222.00,"22,200.00"
2019-07-16,2019071601003979,NBB,42,52,100,222.00,"22,200.00"
2019-07-16,2019071601003786,NBB,38,22,11,222.00,"2,442.00"
2019-07-16,2019071601004049,NBL,59,44,"4,269",335.00,"1,430,115.00"
2019-07-16,2019071601004048,NBL,34,44,"1,000",335.00,"335,000.00"
2019-07-16,2019071601004047,NBL,32,44,500,335.00,"167,500.00"
2019-07-16,2019071601004046,NBL,39,44,"2,000",335.00,"670,000.00"
2019-07-16,2019071601004045,NBL,19,44,200,335.00,"67,000.00"
2019-07-16,2019071601004044,NBL,45,44,500,335.00,"167,500.00"
2019-07-16,2019071601003589,NBL,39,33,500,336.00,"168,000.00"
2019-07-16,2019071601003588,NBL,16,33,"1,000",336.00,"336,000.00"
2019-07-16,2019071601003587,NBL,50,33,"1,000",336.00,"336,000.00"
2019-07-16,2019071601003586,NBL,7,33,200,336.00,"67,200.00"
2019-07-16,2019071601003585,NBL,25,33,"2,000",336.00,"672,000.00"
2019-07-16,2019071601003552,NBL,44,6,200,336.00,"67,200.00"
2019-07-16,2019071601003595,NBL,44,33,"1,500",336.00,"504,000.00"
2019-07-16,2019071601003594,NBL,51,33,50,336.00,"16,800.00"
2019-07-16,2019071601003593,NBL,29,33,"1,000",336.00,"336,000.00"
2019-07-16,2019071601003592,NBL,57,33,50,336.00,"16,800.00"
2019-07-16,2019071601003591,NBL,39,33,30,336.00,"10,080.00"
2019-07-16,2019071601003590,NBL,51,33,50,336.00,"16,800.00"
2019-07-16,2019071601004037,NBL,14,44,500,335.00,"167,500.00"
2019-07-16,2019071601004036,NBL,50,44,500,335.00,"167,500.00"
2019-07-16,2019071601003998,NBL,25,33,"1,000",336.00,"336,000.00"
2019-07-16,2019071601003962,NBL,21,33,200,336.00,"67,200.00"
2019-07-16,2019071601003937,NBL,1,33,200,336.00,"67,200.00"
2019-07-16,2019071601003875,NBL,58,33,500,336.00,"168,000.00"
2019-07-16,2019071601004043,NBL,26,44,"1,000",335.00,"335,000.00"
2019-07-16,2019071601004042,NBL,59,44,500,335.00,"167,500.00"
2019-07-16,2019071601004041,NBL,45,44,500,335.00,"167,500.00"
2019-07-16,2019071601004040,NBL,57,44,100,335.00,"33,500.00"
2019-07-16,2019071601004039,NBL,41,44,20,335.00,"6,700.00"
2019-07-16,2019071601004038,NBL,32,44,"3,000",335.00,"1,005,000.00"
2019-07-16,2019071601003947,NCCB,52,8,313,245.00,"76,685.00"
2019-07-16,2019071601003832,NCCB,52,13,150,245.00,"36,750.00"
2019-07-16,2019071601003783,NCCB,52,11,500,245.00,"122,500.00"
2019-07-16,2019071601003772,NCCB,52,34,637,245.00,"156,065.00"
2019-07-16,2019071601003704,NCCB,42,34,210,245.00,"51,450.00"
2019-07-16,2019071601003618,NCCB,19,34,153,245.00,"37,485.00"
2019-07-16,2019071601003610,NCCB,19,34,47,245.00,"11,515.00"
2019-07-16,2019071601003609,NCCB,44,34,753,245.00,"184,485.00"
2019-07-16,2019071601003597,NCCB,44,34,800,245.00,"196,000.00"
2019-07-16,2019071601003696,NEF,34,10,100,8.82,882.00
2019-07-16,2019071601003862,NHDL,14,40,10,121.00,"1,210.00"
2019-07-16,2019071601003817,NHDL,14,37,10,121.00,"1,210.00"
2019-07-16,2019071601004024,NIB,49,49,44,518.00,"22,792.00"
2019-07-16,2019071601003954,NIB,49,25,30,519.00,"15,570.00"
2019-07-16,2019071601003894,NIB,49,20,44,518.00,"22,792.00"
2019-07-16,2019071601003886,NIB,1,25,20,519.00,"10,380.00"
2019-07-16,2019071601003874,NIB,44,40,16,518.00,"8,288.00"
2019-07-16,2019071601003873,NIB,43,40,12,518.00,"6,216.00"
2019-07-16,2019071601003689,NIB,45,16,50,519.00,"25,950.00"
2019-07-16,2019071601003688,NIB,37,16,297,519.00,"154,143.00"
2019-07-16,2019071601003831,NIB,11,25,100,519.00,"51,900.00"
2019-07-16,2019071601003827,NIB,47,25,20,519.00,"10,380.00"
2019-07-16,2019071601003725,NIB,10,25,100,519.00,"51,900.00"
2019-07-16,2019071601003695,NIB,43,53,28,518.00,"14,504.00"
2019-07-16,2019071601003691,NIB,33,16,974,519.00,"505,506.00"
2019-07-16,2019071601003690,NIB,19,16,100,519.00,"51,900.00"
2019-07-16,2019071601003963,NIBLPF,35,39,400,7.44,"2,976.00"
2019-07-16,2019071601003717,NIBPO,28,4,90,469.00,"42,210.00"
2019-07-16,2019071601003773,NIBSF1,21,34,100,9.40,940.00
2019-07-16,2019071601004001,NICA,58,44,250,448.00,"112,000.00"
2019-07-16,2019071601003793,NICA,42,44,50,448.00,"22,400.00"
2019-07-16,2019071601003716,NICA,29,44,900,447.00,"402,300.00"
2019-07-16,2019071601003633,NICA,29,6,100,447.00,"44,700.00"
2019-07-16,2019071601004026,NICL,25,36,80,352.00,"28,160.00"
2019-07-16,2019071601004025,NICL,51,36,20,352.00,"7,040.00"
2019-07-16,2019071601003732,NICL,1,36,100,352.00,"35,200.00"
2019-07-16,2019071601003863,NLG,28,43,10,762.00,"7,620.00"
2019-07-16,2019071601004005,NLIC,59,6,48,905.00,"43,440.00"
2019-07-16,2019071601003726,NLIC,34,35,30,905.00,"27,150.00"
2019-07-16,2019071601003635,NLIC,34,42,50,905.00,"45,250.00"
2019-07-16,2019071601003634,NLIC,34,34,20,905.00,"18,100.00"
2019-07-16,2019071601004021,NLICL,42,42,633,580.00,"367,140.00"
2019-07-16,2019071601003973,NLICL,42,42,521,580.00,"302,180.00"
2019-07-16,2019071601003972,NLICL,7,42,10,580.00,"5,800.00"
2019-07-16,2019071601003971,NLICL,39,42,300,580.00,"174,000.00"
2019-07-16,2019071601003970,NLICL,4,42,169,581.00,"98,189.00"
2019-07-16,2019071601003945,NLICL,42,33,30,583.00,"17,490.00"
2019-07-16,2019071601003600,NLICL,32,42,441,584.00,"257,544.00"
2019-07-16,2019071601003599,NLICL,34,42,110,584.00,"64,240.00"
2019-07-16,2019071601003598,NLICL,26,42,88,584.00,"51,392.00"
2019-07-16,2019071601003580,NLICL,26,6,267,584.00,"155,928.00"
2019-07-16,2019071601003608,NLICL,4,42,31,580.00,"17,980.00"
2019-07-16,2019071601003605,NLICL,6,42,200,580.00,"116,000.00"
2019-07-16,2019071601003604,NLICL,34,42,500,581.00,"290,500.00"
2019-07-16,2019071601003603,NLICL,34,42,500,582.00,"291,000.00"
2019-07-16,2019071601003602,NLICL,51,42,10,582.00,"5,820.00"
2019-07-16,2019071601003601,NLICL,13,42,120,583.00,"69,960.00"
2019-07-16,2019071601003915,NTC,35,33,20,693.00,"13,860.00"
2019-07-16,2019071601003701,NTC,34,33,75,693.00,"51,975.00"
2019-07-16,2019071601003700,NTC,34,25,25,693.00,"17,325.00"
2019-07-16,2019071601004004,PCBL,49,20,250,275.00,"68,750.00"
2019-07-16,2019071601004003,PCBL,49,34,300,275.00,"82,500.00"
2019-07-16,2019071601003876,PCBL,46,44,150,276.00,"41,400.00"
2019-07-16,2019071601003779,PCBL,6,16,10,277.00,"2,770.00"
2019-07-16,2019071601003778,PCBL,6,59,68,276.00,"18,768.00"
2019-07-16,2019071601003709,PIC,35,44,50,494.00,"24,700.00"
2019-07-16,2019071601003904,PICL,28,47,10,555.00,"5,550.00"
2019-07-16,2019071601003879,PMHPL,56,40,10,107.00,"1,070.00"
2019-07-16,2019071601003694,PMHPL,56,26,10,107.00,"1,070.00"
2019-07-16,2019071601003678,PMHPL,56,40,10,107.00,"1,070.00"
2019-07-16,2019071601003559,PMHPL,56,46,120,107.00,"12,840.00"
2019-07-16,2019071601004033,PPCL,34,5,10,135.00,"1,350.00"
2019-07-16,2019071601004032,PPCL,38,5,20,135.00,"2,700.00"
2019-07-16,2019071601003880,PPCL,36,19,30,136.00,"4,080.00"
2019-07-16,2019071601003835,PPCL,36,6,30,136.00,"4,080.00"
2019-07-16,2019071601003828,PPCL,36,6,30,136.00,"4,080.00"
2019-07-16,2019071601003812,PPCL,36,6,30,136.00,"4,080.00"
2019-07-16,2019071601003752,PPCL,36,26,30,136.00,"4,080.00"
2019-07-16,2019071601003692,PPCL,36,40,20,136.00,"2,720.00"
2019-07-16,2019071601003950,PRIN,34,42,240,364.00,"87,360.00"
2019-07-16,2019071601003949,PRIN,32,42,50,364.00,"18,200.00"
2019-07-16,2019071601003948,PRIN,46,42,10,364.00,"3,640.00"
2019-07-16,2019071601003795,PRIN,1,19,102,366.00,"37,332.00"
2019-07-16,2019071601003751,PRIN,1,32,18,365.00,"6,570.00"
2019-07-16,2019071601004015,PRVU,46,14,500,264.00,"132,000.00"
2019-07-16,2019071601003953,PRVU,40,37,"1,600",264.00,"422,400.00"
2019-07-16,2019071601003920,PRVU,46,28,500,264.00,"132,000.00"
2019-07-16,2019071601003919,PRVU,46,33,"2,000",264.00,"528,000.00"
2019-07-16,2019071601003841,PRVU,52,42,10,263.00,"2,630.00"
2019-07-16,2019071601003617,PRVU,29,6,949,264.00,"250,536.00"
2019-07-16,2019071601003616,PRVU,29,26,51,264.00,"13,464.00"
2019-07-16,2019071601003607,PRVU,49,26,50,264.00,"13,200.00"
2019-07-16,2019071601003918,PRVU,46,29,200,264.00,"52,800.00"
2019-07-16,2019071601003917,PRVU,46,14,500,264.00,"132,000.00"
2019-07-16,2019071601003916,PRVU,46,6,51,264.00,"13,464.00"
2019-07-16,2019071601003897,PRVU,25,6,300,264.00,"79,200.00"
2019-07-16,2019071601003860,PRVU,53,13,150,263.00,"39,450.00"
2019-07-16,2019071601003842,PRVU,53,42,290,263.00,"76,270.00"
2019-07-16,2019071601003830,RBCL,34,53,40,"9,250.00","370,000.00"
2019-07-16,2019071601003621,RBCL,42,53,20,"9,250.00","185,000.00"
2019-07-16,2019071601003620,RBCL,47,53,20,"9,251.00","185,020.00"
2019-07-16,2019071601004012,RHPC,58,16,18,90.00,"1,620.00"
2019-07-16,2019071601003809,RHPC,37,6,18,89.00,"1,602.00"
2019-07-16,2019071601003788,RHPC,37,6,18,89.00,"1,602.00"
2019-07-16,2019071601003712,RHPC,37,53,11,89.00,979.00
2019-07-16,2019071601003987,RMDC,17,53,216,665.00,"143,640.00"
2019-07-16,2019071601003731,RMDC,34,28,"2,000",665.00,"1,330,000.00"
2019-07-16,2019071601003730,RMDC,49,28,100,665.00,"66,500.00"
2019-07-16,2019071601003924,RSDC,17,54,30,343.00,"10,290.00"
2019-07-16,2019071601003883,SADBL,41,34,50,159.00,"7,950.00"
2019-07-16,2019071601003882,SADBL,19,34,208,159.00,"33,072.00"
2019-07-16,2019071601003881,SADBL,34,34,100,159.00,"15,900.00"
2019-07-16,2019071601003969,SANIMA,59,34,300,348.00,"104,400.00"
2019-07-16,2019071601003968,SANIMA,42,34,"1,000",348.00,"348,000.00"
2019-07-16,2019071601003967,SANIMA,39,34,200,348.00,"69,600.00"
2019-07-16,2019071601003966,SANIMA,57,34,"1,500",348.00,"522,000.00"
2019-07-16,2019071601003952,SANIMA,21,34,40,349.00,"13,960.00"
2019-07-16,2019071601003951,SANIMA,21,35,160,349.00,"55,840.00"
2019-07-16,2019071601003703,SANIMA,44,35,840,349.00,"293,160.00"
2019-07-16,2019071601003673,SANIMA,34,59,74,350.00,"25,900.00"
2019-07-16,2019071601003672,SANIMA,34,34,126,350.00,"44,100.00"
2019-07-16,2019071601003629,SANIMA,44,41,160,349.00,"55,840.00"
2019-07-16,2019071601003557,SANIMA,21,41,40,349.00,"13,960.00"
2019-07-16,2019071601003887,SBI,36,13,100,468.00,"46,800.00"
2019-07-16,2019071601003857,SBI,36,22,100,468.00,"46,800.00"
2019-07-16,2019071601003840,SBI,36,29,19,468.00,"8,892.00"
2019-07-16,2019071601003619,SBI,36,45,60,468.00,"28,080.00"
2019-07-16,2019071601003582,SBI,19,5,50,469.00,"23,450.00"
2019-07-16,2019071601003562,SBI,58,5,50,469.00,"23,450.00"
2019-07-16,2019071601003561,SBI,58,25,150,469.00,"70,350.00"
2019-07-16,2019071601003871,SBL,26,42,101,318.00,"32,118.00"
2019-07-16,2019071601003733,SBL,44,35,"1,000",318.00,"318,000.00"
2019-07-16,2019071601003901,SCB,13,40,20,676.00,"13,520.00"
2019-07-16,2019071601003775,SCB,13,22,100,676.00,"67,600.00"
2019-07-16,2019071601003711,SCB,13,22,100,676.00,"67,600.00"
2019-07-16,2019071601003636,SDESI,59,17,23,578.00,"13,294.00"
2019-07-16,2019071601003922,SEF,1,40,500,9.81,"4,905.00"
2019-07-16,2019071601003884,SEF,34,47,"5,000",10.00,"50,000.00"
2019-07-16,2019071601003844,SEF,1,32,"2,000",9.81,"19,620.00"
2019-07-16,2019071601003843,SEF,25,32,"3,000",9.81,"29,430.00"
2019-07-16,2019071601003550,SEF,25,40,500,9.81,"4,905.00"
2019-07-16,2019071601003707,SEOS,6,22,500,10.80,"5,400.00"
2019-07-16,2019071601003706,SEOS,6,21,"1,500",10.78,"16,170.00"
2019-07-16,2019071601003807,SFFIL,14,6,40,207.00,"8,280.00"
2019-07-16,2019071601003888,SHINE,28,57,20,252.00,"5,040.00"
2019-07-16,2019071601004011,SHIVM,36,25,50,610.00,"30,500.00"
2019-07-16,2019071601003992,SHIVM,47,50,20,611.00,"12,220.00"
2019-07-16,2019071601003976,SHIVM,47,37,100,611.00,"61,100.00"
2019-07-16,2019071601003961,SHIVM,47,38,180,610.00,"109,800.00"
2019-07-16,2019071601003956,SHIVM,25,38,"1,320",610.00,"805,200.00"
2019-07-16,2019071601003955,SHIVM,25,34,180,610.00,"109,800.00"
2019-07-16,2019071601003714,SHIVM,49,10,100,610.00,"61,000.00"
2019-07-16,2019071601003713,SHIVM,5,10,30,610.00,"18,300.00"
2019-07-16,2019071601003724,SHIVM,39,44,234,612.00,"143,208.00"
2019-07-16,2019071601003723,SHIVM,39,33,466,611.00,"284,726.00"
2019-07-16,2019071601003720,SHIVM,52,33,14,611.00,"8,554.00"
2019-07-16,2019071601003719,SHIVM,52,50,186,611.00,"113,646.00"
2019-07-16,2019071601003715,SHIVM,58,10,370,610.00,"225,700.00"
2019-07-16,2019071601003939,SHIVM,58,34,300,610.00,"183,000.00"
2019-07-16,2019071601003934,SHIVM,33,7,300,610.00,"183,000.00"
2019-07-16,2019071601003892,SHIVM,22,10,550,609.00,"334,950.00"
2019-07-16,2019071601003891,SHIVM,16,10,500,609.00,"304,500.00"
2019-07-16,2019071601003890,SHIVM,40,10,200,610.00,"122,000.00"
2019-07-16,2019071601003889,SHIVM,58,10,130,610.00,"79,300.00"
2019-07-16,2019071601003584,SHPC,36,39,25,258.00,"6,450.00"
2019-07-16,2019071601003931,SICL,34,53,183,771.00,"141,093.00"
2019-07-16,2019071601003836,SICL,49,53,100,771.00,"77,100.00"
2019-07-16,2019071601003815,SICL,50,53,36,771.00,"27,756.00"
2019-07-16,2019071601003805,SICL,44,53,45,771.00,"34,695.00"
2019-07-16,2019071601003872,SIL,35,20,50,455.00,"22,750.00"
2019-07-16,2019071601003994,SKBBL,44,28,200,952.00,"190,400.00"
2019-07-16,2019071601003993,SKBBL,44,18,100,951.00,"95,100.00"
2019-07-16,2019071601003935,SLBBL,46,25,"1,253",441.00,"552,573.00"
2019-07-16,2019071601003850,SLBBL,58,25,20,449.00,"8,980.00"
2019-07-16,2019071601003856,SLBBL,43,25,200,446.00,"89,200.00"
2019-07-16,2019071601003855,SLBBL,46,25,300,447.00,"134,100.00"
2019-07-16,2019071601003854,SLBBL,45,25,30,447.00,"13,410.00"
2019-07-16,2019071601003853,SLBBL,51,25,117,448.00,"52,416.00"
2019-07-16,2019071601003852,SLBBL,45,25,20,448.00,"8,960.00"
2019-07-16,2019071601003851,SLBBL,58,25,60,448.00,"26,880.00"
2019-07-16,2019071601003761,SLBSL,52,19,10,532.00,"5,320.00"
2019-07-16,2019071601003877,SLICL,39,32,12,460.00,"5,520.00"
2019-07-16,2019071601003606,SLICL,38,32,170,461.00,"78,370.00"
2019-07-16,2019071601004006,SMFBS,59,33,250,471.00,"117,750.00"
2019-07-16,2019071601003846,SMFBS,59,39,10,471.00,"4,710.00"
2019-07-16,2019071601003838,SMFBS,48,11,10,474.00,"4,740.00"
2019-07-16,2019071601003837,SMFBS,48,3,10,474.00,"4,740.00"
2019-07-16,2019071601003826,SMFBS,59,41,20,471.00,"9,420.00"
2019-07-16,2019071601003925,SPDL,45,20,29,90.00,"2,610.00"
2019-07-16,2019071601004034,SRBL,36,34,500,248.00,"124,000.00"
2019-07-16,2019071601003938,SRBL,17,34,50,248.00,"12,400.00"
2019-07-16,2019071601003866,SRBL,25,38,200,248.00,"49,600.00"
2019-07-16,2019071601003687,SRBL,26,38,500,248.00,"124,000.00"
2019-07-16,2019071601003686,SRBL,38,38,200,248.00,"49,600.00"
2019-07-16,2019071601003685,SRBL,44,38,200,248.00,"49,600.00"
2019-07-16,2019071601003684,SRBL,28,38,"1,800",248.00,"446,400.00"
2019-07-16,2019071601003683,SRBL,52,38,"1,000",248.00,"248,000.00"
2019-07-16,2019071601003682,SRBL,28,38,500,248.00,"124,000.00"
2019-07-16,2019071601003681,SRBL,50,38,183,248.00,"45,384.00"
2019-07-16,2019071601003658,SRBL,50,53,117,248.00,"29,016.00"
2019-07-16,2019071601003558,SRBL,7,38,"1,000",249.00,"249,000.00"
2019-07-16,2019071601003792,SWBBL,45,14,150,880.00,"132,000.00"
2019-07-16,2019071601003930,UIC,1,32,10,855.00,"8,550.00"
2019-07-16,2019071601003929,UIC,55,32,10,855.00,"8,550.00"
2019-07-16,2019071601003928,UIC,52,32,20,856.00,"17,120.00"
2019-07-16,2019071601003624,UIC,52,32,10,860.00,"8,600.00"
2019-07-16,2019071601003614,UIC,52,32,10,860.00,"8,600.00"
2019-07-16,2019071601003907,UPCL,35,40,20,91.00,"1,820.00"
2019-07-16,2019071601003867,UPCL,35,59,20,92.00,"1,840.00"
2019-07-16,2019071601003985,UPPER,44,45,25,275.00,"6,875.00"
2019-07-16,2019071601003984,UPPER,44,1,966,275.00,"265,650.00"
2019-07-16,2019071601003911,UPPER,44,40,50,274.00,"13,700.00"
2019-07-16,2019071601003909,UPPER,44,34,50,274.00,"13,700.00"
2019-07-16,2019071601003859,UPPER,44,39,50,274.00,"13,700.00"
2019-07-16,2019071601003638,UPPER,38,1,450,275.00,"123,750.00"
2019-07-16,2019071601003632,UPPER,38,17,50,275.00,"13,750.00"
2019-07-16,2019071601003708,UPPER,44,40,50,274.00,"13,700.00"
2019-07-16,2019071601003777,UPPER,44,26,50,274.00,"13,700.00"
2019-07-16,2019071601003747,UPPER,44,6,50,274.00,"13,700.00"
2019-07-16,2019071601003740,UPPER,44,6,50,274.00,"13,700.00"
2019-07-16,2019071601003794,VLBS,48,42,14,485.00,"6,790.00"
2019-07-16,2019071601003319,ADBL,34,14,192,408.00,"78,336.00"
2019-07-16,2019071601003318,ADBL,35,14,108,408.00,"44,064.00"
2019-07-16,2019071601003211,ADBL,35,49,10,408.00,"4,080.00"
2019-07-16,2019071601003069,ADBL,35,49,32,408.00,"13,056.00"
2019-07-16,2019071601003455,AKJCL,29,40,20,67.00,"1,340.00"
2019-07-16,2019071601003438,AKJCL,29,19,20,68.00,"1,360.00"
2019-07-16,2019071601003368,AKJCL,29,40,10,69.00,690.00
2019-07-16,2019071601003165,AKJCL,29,58,20,70.00,"1,400.00"
2019-07-16,2019071601003234,AKPL,41,35,24,178.00,"4,272.00"
2019-07-16,2019071601003233,AKPL,41,35,24,178.00,"4,272.00"
2019-07-16,2019071601003181,AKPL,45,41,10,176.00,"1,760.00"
2019-07-16,2019071601003413,AKPL,57,41,10,181.00,"1,810.00"
2019-07-16,2019071601003236,AKPL,41,58,"1,869",178.00,"332,682.00"
2019-07-16,2019071601003235,AKPL,41,6,13,178.00,"2,314.00"
2019-07-16,2019071601003477,ALBSL,42,7,10,400.00,"4,000.00"
2019-07-16,2019071601003476,ALBSL,42,7,10,400.00,"4,000.00"
2019-07-16,2019071601003475,ALBSL,42,19,10,400.00,"4,000.00"
2019-07-16,2019071601003474,ALBSL,42,29,66,400.00,"26,400.00"
2019-07-16,2019071601003473,ALBSL,42,53,40,399.00,"15,960.00"
2019-07-16,2019071601003472,ALBSL,42,7,10,397.00,"3,970.00"
2019-07-16,2019071601003185,ALBSL,11,20,10,394.00,"3,940.00"
2019-07-16,2019071601003070,ALBSL,11,10,10,394.00,"3,940.00"
2019-07-16,2019071601003471,ALBSL,42,6,10,396.00,"3,960.00"
2019-07-16,2019071601003470,ALBSL,42,47,10,395.00,"3,950.00"
2019-07-16,2019071601003310,ALBSL,42,6,10,393.00,"3,930.00"
2019-07-16,2019071601003291,ALICL,17,40,155,382.00,"59,210.00"
2019-07-16,2019071601003290,ALICL,16,40,270,382.00,"103,140.00"
2019-07-16,2019071601003202,ALICL,8,43,100,383.00,"38,300.00"
2019-07-16,2019071601003201,ALICL,42,43,80,383.00,"30,640.00"
2019-07-16,2019071601003200,ALICL,43,43,10,384.00,"3,840.00"
2019-07-16,2019071601003160,ALICL,43,41,190,384.00,"72,960.00"
2019-07-16,2019071601003159,ALICL,7,41,10,385.00,"3,850.00"
2019-07-16,2019071601003381,BNT,46,14,10,"6,890.00","68,900.00"
2019-07-16,2019071601003467,BOKL,57,38,50,255.00,"12,750.00"
2019-07-16,2019071601003424,BOKL,42,11,100,256.00,"25,600.00"
2019-07-16,2019071601003418,BOKL,10,38,100,255.00,"25,500.00"
2019-07-16,2019071601003384,BOKL,39,38,200,255.00,"51,000.00"
2019-07-16,2019071601003370,BOKL,52,38,190,255.00,"48,450.00"
2019-07-16,2019071601003339,BOKL,52,45,260,255.00,"66,300.00"
2019-07-16,2019071601003260,BOKL,7,38,100,255.00,"25,500.00"
2019-07-16,2019071601003108,BOKL,55,38,220,255.00,"56,100.00"
2019-07-16,2019071601003521,CBBL,57,49,70,951.00,"66,570.00"
2019-07-16,2019071601003520,CBBL,6,49,50,952.00,"47,600.00"
2019-07-16,2019071601003093,CBBL,6,44,100,960.00,"96,000.00"
2019-07-16,2019071601003451,CBL,11,21,15,156.00,"2,340.00"
2019-07-16,2019071601003311,CBL,11,46,500,156.00,"78,000.00"
2019-07-16,2019071601003199,CBL,11,49,10,156.00,"1,560.00"
2019-07-16,2019071601003166,CBL,48,17,150,157.00,"23,550.00"
2019-07-16,2019071601003141,CBL,8,17,"3,146",157.00,"493,922.00"
2019-07-16,2019071601003140,CBL,8,17,854,157.00,"134,078.00"
2019-07-16,2019071601003139,CBL,8,43,"1,000",157.00,"157,000.00"
2019-07-16,2019071601003138,CBL,8,17,"1,000",157.00,"157,000.00"
2019-07-16,2019071601003055,CBL,11,26,42,156.00,"6,552.00"
2019-07-16,2019071601003529,CCBL,42,45,43,178.00,"7,654.00"
2019-07-16,2019071601003528,CCBL,42,6,108,178.00,"19,224.00"
2019-07-16,2019071601003527,CCBL,42,34,299,177.00,"52,923.00"
2019-07-16,2019071601003482,CCBL,57,34,100,177.00,"17,700.00"
2019-07-16,2019071601003265,CCBL,14,26,301,176.00,"52,976.00"
2019-07-16,2019071601003264,CCBL,56,26,50,176.00,"8,800.00"
2019-07-16,2019071601003171,CCBL,19,59,"1,911",177.00,"338,247.00"
2019-07-16,2019071601003263,CCBL,56,26,10,176.00,"1,760.00"
2019-07-16,2019071601003176,CCBL,42,59,100,177.00,"17,700.00"
2019-07-16,2019071601003175,CCBL,55,59,100,177.00,"17,700.00"
2019-07-16,2019071601003174,CCBL,32,59,500,177.00,"88,500.00"
2019-07-16,2019071601003173,CCBL,6,59,140,177.00,"24,780.00"
2019-07-16,2019071601003172,CCBL,49,59,300,177.00,"53,100.00"
2019-07-16,2019071601003505,CHCL,28,44,589,518.00,"305,102.00"
2019-07-16,2019071601003399,CHCL,22,44,293,518.00,"151,774.00"
2019-07-16,2019071601003298,CHCL,22,26,67,518.00,"34,706.00"
2019-07-16,2019071601003408,CHL,14,19,10,87.00,870.00
2019-07-16,2019071601003513,CIT,33,6,20,"2,420.00","48,400.00"
2019-07-16,2019071601003543,CLBSL,38,38,10,545.00,"5,450.00"
2019-07-16,2019071601003518,CLBSL,5,17,10,535.00,"5,350.00"
2019-07-16,2019071601003517,CLBSL,38,54,10,535.00,"5,350.00"
2019-07-16,2019071601003516,CLBSL,38,38,10,526.00,"5,260.00"
2019-07-16,2019071601003463,CLBSL,38,6,32,519.00,"16,608.00"
2019-07-16,2019071601003462,CLBSL,38,38,10,513.00,"5,130.00"
2019-07-16,2019071601003461,CLBSL,38,54,10,505.00,"5,050.00"
2019-07-16,2019071601003333,CLBSL,39,54,10,503.00,"5,030.00"
2019-07-16,2019071601003372,CZBIL,41,57,"1,000",225.00,"225,000.00"
2019-07-16,2019071601003345,DBBL,48,16,"1,000",145.00,"145,000.00"
2019-07-16,2019071601003344,DBBL,48,16,"1,000",145.00,"145,000.00"
2019-07-16,2019071601003402,DDBL,11,6,33,723.00,"23,859.00"
2019-07-16,2019071601003401,DDBL,11,45,30,723.00,"21,690.00"
2019-07-16,2019071601003400,DDBL,11,38,480,722.00,"346,560.00"
2019-07-16,2019071601003383,EBL,28,34,795,667.00,"530,265.00"
2019-07-16,2019071601003323,EBL,46,34,20,667.00,"13,340.00"
2019-07-16,2019071601003322,EBL,46,41,80,667.00,"53,360.00"
2019-07-16,2019071601003114,EBL,17,43,60,666.00,"39,960.00"
2019-07-16,2019071601003113,EBL,28,43,140,666.00,"93,240.00"
2019-07-16,2019071601003441,EIC,37,7,50,365.00,"18,250.00"
2019-07-16,2019071601003440,EIC,42,7,50,365.00,"18,250.00"
2019-07-16,2019071601003292,FMDBL,22,53,100,380.00,"38,000.00"
2019-07-16,2019071601003267,FMDBL,22,53,100,380.00,"38,000.00"
2019-07-16,2019071601003231,FMDBL,36,42,950,375.00,"356,250.00"
2019-07-16,2019071601003230,FMDBL,50,42,400,375.00,"150,000.00"
2019-07-16,2019071601003229,FMDBL,49,42,100,375.00,"37,500.00"
2019-07-16,2019071601003228,FMDBL,21,42,50,375.00,"18,750.00"
2019-07-16,2019071601003227,FMDBL,33,42,300,376.00,"112,800.00"
2019-07-16,2019071601003407,GBBL,14,45,"1,108",223.00,"247,084.00"
2019-07-16,2019071601003380,GBBL,26,45,500,223.00,"111,500.00"
2019-07-16,2019071601003379,GBBL,14,45,"1,000",223.00,"223,000.00"
2019-07-16,2019071601003378,GBBL,14,45,93,225.00,"20,925.00"
2019-07-16,2019071601003335,GBBL,14,8,400,225.00,"90,000.00"
2019-07-16,2019071601003320,GBBL,14,32,421,225.00,"94,725.00"
2019-07-16,2019071601003192,GBBL,14,46,86,225.00,"19,350.00"
2019-07-16,2019071601003051,GBBL,14,46,220,225.00,"49,500.00"
2019-07-16,2019071601003068,GDBL,14,34,224,213.00,"47,712.00"
2019-07-16,2019071601003271,GDBL,14,1,345,214.00,"73,830.00"
2019-07-16,2019071601003270,GDBL,14,18,69,214.00,"14,766.00"
2019-07-16,2019071601003466,GHL,37,40,10,84.00,840.00
2019-07-16,2019071601003382,GHL,37,40,30,84.00,"2,520.00"
2019-07-16,2019071601003225,GHL,37,40,30,84.00,"2,520.00"
2019-07-16,2019071601003259,GILB,41,19,12,"1,200.00","14,400.00"
2019-07-16,2019071601003223,GILB,29,19,10,"1,201.00","12,010.00"
2019-07-16,2019071601003169,GILB,58,7,15,"1,205.00","18,075.00"
2019-07-16,2019071601003158,GILB,58,38,22,"1,200.00","26,400.00"
2019-07-16,2019071601003157,GILB,58,38,22,"1,200.00","26,400.00"
2019-07-16,2019071601003156,GILB,48,38,10,"1,200.00","12,000.00"
2019-07-16,2019071601003083,GILB,34,58,10,"1,201.00","12,010.00"
2019-07-16,2019071601003057,GILB,58,58,22,"1,200.00","26,400.00"
2019-07-16,2019071601003155,GILB,14,38,10,"1,201.00","12,010.00"
2019-07-16,2019071601003148,GILB,14,40,22,"1,201.00","26,422.00"
2019-07-16,2019071601003145,GILB,14,40,22,"1,201.00","26,422.00"
2019-07-16,2019071601003137,GILB,14,40,12,"1,201.00","14,412.00"
2019-07-16,2019071601003125,GILB,14,40,22,"1,201.00","26,422.00"
2019-07-16,2019071601003084,GILB,14,58,12,"1,201.00","14,412.00"
2019-07-16,2019071601003317,GLBSL,36,56,10,393.00,"3,930.00"
2019-07-16,2019071601003059,GLBSL,6,51,10,400.00,"4,000.00"
2019-07-16,2019071601003058,GLBSL,6,51,10,400.00,"4,000.00"
2019-07-16,2019071601003262,GMFBS,33,20,10,445.00,"4,450.00"
2019-07-16,2019071601003094,GMFBS,33,20,10,445.00,"4,450.00"
2019-07-16,2019071601003439,HBL,28,34,153,552.00,"84,456.00"
2019-07-16,2019071601003343,HBL,28,49,100,552.00,"55,200.00"
2019-07-16,2019071601003479,HIDCL,44,34,29,161.00,"4,669.00"
2019-07-16,2019071601003385,HIDCL,59,29,17,162.00,"2,754.00"
2019-07-16,2019071601003102,HIDCL,44,11,253,161.00,"40,733.00"
2019-07-16,2019071601003481,HPPL,45,40,10,174.00,"1,740.00"
2019-07-16,2019071601003237,HPPL,45,40,10,174.00,"1,740.00"
2019-07-16,2019071601003107,HPPL,45,43,10,174.00,"1,740.00"
2019-07-16,2019071601003106,HPPL,45,7,10,174.00,"1,740.00"
2019-07-16,2019071601003496,HURJA,16,40,20,139.00,"2,780.00"
2019-07-16,2019071601003449,HURJA,16,19,20,139.00,"2,780.00"
2019-07-16,2019071601003388,HURJA,37,40,20,140.00,"2,800.00"
2019-07-16,2019071601003242,HURJA,37,40,20,140.00,"2,800.00"
2019-07-16,2019071601003546,ILBS,35,10,10,395.00,"3,950.00"
2019-07-16,2019071601003535,ILBS,35,6,10,395.00,"3,950.00"
2019-07-16,2019071601003531,ILBS,35,10,10,395.00,"3,950.00"
2019-07-16,2019071601003526,ILBS,35,10,10,395.00,"3,950.00"
2019-07-16,2019071601003519,ILBS,35,10,10,395.00,"3,950.00"
2019-07-16,2019071601003506,ILBS,35,10,10,395.00,"3,950.00"
2019-07-16,2019071601003177,ILBS,8,56,10,398.00,"3,980.00"
2019-07-16,2019071601003115,ILBS,8,20,10,398.00,"3,980.00"
2019-07-16,2019071601003101,ILBS,42,40,10,399.00,"3,990.00"
2019-07-16,2019071601003100,ILBS,42,40,10,399.00,"3,990.00"
2019-07-16,2019071601003063,ILBS,58,20,10,398.00,"3,980.00"
2019-07-16,2019071601003295,ILBS,32,40,10,399.00,"3,990.00"
2019-07-16,2019071601003258,ILBS,14,56,10,398.00,"3,980.00"
2019-07-16,2019071601003232,ILBS,14,20,10,398.00,"3,980.00"
2019-07-16,2019071601003212,ILBS,14,20,10,398.00,"3,980.00"
2019-07-16,2019071601003210,ILBS,14,58,10,398.00,"3,980.00"
2019-07-16,2019071601003193,ILBS,14,20,10,398.00,"3,980.00"
2019-07-16,2019071601003362,ILBS,58,13,10,395.00,"3,950.00"
2019-07-16,2019071601003352,ILBS,58,56,10,395.00,"3,950.00"
2019-07-16,2019071601003336,ILBS,42,53,10,398.00,"3,980.00"
2019-07-16,2019071601003306,ILBS,14,56,10,398.00,"3,980.00"
2019-07-16,2019071601003297,ILBS,32,40,10,399.00,"3,990.00"
2019-07-16,2019071601003296,ILBS,32,40,10,399.00,"3,990.00"
2019-07-16,2019071601003498,ILBS,35,25,10,395.00,"3,950.00"
2019-07-16,2019071601003480,ILBS,35,10,10,395.00,"3,950.00"
2019-07-16,2019071601003464,ILBS,35,10,10,395.00,"3,950.00"
2019-07-16,2019071601003431,ILBS,35,56,10,395.00,"3,950.00"
2019-07-16,2019071601003398,ILBS,14,40,10,395.00,"3,950.00"
2019-07-16,2019071601003367,ILBS,14,56,10,395.00,"3,950.00"
2019-07-16,2019071601003500,JOSHI,39,40,10,77.00,770.00
2019-07-16,2019071601003406,JOSHI,46,40,20,78.00,"1,560.00"
2019-07-16,2019071601003353,JOSHI,14,51,20,78.00,"1,560.00"
2019-07-16,2019071601003244,JOSHI,14,40,20,78.00,"1,560.00"
2019-07-16,2019071601003079,JOSHI,14,26,20,78.00,"1,560.00"
2019-07-16,2019071601003420,KBL,34,42,100,221.00,"22,100.00"
2019-07-16,2019071601003419,KBL,34,49,170,221.00,"37,570.00"
2019-07-16,2019071601003209,KBL,34,28,"1,000",220.00,"220,000.00"
2019-07-16,2019071601003208,KBL,34,46,25,220.00,"5,500.00"
2019-07-16,2019071601003207,KBL,34,1,"1,000",220.00,"220,000.00"
2019-07-16,2019071601003206,KBL,34,11,40,220.00,"8,800.00"
2019-07-16,2019071601003507,KPCL,6,40,10,91.00,910.00
2019-07-16,2019071601003064,KPCL,6,34,10,91.00,910.00
2019-07-16,2019071601003266,KPCL,6,40,10,91.00,910.00
2019-07-16,2019071601003459,KPCL,6,19,10,91.00,910.00
2019-07-16,2019071601003409,KPCL,6,40,10,91.00,910.00
2019-07-16,2019071601003377,KPCL,6,52,10,91.00,910.00
2019-07-16,2019071601003226,KSBBL,6,49,12,160.00,"1,920.00"
2019-07-16,2019071601003087,LBBL,52,50,174,197.00,"34,278.00"
2019-07-16,2019071601003395,LBBL,43,38,500,197.00,"98,500.00"
2019-07-16,2019071601003088,LBBL,47,50,26,196.00,"5,096.00"
2019-07-16,2019071601003487,LBL,58,34,10,228.00,"2,280.00"
2019-07-16,2019071601003486,LBL,58,33,141,227.00,"32,007.00"
2019-07-16,2019071601003405,LBL,51,33,76,227.00,"17,252.00"
2019-07-16,2019071601003404,LBL,51,22,49,227.00,"11,123.00"
2019-07-16,2019071601003403,LBL,51,11,200,227.00,"45,400.00"
2019-07-16,2019071601003338,LGIL,17,25,200,430.00,"86,000.00"
2019-07-16,2019071601003188,LGIL,51,25,100,430.00,"43,000.00"
2019-07-16,2019071601003187,LGIL,17,25,100,430.00,"43,000.00"
2019-07-16,2019071601003135,LICN,6,37,10,"1,600.00","16,000.00"
2019-07-16,2019071601003134,LICN,22,37,45,"1,600.00","72,000.00"
2019-07-16,2019071601003133,LICN,25,37,10,"1,601.00","16,010.00"
2019-07-16,2019071601003485,MBL,42,6,"1,000",263.00,"263,000.00"
2019-07-16,2019071601003484,MBL,34,6,"2,000",263.00,"526,000.00"
2019-07-16,2019071601003483,MBL,45,6,170,263.00,"44,710.00"
2019-07-16,2019071601003062,MBL,45,6,30,263.00,"7,890.00"
2019-07-16,2019071601003410,MDB,53,38,"1,000",234.00,"234,000.00"
2019-07-16,2019071601003443,MEGA,14,29,150,213.00,"31,950.00"
2019-07-16,2019071601003394,MEGA,7,29,200,213.00,"42,600.00"
2019-07-16,2019071601003393,MEGA,45,29,100,213.00,"21,300.00"
2019-07-16,2019071601003392,MEGA,57,29,100,213.00,"21,300.00"
2019-07-16,2019071601003391,MEGA,14,29,200,213.00,"42,600.00"
2019-07-16,2019071601003390,MEGA,45,29,100,213.00,"21,300.00"
2019-07-16,2019071601003389,MEGA,14,29,"1,150",213.00,"244,950.00"
2019-07-16,2019071601003144,MEGA,14,41,850,213.00,"181,050.00"
2019-07-16,2019071601003143,MEGA,52,41,150,213.00,"31,950.00"
2019-07-16,2019071601003123,MEGA,52,17,210,213.00,"44,730.00"
2019-07-16,2019071601003099,MEGA,52,21,100,213.00,"21,300.00"
2019-07-16,2019071601003056,MEGA,52,42,262,213.00,"55,806.00"
2019-07-16,2019071601003170,MERO,39,39,1,523.00,523.00
2019-07-16,2019071601003109,MERO,39,34,1,522.00,522.00
2019-07-16,2019071601003340,MFIL,28,37,10,128.00,"1,280.00"
2019-07-16,2019071601003514,MHNL,52,40,30,105.00,"3,150.00"
2019-07-16,2019071601003411,MHNL,52,40,30,105.00,"3,150.00"
2019-07-16,2019071601003285,MHNL,52,40,40,105.00,"4,200.00"
2019-07-16,2019071601003427,MLBBL,58,45,14,400.00,"5,600.00"
2019-07-16,2019071601003426,MLBBL,58,45,14,400.00,"5,600.00"
2019-07-16,2019071601003425,MLBBL,58,17,10,400.00,"4,000.00"
2019-07-16,2019071601003465,MNBBL,55,29,150,372.00,"55,800.00"
2019-07-16,2019071601003456,MNBBL,16,25,49,371.00,"18,179.00"
2019-07-16,2019071601003450,MNBBL,16,26,14,371.00,"5,194.00"
2019-07-16,2019071601003423,MNBBL,16,40,137,371.00,"50,827.00"
2019-07-16,2019071601003422,MNBBL,53,40,10,371.00,"3,710.00"
2019-07-16,2019071601003421,MNBBL,19,40,53,371.00,"19,663.00"
2019-07-16,2019071601003361,MNBBL,19,49,150,371.00,"55,650.00"
2019-07-16,2019071601003120,MNBBL,1,45,200,371.00,"74,200.00"
2019-07-16,2019071601003119,MNBBL,1,58,178,371.00,"66,038.00"
2019-07-16,2019071601003098,MNBBL,17,58,22,371.00,"8,162.00"
2019-07-16,2019071601003532,NABIL,29,6,85,802.00,"68,170.00"
2019-07-16,2019071601003515,NABIL,17,6,50,802.00,"40,100.00"
2019-07-16,2019071601003327,NABIL,5,6,20,802.00,"16,040.00"
2019-07-16,2019071601003289,NABIL,17,48,152,800.00,"121,600.00"
2019-07-16,2019071601003288,NABIL,17,4,104,800.00,"83,200.00"
2019-07-16,2019071601003287,NABIL,17,53,283,800.00,"226,400.00"
2019-07-16,2019071601003269,NABIL,17,53,217,800.00,"173,600.00"
2019-07-16,2019071601003268,NABIL,17,16,283,800.00,"226,400.00"
2019-07-16,2019071601003136,NABIL,5,16,20,800.00,"16,000.00"
2019-07-16,2019071601003091,NABIL,49,16,65,800.00,"52,000.00"
2019-07-16,2019071601003053,NABIL,28,4,210,799.00,"167,790.00"
2019-07-16,2019071601003052,NABIL,38,4,250,799.00,"199,750.00"
2019-07-16,2019071601003522,NADEP,41,40,20,409.00,"8,180.00"
2019-07-16,2019071601003495,NADEP,42,21,20,411.00,"8,220.00"
2019-07-16,2019071601003494,NADEP,42,21,20,411.00,"8,220.00"
2019-07-16,2019071601003493,NADEP,42,21,10,411.00,"4,110.00"
2019-07-16,2019071601003492,NADEP,42,21,10,411.00,"4,110.00"
2019-07-16,2019071601003491,NADEP,42,21,10,411.00,"4,110.00"
2019-07-16,2019071601003490,NADEP,42,21,10,411.00,"4,110.00"
2019-07-16,2019071601003489,NADEP,42,21,10,411.00,"4,110.00"
2019-07-16,2019071601003488,NADEP,42,21,10,411.00,"4,110.00"
2019-07-16,2019071601003294,NADEP,51,40,20,408.00,"8,160.00"
2019-07-16,2019071601003357,NAGRO,54,6,10,485.00,"4,850.00"
2019-07-16,2019071601003216,NAGRO,28,20,10,484.00,"4,840.00"
2019-07-16,2019071601003082,NAGRO,45,10,10,486.00,"4,860.00"
2019-07-16,2019071601003523,NBB,38,57,84,222.00,"18,648.00"
2019-07-16,2019071601003452,NBB,11,53,292,222.00,"64,824.00"
2019-07-16,2019071601003121,NBB,25,56,11,221.00,"2,431.00"
2019-07-16,2019071601003104,NBB,25,26,81,221.00,"17,901.00"
2019-07-16,2019071601003095,NBB,46,26,388,221.00,"85,748.00"
2019-07-16,2019071601003081,NBB,46,40,12,221.00,"2,652.00"
2019-07-16,2019071601003080,NBB,34,40,100,221.00,"22,100.00"
2019-07-16,2019071601003537,NBL,44,6,"5,000",336.00,"1,680,000.00"
2019-07-16,2019071601003512,NBL,44,44,"3,760",336.00,"1,263,360.00"
2019-07-16,2019071601003511,NBL,33,44,"3,000",336.00,"1,008,000.00"
2019-07-16,2019071601003510,NBL,58,44,"3,000",336.00,"1,008,000.00"
2019-07-16,2019071601003509,NBL,7,44,240,336.00,"80,640.00"
2019-07-16,2019071601003284,NBL,7,42,"1,760",336.00,"591,360.00"
2019-07-16,2019071601003054,NBL,52,35,"1,000",337.00,"337,000.00"
2019-07-16,2019071601003249,NBL,39,34,100,336.00,"33,600.00"
2019-07-16,2019071601003248,NBL,59,34,100,336.00,"33,600.00"
2019-07-16,2019071601003247,NBL,44,34,"3,000",336.00,"1,008,000.00"
2019-07-16,2019071601003246,NBL,38,34,355,336.00,"119,280.00"
2019-07-16,2019071601003245,NBL,44,35,570,337.00,"192,090.00"
2019-07-16,2019071601003142,NBL,49,35,850,337.00,"286,450.00"
2019-07-16,2019071601003255,NBL,57,34,500,336.00,"168,000.00"
2019-07-16,2019071601003254,NBL,52,34,"2,000",336.00,"672,000.00"
2019-07-16,2019071601003253,NBL,16,34,"1,000",336.00,"336,000.00"
2019-07-16,2019071601003252,NBL,42,34,295,336.00,"99,120.00"
2019-07-16,2019071601003251,NBL,32,34,500,336.00,"168,000.00"
2019-07-16,2019071601003250,NBL,19,34,40,336.00,"13,440.00"
2019-07-16,2019071601003277,NBL,32,42,50,336.00,"16,800.00"
2019-07-16,2019071601003276,NBL,58,42,300,336.00,"100,800.00"
2019-07-16,2019071601003275,NBL,8,42,50,336.00,"16,800.00"
2019-07-16,2019071601003274,NBL,32,42,390,336.00,"131,040.00"
2019-07-16,2019071601003257,NBL,32,34,610,336.00,"204,960.00"
2019-07-16,2019071601003256,NBL,44,34,"1,500",336.00,"504,000.00"
2019-07-16,2019071601003283,NBL,34,42,500,336.00,"168,000.00"
2019-07-16,2019071601003282,NBL,32,42,200,336.00,"67,200.00"
2019-07-16,2019071601003281,NBL,42,42,50,336.00,"16,800.00"
2019-07-16,2019071601003280,NBL,43,42,"3,000",336.00,"1,008,000.00"
2019-07-16,2019071601003279,NBL,39,42,500,336.00,"168,000.00"
2019-07-16,2019071601003278,NBL,57,42,200,336.00,"67,200.00"
2019-07-16,2019071601003371,NCCB,44,6,15,245.00,"3,675.00"
2019-07-16,2019071601003307,NCCB,44,26,183,245.00,"44,835.00"
2019-07-16,2019071601003180,NCCB,44,52,"3,249",245.00,"796,005.00"
2019-07-16,2019071601003179,NCCB,45,52,300,245.00,"73,500.00"
2019-07-16,2019071601003178,NCCB,28,52,451,245.00,"110,495.00"
2019-07-16,2019071601003092,NCCB,28,51,100,245.00,"24,500.00"
2019-07-16,2019071601003105,NHDL,41,43,10,120.00,"1,200.00"
2019-07-16,2019071601003239,NHPC,22,56,200,65.00,"13,000.00"
2019-07-16,2019071601003369,NIB,46,43,500,520.00,"260,000.00"
2019-07-16,2019071601003316,NIB,37,26,203,519.00,"105,357.00"
2019-07-16,2019071601003315,NIB,7,26,146,519.00,"75,774.00"
2019-07-16,2019071601003261,NIB,58,49,12,519.00,"6,228.00"
2019-07-16,2019071601003222,NIB,55,43,50,520.00,"26,000.00"
2019-07-16,2019071601003221,NIB,39,43,100,520.00,"52,000.00"
2019-07-16,2019071601003220,NIB,28,43,50,520.00,"26,000.00"
2019-07-16,2019071601003501,NIBLPF,7,39,100,7.44,744.00
2019-07-16,2019071601003460,NIBLPF,34,34,"3,948",7.34,"28,978.32"
2019-07-16,2019071601003534,NIBPO,28,52,"1,000",470.00,"470,000.00"
2019-07-16,2019071601003219,NICA,44,44,100,447.00,"44,700.00"
2019-07-16,2019071601003218,NICA,47,44,735,447.00,"328,545.00"
2019-07-16,2019071601003198,NICA,57,6,400,448.00,"179,200.00"
2019-07-16,2019071601003197,NICA,57,45,100,448.00,"44,800.00"
2019-07-16,2019071601003469,NICL,22,35,11,350.00,"3,850.00"
2019-07-16,2019071601003204,NICL,59,17,500,350.00,"175,000.00"
2019-07-16,2019071601003203,NICL,28,17,200,351.00,"70,200.00"
2019-07-16,2019071601003168,NICL,28,43,300,351.00,"105,300.00"
2019-07-16,2019071601003457,NIL,34,37,990,490.00,"485,100.00"
2019-07-16,2019071601003078,NLBBL,22,38,130,462.00,"60,060.00"
2019-07-16,2019071601003077,NLBBL,44,38,"3,000",463.00,"1,389,000.00"
2019-07-16,2019071601003076,NLBBL,45,38,100,463.00,"46,300.00"
2019-07-16,2019071601003075,NLBBL,43,38,90,465.00,"41,850.00"
2019-07-16,2019071601003074,NLBBL,37,38,100,465.00,"46,500.00"
2019-07-16,2019071601003073,NLBBL,53,38,50,465.00,"23,250.00"
2019-07-16,2019071601003072,NLBBL,51,38,500,466.00,"233,000.00"
2019-07-16,2019071601003414,NLIC,16,22,49,901.00,"44,149.00"
2019-07-16,2019071601003374,NLIC,36,22,32,901.00,"28,832.00"
2019-07-16,2019071601003347,NLIC,36,42,68,901.00,"61,268.00"
2019-07-16,2019071601003186,NLIC,36,45,200,900.00,"180,000.00"
2019-07-16,2019071601003066,NLIC,28,28,17,898.00,"15,266.00"
2019-07-16,2019071601003437,NLICL,32,17,59,585.00,"34,515.00"
2019-07-16,2019071601003429,NLICL,26,42,145,584.00,"84,680.00"
2019-07-16,2019071601003428,NLICL,53,42,10,585.00,"5,850.00"
2019-07-16,2019071601003217,NLICL,53,34,15,585.00,"8,775.00"
2019-07-16,2019071601003161,NLICL,53,46,10,585.00,"5,850.00"
2019-07-16,2019071601003542,NMBSF1,17,34,"10,228",10.82,"110,666.96"
2019-07-16,2019071601003541,NMBSF1,25,34,"10,000",10.83,"108,300.00"
2019-07-16,2019071601003478,NSEWA,42,35,20,382.00,"7,640.00"
2019-07-16,2019071601003454,NSEWA,42,35,190,387.00,"73,530.00"
2019-07-16,2019071601003453,NSEWA,42,13,10,386.00,"3,860.00"
2019-07-16,2019071601003417,NSEWA,42,40,10,382.00,"3,820.00"
2019-07-16,2019071601003387,OHL,16,20,20,610.00,"12,200.00"
2019-07-16,2019071601003164,OHL,26,25,20,619.00,"12,380.00"
2019-07-16,2019071601003547,PCBL,49,44,"1,325",275.00,"364,375.00"
2019-07-16,2019071601003346,PCBL,28,44,500,275.00,"137,500.00"
2019-07-16,2019071601003154,PCBL,19,44,100,275.00,"27,500.00"
2019-07-16,2019071601003153,PCBL,1,44,75,275.00,"20,625.00"
2019-07-16,2019071601003085,PFL,1,26,11,138.00,"1,518.00"
2019-07-16,2019071601003533,PIC,8,44,72,494.00,"35,568.00"
2019-07-16,2019071601003524,PIC,29,44,50,494.00,"24,700.00"
2019-07-16,2019071601003458,PIC,41,44,20,494.00,"9,880.00"
2019-07-16,2019071601003363,PIC,53,44,39,494.00,"19,266.00"
2019-07-16,2019071601003314,PIC,53,53,11,494.00,"5,434.00"
2019-07-16,2019071601003313,PIC,1,53,75,494.00,"37,050.00"
2019-07-16,2019071601003215,PIC,17,13,200,493.00,"98,600.00"
2019-07-16,2019071601003214,PIC,17,13,100,493.00,"49,300.00"
2019-07-16,2019071601003525,PMHPL,56,40,10,107.00,"1,070.00"
2019-07-16,2019071601003430,PMHPL,56,40,10,107.00,"1,070.00"
2019-07-16,2019071601003412,PMHPL,56,52,10,107.00,"1,070.00"
2019-07-16,2019071601003360,PMHPL,56,56,200,109.00,"21,800.00"
2019-07-16,2019071601003359,PMHPL,56,59,40,109.00,"4,360.00"
2019-07-16,2019071601003358,PMHPL,56,35,"2,056",108.00,"222,048.00"
2019-07-16,2019071601003341,PMHPL,56,6,10,107.00,"1,070.00"
2019-07-16,2019071601003325,PMHPL,56,45,10,105.00,"1,050.00"
2019-07-16,2019071601003324,PMHPL,56,36,10,105.00,"1,050.00"
2019-07-16,2019071601003299,PMHPL,56,40,10,103.00,"1,030.00"
2019-07-16,2019071601003530,PPCL,36,40,20,136.00,"2,720.00"
2019-07-16,2019071601003434,PPCL,36,40,20,136.00,"2,720.00"
2019-07-16,2019071601003375,PPCL,36,20,10,136.00,"1,360.00"
2019-07-16,2019071601003326,PPCL,36,20,10,136.00,"1,360.00"
2019-07-16,2019071601003060,PPCL,36,36,10,136.00,"1,360.00"
2019-07-16,2019071601003301,PPCL,36,40,10,136.00,"1,360.00"
2019-07-16,2019071601003238,PPCL,36,49,10,136.00,"1,360.00"
2019-07-16,2019071601003224,PPCL,36,20,10,136.00,"1,360.00"
2019-07-16,2019071601003089,PPCL,36,20,10,136.00,"1,360.00"
2019-07-16,2019071601003061,PPCL,36,36,20,136.00,"2,720.00"
2019-07-16,2019071601003191,PRIN,11,32,300,365.00,"109,500.00"
2019-07-16,2019071601003190,PRIN,38,32,100,365.00,"36,500.00"
2019-07-16,2019071601003189,PRIN,40,32,100,366.00,"36,600.00"
2019-07-16,2019071601003149,PRIN,38,57,100,365.00,"36,500.00"
2019-07-16,2019071601003376,PRVU,40,26,200,264.00,"52,800.00"
2019-07-16,2019071601003366,PRVU,40,37,"1,500",264.00,"396,000.00"
2019-07-16,2019071601003365,PRVU,52,37,10,264.00,"2,640.00"
2019-07-16,2019071601003196,PRVU,45,14,15,264.00,"3,960.00"
2019-07-16,2019071601003195,PRVU,8,14,50,264.00,"13,200.00"
2019-07-16,2019071601003194,PRVU,53,14,345,264.00,"91,080.00"
2019-07-16,2019071601003128,PRVU,52,50,10,265.00,"2,650.00"
2019-07-16,2019071601003126,PRVU,53,39,52,264.00,"13,728.00"
2019-07-16,2019071601003364,PRVU,40,37,190,264.00,"50,160.00"
2019-07-16,2019071601003305,PRVU,40,37,"1,510",264.00,"398,640.00"
2019-07-16,2019071601003304,PRVU,39,37,190,264.00,"50,160.00"
2019-07-16,2019071601003293,PRVU,39,49,10,264.00,"2,640.00"
2019-07-16,2019071601003050,SANIMA,39,10,399,348.00,"138,852.00"
2019-07-16,2019071601003416,SBI,36,35,253,468.00,"118,404.00"
2019-07-16,2019071601003415,SBI,36,35,273,468.00,"127,764.00"
2019-07-16,2019071601003152,SBI,13,10,138,467.00,"64,446.00"
2019-07-16,2019071601003151,SBI,51,10,100,467.00,"46,700.00"
2019-07-16,2019071601003150,SBI,58,10,62,467.00,"28,954.00"
2019-07-16,2019071601003540,SBL,7,52,500,318.00,"159,000.00"
2019-07-16,2019071601003539,SBL,7,19,73,318.00,"23,214.00"
2019-07-16,2019071601003538,SBL,7,28,350,318.00,"111,300.00"
2019-07-16,2019071601003303,SBL,28,28,75,318.00,"23,850.00"
2019-07-16,2019071601003302,SBL,28,36,925,318.00,"294,150.00"
2019-07-16,2019071601003213,SBL,40,6,63,317.00,"19,971.00"
2019-07-16,2019071601003309,SCB,13,49,10,676.00,"6,760.00"
2019-07-16,2019071601003308,SCB,13,40,20,676.00,"13,520.00"
2019-07-16,2019071601003129,SDESI,59,41,19,567.00,"10,773.00"
2019-07-16,2019071601003468,SEF,25,41,"1,000",9.81,"9,810.00"
2019-07-16,2019071601003321,SEF,25,40,500,9.81,"4,905.00"
2019-07-16,2019071601003241,SEOS,34,13,"4,398",10.74,"47,234.52"
2019-07-16,2019071601003240,SEOS,17,13,"1,500",10.75,"16,125.00"
2019-07-16,2019071601003118,SEOS,17,13,500,10.75,"5,375.00"
2019-07-16,2019071601003071,SEOS,45,21,500,10.78,"5,390.00"
2019-07-16,2019071601003448,SHIVM,52,45,300,612.00,"183,600.00"
2019-07-16,2019071601003447,SHIVM,52,14,200,612.00,"122,400.00"
2019-07-16,2019071601003446,SHIVM,52,48,200,612.00,"122,400.00"
2019-07-16,2019071601003445,SHIVM,52,6,40,612.00,"24,480.00"
2019-07-16,2019071601003436,SHIVM,32,6,150,612.00,"91,800.00"
2019-07-16,2019071601003090,SHIVM,28,47,50,607.00,"30,350.00"
2019-07-16,2019071601003086,SHIVM,16,10,100,606.00,"60,600.00"
2019-07-16,2019071601003132,SHIVM,28,47,240,607.00,"145,680.00"
2019-07-16,2019071601003131,SHIVM,28,47,240,607.00,"145,680.00"
2019-07-16,2019071601003130,SHIVM,28,47,142,607.00,"86,194.00"
2019-07-16,2019071601003110,SHIVM,38,38,"1,000",606.00,"606,000.00"
2019-07-16,2019071601003103,SHIVM,52,45,50,605.00,"30,250.00"
2019-07-16,2019071601003097,SHIVM,52,28,50,605.00,"30,250.00"
2019-07-16,2019071601003330,SHIVM,58,37,25,610.00,"15,250.00"
2019-07-16,2019071601003329,SHIVM,58,49,200,610.00,"122,000.00"
2019-07-16,2019071601003328,SHIVM,58,28,10,610.00,"6,100.00"
2019-07-16,2019071601003163,SHIVM,45,28,190,610.00,"115,900.00"
2019-07-16,2019071601003162,SHIVM,45,56,10,610.00,"6,100.00"
2019-07-16,2019071601003146,SHIVM,34,59,100,608.00,"60,800.00"
2019-07-16,2019071601003351,SHIVM,14,28,200,611.00,"122,200.00"
2019-07-16,2019071601003350,SHIVM,14,58,200,611.00,"122,200.00"
2019-07-16,2019071601003349,SHIVM,14,4,80,611.00,"48,880.00"
2019-07-16,2019071601003348,SHIVM,58,47,165,610.00,"100,650.00"
2019-07-16,2019071601003332,SHIVM,58,42,50,610.00,"30,500.00"
2019-07-16,2019071601003331,SHIVM,58,42,50,610.00,"30,500.00"
2019-07-16,2019071601003435,SHIVM,32,58,50,611.00,"30,550.00"
2019-07-16,2019071601003397,SHIVM,49,22,80,610.00,"48,800.00"
2019-07-16,2019071601003396,SHIVM,14,22,20,611.00,"12,220.00"
2019-07-16,2019071601003356,SHIVM,52,6,10,612.00,"6,120.00"
2019-07-16,2019071601003355,SHIVM,52,43,140,612.00,"85,680.00"
2019-07-16,2019071601003354,SHIVM,52,58,50,612.00,"30,600.00"
2019-07-16,2019071601003386,SICL,39,33,10,770.00,"7,700.00"
2019-07-16,2019071601003122,SICL,33,53,175,771.00,"134,925.00"
2019-07-16,2019071601003067,SKBBL,44,39,20,948.00,"18,960.00"
2019-07-16,2019071601003273,SLBBL,58,51,80,449.00,"35,920.00"
2019-07-16,2019071601003272,SLBBL,32,51,20,449.00,"8,980.00"
2019-07-16,2019071601003334,SLBSL,1,6,10,531.00,"5,310.00"
2019-07-16,2019071601003536,SMB,19,40,10,383.00,"3,830.00"
2019-07-16,2019071601003342,SMFBS,59,6,10,471.00,"4,710.00"
2019-07-16,2019071601003337,SMFBS,59,56,10,471.00,"4,710.00"
2019-07-16,2019071601003243,SPARS,50,20,10,422.00,"4,220.00"
2019-07-16,2019071601003124,SPARS,50,20,10,422.00,"4,220.00"
2019-07-16,2019071601003504,SPDL,45,45,10,91.00,910.00
2019-07-16,2019071601003499,SPDL,45,19,10,90.00,900.00
2019-07-16,2019071601003300,SRBL,14,38,500,249.00,"124,500.00"
2019-07-16,2019071601003112,SRBL,52,38,500,249.00,"124,500.00"
2019-07-16,2019071601003111,SRBL,49,38,200,249.00,"49,800.00"
2019-07-16,2019071601003444,SWBBL,44,54,100,879.00,"87,900.00"
2019-07-16,2019071601003433,SWBBL,47,44,300,876.00,"262,800.00"
2019-07-16,2019071601003432,SWBBL,28,44,488,876.00,"427,488.00"
2019-07-16,2019071601003373,SWBBL,28,56,12,876.00,"10,512.00"
2019-07-16,2019071601003167,SWBBL,47,6,65,877.00,"57,005.00"
2019-07-16,2019071601003096,SWBBL,49,10,75,875.00,"65,625.00"
2019-07-16,2019071601003549,UPPER,44,17,50,274.00,"13,700.00"
2019-07-16,2019071601003545,UPPER,44,40,50,274.00,"13,700.00"
2019-07-16,2019071601003544,UPPER,44,29,40,274.00,"10,960.00"
2019-07-16,2019071601003508,UPPER,45,6,450,275.00,"123,750.00"
2019-07-16,2019071601003497,UPPER,45,6,50,275.00,"13,750.00"
2019-07-16,2019071601003182,UPPER,40,6,10,275.00,"2,750.00"
2019-07-16,2019071601003147,UPPER,44,58,50,274.00,"13,700.00"
2019-07-16,2019071601003127,UPPER,28,6,40,275.00,"11,000.00"
2019-07-16,2019071601003117,UPPER,44,28,40,274.00,"10,960.00"
2019-07-16,2019071601003116,UPPER,44,43,97,274.00,"26,578.00"
2019-07-16,2019071601003065,UPPER,44,49,300,274.00,"82,200.00"
2019-07-16,2019071601003205,UPPER,45,1,263,275.00,"72,325.00"
2019-07-16,2019071601003184,UPPER,40,1,30,275.00,"8,250.00"
2019-07-16,2019071601003183,UPPER,40,26,60,275.00,"16,500.00"
2019-07-16,2019071601003442,UPPER,45,40,50,275.00,"13,750.00"
2019-07-16,2019071601003312,UPPER,44,40,50,274.00,"13,700.00"
2019-07-16,2019071601003286,UPPER,44,21,15,274.00,"4,110.00"
2019-07-16,2019071601003548,VLBS,39,42,13,484.00,"6,292.00"
2019-07-16,2019071601002856,ADBL,44,39,100,408.00,"40,800.00"
2019-07-16,2019071601002836,ADBL,34,39,14,408.00,"5,712.00"
2019-07-16,2019071601002801,ADBL,42,36,"1,760",407.00,"716,320.00"
2019-07-16,2019071601002800,ADBL,34,36,190,407.00,"77,330.00"
2019-07-16,2019071601002799,ADBL,32,36,50,408.00,"20,400.00"
2019-07-16,2019071601002776,ADBL,34,34,14,408.00,"5,712.00"
2019-07-16,2019071601002775,ADBL,7,34,10,409.00,"4,090.00"
2019-07-16,2019071601002939,AKJCL,14,10,20,71.00,"1,420.00"
2019-07-16,2019071601002755,AKJCL,28,7,20,72.00,"1,440.00"
2019-07-16,2019071601002743,AKJCL,14,28,20,71.00,"1,420.00"
2019-07-16,2019071601003043,AKPL,41,26,13,175.00,"2,275.00"
2019-07-16,2019071601002986,AKPL,41,44,50,175.00,"8,750.00"
2019-07-16,2019071601002970,AKPL,8,1,59,174.00,"10,266.00"
2019-07-16,2019071601002969,AKPL,32,1,110,174.00,"19,140.00"
2019-07-16,2019071601002968,AKPL,37,1,500,175.00,"87,500.00"
2019-07-16,2019071601002967,AKPL,57,1,331,175.00,"57,925.00"
2019-07-16,2019071601002931,AKPL,57,42,13,175.00,"2,275.00"
2019-07-16,2019071601002765,AKPL,28,28,20,176.00,"3,520.00"
2019-07-16,2019071601002630,AKPL,57,7,13,175.00,"2,275.00"
2019-07-16,2019071601002582,AKPL,57,7,13,175.00,"2,275.00"
2019-07-16,2019071601002680,ALBSL,11,6,10,396.00,"3,960.00"
2019-07-16,2019071601002675,ALBSL,11,6,10,396.00,"3,960.00"
2019-07-16,2019071601002950,ALICL,17,43,10,386.00,"3,860.00"
2019-07-16,2019071601002762,ALICL,28,43,82,386.00,"31,652.00"
2019-07-16,2019071601002761,ALICL,28,43,18,384.00,"6,912.00"
2019-07-16,2019071601002940,BARUN,32,42,150,90.00,"13,500.00"
2019-07-16,2019071601003038,BOKL,14,38,200,255.00,"51,000.00"
2019-07-16,2019071601003037,BOKL,25,38,300,255.00,"76,500.00"
2019-07-16,2019071601002943,BOKL,52,38,400,255.00,"102,000.00"
2019-07-16,2019071601002896,BOKL,52,38,100,255.00,"25,500.00"
2019-07-16,2019071601002839,BOKL,11,38,500,255.00,"127,500.00"
2019-07-16,2019071601002699,BOKL,11,38,300,255.00,"76,500.00"
2019-07-16,2019071601002698,BOKL,32,38,275,255.00,"70,125.00"
2019-07-16,2019071601002561,BOKL,32,55,225,255.00,"57,375.00"
2019-07-16,2019071601002560,BOKL,26,55,200,255.00,"51,000.00"
2019-07-16,2019071601002559,BOKL,14,55,25,255.00,"6,375.00"
2019-07-16,2019071601002985,CBBL,57,1,60,951.00,"57,060.00"
2019-07-16,2019071601002877,CBBL,6,49,80,969.00,"77,520.00"
2019-07-16,2019071601002871,CBBL,6,49,20,969.00,"19,380.00"
2019-07-16,2019071601002900,CBL,52,17,146,157.00,"22,922.00"
2019-07-16,2019071601002848,CBL,52,17,854,157.00,"134,078.00"
2019-07-16,2019071601002811,CBL,56,17,146,157.00,"22,922.00"
2019-07-16,2019071601002810,CBL,56,11,104,157.00,"16,328.00"
2019-07-16,2019071601002638,CBL,6,11,200,157.00,"31,400.00"
2019-07-16,2019071601002947,CCBL,19,42,50,177.00,"8,850.00"
2019-07-16,2019071601002691,CCBL,19,46,25,177.00,"4,425.00"
2019-07-16,2019071601002606,CCBL,16,6,200,178.00,"35,600.00"
2019-07-16,2019071601002623,CFCL,42,28,100,117.00,"11,700.00"
2019-07-16,2019071601002622,CFCL,36,28,"1,000",117.00,"117,000.00"
2019-07-16,2019071601002621,CFCL,44,28,"2,000",117.00,"234,000.00"
2019-07-16,2019071601002620,CFCL,1,28,"1,000",118.00,"118,000.00"
2019-07-16,2019071601002619,CFCL,42,28,700,118.00,"82,600.00"
2019-07-16,2019071601002960,CHCL,28,42,22,516.00,"11,352.00"
2019-07-16,2019071601002783,CHCL,28,28,99,517.00,"51,183.00"
2019-07-16,2019071601002562,CHCL,39,54,249,518.00,"128,982.00"
2019-07-16,2019071601002866,CHL,14,38,10,87.00,870.00
2019-07-16,2019071601002591,CHL,14,7,10,87.00,870.00
2019-07-16,2019071601002640,CIT,10,10,1,"2,420.00","2,420.00"
2019-07-16,2019071601002632,CIT,10,10,1,"2,420.00","2,420.00"
2019-07-16,2019071601002991,CZBIL,39,28,265,224.00,"59,360.00"
2019-07-16,2019071601002895,CZBIL,53,28,20,224.00,"4,480.00"
2019-07-16,2019071601002894,CZBIL,59,28,105,224.00,"23,520.00"
2019-07-16,2019071601002819,CZBIL,59,10,205,224.00,"45,920.00"
2019-07-16,2019071601002737,CZBIL,59,49,161,224.00,"36,064.00"
2019-07-16,2019071601002736,CZBIL,32,49,39,224.00,"8,736.00"
2019-07-16,2019071601002720,CZBIL,59,26,29,224.00,"6,496.00"
2019-07-16,2019071601002719,CZBIL,29,26,316,224.00,"70,784.00"
2019-07-16,2019071601002933,DBBL,48,25,100,145.00,"14,500.00"
2019-07-16,2019071601002932,DBBL,48,35,968,145.00,"140,360.00"
2019-07-16,2019071601002919,DBBL,48,42,230,144.00,"33,120.00"
2019-07-16,2019071601002918,DBBL,26,42,500,144.00,"72,000.00"
2019-07-16,2019071601002917,DBBL,39,42,20,144.00,"2,880.00"
2019-07-16,2019071601002665,DBBL,11,35,50,145.00,"7,250.00"
2019-07-16,2019071601002664,DBBL,26,35,100,145.00,"14,500.00"
2019-07-16,2019071601002663,DBBL,26,35,100,145.00,"14,500.00"
2019-07-16,2019071601003006,EBL,28,25,146,666.00,"97,236.00"
2019-07-16,2019071601003005,EBL,28,34,100,666.00,"66,600.00"
2019-07-16,2019071601003004,EBL,28,39,456,666.00,"303,696.00"
2019-07-16,2019071601003003,EBL,28,39,557,666.00,"370,962.00"
2019-07-16,2019071601003002,EBL,28,53,101,665.00,"67,165.00"
2019-07-16,2019071601002885,EBL,36,42,200,664.00,"132,800.00"
2019-07-16,2019071601002838,EBL,17,53,50,665.00,"33,250.00"
2019-07-16,2019071601002614,EBL,36,34,18,664.00,"11,952.00"
2019-07-16,2019071601002563,EBL,17,57,100,665.00,"66,500.00"
2019-07-16,2019071601003035,FMDBL,55,42,200,375.00,"75,000.00"
2019-07-16,2019071601003034,FMDBL,13,42,10,375.00,"3,750.00"
2019-07-16,2019071601003033,FMDBL,49,42,500,375.00,"187,500.00"
2019-07-16,2019071601003032,FMDBL,54,42,50,375.00,"18,750.00"
2019-07-16,2019071601003031,FMDBL,59,42,500,376.00,"188,000.00"
2019-07-16,2019071601003030,FMDBL,51,42,200,376.00,"75,200.00"
2019-07-16,2019071601002998,FMDBL,57,42,100,380.00,"38,000.00"
2019-07-16,2019071601002997,FMDBL,22,42,100,380.00,"38,000.00"
2019-07-16,2019071601002996,FMDBL,42,42,100,380.00,"38,000.00"
2019-07-16,2019071601002696,FMDBL,36,42,250,380.00,"95,000.00"
2019-07-16,2019071601003029,FMDBL,44,42,30,377.00,"11,310.00"
2019-07-16,2019071601003028,FMDBL,19,42,280,378.00,"105,840.00"
2019-07-16,2019071601003027,FMDBL,55,42,20,378.00,"7,560.00"
2019-07-16,2019071601003001,FMDBL,35,42,200,379.00,"75,800.00"
2019-07-16,2019071601003000,FMDBL,36,42,"1,000",379.00,"379,000.00"
2019-07-16,2019071601002999,FMDBL,29,42,409,379.00,"155,011.00"
2019-07-16,2019071601002771,FOWAD,54,20,10,"1,330.00","13,300.00"
2019-07-16,2019071601002749,FOWAD,42,47,35,"1,320.00","46,200.00"
2019-07-16,2019071601002772,GBBL,14,32,10,226.00,"2,260.00"
2019-07-16,2019071601002763,GDBL,14,58,873,213.00,"185,949.00"
2019-07-16,2019071601002774,GFCL,59,46,25,133.00,"3,325.00"
2019-07-16,2019071601002764,GFCL,59,46,25,131.00,"3,275.00"
2019-07-16,2019071601003041,GILB,58,58,1,"1,195.00","1,195.00"
2019-07-16,2019071601002873,GILB,50,52,50,"1,205.00","60,250.00"
2019-07-16,2019071601002872,GILB,50,41,10,"1,205.00","12,050.00"
2019-07-16,2019071601002782,GILB,40,40,2,"1,180.00","2,360.00"
2019-07-16,2019071601002692,GILB,19,40,22,"1,200.00","26,400.00"
2019-07-16,2019071601002686,GILB,19,40,12,"1,200.00","14,400.00"
2019-07-16,2019071601002682,GILB,47,40,22,"1,200.00","26,400.00"
2019-07-16,2019071601002679,GILB,47,40,22,"1,200.00","26,400.00"
2019-07-16,2019071601002674,GILB,47,40,22,"1,200.00","26,400.00"
2019-07-16,2019071601002668,GILB,47,40,22,"1,200.00","26,400.00"
2019-07-16,2019071601002656,GILB,52,40,22,"1,202.00","26,444.00"
2019-07-16,2019071601002645,GILB,50,41,22,"1,205.00","26,510.00"
2019-07-16,2019071601002978,GIMES1,34,34,191,8.39,"1,602.49"
2019-07-16,2019071601002954,GIMES1,35,34,"3,500",8.39,"29,365.00"
2019-07-16,2019071601002953,GIMES1,7,34,"13,153",8.40,"110,485.20"
2019-07-16,2019071601003048,GLBSL,17,20,10,395.00,"3,950.00"
2019-07-16,2019071601002901,GLBSL,58,52,20,399.00,"7,980.00"
2019-07-16,2019071601002812,GLICL,42,46,10,465.00,"4,650.00"
