Date,Transact. No.,Symbol,Buyer,Seller,Quantity,Rate,Amount
2019-08-27,2019082701005220,ADBL,47,16,150,426.00,"63,900.00"
2019-08-27,2019082701005165,ADBL,36,16,50,426.00,"21,300.00"
2019-08-27,2019082701005020,ADBL,22,49,200,426.00,"85,200.00"
2019-08-27,2019082701005019,ADBL,35,49,200,426.00,"85,200.00"
2019-08-27,2019082701005018,ADBL,22,49,10,426.00,"4,260.00"
2019-08-27,2019082701005017,ADBL,22,49,20,426.00,"8,520.00"
2019-08-27,2019082701005016,ADBL,3,49,40,426.00,"17,040.00"
2019-08-27,2019082701004788,ADBL,3,6,10,426.00,"4,260.00"
2019-08-27,2019082701005133,AHPC,54,51,100,101.00,"10,100.00"
2019-08-27,2019082701004862,AKJCL,38,49,20,64.00,"1,280.00"
2019-08-27,2019082701004999,AKPL,36,58,10,153.00,"1,530.00"
2019-08-27,2019082701005206,ALBSL,57,51,10,456.00,"4,560.00"
2019-08-27,2019082701005096,ALBSL,20,38,10,448.00,"4,480.00"
2019-08-27,2019082701005095,ALBSL,57,38,100,448.00,"44,800.00"
2019-08-27,2019082701005094,ALBSL,6,38,20,448.00,"8,960.00"
2019-08-27,2019082701005093,ALBSL,51,38,10,449.00,"4,490.00"
2019-08-27,2019082701005092,ALBSL,34,38,50,449.00,"22,450.00"
2019-08-27,2019082701005091,ALBSL,58,38,10,449.00,"4,490.00"
2019-08-27,2019082701004960,ALICL,6,16,20,342.00,"6,840.00"
2019-08-27,2019082701004912,ALICL,25,36,45,338.00,"15,210.00"
2019-08-27,2019082701005127,API,49,49,1,126.00,126.00
2019-08-27,2019082701005247,BOKL,34,49,10,257.00,"2,570.00"
2019-08-27,2019082701005222,BOKL,11,11,900,259.00,"233,100.00"
2019-08-27,2019082701005196,BOKL,11,11,"1,000",259.00,"259,000.00"
2019-08-27,2019082701005105,BOKL,34,11,"1,807",257.00,"464,399.00"
2019-08-27,2019082701005104,BOKL,14,11,84,257.00,"21,588.00"
2019-08-27,2019082701005103,BOKL,22,11,73,258.00,"18,834.00"
2019-08-27,2019082701005280,BPCL,49,34,10,392.00,"3,920.00"
2019-08-27,2019082701005176,BPCL,33,11,11,391.00,"4,301.00"
2019-08-27,2019082701005175,BPCL,33,11,11,390.00,"4,290.00"
2019-08-27,2019082701005174,BPCL,33,8,22,389.00,"8,558.00"
2019-08-27,2019082701004915,BPCL,22,49,44,386.00,"16,984.00"
2019-08-27,2019082701005218,CBBL,34,21,103,985.00,"101,455.00"
2019-08-27,2019082701004985,CBBL,6,45,100,989.00,"98,900.00"
2019-08-27,2019082701004785,CBBL,44,26,21,990.00,"20,790.00"
2019-08-27,2019082701005154,CBL,49,45,300,147.00,"44,100.00"
2019-08-27,2019082701005083,CBL,43,45,10,147.00,"1,470.00"
2019-08-27,2019082701004801,CBL,59,16,500,146.00,"73,000.00"
2019-08-27,2019082701004800,CBL,59,43,600,146.00,"87,600.00"
2019-08-27,2019082701005055,CCBL,1,59,700,159.00,"111,300.00"
2019-08-27,2019082701004804,CCBL,18,18,7,157.00,"1,099.00"
2019-08-27,2019082701004808,CEFL,52,6,61,108.00,"6,588.00"
2019-08-27,2019082701004807,CEFL,44,6,"1,000",108.00,"108,000.00"
2019-08-27,2019082701004806,CEFL,44,6,29,110.00,"3,190.00"
2019-08-27,2019082701004995,CHCL,22,57,18,446.00,"8,028.00"
2019-08-27,2019082701004786,CHCL,22,50,94,448.00,"42,112.00"
2019-08-27,2019082701004986,CIT,33,25,50,"2,395.00","119,750.00"
2019-08-27,2019082701004998,CLBSL,56,48,10,516.00,"5,160.00"
2019-08-27,2019082701004894,CZBIL,6,43,200,218.00,"43,600.00"
2019-08-27,2019082701004893,CZBIL,6,43,"1,760",218.00,"383,680.00"
2019-08-27,2019082701004861,CZBIL,6,13,240,218.00,"52,320.00"
2019-08-27,2019082701004821,CZBIL,6,43,"1,000",218.00,"218,000.00"
2019-08-27,2019082701004877,EDBL,36,36,10,269.00,"2,690.00"
2019-08-27,2019082701004876,EDBL,57,36,20,274.00,"5,480.00"
2019-08-27,2019082701004838,EIC,1,38,110,304.00,"33,440.00"
2019-08-27,2019082701004837,EIC,38,38,10,304.00,"3,040.00"
2019-08-27,2019082701004836,EIC,32,38,30,305.00,"9,150.00"
2019-08-27,2019082701004850,FMDBL,42,4,200,386.00,"77,200.00"
2019-08-27,2019082701004849,FMDBL,14,4,200,386.00,"77,200.00"
2019-08-27,2019082701004848,FMDBL,51,4,47,387.00,"18,189.00"
2019-08-27,2019082701005209,FOWAD,38,34,49,"1,339.00","65,611.00"
2019-08-27,2019082701005272,GBBL,41,49,200,215.00,"43,000.00"
2019-08-27,2019082701004852,GBBL,22,49,924,215.00,"198,660.00"
2019-08-27,2019082701004825,GBBL,22,45,200,215.00,"43,000.00"
2019-08-27,2019082701004824,GBBL,22,11,595,215.00,"127,925.00"
2019-08-27,2019082701004823,GBBL,22,6,100,215.00,"21,500.00"
2019-08-27,2019082701004822,GBBL,22,35,151,215.00,"32,465.00"
2019-08-27,2019082701005252,GDBL,40,14,50,204.00,"10,200.00"
2019-08-27,2019082701005251,GDBL,42,14,50,204.00,"10,200.00"
2019-08-27,2019082701005225,GFCL,22,59,920,138.00,"126,960.00"
2019-08-27,2019082701005224,GFCL,17,59,320,138.00,"44,160.00"
2019-08-27,2019082701005167,GFCL,59,34,500,139.00,"69,500.00"
2019-08-27,2019082701005136,GLBSL,41,56,40,487.00,"19,480.00"
2019-08-27,2019082701004914,GLBSL,1,58,20,482.00,"9,640.00"
2019-08-27,2019082701004913,GLBSL,39,58,30,482.00,"14,460.00"
2019-08-27,2019082701004847,GLBSL,39,8,10,482.00,"4,820.00"
2019-08-27,2019082701004787,GLBSL,39,8,10,482.00,"4,820.00"
2019-08-27,2019082701004907,GLICL,34,36,68,436.00,"29,648.00"
2019-08-27,2019082701004906,GLICL,21,36,182,437.00,"79,534.00"
2019-08-27,2019082701004905,GLICL,57,36,50,440.00,"22,000.00"
2019-08-27,2019082701004797,GLICL,21,39,18,437.00,"7,866.00"
2019-08-27,2019082701004796,GLICL,46,39,100,437.00,"43,700.00"
2019-08-27,2019082701004795,GLICL,55,39,100,437.00,"43,700.00"
2019-08-27,2019082701004794,GLICL,22,39,100,438.00,"43,800.00"
2019-08-27,2019082701004793,GLICL,43,39,50,438.00,"21,900.00"
2019-08-27,2019082701004792,GLICL,25,39,300,439.00,"131,700.00"
2019-08-27,2019082701005112,GMFBS,36,58,10,534.00,"5,340.00"
2019-08-27,2019082701005150,GUFL,3,52,200,118.00,"23,600.00"
2019-08-27,2019082701005137,HDL,58,45,52,"1,606.00","83,512.00"
2019-08-27,2019082701005084,HDL,37,56,50,"1,590.00","79,500.00"
2019-08-27,2019082701005040,HDL,7,14,30,"1,605.00","48,150.00"
2019-08-27,2019082701004951,HDL,44,45,18,"1,606.00","28,908.00"
2019-08-27,2019082701004927,HDL,7,34,70,"1,605.00","112,350.00"
2019-08-27,2019082701004799,HDL,37,55,50,"1,590.00","79,500.00"
2019-08-27,2019082701004798,HDL,58,55,100,"1,591.00","159,100.00"
2019-08-27,2019082701005035,HGI,42,55,30,318.00,"9,540.00"
2019-08-27,2019082701005258,HIDCL,29,42,287,148.00,"42,476.00"
2019-08-27,2019082701005231,HIDCL,29,21,275,146.00,"40,150.00"
2019-08-27,2019082701005182,HIDCL,34,21,20,146.00,"2,920.00"
2019-08-27,2019082701005039,HIDCL,1,41,470,145.00,"68,150.00"
2019-08-27,2019082701005120,HURJA,18,25,20,124.00,"2,480.00"
2019-08-27,2019082701005085,HURJA,18,25,20,124.00,"2,480.00"
2019-08-27,2019082701004931,HURJA,18,57,20,124.00,"2,480.00"
2019-08-27,2019082701004930,HURJA,18,55,20,124.00,"2,480.00"
2019-08-27,2019082701004929,HURJA,18,55,20,124.00,"2,480.00"
2019-08-27,2019082701004928,HURJA,18,55,20,124.00,"2,480.00"
2019-08-27,2019082701005046,HURJA,18,25,20,124.00,"2,480.00"
2019-08-27,2019082701005026,HURJA,18,25,20,124.00,"2,480.00"
2019-08-27,2019082701004935,HURJA,18,46,20,124.00,"2,480.00"
2019-08-27,2019082701004934,HURJA,18,18,20,124.00,"2,480.00"
2019-08-27,2019082701004933,HURJA,18,18,20,124.00,"2,480.00"
2019-08-27,2019082701004932,HURJA,18,41,20,124.00,"2,480.00"
2019-08-27,2019082701004802,ICFC,45,50,10,162.00,"1,620.00"
2019-08-27,2019082701005008,IGI,29,19,300,325.00,"97,500.00"
2019-08-27,2019082701005007,IGI,7,19,200,326.00,"65,200.00"
2019-08-27,2019082701005000,ILBS,11,45,10,457.00,"4,570.00"
2019-08-27,2019082701004979,ILBS,11,11,10,456.00,"4,560.00"
2019-08-27,2019082701004973,ILBS,58,38,10,455.00,"4,550.00"
2019-08-27,2019082701004937,ILBS,58,38,10,455.00,"4,550.00"
2019-08-27,2019082701004916,ILBS,11,38,10,456.00,"4,560.00"
2019-08-27,2019082701004892,ILBS,44,8,10,455.00,"4,550.00"
2019-08-27,2019082701004885,ILBS,11,11,10,456.00,"4,560.00"
2019-08-27,2019082701005229,JBBL,38,11,200,162.00,"32,400.00"
2019-08-27,2019082701005169,JBBL,49,44,177,161.00,"28,497.00"
2019-08-27,2019082701004984,JBBL,49,25,94,161.00,"15,134.00"
2019-08-27,2019082701004983,JBBL,49,25,279,161.00,"44,919.00"
2019-08-27,2019082701004982,JBBL,49,50,90,161.00,"14,490.00"
2019-08-27,2019082701004958,JBBL,49,50,130,161.00,"20,930.00"
2019-08-27,2019082701004803,JBBL,49,50,215,161.00,"34,615.00"
2019-08-27,2019082701004789,JBBL,49,50,85,161.00,"13,685.00"
2019-08-27,2019082701004943,JBBL,49,50,90,161.00,"14,490.00"
2019-08-27,2019082701004897,JBBL,49,50,230,161.00,"37,030.00"
2019-08-27,2019082701004874,JBBL,49,50,45,161.00,"7,245.00"
2019-08-27,2019082701004851,JBBL,49,50,40,161.00,"6,440.00"
2019-08-27,2019082701004835,JBBL,49,50,130,161.00,"20,930.00"
2019-08-27,2019082701004819,JBBL,49,50,145,161.00,"23,345.00"
2019-08-27,2019082701005238,JFL,52,49,"2,000",186.00,"372,000.00"
2019-08-27,2019082701005237,JFL,3,49,"1,000",186.00,"186,000.00"
2019-08-27,2019082701005236,JFL,3,49,500,187.00,"93,500.00"
2019-08-27,2019082701004939,JFL,52,49,"1,000",187.00,"187,000.00"
2019-08-27,2019082701004938,JFL,28,49,"1,000",187.00,"187,000.00"
2019-08-27,2019082701005192,KBL,32,33,50,203.00,"10,150.00"
2019-08-27,2019082701005191,KBL,32,1,100,202.00,"20,200.00"
2019-08-27,2019082701005163,KBL,22,1,100,202.00,"20,200.00"
2019-08-27,2019082701004954,KBL,49,33,350,202.00,"70,700.00"
2019-08-27,2019082701004953,KBL,42,33,50,202.00,"10,100.00"
2019-08-27,2019082701004952,KBL,39,33,"2,260",202.00,"456,520.00"
2019-08-27,2019082701004827,KBL,39,43,"1,000",202.00,"202,000.00"
2019-08-27,2019082701005037,KKHC,56,29,100,57.00,"5,700.00"
2019-08-27,2019082701005089,KPCL,56,49,10,81.00,810.00
2019-08-27,2019082701005088,KPCL,56,49,10,81.00,810.00
2019-08-27,2019082701005087,KPCL,56,16,10,81.00,810.00
2019-08-27,2019082701005101,LBBL,1,13,275,177.00,"48,675.00"
2019-08-27,2019082701005100,LBBL,20,13,125,177.00,"22,125.00"
2019-08-27,2019082701005099,LBBL,40,13,10,177.00,"1,770.00"
2019-08-27,2019082701005098,LBBL,41,13,50,177.00,"8,850.00"
2019-08-27,2019082701005097,LBBL,41,13,40,178.00,"7,120.00"
2019-08-27,2019082701005003,LBBL,41,4,20,178.00,"3,560.00"
2019-08-27,2019082701004992,LBBL,8,4,80,178.00,"14,240.00"
2019-08-27,2019082701004991,LBBL,8,28,20,178.00,"3,560.00"
2019-08-27,2019082701005219,LBL,34,11,50,215.00,"10,750.00"
2019-08-27,2019082701005090,LBL,34,21,20,214.00,"4,280.00"
2019-08-27,2019082701005226,LGIL,48,17,10,393.00,"3,930.00"
2019-08-27,2019082701005197,LICN,25,13,10,"1,080.00","10,800.00"
2019-08-27,2019082701005275,MBL,45,28,671,255.00,"171,105.00"
2019-08-27,2019082701005274,MBL,45,58,429,255.00,"109,395.00"
2019-08-27,2019082701005045,MBL,13,58,100,255.00,"25,500.00"
2019-08-27,2019082701005031,MBL,44,57,460,254.00,"116,840.00"
2019-08-27,2019082701005030,MBL,53,57,40,254.00,"10,160.00"
2019-08-27,2019082701004859,MBL,34,58,105,255.00,"26,775.00"
2019-08-27,2019082701005153,MDB,34,21,110,232.00,"25,520.00"
2019-08-27,2019082701005152,MDB,17,21,50,233.00,"11,650.00"
2019-08-27,2019082701005151,MDB,32,21,300,233.00,"69,900.00"
2019-08-27,2019082701005141,MDB,29,47,300,234.00,"70,200.00"
2019-08-27,2019082701004855,MEGA,17,6,255,200.00,"51,000.00"
2019-08-27,2019082701004854,MEGA,17,43,500,200.00,"100,000.00"
2019-08-27,2019082701004869,MERO,42,16,50,565.00,"28,250.00"
2019-08-27,2019082701004833,MERO,58,16,10,565.00,"5,650.00"
2019-08-27,2019082701004988,MERO,25,16,50,562.00,"28,100.00"
2019-08-27,2019082701004987,MERO,52,16,37,562.00,"20,794.00"
2019-08-27,2019082701004936,MERO,57,16,33,565.00,"18,645.00"
2019-08-27,2019082701004903,MERO,52,48,13,562.00,"7,306.00"
2019-08-27,2019082701004902,MERO,39,48,73,562.00,"41,026.00"
2019-08-27,2019082701005190,MFIL,56,38,800,127.00,"101,600.00"
2019-08-27,2019082701005172,MLBBL,11,22,10,478.00,"4,780.00"
2019-08-27,2019082701004941,MLBBL,22,34,75,469.00,"35,175.00"
2019-08-27,2019082701004940,MLBBL,22,22,10,469.00,"4,690.00"
2019-08-27,2019082701005250,MLBL,6,13,"1,000",208.00,"208,000.00"
2019-08-27,2019082701005111,MLBL,50,40,12,209.00,"2,508.00"
2019-08-27,2019082701005079,MLBL,50,26,188,209.00,"39,292.00"
2019-08-27,2019082701005075,MLBL,36,26,300,209.00,"62,700.00"
2019-08-27,2019082701004990,MLBL,6,17,"1,000",208.00,"208,000.00"
2019-08-27,2019082701004880,MLBL,45,17,90,208.00,"18,720.00"
2019-08-27,2019082701004978,MLBL,33,17,"1,410",208.00,"293,280.00"
2019-08-27,2019082701005107,MNBBL,58,14,20,328.00,"6,560.00"
2019-08-27,2019082701005279,NABIL,25,14,15,778.00,"11,670.00"
2019-08-27,2019082701005234,NABIL,22,49,13,776.00,"10,088.00"
2019-08-27,2019082701005205,NABIL,57,49,240,777.00,"186,480.00"
2019-08-27,2019082701005157,NABIL,45,14,200,778.00,"155,600.00"
2019-08-27,2019082701005102,NABIL,41,14,10,778.00,"7,780.00"
2019-08-27,2019082701004875,NADEP,57,39,10,475.00,"4,750.00"
2019-08-27,2019082701005015,NAGRO,34,51,10,774.00,"7,740.00"
2019-08-27,2019082701005278,NBB,29,49,283,213.00,"60,279.00"
2019-08-27,2019082701005277,NBB,34,49,82,213.00,"17,466.00"
2019-08-27,2019082701005201,NBB,34,50,569,214.00,"121,766.00"
2019-08-27,2019082701005200,NBB,34,39,72,214.00,"15,408.00"
2019-08-27,2019082701005199,NBB,34,19,165,214.00,"35,310.00"
2019-08-27,2019082701005198,NBB,34,19,194,214.00,"41,516.00"
2019-08-27,2019082701005171,NBB,34,19,"1,400",213.00,"298,200.00"
2019-08-27,2019082701005188,NBL,6,33,"1,380",324.00,"447,120.00"
2019-08-27,2019082701005187,NBL,6,13,620,324.00,"200,880.00"
2019-08-27,2019082701005086,NBL,49,13,200,324.00,"64,800.00"
2019-08-27,2019082701004870,NBL,55,13,290,324.00,"93,960.00"
2019-08-27,2019082701004858,NBL,55,33,500,324.00,"162,000.00"
2019-08-27,2019082701004857,NBL,55,7,210,324.00,"68,040.00"
2019-08-27,2019082701004813,NBL,48,7,790,324.00,"255,960.00"
2019-08-27,2019082701004812,NBL,48,4,710,324.00,"230,040.00"
2019-08-27,2019082701005230,NCCB,33,44,10,205.00,"2,050.00"
2019-08-27,2019082701005119,NCCB,36,38,529,204.00,"107,916.00"
2019-08-27,2019082701005081,NCCB,36,25,57,204.00,"11,628.00"
2019-08-27,2019082701005080,NCCB,49,25,50,204.00,"10,200.00"
2019-08-27,2019082701005232,NGPL,17,40,26,115.00,"2,990.00"
2019-08-27,2019082701005130,NHPC,17,35,200,60.00,"12,000.00"
2019-08-27,2019082701004976,NHPC,33,49,200,59.00,"11,800.00"
2019-08-27,2019082701004975,NHPC,45,49,100,59.00,"5,900.00"
2019-08-27,2019082701005149,NIB,47,11,33,467.00,"15,411.00"
2019-08-27,2019082701005118,NIB,26,58,31,467.00,"14,477.00"
2019-08-27,2019082701004971,NIB,57,48,33,466.00,"15,378.00"
2019-08-27,2019082701004963,NIBPO,28,28,898,431.00,"387,038.00"
2019-08-27,2019082701005282,NICA,58,4,78,447.00,"34,866.00"
2019-08-27,2019082701005281,NICA,14,4,22,447.00,"9,834.00"
2019-08-27,2019082701005259,NICA,44,28,20,451.00,"9,020.00"
2019-08-27,2019082701005255,NICA,14,4,78,447.00,"34,866.00"
2019-08-27,2019082701005254,NICA,14,4,22,447.00,"9,834.00"
2019-08-27,2019082701005217,NICA,14,4,17,447.00,"7,599.00"
2019-08-27,2019082701004829,NICA,39,4,50,448.00,"22,400.00"
2019-08-27,2019082701004828,NICA,1,4,133,448.00,"59,584.00"
2019-08-27,2019082701004919,NICA,35,39,100,447.00,"44,700.00"
2019-08-27,2019082701004918,NICA,34,39,616,447.00,"275,352.00"
2019-08-27,2019082701004917,NICA,33,39,30,448.00,"13,440.00"
2019-08-27,2019082701004896,NICA,33,4,970,448.00,"434,560.00"
2019-08-27,2019082701004884,NICA,7,4,30,448.00,"13,440.00"
2019-08-27,2019082701004830,NICA,34,4,17,447.00,"7,599.00"
2019-08-27,2019082701005012,NICA,34,43,299,448.00,"133,952.00"
2019-08-27,2019082701005002,NICA,6,43,101,448.00,"45,248.00"
2019-08-27,2019082701004923,NICA,57,39,554,447.00,"247,638.00"
2019-08-27,2019082701004922,NICA,14,39,100,447.00,"44,700.00"
2019-08-27,2019082701004921,NICA,47,39,500,447.00,"223,500.00"
2019-08-27,2019082701004920,NICA,45,39,100,447.00,"44,700.00"
2019-08-27,2019082701005123,NICA,6,37,100,447.00,"44,700.00"
2019-08-27,2019082701005122,NICA,34,37,250,447.00,"111,750.00"
2019-08-27,2019082701005121,NICA,57,37,446,447.00,"199,362.00"
2019-08-27,2019082701005076,NICA,14,4,220,448.00,"98,560.00"
2019-08-27,2019082701005054,NICA,14,4,280,448.00,"125,440.00"
2019-08-27,2019082701005041,NICA,58,4,20,448.00,"8,960.00"
2019-08-27,2019082701005216,NICA,8,4,103,449.00,"46,247.00"
2019-08-27,2019082701005204,NICA,8,22,100,449.00,"44,900.00"
2019-08-27,2019082701005203,NICA,8,4,297,449.00,"133,353.00"
2019-08-27,2019082701005177,NICA,8,4,400,448.00,"179,200.00"
2019-08-27,2019082701005168,NICA,33,4,380,448.00,"170,240.00"
2019-08-27,2019082701005124,NICA,14,37,161,447.00,"71,967.00"
2019-08-27,2019082701005253,NICL,8,38,100,291.00,"29,100.00"
2019-08-27,2019082701005078,NICL,29,38,110,291.00,"32,010.00"
2019-08-27,2019082701005042,NICL,7,38,50,291.00,"14,550.00"
2019-08-27,2019082701005034,NICL,29,59,490,290.00,"142,100.00"
2019-08-27,2019082701004840,NICL,25,38,10,291.00,"2,910.00"
2019-08-27,2019082701004790,NICL,29,57,500,290.00,"145,000.00"
2019-08-27,2019082701005221,NIL,39,57,10,400.00,"4,000.00"
2019-08-27,2019082701005189,NIL,14,57,40,399.00,"15,960.00"
2019-08-27,2019082701005117,NIL,20,57,60,399.00,"23,940.00"
2019-08-27,2019082701005116,NIL,20,17,100,399.00,"39,900.00"
2019-08-27,2019082701005115,NIL,20,57,100,399.00,"39,900.00"
2019-08-27,2019082701005114,NIL,20,56,100,399.00,"39,900.00"
2019-08-27,2019082701005113,NIL,20,58,140,398.00,"55,720.00"
2019-08-27,2019082701004863,NIL,44,58,60,398.00,"23,880.00"
2019-08-27,2019082701005044,NLBBL,7,43,100,560.00,"56,000.00"
2019-08-27,2019082701005043,NLBBL,33,43,100,560.00,"56,000.00"
2019-08-27,2019082701004841,NLBBL,49,43,50,561.00,"28,050.00"
2019-08-27,2019082701004834,NLBBL,6,47,50,562.00,"28,100.00"
2019-08-27,2019082701005129,NLG,58,46,10,625.00,"6,250.00"
2019-08-27,2019082701004811,NLG,38,35,112,613.00,"68,656.00"
2019-08-27,2019082701005140,NLICL,43,25,10,558.00,"5,580.00"
2019-08-27,2019082701005033,NLICL,25,38,13,550.00,"7,150.00"
2019-08-27,2019082701004989,NLICL,53,59,20,550.00,"11,000.00"
2019-08-27,2019082701005011,NMBHF1,1,22,"3,483",9.65,"33,610.95"
2019-08-27,2019082701005010,NMBHF1,1,22,"2,342",9.65,"22,600.30"
2019-08-27,2019082701004831,NMFBS,33,58,40,"1,490.00","59,600.00"
2019-08-27,2019082701005260,NUBL,34,21,11,868.00,"9,548.00"
2019-08-27,2019082701005186,NUBL,32,13,40,870.00,"34,800.00"
2019-08-27,2019082701005185,NUBL,41,13,30,870.00,"26,100.00"
2019-08-27,2019082701005053,NUBL,22,22,50,875.00,"43,750.00"
2019-08-27,2019082701004948,OHL,21,57,150,578.00,"86,700.00"
2019-08-27,2019082701004947,OHL,13,57,100,579.00,"57,900.00"
2019-08-27,2019082701004946,OHL,45,57,50,579.00,"28,950.00"
2019-08-27,2019082701004945,OHL,45,57,50,579.00,"28,950.00"
2019-08-27,2019082701005270,PCBL,41,26,42,275.00,"11,550.00"
2019-08-27,2019082701005269,PCBL,43,26,134,275.00,"36,850.00"
2019-08-27,2019082701005268,PCBL,58,26,100,275.00,"27,500.00"
2019-08-27,2019082701005025,PCBL,56,26,118,276.00,"32,568.00"
2019-08-27,2019082701005024,PCBL,56,51,72,276.00,"19,872.00"
2019-08-27,2019082701005023,PCBL,56,25,250,276.00,"69,000.00"
2019-08-27,2019082701005022,PCBL,56,19,60,276.00,"16,560.00"
2019-08-27,2019082701004810,PICL,6,7,150,453.00,"67,950.00"
2019-08-27,2019082701005276,PLIC,48,25,10,413.00,"4,130.00"
2019-08-27,2019082701004955,PLIC,1,34,40,412.00,"16,480.00"
2019-08-27,2019082701004926,PPCL,32,46,20,102.00,"2,040.00"
2019-08-27,2019082701004871,PPCL,32,46,20,102.00,"2,040.00"
2019-08-27,2019082701005248,PRIN,44,29,437,337.00,"147,269.00"
2019-08-27,2019082701005184,PRIN,44,29,"1,000",338.00,"338,000.00"
2019-08-27,2019082701005183,PRIN,44,29,272,338.00,"91,936.00"
2019-08-27,2019082701005181,PRIN,44,32,728,338.00,"246,064.00"
2019-08-27,2019082701005180,PRIN,44,32,"1,000",338.00,"338,000.00"
2019-08-27,2019082701005179,PRIN,6,32,50,339.00,"16,950.00"
2019-08-27,2019082701005178,PRIN,57,32,222,339.00,"75,258.00"
2019-08-27,2019082701005139,PROFL,41,25,50,105.00,"5,250.00"
2019-08-27,2019082701005244,PRVU,33,33,500,267.00,"133,500.00"
2019-08-27,2019082701005243,PRVU,33,33,500,267.00,"133,500.00"
2019-08-27,2019082701005242,PRVU,33,33,330,267.00,"88,110.00"
2019-08-27,2019082701005128,PRVU,26,33,20,267.00,"5,340.00"
2019-08-27,2019082701004956,PRVU,29,33,400,267.00,"106,800.00"
2019-08-27,2019082701005062,PRVU,44,33,50,266.00,"13,300.00"
2019-08-27,2019082701005061,PRVU,42,33,500,266.00,"133,000.00"
2019-08-27,2019082701005060,PRVU,53,33,500,266.00,"133,000.00"
2019-08-27,2019082701005059,PRVU,44,33,195,266.00,"51,870.00"
2019-08-27,2019082701005058,PRVU,34,33,500,266.00,"133,000.00"
2019-08-27,2019082701005057,PRVU,41,33,154,266.00,"40,964.00"
2019-08-27,2019082701005068,PRVU,41,33,500,266.00,"133,000.00"
2019-08-27,2019082701005067,PRVU,39,33,500,266.00,"133,000.00"
2019-08-27,2019082701005066,PRVU,22,33,30,266.00,"7,980.00"
2019-08-27,2019082701005065,PRVU,42,33,100,266.00,"26,600.00"
2019-08-27,2019082701005064,PRVU,57,33,100,266.00,"26,600.00"
2019-08-27,2019082701005063,PRVU,19,33,500,266.00,"133,000.00"
2019-08-27,2019082701005074,PRVU,33,33,571,266.00,"151,886.00"
2019-08-27,2019082701005073,PRVU,10,33,100,266.00,"26,600.00"
2019-08-27,2019082701005072,PRVU,35,33,200,266.00,"53,200.00"
2019-08-27,2019082701005071,PRVU,29,33,100,266.00,"26,600.00"
2019-08-27,2019082701005070,PRVU,48,33,100,266.00,"26,600.00"
2019-08-27,2019082701005069,PRVU,53,33,300,266.00,"79,800.00"
2019-08-27,2019082701005135,RADHI,4,45,350,140.00,"49,000.00"
2019-08-27,2019082701005134,RADHI,4,26,50,140.00,"7,000.00"
2019-08-27,2019082701005126,RADHI,4,58,10,138.00,"1,380.00"
2019-08-27,2019082701004969,RADHI,1,58,11,137.00,"1,507.00"
2019-08-27,2019082701004853,RADHI,1,16,11,137.00,"1,507.00"
2019-08-27,2019082701004820,RADHI,6,46,11,138.00,"1,518.00"
2019-08-27,2019082701005249,RHPL,25,29,40,191.00,"7,640.00"
2019-08-27,2019082701005246,RHPL,25,59,40,191.00,"7,640.00"
2019-08-27,2019082701005245,RHPL,25,16,20,191.00,"3,820.00"
2019-08-27,2019082701005195,RHPL,33,58,40,189.00,"7,560.00"
2019-08-27,2019082701005138,RHPL,33,21,10,189.00,"1,890.00"
2019-08-27,2019082701005077,RHPL,33,19,40,190.00,"7,600.00"
2019-08-27,2019082701004889,RHPL,17,46,40,190.00,"7,600.00"
2019-08-27,2019082701004882,RHPL,17,20,30,190.00,"5,700.00"
2019-08-27,2019082701004881,RHPL,17,8,30,190.00,"5,700.00"
2019-08-27,2019082701004868,RHPL,33,58,40,189.00,"7,560.00"
2019-08-27,2019082701004864,RHPL,35,20,10,190.00,"1,900.00"
2019-08-27,2019082701004809,RHPL,35,58,10,190.00,"1,900.00"
2019-08-27,2019082701005006,RHPL,41,17,10,190.00,"1,900.00"
2019-08-27,2019082701004949,RHPL,33,46,40,189.00,"7,560.00"
2019-08-27,2019082701004942,RHPL,33,58,40,189.00,"7,560.00"
2019-08-27,2019082701004924,RHPL,33,48,40,189.00,"7,560.00"
2019-08-27,2019082701004904,RHPL,33,8,30,189.00,"5,670.00"
2019-08-27,2019082701004891,RHPL,33,20,40,189.00,"7,560.00"
2019-08-27,2019082701004805,RLFL,34,34,10,125.00,"1,250.00"
2019-08-27,2019082701004783,RLFL,34,41,20,123.00,"2,460.00"
2019-08-27,2019082701005155,RMDC,34,1,100,663.00,"66,300.00"
2019-08-27,2019082701004887,RMDC,34,41,951,663.00,"630,513.00"
2019-08-27,2019082701004839,RRHP,56,8,10,104.00,"1,040.00"
2019-08-27,2019082701005223,RSDC,8,33,39,355.00,"13,845.00"
2019-08-27,2019082701005202,SAEF,57,58,"5,000",9.74,"48,700.00"
2019-08-27,2019082701005241,SANIMA,22,26,215,350.00,"75,250.00"
2019-08-27,2019082701005056,SANIMA,29,26,30,351.00,"10,530.00"
2019-08-27,2019082701005027,SANIMA,58,26,25,351.00,"8,775.00"
2019-08-27,2019082701005215,SBI,52,25,100,450.00,"45,000.00"
2019-08-27,2019082701005214,SBI,52,32,10,450.00,"4,500.00"
2019-08-27,2019082701005213,SBI,52,58,565,449.00,"253,685.00"
2019-08-27,2019082701005029,SBI,38,58,100,449.00,"44,900.00"
2019-08-27,2019082701005028,SBI,38,58,200,449.00,"89,800.00"
2019-08-27,2019082701005267,SBL,52,39,277,318.00,"88,086.00"
2019-08-27,2019082701005266,SBL,52,57,57,318.00,"18,126.00"
2019-08-27,2019082701005265,SBL,52,7,300,318.00,"95,400.00"
2019-08-27,2019082701005264,SBL,52,52,50,318.00,"15,900.00"
2019-08-27,2019082701005263,SBL,52,35,500,317.00,"158,500.00"
2019-08-27,2019082701005262,SBL,52,57,100,317.00,"31,700.00"
2019-08-27,2019082701005261,SBL,52,14,926,317.00,"293,542.00"
2019-08-27,2019082701004981,SCB,35,55,20,631.00,"12,620.00"
2019-08-27,2019082701004901,SCB,32,16,20,632.00,"12,640.00"
2019-08-27,2019082701005145,SDESI,25,38,140,641.00,"89,740.00"
2019-08-27,2019082701005144,SDESI,19,38,50,642.00,"32,100.00"
2019-08-27,2019082701005143,SDESI,1,38,10,642.00,"6,420.00"
2019-08-27,2019082701005038,SDESI,45,32,20,650.00,"13,000.00"
2019-08-27,2019082701004895,SDESI,25,32,10,650.00,"6,500.00"
2019-08-27,2019082701005173,SEF,36,58,"5,000",8.83,"44,150.00"
2019-08-27,2019082701005207,SHIVM,36,53,10,575.00,"5,750.00"
2019-08-27,2019082701005194,SHIVM,36,10,35,575.00,"20,125.00"
2019-08-27,2019082701005193,SHIVM,43,10,465,575.00,"267,375.00"
2019-08-27,2019082701005148,SHIVM,43,10,35,575.00,"20,125.00"
2019-08-27,2019082701005147,SHIVM,47,10,200,575.00,"115,000.00"
2019-08-27,2019082701005146,SHIVM,51,10,265,576.00,"152,640.00"
2019-08-27,2019082701004910,SHIVM,51,21,235,576.00,"135,360.00"
2019-08-27,2019082701004909,SHIVM,51,21,65,576.00,"37,440.00"
2019-08-27,2019082701004968,SHL,19,17,100,228.00,"22,800.00"
2019-08-27,2019082701004967,SHL,57,17,200,228.00,"45,600.00"
2019-08-27,2019082701004966,SHL,19,17,100,228.00,"22,800.00"
2019-08-27,2019082701004965,SHL,26,17,100,228.00,"22,800.00"
2019-08-27,2019082701004964,SHL,48,17,100,229.00,"22,900.00"
2019-08-27,2019082701004962,SHPC,51,58,78,220.00,"17,160.00"
2019-08-27,2019082701004961,SHPC,51,19,22,220.00,"4,840.00"
2019-08-27,2019082701005170,SICL,34,44,62,765.00,"47,430.00"
2019-08-27,2019082701004883,SICL,34,49,10,765.00,"7,650.00"
2019-08-27,2019082701004844,SICL,44,44,27,774.00,"20,898.00"
2019-08-27,2019082701004994,SIFC,38,25,45,156.00,"7,020.00"
2019-08-27,2019082701005273,SJCL,51,6,30,209.00,"6,270.00"
2019-08-27,2019082701005240,SJCL,51,29,20,209.00,"4,180.00"
2019-08-27,2019082701005239,SJCL,51,8,20,209.00,"4,180.00"
2019-08-27,2019082701005235,SJCL,51,44,100,209.00,"20,900.00"
2019-08-27,2019082701005210,SJCL,51,58,20,209.00,"4,180.00"
2019-08-27,2019082701005156,SJCL,51,21,10,209.00,"2,090.00"
2019-08-27,2019082701004815,SJCL,51,47,20,209.00,"4,180.00"
2019-08-27,2019082701004814,SJCL,51,45,20,209.00,"4,180.00"
2019-08-27,2019082701004832,SJCL,51,8,20,209.00,"4,180.00"
2019-08-27,2019082701004818,SJCL,51,51,20,209.00,"4,180.00"
2019-08-27,2019082701004817,SJCL,51,13,20,209.00,"4,180.00"
2019-08-27,2019082701004816,SJCL,51,47,20,209.00,"4,180.00"
2019-08-27,2019082701004886,SJCL,51,17,10,209.00,"2,090.00"
2019-08-27,2019082701004878,SJCL,51,8,20,209.00,"4,180.00"
2019-08-27,2019082701004873,SJCL,51,58,20,209.00,"4,180.00"
2019-08-27,2019082701004872,SJCL,51,20,20,209.00,"4,180.00"
2019-08-27,2019082701004867,SJCL,51,8,20,209.00,"4,180.00"
2019-08-27,2019082701004860,SJCL,51,8,20,209.00,"4,180.00"
2019-08-27,2019082701004957,SJCL,51,58,20,209.00,"4,180.00"
2019-08-27,2019082701004950,SJCL,51,48,20,209.00,"4,180.00"
2019-08-27,2019082701004944,SJCL,51,8,10,209.00,"2,090.00"
2019-08-27,2019082701004911,SJCL,51,8,20,209.00,"4,180.00"
2019-08-27,2019082701004900,SJCL,51,20,20,209.00,"4,180.00"
2019-08-27,2019082701004899,SJCL,51,46,20,209.00,"4,180.00"
2019-08-27,2019082701004996,SJCL,51,40,20,209.00,"4,180.00"
2019-08-27,2019082701004993,SJCL,51,8,20,209.00,"4,180.00"
2019-08-27,2019082701004980,SJCL,51,8,20,209.00,"4,180.00"
2019-08-27,2019082701004972,SJCL,51,8,20,209.00,"4,180.00"
2019-08-27,2019082701004970,SJCL,51,46,20,209.00,"4,180.00"
2019-08-27,2019082701004959,SJCL,51,8,20,209.00,"4,180.00"
2019-08-27,2019082701005032,SJCL,51,8,20,209.00,"4,180.00"
2019-08-27,2019082701005014,SJCL,51,8,20,209.00,"4,180.00"
2019-08-27,2019082701005005,SJCL,51,29,10,209.00,"2,090.00"
2019-08-27,2019082701005004,SJCL,51,29,10,209.00,"2,090.00"
2019-08-27,2019082701005001,SJCL,51,8,10,209.00,"2,090.00"
2019-08-27,2019082701004997,SJCL,51,8,20,209.00,"4,180.00"
2019-08-27,2019082701005132,SJCL,51,8,20,209.00,"4,180.00"
2019-08-27,2019082701005131,SJCL,51,44,20,209.00,"4,180.00"
2019-08-27,2019082701005125,SJCL,51,8,20,209.00,"4,180.00"
2019-08-27,2019082701005106,SJCL,51,8,20,209.00,"4,180.00"
2019-08-27,2019082701005082,SJCL,51,8,20,209.00,"4,180.00"
2019-08-27,2019082701005052,SJCL,51,8,20,209.00,"4,180.00"
2019-08-27,2019082701005160,SKBBL,5,14,15,988.00,"14,820.00"
2019-08-27,2019082701005271,SLBBL,38,49,60,571.00,"34,260.00"
2019-08-27,2019082701005164,SLBBL,17,25,100,574.00,"57,400.00"
2019-08-27,2019082701005142,SLBBL,38,48,87,571.00,"49,677.00"
2019-08-27,2019082701005036,SLBSL,50,5,40,769.00,"30,760.00"
2019-08-27,2019082701005021,SLBSL,18,5,10,769.00,"7,690.00"
2019-08-27,2019082701004925,SLBSL,50,5,20,766.00,"15,320.00"
2019-08-27,2019082701004890,SLBSL,50,17,30,766.00,"22,980.00"
2019-08-27,2019082701004866,SLBSL,39,42,10,770.00,"7,700.00"
2019-08-27,2019082701004865,SLBSL,39,58,360,767.00,"276,120.00"
2019-08-27,2019082701004846,SLBSL,39,5,50,766.00,"38,300.00"
2019-08-27,2019082701004845,SLBSL,39,32,200,765.00,"153,000.00"
2019-08-27,2019082701004826,SLBSL,11,25,30,764.00,"22,920.00"
2019-08-27,2019082701005159,SLICL,52,25,100,291.00,"29,100.00"
2019-08-27,2019082701005158,SLICL,34,25,40,291.00,"11,640.00"
2019-08-27,2019082701005211,SMATA,45,21,12,"1,364.00","16,368.00"
2019-08-27,2019082701005051,SMATA,29,28,10,"1,338.00","13,380.00"
2019-08-27,2019082701005050,SMATA,47,28,90,"1,340.00","120,600.00"
2019-08-27,2019082701005049,SMATA,7,28,50,"1,340.00","67,000.00"
2019-08-27,2019082701005048,SMATA,26,28,12,"1,340.00","16,080.00"
2019-08-27,2019082701005047,SMATA,7,28,40,"1,341.00","53,640.00"
2019-08-27,2019082701004856,SMATA,47,42,19,"1,345.00","25,555.00"
2019-08-27,2019082701005110,SMFBS,18,35,10,818.00,"8,180.00"
2019-08-27,2019082701005109,SMFBS,18,41,10,817.00,"8,170.00"
2019-08-27,2019082701005108,SMFBS,18,41,10,817.00,"8,170.00"
2019-08-27,2019082701004898,SMFBS,22,51,10,813.00,"8,130.00"
2019-08-27,2019082701004888,SMFBS,22,51,10,813.00,"8,130.00"
2019-08-27,2019082701005212,SPARS,25,20,10,600.00,"6,000.00"
2019-08-27,2019082701005009,SPARS,38,51,10,596.00,"5,960.00"
2019-08-27,2019082701004879,SPARS,38,17,10,596.00,"5,960.00"
2019-08-27,2019082701005208,SPDL,45,38,40,80.00,"3,200.00"
2019-08-27,2019082701004784,SPDL,45,49,10,80.00,800.00
2019-08-27,2019082701005233,SWBBL,14,14,16,934.00,"14,944.00"
2019-08-27,2019082701004977,SWBBL,45,21,43,925.00,"39,775.00"
2019-08-27,2019082701005257,TRH,44,19,500,300.00,"150,000.00"
2019-08-27,2019082701005256,TRH,38,19,200,301.00,"60,200.00"
2019-08-27,2019082701005228,TRH,38,14,100,301.00,"30,100.00"
2019-08-27,2019082701005227,TRH,38,14,200,301.00,"60,200.00"
2019-08-27,2019082701005166,UFL,52,55,"1,000",182.00,"182,000.00"
2019-08-27,2019082701004843,UFL,52,28,500,181.00,"90,500.00"
2019-08-27,2019082701004842,UFL,52,22,500,180.00,"90,000.00"
2019-08-27,2019082701004974,UIC,8,39,90,304.00,"27,360.00"
2019-08-27,2019082701005013,UMHL,42,29,10,105.00,"1,050.00"
2019-08-27,2019082701004908,UMHL,42,45,66,105.00,"6,930.00"
2019-08-27,2019082701004791,UPCL,7,49,50,78.00,"3,900.00"
2019-08-27,2019082701005162,UPPER,25,54,14,252.00,"3,528.00"
2019-08-27,2019082701005161,UPPER,25,58,40,251.00,"10,040.00"
2019-08-27,2019082701004717,ADBL,41,6,94,426.00,"40,044.00"
2019-08-27,2019082701004596,ADBL,41,6,206,426.00,"87,756.00"
2019-08-27,2019082701004595,ADBL,55,6,500,426.00,"213,000.00"
2019-08-27,2019082701004594,ADBL,44,6,120,426.00,"51,120.00"
2019-08-27,2019082701004593,ADBL,3,6,100,426.00,"42,600.00"
2019-08-27,2019082701004592,ADBL,22,6,10,426.00,"4,260.00"
2019-08-27,2019082701004591,ADBL,22,6,10,426.00,"4,260.00"
2019-08-27,2019082701004590,ADBL,50,6,154,426.00,"65,604.00"
2019-08-27,2019082701004299,ADBL,50,58,10,426.00,"4,260.00"
2019-08-27,2019082701004436,AKJCL,7,49,10,63.00,630.00
2019-08-27,2019082701004403,AKJCL,7,16,20,63.00,"1,260.00"
2019-08-27,2019082701004298,AKPL,55,7,461,154.00,"70,994.00"
2019-08-27,2019082701004742,ALBSL,45,3,100,450.00,"45,000.00"
2019-08-27,2019082701004677,ALBSL,42,58,10,450.00,"4,500.00"
2019-08-27,2019082701004547,ALBSL,11,38,10,455.00,"4,550.00"
2019-08-27,2019082701004532,ALBSL,11,11,10,451.00,"4,510.00"
2019-08-27,2019082701004432,ALBSL,11,11,10,451.00,"4,510.00"
2019-08-27,2019082701004416,ALBSL,11,11,10,451.00,"4,510.00"
2019-08-27,2019082701004319,ALICL,35,58,41,338.00,"13,858.00"
2019-08-27,2019082701004636,BARUN,38,56,10,85.00,850.00
2019-08-27,2019082701004753,BFC,34,34,10,96.00,960.00
2019-08-27,2019082701004720,BFC,34,14,200,95.00,"19,000.00"
2019-08-27,2019082701004719,BFC,34,49,237,95.00,"22,515.00"
2019-08-27,2019082701004508,BFC,13,49,13,95.00,"1,235.00"
2019-08-27,2019082701004756,BOKL,22,51,107,258.00,"27,606.00"
2019-08-27,2019082701004520,BOKL,14,22,48,257.00,"12,336.00"
2019-08-27,2019082701004667,BPCL,8,49,55,385.00,"21,175.00"
2019-08-27,2019082701004646,BPCL,8,18,11,385.00,"4,235.00"
2019-08-27,2019082701004413,BPCL,8,43,10,385.00,"3,850.00"
2019-08-27,2019082701004412,BPCL,22,43,79,385.00,"30,415.00"
2019-08-27,2019082701004778,CBL,38,43,180,146.00,"26,280.00"
2019-08-27,2019082701004670,CBL,38,43,220,146.00,"32,120.00"
2019-08-27,2019082701004669,CBL,38,38,280,146.00,"40,880.00"
2019-08-27,2019082701004608,CBL,38,38,200,146.00,"29,200.00"
2019-08-27,2019082701004433,CBL,14,38,20,146.00,"2,920.00"
2019-08-27,2019082701004747,CCBL,38,19,100,158.00,"15,800.00"
2019-08-27,2019082701004746,CCBL,38,46,537,158.00,"84,846.00"
2019-08-27,2019082701004710,CCBL,3,18,100,157.00,"15,700.00"
2019-08-27,2019082701004709,CCBL,49,18,12,157.00,"1,884.00"
2019-08-27,2019082701004425,CCBL,49,52,308,157.00,"48,356.00"
2019-08-27,2019082701004296,CCBL,59,46,100,158.00,"15,800.00"
2019-08-27,2019082701004316,CHCL,22,50,951,448.00,"426,048.00"
2019-08-27,2019082701004315,CHCL,22,41,49,447.00,"21,903.00"
2019-08-27,2019082701004283,CHCL,59,41,150,447.00,"67,050.00"
2019-08-27,2019082701004354,CHL,50,49,10,76.00,760.00
2019-08-27,2019082701004678,CIT,33,25,50,"2,395.00","119,750.00"
2019-08-27,2019082701004583,CMF1,13,22,200,9.60,"1,920.00"
2019-08-27,2019082701004576,CMF1,43,29,"1,000",9.71,"9,710.00"
2019-08-27,2019082701004449,CMF1,13,52,600,9.60,"5,760.00"
2019-08-27,2019082701004454,CMF1,13,52,600,9.60,"5,760.00"
2019-08-27,2019082701004777,CZBIL,11,43,"1,000",218.00,"218,000.00"
2019-08-27,2019082701004545,CZBIL,51,25,90,218.00,"19,620.00"
2019-08-27,2019082701004523,CZBIL,51,40,10,218.00,"2,180.00"
2019-08-27,2019082701004522,CZBIL,10,40,300,218.00,"65,400.00"
2019-08-27,2019082701004521,CZBIL,6,40,190,218.00,"41,420.00"
2019-08-27,2019082701004518,CZBIL,6,43,"1,800",218.00,"392,400.00"
2019-08-27,2019082701004464,CZBIL,6,55,10,218.00,"2,180.00"
2019-08-27,2019082701004463,CZBIL,41,55,200,218.00,"43,600.00"
2019-08-27,2019082701004462,CZBIL,47,55,270,218.00,"58,860.00"
2019-08-27,2019082701004461,CZBIL,35,55,150,218.00,"32,700.00"
2019-08-27,2019082701004460,CZBIL,5,55,300,218.00,"65,400.00"
2019-08-27,2019082701004459,CZBIL,45,55,70,218.00,"15,260.00"
2019-08-27,2019082701004618,DDBL,28,20,100,745.00,"74,500.00"
2019-08-27,2019082701004617,DDBL,28,33,975,744.00,"725,400.00"
2019-08-27,2019082701004780,EBL,58,25,179,650.00,"116,350.00"
2019-08-27,2019082701004779,EBL,28,25,100,650.00,"65,000.00"
2019-08-27,2019082701004586,EBL,34,48,301,650.00,"195,650.00"
2019-08-27,2019082701004585,EBL,34,49,"1,597",650.00,"1,038,050.00"
2019-08-27,2019082701004584,EBL,34,7,184,650.00,"119,600.00"
2019-08-27,2019082701004770,EDBL,57,43,80,274.00,"21,920.00"
2019-08-27,2019082701004769,EDBL,25,43,500,274.00,"137,000.00"
2019-08-27,2019082701004768,EDBL,34,43,20,274.00,"5,480.00"
2019-08-27,2019082701004731,EIC,32,38,120,305.00,"36,600.00"
2019-08-27,2019082701004730,EIC,37,38,50,305.00,"15,250.00"
2019-08-27,2019082701004674,EIC,38,38,100,306.00,"30,600.00"
2019-08-27,2019082701004673,EIC,32,38,150,307.00,"46,050.00"
2019-08-27,2019082701004622,EIC,6,38,30,312.00,"9,360.00"
2019-08-27,2019082701004503,FOWAD,47,39,45,"1,330.00","59,850.00"
2019-08-27,2019082701004445,FOWAD,37,39,100,"1,330.00","133,000.00"
2019-08-27,2019082701004444,FOWAD,6,39,14,"1,330.00","18,620.00"
2019-08-27,2019082701004443,FOWAD,14,39,10,"1,331.00","13,310.00"
2019-08-27,2019082701004442,FOWAD,43,39,50,"1,331.00","66,550.00"
2019-08-27,2019082701004441,FOWAD,43,39,10,"1,331.00","13,310.00"
2019-08-27,2019082701004440,FOWAD,14,39,71,"1,332.00","94,572.00"
2019-08-27,2019082701004410,FOWAD,14,32,29,"1,332.00","38,628.00"
2019-08-27,2019082701004409,FOWAD,40,32,21,"1,333.00","27,993.00"
2019-08-27,2019082701004408,FOWAD,5,32,50,"1,335.00","66,750.00"
2019-08-27,2019082701004727,GBLBS,42,44,10,362.00,"3,620.00"
2019-08-27,2019082701004286,GDBL,28,53,500,206.00,"103,000.00"
2019-08-27,2019082701004285,GDBL,58,53,120,206.00,"24,720.00"
2019-08-27,2019082701004292,GDBL,42,53,100,205.00,"20,500.00"
2019-08-27,2019082701004291,GDBL,4,53,200,205.00,"41,000.00"
2019-08-27,2019082701004290,GDBL,32,53,400,205.00,"82,000.00"
2019-08-27,2019082701004289,GDBL,44,53,"1,000",205.00,"205,000.00"
2019-08-27,2019082701004288,GDBL,47,53,200,205.00,"41,000.00"
2019-08-27,2019082701004287,GDBL,4,53,200,205.00,"41,000.00"
2019-08-27,2019082701004610,GFCL,59,32,50,140.00,"7,000.00"
2019-08-27,2019082701004609,GFCL,59,47,190,140.00,"26,600.00"
2019-08-27,2019082701004676,GHL,22,49,30,77.00,"2,310.00"
2019-08-27,2019082701004557,GHL,22,41,30,77.00,"2,310.00"
2019-08-27,2019082701004497,GHL,22,41,30,77.00,"2,310.00"
2019-08-27,2019082701004741,GLICL,21,26,18,441.00,"7,938.00"
2019-08-27,2019082701004656,GLICL,21,41,278,440.00,"122,320.00"
2019-08-27,2019082701004570,GLICL,39,41,21,440.00,"9,240.00"
2019-08-27,2019082701004569,GLICL,49,41,25,440.00,"11,000.00"
2019-08-27,2019082701004568,GLICL,39,41,126,440.00,"55,440.00"
2019-08-27,2019082701004567,GLICL,35,41,100,441.00,"44,100.00"
2019-08-27,2019082701004305,HBL,7,52,71,552.00,"39,192.00"
2019-08-27,2019082701004304,HBL,34,52,106,553.00,"58,618.00"
2019-08-27,2019082701004303,HBL,1,52,20,555.00,"11,100.00"
2019-08-27,2019082701004706,HDL,58,21,100,"1,591.00","159,100.00"
2019-08-27,2019082701004312,HDL,58,45,30,"1,606.00","48,180.00"
2019-08-27,2019082701004311,HDL,58,38,40,"1,605.00","64,200.00"
2019-08-27,2019082701004310,HDL,58,39,80,"1,602.00","128,160.00"
2019-08-27,2019082701004691,HIDCL,1,49,30,145.00,"4,350.00"
2019-08-27,2019082701004782,ILBS,38,51,10,457.00,"4,570.00"
2019-08-27,2019082701004764,ILBS,38,51,10,457.00,"4,570.00"
2019-08-27,2019082701004624,ILBS,38,38,10,457.00,"4,570.00"
2019-08-27,2019082701004607,ILBS,38,38,10,457.00,"4,570.00"
2019-08-27,2019082701004529,ILBS,38,16,10,457.00,"4,570.00"
2019-08-27,2019082701004321,ILBS,38,32,10,457.00,"4,570.00"
2019-08-27,2019082701004781,JBBL,49,50,200,161.00,"32,200.00"
2019-08-27,2019082701004773,JBBL,49,50,35,161.00,"5,635.00"
2019-08-27,2019082701004760,JBBL,49,50,55,161.00,"8,855.00"
2019-08-27,2019082701004744,JBBL,49,50,80,161.00,"12,880.00"
2019-08-27,2019082701004734,JBBL,49,50,110,161.00,"17,710.00"
2019-08-27,2019082701004724,JBBL,49,50,85,161.00,"13,685.00"
2019-08-27,2019082701004392,JBBL,49,58,200,161.00,"32,200.00"
2019-08-27,2019082701004504,JBBL,49,50,"1,230",161.00,"198,030.00"
2019-08-27,2019082701004486,JBBL,49,50,"1,050",161.00,"169,050.00"
2019-08-27,2019082701004452,JBBL,49,50,"1,840",161.00,"296,240.00"
2019-08-27,2019082701004446,JBBL,49,50,"1,570",161.00,"252,770.00"
2019-08-27,2019082701004423,JBBL,49,50,"1,360",161.00,"218,960.00"
2019-08-27,2019082701004393,JBBL,49,50,400,161.00,"64,400.00"
2019-08-27,2019082701004550,JBBL,49,50,345,161.00,"55,545.00"
2019-08-27,2019082701004540,JBBL,49,50,635,161.00,"102,235.00"
2019-08-27,2019082701004531,JBBL,49,50,580,161.00,"93,380.00"
2019-08-27,2019082701004524,JBBL,49,50,315,161.00,"50,715.00"
2019-08-27,2019082701004517,JBBL,49,50,410,161.00,"66,010.00"
2019-08-27,2019082701004509,JBBL,49,50,625,161.00,"100,625.00"
2019-08-27,2019082701004637,JBBL,49,50,95,161.00,"15,295.00"
2019-08-27,2019082701004606,JBBL,49,50,100,161.00,"16,100.00"
2019-08-27,2019082701004597,JBBL,49,50,115,161.00,"18,515.00"
2019-08-27,2019082701004579,JBBL,49,50,240,161.00,"38,640.00"
2019-08-27,2019082701004571,JBBL,49,50,480,161.00,"77,280.00"
2019-08-27,2019082701004560,JBBL,49,50,935,161.00,"150,535.00"
2019-08-27,2019082701004716,JBBL,49,50,160,161.00,"25,760.00"
2019-08-27,2019082701004698,JBBL,49,50,100,161.00,"16,100.00"
2019-08-27,2019082701004687,JBBL,49,50,230,161.00,"37,030.00"
2019-08-27,2019082701004681,JBBL,49,50,70,161.00,"11,270.00"
2019-08-27,2019082701004657,JBBL,49,50,225,161.00,"36,225.00"
2019-08-27,2019082701004651,JBBL,49,50,125,161.00,"20,125.00"
2019-08-27,2019082701004704,JOSHI,22,49,20,67.00,"1,340.00"
2019-08-27,2019082701004574,JOSHI,22,41,20,67.00,"1,340.00"
2019-08-27,2019082701004394,JOSHI,22,16,20,67.00,"1,340.00"
2019-08-27,2019082701004759,KBL,39,33,700,202.00,"141,400.00"
2019-08-27,2019082701004758,KBL,39,43,500,202.00,"101,000.00"
2019-08-27,2019082701004757,KBL,39,52,40,202.00,"8,080.00"
2019-08-27,2019082701004615,KBL,38,33,"1,345",201.00,"270,345.00"
2019-08-27,2019082701004512,KBL,5,33,300,201.00,"60,300.00"
2019-08-27,2019082701004511,KBL,44,33,255,201.00,"51,255.00"
2019-08-27,2019082701004510,KBL,39,33,100,201.00,"20,100.00"
2019-08-27,2019082701004344,KBL,22,52,100,202.00,"20,200.00"
2019-08-27,2019082701004329,KSBBL,56,36,10,146.00,"1,460.00"
2019-08-27,2019082701004750,LBL,40,11,10,216.00,"2,160.00"
2019-08-27,2019082701004655,LBL,34,16,"1,000",215.00,"215,000.00"
2019-08-27,2019082701004541,LBL,34,11,"1,000",215.00,"215,000.00"
2019-08-27,2019082701004450,LBL,34,28,700,214.00,"149,800.00"
2019-08-27,2019082701004733,LICN,41,38,11,"1,073.00","11,803.00"
2019-08-27,2019082701004749,LLBS,19,6,10,731.00,"7,310.00"
2019-08-27,2019082701004485,MBL,34,58,500,255.00,"127,500.00"
2019-08-27,2019082701004484,MBL,34,58,185,255.00,"47,175.00"
2019-08-27,2019082701004483,MBL,34,58,450,255.00,"114,750.00"
2019-08-27,2019082701004482,MBL,34,58,215,255.00,"54,825.00"
2019-08-27,2019082701004481,MBL,34,58,95,255.00,"24,225.00"
2019-08-27,2019082701004480,MBL,34,58,250,255.00,"63,750.00"
2019-08-27,2019082701004467,MBL,7,58,"2,000",256.00,"512,000.00"
2019-08-27,2019082701004466,MBL,45,58,810,256.00,"207,360.00"
2019-08-27,2019082701004366,MBL,45,22,190,256.00,"48,640.00"
2019-08-27,2019082701004365,MBL,22,22,10,256.00,"2,560.00"
2019-08-27,2019082701004473,MBL,34,58,200,255.00,"51,000.00"
2019-08-27,2019082701004472,MBL,34,58,200,255.00,"51,000.00"
2019-08-27,2019082701004471,MBL,46,58,250,255.00,"63,750.00"
2019-08-27,2019082701004470,MBL,35,58,500,255.00,"127,500.00"
2019-08-27,2019082701004469,MBL,32,58,500,255.00,"127,500.00"
2019-08-27,2019082701004468,MBL,44,58,280,255.00,"71,400.00"
2019-08-27,2019082701004479,MBL,34,58,150,255.00,"38,250.00"
2019-08-27,2019082701004478,MBL,44,58,141,255.00,"35,955.00"
2019-08-27,2019082701004477,MBL,34,58,130,255.00,"33,150.00"
2019-08-27,2019082701004476,MBL,34,58,110,255.00,"28,050.00"
2019-08-27,2019082701004475,MBL,34,58,175,255.00,"44,625.00"
2019-08-27,2019082701004474,MBL,34,58,225,255.00,"57,375.00"
2019-08-27,2019082701004383,MEGA,44,43,148,199.00,"29,452.00"
2019-08-27,2019082701004546,MERO,39,57,10,562.00,"5,620.00"
2019-08-27,2019082701004396,MERO,39,46,17,562.00,"9,554.00"
2019-08-27,2019082701004722,MHNL,59,49,30,95.00,"2,850.00"
2019-08-27,2019082701004707,MLBL,45,47,10,208.00,"2,080.00"
2019-08-27,2019082701004705,MLBL,42,47,100,208.00,"20,800.00"
2019-08-27,2019082701004645,MLBL,33,47,100,208.00,"20,800.00"
2019-08-27,2019082701004456,MLBL,33,8,"1,647",208.00,"342,576.00"
2019-08-27,2019082701004451,MLBL,45,8,100,208.00,"20,800.00"
2019-08-27,2019082701004420,MLBL,48,8,253,208.00,"52,624.00"
2019-08-27,2019082701004419,MLBL,48,17,97,208.00,"20,176.00"
2019-08-27,2019082701004748,MNBBL,44,59,91,329.00,"29,939.00"
2019-08-27,2019082701004402,MNBBL,14,59,20,329.00,"6,580.00"
2019-08-27,2019082701004359,MNBBL,34,59,175,329.00,"57,575.00"
2019-08-27,2019082701004328,MNBBL,34,59,265,329.00,"87,185.00"
2019-08-27,2019082701004327,MNBBL,34,44,40,329.00,"13,160.00"
2019-08-27,2019082701004326,MNBBL,34,39,73,329.00,"24,017.00"
2019-08-27,2019082701004325,MNBBL,34,39,122,329.00,"40,138.00"
2019-08-27,2019082701004672,NABIL,41,14,42,776.00,"32,592.00"
2019-08-27,2019082701004638,NABIL,22,32,462,777.00,"358,974.00"
2019-08-27,2019082701004625,NABIL,44,32,38,777.00,"29,526.00"
2019-08-27,2019082701004352,NABIL,41,52,130,776.00,"100,880.00"
2019-08-27,2019082701004351,NABIL,54,52,25,777.00,"19,425.00"
2019-08-27,2019082701004350,NABIL,43,52,84,777.00,"65,268.00"
2019-08-27,2019082701004348,NABIL,43,46,16,777.00,"12,432.00"
2019-08-27,2019082701004761,NADEP,43,38,200,468.00,"93,600.00"
2019-08-27,2019082701004631,NADEP,48,39,50,475.00,"23,750.00"
2019-08-27,2019082701004406,NADEP,36,7,20,476.00,"9,520.00"
2019-08-27,2019082701004313,NADEP,36,46,20,476.00,"9,520.00"
2019-08-27,2019082701004755,NBB,21,39,25,214.00,"5,350.00"
2019-08-27,2019082701004565,NBB,34,35,408,213.00,"86,904.00"
2019-08-27,2019082701004564,NBB,56,35,92,214.00,"19,688.00"
2019-08-27,2019082701004346,NBB,56,49,200,214.00,"42,800.00"
2019-08-27,2019082701004776,NBL,41,4,290,324.00,"93,960.00"
2019-08-27,2019082701004775,NBL,41,33,210,324.00,"68,040.00"
2019-08-27,2019082701004582,NBL,42,13,20,324.00,"6,480.00"
2019-08-27,2019082701004559,NBL,32,13,100,324.00,"32,400.00"
2019-08-27,2019082701004428,NBL,28,13,300,324.00,"97,200.00"
2019-08-27,2019082701004355,NBL,41,13,500,324.00,"162,000.00"
2019-08-27,2019082701004499,NCCB,58,44,10,205.00,"2,050.00"
2019-08-27,2019082701004498,NCCB,58,33,30,204.00,"6,120.00"
2019-08-27,2019082701004364,NCCB,25,1,200,204.00,"40,800.00"
2019-08-27,2019082701004309,NCCB,13,33,50,204.00,"10,200.00"
2019-08-27,2019082701004308,NCCB,40,33,120,204.00,"24,480.00"
2019-08-27,2019082701004515,NGPL,1,22,22,112.00,"2,464.00"
2019-08-27,2019082701004360,NHDL,51,52,10,112.00,"1,120.00"
2019-08-27,2019082701004496,NIB,13,14,90,465.00,"41,850.00"
2019-08-27,2019082701004495,NIB,42,14,200,465.00,"93,000.00"
2019-08-27,2019082701004494,NIB,35,14,100,465.00,"46,500.00"
2019-08-27,2019082701004493,NIB,6,14,10,465.00,"4,650.00"
2019-08-27,2019082701004330,NIB,22,33,50,467.00,"23,350.00"
2019-08-27,2019082701004336,NIB,34,33,50,467.00,"23,350.00"
2019-08-27,2019082701004335,NIB,44,33,10,467.00,"4,670.00"
2019-08-27,2019082701004334,NIB,35,33,200,467.00,"93,400.00"
2019-08-27,2019082701004333,NIB,35,33,350,467.00,"163,450.00"
2019-08-27,2019082701004332,NIB,6,33,35,467.00,"16,345.00"
2019-08-27,2019082701004331,NIB,42,33,65,467.00,"30,355.00"
2019-08-27,2019082701004342,NIB,41,33,145,466.00,"67,570.00"
2019-08-27,2019082701004341,NIB,46,33,100,466.00,"46,600.00"
2019-08-27,2019082701004340,NIB,41,33,50,466.00,"23,300.00"
2019-08-27,2019082701004339,NIB,47,33,100,466.00,"46,600.00"
2019-08-27,2019082701004338,NIB,26,33,500,466.00,"233,000.00"
2019-08-27,2019082701004337,NIB,5,33,100,466.00,"46,600.00"
2019-08-27,2019082701004372,NIB,55,52,98,465.00,"45,570.00"
2019-08-27,2019082701004371,NIB,25,52,66,465.00,"30,690.00"
2019-08-27,2019082701004370,NIB,54,52,100,465.00,"46,500.00"
2019-08-27,2019082701004369,NIB,54,52,50,466.00,"23,300.00"
2019-08-27,2019082701004368,NIB,41,52,55,466.00,"25,630.00"
2019-08-27,2019082701004492,NIB,19,14,50,465.00,"23,250.00"
2019-08-27,2019082701004491,NIB,22,14,40,465.00,"18,600.00"
2019-08-27,2019082701004490,NIB,26,14,25,465.00,"11,625.00"
2019-08-27,2019082701004489,NIB,6,14,50,465.00,"23,250.00"
2019-08-27,2019082701004488,NIB,54,14,200,465.00,"93,000.00"
2019-08-27,2019082701004643,NIBPO,52,28,102,431.00,"43,962.00"
2019-08-27,2019082701004612,NIBPO,52,25,45,430.00,"19,350.00"
2019-08-27,2019082701004611,NIBPO,38,25,100,430.00,"43,000.00"
2019-08-27,2019082701004767,NICA,1,4,867,448.00,"388,416.00"
2019-08-27,2019082701004766,NICA,33,4,100,448.00,"44,800.00"
2019-08-27,2019082701004765,NICA,41,4,33,448.00,"14,784.00"
2019-08-27,2019082701004751,NICA,41,59,250,448.00,"112,000.00"
2019-08-27,2019082701004666,NICA,41,4,217,448.00,"97,216.00"
2019-08-27,2019082701004665,NICA,38,4,111,448.00,"49,728.00"
2019-08-27,2019082701004648,NICA,48,4,322,448.00,"144,256.00"
2019-08-27,2019082701004632,NICA,48,4,500,448.00,"224,000.00"
2019-08-27,2019082701004455,NICA,33,4,500,449.00,"224,500.00"
2019-08-27,2019082701004424,NICA,34,6,200,449.00,"89,800.00"
2019-08-27,2019082701004376,NICA,48,52,125,448.00,"56,000.00"
2019-08-27,2019082701004664,NICA,17,4,100,448.00,"44,800.00"
2019-08-27,2019082701004663,NICA,57,4,50,448.00,"22,400.00"
2019-08-27,2019082701004662,NICA,46,4,100,448.00,"44,800.00"
2019-08-27,2019082701004661,NICA,36,4,100,448.00,"44,800.00"
2019-08-27,2019082701004660,NICA,6,4,322,448.00,"144,256.00"
2019-08-27,2019082701004649,NICA,6,4,678,448.00,"303,744.00"
2019-08-27,2019082701004604,NICGF,35,22,200,9.75,"1,950.00"
2019-08-27,2019082701004314,NICL,29,35,460,290.00,"133,400.00"
2019-08-27,2019082701004458,NIL,34,11,"1,910",395.00,"754,450.00"
2019-08-27,2019082701004555,NLBBL,49,43,50,561.00,"28,050.00"
2019-08-27,2019082701004653,NLG,58,41,102,609.00,"62,118.00"
2019-08-27,2019082701004652,NLG,45,41,18,610.00,"10,980.00"
2019-08-27,2019082701004737,NLIC,39,4,50,843.00,"42,150.00"
2019-08-27,2019082701004572,NLIC,13,10,43,842.00,"36,206.00"
2019-08-27,2019082701004538,NLIC,6,4,77,840.00,"64,680.00"
2019-08-27,2019082701004537,NLIC,59,4,53,840.00,"44,520.00"
2019-08-27,2019082701004516,NLIC,33,10,50,842.00,"42,100.00"
2019-08-27,2019082701004431,NLIC,44,4,452,842.00,"380,584.00"
2019-08-27,2019082701004430,NLIC,56,4,30,842.00,"25,260.00"
2019-08-27,2019082701004429,NLIC,6,4,18,842.00,"15,156.00"
2019-08-27,2019082701004373,NLIC,56,46,20,842.00,"16,840.00"
2019-08-27,2019082701004400,NLICL,25,41,86,550.00,"47,300.00"
2019-08-27,2019082701004399,NLICL,7,41,61,550.00,"33,550.00"
2019-08-27,2019082701004562,NMBMF,19,57,30,"1,063.00","31,890.00"
2019-08-27,2019082701004561,NMBMF,34,57,10,"1,065.00","10,650.00"
2019-08-27,2019082701004556,NMBMF,13,32,10,"1,070.00","10,700.00"
2019-08-27,2019082701004549,NMBMF,13,32,10,"1,070.00","10,700.00"
2019-08-27,2019082701004526,NMBMF,13,32,10,"1,070.00","10,700.00"
2019-08-27,2019082701004448,NMBMF,11,32,70,"1,070.00","74,900.00"
2019-08-27,2019082701004421,NTC,33,47,10,670.00,"6,700.00"
2019-08-27,2019082701004457,PFL,42,18,13,133.00,"1,729.00"
2019-08-27,2019082701004417,PFL,42,18,13,133.00,"1,729.00"
2019-08-27,2019082701004630,PIC,29,53,10,424.00,"4,240.00"
2019-08-27,2019082701004629,PIC,45,53,20,424.00,"8,480.00"
2019-08-27,2019082701004628,PIC,39,53,14,424.00,"5,936.00"
2019-08-27,2019082701004627,PIC,17,53,40,424.00,"16,960.00"
2019-08-27,2019082701004626,PIC,25,53,25,425.00,"10,625.00"
2019-08-27,2019082701004554,PIC,25,21,25,425.00,"10,625.00"
2019-08-27,2019082701004553,PIC,6,21,75,425.00,"31,875.00"
2019-08-27,2019082701004382,PIC,6,7,125,425.00,"53,125.00"
2019-08-27,2019082701004381,PIC,58,7,20,425.00,"8,500.00"
2019-08-27,2019082701004387,PICL,38,7,80,453.00,"36,240.00"
2019-08-27,2019082701004386,PICL,25,7,100,454.00,"45,400.00"
2019-08-27,2019082701004385,PICL,56,7,100,454.00,"45,400.00"
2019-08-27,2019082701004384,PICL,58,7,20,455.00,"9,100.00"
2019-08-27,2019082701004284,PICL,58,11,80,455.00,"36,400.00"
2019-08-27,2019082701004732,PMHPL,16,49,10,99.00,990.00
2019-08-27,2019082701004375,PMHPL,16,16,10,99.00,990.00
2019-08-27,2019082701004324,PMHPL,16,49,10,99.00,990.00
2019-08-27,2019082701004743,PPCL,32,49,30,102.00,"3,060.00"
2019-08-27,2019082701004588,PPCL,32,41,10,102.00,"1,020.00"
2019-08-27,2019082701004513,PPCL,32,41,10,102.00,"1,020.00"
2019-08-27,2019082701004379,PPCL,32,52,30,102.00,"3,060.00"
2019-08-27,2019082701004374,PPCL,32,39,10,102.00,"1,020.00"
2019-08-27,2019082701004363,PPCL,32,16,10,102.00,"1,020.00"
2019-08-27,2019082701004552,PRIN,22,32,110,341.00,"37,510.00"
2019-08-27,2019082701004634,PRVU,41,51,46,266.00,"12,236.00"
2019-08-27,2019082701004633,PRVU,22,51,454,266.00,"120,764.00"
2019-08-27,2019082701004578,PRVU,26,33,250,267.00,"66,750.00"
2019-08-27,2019082701004577,PRVU,26,33,750,267.00,"200,250.00"
2019-08-27,2019082701004439,PRVU,28,33,250,267.00,"66,750.00"
2019-08-27,2019082701004293,PRVU,39,33,"1,500",267.00,"400,500.00"
2019-08-27,2019082701004752,RADHI,6,49,11,138.00,"1,518.00"
2019-08-27,2019082701004735,RHPL,35,58,10,190.00,"1,900.00"
2019-08-27,2019082701004708,RHPL,35,59,40,190.00,"7,600.00"
2019-08-27,2019082701004700,RHPL,35,59,30,190.00,"5,700.00"
2019-08-27,2019082701004699,RHPL,34,59,10,190.00,"1,900.00"
2019-08-27,2019082701004668,RHPL,34,22,20,190.00,"3,800.00"
2019-08-27,2019082701004659,RHPL,34,26,40,190.00,"7,600.00"
2019-08-27,2019082701004357,RHPL,56,21,50,189.00,"9,450.00"
2019-08-27,2019082701004347,RHPL,56,21,40,189.00,"7,560.00"
2019-08-27,2019082701004343,RHPL,56,16,40,189.00,"7,560.00"
2019-08-27,2019082701004502,RHPL,34,47,40,190.00,"7,600.00"
2019-08-27,2019082701004501,RHPL,34,47,50,190.00,"9,500.00"
2019-08-27,2019082701004427,RHPL,33,41,150,189.00,"28,350.00"
2019-08-27,2019082701004426,RHPL,56,41,290,189.00,"54,810.00"
2019-08-27,2019082701004397,RHPL,56,58,40,189.00,"7,560.00"
2019-08-27,2019082701004367,RHPL,56,58,40,189.00,"7,560.00"
2019-08-27,2019082701004600,RHPL,41,16,20,191.00,"3,820.00"
2019-08-27,2019082701004589,RHPL,34,57,40,190.00,"7,600.00"
2019-08-27,2019082701004575,RHPL,34,57,30,190.00,"5,700.00"
2019-08-27,2019082701004535,RHPL,34,57,40,190.00,"7,600.00"
2019-08-27,2019082701004533,RHPL,34,22,20,190.00,"3,800.00"
2019-08-27,2019082701004506,RHPL,34,22,40,190.00,"7,600.00"
2019-08-27,2019082701004654,RHPL,34,26,40,190.00,"7,600.00"
2019-08-27,2019082701004644,RHPL,34,26,40,190.00,"7,600.00"
2019-08-27,2019082701004616,RHPL,34,26,40,190.00,"7,600.00"
2019-08-27,2019082701004613,RHPL,34,57,30,190.00,"5,700.00"
2019-08-27,2019082701004603,RHPL,34,41,10,190.00,"1,900.00"
2019-08-27,2019082701004601,RHPL,34,46,10,190.00,"1,900.00"
2019-08-27,2019082701004763,RRHP,56,49,10,104.00,"1,040.00"
2019-08-27,2019082701004294,RSDC,8,56,61,353.00,"21,533.00"
2019-08-27,2019082701004688,SANIMA,44,40,129,352.00,"45,408.00"
2019-08-27,2019082701004762,SBI,52,58,272,448.00,"121,856.00"
2019-08-27,2019082701004728,SBI,34,58,728,448.00,"326,144.00"
2019-08-27,2019082701004505,SBI,34,25,400,448.00,"179,200.00"
2019-08-27,2019082701004465,SBI,34,22,20,448.00,"8,960.00"
2019-08-27,2019082701004437,SBI,34,52,205,448.00,"91,840.00"
2019-08-27,2019082701004435,SBI,34,25,100,448.00,"44,800.00"
2019-08-27,2019082701004401,SBI,34,22,443,448.00,"198,464.00"
2019-08-27,2019082701004389,SBI,34,52,104,448.00,"46,592.00"
2019-08-27,2019082701004544,SBL,52,35,200,316.00,"63,200.00"
2019-08-27,2019082701004543,SBL,52,1,100,316.00,"31,600.00"
2019-08-27,2019082701004542,SBL,52,38,990,316.00,"312,840.00"
2019-08-27,2019082701004721,SCB,44,42,47,635.00,"29,845.00"
2019-08-27,2019082701004405,SDESI,40,29,23,642.00,"14,766.00"
2019-08-27,2019082701004398,SDESI,40,29,27,642.00,"17,334.00"
2019-08-27,2019082701004740,SHINE,58,57,70,245.00,"17,150.00"
2019-08-27,2019082701004701,SHIVM,40,53,25,577.00,"14,425.00"
2019-08-27,2019082701004683,SHIVM,51,28,10,576.00,"5,760.00"
2019-08-27,2019082701004739,SHL,49,17,100,230.00,"23,000.00"
2019-08-27,2019082701004536,SHL,22,17,100,230.00,"23,000.00"
2019-08-27,2019082701004771,SHPC,22,19,100,220.00,"22,000.00"
2019-08-27,2019082701004438,SIL,38,22,154,415.00,"63,910.00"
2019-08-27,2019082701004754,SJCL,21,8,20,208.00,"4,160.00"
2019-08-27,2019082701004745,SJCL,21,8,20,208.00,"4,160.00"
2019-08-27,2019082701004738,SJCL,21,8,20,208.00,"4,160.00"
2019-08-27,2019082701004729,SJCL,21,8,20,208.00,"4,160.00"
2019-08-27,2019082701004723,SJCL,21,58,10,208.00,"2,080.00"
2019-08-27,2019082701004718,SJCL,21,59,20,208.00,"4,160.00"
2019-08-27,2019082701004317,SJCL,40,21,10,209.00,"2,090.00"
2019-08-27,2019082701004306,SJCL,40,21,20,209.00,"4,180.00"
2019-08-27,2019082701004295,SJCL,40,21,20,209.00,"4,180.00"
2019-08-27,2019082701004358,SJCL,40,46,10,208.00,"2,080.00"
2019-08-27,2019082701004349,SJCL,40,16,20,208.00,"4,160.00"
2019-08-27,2019082701004345,SJCL,40,21,20,208.00,"4,160.00"
2019-08-27,2019082701004323,SJCL,3,45,180,209.00,"37,620.00"
2019-08-27,2019082701004322,SJCL,3,46,10,209.00,"2,090.00"
2019-08-27,2019082701004318,SJCL,3,21,10,209.00,"2,090.00"
2019-08-27,2019082701004447,SJCL,21,8,20,208.00,"4,160.00"
2019-08-27,2019082701004388,SJCL,21,46,10,208.00,"2,080.00"
2019-08-27,2019082701004378,SJCL,21,58,20,208.00,"4,160.00"
2019-08-27,2019082701004362,SJCL,21,21,20,208.00,"4,160.00"
2019-08-27,2019082701004361,SJCL,21,57,10,208.00,"2,080.00"
2019-08-27,2019082701004525,SJCL,21,22,10,208.00,"2,080.00"
2019-08-27,2019082701004519,SJCL,21,8,20,208.00,"4,160.00"
2019-08-27,2019082701004514,SJCL,21,8,20,208.00,"4,160.00"
2019-08-27,2019082701004507,SJCL,21,8,20,208.00,"4,160.00"
2019-08-27,2019082701004487,SJCL,21,8,20,208.00,"4,160.00"
2019-08-27,2019082701004453,SJCL,21,8,20,208.00,"4,160.00"
2019-08-27,2019082701004558,SJCL,21,57,20,208.00,"4,160.00"
2019-08-27,2019082701004551,SJCL,21,8,20,208.00,"4,160.00"
2019-08-27,2019082701004539,SJCL,21,8,10,208.00,"2,080.00"
2019-08-27,2019082701004534,SJCL,21,22,20,208.00,"4,160.00"
2019-08-27,2019082701004530,SJCL,21,8,10,208.00,"2,080.00"
2019-08-27,2019082701004527,SJCL,21,57,20,208.00,"4,160.00"
2019-08-27,2019082701004623,SJCL,21,57,20,208.00,"4,160.00"
2019-08-27,2019082701004614,SJCL,21,41,10,208.00,"2,080.00"
2019-08-27,2019082701004587,SJCL,21,8,20,208.00,"4,160.00"
2019-08-27,2019082701004581,SJCL,21,57,20,208.00,"4,160.00"
2019-08-27,2019082701004573,SJCL,21,8,20,208.00,"4,160.00"
2019-08-27,2019082701004563,SJCL,21,8,20,208.00,"4,160.00"
2019-08-27,2019082701004680,SJCL,21,8,20,208.00,"4,160.00"
2019-08-27,2019082701004679,SJCL,21,22,10,208.00,"2,080.00"
2019-08-27,2019082701004671,SJCL,21,8,20,208.00,"4,160.00"
2019-08-27,2019082701004658,SJCL,21,8,20,208.00,"4,160.00"
2019-08-27,2019082701004642,SJCL,21,8,20,208.00,"4,160.00"
2019-08-27,2019082701004635,SJCL,21,8,20,208.00,"4,160.00"
2019-08-27,2019082701004711,SJCL,21,26,20,208.00,"4,160.00"
2019-08-27,2019082701004702,SJCL,21,26,20,208.00,"4,160.00"
2019-08-27,2019082701004697,SJCL,21,8,20,208.00,"4,160.00"
2019-08-27,2019082701004690,SJCL,21,26,10,208.00,"2,080.00"
2019-08-27,2019082701004685,SJCL,21,8,20,208.00,"4,160.00"
2019-08-27,2019082701004684,SJCL,21,26,10,208.00,"2,080.00"
2019-08-27,2019082701004621,SLBBL,29,13,68,570.00,"38,760.00"
2019-08-27,2019082701004620,SLBBL,33,13,20,570.00,"11,400.00"
2019-08-27,2019082701004619,SLBBL,38,13,12,571.00,"6,852.00"
2019-08-27,2019082701004605,SLBBL,38,39,70,571.00,"39,970.00"
2019-08-27,2019082701004774,SLBSL,52,49,10,758.00,"7,580.00"
2019-08-27,2019082701004772,SLBSL,11,11,10,759.00,"7,590.00"
2019-08-27,2019082701004682,SLBSL,11,11,10,759.00,"7,590.00"
2019-08-27,2019082701004390,SLBSL,38,25,90,760.00,"68,400.00"
2019-08-27,2019082701004380,SLBSL,38,17,10,760.00,"7,600.00"
2019-08-27,2019082701004353,SLBSL,38,5,50,766.00,"38,300.00"
2019-08-27,2019082701004302,SLBSL,38,5,50,766.00,"38,300.00"
2019-08-27,2019082701004301,SLBSL,7,25,50,755.00,"37,750.00"
2019-08-27,2019082701004300,SLBSL,52,25,220,755.00,"166,100.00"
2019-08-27,2019082701004548,SLICL,34,32,45,291.00,"13,095.00"
2019-08-27,2019082701004356,SLICL,39,42,100,292.00,"29,200.00"
2019-08-27,2019082701004602,SMATA,6,11,27,"1,365.00","36,855.00"
2019-08-27,2019082701004686,SMFBS,34,58,10,812.00,"8,120.00"
2019-08-27,2019082701004650,SMFBS,34,7,50,812.00,"40,600.00"
2019-08-27,2019082701004599,SMFBS,34,57,10,812.00,"8,120.00"
2019-08-27,2019082701004566,SMFBS,34,25,10,812.00,"8,120.00"
2019-08-27,2019082701004297,SMFBS,34,32,10,812.00,"8,120.00"
2019-08-27,2019082701004696,SMFDB,51,10,50,555.00,"27,750.00"
2019-08-27,2019082701004695,SMFDB,45,10,10,556.00,"5,560.00"
2019-08-27,2019082701004694,SMFDB,55,10,50,556.00,"27,800.00"
2019-08-27,2019082701004693,SMFDB,21,10,13,556.00,"7,228.00"
2019-08-27,2019082701004692,SMFDB,41,10,10,560.00,"5,600.00"
2019-08-27,2019082701004598,SPARS,38,39,50,597.00,"29,850.00"
2019-08-27,2019082701004528,SPARS,38,41,10,597.00,"5,970.00"
2019-08-27,2019082701004434,SPARS,18,7,10,598.00,"5,980.00"
2019-08-27,2019082701004422,SPARS,18,7,10,598.00,"5,980.00"
2019-08-27,2019082701004415,SPARS,18,7,10,598.00,"5,980.00"
2019-08-27,2019082701004407,SPARS,18,7,10,598.00,"5,980.00"
2019-08-27,2019082701004395,SPARS,18,52,10,598.00,"5,980.00"
2019-08-27,2019082701004726,SRBL,45,43,400,232.00,"92,800.00"
2019-08-27,2019082701004725,SRBL,45,49,95,232.00,"22,040.00"
2019-08-27,2019082701004689,SRBL,45,49,"1,000",232.00,"232,000.00"
2019-08-27,2019082701004411,SRBL,14,49,20,232.00,"4,640.00"
2019-08-27,2019082701004377,SRBL,6,49,500,232.00,"116,000.00"
2019-08-27,2019082701004675,SWBBL,28,21,57,933.00,"53,181.00"
2019-08-27,2019082701004647,SWBBL,7,16,150,934.00,"140,100.00"
2019-08-27,2019082701004641,SWBBL,28,22,50,933.00,"46,650.00"
2019-08-27,2019082701004640,SWBBL,28,40,71,932.00,"66,172.00"
2019-08-27,2019082701004639,SWBBL,28,21,22,930.00,"20,460.00"
2019-08-27,2019082701004715,TRH,44,4,942,300.00,"282,600.00"
2019-08-27,2019082701004714,TRH,19,4,150,300.00,"45,000.00"
2019-08-27,2019082701004713,TRH,44,4,150,300.00,"45,000.00"
2019-08-27,2019082701004712,TRH,22,4,50,301.00,"15,050.00"
2019-08-27,2019082701004580,UFL,32,28,200,180.00,"36,000.00"
2019-08-27,2019082701004404,UNHPL,25,52,50,58.00,"2,900.00"
2019-08-27,2019082701004500,UPCL,7,49,50,78.00,"3,900.00"
2019-08-27,2019082701004414,UPCL,7,52,60,78.00,"4,680.00"
2019-08-27,2019082701004736,UPPER,44,34,40,250.00,"10,000.00"
2019-08-27,2019082701004703,UPPER,44,58,40,250.00,"10,000.00"
2019-08-27,2019082701004418,UPPER,6,22,460,251.00,"115,460.00"
2019-08-27,2019082701004391,UPPER,6,6,40,251.00,"10,040.00"
2019-08-27,2019082701004307,UPPER,44,58,50,250.00,"12,500.00"
2019-08-27,2019082701004320,VLBS,54,46,13,583.00,"7,579.00"
2019-08-27,2019082701004049,ADBL,50,49,136,426.00,"57,936.00"
2019-08-27,2019082701004048,ADBL,52,49,500,426.00,"213,000.00"
2019-08-27,2019082701003857,ADBL,42,4,50,427.00,"21,350.00"
2019-08-27,2019082701003856,ADBL,25,4,200,427.00,"85,400.00"
2019-08-27,2019082701003855,ADBL,34,4,168,427.00,"71,736.00"
2019-08-27,2019082701003938,AKJCL,7,51,10,63.00,630.00
2019-08-27,2019082701004143,AKPL,57,49,95,155.00,"14,725.00"
2019-08-27,2019082701003998,AKPL,48,49,318,155.00,"49,290.00"
2019-08-27,2019082701003925,AKPL,48,49,71,155.00,"11,005.00"
2019-08-27,2019082701003874,AKPL,48,36,13,155.00,"2,015.00"
2019-08-27,2019082701003867,AKPL,36,49,13,156.00,"2,028.00"
2019-08-27,2019082701004012,ALBSL,42,46,10,450.00,"4,500.00"
2019-08-27,2019082701003974,ALBSL,42,41,10,450.00,"4,500.00"
2019-08-27,2019082701003911,ALBSL,42,16,10,450.00,"4,500.00"
2019-08-27,2019082701003786,ALBSL,42,25,40,450.00,"18,000.00"
2019-08-27,2019082701003785,ALBSL,45,25,100,451.00,"45,100.00"
2019-08-27,2019082701003784,ALBSL,18,25,40,452.00,"18,080.00"
2019-08-27,2019082701004253,ALICL,35,18,59,338.00,"19,942.00"
2019-08-27,2019082701004245,ALICL,45,18,50,342.00,"17,100.00"
2019-08-27,2019082701004237,ALICL,45,18,20,342.00,"6,840.00"
2019-08-27,2019082701004247,API,22,1,10,127.00,"1,270.00"
2019-08-27,2019082701003976,API,35,1,10,127.00,"1,270.00"
2019-08-27,2019082701003801,API,25,1,17,127.00,"2,159.00"
2019-08-27,2019082701003957,BFC,34,49,250,94.00,"23,500.00"
2019-08-27,2019082701004244,BOKL,14,52,68,257.00,"17,476.00"
2019-08-27,2019082701004243,BOKL,16,52,69,257.00,"17,733.00"
2019-08-27,2019082701004231,BOKL,22,51,20,258.00,"5,160.00"
2019-08-27,2019082701003890,BOKL,16,11,231,257.00,"59,367.00"
2019-08-27,2019082701003889,BOKL,32,11,500,257.00,"128,500.00"
2019-08-27,2019082701003888,BOKL,18,11,200,257.00,"51,400.00"
2019-08-27,2019082701003887,BOKL,36,11,69,257.00,"17,733.00"
2019-08-27,2019082701003827,BOKL,36,37,931,257.00,"239,267.00"
2019-08-27,2019082701003826,BOKL,34,37,69,257.00,"17,733.00"
2019-08-27,2019082701004105,BOKL,16,49,200,257.00,"51,400.00"
2019-08-27,2019082701004220,BPCL,22,38,27,385.00,"10,395.00"
2019-08-27,2019082701004219,BPCL,54,38,80,386.00,"30,880.00"
2019-08-27,2019082701004218,BPCL,7,38,130,387.00,"50,310.00"
2019-08-27,2019082701004217,BPCL,7,38,115,387.00,"44,505.00"
2019-08-27,2019082701004216,BPCL,11,38,48,387.00,"18,576.00"
2019-08-27,2019082701003903,CBBL,34,45,40,985.00,"39,400.00"
2019-08-27,2019082701003902,CBBL,6,45,50,985.00,"49,250.00"
2019-08-27,2019082701003901,CBBL,19,45,20,985.00,"19,700.00"
2019-08-27,2019082701003900,CBBL,26,45,100,986.00,"98,600.00"
2019-08-27,2019082701004246,CBL,6,7,"1,159",146.00,"169,214.00"
2019-08-27,2019082701004228,CBL,6,38,500,146.00,"73,000.00"
2019-08-27,2019082701004227,CBL,6,32,341,146.00,"49,786.00"
2019-08-27,2019082701004226,CBL,56,32,100,146.00,"14,600.00"
2019-08-27,2019082701004225,CBL,21,32,50,146.00,"7,300.00"
2019-08-27,2019082701004224,CBL,34,32,428,146.00,"62,488.00"
2019-08-27,2019082701004126,CBL,59,59,3,146.00,438.00
2019-08-27,2019082701004100,CBL,34,59,227,146.00,"33,142.00"
2019-08-27,2019082701003840,CBL,34,36,31,146.00,"4,526.00"
2019-08-27,2019082701003833,CBL,36,32,31,147.00,"4,557.00"
2019-08-27,2019082701004271,CCBL,49,52,180,157.00,"28,260.00"
2019-08-27,2019082701004270,CCBL,36,52,128,157.00,"20,096.00"
2019-08-27,2019082701004250,CCBL,36,22,500,157.00,"78,500.00"
2019-08-27,2019082701004180,CCBL,6,46,50,158.00,"7,900.00"
2019-08-27,2019082701004214,CEFL,44,6,71,110.00,"7,810.00"
2019-08-27,2019082701004206,CEFL,42,6,90,111.00,"9,990.00"
2019-08-27,2019082701004193,CHCL,28,56,"1,000",447.00,"447,000.00"
2019-08-27,2019082701003799,CHCL,22,38,37,446.00,"16,502.00"
2019-08-27,2019082701003798,CHCL,20,38,50,447.00,"22,350.00"
2019-08-27,2019082701003797,CHCL,51,38,13,447.00,"5,811.00"
2019-08-27,2019082701004110,CIT,41,59,20,"2,390.00","47,800.00"
2019-08-27,2019082701004109,CIT,22,59,10,"2,390.00","23,900.00"
2019-08-27,2019082701004026,CIT,41,59,40,"2,392.00","95,680.00"
2019-08-27,2019082701004025,CIT,7,59,20,"2,393.00","47,860.00"
2019-08-27,2019082701003819,CIT,50,33,100,"2,400.00","240,000.00"
2019-08-27,2019082701004076,CZBIL,45,43,430,218.00,"93,740.00"
2019-08-27,2019082701004075,CZBIL,21,43,500,218.00,"109,000.00"
2019-08-27,2019082701004074,CZBIL,39,43,100,218.00,"21,800.00"
2019-08-27,2019082701004073,CZBIL,3,43,50,218.00,"10,900.00"
2019-08-27,2019082701004072,CZBIL,14,43,100,218.00,"21,800.00"
2019-08-27,2019082701004071,CZBIL,29,43,24,218.00,"5,232.00"
2019-08-27,2019082701004148,DBBL,49,45,89,134.00,"11,926.00"
2019-08-27,2019082701003807,DBBL,25,1,200,134.00,"26,800.00"
2019-08-27,2019082701003806,DBBL,6,1,100,134.00,"13,400.00"
2019-08-27,2019082701004005,DDBL,52,33,100,740.00,"74,000.00"
2019-08-27,2019082701004004,DDBL,42,33,500,740.00,"370,000.00"
2019-08-27,2019082701004003,DDBL,28,33,324,740.00,"239,760.00"
2019-08-27,2019082701004002,DDBL,52,33,200,741.00,"148,200.00"
2019-08-27,2019082701004067,EBL,1,49,100,650.00,"65,000.00"
2019-08-27,2019082701003790,EBL,57,47,50,650.00,"32,500.00"
2019-08-27,2019082701004208,FMDBL,51,4,153,387.00,"59,211.00"
2019-08-27,2019082701004207,FMDBL,25,4,47,387.00,"18,189.00"
2019-08-27,2019082701003973,FMDBL,25,58,153,387.00,"59,211.00"
2019-08-27,2019082701003972,FMDBL,19,58,20,388.00,"7,760.00"
2019-08-27,2019082701003802,FMDBL,25,4,500,388.00,"194,000.00"
2019-08-27,2019082701004042,FOWAD,21,21,2,"1,330.00","2,660.00"
2019-08-27,2019082701004124,GBBL,22,25,30,214.00,"6,420.00"
2019-08-27,2019082701004123,GBBL,58,25,70,214.00,"14,980.00"
2019-08-27,2019082701004136,GBLBS,11,44,10,362.00,"3,620.00"
2019-08-27,2019082701004113,GBLBS,11,11,10,361.00,"3,610.00"
2019-08-27,2019082701004101,GBLBS,11,11,10,361.00,"3,610.00"
2019-08-27,2019082701004022,GLBSL,41,57,10,490.00,"4,900.00"
2019-08-27,2019082701004192,GLICL,39,16,174,440.00,"76,560.00"
2019-08-27,2019082701004039,GLICL,57,26,100,441.00,"44,100.00"
2019-08-27,2019082701004038,GLICL,34,26,55,442.00,"24,310.00"
2019-08-27,2019082701004037,GLICL,45,26,10,444.00,"4,440.00"
2019-08-27,2019082701003843,GLICL,34,44,25,442.00,"11,050.00"
2019-08-27,2019082701003873,GMFBS,39,33,10,544.00,"5,440.00"
2019-08-27,2019082701003872,GMFBS,39,22,10,535.00,"5,350.00"
2019-08-27,2019082701004150,HBL,1,49,100,555.00,"55,500.00"
2019-08-27,2019082701004125,HBL,1,52,30,555.00,"16,650.00"
2019-08-27,2019082701004186,HDL,39,39,40,"1,602.00","64,080.00"
2019-08-27,2019082701004185,HDL,39,32,60,"1,601.00","96,060.00"
2019-08-27,2019082701004139,HIDCL,38,21,300,146.00,"43,800.00"
2019-08-27,2019082701003922,HIDCL,36,21,195,146.00,"28,470.00"
2019-08-27,2019082701003921,HIDCL,36,36,92,145.00,"13,340.00"
2019-08-27,2019082701003913,HIDCL,26,36,100,145.00,"14,500.00"
2019-08-27,2019082701003912,HIDCL,22,36,95,145.00,"13,775.00"
2019-08-27,2019082701003818,HPPL,38,35,20,148.00,"2,960.00"
2019-08-27,2019082701003800,HPPL,38,35,10,148.00,"1,480.00"
2019-08-27,2019082701004203,HURJA,11,34,20,126.00,"2,520.00"
2019-08-27,2019082701004196,HURJA,11,22,20,125.00,"2,500.00"
2019-08-27,2019082701004195,HURJA,11,1,20,124.00,"2,480.00"
2019-08-27,2019082701004194,HURJA,11,41,20,124.00,"2,480.00"
2019-08-27,2019082701003830,HURJA,7,35,20,123.00,"2,460.00"
2019-08-27,2019082701004164,ILBS,38,36,10,457.00,"4,570.00"
2019-08-27,2019082701004130,ILBS,38,8,10,457.00,"4,570.00"
2019-08-27,2019082701004082,ILBS,38,46,10,457.00,"4,570.00"
2019-08-27,2019082701004078,ILBS,38,20,10,457.00,"4,570.00"
2019-08-27,2019082701003834,ILBS,45,6,30,460.00,"13,800.00"
2019-08-27,2019082701004169,JBBL,17,39,695,161.00,"111,895.00"
2019-08-27,2019082701004112,JBBL,38,1,100,161.00,"16,100.00"
2019-08-27,2019082701003999,JBBL,38,56,51,161.00,"8,211.00"
2019-08-27,2019082701003796,JBBL,38,18,271,161.00,"43,631.00"
2019-08-27,2019082701004272,JOSHI,22,57,20,67.00,"1,340.00"
2019-08-27,2019082701003949,JOSHI,22,51,20,67.00,"1,340.00"
2019-08-27,2019082701004184,KBL,49,52,25,202.00,"5,050.00"
2019-08-27,2019082701003987,KBL,8,33,200,201.00,"40,200.00"
2019-08-27,2019082701003986,KBL,22,33,100,201.00,"20,100.00"
2019-08-27,2019082701003985,KBL,16,33,20,201.00,"4,020.00"
2019-08-27,2019082701003984,KBL,16,33,"1,000",201.00,"201,000.00"
2019-08-27,2019082701003983,KBL,43,33,100,201.00,"20,100.00"
2019-08-27,2019082701003904,KBL,35,52,100,202.00,"20,200.00"
2019-08-27,2019082701003982,KBL,32,33,"1,000",201.00,"201,000.00"
2019-08-27,2019082701003981,KBL,34,33,100,201.00,"20,100.00"
2019-08-27,2019082701003980,KBL,32,33,"1,000",201.00,"201,000.00"
2019-08-27,2019082701003979,KBL,32,33,500,201.00,"100,500.00"
2019-08-27,2019082701003978,KBL,40,33,500,201.00,"100,500.00"
2019-08-27,2019082701003977,KBL,56,33,500,202.00,"101,000.00"
2019-08-27,2019082701004204,KPCL,19,22,530,82.00,"43,460.00"
2019-08-27,2019082701003917,KPCL,59,1,110,81.00,"8,910.00"
2019-08-27,2019082701003971,KPCL,39,41,10,83.00,830.00
2019-08-27,2019082701003970,KPCL,39,41,10,83.00,830.00
2019-08-27,2019082701003969,KPCL,39,41,10,83.00,830.00
2019-08-27,2019082701003959,KPCL,39,54,10,82.00,820.00
2019-08-27,2019082701003958,KPCL,39,5,10,81.00,810.00
2019-08-27,2019082701004202,LBBL,41,22,50,177.00,"8,850.00"
2019-08-27,2019082701003839,LBBL,41,33,400,177.00,"70,800.00"
2019-08-27,2019082701003838,LBBL,54,33,100,177.00,"17,700.00"
2019-08-27,2019082701004158,LBL,34,17,67,214.00,"14,338.00"
2019-08-27,2019082701003842,LBL,34,16,144,214.00,"30,816.00"
2019-08-27,2019082701003841,LBL,6,16,20,214.00,"4,280.00"
2019-08-27,2019082701003883,LGIL,22,18,75,388.00,"29,100.00"
2019-08-27,2019082701003880,LGIL,55,18,50,388.00,"19,400.00"
2019-08-27,2019082701003879,LGIL,1,18,50,388.00,"19,400.00"
2019-08-27,2019082701003878,LGIL,14,18,20,388.00,"7,760.00"
2019-08-27,2019082701003877,LGIL,21,18,30,388.00,"11,640.00"
2019-08-27,2019082701004068,LICN,22,35,150,"1,073.00","160,950.00"
2019-08-27,2019082701004028,LICN,22,35,350,"1,073.00","375,550.00"
2019-08-27,2019082701004027,LICN,6,35,50,"1,075.00","53,750.00"
2019-08-27,2019082701003968,LLBS,19,17,10,743.00,"7,430.00"
2019-08-27,2019082701003828,MBL,44,36,220,255.00,"56,100.00"
2019-08-27,2019082701004265,MEGA,44,29,22,199.00,"4,378.00"
2019-08-27,2019082701004257,MEGA,44,59,30,199.00,"5,970.00"
2019-08-27,2019082701004156,MEGA,59,59,200,199.00,"39,800.00"
2019-08-27,2019082701004141,MEGA,26,59,20,199.00,"3,980.00"
2019-08-27,2019082701004140,MEGA,26,59,50,199.00,"9,950.00"
2019-08-27,2019082701004197,MEGA,59,22,100,198.00,"19,800.00"
2019-08-27,2019082701004181,MEGA,59,46,35,198.00,"6,930.00"
2019-08-27,2019082701004059,MERO,55,29,100,561.00,"56,100.00"
2019-08-27,2019082701004058,MERO,26,29,100,561.00,"56,100.00"
2019-08-27,2019082701003860,MERO,19,16,20,565.00,"11,300.00"
2019-08-27,2019082701003789,MFIL,28,35,71,126.00,"8,946.00"
2019-08-27,2019082701003788,MFIL,53,35,150,127.00,"19,050.00"
2019-08-27,2019082701003871,MHNL,59,34,30,95.00,"2,850.00"
2019-08-27,2019082701003870,MHNL,59,1,40,95.00,"3,800.00"
2019-08-27,2019082701004238,MLBL,13,17,100,208.00,"20,800.00"
2019-08-27,2019082701004041,MLBL,49,17,500,208.00,"104,000.00"
2019-08-27,2019082701004019,MLBL,33,17,"1,303",208.00,"271,024.00"
2019-08-27,2019082701004018,MLBL,33,40,"1,000",208.00,"208,000.00"
2019-08-27,2019082701004017,MLBL,33,40,697,208.00,"144,976.00"
2019-08-27,2019082701004281,MNBBL,38,33,127,327.00,"41,529.00"
2019-08-27,2019082701004280,MNBBL,14,33,273,327.00,"89,271.00"
2019-08-27,2019082701004213,MSLB,48,25,26,984.00,"25,584.00"
2019-08-27,2019082701004212,MSLB,48,39,12,984.00,"11,808.00"
2019-08-27,2019082701004178,MSLB,48,47,17,974.00,"16,558.00"
2019-08-27,2019082701004177,MSLB,48,45,20,970.00,"19,400.00"
2019-08-27,2019082701004176,MSLB,39,39,12,969.00,"11,628.00"
2019-08-27,2019082701003939,MSLB,44,44,3,950.00,"2,850.00"
2019-08-27,2019082701003920,MSLB,44,44,3,950.00,"2,850.00"
2019-08-27,2019082701003916,MSLB,44,44,3,950.00,"2,850.00"
2019-08-27,2019082701004138,MSMBS,37,43,40,500.00,"20,000.00"
2019-08-27,2019082701004137,MSMBS,16,43,20,500.00,"10,000.00"
2019-08-27,2019082701004274,NABIL,42,14,16,778.00,"12,448.00"
2019-08-27,2019082701004183,NABIL,17,14,59,778.00,"45,902.00"
2019-08-27,2019082701004174,NABIL,17,8,41,778.00,"31,898.00"
2019-08-27,2019082701004173,NABIL,36,8,39,778.00,"30,342.00"
2019-08-27,2019082701004134,NABIL,36,36,61,778.00,"47,458.00"
2019-08-27,2019082701004047,NABIL,57,34,42,779.00,"32,718.00"
2019-08-27,2019082701004046,NABIL,57,7,10,779.00,"7,790.00"
2019-08-27,2019082701004045,NABIL,57,43,48,779.00,"37,392.00"
2019-08-27,2019082701003907,NABIL,57,34,50,779.00,"38,950.00"
2019-08-27,2019082701003804,NABIL,26,43,18,779.00,"14,022.00"
2019-08-27,2019082701004147,NADEP,36,36,20,476.00,"9,520.00"
2019-08-27,2019082701004132,NADEP,36,36,20,476.00,"9,520.00"
2019-08-27,2019082701004050,NADEP,41,57,40,477.00,"19,080.00"
2019-08-27,2019082701004200,NBB,56,4,250,214.00,"53,500.00"
2019-08-27,2019082701004198,NBB,56,45,100,214.00,"21,400.00"
2019-08-27,2019082701004092,NBB,56,49,358,214.00,"76,612.00"
2019-08-27,2019082701004091,NBB,22,49,50,214.00,"10,700.00"
2019-08-27,2019082701004090,NBB,56,49,92,214.00,"19,688.00"
2019-08-27,2019082701003955,NBB,56,4,18,214.00,"3,852.00"
2019-08-27,2019082701003947,NBB,56,4,"1,000",214.00,"214,000.00"
2019-08-27,2019082701003795,NBB,56,36,150,214.00,"32,100.00"
2019-08-27,2019082701004201,NBL,25,13,30,324.00,"9,720.00"
2019-08-27,2019082701004052,NBL,17,42,100,323.00,"32,300.00"
2019-08-27,2019082701004051,NBL,56,13,50,324.00,"16,200.00"
2019-08-27,2019082701003994,NBL,17,4,635,323.00,"205,105.00"
2019-08-27,2019082701003993,NBL,46,4,200,323.00,"64,600.00"
2019-08-27,2019082701003992,NBL,41,4,165,323.00,"53,295.00"
2019-08-27,2019082701003852,NBL,34,25,100,324.00,"32,400.00"
2019-08-27,2019082701003823,NBL,41,4,835,323.00,"269,705.00"
2019-08-27,2019082701003822,NBL,47,4,165,323.00,"53,295.00"
2019-08-27,2019082701003991,NCCB,40,6,80,204.00,"16,320.00"
2019-08-27,2019082701003946,NCCB,48,35,303,203.00,"61,509.00"
2019-08-27,2019082701003945,NCCB,1,35,500,203.00,"101,500.00"
2019-08-27,2019082701003944,NCCB,34,35,100,203.00,"20,300.00"
2019-08-27,2019082701003943,NCCB,1,35,100,203.00,"20,300.00"
2019-08-27,2019082701003886,NCCB,40,35,200,204.00,"40,800.00"
2019-08-27,2019082701003885,NCCB,48,35,270,204.00,"55,080.00"
2019-08-27,2019082701003884,NCCB,48,55,500,204.00,"102,000.00"
2019-08-27,2019082701003853,NHDL,51,35,10,112.00,"1,120.00"
2019-08-27,2019082701004239,NIB,22,17,25,468.00,"11,700.00"
2019-08-27,2019082701004129,NIB,39,17,100,468.00,"46,800.00"
2019-08-27,2019082701003865,NIB,45,8,13,468.00,"6,084.00"
2019-08-27,2019082701003864,NIB,29,8,92,468.00,"43,056.00"
2019-08-27,2019082701003868,NIBPO,52,4,"1,000",429.00,"429,000.00"
2019-08-27,2019082701004242,NICA,48,4,13,448.00,"5,824.00"
2019-08-27,2019082701004241,NICA,54,4,87,449.00,"39,063.00"
2019-08-27,2019082701004179,NICA,54,4,500,449.00,"224,500.00"
2019-08-27,2019082701004166,NICA,54,17,313,449.00,"140,537.00"
2019-08-27,2019082701004131,NICA,54,1,100,449.00,"44,900.00"
2019-08-27,2019082701003914,NICA,39,4,500,449.00,"224,500.00"
2019-08-27,2019082701003862,NICA,52,17,"1,000",449.00,"449,000.00"
2019-08-27,2019082701003845,NICA,34,6,300,450.00,"135,000.00"
2019-08-27,2019082701004081,NICGF,35,42,"1,500",9.75,"14,625.00"
2019-08-27,2019082701004235,NICL,19,16,100,289.00,"28,900.00"
2019-08-27,2019082701004234,NICL,57,16,100,289.00,"28,900.00"
2019-08-27,2019082701003941,NICL,38,17,50,289.00,"14,450.00"
2019-08-27,2019082701003869,NICL,57,52,245,290.00,"71,050.00"
2019-08-27,2019082701003849,NLBBL,55,47,25,560.00,"14,000.00"
2019-08-27,2019082701003848,NLBBL,35,47,13,560.00,"7,280.00"
2019-08-27,2019082701003837,NLBBL,35,47,37,560.00,"20,720.00"
2019-08-27,2019082701003836,NLBBL,21,47,100,560.00,"56,000.00"
2019-08-27,2019082701004249,NLG,45,17,12,610.00,"7,320.00"
2019-08-27,2019082701004104,NLG,38,45,130,620.00,"80,600.00"
2019-08-27,2019082701004103,NLG,53,45,45,620.00,"27,900.00"
2019-08-27,2019082701004102,NLG,3,45,20,621.00,"12,420.00"
2019-08-27,2019082701004182,NLG,33,45,127,617.00,"78,359.00"
2019-08-27,2019082701004127,NLG,55,45,345,617.00,"212,865.00"
2019-08-27,2019082701004119,NLG,55,45,155,617.00,"95,635.00"
2019-08-27,2019082701004118,NLG,58,45,150,617.00,"92,550.00"
2019-08-27,2019082701004115,NLG,26,41,500,618.00,"309,000.00"
2019-08-27,2019082701004114,NLG,48,41,80,619.00,"49,520.00"
2019-08-27,2019082701004259,NLIC,56,4,473,843.00,"398,739.00"
2019-08-27,2019082701004251,NLIC,36,4,17,843.00,"14,331.00"
2019-08-27,2019082701004232,NLIC,6,36,17,842.00,"14,314.00"
2019-08-27,2019082701003937,NLIC,59,4,147,840.00,"123,480.00"
2019-08-27,2019082701003936,NLIC,56,4,100,840.00,"84,000.00"
2019-08-27,2019082701003935,NLIC,34,4,100,840.00,"84,000.00"
2019-08-27,2019082701003928,NLIC,49,4,14,841.00,"11,774.00"
2019-08-27,2019082701003927,NLIC,45,4,33,842.00,"27,786.00"
2019-08-27,2019082701003861,NLIC,45,35,17,841.00,"14,297.00"
2019-08-27,2019082701003934,NLIC,18,4,20,840.00,"16,800.00"
2019-08-27,2019082701003933,NLIC,35,4,56,840.00,"47,040.00"
2019-08-27,2019082701003932,NLIC,39,4,100,840.00,"84,000.00"
2019-08-27,2019082701003931,NLIC,49,4,100,840.00,"84,000.00"
2019-08-27,2019082701003930,NLIC,33,4,15,841.00,"12,615.00"
2019-08-27,2019082701003929,NLIC,56,4,15,841.00,"12,615.00"
2019-08-27,2019082701004099,NLICL,21,35,200,551.00,"110,200.00"
2019-08-27,2019082701003990,NLICL,8,18,50,552.00,"27,600.00"
2019-08-27,2019082701003989,NLICL,7,18,245,555.00,"135,975.00"
2019-08-27,2019082701004199,NMBHF1,1,16,"3,829",9.65,"36,949.85"
2019-08-27,2019082701004084,NMBMF,21,21,1,"1,071.00","1,071.00"
2019-08-27,2019082701004060,NMBMF,21,21,1,"1,071.00","1,071.00"
2019-08-27,2019082701004160,OHL,44,39,200,580.00,"116,000.00"
2019-08-27,2019082701004159,OHL,34,39,100,580.00,"58,000.00"
2019-08-27,2019082701004215,PCBL,49,19,100,276.00,"27,600.00"
2019-08-27,2019082701004210,PCBL,25,19,20,276.00,"5,520.00"
2019-08-27,2019082701003965,PFL,42,51,26,133.00,"3,458.00"
2019-08-27,2019082701003960,PIC,6,56,20,431.00,"8,620.00"
2019-08-27,2019082701003844,PIC,49,51,13,426.00,"5,538.00"
2019-08-27,2019082701003817,PIC,52,51,100,426.00,"42,600.00"
2019-08-27,2019082701003816,PIC,32,51,32,426.00,"13,632.00"
2019-08-27,2019082701003815,PIC,57,51,100,426.00,"42,600.00"
2019-08-27,2019082701003814,PIC,57,51,17,427.00,"7,259.00"
2019-08-27,2019082701004275,PPCL,32,25,20,102.00,"2,040.00"
2019-08-27,2019082701004273,PRIN,57,38,81,339.00,"27,459.00"
2019-08-27,2019082701004211,PRIN,57,17,28,339.00,"9,492.00"
2019-08-27,2019082701004095,PRIN,57,25,169,339.00,"57,291.00"
2019-08-27,2019082701004094,PRIN,32,25,20,340.00,"6,800.00"
2019-08-27,2019082701003954,PRIN,32,51,80,340.00,"27,200.00"
2019-08-27,2019082701003953,PRIN,21,51,50,340.00,"17,000.00"
2019-08-27,2019082701003952,PRIN,25,51,10,340.00,"3,400.00"
2019-08-27,2019082701004188,PRVU,22,52,46,266.00,"12,236.00"
2019-08-27,2019082701004187,PRVU,6,52,81,266.00,"21,546.00"
2019-08-27,2019082701004161,PRVU,6,17,100,267.00,"26,700.00"
2019-08-27,2019082701004120,PRVU,40,17,200,267.00,"53,400.00"
2019-08-27,2019082701003866,PRVU,33,50,880,267.00,"234,960.00"
2019-08-27,2019082701003851,PRVU,26,50,70,267.00,"18,690.00"
2019-08-27,2019082701003831,PRVU,26,50,50,267.00,"13,350.00"
2019-08-27,2019082701003808,PRVU,33,50,366,267.00,"97,722.00"
2019-08-27,2019082701003805,RADHI,6,49,11,138.00,"1,518.00"
2019-08-27,2019082701004240,RHPC,22,58,20,87.00,"1,740.00"
2019-08-27,2019082701004268,RHPL,34,16,40,190.00,"7,600.00"
2019-08-27,2019082701004267,RHPL,34,7,40,190.00,"7,600.00"
2019-08-27,2019082701004266,RHPL,34,16,10,190.00,"1,900.00"
2019-08-27,2019082701004205,RHPL,26,16,30,190.00,"5,700.00"
2019-08-27,2019082701004171,RHPL,26,29,40,190.00,"7,600.00"
2019-08-27,2019082701004165,RHPL,26,58,20,190.00,"3,800.00"
2019-08-27,2019082701003829,RHPL,14,51,40,192.00,"7,680.00"
2019-08-27,2019082701003803,RHPL,14,34,40,192.00,"7,680.00"
2019-08-27,2019082701003894,RHPL,8,43,30,191.00,"5,730.00"
2019-08-27,2019082701003893,RHPL,58,43,110,191.00,"21,010.00"
2019-08-27,2019082701003892,RHPL,14,43,120,192.00,"23,040.00"
2019-08-27,2019082701003891,RHPL,45,45,150,193.00,"28,950.00"
2019-08-27,2019082701003882,RHPL,14,10,20,192.00,"3,840.00"
2019-08-27,2019082701003850,RHPL,14,34,40,192.00,"7,680.00"
2019-08-27,2019082701003915,RHPL,39,39,50,192.00,"9,600.00"
2019-08-27,2019082701003899,RHPL,41,43,50,190.00,"9,500.00"
2019-08-27,2019082701003898,RHPL,42,43,100,190.00,"19,000.00"
2019-08-27,2019082701003897,RHPL,14,43,190,190.00,"36,100.00"
2019-08-27,2019082701003896,RHPL,56,43,50,191.00,"9,550.00"
2019-08-27,2019082701003895,RHPL,36,43,500,191.00,"95,500.00"
2019-08-27,2019082701004010,RHPL,39,39,40,192.00,"7,680.00"
2019-08-27,2019082701004009,RHPL,39,39,40,192.00,"7,680.00"
2019-08-27,2019082701004008,RHPL,39,39,40,192.00,"7,680.00"
2019-08-27,2019082701004007,RHPL,39,39,40,192.00,"7,680.00"
2019-08-27,2019082701004006,RHPL,39,39,40,192.00,"7,680.00"
2019-08-27,2019082701003975,RHPL,41,42,40,190.00,"7,600.00"
2019-08-27,2019082701004043,RHPL,1,21,40,190.00,"7,600.00"
2019-08-27,2019082701004034,RHPL,40,40,300,192.00,"57,600.00"
2019-08-27,2019082701004030,RHPL,1,45,10,190.00,"1,900.00"
2019-08-27,2019082701004029,RHPL,41,45,30,190.00,"5,700.00"
2019-08-27,2019082701004016,RHPL,41,21,40,190.00,"7,600.00"
2019-08-27,2019082701004013,RHPL,41,45,40,190.00,"7,600.00"
2019-08-27,2019082701004079,RHPL,26,21,40,190.00,"7,600.00"
2019-08-27,2019082701004077,RHPL,26,45,40,190.00,"7,600.00"
2019-08-27,2019082701004070,RHPL,26,42,20,190.00,"3,800.00"
2019-08-27,2019082701004069,RHPL,37,42,20,190.00,"3,800.00"
2019-08-27,2019082701004054,RHPL,37,21,40,190.00,"7,600.00"
2019-08-27,2019082701004044,RHPL,37,42,40,190.00,"7,600.00"
2019-08-27,2019082701004117,RHPL,16,45,40,190.00,"7,600.00"
2019-08-27,2019082701004116,RHPL,16,21,50,190.00,"9,500.00"
2019-08-27,2019082701004108,RHPL,16,21,20,190.00,"3,800.00"
2019-08-27,2019082701004107,RHPL,42,21,20,190.00,"3,800.00"
2019-08-27,2019082701004098,RHPL,42,42,40,190.00,"7,600.00"
2019-08-27,2019082701004097,RHPL,42,45,40,190.00,"7,600.00"
2019-08-27,2019082701004145,RHPL,26,21,10,190.00,"1,900.00"
2019-08-27,2019082701004144,RHPL,39,21,40,190.00,"7,600.00"
2019-08-27,2019082701004142,RHPL,39,17,20,190.00,"3,800.00"
2019-08-27,2019082701004135,RHPL,39,21,40,190.00,"7,600.00"
2019-08-27,2019082701004128,RHPL,16,21,40,190.00,"7,600.00"
2019-08-27,2019082701004121,RHPL,16,42,50,190.00,"9,500.00"
2019-08-27,2019082701003950,RMDC,26,40,75,664.00,"49,800.00"
2019-08-27,2019082701003923,RMDC,26,10,25,664.00,"16,600.00"
2019-08-27,2019082701004133,RRHP,56,58,10,104.00,"1,040.00"
2019-08-27,2019082701003967,RRHP,56,22,10,104.00,"1,040.00"
2019-08-27,2019082701003996,RSDC,57,58,162,353.00,"57,186.00"
2019-08-27,2019082701003995,RSDC,38,58,37,354.00,"13,098.00"
2019-08-27,2019082701004163,SADBL,37,10,500,143.00,"71,500.00"
2019-08-27,2019082701004162,SADBL,44,10,224,143.00,"32,032.00"
2019-08-27,2019082701003810,SANIMA,49,52,50,351.00,"17,550.00"
2019-08-27,2019082701003919,SBI,34,25,100,448.00,"44,800.00"
2019-08-27,2019082701003918,SBI,34,58,141,448.00,"63,168.00"
2019-08-27,2019082701004168,SBL,32,25,40,315.00,"12,600.00"
2019-08-27,2019082701004146,SBL,32,35,200,315.00,"63,000.00"
2019-08-27,2019082701004055,SBL,32,16,25,315.00,"7,875.00"
2019-08-27,2019082701004035,SBL,32,49,"1,177",315.00,"370,755.00"
2019-08-27,2019082701004233,SCB,57,57,20,635.00,"12,700.00"
2019-08-27,2019082701004089,SCB,57,50,30,630.00,"18,900.00"
2019-08-27,2019082701004088,SCB,44,50,10,630.00,"6,300.00"
2019-08-27,2019082701004087,SCB,3,50,10,630.00,"6,300.00"
2019-08-27,2019082701004061,SDESI,19,45,20,648.00,"12,960.00"
2019-08-27,2019082701004155,SFFIL,52,22,100,265.00,"26,500.00"
2019-08-27,2019082701004154,SFFIL,57,22,100,265.00,"26,500.00"
2019-08-27,2019082701004153,SFFIL,52,22,50,265.00,"13,250.00"
2019-08-27,2019082701004152,SFFIL,36,22,65,265.00,"17,225.00"
2019-08-27,2019082701004151,SFFIL,1,22,167,266.00,"44,422.00"
2019-08-27,2019082701003951,SFFIL,42,22,40,270.00,"10,800.00"
2019-08-27,2019082701004157,SHIVM,51,17,10,576.00,"5,760.00"
2019-08-27,2019082701004149,SHIVM,51,34,100,576.00,"57,600.00"
2019-08-27,2019082701004056,SHIVM,51,57,300,576.00,"172,800.00"
2019-08-27,2019082701004024,SHIVM,51,56,15,576.00,"8,640.00"
2019-08-27,2019082701004023,SHIVM,44,56,15,576.00,"8,640.00"
2019-08-27,2019082701004000,SHIVM,41,53,15,577.00,"8,655.00"
2019-08-27,2019082701003824,SHIVM,44,58,50,576.00,"28,800.00"
2019-08-27,2019082701004262,SHPC,1,19,"1,000",220.00,"220,000.00"
2019-08-27,2019082701004261,SHPC,17,19,28,221.00,"6,188.00"
2019-08-27,2019082701004282,SJCL,40,21,20,209.00,"4,180.00"
2019-08-27,2019082701004279,SJCL,40,21,20,209.00,"4,180.00"
2019-08-27,2019082701004256,SJCL,40,16,20,209.00,"4,180.00"
2019-08-27,2019082701004236,SJCL,40,16,20,209.00,"4,180.00"
2019-08-27,2019082701003858,SJCL,40,35,20,208.00,"4,160.00"
2019-08-27,2019082701003854,SJCL,40,34,20,208.00,"4,160.00"
2019-08-27,2019082701003809,SJCL,40,34,20,208.00,"4,160.00"
2019-08-27,2019082701003787,SJCL,40,32,20,208.00,"4,160.00"
2019-08-27,2019082701003909,SJCL,42,43,100,208.00,"20,800.00"
2019-08-27,2019082701003908,SJCL,40,43,10,208.00,"2,080.00"
2019-08-27,2019082701003881,SJCL,40,36,10,208.00,"2,080.00"
2019-08-27,2019082701003876,SJCL,45,36,20,209.00,"4,180.00"
2019-08-27,2019082701003875,SJCL,45,43,10,209.00,"2,090.00"
2019-08-27,2019082701003863,SJCL,40,57,20,208.00,"4,160.00"
2019-08-27,2019082701003961,SJCL,40,36,20,209.00,"4,180.00"
2019-08-27,2019082701003956,SJCL,40,42,20,208.00,"4,160.00"
2019-08-27,2019082701003942,SJCL,40,39,20,208.00,"4,160.00"
2019-08-27,2019082701003926,SJCL,39,36,20,209.00,"4,180.00"
2019-08-27,2019082701003924,SJCL,40,21,20,208.00,"4,160.00"
2019-08-27,2019082701003910,SJCL,40,43,890,208.00,"185,120.00"
2019-08-27,2019082701004032,SJCL,40,56,10,209.00,"2,090.00"
2019-08-27,2019082701004020,SJCL,40,45,10,209.00,"2,090.00"
2019-08-27,2019082701004001,SJCL,40,43,20,209.00,"4,180.00"
2019-08-27,2019082701003964,SJCL,40,20,20,209.00,"4,180.00"
2019-08-27,2019082701003963,SJCL,40,20,20,209.00,"4,180.00"
2019-08-27,2019082701003962,SJCL,40,10,10,209.00,"2,090.00"
2019-08-27,2019082701004064,SJCL,39,39,20,210.00,"4,200.00"
2019-08-27,2019082701004063,SJCL,39,7,20,210.00,"4,200.00"
2019-08-27,2019082701004062,SJCL,39,7,20,210.00,"4,200.00"
2019-08-27,2019082701004053,SJCL,40,42,10,209.00,"2,090.00"
2019-08-27,2019082701004036,SJCL,40,45,20,209.00,"4,180.00"
2019-08-27,2019082701004033,SJCL,40,42,20,209.00,"4,180.00"
2019-08-27,2019082701004086,SJCL,40,39,20,209.00,"4,180.00"
2019-08-27,2019082701004085,SJCL,40,42,20,209.00,"4,180.00"
2019-08-27,2019082701004083,SJCL,40,45,20,209.00,"4,180.00"
2019-08-27,2019082701004080,SJCL,40,39,20,209.00,"4,180.00"
2019-08-27,2019082701004066,SJCL,39,39,20,210.00,"4,200.00"
2019-08-27,2019082701004065,SJCL,39,39,20,210.00,"4,200.00"
2019-08-27,2019082701004122,SJCL,40,45,20,209.00,"4,180.00"
2019-08-27,2019082701004111,SJCL,40,42,20,209.00,"4,180.00"
2019-08-27,2019082701004106,SJCL,40,45,20,209.00,"4,180.00"
2019-08-27,2019082701004222,SJCL,40,7,20,209.00,"4,180.00"
2019-08-27,2019082701004189,SJCL,40,16,20,209.00,"4,180.00"
2019-08-27,2019082701004175,SJCL,40,29,20,209.00,"4,180.00"
2019-08-27,2019082701004170,SJCL,40,58,10,209.00,"2,090.00"
2019-08-27,2019082701004277,SKBBL,42,16,27,980.00,"26,460.00"
2019-08-27,2019082701004040,SKBBL,49,58,60,979.00,"58,740.00"
2019-08-27,2019082701004264,SLBBL,38,16,18,571.00,"10,278.00"
2019-08-27,2019082701004263,SLBBL,19,16,20,571.00,"11,420.00"
2019-08-27,2019082701004276,SLBSL,18,46,10,760.00,"7,600.00"
2019-08-27,2019082701004248,SLBSL,52,38,200,755.00,"151,000.00"
2019-08-27,2019082701004230,SLBSL,52,53,80,755.00,"60,400.00"
2019-08-27,2019082701004229,SLBSL,18,53,20,755.00,"15,100.00"
2019-08-27,2019082701003846,SLBSL,18,34,10,769.00,"7,690.00"
2019-08-27,2019082701003832,SLBSL,7,5,50,765.00,"38,250.00"
2019-08-27,2019082701004252,SLICL,34,16,60,291.00,"17,460.00"
2019-08-27,2019082701004167,SLICL,36,42,20,292.00,"5,840.00"
2019-08-27,2019082701004278,SMATA,47,5,19,"1,350.00","25,650.00"
2019-08-27,2019082701004172,SMATA,47,54,19,"1,350.00","25,650.00"
2019-08-27,2019082701004057,SMATA,6,34,19,"1,345.00","25,555.00"
2019-08-27,2019082701003966,SMATA,6,6,29,"1,345.00","39,005.00"
2019-08-27,2019082701004269,SMFBS,34,38,10,812.00,"8,120.00"
2019-08-27,2019082701004260,SMFBS,34,38,10,812.00,"8,120.00"
2019-08-27,2019082701004258,SMFBS,34,38,10,812.00,"8,120.00"
2019-08-27,2019082701004254,SMFBS,34,38,10,812.00,"8,120.00"
2019-08-27,2019082701003940,SMFBS,34,41,10,812.00,"8,120.00"
2019-08-27,2019082701003847,SMFBS,33,38,20,814.00,"16,280.00"
2019-08-27,2019082701004255,SMFDB,19,47,12,561.00,"6,732.00"
2019-08-27,2019082701004096,SMFDB,52,47,10,561.00,"5,610.00"
2019-08-27,2019082701003948,SMFDB,52,48,20,562.00,"11,240.00"
2019-08-27,2019082701004021,SPARS,38,58,10,597.00,"5,970.00"
2019-08-27,2019082701003825,SPARS,38,16,10,597.00,"5,970.00"
2019-08-27,2019082701004223,SRBL,33,49,306,232.00,"70,992.00"
2019-08-27,2019082701004093,SRBL,33,6,177,232.00,"41,064.00"
2019-08-27,2019082701004191,TRH,38,46,60,301.00,"18,060.00"
2019-08-27,2019082701004190,TRH,34,46,40,301.00,"12,040.00"
2019-08-27,2019082701003821,TRH,34,26,60,301.00,"18,060.00"
2019-08-27,2019082701003820,TRH,32,26,140,301.00,"42,140.00"
2019-08-27,2019082701003794,TRH,38,36,500,303.00,"151,500.00"
2019-08-27,2019082701003793,TRH,38,28,150,303.00,"45,450.00"
2019-08-27,2019082701003792,TRH,38,26,100,302.00,"30,200.00"
2019-08-27,2019082701003791,TRH,38,44,150,302.00,"45,300.00"
2019-08-27,2019082701004209,UMHL,43,13,820,105.00,"86,100.00"
2019-08-27,2019082701004015,UPCL,7,22,180,78.00,"14,040.00"
2019-08-27,2019082701004014,UPCL,57,22,20,79.00,"1,580.00"
2019-08-27,2019082701003988,UPCL,57,51,50,79.00,"3,950.00"
2019-08-27,2019082701003783,UPCL,57,58,50,79.00,"3,950.00"
2019-08-27,2019082701004221,UPPER,22,54,20,252.00,"5,040.00"
2019-08-27,2019082701004031,UPPER,44,54,30,252.00,"7,560.00"
2019-08-27,2019082701004011,UPPER,33,20,35,251.00,"8,785.00"
2019-08-27,2019082701003812,UPPER,44,38,870,250.00,"217,500.00"
2019-08-27,2019082701003811,UPPER,33,38,200,250.00,"50,000.00"
2019-08-27,2019082701003906,UPPER,34,34,98,251.00,"24,598.00"
2019-08-27,2019082701003905,UPPER,34,11,50,251.00,"12,550.00"
2019-08-27,2019082701003859,UPPER,44,34,50,250.00,"12,500.00"
2019-08-27,2019082701003835,UPPER,44,58,100,250.00,"25,000.00"
2019-08-27,2019082701003813,UPPER,44,34,50,250.00,"12,500.00"
2019-08-27,2019082701003997,UPPER,44,34,50,250.00,"12,500.00"
2019-08-27,2019082701003770,ADBL,34,43,"1,000",427.00,"427,000.00"
2019-08-27,2019082701003737,ADBL,34,49,500,427.00,"213,500.00"
2019-08-27,2019082701003710,ADBL,34,51,20,427.00,"8,540.00"
2019-08-27,2019082701003703,ADBL,34,38,140,427.00,"59,780.00"
2019-08-27,2019082701003616,ADBL,34,38,85,427.00,"36,295.00"
2019-08-27,2019082701003586,ADBL,34,38,86,427.00,"36,722.00"
2019-08-27,2019082701003311,ADBL,34,38,153,427.00,"65,331.00"
2019-08-27,2019082701003305,ADBL,38,49,153,428.00,"65,484.00"
2019-08-27,2019082701003677,AHPC,21,38,25,100.00,"2,500.00"
2019-08-27,2019082701003631,AHPC,21,38,25,100.00,"2,500.00"
2019-08-27,2019082701003350,AHPC,38,38,12,101.00,"1,212.00"
2019-08-27,2019082701003470,AKJCL,11,41,20,64.00,"1,280.00"
2019-08-27,2019082701003469,AKJCL,11,41,10,64.00,640.00
2019-08-27,2019082701003468,AKJCL,11,26,10,64.00,640.00
2019-08-27,2019082701003598,AKPL,48,34,13,155.00,"2,015.00"
2019-08-27,2019082701003517,AKPL,48,34,13,155.00,"2,015.00"
2019-08-27,2019082701003587,ALBSL,18,25,450,452.00,"203,400.00"
2019-08-27,2019082701003376,ALICL,41,18,20,344.00,"6,880.00"
2019-08-27,2019082701003604,API,56,34,18,125.00,"2,250.00"
2019-08-27,2019082701003532,API,37,34,14,125.00,"1,750.00"
2019-08-27,2019082701003755,BOKL,42,40,35,258.00,"9,030.00"
2019-08-27,2019082701003754,BOKL,34,40,154,258.00,"39,732.00"
2019-08-27,2019082701003743,BOKL,34,49,860,258.00,"221,880.00"
2019-08-27,2019082701003727,BOKL,34,26,100,258.00,"25,800.00"
2019-08-27,2019082701003682,BOKL,34,22,200,258.00,"51,600.00"
2019-08-27,2019082701003661,BOKL,34,48,100,258.00,"25,800.00"
2019-08-27,2019082701003552,BOKL,34,49,200,258.00,"51,600.00"
2019-08-27,2019082701003635,BPCL,11,36,400,387.00,"154,800.00"
2019-08-27,2019082701003613,BPCL,11,34,22,387.00,"8,514.00"
2019-08-27,2019082701003539,BPCL,11,34,22,387.00,"8,514.00"
2019-08-27,2019082701003536,BPCL,11,38,508,387.00,"196,596.00"
2019-08-27,2019082701003535,BPCL,7,38,70,388.00,"27,160.00"
2019-08-27,2019082701003534,BPCL,8,38,22,389.00,"8,558.00"
2019-08-27,2019082701003685,CBL,34,36,100,146.00,"14,600.00"
2019-08-27,2019082701003430,CCBL,36,32,792,157.00,"124,344.00"
2019-08-27,2019082701003332,CCBL,36,29,80,157.00,"12,560.00"
2019-08-27,2019082701003331,CCBL,41,29,20,157.00,"3,140.00"
2019-08-27,2019082701003330,CCBL,6,29,100,157.00,"15,700.00"
2019-08-27,2019082701003669,CHCL,51,41,37,447.00,"16,539.00"
2019-08-27,2019082701003668,CHCL,25,41,33,447.00,"14,751.00"
2019-08-27,2019082701003667,CHCL,55,41,50,448.00,"22,400.00"
2019-08-27,2019082701003756,CIT,7,32,10,"2,400.00","24,000.00"
2019-08-27,2019082701003736,CIT,7,40,90,"2,400.00","216,000.00"
2019-08-27,2019082701003735,CIT,11,40,10,"2,404.00","24,040.00"
2019-08-27,2019082701003671,CIT,16,40,100,"2,400.00","240,000.00"
2019-08-27,2019082701003670,CIT,20,40,12,"2,400.00","28,800.00"
2019-08-27,2019082701003626,CIT,7,7,59,"2,404.00","141,836.00"
2019-08-27,2019082701003541,CIT,7,49,50,"2,404.00","120,200.00"
2019-08-27,2019082701003527,CIT,7,59,15,"2,404.00","36,060.00"
2019-08-27,2019082701003452,CIT,7,57,76,"2,404.00","182,704.00"
2019-08-27,2019082701003399,CIT,46,11,10,"2,407.00","24,070.00"
2019-08-27,2019082701003387,CIT,46,32,10,"2,406.00","24,060.00"
2019-08-27,2019082701003569,CZBIL,51,52,90,219.00,"19,710.00"
2019-08-27,2019082701003568,CZBIL,35,52,100,219.00,"21,900.00"
2019-08-27,2019082701003567,CZBIL,39,52,"1,000",219.00,"219,000.00"
2019-08-27,2019082701003566,CZBIL,14,52,"1,000",219.00,"219,000.00"
2019-08-27,2019082701003565,CZBIL,7,52,531,219.00,"116,289.00"
2019-08-27,2019082701003543,CZBIL,7,39,79,219.00,"17,301.00"
2019-08-27,2019082701003394,CZBIL,7,14,190,219.00,"41,610.00"
2019-08-27,2019082701003393,CZBIL,7,14,310,219.00,"67,890.00"
2019-08-27,2019082701003302,CZBIL,42,38,100,220.00,"22,000.00"
2019-08-27,2019082701003538,CZBIL,7,46,500,219.00,"109,500.00"
2019-08-27,2019082701003503,CZBIL,7,35,10,219.00,"2,190.00"
2019-08-27,2019082701003500,CZBIL,7,45,195,219.00,"42,705.00"
2019-08-27,2019082701003491,CZBIL,7,40,336,219.00,"73,584.00"
2019-08-27,2019082701003402,CZBIL,7,38,159,219.00,"34,821.00"
2019-08-27,2019082701003398,CZBIL,38,38,159,220.00,"34,980.00"
2019-08-27,2019082701003684,DBBL,40,1,90,135.00,"12,150.00"
2019-08-27,2019082701003683,DBBL,40,34,10,135.00,"1,350.00"
2019-08-27,2019082701003467,DBBL,6,1,50,137.00,"6,850.00"
2019-08-27,2019082701003372,DBBL,34,32,200,135.00,"27,000.00"
2019-08-27,2019082701003371,DBBL,45,32,363,135.00,"49,005.00"
2019-08-27,2019082701003312,DBBL,45,22,117,135.00,"15,795.00"
2019-08-27,2019082701003712,DDBL,28,20,100,745.00,"74,500.00"
2019-08-27,2019082701003285,DDBL,28,41,180,745.00,"134,100.00"
2019-08-27,2019082701003284,DDBL,53,41,20,746.00,"14,920.00"
2019-08-27,2019082701003283,DDBL,43,41,50,747.00,"37,350.00"
2019-08-27,2019082701003693,DHPL,34,51,30,61.00,"1,830.00"
2019-08-27,2019082701003676,EBL,41,22,100,649.00,"64,900.00"
2019-08-27,2019082701003675,EBL,37,22,300,649.00,"194,700.00"
2019-08-27,2019082701003609,EBL,44,25,497,650.00,"323,050.00"
2019-08-27,2019082701003563,EBL,44,16,53,650.00,"34,450.00"
2019-08-27,2019082701003499,EBL,44,1,300,650.00,"195,000.00"
2019-08-27,2019082701003461,EBL,44,50,100,650.00,"65,000.00"
2019-08-27,2019082701003381,EBL,44,36,50,650.00,"32,500.00"
2019-08-27,2019082701003724,EIC,56,38,30,311.00,"9,330.00"
2019-08-27,2019082701003723,EIC,19,38,20,311.00,"6,220.00"
2019-08-27,2019082701003636,FOWAD,17,34,49,"1,330.00","65,170.00"
2019-08-27,2019082701003542,FOWAD,38,34,49,"1,331.00","65,219.00"
2019-08-27,2019082701003750,GBLBS,35,58,10,360.00,"3,600.00"
2019-08-27,2019082701003681,GBLBS,35,34,10,360.00,"3,600.00"
2019-08-27,2019082701003615,GBLBS,35,35,10,360.00,"3,600.00"
2019-08-27,2019082701003429,GBLBS,29,44,100,362.00,"36,200.00"
2019-08-27,2019082701003401,GBLBS,29,22,10,362.00,"3,620.00"
2019-08-27,2019082701003373,GBLBS,29,32,90,362.00,"32,580.00"
2019-08-27,2019082701003744,GLBSL,51,35,10,482.00,"4,820.00"
2019-08-27,2019082701003428,GMFBS,36,36,10,535.00,"5,350.00"
2019-08-27,2019082701003709,HBL,45,37,10,555.00,"5,550.00"
2019-08-27,2019082701003708,HBL,51,37,150,555.00,"83,250.00"
2019-08-27,2019082701003422,HDL,21,32,50,"1,604.00","80,200.00"
2019-08-27,2019082701003421,HDL,21,56,50,"1,603.00","80,150.00"
2019-08-27,2019082701003688,HIDCL,22,34,31,145.00,"4,495.00"
2019-08-27,2019082701003607,HIDCL,22,8,174,145.00,"25,230.00"
2019-08-27,2019082701003551,HIDCL,59,34,31,144.00,"4,464.00"
2019-08-27,2019082701003466,HIDCL,59,41,61,144.00,"8,784.00"
2019-08-27,2019082701003459,HIDCL,59,41,61,144.00,"8,784.00"
2019-08-27,2019082701003433,HIDCL,59,41,61,144.00,"8,784.00"
2019-08-27,2019082701003424,HIDCL,59,41,79,144.00,"11,376.00"
2019-08-27,2019082701003404,HIDCL,59,41,132,144.00,"19,008.00"
2019-08-27,2019082701003403,HIDCL,59,41,30,145.00,"4,350.00"
2019-08-27,2019082701003695,HPPL,38,34,10,148.00,"1,480.00"
2019-08-27,2019082701003556,HPPL,38,34,10,148.00,"1,480.00"
2019-08-27,2019082701003511,HPPL,38,35,10,148.00,"1,480.00"
2019-08-27,2019082701003702,HURJA,7,34,20,123.00,"2,460.00"
2019-08-27,2019082701003602,HURJA,7,39,20,123.00,"2,460.00"
2019-08-27,2019082701003725,ILBS,45,22,10,460.00,"4,600.00"
2019-08-27,2019082701003564,ILBS,45,25,50,460.00,"23,000.00"
2019-08-27,2019082701003518,ILBS,45,41,10,460.00,"4,600.00"
2019-08-27,2019082701003434,JBBL,11,52,200,162.00,"32,400.00"
2019-08-27,2019082701003317,JBBL,11,45,600,162.00,"97,200.00"
2019-08-27,2019082701003286,JBBL,38,7,178,161.00,"28,658.00"
2019-08-27,2019082701003752,JFL,6,57,"1,000",187.00,"187,000.00"
2019-08-27,2019082701003732,JFL,28,49,"1,000",188.00,"188,000.00"
2019-08-27,2019082701003731,JFL,59,49,319,188.00,"59,972.00"
2019-08-27,2019082701003730,JFL,40,49,"1,000",189.00,"189,000.00"
2019-08-27,2019082701003605,JOSHI,22,58,20,67.00,"1,340.00"
2019-08-27,2019082701003400,JOSHI,22,45,10,67.00,670.00
2019-08-27,2019082701003529,KBL,38,43,277,202.00,"55,954.00"
2019-08-27,2019082701003514,KBL,51,43,100,202.00,"20,200.00"
2019-08-27,2019082701003497,KBL,56,43,500,202.00,"101,000.00"
2019-08-27,2019082701003496,KBL,52,43,50,202.00,"10,100.00"
2019-08-27,2019082701003495,KBL,45,43,36,202.00,"7,272.00"
2019-08-27,2019082701003494,KBL,26,43,37,202.00,"7,474.00"
