Date,Transact. No.,Symbol,Buyer,Seller,Quantity,Rate,Amount
2019-03-12,2019031201007333,ADBL,1,42,20,305.00,"6,100.00"
2019-03-12,2019031201007411,AHPC,57,44,"1,000",108.00,"108,000.00"
2019-03-12,2019031201007671,AKPL,22,8,"2,112",193.00,"407,616.00"
2019-03-12,2019031201007670,AKPL,22,58,100,193.00,"19,300.00"
2019-03-12,2019031201007652,AKPL,22,58,49,192.00,"9,408.00"
2019-03-12,2019031201007651,AKPL,22,8,"2,000",192.00,"384,000.00"
2019-03-12,2019031201007650,AKPL,22,39,13,192.00,"2,496.00"
2019-03-12,2019031201007631,AKPL,22,19,200,191.00,"38,200.00"
2019-03-12,2019031201007543,AKPL,22,56,60,189.00,"11,340.00"
2019-03-12,2019031201007542,AKPL,22,58,13,189.00,"2,457.00"
2019-03-12,2019031201007525,AKPL,22,14,200,187.00,"37,400.00"
2019-03-12,2019031201007524,AKPL,22,22,13,187.00,"2,431.00"
2019-03-12,2019031201007498,AKPL,22,19,100,186.00,"18,600.00"
2019-03-12,2019031201007608,AKPL,22,34,178,191.00,"33,998.00"
2019-03-12,2019031201007607,AKPL,22,40,100,191.00,"19,100.00"
2019-03-12,2019031201007581,AKPL,22,59,20,190.00,"3,800.00"
2019-03-12,2019031201007580,AKPL,22,35,295,190.00,"56,050.00"
2019-03-12,2019031201007545,AKPL,22,34,100,189.00,"18,900.00"
2019-03-12,2019031201007544,AKPL,22,53,295,189.00,"55,755.00"
2019-03-12,2019031201007626,ALICL,42,34,100,398.00,"39,800.00"
2019-03-12,2019031201007625,ALICL,50,34,100,398.00,"39,800.00"
2019-03-12,2019031201007522,ALICL,50,34,200,399.00,"79,800.00"
2019-03-12,2019031201007609,API,53,16,500,140.00,"70,000.00"
2019-03-12,2019031201007584,API,53,16,"1,222",140.00,"171,080.00"
2019-03-12,2019031201007583,API,53,58,278,140.00,"38,920.00"
2019-03-12,2019031201007423,API,19,58,100,140.00,"14,000.00"
2019-03-12,2019031201007385,API,25,58,50,140.00,"7,000.00"
2019-03-12,2019031201007362,API,51,22,200,138.00,"27,600.00"
2019-03-12,2019031201007236,API,25,58,72,140.00,"10,080.00"
2019-03-12,2019031201007235,API,25,43,28,139.00,"3,892.00"
2019-03-12,2019031201007617,BARUN,55,39,120,94.00,"11,280.00"
2019-03-12,2019031201007663,BHBL,50,4,10,144.00,"1,440.00"
2019-03-12,2019031201007306,BOKL,26,17,277,254.00,"70,358.00"
2019-03-12,2019031201007679,CBL,59,56,10,162.00,"1,620.00"
2019-03-12,2019031201007585,CBL,25,13,"1,000",163.00,"163,000.00"
2019-03-12,2019031201007446,CBL,58,6,100,165.00,"16,500.00"
2019-03-12,2019031201007436,CBL,43,53,300,164.00,"49,200.00"
2019-03-12,2019031201007435,CBL,43,28,"1,000",164.00,"164,000.00"
2019-03-12,2019031201007434,CBL,43,45,100,164.00,"16,400.00"
2019-03-12,2019031201007427,CBL,43,8,200,163.00,"32,600.00"
2019-03-12,2019031201007426,CBL,43,53,100,163.00,"16,300.00"
2019-03-12,2019031201007425,CBL,43,48,"1,900",163.00,"309,700.00"
2019-03-12,2019031201007424,CBL,43,42,200,162.00,"32,400.00"
2019-03-12,2019031201007276,CBL,56,7,200,161.00,"32,200.00"
2019-03-12,2019031201007262,CBL,56,22,290,161.00,"46,690.00"
2019-03-12,2019031201007433,CBL,43,34,200,164.00,"32,800.00"
2019-03-12,2019031201007432,CBL,43,37,"1,000",164.00,"164,000.00"
2019-03-12,2019031201007431,CBL,43,37,"1,000",164.00,"164,000.00"
2019-03-12,2019031201007430,CBL,43,54,"2,000",163.00,"326,000.00"
2019-03-12,2019031201007429,CBL,43,21,700,163.00,"114,100.00"
2019-03-12,2019031201007428,CBL,43,42,"1,000",163.00,"163,000.00"
2019-03-12,2019031201007646,CCBL,34,7,15,167.00,"2,505.00"
2019-03-12,2019031201007233,CCBL,43,42,41,169.00,"6,929.00"
2019-03-12,2019031201007199,CCBL,43,45,"3,000",169.00,"507,000.00"
2019-03-12,2019031201007198,CCBL,43,11,318,169.00,"53,742.00"
2019-03-12,2019031201007197,CCBL,43,32,115,169.00,"19,435.00"
2019-03-12,2019031201007196,CCBL,43,26,"1,000",169.00,"169,000.00"
2019-03-12,2019031201007189,CCBL,43,1,73,168.00,"12,264.00"
2019-03-12,2019031201007195,CCBL,43,45,"2,000",169.00,"338,000.00"
2019-03-12,2019031201007194,CCBL,43,48,"1,000",169.00,"169,000.00"
2019-03-12,2019031201007193,CCBL,43,46,567,169.00,"95,823.00"
2019-03-12,2019031201007192,CCBL,43,1,288,168.00,"48,384.00"
2019-03-12,2019031201007191,CCBL,43,21,574,168.00,"96,432.00"
2019-03-12,2019031201007190,CCBL,43,43,24,168.00,"4,032.00"
2019-03-12,2019031201007403,CEFL,19,4,15,96.00,"1,440.00"
2019-03-12,2019031201007384,CEFL,4,4,10,97.00,970.00
2019-03-12,2019031201007342,CEFL,41,4,40,98.00,"3,920.00"
2019-03-12,2019031201007305,CEFL,41,4,10,98.00,980.00
2019-03-12,2019031201007635,CHCL,58,16,11,521.00,"5,731.00"
2019-03-12,2019031201007422,CHLBS,8,39,10,567.00,"5,670.00"
2019-03-12,2019031201007407,CHLBS,8,14,60,567.00,"34,020.00"
2019-03-12,2019031201007394,CHLBS,8,16,10,567.00,"5,670.00"
2019-03-12,2019031201007363,CHLBS,8,16,10,567.00,"5,670.00"
2019-03-12,2019031201007361,CHLBS,8,58,50,567.00,"28,350.00"
2019-03-12,2019031201007347,CHLBS,8,58,10,567.00,"5,670.00"
2019-03-12,2019031201007320,CHLBS,8,16,10,567.00,"5,670.00"
2019-03-12,2019031201007261,CHLBS,8,35,20,567.00,"11,340.00"
2019-03-12,2019031201007240,CHLBS,8,39,10,567.00,"5,670.00"
2019-03-12,2019031201007629,CIT,42,21,50,"2,644.00","132,200.00"
2019-03-12,2019031201007628,CIT,42,33,37,"2,644.00","97,828.00"
2019-03-12,2019031201007627,CIT,42,32,21,"2,643.00","55,503.00"
2019-03-12,2019031201007601,CIT,42,34,10,"2,642.00","26,420.00"
2019-03-12,2019031201007308,CLBSL,5,21,16,652.00,"10,432.00"
2019-03-12,2019031201007294,CLBSL,5,56,40,650.00,"26,000.00"
2019-03-12,2019031201007293,CLBSL,5,54,20,649.00,"12,980.00"
2019-03-12,2019031201007292,CLBSL,5,25,50,640.00,"32,000.00"
2019-03-12,2019031201007317,CORBL,32,11,20,99.00,"1,980.00"
2019-03-12,2019031201007515,CZBIL,35,4,49,214.00,"10,486.00"
2019-03-12,2019031201007514,CZBIL,54,4,951,214.00,"203,514.00"
2019-03-12,2019031201007616,DBBL,32,6,20,127.00,"2,540.00"
2019-03-12,2019031201007595,DBBL,22,6,100,127.00,"12,700.00"
2019-03-12,2019031201007392,DBBL,57,6,330,127.00,"41,910.00"
2019-03-12,2019031201007391,DBBL,57,52,140,127.00,"17,780.00"
2019-03-12,2019031201007390,DBBL,57,59,330,126.00,"41,580.00"
2019-03-12,2019031201007253,DBBL,1,59,200,126.00,"25,200.00"
2019-03-12,2019031201007252,DBBL,45,59,100,126.00,"12,600.00"
2019-03-12,2019031201007659,DDBL,34,59,10,608.00,"6,080.00"
2019-03-12,2019031201007599,DDBL,42,17,105,600.00,"63,000.00"
2019-03-12,2019031201007598,DDBL,32,17,200,600.00,"120,000.00"
2019-03-12,2019031201007597,DDBL,10,17,200,601.00,"120,200.00"
2019-03-12,2019031201007546,DDBL,7,19,50,607.00,"30,350.00"
2019-03-12,2019031201007379,DDBL,7,43,523,605.00,"316,415.00"
2019-03-12,2019031201007658,EBL,57,25,250,543.00,"135,750.00"
2019-03-12,2019031201007657,EBL,57,43,150,543.00,"81,450.00"
2019-03-12,2019031201007656,EBL,57,53,100,543.00,"54,300.00"
2019-03-12,2019031201007655,EBL,57,32,500,542.00,"271,000.00"
2019-03-12,2019031201007669,EIC,35,53,50,832.00,"41,600.00"
2019-03-12,2019031201007634,FMDBL,34,48,50,384.00,"19,200.00"
2019-03-12,2019031201007633,FMDBL,34,16,50,384.00,"19,200.00"
2019-03-12,2019031201007355,FMDBL,11,16,50,380.00,"19,000.00"
2019-03-12,2019031201007354,FMDBL,33,16,10,381.00,"3,810.00"
2019-03-12,2019031201007348,FMDBL,36,6,30,383.00,"11,490.00"
2019-03-12,2019031201007618,FOWAD,49,34,10,"1,562.00","15,620.00"
2019-03-12,2019031201007298,FOWAD,42,28,20,"1,535.00","30,700.00"
2019-03-12,2019031201007297,FOWAD,41,28,30,"1,537.00","46,110.00"
2019-03-12,2019031201007296,FOWAD,51,28,55,"1,538.00","84,590.00"
2019-03-12,2019031201007295,FOWAD,45,28,48,"1,538.00","73,824.00"
2019-03-12,2019031201007660,GBBL,59,43,10,190.00,"1,900.00"
2019-03-12,2019031201007388,GBBL,17,39,50,189.00,"9,450.00"
2019-03-12,2019031201007539,GBIME,4,6,243,270.00,"65,610.00"
2019-03-12,2019031201007516,GBIME,4,6,500,270.00,"135,000.00"
2019-03-12,2019031201007511,GBIME,25,6,757,270.00,"204,390.00"
2019-03-12,2019031201007510,GBIME,25,11,153,270.00,"41,310.00"
2019-03-12,2019031201007509,GBIME,25,22,100,270.00,"27,000.00"
2019-03-12,2019031201007508,GBIME,25,59,110,270.00,"29,700.00"
2019-03-12,2019031201007203,GBIME,42,43,150,270.00,"40,500.00"
2019-03-12,2019031201007507,GBIME,25,59,290,270.00,"78,300.00"
2019-03-12,2019031201007506,GBIME,25,22,200,270.00,"54,000.00"
2019-03-12,2019031201007505,GBIME,25,53,"1,000",270.00,"270,000.00"
2019-03-12,2019031201007504,GBIME,25,43,390,270.00,"105,300.00"
2019-03-12,2019031201007263,GBIME,34,43,200,270.00,"54,000.00"
2019-03-12,2019031201007228,GBIME,51,47,19,269.00,"5,111.00"
2019-03-12,2019031201007653,GBLBS,50,19,10,453.00,"4,530.00"
2019-03-12,2019031201007440,GBLBS,42,28,70,449.00,"31,430.00"
2019-03-12,2019031201007439,GBLBS,48,28,730,450.00,"328,500.00"
2019-03-12,2019031201007339,GBLBS,48,5,250,450.00,"112,500.00"
2019-03-12,2019031201007338,GBLBS,57,5,200,451.00,"90,200.00"
2019-03-12,2019031201007337,GBLBS,1,5,110,451.00,"49,610.00"
2019-03-12,2019031201007448,GILB,42,57,38,"1,112.00","42,256.00"
2019-03-12,2019031201007678,GLICL,58,50,10,782.00,"7,820.00"
2019-03-12,2019031201007630,GLICL,58,58,30,767.00,"23,010.00"
2019-03-12,2019031201007521,GLICL,53,42,100,752.00,"75,200.00"
2019-03-12,2019031201007520,GLICL,53,53,50,751.00,"37,550.00"
2019-03-12,2019031201007463,GLICL,58,17,100,765.00,"76,500.00"
2019-03-12,2019031201007462,GLICL,58,17,50,765.00,"38,250.00"
2019-03-12,2019031201007455,GLICL,58,49,100,754.00,"75,400.00"
2019-03-12,2019031201007454,GLICL,58,53,50,754.00,"37,700.00"
2019-03-12,2019031201007453,GLICL,58,5,90,753.00,"67,770.00"
2019-03-12,2019031201007452,GLICL,58,58,300,752.00,"225,600.00"
2019-03-12,2019031201007461,GLICL,58,57,300,760.00,"228,000.00"
2019-03-12,2019031201007460,GLICL,58,25,100,760.00,"76,000.00"
2019-03-12,2019031201007459,GLICL,58,17,50,758.00,"37,900.00"
2019-03-12,2019031201007458,GLICL,58,25,100,756.00,"75,600.00"
2019-03-12,2019031201007457,GLICL,58,5,100,755.00,"75,500.00"
2019-03-12,2019031201007456,GLICL,58,35,131,755.00,"98,905.00"
2019-03-12,2019031201007238,GUFL,51,21,329,112.00,"36,848.00"
2019-03-12,2019031201007237,GUFL,51,43,150,111.00,"16,650.00"
2019-03-12,2019031201007531,HBL,58,46,10,452.00,"4,520.00"
2019-03-12,2019031201007404,HBL,26,46,100,448.00,"44,800.00"
2019-03-12,2019031201007303,HGI,42,6,30,391.00,"11,730.00"
2019-03-12,2019031201007533,HIDCL,58,53,100,135.00,"13,500.00"
2019-03-12,2019031201007532,HIDCL,57,53,26,135.00,"3,510.00"
2019-03-12,2019031201007482,HIDCL,57,46,74,135.00,"9,990.00"
2019-03-12,2019031201007310,HIDCL,43,46,486,135.00,"65,610.00"
2019-03-12,2019031201007309,HIDCL,43,43,14,135.00,"1,890.00"
2019-03-12,2019031201007201,ICFC,49,1,"1,270",150.00,"190,500.00"
2019-03-12,2019031201007621,JBBL,38,35,59,141.00,"8,319.00"
2019-03-12,2019031201007620,JBBL,36,35,32,142.00,"4,544.00"
2019-03-12,2019031201007286,JBBL,36,57,200,142.00,"28,400.00"
2019-03-12,2019031201007285,JBBL,36,39,366,142.00,"51,972.00"
2019-03-12,2019031201007284,JBBL,36,18,"1,000",142.00,"142,000.00"
2019-03-12,2019031201007283,JBBL,36,50,"1,000",142.00,"142,000.00"
2019-03-12,2019031201007282,JBBL,36,45,"2,000",142.00,"284,000.00"
2019-03-12,2019031201007281,JBBL,36,57,976,142.00,"138,592.00"
2019-03-12,2019031201007280,JBBL,36,18,"1,000",142.00,"142,000.00"
2019-03-12,2019031201007279,JBBL,36,56,181,142.00,"25,702.00"
2019-03-12,2019031201007278,JBBL,36,59,245,141.00,"34,545.00"
2019-03-12,2019031201007260,JBBL,41,55,33,140.00,"4,620.00"
2019-03-12,2019031201007603,JBNL,58,59,28,176.00,"4,928.00"
2019-03-12,2019031201007602,JBNL,58,34,72,175.00,"12,600.00"
2019-03-12,2019031201007565,JBNL,40,55,32,174.00,"5,568.00"
2019-03-12,2019031201007529,JBNL,29,34,200,175.00,"35,000.00"
2019-03-12,2019031201007493,JBNL,40,59,100,174.00,"17,400.00"
2019-03-12,2019031201007469,JBNL,6,34,10,175.00,"1,750.00"
2019-03-12,2019031201007415,JBNL,44,26,123,175.00,"21,525.00"
2019-03-12,2019031201007414,JBNL,44,17,372,175.00,"65,100.00"
2019-03-12,2019031201007410,JBNL,40,35,300,174.00,"52,200.00"
2019-03-12,2019031201007304,JBNL,40,53,300,174.00,"52,200.00"
2019-03-12,2019031201007421,JBNL,44,42,"2,500",175.00,"437,500.00"
2019-03-12,2019031201007420,JBNL,44,58,"1,500",175.00,"262,500.00"
2019-03-12,2019031201007419,JBNL,44,59,100,175.00,"17,500.00"
2019-03-12,2019031201007418,JBNL,44,56,500,175.00,"87,500.00"
2019-03-12,2019031201007417,JBNL,44,17,"1,764",175.00,"308,700.00"
2019-03-12,2019031201007416,JBNL,44,7,"1,000",175.00,"175,000.00"
2019-03-12,2019031201007386,JFL,59,3,100,165.00,"16,500.00"
2019-03-12,2019031201007523,KBBL,5,43,300,213.00,"63,900.00"
2019-03-12,2019031201007619,KBL,1,44,"1,000",243.00,"243,000.00"
2019-03-12,2019031201007476,KBL,26,55,200,242.00,"48,400.00"
2019-03-12,2019031201007449,KMCDB,22,22,300,866.00,"259,800.00"
2019-03-12,2019031201007214,KMFL,32,47,78,885.00,"69,030.00"
2019-03-12,2019031201007395,KPCL,38,39,90,99.00,"8,910.00"
2019-03-12,2019031201007242,KPCL,42,43,30,97.00,"2,910.00"
2019-03-12,2019031201007241,KPCL,42,38,10,96.00,960.00
2019-03-12,2019031201007250,KPCL,58,29,60,98.00,"5,880.00"
2019-03-12,2019031201007249,KPCL,58,39,90,98.00,"8,820.00"
2019-03-12,2019031201007243,KPCL,42,39,10,98.00,980.00
2019-03-12,2019031201007289,KPCL,38,36,10,98.00,980.00
2019-03-12,2019031201007288,KPCL,38,13,10,98.00,980.00
2019-03-12,2019031201007287,KPCL,38,29,100,98.00,"9,800.00"
2019-03-12,2019031201007364,KPCL,42,39,10,99.00,990.00
2019-03-12,2019031201007291,KPCL,38,19,160,98.00,"15,680.00"
2019-03-12,2019031201007290,KPCL,38,21,60,98.00,"5,880.00"
2019-03-12,2019031201007319,KRBL,26,6,80,98.00,"7,840.00"
2019-03-12,2019031201007307,KRBL,19,6,40,99.00,"3,960.00"
2019-03-12,2019031201007624,KSBBL,42,53,20,144.00,"2,880.00"
2019-03-12,2019031201007622,KSBBL,17,53,100,143.00,"14,300.00"
2019-03-12,2019031201007600,KSBBL,42,55,20,143.00,"2,860.00"
2019-03-12,2019031201007594,KSBBL,42,50,200,143.00,"28,600.00"
2019-03-12,2019031201007593,KSBBL,42,40,"1,000",143.00,"143,000.00"
2019-03-12,2019031201007592,KSBBL,42,19,10,143.00,"1,430.00"
2019-03-12,2019031201007591,KSBBL,42,57,500,143.00,"71,500.00"
2019-03-12,2019031201007590,KSBBL,42,47,468,143.00,"66,924.00"
2019-03-12,2019031201007494,KSBBL,5,47,20,143.00,"2,860.00"
2019-03-12,2019031201007413,KSBBL,57,22,100,142.00,"14,200.00"
2019-03-12,2019031201007412,KSBBL,17,22,200,142.00,"28,400.00"
2019-03-12,2019031201007568,LBBL,53,28,50,174.00,"8,700.00"
2019-03-12,2019031201007567,LBBL,59,28,500,174.00,"87,000.00"
2019-03-12,2019031201007206,LBBL,21,28,500,174.00,"87,000.00"
2019-03-12,2019031201007205,LBBL,19,28,"1,000",174.00,"174,000.00"
2019-03-12,2019031201007409,LBBL,42,43,100,175.00,"17,500.00"
2019-03-12,2019031201007376,LBL,49,50,100,202.00,"20,200.00"
2019-03-12,2019031201007336,LBL,22,50,250,200.00,"50,000.00"
2019-03-12,2019031201007335,LBL,45,50,200,200.00,"40,000.00"
2019-03-12,2019031201007334,LBL,26,50,150,201.00,"30,150.00"
2019-03-12,2019031201007217,LBL,26,10,50,201.00,"10,050.00"
2019-03-12,2019031201007665,LGIL,51,32,200,524.00,"104,800.00"
2019-03-12,2019031201007664,LGIL,51,42,90,524.00,"47,160.00"
2019-03-12,2019031201007557,LGIL,49,6,50,523.00,"26,150.00"
2019-03-12,2019031201007551,LGIL,43,42,10,524.00,"5,240.00"
2019-03-12,2019031201007518,LGIL,49,59,100,523.00,"52,300.00"
2019-03-12,2019031201007513,LGIL,46,59,200,523.00,"104,600.00"
2019-03-12,2019031201007187,LGIL,21,28,200,520.00,"104,000.00"
2019-03-12,2019031201007186,LGIL,34,28,47,520.00,"24,440.00"
2019-03-12,2019031201007636,MBL,34,43,300,220.00,"66,000.00"
2019-03-12,2019031201007596,MBL,34,28,100,220.00,"22,000.00"
2019-03-12,2019031201007562,MBL,21,39,60,221.00,"13,260.00"
2019-03-12,2019031201007538,MBL,45,11,"1,260",220.00,"277,200.00"
2019-03-12,2019031201007527,MBL,34,11,500,220.00,"110,000.00"
2019-03-12,2019031201007512,MBL,34,11,240,220.00,"52,800.00"
2019-03-12,2019031201007321,MBL,34,26,388,220.00,"85,360.00"
2019-03-12,2019031201007251,MBL,34,42,100,220.00,"22,000.00"
2019-03-12,2019031201007327,MBL,19,39,"1,000",221.00,"221,000.00"
2019-03-12,2019031201007326,MBL,42,26,252,220.00,"55,440.00"
2019-03-12,2019031201007325,MBL,53,26,300,220.00,"66,000.00"
2019-03-12,2019031201007324,MBL,25,26,100,220.00,"22,000.00"
2019-03-12,2019031201007323,MBL,25,26,"1,000",220.00,"220,000.00"
2019-03-12,2019031201007322,MBL,42,26,"1,000",220.00,"220,000.00"
2019-03-12,2019031201007492,MBL,34,58,260,220.00,"57,200.00"
2019-03-12,2019031201007491,MBL,25,58,200,220.00,"44,000.00"
2019-03-12,2019031201007490,MBL,38,58,40,220.00,"8,800.00"
2019-03-12,2019031201007489,MBL,5,58,"2,000",220.00,"440,000.00"
2019-03-12,2019031201007478,MBL,5,11,"4,000",220.00,"880,000.00"
2019-03-12,2019031201007477,MBL,42,43,248,220.00,"54,560.00"
2019-03-12,2019031201007610,MEGA,43,34,10,169.00,"1,690.00"
2019-03-12,2019031201007366,MEGA,19,41,10,168.00,"1,680.00"
2019-03-12,2019031201007311,MEGA,22,34,300,169.00,"50,700.00"
2019-03-12,2019031201007256,MEGA,36,34,300,169.00,"50,700.00"
2019-03-12,2019031201007219,MEGA,1,34,329,169.00,"55,601.00"
2019-03-12,2019031201007218,MEGA,1,32,671,169.00,"113,399.00"
2019-03-12,2019031201007541,MFIL,34,58,10,117.00,"1,170.00"
2019-03-12,2019031201007540,MFIL,34,5,"1,000",116.00,"116,000.00"
2019-03-12,2019031201007480,MFIL,34,51,"2,000",115.00,"230,000.00"
2019-03-12,2019031201007479,MFIL,34,58,607,115.00,"69,805.00"
2019-03-12,2019031201007265,MIDBL,59,33,10,153.00,"1,530.00"
2019-03-12,2019031201007645,MLBL,40,35,21,167.00,"3,507.00"
2019-03-12,2019031201007535,MNBBL,32,19,13,351.00,"4,563.00"
2019-03-12,2019031201007534,MNBBL,32,28,247,350.00,"86,450.00"
2019-03-12,2019031201007502,MNBBL,32,28,200,345.00,"69,000.00"
2019-03-12,2019031201007501,MNBBL,32,28,453,345.00,"156,285.00"
2019-03-12,2019031201007398,MNBBL,40,28,100,345.00,"34,500.00"
2019-03-12,2019031201007397,MNBBL,28,28,200,345.00,"69,000.00"
2019-03-12,2019031201007396,MNBBL,13,28,700,347.00,"242,900.00"
2019-03-12,2019031201007500,MNBBL,25,28,100,346.00,"34,600.00"
2019-03-12,2019031201007402,MNBBL,32,28,247,345.00,"85,215.00"
2019-03-12,2019031201007401,MNBBL,28,28,"1,000",345.00,"345,000.00"
2019-03-12,2019031201007400,MNBBL,32,28,500,345.00,"172,500.00"
2019-03-12,2019031201007399,MNBBL,52,28,100,345.00,"34,500.00"
2019-03-12,2019031201007556,NABIL,59,11,68,720.00,"48,960.00"
2019-03-12,2019031201007555,NABIL,59,39,50,720.00,"36,000.00"
2019-03-12,2019031201007554,NABIL,59,39,135,720.00,"97,200.00"
2019-03-12,2019031201007553,NABIL,59,11,20,720.00,"14,400.00"
2019-03-12,2019031201007552,NABIL,59,53,27,720.00,"19,440.00"
2019-03-12,2019031201007496,NABIL,6,53,60,720.00,"43,200.00"
2019-03-12,2019031201007383,NABIL,41,53,100,720.00,"72,000.00"
2019-03-12,2019031201007666,NABILP,32,34,110,684.00,"75,240.00"
2019-03-12,2019031201007563,NBB,25,19,"1,100",199.00,"218,900.00"
2019-03-12,2019031201007443,NBB,56,35,30,200.00,"6,000.00"
2019-03-12,2019031201007360,NBB,40,35,576,200.00,"115,200.00"
2019-03-12,2019031201007359,NBB,40,32,70,200.00,"14,000.00"
2019-03-12,2019031201007358,NBB,40,5,100,200.00,"20,000.00"
2019-03-12,2019031201007357,NBB,40,50,254,200.00,"50,800.00"
2019-03-12,2019031201007356,NBB,40,37,200,200.00,"40,000.00"
2019-03-12,2019031201007301,NBB,28,35,52,199.00,"10,348.00"
2019-03-12,2019031201007230,NBB,28,25,100,199.00,"19,900.00"
2019-03-12,2019031201007229,NBB,13,25,400,199.00,"79,600.00"
2019-03-12,2019031201007212,NBB,17,11,500,200.00,"100,000.00"
2019-03-12,2019031201007605,NBBL,35,16,50,687.00,"34,350.00"
2019-03-12,2019031201007604,NBBL,42,16,15,687.00,"10,305.00"
2019-03-12,2019031201007549,NBBL,38,37,20,688.00,"13,760.00"
2019-03-12,2019031201007537,NBBL,48,37,60,688.00,"41,280.00"
2019-03-12,2019031201007536,NBBL,19,37,43,688.00,"29,584.00"
2019-03-12,2019031201007210,NBBL,1,58,10,690.00,"6,900.00"
2019-03-12,2019031201007245,NBBLPO,56,40,500,370.00,"185,000.00"
2019-03-12,2019031201007673,NBL,52,32,670,294.00,"196,980.00"
2019-03-12,2019031201007318,NBL,48,43,200,295.00,"59,000.00"
2019-03-12,2019031201007257,NBL,48,43,300,295.00,"88,500.00"
2019-03-12,2019031201007209,NBL,33,53,300,294.00,"88,200.00"
2019-03-12,2019031201007623,NCCB,39,44,"1,000",217.00,"217,000.00"
2019-03-12,2019031201007466,NCCB,18,44,"1,000",217.00,"217,000.00"
2019-03-12,2019031201007378,NCCB,46,44,523,218.00,"114,014.00"
2019-03-12,2019031201007377,NCCB,46,25,477,217.00,"103,509.00"
2019-03-12,2019031201007302,NCCB,42,25,23,217.00,"4,991.00"
2019-03-12,2019031201007239,NCCB,42,42,200,217.00,"43,400.00"
2019-03-12,2019031201007181,NCCB,42,46,27,217.00,"5,859.00"
2019-03-12,2019031201007654,NHPC,17,38,100,74.00,"7,400.00"
2019-03-12,2019031201007381,NHPC,58,13,200,75.00,"15,000.00"
2019-03-12,2019031201007380,NHPC,17,13,660,75.00,"49,500.00"
2019-03-12,2019031201007373,NHPC,17,29,340,75.00,"25,500.00"
2019-03-12,2019031201007372,NHPC,37,29,100,75.00,"7,500.00"
2019-03-12,2019031201007371,NHPC,51,29,560,75.00,"42,000.00"
2019-03-12,2019031201007224,NHPC,51,47,200,75.00,"15,000.00"
2019-03-12,2019031201007674,NIB,55,22,100,540.00,"54,000.00"
2019-03-12,2019031201007465,NIB,37,11,100,540.00,"54,000.00"
2019-03-12,2019031201007464,NIB,55,11,46,540.00,"24,840.00"
2019-03-12,2019031201007632,NICA,44,26,475,401.00,"190,475.00"
2019-03-12,2019031201007606,NICA,6,26,"1,000",401.00,"401,000.00"
2019-03-12,2019031201007447,NICA,52,26,50,401.00,"20,050.00"
2019-03-12,2019031201007353,NICA,59,26,100,401.00,"40,100.00"
2019-03-12,2019031201007352,NICA,19,26,"1,000",401.00,"401,000.00"
2019-03-12,2019031201007351,NICA,41,26,100,401.00,"40,100.00"
2019-03-12,2019031201007346,NICL,44,7,694,389.00,"269,966.00"
2019-03-12,2019031201007345,NICL,44,35,300,389.00,"116,700.00"
2019-03-12,2019031201007344,NICL,44,42,100,388.00,"38,800.00"
2019-03-12,2019031201007202,NIL,4,46,100,536.00,"53,600.00"
2019-03-12,2019031201007438,NLBBL,29,50,50,472.00,"23,600.00"
2019-03-12,2019031201007648,NLIC,55,53,59,"1,124.00","66,316.00"
2019-03-12,2019031201007647,NLIC,55,49,41,"1,124.00","46,084.00"
2019-03-12,2019031201007615,NLIC,29,59,50,"1,121.00","56,050.00"
2019-03-12,2019031201007530,NLIC,5,49,159,"1,124.00","178,716.00"
2019-03-12,2019031201007528,NLIC,55,44,100,"1,125.00","112,500.00"
2019-03-12,2019031201007488,NLIC,5,28,91,"1,124.00","102,284.00"
2019-03-12,2019031201007487,NLIC,5,32,50,"1,123.00","56,150.00"
2019-03-12,2019031201007387,NLIC,29,28,500,"1,121.00","560,500.00"
2019-03-12,2019031201007254,NLIC,47,25,50,"1,120.00","56,000.00"
2019-03-12,2019031201007566,NLICL,49,54,356,665.00,"236,740.00"
2019-03-12,2019031201007467,NLICL,49,56,460,665.00,"305,900.00"
2019-03-12,2019031201007255,NLICL,33,32,50,666.00,"33,300.00"
2019-03-12,2019031201007207,NLICL,22,56,150,665.00,"99,750.00"
2019-03-12,2019031201007638,NMB,45,43,20,326.00,"6,520.00"
2019-03-12,2019031201007637,NMB,45,44,480,325.00,"156,000.00"
2019-03-12,2019031201007569,NMB,49,44,20,325.00,"6,500.00"
2019-03-12,2019031201007450,NMB,7,44,100,325.00,"32,500.00"
2019-03-12,2019031201007484,NUBL,39,43,377,758.00,"285,766.00"
2019-03-12,2019031201007208,OHL,17,29,263,442.00,"116,246.00"
2019-03-12,2019031201007668,PCBL,50,50,200,323.00,"64,600.00"
2019-03-12,2019031201007667,PCBL,50,11,50,323.00,"16,150.00"
2019-03-12,2019031201007227,PCBL,41,39,100,322.00,"32,200.00"
2019-03-12,2019031201007226,PCBL,41,16,100,322.00,"32,200.00"
2019-03-12,2019031201007225,PCBL,41,43,980,322.00,"315,560.00"
2019-03-12,2019031201007200,PCBL,55,43,20,322.00,"6,440.00"
2019-03-12,2019031201007185,PCBL,25,43,129,321.00,"41,409.00"
2019-03-12,2019031201007184,PCBL,25,55,126,321.00,"40,446.00"
2019-03-12,2019031201007183,PCBL,25,53,64,321.00,"20,544.00"
2019-03-12,2019031201007639,PIC,59,32,50,"1,049.00","52,450.00"
2019-03-12,2019031201007561,PIC,43,41,233,"1,043.00","243,019.00"
2019-03-12,2019031201007560,PIC,1,41,100,"1,044.00","104,400.00"
2019-03-12,2019031201007559,PIC,39,41,100,"1,046.00","104,600.00"
2019-03-12,2019031201007475,PIC,33,32,30,"1,049.00","31,470.00"
2019-03-12,2019031201007474,PIC,33,1,11,"1,049.00","11,539.00"
2019-03-12,2019031201007473,PIC,33,22,17,"1,049.00","17,833.00"
2019-03-12,2019031201007472,PIC,33,5,42,"1,048.00","44,016.00"
2019-03-12,2019031201007370,PIC,54,5,25,"1,048.00","26,200.00"
2019-03-12,2019031201007369,PIC,54,1,50,"1,048.00","52,400.00"
2019-03-12,2019031201007188,PIC,43,59,11,"1,043.00","11,473.00"
2019-03-12,2019031201007662,PLIC,28,58,20,463.00,"9,260.00"
2019-03-12,2019031201007661,PLIC,28,43,80,463.00,"37,040.00"
2019-03-12,2019031201007495,PLIC,39,42,40,460.00,"18,400.00"
2019-03-12,2019031201007393,PLIC,26,56,253,457.00,"115,621.00"
2019-03-12,2019031201007389,PLIC,49,42,50,460.00,"23,000.00"
2019-03-12,2019031201007350,PLIC,41,56,110,458.00,"50,380.00"
2019-03-12,2019031201007349,PLIC,19,56,100,458.00,"45,800.00"
2019-03-12,2019031201007268,PLIC,42,42,10,460.00,"4,600.00"
2019-03-12,2019031201007223,PMHPL,26,57,10,112.00,"1,120.00"
2019-03-12,2019031201007485,PRIN,46,17,200,424.00,"84,800.00"
2019-03-12,2019031201007564,PRVU,50,57,"1,022",237.00,"242,214.00"
2019-03-12,2019031201007526,PRVU,50,57,862,237.00,"204,294.00"
2019-03-12,2019031201007486,PRVU,50,25,900,237.00,"213,300.00"
2019-03-12,2019031201007437,PRVU,6,25,300,237.00,"71,100.00"
2019-03-12,2019031201007408,PRVU,26,57,100,236.00,"23,600.00"
2019-03-12,2019031201007330,PRVU,26,25,72,236.00,"16,992.00"
2019-03-12,2019031201007213,PRVU,4,42,75,238.00,"17,850.00"
2019-03-12,2019031201007182,PRVU,42,45,100,239.00,"23,900.00"
2019-03-12,2019031201007271,PRVU,26,25,"1,000",237.00,"237,000.00"
2019-03-12,2019031201007270,PRVU,51,25,100,237.00,"23,700.00"
2019-03-12,2019031201007269,PRVU,14,25,"1,627",237.00,"385,599.00"
2019-03-12,2019031201007247,PRVU,14,47,23,237.00,"5,451.00"
2019-03-12,2019031201007234,PRVU,4,46,101,238.00,"24,038.00"
2019-03-12,2019031201007231,PRVU,4,59,174,238.00,"41,412.00"
2019-03-12,2019031201007329,PRVU,4,25,300,236.00,"70,800.00"
2019-03-12,2019031201007328,PRVU,45,25,33,237.00,"7,821.00"
2019-03-12,2019031201007275,PRVU,45,25,137,237.00,"32,469.00"
2019-03-12,2019031201007274,PRVU,22,25,100,237.00,"23,700.00"
2019-03-12,2019031201007273,PRVU,38,25,500,237.00,"118,500.00"
2019-03-12,2019031201007272,PRVU,38,25,36,237.00,"8,532.00"
2019-03-12,2019031201007499,RADHI,50,22,50,177.00,"8,850.00"
2019-03-12,2019031201007267,RADHI,50,25,20,174.00,"3,480.00"
2019-03-12,2019031201007221,RADHI,26,57,10,171.00,"1,710.00"
2019-03-12,2019031201007519,RHPC,35,34,161,96.00,"15,456.00"
2019-03-12,2019031201007677,RMDC,34,43,10,549.00,"5,490.00"
2019-03-12,2019031201007451,RRHP,22,39,10,93.00,930.00
2019-03-12,2019031201007582,SADBL,45,58,20,144.00,"2,880.00"
2019-03-12,2019031201007548,SADBL,17,58,44,144.00,"6,336.00"
2019-03-12,2019031201007547,SADBL,17,39,56,144.00,"8,064.00"
2019-03-12,2019031201007676,SANIMA,37,28,500,308.00,"154,000.00"
2019-03-12,2019031201007675,SANIMA,37,56,500,307.00,"153,500.00"
2019-03-12,2019031201007587,SANIMA,45,55,"1,000",306.00,"306,000.00"
2019-03-12,2019031201007586,SANIMA,45,52,100,305.00,"30,500.00"
2019-03-12,2019031201007579,SANIMA,41,52,200,305.00,"61,000.00"
2019-03-12,2019031201007578,SANIMA,26,52,100,305.00,"30,500.00"
2019-03-12,2019031201007577,SANIMA,42,52,100,305.00,"30,500.00"
2019-03-12,2019031201007264,SBI,25,17,571,395.00,"225,545.00"
2019-03-12,2019031201007644,SBL,47,59,60,298.00,"17,880.00"
2019-03-12,2019031201007643,SBL,47,10,40,297.00,"11,880.00"
2019-03-12,2019031201007641,SCB,58,7,10,570.00,"5,700.00"
2019-03-12,2019031201007640,SCB,58,22,20,566.00,"11,320.00"
2019-03-12,2019031201007589,SCB,1,7,100,565.00,"56,500.00"
2019-03-12,2019031201007588,SCB,1,21,10,565.00,"5,650.00"
2019-03-12,2019031201007343,SCB,22,22,180,566.00,"101,880.00"
2019-03-12,2019031201007332,SCB,22,42,50,565.00,"28,250.00"
2019-03-12,2019031201007331,SCB,22,43,20,564.00,"11,280.00"
2019-03-12,2019031201007232,SCB,1,16,90,561.00,"50,490.00"
2019-03-12,2019031201007222,SCB,32,54,50,560.00,"28,000.00"
2019-03-12,2019031201007517,SDESI,34,46,112,594.00,"66,528.00"
2019-03-12,2019031201007483,SDESI,43,46,53,595.00,"31,535.00"
2019-03-12,2019031201007316,SDESI,43,34,47,595.00,"27,965.00"
2019-03-12,2019031201007180,SEF,18,7,"3,000",9.25,"27,750.00"
2019-03-12,2019031201007375,SHL,35,34,115,208.00,"23,920.00"
2019-03-12,2019031201007614,SHPC,28,58,18,233.00,"4,194.00"
2019-03-12,2019031201007613,SHPC,45,19,100,235.00,"23,500.00"
2019-03-12,2019031201007612,SHPC,45,32,105,235.00,"24,675.00"
2019-03-12,2019031201007611,SHPC,45,19,40,235.00,"9,400.00"
2019-03-12,2019031201007642,SICL,33,33,28,902.00,"25,256.00"
2019-03-12,2019031201007558,SICL,33,33,28,902.00,"25,256.00"
2019-03-12,2019031201007445,SIL,44,44,50,634.00,"31,700.00"
2019-03-12,2019031201007444,SIL,44,35,50,634.00,"31,700.00"
2019-03-12,2019031201007672,SKBBL,38,4,10,870.00,"8,700.00"
2019-03-12,2019031201007576,SKBBL,57,58,10,885.00,"8,850.00"
2019-03-12,2019031201007575,SKBBL,57,50,30,884.00,"26,520.00"
2019-03-12,2019031201007574,SKBBL,57,49,25,883.00,"22,075.00"
2019-03-12,2019031201007573,SKBBL,57,21,100,880.00,"88,000.00"
2019-03-12,2019031201007572,SKBBL,57,53,50,880.00,"44,000.00"
2019-03-12,2019031201007313,SKBBL,38,18,70,875.00,"61,250.00"
2019-03-12,2019031201007312,SKBBL,38,49,103,875.00,"90,125.00"
2019-03-12,2019031201007571,SKBBL,57,5,126,879.00,"110,754.00"
2019-03-12,2019031201007570,SKBBL,57,49,50,879.00,"43,950.00"
2019-03-12,2019031201007368,SKBBL,26,58,30,871.00,"26,130.00"
2019-03-12,2019031201007367,SKBBL,33,58,50,871.00,"43,550.00"
2019-03-12,2019031201007315,SKBBL,38,13,100,875.00,"87,500.00"
2019-03-12,2019031201007314,SKBBL,38,41,100,875.00,"87,500.00"
2019-03-12,2019031201007382,SLBSL,18,22,10,765.00,"7,650.00"
2019-03-12,2019031201007468,SLICL,16,16,"1,100",550.00,"605,000.00"
2019-03-12,2019031201007204,SLICL,53,17,277,545.00,"150,965.00"
2019-03-12,2019031201007550,SMATA,28,57,142,"1,315.00","186,730.00"
2019-03-12,2019031201007211,SPDL,3,47,68,99.00,"6,732.00"
2019-03-12,2019031201007471,SRBL,58,48,10,225.00,"2,250.00"
2019-03-12,2019031201007470,SRBL,58,17,120,224.00,"26,880.00"
2019-03-12,2019031201007374,SRBL,42,25,50,222.00,"11,100.00"
2019-03-12,2019031201007300,SRBL,42,29,401,222.00,"89,022.00"
2019-03-12,2019031201007299,SRBL,35,29,50,223.00,"11,150.00"
2019-03-12,2019031201007503,SWBBL,50,25,78,839.00,"65,442.00"
2019-03-12,2019031201007649,UFL,39,59,800,148.00,"118,400.00"
2019-03-12,2019031201007481,UFL,32,59,700,150.00,"105,000.00"
2019-03-12,2019031201007497,UPPER,28,38,"1,500",244.00,"366,000.00"
2019-03-12,2019031201007442,UPPER,50,44,100,245.00,"24,500.00"
2019-03-12,2019031201007441,UPPER,42,44,607,245.00,"148,715.00"
2019-03-12,2019031201007406,UPPER,42,39,243,245.00,"59,535.00"
2019-03-12,2019031201007405,UPPER,6,39,257,245.00,"62,965.00"
2019-03-12,2019031201007220,UPPER,46,42,40,245.00,"9,800.00"
2019-03-12,2019031201007216,UPPER,46,7,25,245.00,"6,125.00"
2019-03-12,2019031201007215,UPPER,13,43,160,246.00,"39,360.00"
2019-03-12,2019031201007258,UPPER,52,43,40,246.00,"9,840.00"
2019-03-12,2019031201007248,UPPER,46,3,35,245.00,"8,575.00"
2019-03-12,2019031201007244,UPPER,46,36,10,245.00,"2,450.00"
2019-03-12,2019031201007277,UPPER,8,49,50,245.00,"12,250.00"
2019-03-12,2019031201007266,UPPER,8,3,10,245.00,"2,450.00"
2019-03-12,2019031201007259,UPPER,52,45,60,246.00,"14,760.00"
2019-03-12,2019031201007365,UPPER,6,22,10,245.00,"2,450.00"
2019-03-12,2019031201007341,UPPER,6,57,153,245.00,"37,485.00"
2019-03-12,2019031201007340,UPPER,8,57,140,245.00,"34,300.00"
2019-03-12,2019031201006858,ADBL,49,42,20,305.00,"6,100.00"
2019-03-12,2019031201006696,ADBL,1,37,162,306.00,"49,572.00"
2019-03-12,2019031201006827,ADBL,49,34,113,303.00,"34,239.00"
2019-03-12,2019031201006826,ADBL,29,34,157,304.00,"47,728.00"
2019-03-12,2019031201006793,ADBL,49,42,20,305.00,"6,100.00"
2019-03-12,2019031201006730,ADBL,55,55,131,305.00,"39,955.00"
2019-03-12,2019031201006710,ADBL,29,33,31,304.00,"9,424.00"
2019-03-12,2019031201006697,ADBL,1,7,188,306.00,"57,528.00"
2019-03-12,2019031201006908,AKPL,52,43,10,184.00,"1,840.00"
2019-03-12,2019031201007031,ALICL,45,36,100,400.00,"40,000.00"
2019-03-12,2019031201006982,ALICL,48,36,130,400.00,"52,000.00"
2019-03-12,2019031201006981,ALICL,48,41,270,400.00,"108,000.00"
2019-03-12,2019031201006980,ALICL,48,35,100,400.00,"40,000.00"
2019-03-12,2019031201006867,ALICL,25,16,150,399.00,"59,850.00"
2019-03-12,2019031201006791,ALICL,52,16,50,399.00,"19,950.00"
2019-03-12,2019031201006783,ALICL,51,16,50,399.00,"19,950.00"
2019-03-12,2019031201006866,AMFI,45,16,10,660.00,"6,600.00"
2019-03-12,2019031201006865,AMFI,45,16,10,660.00,"6,600.00"
2019-03-12,2019031201006864,AMFI,45,10,10,660.00,"6,600.00"
2019-03-12,2019031201006863,AMFI,45,16,10,660.00,"6,600.00"
2019-03-12,2019031201006862,AMFI,45,16,10,660.00,"6,600.00"
2019-03-12,2019031201006861,AMFI,45,16,10,660.00,"6,600.00"
2019-03-12,2019031201006872,API,25,45,100,140.00,"14,000.00"
2019-03-12,2019031201006813,API,51,25,269,138.00,"37,122.00"
2019-03-12,2019031201006812,API,50,25,20,138.00,"2,760.00"
2019-03-12,2019031201006689,API,50,43,180,138.00,"24,840.00"
2019-03-12,2019031201006688,API,21,43,10,138.00,"1,380.00"
2019-03-12,2019031201006687,API,21,43,10,138.00,"1,380.00"
2019-03-12,2019031201006682,API,21,45,10,138.00,"1,380.00"
2019-03-12,2019031201007066,BARUN,57,10,500,95.00,"47,500.00"
2019-03-12,2019031201006960,BARUN,48,10,40,95.00,"3,800.00"
2019-03-12,2019031201006790,BARUN,1,10,"1,000",95.00,"95,000.00"
2019-03-12,2019031201006789,BARUN,41,10,100,95.00,"9,500.00"
2019-03-12,2019031201006788,BARUN,39,10,10,97.00,970.00
2019-03-12,2019031201006909,BHBL,48,4,500,143.00,"71,500.00"
2019-03-12,2019031201006776,BHBL,28,4,700,141.00,"98,700.00"
2019-03-12,2019031201007125,BOKL,57,17,723,254.00,"183,642.00"
2019-03-12,2019031201007124,BOKL,57,5,50,254.00,"12,700.00"
2019-03-12,2019031201007123,BOKL,57,7,300,254.00,"76,200.00"
2019-03-12,2019031201007122,BOKL,57,7,95,254.00,"24,130.00"
2019-03-12,2019031201007098,BPCL,26,42,200,370.00,"74,000.00"
2019-03-12,2019031201007097,BPCL,26,5,10,370.00,"3,700.00"
2019-03-12,2019031201006939,CBBL,47,6,30,898.00,"26,940.00"
2019-03-12,2019031201006928,CBBL,47,6,20,898.00,"17,960.00"
2019-03-12,2019031201006856,CBBL,29,1,100,900.00,"90,000.00"
2019-03-12,2019031201006719,CBBL,26,1,100,900.00,"90,000.00"
2019-03-12,2019031201007174,CBL,58,48,100,163.00,"16,300.00"
2019-03-12,2019031201007173,CBL,58,49,200,162.00,"32,400.00"
2019-03-12,2019031201006977,CBL,56,55,16,161.00,"2,576.00"
2019-03-12,2019031201006904,CBL,25,53,100,162.00,"16,200.00"
2019-03-12,2019031201006903,CBL,25,54,"2,000",162.00,"324,000.00"
2019-03-12,2019031201006902,CBL,25,46,33,162.00,"5,346.00"
2019-03-12,2019031201006811,CBL,59,46,300,162.00,"48,600.00"
2019-03-12,2019031201006810,CBL,59,46,29,162.00,"4,698.00"
2019-03-12,2019031201006786,CBL,59,21,171,162.00,"27,702.00"
2019-03-12,2019031201006785,CBL,59,21,129,162.00,"20,898.00"
2019-03-12,2019031201006727,CBL,59,43,300,162.00,"48,600.00"
2019-03-12,2019031201006703,CBL,26,46,100,163.00,"16,300.00"
2019-03-12,2019031201007111,CCBL,42,43,25,168.00,"4,200.00"
2019-03-12,2019031201007094,CCBL,49,1,"1,192",167.00,"199,064.00"
2019-03-12,2019031201007093,CCBL,57,1,500,167.00,"83,500.00"
2019-03-12,2019031201007092,CCBL,29,1,50,167.00,"8,350.00"
2019-03-12,2019031201007091,CCBL,56,1,662,167.00,"110,554.00"
2019-03-12,2019031201006931,CCBL,48,7,100,169.00,"16,900.00"
2019-03-12,2019031201006924,CCBL,46,1,73,168.00,"12,264.00"
2019-03-12,2019031201006870,CCBL,46,11,211,168.00,"35,448.00"
2019-03-12,2019031201007162,CEFL,14,26,50,100.00,"5,000.00"
2019-03-12,2019031201006990,CFCL,1,6,875,105.00,"91,875.00"
2019-03-12,2019031201006989,CFCL,42,6,500,105.00,"52,500.00"
2019-03-12,2019031201006988,CFCL,26,6,100,105.00,"10,500.00"
2019-03-12,2019031201006987,CFCL,55,6,216,106.00,"22,896.00"
2019-03-12,2019031201006941,CHCL,48,43,50,526.00,"26,300.00"
2019-03-12,2019031201006842,CHCL,58,44,100,525.00,"52,500.00"
2019-03-12,2019031201006841,CHCL,58,54,78,525.00,"40,950.00"
2019-03-12,2019031201006901,CZBIL,50,48,207,215.00,"44,505.00"
2019-03-12,2019031201006898,CZBIL,50,22,100,215.00,"21,500.00"
2019-03-12,2019031201006884,CZBIL,26,47,100,216.00,"21,600.00"
2019-03-12,2019031201006854,CZBIL,50,33,193,215.00,"41,495.00"
2019-03-12,2019031201007110,DBBL,45,43,200,126.00,"25,200.00"
2019-03-12,2019031201006985,DBBL,22,10,14,126.00,"1,764.00"
2019-03-12,2019031201006724,DBBL,41,10,80,126.00,"10,080.00"
2019-03-12,2019031201006723,DBBL,36,10,60,126.00,"7,560.00"
2019-03-12,2019031201007109,DDBL,53,22,137,605.00,"82,885.00"
2019-03-12,2019031201007108,DDBL,53,44,250,604.00,"151,000.00"
2019-03-12,2019031201007051,DDBL,4,44,100,604.00,"60,400.00"
2019-03-12,2019031201006932,DDBL,28,22,100,605.00,"60,500.00"
2019-03-12,2019031201006823,DHPL,32,49,10,87.00,870.00
2019-03-12,2019031201007135,EBL,32,32,100,542.00,"54,200.00"
2019-03-12,2019031201007134,EBL,32,32,100,542.00,"54,200.00"
2019-03-12,2019031201007069,EBL,36,32,500,542.00,"271,000.00"
2019-03-12,2019031201007068,EBL,36,46,183,542.00,"99,186.00"
2019-03-12,2019031201007058,EBL,41,46,100,542.00,"54,200.00"
2019-03-12,2019031201006953,EBL,21,7,50,541.00,"27,050.00"
2019-03-12,2019031201006940,FMDBL,36,6,50,383.00,"19,150.00"
2019-03-12,2019031201006881,FOWAD,45,48,152,"1,538.00","233,776.00"
2019-03-12,2019031201006880,FOWAD,48,48,50,"1,545.00","77,250.00"
2019-03-12,2019031201006879,FOWAD,22,48,15,"1,553.00","23,295.00"
2019-03-12,2019031201006694,FOWAD,37,59,20,"1,555.00","31,100.00"
2019-03-12,2019031201006693,FOWAD,37,47,15,"1,554.00","23,310.00"
2019-03-12,2019031201006692,FOWAD,37,21,36,"1,553.00","55,908.00"
2019-03-12,2019031201006775,GBBL,41,48,267,189.00,"50,463.00"
2019-03-12,2019031201006774,GBBL,41,28,200,189.00,"37,800.00"
2019-03-12,2019031201006773,GBBL,41,56,100,189.00,"18,900.00"
2019-03-12,2019031201006772,GBBL,41,35,100,189.00,"18,900.00"
2019-03-12,2019031201006771,GBBL,41,19,30,189.00,"5,670.00"
2019-03-12,2019031201006770,GBBL,41,19,100,188.00,"18,800.00"
2019-03-12,2019031201006769,GBBL,41,39,250,188.00,"47,000.00"
2019-03-12,2019031201007052,GBIME,41,43,100,270.00,"27,000.00"
2019-03-12,2019031201007044,GBIME,22,43,60,270.00,"16,200.00"
2019-03-12,2019031201006729,GBIME,17,53,500,269.00,"134,500.00"
2019-03-12,2019031201006728,GBIME,25,53,105,269.00,"28,245.00"
2019-03-12,2019031201006878,GBLBS,1,8,10,451.00,"4,510.00"
2019-03-12,2019031201006808,GDBL,11,32,250,186.00,"46,500.00"
2019-03-12,2019031201006782,GILB,48,22,19,"1,100.00","20,900.00"
2019-03-12,2019031201007130,GLICL,58,35,100,752.00,"75,200.00"
2019-03-12,2019031201007129,GLICL,58,10,50,751.00,"37,550.00"
2019-03-12,2019031201007128,GLICL,58,13,50,751.00,"37,550.00"
2019-03-12,2019031201007120,GLICL,58,47,200,750.00,"150,000.00"
2019-03-12,2019031201007119,GLICL,58,26,483,749.00,"361,767.00"
2019-03-12,2019031201007102,GLICL,36,26,249,749.00,"186,501.00"
2019-03-12,2019031201007101,GLICL,36,46,200,748.00,"149,600.00"
2019-03-12,2019031201007100,GLICL,36,58,477,748.00,"356,796.00"
2019-03-12,2019031201007054,GLICL,5,35,150,745.00,"111,750.00"
2019-03-12,2019031201007154,GRDBL,55,53,120,107.00,"12,840.00"
2019-03-12,2019031201007153,GRDBL,55,48,80,106.00,"8,480.00"
2019-03-12,2019031201007065,HGI,42,25,24,391.00,"9,384.00"
2019-03-12,2019031201006895,HGI,40,28,330,393.00,"129,690.00"
2019-03-12,2019031201007073,HIDCL,25,43,44,135.00,"5,940.00"
2019-03-12,2019031201007072,HIDCL,25,34,56,135.00,"7,560.00"
2019-03-12,2019031201006683,HIDCL,41,45,29,134.00,"3,886.00"
2019-03-12,2019031201007158,ICFC,1,1,50,150.00,"7,500.00"
2019-03-12,2019031201007157,ICFC,14,1,250,150.00,"37,500.00"
2019-03-12,2019031201007156,ICFC,49,1,"1,000",150.00,"150,000.00"
2019-03-12,2019031201007155,ICFC,16,1,370,150.00,"55,500.00"
2019-03-12,2019031201007148,ICFC,59,1,60,151.00,"9,060.00"
2019-03-12,2019031201006946,IGI,28,45,100,425.00,"42,500.00"
2019-03-12,2019031201007079,IGI,29,29,20,424.00,"8,480.00"
2019-03-12,2019031201006998,JBBL,45,56,200,142.00,"28,400.00"
2019-03-12,2019031201006938,JBBL,28,14,10,141.00,"1,410.00"
2019-03-12,2019031201006937,JBBL,28,1,500,141.00,"70,500.00"
2019-03-12,2019031201006936,JBBL,28,8,500,141.00,"70,500.00"
2019-03-12,2019031201006935,JBBL,28,43,300,141.00,"42,300.00"
2019-03-12,2019031201006876,JBBL,41,49,100,140.00,"14,000.00"
2019-03-12,2019031201006809,JBBL,49,43,100,141.00,"14,100.00"
2019-03-12,2019031201007034,JBNL,51,28,"1,000",174.00,"174,000.00"
2019-03-12,2019031201007033,JBNL,6,28,190,174.00,"33,060.00"
2019-03-12,2019031201006889,JBNL,46,42,800,174.00,"139,200.00"
2019-03-12,2019031201006740,JBNL,46,57,200,174.00,"34,800.00"
2019-03-12,2019031201006726,JSLBB,48,34,10,"2,478.00","24,780.00"
2019-03-12,2019031201007118,KADBL,42,38,100,167.00,"16,700.00"
2019-03-12,2019031201007178,KMCDB,22,22,245,867.00,"212,415.00"
2019-03-12,2019031201007151,KMCDB,22,22,55,867.00,"47,685.00"
2019-03-12,2019031201007150,KMCDB,22,7,200,865.00,"173,000.00"
2019-03-12,2019031201007149,KMCDB,22,13,45,865.00,"38,925.00"
2019-03-12,2019031201007029,KMCDB,43,22,10,856.00,"8,560.00"
2019-03-12,2019031201006868,KMFL,48,44,10,900.00,"9,000.00"
2019-03-12,2019031201006752,KPCL,42,45,10,96.00,960.00
2019-03-12,2019031201006764,KPCL,42,45,10,97.00,970.00
2019-03-12,2019031201006831,KRBL,49,59,100,100.00,"10,000.00"
2019-03-12,2019031201006799,KRBL,49,59,100,100.00,"10,000.00"
2019-03-12,2019031201006875,KSBBL,1,53,200,142.00,"28,400.00"
2019-03-12,2019031201006834,KSBBL,55,47,200,143.00,"28,600.00"
2019-03-12,2019031201006833,KSBBL,55,47,800,143.00,"114,400.00"
2019-03-12,2019031201006732,KSBBL,1,1,800,142.00,"113,600.00"
2019-03-12,2019031201007074,LBBL,19,28,"1,000",174.00,"174,000.00"
2019-03-12,2019031201006974,LBBL,22,43,20,175.00,"3,500.00"
2019-03-12,2019031201006830,LBBL,53,35,100,174.00,"17,400.00"
2019-03-12,2019031201006741,LBBL,28,35,200,174.00,"34,800.00"
2019-03-12,2019031201007160,LBL,39,39,100,201.00,"20,100.00"
2019-03-12,2019031201006900,LBL,39,46,"1,000",201.00,"201,000.00"
2019-03-12,2019031201007176,LGIL,28,59,29,523.00,"15,167.00"
2019-03-12,2019031201006709,LGIL,34,56,453,520.00,"235,560.00"
2019-03-12,2019031201006807,LLBS,5,58,100,787.00,"78,700.00"
2019-03-12,2019031201007082,MBL,40,39,300,221.00,"66,300.00"
2019-03-12,2019031201006993,MBL,34,41,"1,000",220.00,"220,000.00"
2019-03-12,2019031201006968,MBL,41,39,500,221.00,"110,500.00"
2019-03-12,2019031201006925,MBL,34,26,300,220.00,"66,000.00"
2019-03-12,2019031201006737,MBL,54,39,50,221.00,"11,050.00"
2019-03-12,2019031201006725,MBL,50,39,250,221.00,"55,250.00"
2019-03-12,2019031201007080,MEGA,3,32,100,169.00,"16,900.00"
2019-03-12,2019031201006959,MEGA,22,32,10,169.00,"1,690.00"
2019-03-12,2019031201006800,MEGA,19,34,100,168.00,"16,800.00"
2019-03-12,2019031201006760,MEGA,19,33,20,168.00,"3,360.00"
2019-03-12,2019031201006721,MEGA,19,49,725,168.00,"121,800.00"
2019-03-12,2019031201006720,MEGA,19,49,75,168.00,"12,600.00"
2019-03-12,2019031201006695,MEGA,19,45,50,168.00,"8,400.00"
2019-03-12,2019031201006686,MEGA,49,32,219,169.00,"37,011.00"
2019-03-12,2019031201006685,MEGA,49,32,95,169.00,"16,055.00"
2019-03-12,2019031201006684,MEGA,49,41,486,169.00,"82,134.00"
2019-03-12,2019031201007070,MLBL,42,43,46,168.00,"7,728.00"
2019-03-12,2019031201007030,MLBL,41,43,100,168.00,"16,800.00"
2019-03-12,2019031201006930,MNBBL,28,28,"1,000",345.00,"345,000.00"
2019-03-12,2019031201006922,MNBBL,45,28,200,345.00,"69,000.00"
2019-03-12,2019031201006921,MNBBL,14,28,500,345.00,"172,500.00"
2019-03-12,2019031201006920,MNBBL,56,28,53,345.00,"18,285.00"
2019-03-12,2019031201006919,MNBBL,36,28,200,345.00,"69,000.00"
2019-03-12,2019031201006918,MNBBL,8,28,100,346.00,"34,600.00"
2019-03-12,2019031201006917,MNBBL,33,28,100,347.00,"34,700.00"
2019-03-12,2019031201006906,MNBBL,1,29,500,350.00,"175,000.00"
2019-03-12,2019031201006843,MSLB,55,5,10,"1,366.00","13,660.00"
2019-03-12,2019031201006885,MSMBS,34,59,100,560.00,"56,000.00"
2019-03-12,2019031201007144,NABIL,41,3,100,719.00,"71,900.00"
2019-03-12,2019031201006916,NABIL,4,19,100,718.00,"71,800.00"
2019-03-12,2019031201006915,NABIL,4,20,187,718.00,"134,266.00"
2019-03-12,2019031201006739,NABIL,57,20,50,718.00,"35,900.00"
2019-03-12,2019031201006702,NABIL,57,20,63,718.00,"45,234.00"
2019-03-12,2019031201007063,NABILP,8,8,"1,000",683.00,"683,000.00"
2019-03-12,2019031201006777,NABILP,17,41,10,682.00,"6,820.00"
2019-03-12,2019031201007053,NABILP,8,41,890,682.00,"606,980.00"
2019-03-12,2019031201006972,NABILP,49,41,100,682.00,"68,200.00"
2019-03-12,2019031201006967,NBB,25,28,200,199.00,"39,800.00"
2019-03-12,2019031201006966,NBB,25,54,100,199.00,"19,900.00"
2019-03-12,2019031201006965,NBB,25,34,100,199.00,"19,900.00"
2019-03-12,2019031201006964,NBB,25,40,200,199.00,"39,800.00"
2019-03-12,2019031201006963,NBB,25,45,200,199.00,"39,800.00"
2019-03-12,2019031201006962,NBB,25,37,233,199.00,"46,367.00"
2019-03-12,2019031201006954,NBB,46,37,"1,000",199.00,"199,000.00"
2019-03-12,2019031201006822,NBB,17,43,234,198.00,"46,332.00"
2019-03-12,2019031201006821,NBB,56,43,300,198.00,"59,400.00"
2019-03-12,2019031201006792,NBB,56,57,500,198.00,"99,000.00"
2019-03-12,2019031201007170,NBBL,21,58,37,690.00,"25,530.00"
2019-03-12,2019031201007169,NBBL,21,58,13,690.00,"8,970.00"
2019-03-12,2019031201007164,NBBL,42,32,85,687.00,"58,395.00"
2019-03-12,2019031201007163,NBBL,6,32,15,688.00,"10,320.00"
2019-03-12,2019031201007116,NBBL,48,37,50,689.00,"34,450.00"
2019-03-12,2019031201006832,NBBL,42,58,50,690.00,"34,500.00"
2019-03-12,2019031201007166,NBL,25,36,100,294.00,"29,400.00"
2019-03-12,2019031201007165,NBL,25,44,"1,500",294.00,"441,000.00"
2019-03-12,2019031201006698,NBL,45,44,500,294.00,"147,000.00"
2019-03-12,2019031201007171,NCCB,49,46,600,217.00,"130,200.00"
2019-03-12,2019031201007161,NCCB,42,46,300,217.00,"65,100.00"
2019-03-12,2019031201007133,NCCB,58,46,73,217.00,"15,841.00"
2019-03-12,2019031201007127,NCCB,58,19,100,217.00,"21,700.00"
2019-03-12,2019031201007126,NCCB,58,32,27,217.00,"5,859.00"
2019-03-12,2019031201006984,NCCB,32,32,"1,000",217.00,"217,000.00"
2019-03-12,2019031201006983,NCCB,38,32,100,217.00,"21,700.00"
2019-03-12,2019031201006886,NCCB,5,44,500,218.00,"109,000.00"
2019-03-12,2019031201006951,NHPC,51,25,"1,000",75.00,"75,000.00"
2019-03-12,2019031201006950,NHPC,51,56,"1,000",75.00,"75,000.00"
2019-03-12,2019031201006949,NHPC,51,13,"1,000",75.00,"75,000.00"
2019-03-12,2019031201006948,NHPC,51,56,"1,000",75.00,"75,000.00"
2019-03-12,2019031201006947,NHPC,51,54,240,75.00,"18,000.00"
2019-03-12,2019031201006926,NHPC,20,54,100,75.00,"7,500.00"
2019-03-12,2019031201006708,NHPC,36,7,650,74.00,"48,100.00"
2019-03-12,2019031201006707,NHPC,36,25,"2,000",74.00,"148,000.00"
2019-03-12,2019031201006706,NHPC,36,14,350,74.00,"25,900.00"
2019-03-12,2019031201006860,NHPC,45,54,160,75.00,"12,000.00"
2019-03-12,2019031201006859,NHPC,45,7,340,75.00,"25,500.00"
2019-03-12,2019031201006851,NHPC,45,56,"1,000",74.00,"74,000.00"
2019-03-12,2019031201006850,NHPC,45,39,250,74.00,"18,500.00"
2019-03-12,2019031201006803,NHPC,11,39,650,74.00,"48,100.00"
2019-03-12,2019031201006802,NHPC,11,7,350,74.00,"25,900.00"
2019-03-12,2019031201007121,NIB,32,33,100,541.00,"54,100.00"
2019-03-12,2019031201007107,NIB,55,47,100,540.00,"54,000.00"
2019-03-12,2019031201007106,NIB,55,42,37,540.00,"19,980.00"
2019-03-12,2019031201007105,NIB,55,56,17,540.00,"9,180.00"
2019-03-12,2019031201007104,NIB,55,48,300,540.00,"162,000.00"
2019-03-12,2019031201007103,NIB,49,43,37,539.00,"19,943.00"
2019-03-12,2019031201006969,NIB,41,38,20,540.00,"10,800.00"
2019-03-12,2019031201006927,NIB,41,37,90,539.00,"48,510.00"
2019-03-12,2019031201006837,NIB,1,37,200,539.00,"107,800.00"
2019-03-12,2019031201006836,NIB,51,37,10,539.00,"5,390.00"
2019-03-12,2019031201006705,NIB,51,5,20,539.00,"10,780.00"
2019-03-12,2019031201007096,NIB,35,46,4,540.00,"2,160.00"
2019-03-12,2019031201007095,NIB,32,46,100,540.00,"54,000.00"
2019-03-12,2019031201007056,NIB,49,22,38,539.00,"20,482.00"
2019-03-12,2019031201007055,NIB,41,22,260,539.00,"140,140.00"
2019-03-12,2019031201006971,NIB,41,42,30,540.00,"16,200.00"
2019-03-12,2019031201006970,NIB,41,45,50,540.00,"27,000.00"
2019-03-12,2019031201007090,NIBPO,37,8,"1,000",483.00,"483,000.00"
2019-03-12,2019031201007089,NIBPO,13,8,500,483.00,"241,500.00"
2019-03-12,2019031201007088,NIBPO,6,8,200,483.00,"96,600.00"
2019-03-12,2019031201007085,NICA,42,44,53,402.00,"21,306.00"
2019-03-12,2019031201007083,NICA,42,44,70,402.00,"28,140.00"
2019-03-12,2019031201007001,NICA,35,44,70,402.00,"28,140.00"
2019-03-12,2019031201007000,NICA,35,34,30,402.00,"12,060.00"
2019-03-12,2019031201006961,NICA,6,57,300,400.00,"120,000.00"
2019-03-12,2019031201006768,NICA,46,43,10,403.00,"4,030.00"
2019-03-12,2019031201006712,NICA,46,29,250,401.00,"100,250.00"
2019-03-12,2019031201006711,NICA,41,29,600,402.00,"241,200.00"
2019-03-12,2019031201006704,NICA,35,43,200,403.00,"80,600.00"
2019-03-12,2019031201006691,NICA,44,44,3,396.00,"1,188.00"
2019-03-12,2019031201006681,NICA,29,57,300,402.00,"120,600.00"
2019-03-12,2019031201006718,NICA,6,29,35,400.00,"14,000.00"
2019-03-12,2019031201006717,NICA,39,29,200,400.00,"80,000.00"
2019-03-12,2019031201006716,NICA,55,29,100,400.00,"40,000.00"
2019-03-12,2019031201006715,NICA,4,29,500,400.00,"200,000.00"
2019-03-12,2019031201006714,NICA,4,29,300,400.00,"120,000.00"
2019-03-12,2019031201006713,NICA,46,29,310,401.00,"124,310.00"
2019-03-12,2019031201007179,NIL,4,53,200,536.00,"107,200.00"
2019-03-12,2019031201007086,NIL,4,48,200,536.00,"107,200.00"
2019-03-12,2019031201006743,NIL,39,6,100,536.00,"53,600.00"
2019-03-12,2019031201006742,NIL,17,6,100,536.00,"53,600.00"
2019-03-12,2019031201007132,NLIC,42,28,33,"1,124.00","37,092.00"
2019-03-12,2019031201007131,NLIC,42,43,17,"1,123.00","19,091.00"
2019-03-12,2019031201007076,NLIC,33,33,17,"1,120.00","19,040.00"
2019-03-12,2019031201006994,NLIC,52,1,17,"1,120.00","19,040.00"
2019-03-12,2019031201006942,NLIC,56,56,1,"1,121.00","1,121.00"
2019-03-12,2019031201006912,NLIC,45,28,326,"1,124.00","366,424.00"
2019-03-12,2019031201006911,NLIC,45,8,585,"1,123.00","656,955.00"
2019-03-12,2019031201006910,NLIC,45,58,89,"1,121.00","99,769.00"
2019-03-12,2019031201006887,NLIC,34,44,32,"1,120.00","35,840.00"
2019-03-12,2019031201007145,NLICL,42,56,50,665.00,"33,250.00"
2019-03-12,2019031201006839,NLICL,49,56,500,663.00,"331,500.00"
2019-03-12,2019031201006838,NLICL,47,56,200,664.00,"132,800.00"
2019-03-12,2019031201006779,NLICL,19,35,50,665.00,"33,250.00"
2019-03-12,2019031201007075,NMB,41,44,100,325.00,"32,500.00"
2019-03-12,2019031201006975,NMB,29,44,300,325.00,"97,500.00"
2019-03-12,2019031201006933,NMB,55,55,43,325.00,"13,975.00"
2019-03-12,2019031201006874,NMB,32,8,240,325.00,"78,000.00"
2019-03-12,2019031201006873,NMB,52,8,50,325.00,"16,250.00"
2019-03-12,2019031201006765,NMB,11,43,200,326.00,"65,200.00"
2019-03-12,2019031201006835,NNLB,32,53,250,480.00,"120,000.00"
2019-03-12,2019031201006759,NNLB,5,53,250,480.00,"120,000.00"
2019-03-12,2019031201006758,NNLB,5,41,100,479.00,"47,900.00"
2019-03-12,2019031201006757,NNLB,5,29,100,479.00,"47,900.00"
2019-03-12,2019031201006744,NNLB,5,46,250,478.00,"119,500.00"
2019-03-12,2019031201006756,NTC,42,29,95,683.00,"64,885.00"
2019-03-12,2019031201006755,NTC,42,14,20,683.00,"13,660.00"
2019-03-12,2019031201007147,NUBL,39,28,43,758.00,"32,594.00"
2019-03-12,2019031201007146,NUBL,45,28,30,760.00,"22,800.00"
2019-03-12,2019031201007077,NUBL,36,22,20,764.00,"15,280.00"
2019-03-12,2019031201007064,NUBL,39,44,100,762.00,"76,200.00"
2019-03-12,2019031201006999,NUBL,28,44,100,762.00,"76,200.00"
2019-03-12,2019031201006825,NUBL,45,57,20,760.00,"15,200.00"
2019-03-12,2019031201006824,NUBL,34,57,40,760.00,"30,400.00"
2019-03-12,2019031201006853,OHL,26,6,110,435.00,"47,850.00"
2019-03-12,2019031201006852,OHL,36,6,30,436.00,"13,080.00"
2019-03-12,2019031201006992,PCBL,44,53,100,321.00,"32,100.00"
2019-03-12,2019031201006801,PCBL,33,53,10,321.00,"3,210.00"
2019-03-12,2019031201006761,PCBL,55,53,126,321.00,"40,446.00"
2019-03-12,2019031201006734,PCBL,41,48,"1,219",321.00,"391,299.00"
2019-03-12,2019031201006733,PCBL,41,53,280,321.00,"89,880.00"
2019-03-12,2019031201006798,PFL,58,50,"2,000",134.00,"268,000.00"
2019-03-12,2019031201006797,PFL,58,19,"1,200",134.00,"160,800.00"
2019-03-12,2019031201006796,PFL,58,43,13,134.00,"1,742.00"
2019-03-12,2019031201006795,PFL,58,58,150,133.00,"19,950.00"
2019-03-12,2019031201006794,PFL,58,44,"1,000",133.00,"133,000.00"
2019-03-12,2019031201007167,PIC,43,50,11,"1,043.00","11,473.00"
2019-03-12,2019031201007152,PIC,42,1,50,"1,048.00","52,400.00"
2019-03-12,2019031201007099,PIC,40,41,91,"1,042.00","94,822.00"
2019-03-12,2019031201007032,PIC,40,1,11,"1,042.00","11,462.00"
2019-03-12,2019031201006828,PIC,40,17,11,"1,042.00","11,462.00"
2019-03-12,2019031201006722,PIC,45,22,50,"1,049.00","52,450.00"
2019-03-12,2019031201006907,PLIC,55,33,130,461.00,"59,930.00"
2019-03-12,2019031201006894,PLIC,55,43,100,460.00,"46,000.00"
2019-03-12,2019031201007028,PRIN,6,17,260,424.00,"110,240.00"
2019-03-12,2019031201006892,PRIN,37,45,500,425.00,"212,500.00"
2019-03-12,2019031201006781,PRIN,6,26,40,424.00,"16,960.00"
2019-03-12,2019031201007172,PRVU,4,34,150,238.00,"35,700.00"
2019-03-12,2019031201007071,PRVU,46,34,100,238.00,"23,800.00"
2019-03-12,2019031201007059,PRVU,6,34,100,238.00,"23,800.00"
2019-03-12,2019031201007057,PRVU,20,34,200,238.00,"47,600.00"
2019-03-12,2019031201006973,PRVU,45,34,100,238.00,"23,800.00"
2019-03-12,2019031201006905,PRVU,32,34,250,238.00,"59,500.00"
2019-03-12,2019031201006844,PRVU,43,34,100,238.00,"23,800.00"
2019-03-12,2019031201006690,PRVU,26,48,"1,850",238.00,"440,300.00"
2019-03-12,2019031201007049,RADHI,26,55,11,174.00,"1,914.00"
2019-03-12,2019031201007048,RADHI,26,26,11,174.00,"1,914.00"
2019-03-12,2019031201007047,RADHI,26,44,11,174.00,"1,914.00"
2019-03-12,2019031201007046,RADHI,26,26,11,174.00,"1,914.00"
2019-03-12,2019031201007045,RADHI,50,42,11,174.00,"1,914.00"
2019-03-12,2019031201006763,RBCL,58,16,40,"9,495.00","379,800.00"
2019-03-12,2019031201006762,RBCL,58,7,10,"9,494.00","94,940.00"
2019-03-12,2019031201006738,RBCLPO,26,28,20,"8,700.00","174,000.00"
2019-03-12,2019031201007159,RHPC,8,34,100,96.00,"9,600.00"
2019-03-12,2019031201006857,RMDC,39,45,25,545.00,"13,625.00"
2019-03-12,2019031201006780,RRHP,39,11,20,94.00,"1,880.00"
2019-03-12,2019031201007117,SADBL,57,49,"20,006",142.00,"2,840,852.00"
2019-03-12,2019031201006751,SANIMA,45,29,378,304.00,"114,912.00"
2019-03-12,2019031201006750,SANIMA,16,29,100,304.00,"30,400.00"
2019-03-12,2019031201006749,SANIMA,49,29,100,304.00,"30,400.00"
2019-03-12,2019031201006748,SANIMA,14,29,300,305.00,"91,500.00"
2019-03-12,2019031201006747,SANIMA,49,29,160,305.00,"48,800.00"
2019-03-12,2019031201006746,SANIMA,35,29,500,306.00,"153,000.00"
2019-03-12,2019031201006745,SANIMA,57,29,200,306.00,"61,200.00"
2019-03-12,2019031201007115,SBI,40,17,150,395.00,"59,250.00"
2019-03-12,2019031201007114,SBI,34,17,300,395.00,"118,500.00"
2019-03-12,2019031201007113,SBI,54,17,200,396.00,"79,200.00"
2019-03-12,2019031201007084,SBI,3,17,29,397.00,"11,513.00"
2019-03-12,2019031201007067,SBI,41,17,100,399.00,"39,900.00"
2019-03-12,2019031201006945,SBI,59,7,50,398.00,"19,900.00"
2019-03-12,2019031201006944,SBI,59,43,369,398.00,"146,862.00"
2019-03-12,2019031201006943,SBI,59,25,230,398.00,"91,540.00"
2019-03-12,2019031201006897,SBI,3,34,71,397.00,"28,187.00"
2019-03-12,2019031201006778,SBI,29,25,200,398.00,"79,600.00"
2019-03-12,2019031201006753,SBI,54,25,50,398.00,"19,900.00"
2019-03-12,2019031201007035,SBL,41,59,100,298.00,"29,800.00"
2019-03-12,2019031201007112,SCB,32,3,50,560.00,"28,000.00"
2019-03-12,2019031201007081,SCB,47,38,50,557.00,"27,850.00"
2019-03-12,2019031201007078,SCB,32,38,100,557.00,"55,700.00"
2019-03-12,2019031201007042,SCB,7,16,10,561.00,"5,610.00"
2019-03-12,2019031201007041,SCB,7,42,50,560.00,"28,000.00"
2019-03-12,2019031201007040,SCB,7,7,200,560.00,"112,000.00"
2019-03-12,2019031201006923,SCB,54,54,20,556.00,"11,120.00"
2019-03-12,2019031201006913,SCB,16,43,50,557.00,"27,850.00"
2019-03-12,2019031201006829,SCB,49,5,42,557.00,"23,394.00"
2019-03-12,2019031201007039,SCB,7,59,20,559.00,"11,180.00"
2019-03-12,2019031201007038,SCB,7,59,20,559.00,"11,180.00"
2019-03-12,2019031201007037,SCB,7,43,100,558.00,"55,800.00"
2019-03-12,2019031201007036,SCB,7,28,100,557.00,"55,700.00"
2019-03-12,2019031201007027,SCB,36,43,150,557.00,"83,550.00"
2019-03-12,2019031201006997,SCB,54,3,150,556.00,"83,400.00"
2019-03-12,2019031201006929,SDESI,43,46,19,595.00,"11,305.00"
2019-03-12,2019031201007062,SHINE,45,28,300,239.00,"71,700.00"
2019-03-12,2019031201006914,SHINE,33,57,50,240.00,"12,000.00"
2019-03-12,2019031201007061,SHINE,20,28,10,239.00,"2,390.00"
2019-03-12,2019031201007060,SHINE,26,28,184,239.00,"43,976.00"
2019-03-12,2019031201007175,SHL,46,43,120,206.00,"24,720.00"
2019-03-12,2019031201007177,SIC,42,6,20,"1,310.00","26,200.00"
2019-03-12,2019031201007087,SIC,55,6,10,"1,313.00","13,130.00"
2019-03-12,2019031201006978,SICL,41,6,15,900.00,"13,500.00"
2019-03-12,2019031201006849,SICL,50,34,50,900.00,"45,000.00"
2019-03-12,2019031201006848,SICL,42,34,10,900.00,"9,000.00"
2019-03-12,2019031201006847,SICL,56,34,27,900.00,"24,300.00"
2019-03-12,2019031201006846,SICL,42,34,100,905.00,"90,500.00"
2019-03-12,2019031201006845,SICL,49,34,20,906.00,"18,120.00"
2019-03-12,2019031201006787,SICL,18,6,50,906.00,"45,300.00"
2019-03-12,2019031201006995,SIFC,22,53,20,138.00,"2,760.00"
2019-03-12,2019031201006899,SIL,44,8,58,630.00,"36,540.00"
2019-03-12,2019031201006840,SIL,5,45,33,625.00,"20,625.00"
2019-03-12,2019031201006806,SKBBL,38,20,500,873.00,"436,500.00"
2019-03-12,2019031201006805,SKBBL,38,29,100,873.00,"87,300.00"
2019-03-12,2019031201006804,SKBBL,38,42,100,873.00,"87,300.00"
2019-03-12,2019031201006893,SLBBL,46,49,10,518.00,"5,180.00"
2019-03-12,2019031201007168,SLICL,36,6,30,550.00,"16,500.00"
2019-03-12,2019031201007026,SLICL,36,17,"1,680",550.00,"924,000.00"
2019-03-12,2019031201007025,SLICL,36,43,18,549.00,"9,882.00"
2019-03-12,2019031201007024,SLICL,42,43,32,549.00,"17,568.00"
2019-03-12,2019031201006701,SLICL,53,50,123,543.00,"66,789.00"
2019-03-12,2019031201006700,SLICL,48,50,300,544.00,"163,200.00"
2019-03-12,2019031201006699,SLICL,55,50,30,545.00,"16,350.00"
2019-03-12,2019031201006957,SPDL,37,39,100,99.00,"9,900.00"
2019-03-12,2019031201006956,SPDL,19,39,200,99.00,"19,800.00"
2019-03-12,2019031201006955,SPDL,45,39,383,99.00,"37,917.00"
2019-03-12,2019031201006882,SRBL,55,55,175,223.00,"39,025.00"
2019-03-12,2019031201006819,SRBL,58,48,13,226.00,"2,938.00"
2019-03-12,2019031201006818,SRBL,58,41,348,225.00,"78,300.00"
2019-03-12,2019031201006817,SRBL,58,21,100,225.00,"22,500.00"
2019-03-12,2019031201006816,SRBL,58,59,349,225.00,"78,525.00"
2019-03-12,2019031201006815,SRBL,58,55,100,225.00,"22,500.00"
2019-03-12,2019031201006814,SRBL,58,29,100,223.00,"22,300.00"
2019-03-12,2019031201006680,SRBL,47,29,100,223.00,"22,300.00"
2019-03-12,2019031201007043,SWBBL,57,17,166,835.00,"138,610.00"
2019-03-12,2019031201006871,SWBBL,50,43,85,834.00,"70,890.00"
2019-03-12,2019031201006820,SWBBL,50,47,60,830.00,"49,800.00"
2019-03-12,2019031201007143,UPPER,13,14,50,246.00,"12,300.00"
2019-03-12,2019031201007142,UPPER,13,19,50,246.00,"12,300.00"
2019-03-12,2019031201007141,UPPER,13,21,50,246.00,"12,300.00"
2019-03-12,2019031201007140,UPPER,13,39,500,246.00,"123,000.00"
2019-03-12,2019031201007139,UPPER,13,48,40,246.00,"9,840.00"
2019-03-12,2019031201007138,UPPER,13,29,293,246.00,"72,078.00"
2019-03-12,2019031201006754,UPPER,48,44,50,242.00,"12,100.00"
2019-03-12,2019031201006736,UPPER,35,44,300,243.00,"72,900.00"
2019-03-12,2019031201006735,UPPER,26,44,77,243.00,"18,711.00"
2019-03-12,2019031201006731,UPPER,26,33,50,243.00,"12,150.00"
2019-03-12,2019031201006869,UPPER,41,1,40,243.00,"9,720.00"
2019-03-12,2019031201006855,UPPER,41,1,50,243.00,"12,150.00"
2019-03-12,2019031201006784,UPPER,41,8,50,243.00,"12,150.00"
2019-03-12,2019031201006767,UPPER,33,22,50,243.00,"12,150.00"
2019-03-12,2019031201006766,UPPER,33,44,"1,623",243.00,"394,389.00"
2019-03-12,2019031201006891,UPPER,3,44,225,244.00,"54,900.00"
2019-03-12,2019031201006890,UPPER,3,59,275,244.00,"67,100.00"
2019-03-12,2019031201006888,UPPER,41,18,50,243.00,"12,150.00"
2019-03-12,2019031201006883,UPPER,41,18,50,243.00,"12,150.00"
2019-03-12,2019031201006877,UPPER,41,43,500,243.00,"121,500.00"
2019-03-12,2019031201006976,UPPER,42,44,60,244.00,"14,640.00"
2019-03-12,2019031201006958,UPPER,41,58,50,243.00,"12,150.00"
2019-03-12,2019031201006952,UPPER,42,44,150,244.00,"36,600.00"
2019-03-12,2019031201006934,UPPER,41,54,50,243.00,"12,150.00"
2019-03-12,2019031201006896,UPPER,41,18,10,243.00,"2,430.00"
2019-03-12,2019031201007003,UPPER,46,42,119,244.00,"29,036.00"
2019-03-12,2019031201007002,UPPER,46,44,535,244.00,"130,540.00"
2019-03-12,2019031201006996,UPPER,41,58,50,243.00,"12,150.00"
2019-03-12,2019031201006991,UPPER,34,44,30,244.00,"7,320.00"
2019-03-12,2019031201006986,UPPER,41,58,40,243.00,"9,720.00"
2019-03-12,2019031201006979,UPPER,41,58,50,243.00,"12,150.00"
2019-03-12,2019031201007009,UPPER,46,59,50,244.00,"12,200.00"
2019-03-12,2019031201007008,UPPER,46,59,50,244.00,"12,200.00"
2019-03-12,2019031201007007,UPPER,46,59,50,244.00,"12,200.00"
2019-03-12,2019031201007006,UPPER,46,54,40,244.00,"9,760.00"
2019-03-12,2019031201007005,UPPER,46,17,40,244.00,"9,760.00"
2019-03-12,2019031201007004,UPPER,46,17,40,244.00,"9,760.00"
2019-03-12,2019031201007015,UPPER,46,46,50,245.00,"12,250.00"
2019-03-12,2019031201007014,UPPER,46,46,50,245.00,"12,250.00"
2019-03-12,2019031201007013,UPPER,46,46,50,245.00,"12,250.00"
2019-03-12,2019031201007012,UPPER,46,39,50,245.00,"12,250.00"
2019-03-12,2019031201007011,UPPER,46,50,563,245.00,"137,935.00"
2019-03-12,2019031201007010,UPPER,46,57,200,245.00,"49,000.00"
2019-03-12,2019031201007021,UPPER,46,59,30,245.00,"7,350.00"
2019-03-12,2019031201007020,UPPER,46,59,30,245.00,"7,350.00"
2019-03-12,2019031201007019,UPPER,46,43,50,245.00,"12,250.00"
2019-03-12,2019031201007018,UPPER,46,33,100,245.00,"24,500.00"
2019-03-12,2019031201007017,UPPER,46,46,101,245.00,"24,745.00"
2019-03-12,2019031201007016,UPPER,46,46,72,245.00,"17,640.00"
2019-03-12,2019031201007137,UPPER,13,57,50,246.00,"12,300.00"
2019-03-12,2019031201007136,UPPER,13,50,150,246.00,"36,900.00"
2019-03-12,2019031201007050,UPPER,13,50,50,246.00,"12,300.00"
2019-03-12,2019031201007023,UPPER,46,39,100,245.00,"24,500.00"
2019-03-12,2019031201007022,UPPER,46,59,20,245.00,"4,900.00"
2019-03-12,2019031201006666,ADBL,29,49,312,304.00,"94,848.00"
2019-03-12,2019031201006665,ADBL,16,49,200,304.00,"60,800.00"
2019-03-12,2019031201006664,ADBL,40,49,88,305.00,"26,840.00"
2019-03-12,2019031201006605,ADBL,45,57,20,305.00,"6,100.00"
2019-03-12,2019031201006496,AKPL,52,20,10,184.00,"1,840.00"
2019-03-12,2019031201006448,AKPL,52,20,10,184.00,"1,840.00"
2019-03-12,2019031201006188,AKPL,22,19,180,186.00,"33,480.00"
2019-03-12,2019031201006483,ALICL,52,35,200,400.00,"80,000.00"
2019-03-12,2019031201006482,ALICL,52,54,200,400.00,"80,000.00"
2019-03-12,2019031201006413,ALICL,22,54,300,400.00,"120,000.00"
2019-03-12,2019031201006526,BBC,4,34,10,"1,700.00","17,000.00"
2019-03-12,2019031201006607,BFC,20,16,17,95.00,"1,615.00"
2019-03-12,2019031201006606,BFC,25,16,23,95.00,"2,185.00"
2019-03-12,2019031201006323,BHBL,34,8,160,140.00,"22,400.00"
2019-03-12,2019031201006583,BOKL,57,58,100,253.00,"25,300.00"
2019-03-12,2019031201006582,BOKL,57,58,132,253.00,"33,396.00"
2019-03-12,2019031201006581,BOKL,57,1,800,253.00,"202,400.00"
2019-03-12,2019031201006580,BOKL,57,22,200,252.00,"50,400.00"
2019-03-12,2019031201006579,BOKL,57,40,100,252.00,"25,200.00"
2019-03-12,2019031201006531,BPCL,48,43,200,370.00,"74,000.00"
2019-03-12,2019031201006530,BPCL,48,51,348,369.00,"128,412.00"
2019-03-12,2019031201006529,BPCL,48,51,80,369.00,"29,520.00"
2019-03-12,2019031201006528,BPCL,48,59,50,369.00,"18,450.00"
2019-03-12,2019031201006381,CBBL,49,42,110,900.00,"99,000.00"
2019-03-12,2019031201006677,CBL,59,25,516,162.00,"83,592.00"
2019-03-12,2019031201006644,CBL,22,6,500,162.00,"81,000.00"
2019-03-12,2019031201006470,CBL,59,13,55,161.00,"8,855.00"
2019-03-12,2019031201006394,CBL,58,46,38,163.00,"6,194.00"
2019-03-12,2019031201006393,CBL,58,48,30,163.00,"4,890.00"
2019-03-12,2019031201006392,CBL,58,17,82,162.00,"13,284.00"
2019-03-12,2019031201006325,CBL,51,58,138,162.00,"22,356.00"
2019-03-12,2019031201006663,CCBL,56,43,25,167.00,"4,175.00"
2019-03-12,2019031201006656,CCBL,42,56,100,168.00,"16,800.00"
2019-03-12,2019031201006655,CCBL,42,54,50,168.00,"8,400.00"
2019-03-12,2019031201006654,CCBL,42,1,"2,000",168.00,"336,000.00"
2019-03-12,2019031201006651,CCBL,56,43,19,167.00,"3,173.00"
2019-03-12,2019031201006315,CCBL,46,48,300,168.00,"50,400.00"
2019-03-12,2019031201006314,CCBL,46,51,150,168.00,"25,200.00"
2019-03-12,2019031201006313,CCBL,46,25,760,168.00,"127,680.00"
2019-03-12,2019031201006312,CCBL,46,25,498,168.00,"83,664.00"
2019-03-12,2019031201006198,CCBL,46,25,200,168.00,"33,600.00"
2019-03-12,2019031201006494,CHLBS,45,38,10,570.00,"5,700.00"
2019-03-12,2019031201006493,CHLBS,45,13,10,570.00,"5,700.00"
2019-03-12,2019031201006492,CHLBS,45,46,10,569.00,"5,690.00"
2019-03-12,2019031201006491,CHLBS,45,46,10,569.00,"5,690.00"
2019-03-12,2019031201006490,CHLBS,45,56,10,568.00,"5,680.00"
2019-03-12,2019031201006458,CIT,17,33,13,"2,644.00","34,372.00"
2019-03-12,2019031201006294,CIT,10,19,20,"2,640.00","52,800.00"
2019-03-12,2019031201006293,CIT,10,21,100,"2,640.00","264,000.00"
2019-03-12,2019031201006292,CIT,10,38,22,"2,640.00","58,080.00"
2019-03-12,2019031201006195,CORBL,52,48,990,98.00,"97,020.00"
2019-03-12,2019031201006194,CORBL,52,11,10,98.00,980.00
2019-03-12,2019031201006578,CZBIL,44,44,1,212.00,212.00
2019-03-12,2019031201006569,CZBIL,19,41,"1,000",215.00,"215,000.00"
2019-03-12,2019031201006568,CZBIL,19,41,500,215.00,"107,500.00"
2019-03-12,2019031201006567,CZBIL,19,39,100,215.00,"21,500.00"
2019-03-12,2019031201006566,CZBIL,19,17,500,215.00,"107,500.00"
2019-03-12,2019031201006565,CZBIL,19,56,60,215.00,"12,900.00"
2019-03-12,2019031201006228,CZBIL,19,56,450,214.00,"96,300.00"
2019-03-12,2019031201006227,CZBIL,19,54,50,214.00,"10,700.00"
2019-03-12,2019031201006226,CZBIL,19,4,500,214.00,"107,000.00"
2019-03-12,2019031201006215,CZBIL,45,56,10,212.00,"2,120.00"
2019-03-12,2019031201006290,CZBIL,54,56,10,214.00,"2,140.00"
2019-03-12,2019031201006258,CZBIL,54,56,10,214.00,"2,140.00"
2019-03-12,2019031201006231,CZBIL,54,41,500,214.00,"107,000.00"
2019-03-12,2019031201006230,CZBIL,54,41,141,214.00,"30,174.00"
2019-03-12,2019031201006229,CZBIL,54,56,550,214.00,"117,700.00"
2019-03-12,2019031201006564,CZBIL,19,26,400,215.00,"86,000.00"
2019-03-12,2019031201006563,CZBIL,19,17,80,215.00,"17,200.00"
2019-03-12,2019031201006532,CZBIL,54,35,50,214.00,"10,700.00"
2019-03-12,2019031201006503,CZBIL,54,57,78,214.00,"16,692.00"
2019-03-12,2019031201006400,CZBIL,54,48,700,214.00,"149,800.00"
2019-03-12,2019031201006343,CZBIL,54,56,10,214.00,"2,140.00"
2019-03-12,2019031201006429,DBBL,36,44,20,126.00,"2,520.00"
2019-03-12,2019031201006418,DBBL,36,44,20,126.00,"2,520.00"
2019-03-12,2019031201006624,DDBL,10,41,300,600.00,"180,000.00"
2019-03-12,2019031201006423,DDBL,57,22,50,605.00,"30,250.00"
2019-03-12,2019031201006612,DHPL,32,51,10,87.00,870.00
2019-03-12,2019031201006594,DHPL,32,51,11,87.00,957.00
2019-03-12,2019031201006573,DHPL,32,51,11,87.00,957.00
2019-03-12,2019031201006553,DHPL,32,51,10,87.00,870.00
2019-03-12,2019031201006650,EBL,45,46,50,542.00,"27,100.00"
2019-03-12,2019031201006622,EBL,21,43,200,542.00,"108,400.00"
2019-03-12,2019031201006621,EBL,21,51,100,542.00,"54,200.00"
2019-03-12,2019031201006620,EBL,21,29,160,541.00,"86,560.00"
2019-03-12,2019031201006516,EBL,28,32,80,540.00,"43,200.00"
2019-03-12,2019031201006473,EBL,50,32,412,540.00,"222,480.00"
2019-03-12,2019031201006337,EBL,39,32,88,540.00,"47,520.00"
2019-03-12,2019031201006336,EBL,39,46,12,539.00,"6,468.00"
2019-03-12,2019031201006576,EBL,45,29,40,541.00,"21,640.00"
2019-03-12,2019031201006539,EBL,14,32,340,540.00,"183,600.00"
2019-03-12,2019031201006518,EBL,41,32,50,540.00,"27,000.00"
2019-03-12,2019031201006517,EBL,49,32,30,540.00,"16,200.00"
2019-03-12,2019031201006674,EDBL,45,14,20,288.00,"5,760.00"
2019-03-12,2019031201006641,EDBL,25,56,10,288.00,"2,880.00"
2019-03-12,2019031201006640,EDBL,25,19,180,287.00,"51,660.00"
2019-03-12,2019031201006533,EIC,32,29,50,820.00,"41,000.00"
2019-03-12,2019031201006572,FMDBL,1,6,20,383.00,"7,660.00"
2019-03-12,2019031201006347,FMDBL,21,6,100,383.00,"38,300.00"
2019-03-12,2019031201006653,FOWAD,22,22,15,"1,550.00","23,250.00"
2019-03-12,2019031201006502,GBBL,1,39,50,188.00,"9,400.00"
2019-03-12,2019031201006668,GBIME,45,43,100,270.00,"27,000.00"
2019-03-12,2019031201006199,GDBL,50,45,10,183.00,"1,830.00"
2019-03-12,2019031201006409,GDBL,46,19,200,185.00,"37,000.00"
2019-03-12,2019031201006408,GDBL,46,7,24,185.00,"4,440.00"
2019-03-12,2019031201006407,GDBL,46,28,"1,000",185.00,"185,000.00"
2019-03-12,2019031201006406,GDBL,46,58,900,185.00,"166,500.00"
2019-03-12,2019031201006405,GDBL,46,39,835,184.00,"153,640.00"
2019-03-12,2019031201006623,GLICL,22,6,70,744.00,"52,080.00"
2019-03-12,2019031201006291,GRDBL,57,44,50,105.00,"5,250.00"
2019-03-12,2019031201006498,GUFL,51,10,300,110.00,"33,000.00"
2019-03-12,2019031201006497,GUFL,51,36,90,110.00,"9,900.00"
2019-03-12,2019031201006297,HGI,17,46,181,394.00,"71,314.00"
2019-03-12,2019031201006296,HGI,17,29,70,394.00,"27,580.00"
2019-03-12,2019031201006434,HPPL,41,41,10,195.00,"1,950.00"
2019-03-12,2019031201006670,IGI,29,29,40,422.00,"16,880.00"
2019-03-12,2019031201006221,IGI,17,4,79,427.00,"33,733.00"
2019-03-12,2019031201006451,IGI,53,32,50,430.00,"21,500.00"
2019-03-12,2019031201006450,IGI,53,37,100,429.00,"42,900.00"
2019-03-12,2019031201006602,IGI,49,29,50,423.00,"21,150.00"
2019-03-12,2019031201006338,JBBL,46,56,100,140.00,"14,000.00"
2019-03-12,2019031201006614,JBNL,46,18,"1,000",174.00,"174,000.00"
2019-03-12,2019031201006538,JBNL,8,42,100,174.00,"17,400.00"
2019-03-12,2019031201006537,JBNL,36,42,200,174.00,"34,800.00"
2019-03-12,2019031201006387,JBNL,50,28,"3,500",174.00,"609,000.00"
2019-03-12,2019031201006386,JBNL,50,11,267,174.00,"46,458.00"
2019-03-12,2019031201006574,KBL,57,29,200,241.00,"48,200.00"
2019-03-12,2019031201006549,KBL,57,35,"1,000",244.00,"244,000.00"
2019-03-12,2019031201006548,KBL,57,53,200,244.00,"48,800.00"
2019-03-12,2019031201006547,KBL,57,43,300,244.00,"73,200.00"
2019-03-12,2019031201006452,KBL,34,17,40,243.00,"9,720.00"
2019-03-12,2019031201006554,KPCL,32,39,10,95.00,950.00
2019-03-12,2019031201006511,KPCL,32,39,10,95.00,950.00
2019-03-12,2019031201006481,KSBBL,45,47,200,143.00,"28,600.00"
2019-03-12,2019031201006480,KSBBL,45,32,200,143.00,"28,600.00"
2019-03-12,2019031201006397,LBBL,46,32,184,174.00,"32,016.00"
2019-03-12,2019031201006276,LBBL,34,43,253,175.00,"44,275.00"
2019-03-12,2019031201006275,LBBL,34,34,247,175.00,"43,225.00"
2019-03-12,2019031201006256,LBBL,46,14,16,174.00,"2,784.00"
2019-03-12,2019031201006428,LBL,39,14,900,201.00,"180,900.00"
2019-03-12,2019031201006427,LBL,39,40,183,200.00,"36,600.00"
2019-03-12,2019031201006324,LBL,32,40,200,200.00,"40,000.00"
2019-03-12,2019031201006219,LBL,59,8,200,199.00,"39,800.00"
2019-03-12,2019031201006658,LICN,1,25,50,"1,499.00","74,950.00"
2019-03-12,2019031201006619,LICN,14,17,500,"1,495.00","747,500.00"
2019-03-12,2019031201006584,LVF1,28,43,100,9.05,905.00
2019-03-12,2019031201006679,MBL,43,39,50,221.00,"11,050.00"
2019-03-12,2019031201006636,MBL,10,39,"1,000",221.00,"221,000.00"
2019-03-12,2019031201006632,MBL,34,11,"1,212",220.00,"266,640.00"
2019-03-12,2019031201006631,MBL,32,11,200,220.00,"44,000.00"
2019-03-12,2019031201006629,MBL,34,39,200,221.00,"44,200.00"
2019-03-12,2019031201006613,MBL,25,39,"1,000",221.00,"221,000.00"
2019-03-12,2019031201006191,MBL,48,34,"1,961",221.00,"433,381.00"
2019-03-12,2019031201006376,MBL,21,39,"1,000",221.00,"221,000.00"
2019-03-12,2019031201006375,MBL,45,54,50,220.00,"11,000.00"
2019-03-12,2019031201006330,MBL,40,39,"4,500",221.00,"994,500.00"
2019-03-12,2019031201006289,MBL,45,11,"4,950",220.00,"1,089,000.00"
2019-03-12,2019031201006288,MBL,49,11,50,220.00,"11,000.00"
2019-03-12,2019031201006273,MBL,42,39,500,221.00,"110,500.00"
2019-03-12,2019031201006508,MBL,34,28,500,221.00,"110,500.00"
2019-03-12,2019031201006501,MBL,34,11,500,221.00,"110,500.00"
2019-03-12,2019031201006424,MBL,34,39,"4,000",221.00,"884,000.00"
2019-03-12,2019031201006417,MBL,32,22,300,220.00,"66,000.00"
2019-03-12,2019031201006416,MBL,25,22,100,220.00,"22,000.00"
2019-03-12,2019031201006415,MBL,19,22,200,220.00,"44,000.00"
2019-03-12,2019031201006604,MBL,38,39,450,221.00,"99,450.00"
2019-03-12,2019031201006603,MBL,38,39,"1,000",221.00,"221,000.00"
2019-03-12,2019031201006589,MBL,52,34,"4,701",221.00,"1,038,921.00"
2019-03-12,2019031201006570,MBL,34,39,"1,000",221.00,"221,000.00"
2019-03-12,2019031201006551,MBL,48,22,100,222.00,"22,200.00"
2019-03-12,2019031201006550,MBL,48,22,100,222.00,"22,200.00"
2019-03-12,2019031201006657,MEGA,48,41,50,169.00,"8,450.00"
2019-03-12,2019031201006627,MEGA,19,37,300,168.00,"50,400.00"
2019-03-12,2019031201006611,MEGA,19,34,57,168.00,"9,576.00"
2019-03-12,2019031201006446,MEGA,19,19,101,168.00,"16,968.00"
2019-03-12,2019031201006383,MEGA,19,6,417,168.00,"70,056.00"
2019-03-12,2019031201006311,MEGA,36,6,439,168.00,"73,752.00"
2019-03-12,2019031201006310,MEGA,36,45,61,168.00,"10,248.00"
2019-03-12,2019031201006272,MEGA,42,45,439,168.00,"73,752.00"
2019-03-12,2019031201006271,MEGA,42,11,453,168.00,"76,104.00"
2019-03-12,2019031201006270,MEGA,42,25,108,168.00,"18,144.00"
2019-03-12,2019031201006186,MEGA,46,11,47,168.00,"7,896.00"
2019-03-12,2019031201006185,MEGA,46,5,253,168.00,"42,504.00"
2019-03-12,2019031201006339,MERO,17,44,16,602.00,"9,632.00"
2019-03-12,2019031201006635,MLBBL,32,45,50,615.00,"30,750.00"
2019-03-12,2019031201006626,MLBBL,32,19,100,614.00,"61,400.00"
2019-03-12,2019031201006597,MLBL,40,14,313,167.00,"52,271.00"
2019-03-12,2019031201006596,MLBL,21,14,60,167.00,"10,020.00"
2019-03-12,2019031201006669,MNBBL,45,57,20,352.00,"7,040.00"
2019-03-12,2019031201006662,MNBBL,57,57,100,352.00,"35,200.00"
2019-03-12,2019031201006255,MNBBL,32,37,400,349.00,"139,600.00"
2019-03-12,2019031201006269,MSMBS,17,41,100,557.00,"55,700.00"
2019-03-12,2019031201006661,NABIL,45,20,50,718.00,"35,900.00"
2019-03-12,2019031201006639,NABIL,57,20,50,718.00,"35,900.00"
2019-03-12,2019031201006509,NABIL,45,20,49,718.00,"35,182.00"
2019-03-12,2019031201006475,NABIL,55,22,35,717.00,"25,095.00"
2019-03-12,2019031201006474,NABIL,45,22,50,717.00,"35,850.00"
2019-03-12,2019031201006456,NABIL,28,20,80,718.00,"57,440.00"
2019-03-12,2019031201006295,NABIL,25,25,50,717.00,"35,850.00"
2019-03-12,2019031201006182,NABIL,1,20,471,718.00,"338,178.00"
2019-03-12,2019031201006181,NABIL,1,28,95,718.00,"68,210.00"
2019-03-12,2019031201006180,NABIL,1,59,134,718.00,"96,212.00"
2019-03-12,2019031201006647,NABILP,49,25,100,681.00,"68,100.00"
2019-03-12,2019031201006586,NABILP,32,35,80,680.00,"54,400.00"
2019-03-12,2019031201006585,NABILP,11,35,50,680.00,"34,000.00"
2019-03-12,2019031201006628,NADEP,19,43,70,699.00,"48,930.00"
2019-03-12,2019031201006552,NADEP,49,39,10,693.00,"6,930.00"
2019-03-12,2019031201006430,NADEP,19,16,10,687.00,"6,870.00"
2019-03-12,2019031201006367,NADEP,29,16,10,686.00,"6,860.00"
2019-03-12,2019031201006254,NADEP,32,16,10,690.00,"6,900.00"
2019-03-12,2019031201006193,NADEP,32,16,10,690.00,"6,900.00"
2019-03-12,2019031201006344,NADEP,29,16,10,686.00,"6,860.00"
2019-03-12,2019031201006332,NADEP,29,16,10,686.00,"6,860.00"
2019-03-12,2019031201006316,NADEP,29,16,10,686.00,"6,860.00"
2019-03-12,2019031201006302,NADEP,29,16,10,686.00,"6,860.00"
2019-03-12,2019031201006274,NADEP,32,16,10,690.00,"6,900.00"
2019-03-12,2019031201006671,NBB,56,29,200,198.00,"39,600.00"
2019-03-12,2019031201006365,NBB,22,59,44,197.00,"8,668.00"
2019-03-12,2019031201006348,NBB,58,59,56,198.00,"11,088.00"
2019-03-12,2019031201006421,NBBL,49,58,37,690.00,"25,530.00"
2019-03-12,2019031201006420,NBBL,49,10,63,690.00,"43,470.00"
2019-03-12,2019031201006618,NBL,33,57,192,293.00,"56,256.00"
2019-03-12,2019031201006540,NBL,17,32,"1,000",294.00,"294,000.00"
2019-03-12,2019031201006300,NBL,1,43,18,295.00,"5,310.00"
2019-03-12,2019031201006299,NBL,1,56,482,295.00,"142,190.00"
2019-03-12,2019031201006286,NBL,49,56,518,295.00,"152,810.00"
2019-03-12,2019031201006285,NBL,49,58,184,295.00,"54,280.00"
2019-03-12,2019031201006284,NBL,49,21,298,294.00,"87,612.00"
2019-03-12,2019031201006192,NBL,45,21,150,294.00,"44,100.00"
2019-03-12,2019031201006633,NCCB,40,44,"1,950",218.00,"425,100.00"
2019-03-12,2019031201006447,NCCB,36,44,50,218.00,"10,900.00"
2019-03-12,2019031201006431,NCCB,58,29,100,216.00,"21,600.00"
2019-03-12,2019031201006341,NCCB,34,44,"1,500",218.00,"327,000.00"
2019-03-12,2019031201006253,NCCB,43,39,570,219.00,"124,830.00"
2019-03-12,2019031201006252,NCCB,43,48,"1,000",219.00,"219,000.00"
2019-03-12,2019031201006218,NCCB,57,8,50,216.00,"10,800.00"
2019-03-12,2019031201006239,NCCB,43,39,200,218.00,"43,600.00"
2019-03-12,2019031201006238,NCCB,43,22,500,218.00,"109,000.00"
2019-03-12,2019031201006237,NCCB,43,38,"2,000",218.00,"436,000.00"
2019-03-12,2019031201006236,NCCB,43,32,"1,000",218.00,"218,000.00"
2019-03-12,2019031201006235,NCCB,43,56,"1,000",218.00,"218,000.00"
2019-03-12,2019031201006234,NCCB,43,32,"1,000",217.00,"217,000.00"
2019-03-12,2019031201006245,NCCB,43,45,500,219.00,"109,500.00"
2019-03-12,2019031201006244,NCCB,43,32,"1,000",218.00,"218,000.00"
2019-03-12,2019031201006243,NCCB,43,50,150,218.00,"32,700.00"
2019-03-12,2019031201006242,NCCB,43,16,468,218.00,"102,024.00"
2019-03-12,2019031201006241,NCCB,43,45,101,218.00,"22,018.00"
2019-03-12,2019031201006240,NCCB,43,32,500,218.00,"109,000.00"
2019-03-12,2019031201006251,NCCB,43,32,"1,000",219.00,"219,000.00"
2019-03-12,2019031201006250,NCCB,43,29,100,219.00,"21,900.00"
2019-03-12,2019031201006249,NCCB,43,35,300,219.00,"65,700.00"
2019-03-12,2019031201006248,NCCB,43,25,250,219.00,"54,750.00"
2019-03-12,2019031201006247,NCCB,43,6,"2,000",219.00,"438,000.00"
2019-03-12,2019031201006246,NCCB,43,33,"1,000",219.00,"219,000.00"
2019-03-12,2019031201006505,NHDL,45,41,90,139.00,"12,510.00"
2019-03-12,2019031201006504,NHDL,45,39,100,139.00,"13,900.00"
2019-03-12,2019031201006322,NHDL,45,51,10,137.00,"1,370.00"
2019-03-12,2019031201006321,NHDL,45,39,50,137.00,"6,850.00"
2019-03-12,2019031201006320,NHDL,45,39,10,136.00,"1,360.00"
2019-03-12,2019031201006319,NHDL,45,39,10,135.00,"1,350.00"
2019-03-12,2019031201006318,NHDL,45,39,10,135.00,"1,350.00"
2019-03-12,2019031201006507,NHPC,55,14,900,74.00,"66,600.00"
2019-03-12,2019031201006506,NHPC,55,56,100,74.00,"7,400.00"
2019-03-12,2019031201006465,NHPC,20,56,100,74.00,"7,400.00"
2019-03-12,2019031201006412,NHPC,42,56,"4,000",73.00,"292,000.00"
2019-03-12,2019031201006411,NHPC,21,56,"1,000",73.00,"73,000.00"
2019-03-12,2019031201006187,NHPC,36,56,100,74.00,"7,400.00"
2019-03-12,2019031201006559,NIB,54,13,200,539.00,"107,800.00"
2019-03-12,2019031201006558,NIB,45,13,50,539.00,"26,950.00"
2019-03-12,2019031201006557,NIB,57,28,100,540.00,"54,000.00"
2019-03-12,2019031201006519,NIB,35,55,96,540.00,"51,840.00"
2019-03-12,2019031201006510,NIB,45,55,30,540.00,"16,200.00"
2019-03-12,2019031201006464,NIB,28,55,100,540.00,"54,000.00"
2019-03-12,2019031201006301,NIB,48,10,200,539.00,"107,800.00"
2019-03-12,2019031201006216,NIB,1,34,23,538.00,"12,374.00"
2019-03-12,2019031201006360,NIB,22,35,60,539.00,"32,340.00"
2019-03-12,2019031201006359,NIB,22,35,60,539.00,"32,340.00"
2019-03-12,2019031201006358,NIB,22,35,60,539.00,"32,340.00"
2019-03-12,2019031201006357,NIB,22,51,25,539.00,"13,475.00"
2019-03-12,2019031201006356,NIB,22,13,33,539.00,"17,787.00"
2019-03-12,2019031201006355,NIB,22,10,15,539.00,"8,085.00"
2019-03-12,2019031201006396,NIB,49,55,154,540.00,"83,160.00"
2019-03-12,2019031201006380,NIB,3,55,100,540.00,"54,000.00"
2019-03-12,2019031201006364,NIB,22,55,20,540.00,"10,800.00"
2019-03-12,2019031201006363,NIB,22,53,200,540.00,"108,000.00"
2019-03-12,2019031201006362,NIB,22,42,147,540.00,"79,380.00"
2019-03-12,2019031201006361,NIB,22,11,380,540.00,"205,200.00"
2019-03-12,2019031201006660,NICA,29,8,195,402.00,"78,390.00"
2019-03-12,2019031201006659,NICA,1,8,105,402.00,"42,210.00"
2019-03-12,2019031201006646,NICA,44,44,3,396.00,"1,188.00"
2019-03-12,2019031201006625,NICA,44,44,4,396.00,"1,584.00"
2019-03-12,2019031201006617,NICA,1,22,500,402.00,"201,000.00"
2019-03-12,2019031201006555,NICA,44,44,6,396.00,"2,376.00"
2019-03-12,2019031201006266,NICA,1,42,60,402.00,"24,120.00"
2019-03-12,2019031201006265,NICA,1,39,125,402.00,"50,250.00"
2019-03-12,2019031201006264,NICA,1,49,10,402.00,"4,020.00"
2019-03-12,2019031201006233,NICA,57,49,40,402.00,"16,080.00"
2019-03-12,2019031201006232,NICA,57,41,200,402.00,"80,400.00"
2019-03-12,2019031201006536,NICA,45,43,50,403.00,"20,150.00"
2019-03-12,2019031201006404,NICA,39,54,100,403.00,"40,300.00"
2019-03-12,2019031201006403,NICA,39,19,700,403.00,"282,100.00"
2019-03-12,2019031201006402,NICA,39,49,200,403.00,"80,600.00"
2019-03-12,2019031201006401,NICA,39,44,800,403.00,"322,400.00"
2019-03-12,2019031201006267,NICA,1,22,500,402.00,"201,000.00"
2019-03-12,2019031201006599,NICL,32,10,160,388.00,"62,080.00"
2019-03-12,2019031201006435,NICL,39,40,100,389.00,"38,900.00"
2019-03-12,2019031201006346,NICL,37,44,500,387.00,"193,500.00"
2019-03-12,2019031201006307,NICL,17,40,200,386.00,"77,200.00"
2019-03-12,2019031201006634,NIL,28,6,180,537.00,"96,660.00"
2019-03-12,2019031201006479,NLBBL,36,14,20,469.00,"9,380.00"
2019-03-12,2019031201006478,NLBBL,10,14,40,470.00,"18,800.00"
2019-03-12,2019031201006587,NLG,22,10,100,845.00,"84,500.00"
2019-03-12,2019031201006556,NLG,22,47,50,842.00,"42,100.00"
2019-03-12,2019031201006595,NLIC,59,58,58,"1,121.00","65,018.00"
2019-03-12,2019031201006543,NLIC,36,58,241,"1,120.00","269,920.00"
2019-03-12,2019031201006542,NLIC,19,58,50,"1,120.00","56,000.00"
2019-03-12,2019031201006541,NLIC,34,58,100,"1,121.00","112,100.00"
2019-03-12,2019031201006422,NLIC,42,28,50,"1,124.00","56,200.00"
2019-03-12,2019031201006214,NLIC,45,52,47,"1,126.00","52,922.00"
2019-03-12,2019031201006201,NLIC,45,28,48,"1,123.00","53,904.00"
2019-03-12,2019031201006200,NLIC,45,19,97,"1,122.00","108,834.00"
2019-03-12,2019031201006207,NLIC,45,22,17,"1,125.00","19,125.00"
2019-03-12,2019031201006206,NLIC,45,18,102,"1,125.00","114,750.00"
2019-03-12,2019031201006205,NLIC,45,54,17,"1,124.00","19,108.00"
2019-03-12,2019031201006204,NLIC,45,49,290,"1,123.00","325,670.00"
2019-03-12,2019031201006203,NLIC,45,50,200,"1,123.00","224,600.00"
2019-03-12,2019031201006202,NLIC,45,28,20,"1,123.00","22,460.00"
2019-03-12,2019031201006213,NLIC,45,51,41,"1,125.00","46,125.00"
2019-03-12,2019031201006212,NLIC,45,29,17,"1,125.00","19,125.00"
2019-03-12,2019031201006211,NLIC,45,42,20,"1,125.00","22,500.00"
2019-03-12,2019031201006210,NLIC,45,29,17,"1,125.00","19,125.00"
2019-03-12,2019031201006209,NLIC,45,49,50,"1,125.00","56,250.00"
2019-03-12,2019031201006208,NLIC,45,22,17,"1,125.00","19,125.00"
2019-03-12,2019031201006560,NLICL,49,56,500,665.00,"332,500.00"
2019-03-12,2019031201006468,NLICL,22,56,40,665.00,"26,600.00"
2019-03-12,2019031201006467,NLICL,49,56,300,665.00,"199,500.00"
2019-03-12,2019031201006305,NLICL,49,43,100,667.00,"66,700.00"
2019-03-12,2019031201006304,NLICL,49,56,100,667.00,"66,700.00"
2019-03-12,2019031201006268,NLICL,47,56,50,667.00,"33,350.00"
2019-03-12,2019031201006643,NMB,55,43,50,326.00,"16,300.00"
2019-03-12,2019031201006616,NMB,59,43,143,326.00,"46,618.00"
2019-03-12,2019031201006615,NMB,45,29,200,324.00,"64,800.00"
2019-03-12,2019031201006601,NMB,52,33,229,325.00,"74,425.00"
2019-03-12,2019031201006223,NMB,45,46,460,324.00,"149,040.00"
2019-03-12,2019031201006222,NMB,51,46,40,324.00,"12,960.00"
2019-03-12,2019031201006453,NNLB,6,57,35,470.00,"16,450.00"
2019-03-12,2019031201006610,NSEWA,11,45,10,579.00,"5,790.00"
2019-03-12,2019031201006609,NSEWA,11,13,10,577.00,"5,770.00"
2019-03-12,2019031201006608,NSEWA,11,39,40,570.00,"22,800.00"
2019-03-12,2019031201006588,NSEWA,11,53,50,570.00,"28,500.00"
2019-03-12,2019031201006577,NSEWA,11,1,10,569.00,"5,690.00"
2019-03-12,2019031201006410,NSEWA,22,22,10,559.00,"5,590.00"
2019-03-12,2019031201006673,NTC,14,29,180,682.00,"122,760.00"
2019-03-12,2019031201006649,NTC,10,29,500,682.00,"341,000.00"
2019-03-12,2019031201006630,NTC,42,57,50,680.00,"34,000.00"
2019-03-12,2019031201006575,NTC,35,29,250,682.00,"170,500.00"
2019-03-12,2019031201006534,NUBL,34,45,360,760.00,"273,600.00"
2019-03-12,2019031201006298,NUBL,58,45,50,760.00,"38,000.00"
2019-03-12,2019031201006544,PCBL,1,37,100,320.00,"32,000.00"
2019-03-12,2019031201006442,PCBL,36,53,20,321.00,"6,420.00"
2019-03-12,2019031201006282,PCBL,58,28,"2,790",319.00,"890,010.00"
2019-03-12,2019031201006281,PCBL,58,17,100,319.00,"31,900.00"
2019-03-12,2019031201006280,PCBL,58,43,140,319.00,"44,660.00"
2019-03-12,2019031201006279,PCBL,58,43,50,319.00,"15,950.00"
2019-03-12,2019031201006263,PCBL,41,43,45,319.00,"14,355.00"
2019-03-12,2019031201006262,PCBL,41,43,50,319.00,"15,950.00"
2019-03-12,2019031201006261,PCBL,41,43,40,319.00,"12,760.00"
2019-03-12,2019031201006260,PCBL,41,43,38,319.00,"12,122.00"
2019-03-12,2019031201006259,PCBL,41,49,27,319.00,"8,613.00"
2019-03-12,2019031201006593,PIC,45,22,133,"1,049.00","139,517.00"
2019-03-12,2019031201006592,PIC,45,22,300,"1,049.00","314,700.00"
2019-03-12,2019031201006591,PIC,45,50,67,"1,049.00","70,283.00"
2019-03-12,2019031201006524,PIC,49,50,17,"1,049.00","17,833.00"
2019-03-12,2019031201006523,PIC,49,51,54,"1,048.00","56,592.00"
2019-03-12,2019031201006522,PIC,49,14,12,"1,047.00","12,564.00"
2019-03-12,2019031201006521,PIC,49,35,80,"1,047.00","83,760.00"
2019-03-12,2019031201006432,PIC,35,35,20,"1,047.00","20,940.00"
2019-03-12,2019031201006309,PLIC,29,35,100,459.00,"45,900.00"
2019-03-12,2019031201006561,PMHPL,10,39,10,111.00,"1,110.00"
2019-03-12,2019031201006379,PMHPL,10,44,10,111.00,"1,110.00"
2019-03-12,2019031201006224,PMHPL,10,26,10,111.00,"1,110.00"
2019-03-12,2019031201006184,PMHPL,10,55,10,111.00,"1,110.00"
2019-03-12,2019031201006225,PRIN,26,58,500,424.00,"212,000.00"
2019-03-12,2019031201006190,PRIN,26,45,405,425.00,"172,125.00"
2019-03-12,2019031201006189,PRIN,26,38,95,425.00,"40,375.00"
2019-03-12,2019031201006652,PRVU,37,48,40,238.00,"9,520.00"
2019-03-12,2019031201006642,PRVU,37,48,50,238.00,"11,900.00"
2019-03-12,2019031201006600,PRVU,35,48,60,238.00,"14,280.00"
2019-03-12,2019031201006598,PRVU,35,14,40,238.00,"9,520.00"
2019-03-12,2019031201006525,PRVU,40,43,939,238.00,"223,482.00"
2019-03-12,2019031201006477,PRVU,43,45,20,239.00,"4,780.00"
2019-03-12,2019031201006374,PRVU,46,57,200,239.00,"47,800.00"
2019-03-12,2019031201006345,PRVU,1,43,770,239.00,"184,030.00"
2019-03-12,2019031201006329,PRVU,1,6,200,239.00,"47,800.00"
2019-03-12,2019031201006328,PRVU,1,22,30,239.00,"7,170.00"
2019-03-12,2019031201006414,PRVU,45,58,50,239.00,"11,950.00"
2019-03-12,2019031201006438,PRVU,46,43,"1,000",238.00,"238,000.00"
2019-03-12,2019031201006437,PRVU,46,43,500,238.00,"119,000.00"
2019-03-12,2019031201006436,PRVU,26,43,89,238.00,"21,182.00"
2019-03-12,2019031201006426,PRVU,40,17,50,239.00,"11,950.00"
2019-03-12,2019031201006425,PRVU,40,58,"1,950",239.00,"466,050.00"
2019-03-12,2019031201006419,PRVU,26,4,500,238.00,"119,000.00"
2019-03-12,2019031201006476,PRVU,43,17,30,239.00,"7,170.00"
2019-03-12,2019031201006469,PRVU,40,36,61,238.00,"14,518.00"
2019-03-12,2019031201006455,PRVU,36,36,89,238.00,"21,182.00"
2019-03-12,2019031201006441,PRVU,36,43,"1,111",238.00,"264,418.00"
2019-03-12,2019031201006440,PRVU,40,43,200,238.00,"47,600.00"
2019-03-12,2019031201006439,PRVU,22,43,100,238.00,"23,800.00"
2019-03-12,2019031201006196,RBCL,16,16,10,"9,474.00","94,740.00"
2019-03-12,2019031201006278,RBCLPO,54,43,20,"8,745.00","174,900.00"
2019-03-12,2019031201006445,RLFL,46,58,450,116.00,"52,200.00"
2019-03-12,2019031201006444,RLFL,1,58,"1,000",117.00,"117,000.00"
2019-03-12,2019031201006515,RMDC,41,37,30,550.00,"16,500.00"
2019-03-12,2019031201006514,RMDC,41,53,50,550.00,"27,500.00"
2019-03-12,2019031201006513,RMDC,41,39,323,549.00,"177,327.00"
2019-03-12,2019031201006327,RMDC,17,39,450,549.00,"247,050.00"
2019-03-12,2019031201006326,RMDC,17,53,50,549.00,"27,450.00"
2019-03-12,2019031201006527,RRHP,22,51,10,93.00,930.00
2019-03-12,2019031201006495,RRHP,22,51,10,93.00,930.00
2019-03-12,2019031201006472,RRHP,22,51,10,93.00,930.00
2019-03-12,2019031201006463,RRHP,22,36,10,93.00,930.00
2019-03-12,2019031201006454,RRHP,22,51,10,93.00,930.00
2019-03-12,2019031201006546,SANIMA,57,14,300,306.00,"91,800.00"
2019-03-12,2019031201006520,SANIMA,32,14,100,306.00,"30,600.00"
2019-03-12,2019031201006183,SANIMA,32,59,139,306.00,"42,534.00"
2019-03-12,2019031201006433,SBI,36,25,20,398.00,"7,960.00"
2019-03-12,2019031201006331,SBI,7,42,10,397.00,"3,970.00"
2019-03-12,2019031201006545,SCB,45,5,50,555.00,"27,750.00"
2019-03-12,2019031201006303,SCB,36,44,10,552.00,"5,520.00"
2019-03-12,2019031201006672,SHINE,45,57,20,240.00,"4,800.00"
2019-03-12,2019031201006449,SHINE,52,57,10,240.00,"2,400.00"
2019-03-12,2019031201006217,SHL,36,13,300,209.00,"62,700.00"
2019-03-12,2019031201006391,SHPC,3,28,500,234.00,"117,000.00"
2019-03-12,2019031201006390,SHPC,41,28,85,234.00,"19,890.00"
2019-03-12,2019031201006590,SICL,51,36,200,908.00,"181,600.00"
2019-03-12,2019031201006571,SICL,51,36,50,908.00,"45,400.00"
2019-03-12,2019031201006512,SICL,18,10,50,906.00,"45,300.00"
2019-03-12,2019031201006395,SIFC,21,26,50,136.00,"6,800.00"
2019-03-12,2019031201006562,SKBBL,10,53,100,870.00,"87,000.00"
2019-03-12,2019031201006388,SKBBL,10,53,100,870.00,"87,000.00"
2019-03-12,2019031201006384,SKBBL,47,42,100,873.00,"87,300.00"
2019-03-12,2019031201006484,SLBBL,46,38,100,513.00,"51,300.00"
2019-03-12,2019031201006486,SLBBL,46,39,10,518.00,"5,180.00"
2019-03-12,2019031201006485,SLBBL,46,57,100,514.00,"51,400.00"
2019-03-12,2019031201006648,SLBSL,19,26,10,763.00,"7,630.00"
2019-03-12,2019031201006457,SLICL,36,50,47,550.00,"25,850.00"
2019-03-12,2019031201006382,SLICL,36,43,100,550.00,"55,000.00"
2019-03-12,2019031201006353,SLICL,36,20,500,550.00,"275,000.00"
2019-03-12,2019031201006352,SLICL,36,42,190,550.00,"104,500.00"
2019-03-12,2019031201006351,SLICL,36,17,500,549.00,"274,500.00"
2019-03-12,2019031201006350,SLICL,36,43,100,548.00,"54,800.00"
2019-03-12,2019031201006349,SLICL,36,58,63,546.00,"34,398.00"
2019-03-12,2019031201006399,SMFDB,36,50,30,673.00,"20,190.00"
2019-03-12,2019031201006471,SPDL,45,36,12,99.00,"1,188.00"
2019-03-12,2019031201006398,SPDL,45,20,15,99.00,"1,485.00"
2019-03-12,2019031201006389,SPDL,45,20,15,99.00,"1,485.00"
2019-03-12,2019031201006354,SPDL,45,20,15,99.00,"1,485.00"
2019-03-12,2019031201006335,SPDL,45,20,15,99.00,"1,485.00"
2019-03-12,2019031201006306,SPDL,45,20,15,99.00,"1,485.00"
2019-03-12,2019031201006277,SPDL,45,20,15,99.00,"1,485.00"
2019-03-12,2019031201006257,SPDL,45,20,15,99.00,"1,485.00"
2019-03-12,2019031201006443,SRBL,49,21,100,224.00,"22,400.00"
2019-03-12,2019031201006366,SRBL,39,44,"2,000",224.00,"448,000.00"
2019-03-12,2019031201006461,UIC,22,40,10,793.00,"7,930.00"
2019-03-12,2019031201006678,UMHL,34,6,10,116.00,"1,160.00"
2019-03-12,2019031201006459,UMHL,34,20,14,116.00,"1,624.00"
2019-03-12,2019031201006378,UMHL,34,20,14,116.00,"1,624.00"
2019-03-12,2019031201006342,UMHL,34,20,14,116.00,"1,624.00"
2019-03-12,2019031201006317,UMHL,34,20,14,116.00,"1,624.00"
2019-03-12,2019031201006287,UMHL,34,20,14,116.00,"1,624.00"
2019-03-12,2019031201006220,UMHL,34,20,14,116.00,"1,624.00"
2019-03-12,2019031201006676,UPPER,26,43,73,243.00,"17,739.00"
2019-03-12,2019031201006675,UPPER,59,43,427,243.00,"103,761.00"
2019-03-12,2019031201006667,UPPER,59,52,40,243.00,"9,720.00"
2019-03-12,2019031201006645,UPPER,59,28,33,243.00,"8,019.00"
2019-03-12,2019031201006638,UPPER,45,28,50,243.00,"12,150.00"
2019-03-12,2019031201006197,UPPER,57,32,50,241.00,"12,050.00"
2019-03-12,2019031201006368,UPPER,35,35,540,243.00,"131,220.00"
2019-03-12,2019031201006340,UPPER,33,28,490,242.00,"118,580.00"
2019-03-12,2019031201006334,UPPER,33,28,500,242.00,"121,000.00"
2019-03-12,2019031201006333,UPPER,38,28,10,242.00,"2,420.00"
2019-03-12,2019031201006308,UPPER,38,44,40,242.00,"9,680.00"
2019-03-12,2019031201006283,UPPER,38,40,50,242.00,"12,100.00"
2019-03-12,2019031201006377,UPPER,38,38,10,242.00,"2,420.00"
2019-03-12,2019031201006373,UPPER,35,43,497,243.00,"120,771.00"
2019-03-12,2019031201006372,UPPER,35,16,93,243.00,"22,599.00"
2019-03-12,2019031201006371,UPPER,35,19,200,243.00,"48,600.00"
2019-03-12,2019031201006370,UPPER,35,48,500,243.00,"121,500.00"
2019-03-12,2019031201006369,UPPER,35,43,500,243.00,"121,500.00"
2019-03-12,2019031201006466,UPPER,48,36,50,242.00,"12,100.00"
2019-03-12,2019031201006460,UPPER,13,22,50,243.00,"12,150.00"
2019-03-12,2019031201006385,UPPER,38,38,10,242.00,"2,420.00"
2019-03-12,2019031201006499,UPPER,51,39,12,243.00,"2,916.00"
2019-03-12,2019031201006489,UPPER,5,59,225,244.00,"54,900.00"
2019-03-12,2019031201006488,UPPER,5,1,85,244.00,"20,740.00"
2019-03-12,2019031201006487,UPPER,5,43,690,244.00,"168,360.00"
2019-03-12,2019031201006637,UPPER,22,28,210,243.00,"51,030.00"
2019-03-12,2019031201006535,UPPER,48,39,50,242.00,"12,100.00"
2019-03-12,2019031201006500,UPPER,48,39,28,242.00,"6,776.00"
2019-03-12,2019031201006154,ADBL,7,52,53,305.00,"16,165.00"
2019-03-12,2019031201006117,ADBL,7,55,"1,000",305.00,"305,000.00"
2019-03-12,2019031201006116,ADBL,7,54,100,305.00,"30,500.00"
2019-03-12,2019031201006115,ADBL,7,58,47,304.00,"14,288.00"
2019-03-12,2019031201006014,ADBL,42,58,58,304.00,"17,632.00"
2019-03-12,2019031201005746,ADBL,35,51,48,304.00,"14,592.00"
2019-03-12,2019031201006091,AKJCL,41,55,10,80.00,800.00
2019-03-12,2019031201006011,AKJCL,41,58,20,80.00,"1,600.00"
2019-03-12,2019031201006069,ALICL,13,43,290,399.00,"115,710.00"
2019-03-12,2019031201005973,ALICL,45,43,150,399.00,"59,850.00"
2019-03-12,2019031201005942,ALICL,5,43,20,399.00,"7,980.00"
2019-03-12,2019031201006023,API,45,58,200,139.00,"27,800.00"
2019-03-12,2019031201006022,API,45,44,500,139.00,"69,500.00"
2019-03-12,2019031201005724,API,25,58,50,138.00,"6,900.00"
2019-03-12,2019031201006027,BARUN,39,58,10,96.00,960.00
2019-03-12,2019031201005783,BARUN,39,45,10,95.00,950.00
2019-03-12,2019031201006033,BHBL,50,4,300,141.00,"42,300.00"
2019-03-12,2019031201005722,BOKL,3,40,200,252.00,"50,400.00"
2019-03-12,2019031201006168,BPCL,40,26,10,365.00,"3,650.00"
2019-03-12,2019031201005797,BPCL,1,35,100,366.00,"36,600.00"
2019-03-12,2019031201006106,CBBL,50,35,30,897.00,"26,910.00"
2019-03-12,2019031201005968,CBBL,38,33,50,895.00,"44,750.00"
2019-03-12,2019031201006052,CBL,59,58,66,162.00,"10,692.00"
2019-03-12,2019031201006026,CBL,59,54,114,162.00,"18,468.00"
2019-03-12,2019031201006025,CBL,59,39,20,162.00,"3,240.00"
2019-03-12,2019031201005821,CBL,44,39,"2,305",162.00,"373,410.00"
2019-03-12,2019031201005820,CBL,44,39,500,162.00,"81,000.00"
2019-03-12,2019031201005819,CBL,44,58,"1,000",162.00,"162,000.00"
2019-03-12,2019031201005702,CBL,44,51,400,161.00,"64,400.00"
2019-03-12,2019031201005701,CBL,44,6,500,161.00,"80,500.00"
2019-03-12,2019031201005812,CBL,44,8,435,161.00,"70,035.00"
2019-03-12,2019031201005757,CBL,58,8,65,161.00,"10,465.00"
2019-03-12,2019031201005706,CBL,44,10,800,161.00,"128,800.00"
2019-03-12,2019031201005705,CBL,44,56,660,161.00,"106,260.00"
2019-03-12,2019031201005704,CBL,44,16,300,161.00,"48,300.00"
2019-03-12,2019031201005703,CBL,44,59,440,161.00,"70,840.00"
2019-03-12,2019031201005818,CBL,44,21,500,162.00,"81,000.00"
2019-03-12,2019031201005817,CBL,44,17,200,162.00,"32,400.00"
2019-03-12,2019031201005816,CBL,44,58,"1,000",162.00,"162,000.00"
2019-03-12,2019031201005815,CBL,44,57,60,162.00,"9,720.00"
2019-03-12,2019031201005814,CBL,44,44,"1,000",162.00,"162,000.00"
2019-03-12,2019031201005813,CBL,44,5,"1,000",162.00,"162,000.00"
2019-03-12,2019031201006124,CCBL,56,57,169,167.00,"28,223.00"
2019-03-12,2019031201006077,CCBL,56,8,125,167.00,"20,875.00"
2019-03-12,2019031201006076,CCBL,34,8,339,167.00,"56,613.00"
2019-03-12,2019031201006067,CCBL,21,25,10,168.00,"1,680.00"
2019-03-12,2019031201006031,CCBL,59,25,30,168.00,"5,040.00"
2019-03-12,2019031201006030,CCBL,59,47,170,168.00,"28,560.00"
2019-03-12,2019031201005987,CCBL,21,47,10,168.00,"1,680.00"
2019-03-12,2019031201005967,CCBL,21,47,10,168.00,"1,680.00"
2019-03-12,2019031201005921,CCBL,21,47,10,168.00,"1,680.00"
2019-03-12,2019031201005713,CCBL,34,41,161,167.00,"26,887.00"
2019-03-12,2019031201005712,CCBL,21,41,10,167.00,"1,670.00"
2019-03-12,2019031201005829,CEFL,14,26,50,100.00,"5,000.00"
2019-03-12,2019031201006071,CHCL,58,54,11,525.00,"5,775.00"
2019-03-12,2019031201006070,CHCL,58,45,49,521.00,"25,529.00"
2019-03-12,2019031201005990,CHLBS,48,56,10,568.00,"5,680.00"
2019-03-12,2019031201005723,CHLBS,39,51,10,568.00,"5,680.00"
2019-03-12,2019031201006005,CIT,17,19,10,"2,639.00","26,390.00"
2019-03-12,2019031201005996,CIT,43,20,15,"2,609.00","39,135.00"
2019-03-12,2019031201005995,CIT,40,20,10,"2,620.00","26,200.00"
2019-03-12,2019031201005974,CIT,58,26,110,"2,630.00","289,300.00"
2019-03-12,2019031201005951,CIT,16,26,140,"2,630.00","368,200.00"
2019-03-12,2019031201005950,CIT,16,21,60,"2,625.00","157,500.00"
2019-03-12,2019031201005854,CIT,19,21,20,"2,625.00","52,500.00"
2019-03-12,2019031201005753,CIT,17,21,10,"2,625.00","26,250.00"
2019-03-12,2019031201005736,CIT,22,21,10,"2,625.00","26,250.00"
2019-03-12,2019031201006062,CLBSL,5,45,10,638.00,"6,380.00"
2019-03-12,2019031201006178,CZBIL,40,4,200,214.00,"42,800.00"
2019-03-12,2019031201005689,CZBIL,22,40,32,213.00,"6,816.00"
2019-03-12,2019031201005688,CZBIL,22,35,232,213.00,"49,416.00"
2019-03-12,2019031201005830,DBBL,1,25,"1,000",127.00,"127,000.00"
2019-03-12,2019031201005988,DDBL,45,22,100,605.00,"60,500.00"
2019-03-12,2019031201005919,DDBL,4,22,13,605.00,"7,865.00"
2019-03-12,2019031201005918,DDBL,4,39,87,605.00,"52,635.00"
2019-03-12,2019031201006164,EBL,50,46,450,539.00,"242,550.00"
2019-03-12,2019031201006114,EBL,58,46,20,539.00,"10,780.00"
2019-03-12,2019031201005752,EBL,40,46,18,539.00,"9,702.00"
2019-03-12,2019031201006057,EIC,33,4,33,830.00,"27,390.00"
2019-03-12,2019031201006109,GBBL,32,58,542,187.00,"101,354.00"
2019-03-12,2019031201006108,GBBL,32,57,201,187.00,"37,587.00"
2019-03-12,2019031201006095,GBIME,25,59,464,271.00,"125,744.00"
2019-03-12,2019031201006094,GBIME,25,28,200,271.00,"54,200.00"
2019-03-12,2019031201006093,GBIME,25,53,450,271.00,"121,950.00"
2019-03-12,2019031201006092,GBIME,25,43,286,270.00,"77,220.00"
2019-03-12,2019031201006061,GBIME,25,53,"1,000",269.00,"269,000.00"
2019-03-12,2019031201006060,GBIME,25,43,342,269.00,"91,998.00"
2019-03-12,2019031201006059,GBIME,25,58,753,268.00,"201,804.00"
2019-03-12,2019031201006000,GBIME,8,45,662,268.00,"177,416.00"
2019-03-12,2019031201005999,GBIME,8,48,300,268.00,"80,400.00"
2019-03-12,2019031201005998,GBIME,8,6,750,268.00,"201,000.00"
2019-03-12,2019031201005809,GBIME,34,6,200,268.00,"53,600.00"
2019-03-12,2019031201005711,GBLBS,1,38,10,451.00,"4,510.00"
2019-03-12,2019031201005908,GDBL,47,45,141,182.00,"25,662.00"
2019-03-12,2019031201005894,GLICL,42,29,49,744.00,"36,456.00"
2019-03-12,2019031201005852,GLICL,42,29,100,744.00,"74,400.00"
2019-03-12,2019031201006170,GUFL,1,36,410,110.00,"45,100.00"
2019-03-12,2019031201006169,GUFL,1,22,90,110.00,"9,900.00"
2019-03-12,2019031201006032,HBL,59,28,50,445.00,"22,250.00"
2019-03-12,2019031201006128,HGI,42,25,10,391.00,"3,910.00"
2019-03-12,2019031201005880,HGI,58,19,270,387.00,"104,490.00"
2019-03-12,2019031201005879,HGI,1,19,30,388.00,"11,640.00"
2019-03-12,2019031201005725,HGI,53,35,100,390.00,"39,000.00"
2019-03-12,2019031201006078,HIDCL,41,58,32,134.00,"4,288.00"
2019-03-12,2019031201005802,HIDCL,42,53,100,136.00,"13,600.00"
2019-03-12,2019031201005801,HIDCL,42,48,56,136.00,"7,616.00"
2019-03-12,2019031201005800,HIDCL,42,44,"1,000",135.00,"135,000.00"
2019-03-12,2019031201006165,HPPL,41,10,10,195.00,"1,950.00"
2019-03-12,2019031201005881,HPPL,52,49,10,192.00,"1,920.00"
2019-03-12,2019031201005726,HPPL,52,38,10,192.00,"1,920.00"
2019-03-12,2019031201005690,HPPL,52,38,10,192.00,"1,920.00"
2019-03-12,2019031201006009,ICFC,49,49,100,154.00,"15,400.00"
2019-03-12,2019031201006008,ICFC,49,14,"1,335",153.00,"204,255.00"
2019-03-12,2019031201006007,ICFC,49,55,"2,200",152.00,"334,400.00"
2019-03-12,2019031201006119,JBNL,26,11,500,174.00,"87,000.00"
2019-03-12,2019031201005976,JBNL,50,11,"1,400",174.00,"243,600.00"
2019-03-12,2019031201005975,JBNL,50,7,"1,600",174.00,"278,400.00"
