Date,Transact. No.,Symbol,Buyer,Seller,Quantity,Rate,Amount
2019-08-12,2019081201010907,ADBL,37,58,20,431.00,"8,620.00"
2019-08-12,2019081201010891,ADBL,34,51,100,430.00,"43,000.00"
2019-08-12,2019081201010691,ADBL,34,25,245,430.00,"105,350.00"
2019-08-12,2019081201010690,ADBL,22,25,55,430.00,"23,650.00"
2019-08-12,2019081201010689,ADBL,41,25,100,430.00,"43,000.00"
2019-08-12,2019081201010602,AHPC,36,43,193,104.00,"20,072.00"
2019-08-12,2019081201010500,AHPC,7,45,109,103.00,"11,227.00"
2019-08-12,2019081201010701,AKJCL,1,17,20,67.00,"1,340.00"
2019-08-12,2019081201010958,ALBSL,39,36,10,475.00,"4,750.00"
2019-08-12,2019081201010910,ALBSL,42,57,255,468.00,"119,340.00"
2019-08-12,2019081201010909,ALBSL,22,57,290,468.00,"135,720.00"
2019-08-12,2019081201010828,ALBSL,22,7,10,468.00,"4,680.00"
2019-08-12,2019081201010827,ALBSL,11,7,90,468.00,"42,120.00"
2019-08-12,2019081201010475,ALBSL,11,51,10,468.00,"4,680.00"
2019-08-12,2019081201010924,ALICL,14,28,500,354.00,"177,000.00"
2019-08-12,2019081201010923,ALICL,14,51,50,354.00,"17,700.00"
2019-08-12,2019081201010703,API,25,35,50,133.00,"6,650.00"
2019-08-12,2019081201010667,API,57,49,150,131.00,"19,650.00"
2019-08-12,2019081201010659,API,57,25,644,131.00,"84,364.00"
2019-08-12,2019081201010658,API,56,25,272,131.00,"35,632.00"
2019-08-12,2019081201010657,API,13,25,400,132.00,"52,800.00"
2019-08-12,2019081201010656,API,29,25,184,132.00,"24,288.00"
2019-08-12,2019081201010793,BOKL,52,38,370,260.00,"96,200.00"
2019-08-12,2019081201010791,BOKL,50,38,570,260.00,"148,200.00"
2019-08-12,2019081201010736,BOKL,52,50,33,260.00,"8,580.00"
2019-08-12,2019081201010571,BOKL,19,29,57,261.00,"14,877.00"
2019-08-12,2019081201010901,CBBL,33,53,296,987.00,"292,152.00"
2019-08-12,2019081201010900,CBBL,44,53,120,988.00,"118,560.00"
2019-08-12,2019081201010899,CBBL,41,53,75,990.00,"74,250.00"
2019-08-12,2019081201010898,CBBL,46,53,41,990.00,"40,590.00"
2019-08-12,2019081201010821,CBL,43,42,10,151.00,"1,510.00"
2019-08-12,2019081201010817,CBL,41,29,41,150.00,"6,150.00"
2019-08-12,2019081201010655,CBL,41,57,200,150.00,"30,000.00"
2019-08-12,2019081201010831,CCBL,38,45,118,165.00,"19,470.00"
2019-08-12,2019081201010755,CEFL,4,4,10,114.00,"1,140.00"
2019-08-12,2019081201010830,CIT,25,33,38,"2,380.00","90,440.00"
2019-08-12,2019081201010767,CIT,51,33,50,"2,380.00","119,000.00"
2019-08-12,2019081201010677,CIT,35,33,10,"2,380.00","23,800.00"
2019-08-12,2019081201010633,CIT,41,33,32,"2,380.00","76,160.00"
2019-08-12,2019081201010632,CIT,37,33,50,"2,380.00","119,000.00"
2019-08-12,2019081201010631,CIT,35,33,20,"2,380.00","47,600.00"
2019-08-12,2019081201010630,CIT,51,33,100,"2,381.00","238,100.00"
2019-08-12,2019081201010474,CIT,49,37,50,"2,382.00","119,100.00"
2019-08-12,2019081201010473,CIT,6,37,50,"2,382.00","119,100.00"
2019-08-12,2019081201010643,CZBIL,43,32,50,220.00,"11,000.00"
2019-08-12,2019081201010911,DBBL,51,7,10,143.00,"1,430.00"
2019-08-12,2019081201010852,DDBL,3,34,20,752.00,"15,040.00"
2019-08-12,2019081201010895,EBL,38,50,500,657.00,"328,500.00"
2019-08-12,2019081201010717,EBL,38,49,83,657.00,"54,531.00"
2019-08-12,2019081201010716,EBL,16,49,297,657.00,"195,129.00"
2019-08-12,2019081201010715,EBL,41,49,100,658.00,"65,800.00"
2019-08-12,2019081201010714,EBL,26,49,50,658.00,"32,900.00"
2019-08-12,2019081201010635,EIC,47,17,40,329.00,"13,160.00"
2019-08-12,2019081201010634,EIC,41,17,10,329.00,"3,290.00"
2019-08-12,2019081201010613,EIC,34,17,100,330.00,"33,000.00"
2019-08-12,2019081201010612,EIC,38,17,100,331.00,"33,100.00"
2019-08-12,2019081201010611,EIC,37,17,50,333.00,"16,650.00"
2019-08-12,2019081201010610,EIC,29,17,200,334.00,"66,800.00"
2019-08-12,2019081201010666,FMDBL,45,34,30,387.00,"11,610.00"
2019-08-12,2019081201010816,FOWAD,5,42,12,"1,345.00","16,140.00"
2019-08-12,2019081201010962,GBLBS,28,6,10,377.00,"3,770.00"
2019-08-12,2019081201010804,GBLBS,25,49,175,370.00,"64,750.00"
2019-08-12,2019081201010803,GBLBS,42,49,100,370.00,"37,000.00"
2019-08-12,2019081201010734,GBLBS,22,49,200,371.00,"74,200.00"
2019-08-12,2019081201010733,GBLBS,36,49,100,371.00,"37,100.00"
2019-08-12,2019081201010732,GBLBS,47,49,100,371.00,"37,100.00"
2019-08-12,2019081201010725,GBLBS,58,49,340,373.00,"126,820.00"
2019-08-12,2019081201010724,GBLBS,34,49,500,374.00,"187,000.00"
2019-08-12,2019081201010723,GBLBS,41,49,100,375.00,"37,500.00"
2019-08-12,2019081201010722,GBLBS,5,49,145,375.00,"54,375.00"
2019-08-12,2019081201010694,GBLBS,5,51,60,375.00,"22,500.00"
2019-08-12,2019081201010499,GBLBS,5,32,75,375.00,"28,125.00"
2019-08-12,2019081201010731,GBLBS,32,49,500,371.00,"185,500.00"
2019-08-12,2019081201010730,GBLBS,13,49,150,371.00,"55,650.00"
2019-08-12,2019081201010729,GBLBS,29,49,30,372.00,"11,160.00"
2019-08-12,2019081201010728,GBLBS,52,49,500,372.00,"186,000.00"
2019-08-12,2019081201010727,GBLBS,45,49,60,372.00,"22,320.00"
2019-08-12,2019081201010726,GBLBS,17,49,500,373.00,"186,500.00"
2019-08-12,2019081201010481,GLBSL,22,38,130,540.00,"70,200.00"
2019-08-12,2019081201010792,GLICL,39,20,100,474.00,"47,400.00"
2019-08-12,2019081201010663,GLICL,39,20,100,474.00,"47,400.00"
2019-08-12,2019081201010592,GLICL,39,21,10,480.00,"4,800.00"
2019-08-12,2019081201010591,GLICL,39,20,30,474.00,"14,220.00"
2019-08-12,2019081201010886,GMFBS,10,7,100,582.00,"58,200.00"
2019-08-12,2019081201010885,GMFBS,10,1,50,580.00,"29,000.00"
2019-08-12,2019081201010814,GMFBS,38,45,55,579.00,"31,845.00"
2019-08-12,2019081201010698,GMFBS,34,48,50,577.00,"28,850.00"
2019-08-12,2019081201010640,HBL,14,40,10,546.00,"5,460.00"
2019-08-12,2019081201010941,HDL,45,57,80,"1,496.00","119,680.00"
2019-08-12,2019081201010940,HDL,48,57,50,"1,500.00","75,000.00"
2019-08-12,2019081201010939,HDL,56,57,50,"1,501.00","75,050.00"
2019-08-12,2019081201010887,HDL,56,57,10,"1,525.00","15,250.00"
2019-08-12,2019081201010541,HDL,25,33,100,"1,510.00","151,000.00"
2019-08-12,2019081201010719,HURJA,25,40,20,130.00,"2,600.00"
2019-08-12,2019081201010961,ILBS,35,26,90,480.00,"43,200.00"
2019-08-12,2019081201010960,ILBS,35,34,10,479.00,"4,790.00"
2019-08-12,2019081201010796,ILBS,32,26,30,480.00,"14,400.00"
2019-08-12,2019081201010795,ILBS,32,35,60,479.00,"28,740.00"
2019-08-12,2019081201010794,ILBS,32,32,10,479.00,"4,790.00"
2019-08-12,2019081201010757,ILBS,22,17,10,478.00,"4,780.00"
2019-08-12,2019081201010502,ILBS,58,20,10,479.00,"4,790.00"
2019-08-12,2019081201010862,KBL,44,52,500,207.00,"103,500.00"
2019-08-12,2019081201010861,KBL,19,52,500,207.00,"103,500.00"
2019-08-12,2019081201010860,KBL,54,52,77,207.00,"15,939.00"
2019-08-12,2019081201010619,KBL,54,4,123,207.00,"25,461.00"
2019-08-12,2019081201010618,KBL,54,4,877,207.00,"181,539.00"
2019-08-12,2019081201010585,KBL,54,52,"1,123",207.00,"232,461.00"
2019-08-12,2019081201010584,KBL,28,52,151,207.00,"31,257.00"
2019-08-12,2019081201010583,KBL,38,52,50,207.00,"10,350.00"
2019-08-12,2019081201010582,KBL,34,52,100,207.00,"20,700.00"
2019-08-12,2019081201010798,KPCL,22,17,10,86.00,860.00
2019-08-12,2019081201010684,KSBBL,51,21,10,150.00,"1,500.00"
2019-08-12,2019081201010686,LBBL,56,21,100,175.00,"17,500.00"
2019-08-12,2019081201010685,LBBL,56,14,50,175.00,"8,750.00"
2019-08-12,2019081201010476,LBBL,13,45,500,174.00,"87,000.00"
2019-08-12,2019081201010892,LBL,25,55,200,216.00,"43,200.00"
2019-08-12,2019081201010713,LBL,21,51,150,215.00,"32,250.00"
2019-08-12,2019081201010552,LICN,19,35,40,"1,145.00","45,800.00"
2019-08-12,2019081201010551,LICN,19,10,50,"1,144.00","57,200.00"
2019-08-12,2019081201010550,LICN,19,25,10,"1,143.00","11,430.00"
2019-08-12,2019081201010651,LLBS,26,32,824,726.00,"598,224.00"
2019-08-12,2019081201010650,LLBS,5,32,200,727.00,"145,400.00"
2019-08-12,2019081201010649,LLBS,52,32,50,728.00,"36,400.00"
2019-08-12,2019081201010648,LLBS,57,32,100,733.00,"73,300.00"
2019-08-12,2019081201010647,LLBS,52,32,10,733.00,"7,330.00"
2019-08-12,2019081201010952,LVF1,28,6,"1,000",10.93,"10,930.00"
2019-08-12,2019081201010935,LVF1,22,49,"27,000",10.94,"295,380.00"
2019-08-12,2019081201010934,LVF1,13,49,"2,000",10.94,"21,880.00"
2019-08-12,2019081201010933,LVF1,25,49,500,10.95,"5,475.00"
2019-08-12,2019081201010932,LVF1,8,49,"3,630",10.95,"39,748.50"
2019-08-12,2019081201010920,LVF1,8,47,"1,370",10.95,"15,001.50"
2019-08-12,2019081201010919,LVF1,39,47,"2,500",10.98,"27,450.00"
2019-08-12,2019081201010918,LVF1,7,47,"1,000",10.98,"10,980.00"
2019-08-12,2019081201010917,LVF1,51,47,130,10.99,"1,428.70"
2019-08-12,2019081201010876,MEGA,43,19,10,202.00,"2,020.00"
2019-08-12,2019081201010565,MERO,22,46,17,533.00,"9,061.00"
2019-08-12,2019081201010609,MLBBL,22,10,10,504.00,"5,040.00"
2019-08-12,2019081201010938,MLBL,50,17,990,198.00,"196,020.00"
2019-08-12,2019081201010879,MLBL,51,17,10,200.00,"2,000.00"
2019-08-12,2019081201010865,MLBL,50,58,32,198.00,"6,336.00"
2019-08-12,2019081201010825,MLBL,50,58,32,198.00,"6,336.00"
2019-08-12,2019081201010765,MLBL,50,58,32,198.00,"6,336.00"
2019-08-12,2019081201010553,MNBBL,14,44,"1,000",368.00,"368,000.00"
2019-08-12,2019081201010787,MSMBS,39,45,10,520.00,"5,200.00"
2019-08-12,2019081201010859,NABIL,49,19,10,783.00,"7,830.00"
2019-08-12,2019081201010858,NABIL,8,19,50,783.00,"39,150.00"
2019-08-12,2019081201010672,NABIL,28,19,30,784.00,"23,520.00"
2019-08-12,2019081201010890,NADEP,58,57,20,511.00,"10,220.00"
2019-08-12,2019081201010889,NADEP,40,7,10,500.00,"5,000.00"
2019-08-12,2019081201010878,NADEP,40,51,50,500.00,"25,000.00"
2019-08-12,2019081201010864,NADEP,40,38,10,498.00,"4,980.00"
2019-08-12,2019081201010625,NADEP,58,10,20,495.00,"9,900.00"
2019-08-12,2019081201010624,NADEP,58,17,20,495.00,"9,900.00"
2019-08-12,2019081201010770,NADEP,59,47,15,499.00,"7,485.00"
2019-08-12,2019081201010769,NADEP,59,32,40,498.00,"19,920.00"
2019-08-12,2019081201010671,NADEP,57,7,20,498.00,"9,960.00"
2019-08-12,2019081201010670,NADEP,57,34,100,498.00,"49,800.00"
2019-08-12,2019081201010669,NADEP,57,39,40,498.00,"19,920.00"
2019-08-12,2019081201010626,NADEP,58,39,10,498.00,"4,980.00"
2019-08-12,2019081201010776,NADEP,59,49,170,500.00,"85,000.00"
2019-08-12,2019081201010775,NADEP,59,1,20,500.00,"10,000.00"
2019-08-12,2019081201010774,NADEP,59,1,20,500.00,"10,000.00"
2019-08-12,2019081201010773,NADEP,59,49,10,500.00,"5,000.00"
2019-08-12,2019081201010772,NADEP,59,5,100,499.00,"49,900.00"
2019-08-12,2019081201010771,NADEP,59,50,50,499.00,"24,950.00"
2019-08-12,2019081201010782,NADEP,59,26,100,500.00,"50,000.00"
2019-08-12,2019081201010781,NADEP,59,6,40,500.00,"20,000.00"
2019-08-12,2019081201010780,NADEP,59,38,40,500.00,"20,000.00"
2019-08-12,2019081201010779,NADEP,59,50,30,500.00,"15,000.00"
2019-08-12,2019081201010778,NADEP,59,26,20,500.00,"10,000.00"
2019-08-12,2019081201010777,NADEP,59,35,90,500.00,"45,000.00"
2019-08-12,2019081201010818,NADEP,59,34,20,504.00,"10,080.00"
2019-08-12,2019081201010809,NADEP,58,14,30,505.00,"15,150.00"
2019-08-12,2019081201010786,NADEP,59,33,100,504.00,"50,400.00"
2019-08-12,2019081201010785,NADEP,59,49,30,501.00,"15,030.00"
2019-08-12,2019081201010784,NADEP,59,45,50,501.00,"25,050.00"
2019-08-12,2019081201010783,NADEP,59,49,30,501.00,"15,030.00"
2019-08-12,2019081201010884,NAGRO,38,34,10,830.00,"8,300.00"
2019-08-12,2019081201010883,NAGRO,8,34,10,830.00,"8,300.00"
2019-08-12,2019081201010847,NAGRO,57,57,10,837.00,"8,370.00"
2019-08-12,2019081201010637,NAGRO,8,43,10,830.00,"8,300.00"
2019-08-12,2019081201010849,NBB,34,57,100,216.00,"21,600.00"
2019-08-12,2019081201010628,NBB,34,19,35,216.00,"7,560.00"
2019-08-12,2019081201010956,NBL,33,4,25,327.00,"8,175.00"
2019-08-12,2019081201010851,NBL,43,4,10,327.00,"3,270.00"
2019-08-12,2019081201010532,NBL,6,36,500,326.00,"163,000.00"
2019-08-12,2019081201010531,NBL,37,36,20,326.00,"6,520.00"
2019-08-12,2019081201010530,NBL,45,36,30,326.00,"9,780.00"
2019-08-12,2019081201010529,NBL,3,36,100,326.00,"32,600.00"
2019-08-12,2019081201010528,NBL,45,36,100,326.00,"32,600.00"
2019-08-12,2019081201010527,NBL,53,36,"2,000",326.00,"652,000.00"
2019-08-12,2019081201010526,NBL,14,36,50,326.00,"16,300.00"
2019-08-12,2019081201010525,NBL,5,36,352,326.00,"114,752.00"
2019-08-12,2019081201010963,NCCB,58,34,10,207.00,"2,070.00"
2019-08-12,2019081201010662,NCCB,22,34,188,206.00,"38,728.00"
2019-08-12,2019081201010549,NCCB,1,38,728,205.00,"149,240.00"
2019-08-12,2019081201010548,NCCB,17,38,30,205.00,"6,150.00"
2019-08-12,2019081201010547,NCCB,44,38,200,205.00,"41,000.00"
2019-08-12,2019081201010546,NCCB,32,38,30,205.00,"6,150.00"
2019-08-12,2019081201010545,NCCB,13,38,11,205.00,"2,255.00"
2019-08-12,2019081201010507,NCCB,14,34,100,206.00,"20,600.00"
2019-08-12,2019081201010506,NCCB,19,34,337,206.00,"69,422.00"
2019-08-12,2019081201010808,NHPC,14,35,10,64.00,640.00
2019-08-12,2019081201010642,NIB,57,10,39,510.00,"19,890.00"
2019-08-12,2019081201010469,NIB,42,4,110,511.00,"56,210.00"
2019-08-12,2019081201010468,NIB,42,4,36,511.00,"18,396.00"
2019-08-12,2019081201010467,NIB,42,4,194,511.00,"99,134.00"
2019-08-12,2019081201010466,NIB,42,4,44,511.00,"22,484.00"
2019-08-12,2019081201010603,NIBLPF,45,45,2,7.05,14.10
2019-08-12,2019081201010759,NIBPO,22,49,550,460.00,"253,000.00"
2019-08-12,2019081201010758,NIBPO,22,4,450,459.00,"206,550.00"
2019-08-12,2019081201010953,NICA,32,55,100,450.00,"45,000.00"
2019-08-12,2019081201010680,NICA,33,48,800,449.00,"359,200.00"
2019-08-12,2019081201010679,NICA,22,48,200,449.00,"89,800.00"
2019-08-12,2019081201010578,NICGF,45,38,"1,000",9.85,"9,850.00"
2019-08-12,2019081201010957,NICL,43,57,10,318.00,"3,180.00"
2019-08-12,2019081201010846,NICL,44,36,378,313.00,"118,314.00"
2019-08-12,2019081201010833,NICL,13,36,50,317.00,"15,850.00"
2019-08-12,2019081201010832,NICL,39,36,120,317.00,"38,040.00"
2019-08-12,2019081201010756,NICL,43,57,10,318.00,"3,180.00"
2019-08-12,2019081201010839,NICL,38,36,50,315.00,"15,750.00"
2019-08-12,2019081201010838,NICL,5,36,100,315.00,"31,500.00"
2019-08-12,2019081201010837,NICL,13,36,156,315.00,"49,140.00"
2019-08-12,2019081201010836,NICL,25,36,200,315.00,"63,000.00"
2019-08-12,2019081201010835,NICL,41,36,500,316.00,"158,000.00"
2019-08-12,2019081201010834,NICL,43,36,200,316.00,"63,200.00"
2019-08-12,2019081201010845,NICL,32,36,100,313.00,"31,300.00"
2019-08-12,2019081201010844,NICL,35,36,200,313.00,"62,600.00"
2019-08-12,2019081201010843,NICL,39,36,100,314.00,"31,400.00"
2019-08-12,2019081201010842,NICL,39,36,100,314.00,"31,400.00"
2019-08-12,2019081201010841,NICL,39,36,100,314.00,"31,400.00"
2019-08-12,2019081201010840,NICL,42,36,100,314.00,"31,400.00"
2019-08-12,2019081201010921,NIL,8,50,66,460.00,"30,360.00"
2019-08-12,2019081201010867,NIL,8,38,210,460.00,"96,600.00"
2019-08-12,2019081201010760,NIL,29,50,100,460.00,"46,000.00"
2019-08-12,2019081201010735,NLG,6,6,11,698.00,"7,678.00"
2019-08-12,2019081201010813,NLIC,22,4,81,875.00,"70,875.00"
2019-08-12,2019081201010812,NLIC,22,54,300,874.00,"262,200.00"
2019-08-12,2019081201010811,NLIC,22,44,140,874.00,"122,360.00"
2019-08-12,2019081201010810,NLIC,22,38,479,873.00,"418,167.00"
2019-08-12,2019081201010683,NLIC,3,38,21,873.00,"18,333.00"
2019-08-12,2019081201010682,NLIC,3,44,79,873.00,"68,967.00"
2019-08-12,2019081201010638,NLIC,25,44,100,873.00,"87,300.00"
2019-08-12,2019081201010606,NLIC,6,44,100,873.00,"87,300.00"
2019-08-12,2019081201010801,NLICL,43,14,10,570.00,"5,700.00"
2019-08-12,2019081201010496,NLICL,56,19,64,565.00,"36,160.00"
2019-08-12,2019081201010495,NLICL,57,19,150,565.00,"84,750.00"
2019-08-12,2019081201010494,NLICL,56,19,19,565.00,"10,735.00"
2019-08-12,2019081201010493,NLICL,32,19,50,566.00,"28,300.00"
2019-08-12,2019081201010492,NLICL,16,19,100,566.00,"56,600.00"
2019-08-12,2019081201010491,NLICL,6,19,50,567.00,"28,350.00"
2019-08-12,2019081201010490,NLICL,56,19,44,567.00,"24,948.00"
2019-08-12,2019081201010563,NMFBS,38,38,45,"1,471.00","66,195.00"
2019-08-12,2019081201010562,NMFBS,48,38,50,"1,475.00","73,750.00"
2019-08-12,2019081201010561,NMFBS,48,38,50,"1,480.00","74,000.00"
2019-08-12,2019081201010560,NMFBS,55,38,50,"1,481.00","74,050.00"
2019-08-12,2019081201010710,NTC,43,50,10,689.00,"6,890.00"
2019-08-12,2019081201010573,NTC,6,34,25,687.00,"17,175.00"
2019-08-12,2019081201010567,NTC,34,50,10,689.00,"6,890.00"
2019-08-12,2019081201010674,NUBL,42,28,10,892.00,"8,920.00"
2019-08-12,2019081201010673,NUBL,42,52,90,880.00,"79,200.00"
2019-08-12,2019081201010615,NUBL,42,52,100,880.00,"88,000.00"
2019-08-12,2019081201010857,OHL,7,36,10,612.00,"6,120.00"
2019-08-12,2019081201010789,PICL,6,56,10,520.00,"5,200.00"
2019-08-12,2019081201010881,PLIC,52,35,50,415.00,"20,750.00"
2019-08-12,2019081201010880,PLIC,42,35,65,415.00,"26,975.00"
2019-08-12,2019081201010802,PLIC,29,50,20,417.00,"8,340.00"
2019-08-12,2019081201010590,PLIC,42,6,35,415.00,"14,525.00"
2019-08-12,2019081201010589,PLIC,29,6,50,415.00,"20,750.00"
2019-08-12,2019081201010588,PLIC,46,6,50,415.00,"20,750.00"
2019-08-12,2019081201010587,PLIC,39,6,50,415.00,"20,750.00"
2019-08-12,2019081201010586,PLIC,29,6,15,416.00,"6,240.00"
2019-08-12,2019081201010848,PPCL,29,17,10,126.00,"1,260.00"
2019-08-12,2019081201010510,PPCL,29,17,10,126.00,"1,260.00"
2019-08-12,2019081201010959,RHPL,57,22,30,212.00,"6,360.00"
2019-08-12,2019081201010922,RHPL,57,6,10,212.00,"2,120.00"
2019-08-12,2019081201010915,RHPL,45,50,400,213.00,"85,200.00"
2019-08-12,2019081201010908,RHPL,45,1,40,213.00,"8,520.00"
2019-08-12,2019081201010904,RHPL,45,1,40,213.00,"8,520.00"
2019-08-12,2019081201010903,RHPL,45,34,40,213.00,"8,520.00"
2019-08-12,2019081201010471,RHPL,34,58,50,212.00,"10,600.00"
2019-08-12,2019081201010470,RHPL,34,37,40,212.00,"8,480.00"
2019-08-12,2019081201010508,RHPL,17,25,40,212.00,"8,480.00"
2019-08-12,2019081201010505,RHPL,34,48,30,212.00,"6,360.00"
2019-08-12,2019081201010504,RHPL,34,48,10,212.00,"2,120.00"
2019-08-12,2019081201010503,RHPL,34,1,40,212.00,"8,480.00"
2019-08-12,2019081201010501,RHPL,34,35,40,212.00,"8,480.00"
2019-08-12,2019081201010472,RHPL,34,25,40,212.00,"8,480.00"
2019-08-12,2019081201010542,RHPL,17,25,40,212.00,"8,480.00"
2019-08-12,2019081201010540,RHPL,17,37,40,212.00,"8,480.00"
2019-08-12,2019081201010534,RHPL,17,26,30,212.00,"6,360.00"
2019-08-12,2019081201010533,RHPL,17,45,50,212.00,"10,600.00"
2019-08-12,2019081201010518,RHPL,17,39,30,212.00,"6,360.00"
2019-08-12,2019081201010515,RHPL,17,43,30,212.00,"6,360.00"
2019-08-12,2019081201010568,RHPL,17,26,30,212.00,"6,360.00"
2019-08-12,2019081201010566,RHPL,17,37,40,212.00,"8,480.00"
2019-08-12,2019081201010559,RHPL,17,57,10,212.00,"2,120.00"
2019-08-12,2019081201010558,RHPL,17,39,30,212.00,"6,360.00"
2019-08-12,2019081201010556,RHPL,17,17,40,212.00,"8,480.00"
2019-08-12,2019081201010543,RHPL,17,48,40,212.00,"8,480.00"
2019-08-12,2019081201010614,RHPL,17,26,30,212.00,"6,360.00"
2019-08-12,2019081201010608,RHPL,17,51,40,212.00,"8,480.00"
2019-08-12,2019081201010607,RHPL,17,38,40,212.00,"8,480.00"
2019-08-12,2019081201010605,RHPL,17,1,40,212.00,"8,480.00"
2019-08-12,2019081201010597,RHPL,17,37,40,212.00,"8,480.00"
2019-08-12,2019081201010580,RHPL,17,43,40,212.00,"8,480.00"
2019-08-12,2019081201010664,RHPL,17,37,30,212.00,"6,360.00"
2019-08-12,2019081201010660,RHPL,17,1,40,212.00,"8,480.00"
2019-08-12,2019081201010645,RHPL,17,34,50,212.00,"10,600.00"
2019-08-12,2019081201010644,RHPL,17,37,40,212.00,"8,480.00"
2019-08-12,2019081201010641,RHPL,17,51,40,212.00,"8,480.00"
2019-08-12,2019081201010616,RHPL,17,37,40,212.00,"8,480.00"
2019-08-12,2019081201010704,RHPL,42,1,10,212.00,"2,120.00"
2019-08-12,2019081201010702,RHPL,42,37,30,212.00,"6,360.00"
2019-08-12,2019081201010693,RHPL,42,46,10,212.00,"2,120.00"
2019-08-12,2019081201010692,RHPL,17,46,30,212.00,"6,360.00"
2019-08-12,2019081201010688,RHPL,17,43,10,212.00,"2,120.00"
2019-08-12,2019081201010681,RHPL,17,34,40,212.00,"8,480.00"
2019-08-12,2019081201010739,RHPL,45,37,30,213.00,"6,390.00"
2019-08-12,2019081201010738,RHPL,45,43,30,213.00,"6,390.00"
2019-08-12,2019081201010712,RHPL,57,49,40,212.00,"8,480.00"
2019-08-12,2019081201010709,RHPL,57,46,40,212.00,"8,480.00"
2019-08-12,2019081201010708,RHPL,57,22,30,212.00,"6,360.00"
2019-08-12,2019081201010705,RHPL,57,1,30,212.00,"6,360.00"
2019-08-12,2019081201010745,RHPL,45,39,40,213.00,"8,520.00"
2019-08-12,2019081201010744,RHPL,45,43,20,213.00,"4,260.00"
2019-08-12,2019081201010743,RHPL,45,37,40,213.00,"8,520.00"
2019-08-12,2019081201010742,RHPL,45,37,40,213.00,"8,520.00"
2019-08-12,2019081201010741,RHPL,45,45,50,213.00,"10,650.00"
2019-08-12,2019081201010740,RHPL,45,17,10,213.00,"2,130.00"
2019-08-12,2019081201010751,RHPL,45,42,40,213.00,"8,520.00"
2019-08-12,2019081201010750,RHPL,45,39,40,213.00,"8,520.00"
2019-08-12,2019081201010749,RHPL,45,37,40,213.00,"8,520.00"
2019-08-12,2019081201010748,RHPL,45,37,40,213.00,"8,520.00"
2019-08-12,2019081201010747,RHPL,45,37,40,213.00,"8,520.00"
2019-08-12,2019081201010746,RHPL,45,37,40,213.00,"8,520.00"
2019-08-12,2019081201010806,RHPL,45,1,40,213.00,"8,520.00"
2019-08-12,2019081201010799,RHPL,45,47,30,213.00,"6,390.00"
2019-08-12,2019081201010766,RHPL,45,37,40,213.00,"8,520.00"
2019-08-12,2019081201010764,RHPL,45,34,50,213.00,"10,650.00"
2019-08-12,2019081201010753,RHPL,45,3,300,213.00,"63,900.00"
2019-08-12,2019081201010752,RHPL,45,40,40,213.00,"8,520.00"
2019-08-12,2019081201010854,RHPL,45,6,40,213.00,"8,520.00"
2019-08-12,2019081201010829,RHPL,45,38,30,213.00,"6,390.00"
2019-08-12,2019081201010824,RHPL,45,37,40,213.00,"8,520.00"
2019-08-12,2019081201010823,RHPL,45,6,50,213.00,"10,650.00"
2019-08-12,2019081201010822,RHPL,45,46,50,213.00,"10,650.00"
2019-08-12,2019081201010815,RHPL,45,22,30,213.00,"6,390.00"
2019-08-12,2019081201010896,RHPL,45,22,30,213.00,"6,390.00"
2019-08-12,2019081201010894,RHPL,45,46,40,213.00,"8,520.00"
2019-08-12,2019081201010888,RHPL,45,6,50,213.00,"10,650.00"
2019-08-12,2019081201010875,RHPL,45,17,50,213.00,"10,650.00"
2019-08-12,2019081201010872,RHPL,45,6,40,213.00,"8,520.00"
2019-08-12,2019081201010871,RHPL,45,29,30,213.00,"6,390.00"
2019-08-12,2019081201010946,RMDC,35,36,112,661.00,"74,032.00"
2019-08-12,2019081201010945,RMDC,35,36,50,661.00,"33,050.00"
2019-08-12,2019081201010944,RMDC,35,36,100,661.00,"66,100.00"
2019-08-12,2019081201010943,RMDC,35,36,145,661.00,"95,845.00"
2019-08-12,2019081201010942,RMDC,49,36,10,662.00,"6,620.00"
2019-08-12,2019081201010897,RMDC,53,21,100,665.00,"66,500.00"
2019-08-12,2019081201010914,RSDC,33,44,476,361.00,"171,836.00"
2019-08-12,2019081201010913,RSDC,50,44,500,361.00,"180,500.00"
2019-08-12,2019081201010912,RSDC,41,44,24,361.00,"8,664.00"
2019-08-12,2019081201010797,RSDC,52,44,10,367.00,"3,670.00"
2019-08-12,2019081201010627,RSDC,41,20,10,361.00,"3,610.00"
2019-08-12,2019081201010523,SAEF,16,57,100,9.83,983.00
2019-08-12,2019081201010869,SBL,51,33,100,318.00,"31,800.00"
2019-08-12,2019081201010575,SBL,33,4,655,317.00,"207,635.00"
2019-08-12,2019081201010574,SBL,44,4,345,317.00,"109,365.00"
2019-08-12,2019081201010820,SCB,14,39,35,650.00,"22,750.00"
2019-08-12,2019081201010819,SCB,58,39,65,650.00,"42,250.00"
2019-08-12,2019081201010521,SCB,58,13,35,650.00,"22,750.00"
2019-08-12,2019081201010520,SCB,26,13,30,651.00,"19,530.00"
2019-08-12,2019081201010519,SCB,8,13,20,653.00,"13,060.00"
2019-08-12,2019081201010654,SDESI,11,20,27,615.00,"16,605.00"
2019-08-12,2019081201010512,SDESI,11,20,27,615.00,"16,605.00"
2019-08-12,2019081201010874,SHIVM,32,22,35,580.00,"20,300.00"
2019-08-12,2019081201010873,SHIVM,32,6,15,579.00,"8,685.00"
2019-08-12,2019081201010870,SHIVM,35,35,40,578.00,"23,120.00"
2019-08-12,2019081201010594,SHL,44,11,100,234.00,"23,400.00"
2019-08-12,2019081201010593,SHL,44,22,200,233.00,"46,600.00"
2019-08-12,2019081201010539,SHL,25,19,200,232.00,"46,400.00"
2019-08-12,2019081201010856,SICL,54,6,99,775.00,"76,725.00"
2019-08-12,2019081201010855,SICL,41,6,61,775.00,"47,275.00"
2019-08-12,2019081201010788,SICL,42,6,180,776.00,"139,680.00"
2019-08-12,2019081201010621,SIFC,45,45,1,154.00,154.00
2019-08-12,2019081201010965,SJCL,36,21,20,228.00,"4,560.00"
2019-08-12,2019081201010949,SJCL,36,1,20,228.00,"4,560.00"
2019-08-12,2019081201010948,SJCL,8,58,190,229.00,"43,510.00"
2019-08-12,2019081201010947,SJCL,8,29,10,229.00,"2,290.00"
2019-08-12,2019081201010931,SJCL,36,34,20,228.00,"4,560.00"
2019-08-12,2019081201010930,SJCL,36,46,20,228.00,"4,560.00"
2019-08-12,2019081201010483,SJCL,36,58,20,228.00,"4,560.00"
2019-08-12,2019081201010482,SJCL,36,25,20,228.00,"4,560.00"
2019-08-12,2019081201010479,SJCL,36,1,20,228.00,"4,560.00"
2019-08-12,2019081201010522,SJCL,36,35,20,228.00,"4,560.00"
2019-08-12,2019081201010517,SJCL,36,48,20,228.00,"4,560.00"
2019-08-12,2019081201010516,SJCL,36,25,20,228.00,"4,560.00"
2019-08-12,2019081201010514,SJCL,36,45,20,228.00,"4,560.00"
2019-08-12,2019081201010513,SJCL,36,1,20,228.00,"4,560.00"
2019-08-12,2019081201010509,SJCL,36,21,20,228.00,"4,560.00"
2019-08-12,2019081201010564,SJCL,36,48,20,228.00,"4,560.00"
2019-08-12,2019081201010557,SJCL,36,25,20,228.00,"4,560.00"
2019-08-12,2019081201010554,SJCL,36,21,20,228.00,"4,560.00"
2019-08-12,2019081201010544,SJCL,36,26,10,228.00,"2,280.00"
2019-08-12,2019081201010536,SJCL,36,39,20,228.00,"4,560.00"
2019-08-12,2019081201010524,SJCL,36,21,20,228.00,"4,560.00"
2019-08-12,2019081201010595,SJCL,36,26,20,228.00,"4,560.00"
2019-08-12,2019081201010581,SJCL,36,57,20,228.00,"4,560.00"
2019-08-12,2019081201010579,SJCL,36,39,20,228.00,"4,560.00"
2019-08-12,2019081201010577,SJCL,36,17,20,228.00,"4,560.00"
2019-08-12,2019081201010572,SJCL,36,21,10,228.00,"2,280.00"
2019-08-12,2019081201010570,SJCL,36,56,20,228.00,"4,560.00"
2019-08-12,2019081201010623,SJCL,36,26,20,228.00,"4,560.00"
2019-08-12,2019081201010620,SJCL,36,21,20,228.00,"4,560.00"
2019-08-12,2019081201010617,SJCL,36,34,20,228.00,"4,560.00"
2019-08-12,2019081201010601,SJCL,36,14,20,228.00,"4,560.00"
2019-08-12,2019081201010600,SJCL,36,21,20,228.00,"4,560.00"
2019-08-12,2019081201010596,SJCL,36,57,10,228.00,"2,280.00"
2019-08-12,2019081201010675,SJCL,36,1,20,228.00,"4,560.00"
2019-08-12,2019081201010668,SJCL,36,43,10,228.00,"2,280.00"
2019-08-12,2019081201010665,SJCL,36,43,20,228.00,"4,560.00"
2019-08-12,2019081201010661,SJCL,36,21,20,228.00,"4,560.00"
2019-08-12,2019081201010639,SJCL,36,21,20,228.00,"4,560.00"
2019-08-12,2019081201010629,SJCL,36,1,20,228.00,"4,560.00"
2019-08-12,2019081201010711,SJCL,36,21,20,228.00,"4,560.00"
2019-08-12,2019081201010700,SJCL,36,34,20,228.00,"4,560.00"
2019-08-12,2019081201010699,SJCL,36,21,10,228.00,"2,280.00"
2019-08-12,2019081201010697,SJCL,36,6,20,228.00,"4,560.00"
2019-08-12,2019081201010695,SJCL,36,22,20,228.00,"4,560.00"
2019-08-12,2019081201010676,SJCL,36,21,20,228.00,"4,560.00"
2019-08-12,2019081201010805,SJCL,36,21,20,228.00,"4,560.00"
2019-08-12,2019081201010800,SJCL,36,6,10,228.00,"2,280.00"
2019-08-12,2019081201010768,SJCL,36,22,20,228.00,"4,560.00"
2019-08-12,2019081201010762,SJCL,36,21,20,228.00,"4,560.00"
2019-08-12,2019081201010761,SJCL,36,6,10,228.00,"2,280.00"
2019-08-12,2019081201010737,SJCL,36,1,10,228.00,"2,280.00"
2019-08-12,2019081201010866,SJCL,36,38,20,228.00,"4,560.00"
2019-08-12,2019081201010863,SJCL,36,21,10,228.00,"2,280.00"
2019-08-12,2019081201010853,SJCL,36,46,20,228.00,"4,560.00"
2019-08-12,2019081201010850,SJCL,36,1,20,228.00,"4,560.00"
2019-08-12,2019081201010826,SJCL,36,21,10,228.00,"2,280.00"
2019-08-12,2019081201010807,SJCL,36,34,20,228.00,"4,560.00"
2019-08-12,2019081201010906,SJCL,36,17,20,228.00,"4,560.00"
2019-08-12,2019081201010905,SJCL,36,3,50,228.00,"11,400.00"
2019-08-12,2019081201010893,SJCL,36,37,20,228.00,"4,560.00"
2019-08-12,2019081201010882,SJCL,36,21,10,228.00,"2,280.00"
2019-08-12,2019081201010868,SJCL,36,22,20,228.00,"4,560.00"
2019-08-12,2019081201010929,SJCL,25,40,20,229.00,"4,580.00"
2019-08-12,2019081201010928,SJCL,25,42,20,229.00,"4,580.00"
2019-08-12,2019081201010927,SJCL,25,39,20,229.00,"4,580.00"
2019-08-12,2019081201010926,SJCL,25,47,10,229.00,"2,290.00"
2019-08-12,2019081201010925,SJCL,36,1,20,228.00,"4,560.00"
2019-08-12,2019081201010916,SJCL,36,21,20,228.00,"4,560.00"
2019-08-12,2019081201010721,SKBBL,42,49,130,990.00,"128,700.00"
2019-08-12,2019081201010720,SKBBL,42,19,170,985.00,"167,450.00"
2019-08-12,2019081201010696,SKBBL,45,19,30,985.00,"29,550.00"
2019-08-12,2019081201010511,SKBBL,22,54,200,978.00,"195,600.00"
2019-08-12,2019081201010489,SLBBL,25,22,79,544.00,"42,976.00"
2019-08-12,2019081201010488,SLBBL,25,22,100,544.00,"54,400.00"
2019-08-12,2019081201010487,SLBBL,57,22,50,546.00,"27,300.00"
2019-08-12,2019081201010486,SLBBL,48,22,11,547.00,"6,017.00"
2019-08-12,2019081201010485,SLBBL,58,22,10,547.00,"5,470.00"
2019-08-12,2019081201010484,SLBBL,34,22,50,548.00,"27,400.00"
2019-08-12,2019081201010951,SLICL,32,44,38,452.00,"17,176.00"
2019-08-12,2019081201010950,SLICL,18,44,300,452.00,"135,600.00"
2019-08-12,2019081201010763,SLICL,28,40,10,453.00,"4,530.00"
2019-08-12,2019081201010604,SLICL,47,40,20,453.00,"9,060.00"
2019-08-12,2019081201010535,SLICL,18,22,200,452.00,"90,400.00"
2019-08-12,2019081201010478,SLICL,48,40,50,453.00,"22,650.00"
2019-08-12,2019081201010790,SMFBS,57,57,10,829.00,"8,290.00"
2019-08-12,2019081201010636,SMFBS,58,35,10,825.00,"8,250.00"
2019-08-12,2019081201010599,SMFBS,16,57,110,821.00,"90,310.00"
2019-08-12,2019081201010598,SMFBS,34,57,10,821.00,"8,210.00"
2019-08-12,2019081201010576,SMFBS,58,57,10,822.00,"8,220.00"
2019-08-12,2019081201010555,SMFBS,58,35,10,822.00,"8,220.00"
2019-08-12,2019081201010537,SMFBS,58,57,10,822.00,"8,220.00"
2019-08-12,2019081201010653,SPARS,16,14,10,609.00,"6,090.00"
2019-08-12,2019081201010652,SPARS,6,14,90,610.00,"54,900.00"
2019-08-12,2019081201010678,SPDL,45,20,93,85.00,"7,905.00"
2019-08-12,2019081201010538,SPDL,45,20,93,85.00,"7,905.00"
2019-08-12,2019081201010937,SRBL,25,4,10,241.00,"2,410.00"
2019-08-12,2019081201010497,SRBL,57,54,329,239.00,"78,631.00"
2019-08-12,2019081201010480,SRBL,26,54,29,240.00,"6,960.00"
2019-08-12,2019081201010707,SWBBL,42,7,120,915.00,"109,800.00"
2019-08-12,2019081201010706,SWBBL,25,7,30,915.00,"27,450.00"
2019-08-12,2019081201010569,UFL,51,20,24,174.00,"4,176.00"
2019-08-12,2019081201010754,UIC,6,52,20,319.00,"6,380.00"
2019-08-12,2019081201010622,UMHL,50,17,10,105.00,"1,050.00"
2019-08-12,2019081201010954,UPCL,45,17,50,86.00,"4,300.00"
2019-08-12,2019081201010687,UPCL,45,32,50,86.00,"4,300.00"
2019-08-12,2019081201010646,UPCL,45,17,50,86.00,"4,300.00"
2019-08-12,2019081201010477,UPCL,58,43,100,87.00,"8,700.00"
2019-08-12,2019081201010964,UPPER,25,6,100,265.00,"26,500.00"
2019-08-12,2019081201010955,UPPER,25,21,20,266.00,"5,320.00"
2019-08-12,2019081201010936,VLBS,44,44,3,590.00,"1,770.00"
2019-08-12,2019081201010902,VLBS,44,44,3,590.00,"1,770.00"
2019-08-12,2019081201010877,VLBS,44,44,3,590.00,"1,770.00"
2019-08-12,2019081201010718,VLBS,45,58,13,590.00,"7,670.00"
2019-08-12,2019081201010498,VLBS,45,44,32,590.00,"18,880.00"
2019-08-12,2019081201010453,ADBL,41,42,66,430.00,"28,380.00"
2019-08-12,2019081201010076,ADBL,41,7,34,430.00,"14,620.00"
2019-08-12,2019081201010439,AHPC,7,22,300,103.00,"30,900.00"
2019-08-12,2019081201010438,AHPC,42,22,100,103.00,"10,300.00"
2019-08-12,2019081201010437,AHPC,26,22,100,103.00,"10,300.00"
2019-08-12,2019081201010373,AHPC,17,43,539,104.00,"56,056.00"
2019-08-12,2019081201010372,AHPC,34,43,268,104.00,"27,872.00"
2019-08-12,2019081201010356,AKJCL,1,48,10,67.00,670.00
2019-08-12,2019081201010283,AKJCL,1,17,10,67.00,670.00
2019-08-12,2019081201010317,AKPL,38,17,76,164.00,"12,464.00"
2019-08-12,2019081201010323,ALBSL,11,38,10,468.00,"4,680.00"
2019-08-12,2019081201010322,ALBSL,45,38,70,468.00,"32,760.00"
2019-08-12,2019081201010321,ALBSL,45,38,10,470.00,"4,700.00"
2019-08-12,2019081201010025,ALBSL,45,41,10,470.00,"4,700.00"
2019-08-12,2019081201009994,ALBSL,22,38,10,477.00,"4,770.00"
2019-08-12,2019081201009993,ALBSL,22,52,30,477.00,"14,310.00"
2019-08-12,2019081201009992,ALBSL,22,45,10,475.00,"4,750.00"
2019-08-12,2019081201010361,API,29,50,816,132.00,"107,712.00"
2019-08-12,2019081201010360,API,52,50,50,132.00,"6,600.00"
2019-08-12,2019081201010359,API,42,50,134,132.00,"17,688.00"
2019-08-12,2019081201010229,API,25,35,50,133.00,"6,650.00"
2019-08-12,2019081201010023,API,25,35,36,133.00,"4,788.00"
2019-08-12,2019081201010209,BFC,11,19,50,99.00,"4,950.00"
2019-08-12,2019081201010394,BOKL,19,45,348,261.00,"90,828.00"
2019-08-12,2019081201010393,BOKL,19,7,95,261.00,"24,795.00"
2019-08-12,2019081201010222,BOKL,29,7,20,261.00,"5,220.00"
2019-08-12,2019081201010138,BOKL,33,7,100,261.00,"26,100.00"
2019-08-12,2019081201010022,BOKL,25,7,100,261.00,"26,100.00"
2019-08-12,2019081201010021,BOKL,35,7,30,261.00,"7,830.00"
2019-08-12,2019081201010020,BOKL,26,7,50,261.00,"13,050.00"
2019-08-12,2019081201010428,CBL,41,59,100,150.00,"15,000.00"
2019-08-12,2019081201010082,CBL,41,41,103,150.00,"15,450.00"
2019-08-12,2019081201010081,CBL,34,41,18,150.00,"2,700.00"
2019-08-12,2019081201010377,CCBL,5,45,82,165.00,"13,530.00"
2019-08-12,2019081201010045,CCBL,5,13,200,165.00,"33,000.00"
2019-08-12,2019081201010446,CHCL,28,28,235,480.00,"112,800.00"
2019-08-12,2019081201010445,CHCL,28,28,165,480.00,"79,200.00"
2019-08-12,2019081201010195,CHCL,28,41,49,480.00,"23,520.00"
2019-08-12,2019081201009973,CHCL,40,48,200,481.00,"96,200.00"
2019-08-12,2019081201010443,CIT,35,51,150,"2,383.00","357,450.00"
2019-08-12,2019081201010425,CIT,35,51,50,"2,383.00","119,150.00"
2019-08-12,2019081201010424,CIT,51,51,50,"2,383.00","119,150.00"
2019-08-12,2019081201010382,CIT,16,51,20,"2,384.00","47,680.00"
2019-08-12,2019081201010381,CIT,37,51,100,"2,384.00","238,400.00"
2019-08-12,2019081201010380,CIT,55,51,20,"2,385.00","47,700.00"
2019-08-12,2019081201010379,CIT,21,51,10,"2,390.00","23,900.00"
2019-08-12,2019081201010278,FMDBL,42,34,50,387.00,"19,350.00"
2019-08-12,2019081201010129,FOWAD,5,18,17,"1,345.00","22,865.00"
2019-08-12,2019081201010128,FOWAD,11,18,32,"1,345.00","43,040.00"
2019-08-12,2019081201010119,FOWAD,11,18,49,"1,345.00","65,905.00"
2019-08-12,2019081201010102,FOWAD,11,18,19,"1,345.00","25,555.00"
2019-08-12,2019081201010307,GBBL,45,42,500,217.00,"108,500.00"
2019-08-12,2019081201010306,GBBL,58,42,500,218.00,"109,000.00"
2019-08-12,2019081201010305,GBBL,45,42,200,219.00,"43,800.00"
2019-08-12,2019081201010132,GBBL,52,32,100,220.00,"22,000.00"
2019-08-12,2019081201010131,GBBL,49,32,11,220.00,"2,420.00"
2019-08-12,2019081201010130,GBBL,21,32,25,221.00,"5,525.00"
2019-08-12,2019081201010223,GBLBS,5,36,20,375.00,"7,500.00"
2019-08-12,2019081201010444,GLBSL,16,38,20,540.00,"10,800.00"
2019-08-12,2019081201010124,GLBSL,16,56,10,540.00,"5,400.00"
2019-08-12,2019081201010040,GLBSL,16,41,10,540.00,"5,400.00"
2019-08-12,2019081201010375,GLICL,25,20,10,474.00,"4,740.00"
2019-08-12,2019081201010154,HBL,14,42,400,546.00,"218,400.00"
2019-08-12,2019081201010270,HDL,45,33,100,"1,502.00","150,200.00"
2019-08-12,2019081201010269,HDL,7,33,10,"1,505.00","15,050.00"
2019-08-12,2019081201010268,HDL,45,33,100,"1,507.00","150,700.00"
2019-08-12,2019081201010267,HDL,56,33,50,"1,508.00","75,400.00"
2019-08-12,2019081201010266,HDL,21,33,50,"1,509.00","75,450.00"
2019-08-12,2019081201010341,HGI,59,48,21,324.00,"6,804.00"
2019-08-12,2019081201010137,HGI,19,48,100,324.00,"32,400.00"
2019-08-12,2019081201010136,HGI,29,48,150,324.00,"48,600.00"
2019-08-12,2019081201010135,HGI,47,48,29,324.00,"9,396.00"
2019-08-12,2019081201010134,HGI,6,48,200,325.00,"65,000.00"
2019-08-12,2019081201010133,HGI,51,48,50,325.00,"16,250.00"
2019-08-12,2019081201010313,HIDCL,42,43,48,156.00,"7,488.00"
2019-08-12,2019081201009988,HPPL,55,52,10,166.00,"1,660.00"
2019-08-12,2019081201010265,HURJA,25,1,20,130.00,"2,600.00"
2019-08-12,2019081201009982,HURJA,25,17,10,130.00,"1,300.00"
2019-08-12,2019081201009981,HURJA,29,17,10,130.00,"1,300.00"
2019-08-12,2019081201009977,HURJA,29,57,20,130.00,"2,600.00"
2019-08-12,2019081201010144,ILBS,16,8,10,478.00,"4,780.00"
2019-08-12,2019081201010126,ILBS,16,8,10,478.00,"4,780.00"
2019-08-12,2019081201010118,ILBS,16,8,10,478.00,"4,780.00"
2019-08-12,2019081201010116,ILBS,16,13,10,478.00,"4,780.00"
2019-08-12,2019081201010103,ILBS,16,8,10,478.00,"4,780.00"
2019-08-12,2019081201010101,ILBS,19,26,590,480.00,"283,200.00"
2019-08-12,2019081201009978,ILBS,42,8,10,479.00,"4,790.00"
2019-08-12,2019081201010063,ILBS,16,56,10,478.00,"4,780.00"
2019-08-12,2019081201010052,ILBS,16,8,10,478.00,"4,780.00"
2019-08-12,2019081201010044,ILBS,16,8,10,478.00,"4,780.00"
2019-08-12,2019081201010030,ILBS,42,8,10,479.00,"4,790.00"
2019-08-12,2019081201010013,ILBS,42,8,10,479.00,"4,790.00"
2019-08-12,2019081201009995,ILBS,42,8,10,479.00,"4,790.00"
2019-08-12,2019081201010100,ILBS,19,50,10,480.00,"4,800.00"
2019-08-12,2019081201010099,ILBS,19,8,10,480.00,"4,800.00"
2019-08-12,2019081201010098,ILBS,19,38,10,480.00,"4,800.00"
2019-08-12,2019081201010085,ILBS,16,8,10,478.00,"4,780.00"
2019-08-12,2019081201010080,ILBS,16,8,10,478.00,"4,780.00"
2019-08-12,2019081201010066,ILBS,16,8,10,478.00,"4,780.00"
2019-08-12,2019081201010246,KBL,45,52,20,208.00,"4,160.00"
2019-08-12,2019081201010215,KBL,45,52,10,208.00,"2,080.00"
2019-08-12,2019081201010008,KBL,34,39,400,207.00,"82,800.00"
2019-08-12,2019081201010007,KBL,25,39,600,207.00,"124,200.00"
2019-08-12,2019081201010338,KPCL,22,17,10,86.00,860.00
2019-08-12,2019081201010004,KPCL,22,17,10,86.00,860.00
2019-08-12,2019081201010180,KSBBL,21,22,491,148.00,"72,668.00"
2019-08-12,2019081201010179,KSBBL,5,22,350,148.00,"51,800.00"
2019-08-12,2019081201010178,KSBBL,17,22,500,149.00,"74,500.00"
2019-08-12,2019081201010177,KSBBL,57,22,100,149.00,"14,900.00"
2019-08-12,2019081201010176,KSBBL,50,22,"1,000",149.00,"149,000.00"
2019-08-12,2019081201010175,KSBBL,7,22,559,150.00,"83,850.00"
2019-08-12,2019081201010422,LBBL,1,45,100,174.00,"17,400.00"
2019-08-12,2019081201010417,LLBS,16,32,50,735.00,"36,750.00"
2019-08-12,2019081201010416,LLBS,18,32,300,735.00,"220,500.00"
2019-08-12,2019081201010415,LLBS,5,32,120,735.00,"88,200.00"
2019-08-12,2019081201010414,LLBS,32,32,16,735.00,"11,760.00"
2019-08-12,2019081201010413,LLBS,57,32,60,735.00,"44,100.00"
2019-08-12,2019081201010355,LLBS,29,32,10,740.00,"7,400.00"
2019-08-12,2019081201010354,LLBS,25,32,50,741.00,"37,050.00"
2019-08-12,2019081201010395,LVF1,51,47,"5,000",11.00,"55,000.00"
2019-08-12,2019081201010241,LVF1,51,55,"8,270",10.99,"90,887.30"
2019-08-12,2019081201010208,LVF1,11,47,"3,000",11.00,"33,000.00"
2019-08-12,2019081201010146,LVF1,22,55,"5,130",11.01,"56,481.30"
2019-08-12,2019081201010121,LVF1,22,6,"9,870",11.01,"108,668.70"
2019-08-12,2019081201010120,LVF1,22,47,"5,000",11.00,"55,000.00"
2019-08-12,2019081201010366,MBL,34,26,50,261.00,"13,050.00"
2019-08-12,2019081201010365,MBL,34,51,50,260.00,"13,000.00"
2019-08-12,2019081201010172,MEGA,59,19,17,201.00,"3,417.00"
2019-08-12,2019081201010171,MEGA,40,19,86,201.00,"17,286.00"
2019-08-12,2019081201010304,MEGA,3,22,200,201.00,"40,200.00"
2019-08-12,2019081201010303,MEGA,59,22,183,201.00,"36,783.00"
2019-08-12,2019081201010105,MERO,13,17,10,530.00,"5,300.00"
2019-08-12,2019081201010332,MLBBL,22,6,20,495.00,"9,900.00"
2019-08-12,2019081201009975,MLBBL,22,52,25,486.00,"12,150.00"
2019-08-12,2019081201010347,MLBL,50,32,"1,400",199.00,"278,600.00"
2019-08-12,2019081201010346,MLBL,50,13,108,199.00,"21,492.00"
2019-08-12,2019081201010245,MSLB,48,6,50,945.00,"47,250.00"
2019-08-12,2019081201010378,MSMBS,43,48,67,510.00,"34,170.00"
2019-08-12,2019081201010353,MSMBS,43,48,100,510.00,"51,000.00"
2019-08-12,2019081201010106,MSMBS,43,11,22,510.00,"11,220.00"
2019-08-12,2019081201010336,NABIL,18,6,56,783.00,"43,848.00"
2019-08-12,2019081201010335,NABIL,18,49,102,783.00,"79,866.00"
2019-08-12,2019081201010279,NABIL,44,49,100,783.00,"78,300.00"
2019-08-12,2019081201010224,NABIL,33,49,75,783.00,"58,725.00"
2019-08-12,2019081201010421,NADEP,58,5,50,495.00,"24,750.00"
2019-08-12,2019081201010420,NADEP,58,32,100,491.00,"49,100.00"
2019-08-12,2019081201010389,NADEP,59,32,100,491.00,"49,100.00"
2019-08-12,2019081201010301,NADEP,3,56,50,497.00,"24,850.00"
2019-08-12,2019081201010213,NADEP,58,49,100,496.00,"49,600.00"
2019-08-12,2019081201010212,NADEP,58,22,100,495.00,"49,500.00"
2019-08-12,2019081201010211,NADEP,58,57,10,492.00,"4,920.00"
2019-08-12,2019081201010152,NADEP,26,11,120,492.00,"59,040.00"
2019-08-12,2019081201010027,NAGRO,25,7,20,827.00,"16,540.00"
2019-08-12,2019081201010026,NAGRO,34,7,50,827.00,"41,350.00"
2019-08-12,2019081201010297,NBB,49,5,200,217.00,"43,400.00"
2019-08-12,2019081201010434,NBL,5,13,148,326.00,"48,248.00"
2019-08-12,2019081201010433,NBL,4,13,262,326.00,"85,412.00"
2019-08-12,2019081201010334,NBL,4,55,738,326.00,"240,588.00"
2019-08-12,2019081201010333,NBL,16,55,240,326.00,"78,240.00"
2019-08-12,2019081201010292,NBL,16,49,760,326.00,"247,760.00"
2019-08-12,2019081201010291,NBL,6,49,300,326.00,"97,800.00"
2019-08-12,2019081201010284,NBL,6,49,390,326.00,"127,140.00"
2019-08-12,2019081201010242,NBL,6,57,100,326.00,"32,600.00"
2019-08-12,2019081201010226,NBL,45,4,50,327.00,"16,350.00"
2019-08-12,2019081201010193,NBL,29,4,40,327.00,"13,080.00"
2019-08-12,2019081201010155,NBL,45,4,100,327.00,"32,700.00"
2019-08-12,2019081201010290,NBL,28,49,"1,000",326.00,"326,000.00"
2019-08-12,2019081201010289,NBL,34,49,800,326.00,"260,800.00"
2019-08-12,2019081201010288,NBL,6,49,500,326.00,"163,000.00"
2019-08-12,2019081201010287,NBL,57,49,100,326.00,"32,600.00"
2019-08-12,2019081201010286,NBL,25,49,50,326.00,"16,300.00"
2019-08-12,2019081201010285,NBL,37,49,"1,000",326.00,"326,000.00"
2019-08-12,2019081201010465,NIB,42,4,44,511.00,"22,484.00"
2019-08-12,2019081201010464,NIB,42,4,17,511.00,"8,687.00"
2019-08-12,2019081201010463,NIB,42,4,44,511.00,"22,484.00"
2019-08-12,2019081201010462,NIB,42,4,44,511.00,"22,484.00"
2019-08-12,2019081201010461,NIB,42,4,198,511.00,"101,178.00"
2019-08-12,2019081201010460,NIB,42,4,44,511.00,"22,484.00"
2019-08-12,2019081201010096,NIB,52,4,40,511.00,"20,440.00"
2019-08-12,2019081201010459,NIB,42,4,17,511.00,"8,687.00"
2019-08-12,2019081201010458,NIB,42,4,136,511.00,"69,496.00"
2019-08-12,2019081201010369,NIB,58,4,100,511.00,"51,100.00"
2019-08-12,2019081201010352,NIB,45,4,10,511.00,"5,110.00"
2019-08-12,2019081201010157,NIB,52,4,33,511.00,"16,863.00"
2019-08-12,2019081201010117,NIB,52,4,44,511.00,"22,484.00"
2019-08-12,2019081201010412,NIBPO,35,4,"10,000",456.00,"4,560,000.00"
2019-08-12,2019081201010411,NIBPO,6,4,300,456.00,"136,800.00"
2019-08-12,2019081201010410,NIBPO,17,4,50,456.00,"22,800.00"
2019-08-12,2019081201010409,NIBPO,53,4,56,456.00,"25,536.00"
2019-08-12,2019081201010408,NIBPO,25,4,100,457.00,"45,700.00"
2019-08-12,2019081201010407,NIBPO,42,4,200,457.00,"91,400.00"
2019-08-12,2019081201010400,NIBPO,1,4,88,458.00,"40,304.00"
2019-08-12,2019081201010406,NIBPO,36,4,500,457.00,"228,500.00"
2019-08-12,2019081201010405,NIBPO,51,4,100,457.00,"45,700.00"
2019-08-12,2019081201010404,NIBPO,25,4,130,458.00,"59,540.00"
2019-08-12,2019081201010403,NIBPO,44,4,100,458.00,"45,800.00"
2019-08-12,2019081201010402,NIBPO,53,4,50,458.00,"22,900.00"
2019-08-12,2019081201010401,NIBPO,44,4,50,458.00,"22,900.00"
2019-08-12,2019081201010442,NICA,8,54,100,449.00,"44,900.00"
2019-08-12,2019081201010441,NICA,33,54,100,449.00,"44,900.00"
2019-08-12,2019081201010440,NICA,14,54,100,449.00,"44,900.00"
2019-08-12,2019081201010314,NIL,44,14,78,461.00,"35,958.00"
2019-08-12,2019081201010188,NIL,44,14,22,461.00,"10,142.00"
2019-08-12,2019081201010187,NIL,5,14,200,461.00,"92,200.00"
2019-08-12,2019081201010186,NIL,44,14,50,461.00,"23,050.00"
2019-08-12,2019081201010185,NIL,44,14,78,461.00,"35,958.00"
2019-08-12,2019081201010184,NIL,44,14,50,462.00,"23,100.00"
2019-08-12,2019081201010169,NIL,41,50,100,463.00,"46,300.00"
2019-08-12,2019081201010328,NLBBL,17,22,124,557.00,"69,068.00"
2019-08-12,2019081201010327,NLBBL,43,22,100,558.00,"55,800.00"
2019-08-12,2019081201010264,NLBBL,17,22,200,561.00,"112,200.00"
2019-08-12,2019081201010263,NLBBL,6,22,100,562.00,"56,200.00"
2019-08-12,2019081201010262,NLBBL,6,22,100,563.00,"56,300.00"
2019-08-12,2019081201010261,NLBBL,5,22,80,564.00,"45,120.00"
2019-08-12,2019081201010260,NLBBL,49,22,50,564.00,"28,200.00"
2019-08-12,2019081201010259,NLBBL,5,22,100,567.00,"56,700.00"
2019-08-12,2019081201010258,NLBBL,55,22,100,567.00,"56,700.00"
2019-08-12,2019081201010257,NLBBL,22,22,20,568.00,"11,360.00"
2019-08-12,2019081201010256,NLBBL,17,22,26,568.00,"14,768.00"
2019-08-12,2019081201010427,NLIC,6,44,100,873.00,"87,300.00"
2019-08-12,2019081201010331,NLIC,46,44,16,873.00,"13,968.00"
2019-08-12,2019081201010017,NLIC,32,4,717,872.00,"625,224.00"
2019-08-12,2019081201010016,NLIC,39,4,283,872.00,"246,776.00"
2019-08-12,2019081201010011,NLIC,22,44,25,873.00,"21,825.00"
2019-08-12,2019081201010436,NLICL,56,26,34,567.00,"19,278.00"
2019-08-12,2019081201010387,NMBMF,40,7,100,"1,045.00","104,500.00"
2019-08-12,2019081201010386,NMBMF,49,7,17,"1,046.00","17,782.00"
2019-08-12,2019081201010385,NMBMF,58,7,30,"1,047.00","31,410.00"
2019-08-12,2019081201010384,NMBMF,11,7,40,"1,048.00","41,920.00"
2019-08-12,2019081201010383,NMBMF,36,7,10,"1,051.00","10,510.00"
2019-08-12,2019081201009997,NMBMF,10,7,10,"1,055.00","10,550.00"
2019-08-12,2019081201010364,NSEWA,25,51,10,474.00,"4,740.00"
2019-08-12,2019081201010457,NTC,6,47,100,687.00,"68,700.00"
2019-08-12,2019081201010449,NTC,6,41,500,688.00,"344,000.00"
2019-08-12,2019081201010448,NTC,6,40,140,688.00,"96,320.00"
2019-08-12,2019081201010065,PCBL,53,43,400,274.00,"109,600.00"
2019-08-12,2019081201010064,PCBL,41,43,100,274.00,"27,400.00"
2019-08-12,2019081201010456,PICL,6,14,20,515.00,"10,300.00"
2019-08-12,2019081201010003,PLIC,29,6,35,416.00,"14,560.00"
2019-08-12,2019081201010002,PLIC,59,6,65,416.00,"27,040.00"
2019-08-12,2019081201010001,PLIC,35,6,50,416.00,"20,800.00"
2019-08-12,2019081201010000,PLIC,35,6,50,416.00,"20,800.00"
2019-08-12,2019081201010220,PPCL,29,8,30,126.00,"3,780.00"
2019-08-12,2019081201010031,PPCL,29,17,10,126.00,"1,260.00"
2019-08-12,2019081201010324,PRIN,35,19,160,352.00,"56,320.00"
2019-08-12,2019081201010310,PRIN,36,19,90,354.00,"31,860.00"
2019-08-12,2019081201010086,PROFL,46,46,300,103.00,"30,900.00"
2019-08-12,2019081201010452,PRVU,32,36,100,270.00,"27,000.00"
2019-08-12,2019081201010217,PRVU,33,38,"3,475",269.00,"934,775.00"
2019-08-12,2019081201010206,PRVU,33,38,184,269.00,"49,496.00"
2019-08-12,2019081201010205,PRVU,28,38,800,269.00,"215,200.00"
2019-08-12,2019081201010204,PRVU,33,38,500,269.00,"134,500.00"
2019-08-12,2019081201010203,PRVU,14,38,500,269.00,"134,500.00"
2019-08-12,2019081201010196,PRVU,54,38,249,269.00,"66,981.00"
2019-08-12,2019081201010054,PRVU,54,50,56,269.00,"15,064.00"
2019-08-12,2019081201010202,PRVU,13,38,500,269.00,"134,500.00"
2019-08-12,2019081201010201,PRVU,14,38,"1,000",269.00,"269,000.00"
2019-08-12,2019081201010200,PRVU,26,38,200,269.00,"53,800.00"
2019-08-12,2019081201010199,PRVU,6,38,25,269.00,"6,725.00"
2019-08-12,2019081201010198,PRVU,6,38,"1,000",269.00,"269,000.00"
2019-08-12,2019081201010197,PRVU,59,38,42,269.00,"11,298.00"
2019-08-12,2019081201010293,RBCL,16,37,20,"9,116.00","182,320.00"
2019-08-12,2019081201010070,RBCL,46,48,15,"9,116.00","136,740.00"
2019-08-12,2019081201010069,RBCL,58,48,10,"9,130.00","91,300.00"
2019-08-12,2019081201010068,RBCL,36,48,10,"9,131.00","91,310.00"
2019-08-12,2019081201010067,RBCL,19,48,10,"9,135.00","91,350.00"
2019-08-12,2019081201010037,RBCL,1,48,10,"9,150.00","91,500.00"
2019-08-12,2019081201010036,RBCL,19,48,10,"9,155.00","91,550.00"
2019-08-12,2019081201010035,RBCL,35,48,15,"9,160.00","137,400.00"
2019-08-12,2019081201010091,RBCLPO,33,48,14,"8,250.00","115,500.00"
2019-08-12,2019081201010090,RBCLPO,33,48,10,"8,265.00","82,650.00"
2019-08-12,2019081201010089,RBCLPO,33,48,20,"8,300.00","166,000.00"
2019-08-12,2019081201010088,RBCLPO,25,48,10,"8,340.00","83,400.00"
2019-08-12,2019081201010087,RBCLPO,17,48,10,"8,340.00","83,400.00"
2019-08-12,2019081201010451,RHPL,34,25,40,212.00,"8,480.00"
2019-08-12,2019081201010447,RHPL,34,1,40,212.00,"8,480.00"
2019-08-12,2019081201010435,RHPL,34,47,30,212.00,"6,360.00"
2019-08-12,2019081201010419,RHPL,34,25,40,212.00,"8,480.00"
2019-08-12,2019081201010418,RHPL,34,48,50,212.00,"10,600.00"
2019-08-12,2019081201010392,RHPL,34,1,40,212.00,"8,480.00"
2019-08-12,2019081201009989,RHPL,34,25,40,212.00,"8,480.00"
2019-08-12,2019081201009983,RHPL,34,20,40,212.00,"8,480.00"
2019-08-12,2019081201009979,RHPL,34,29,30,212.00,"6,360.00"
2019-08-12,2019081201009976,RHPL,34,26,30,212.00,"6,360.00"
2019-08-12,2019081201009970,RHPL,34,10,40,212.00,"8,480.00"
2019-08-12,2019081201009966,RHPL,34,55,30,212.00,"6,360.00"
2019-08-12,2019081201010014,RHPL,34,56,40,212.00,"8,480.00"
2019-08-12,2019081201010012,RHPL,34,20,40,212.00,"8,480.00"
2019-08-12,2019081201010006,RHPL,34,38,40,212.00,"8,480.00"
2019-08-12,2019081201009999,RHPL,34,34,30,212.00,"6,360.00"
2019-08-12,2019081201009998,RHPL,34,57,40,212.00,"8,480.00"
2019-08-12,2019081201009990,RHPL,34,1,40,212.00,"8,480.00"
2019-08-12,2019081201010042,RHPL,34,34,40,212.00,"8,480.00"
2019-08-12,2019081201010039,RHPL,34,1,40,212.00,"8,480.00"
2019-08-12,2019081201010033,RHPL,34,10,40,212.00,"8,480.00"
2019-08-12,2019081201010029,RHPL,34,29,30,212.00,"6,360.00"
2019-08-12,2019081201010028,RHPL,34,25,40,212.00,"8,480.00"
2019-08-12,2019081201010018,RHPL,34,47,30,212.00,"6,360.00"
2019-08-12,2019081201010057,RHPL,34,25,40,212.00,"8,480.00"
2019-08-12,2019081201010056,RHPL,34,22,40,212.00,"8,480.00"
2019-08-12,2019081201010053,RHPL,34,38,40,212.00,"8,480.00"
2019-08-12,2019081201010050,RHPL,34,47,30,212.00,"6,360.00"
2019-08-12,2019081201010049,RHPL,34,17,40,212.00,"8,480.00"
2019-08-12,2019081201010047,RHPL,34,20,40,212.00,"8,480.00"
2019-08-12,2019081201010104,RHPL,34,50,"1,000",212.00,"212,000.00"
2019-08-12,2019081201010094,RHPL,34,56,40,212.00,"8,480.00"
2019-08-12,2019081201010083,RHPL,34,29,40,212.00,"8,480.00"
2019-08-12,2019081201010077,RHPL,34,20,40,212.00,"8,480.00"
2019-08-12,2019081201010062,RHPL,34,29,30,212.00,"6,360.00"
2019-08-12,2019081201010058,RHPL,34,17,20,212.00,"4,240.00"
2019-08-12,2019081201010141,RHPL,34,10,40,212.00,"8,480.00"
2019-08-12,2019081201010140,RHPL,34,47,50,212.00,"10,600.00"
2019-08-12,2019081201010127,RHPL,34,13,40,212.00,"8,480.00"
2019-08-12,2019081201010115,RHPL,34,29,30,212.00,"6,360.00"
2019-08-12,2019081201010109,RHPL,34,29,40,212.00,"8,480.00"
2019-08-12,2019081201010108,RHPL,34,25,40,212.00,"8,480.00"
2019-08-12,2019081201010158,RHPL,34,43,"1,600",212.00,"339,200.00"
2019-08-12,2019081201010153,RHPL,34,38,40,212.00,"8,480.00"
2019-08-12,2019081201010148,RHPL,34,25,40,212.00,"8,480.00"
2019-08-12,2019081201010145,RHPL,34,29,40,212.00,"8,480.00"
2019-08-12,2019081201010143,RHPL,34,20,40,212.00,"8,480.00"
2019-08-12,2019081201010142,RHPL,34,29,30,212.00,"6,360.00"
2019-08-12,2019081201010183,RHPL,39,10,40,212.00,"8,480.00"
2019-08-12,2019081201010173,RHPL,39,29,40,212.00,"8,480.00"
2019-08-12,2019081201010170,RHPL,39,40,40,212.00,"8,480.00"
2019-08-12,2019081201010168,RHPL,39,1,40,212.00,"8,480.00"
2019-08-12,2019081201010160,RHPL,39,43,200,212.00,"42,400.00"
2019-08-12,2019081201010159,RHPL,39,43,200,212.00,"42,400.00"
2019-08-12,2019081201010218,RHPL,39,29,30,212.00,"6,360.00"
2019-08-12,2019081201010216,RHPL,39,13,40,212.00,"8,480.00"
2019-08-12,2019081201010207,RHPL,39,25,40,212.00,"8,480.00"
2019-08-12,2019081201010194,RHPL,39,34,40,212.00,"8,480.00"
2019-08-12,2019081201010192,RHPL,39,47,50,212.00,"10,600.00"
2019-08-12,2019081201010191,RHPL,39,56,40,212.00,"8,480.00"
2019-08-12,2019081201010243,RHPL,48,34,50,212.00,"10,600.00"
2019-08-12,2019081201010240,RHPL,48,1,10,212.00,"2,120.00"
2019-08-12,2019081201010239,RHPL,41,1,30,212.00,"6,360.00"
2019-08-12,2019081201010238,RHPL,54,25,40,212.00,"8,480.00"
2019-08-12,2019081201010225,RHPL,54,47,50,212.00,"10,600.00"
2019-08-12,2019081201010219,RHPL,54,29,10,212.00,"2,120.00"
2019-08-12,2019081201010296,RHPL,4,34,10,212.00,"2,120.00"
2019-08-12,2019081201010295,RHPL,41,34,20,212.00,"4,240.00"
2019-08-12,2019081201010294,RHPL,48,34,10,212.00,"2,120.00"
2019-08-12,2019081201010277,RHPL,48,47,50,212.00,"10,600.00"
2019-08-12,2019081201010247,RHPL,48,29,40,212.00,"8,480.00"
2019-08-12,2019081201010244,RHPL,48,10,40,212.00,"8,480.00"
2019-08-12,2019081201010320,RHPL,38,1,40,212.00,"8,480.00"
2019-08-12,2019081201010319,RHPL,38,47,50,212.00,"10,600.00"
2019-08-12,2019081201010316,RHPL,38,25,40,212.00,"8,480.00"
2019-08-12,2019081201010312,RHPL,38,43,10,212.00,"2,120.00"
2019-08-12,2019081201010311,RHPL,4,43,20,212.00,"4,240.00"
2019-08-12,2019081201010302,RHPL,4,56,40,212.00,"8,480.00"
2019-08-12,2019081201010349,RHPL,38,34,40,212.00,"8,480.00"
2019-08-12,2019081201010348,RHPL,38,47,50,212.00,"10,600.00"
2019-08-12,2019081201010344,RHPL,38,25,40,212.00,"8,480.00"
2019-08-12,2019081201010337,RHPL,38,34,40,212.00,"8,480.00"
2019-08-12,2019081201010326,RHPL,38,1,40,212.00,"8,480.00"
2019-08-12,2019081201010325,RHPL,38,48,40,212.00,"8,480.00"
2019-08-12,2019081201010391,RHPL,34,58,40,212.00,"8,480.00"
2019-08-12,2019081201010374,RHPL,45,34,40,212.00,"8,480.00"
2019-08-12,2019081201010371,RHPL,45,37,10,212.00,"2,120.00"
2019-08-12,2019081201010370,RHPL,38,37,30,212.00,"6,360.00"
2019-08-12,2019081201010368,RHPL,38,25,40,212.00,"8,480.00"
2019-08-12,2019081201010367,RHPL,38,48,40,212.00,"8,480.00"
2019-08-12,2019081201010075,RRHP,58,17,10,107.00,"1,070.00"
2019-08-12,2019081201010236,SANIMA,38,49,50,348.00,"17,400.00"
2019-08-12,2019081201010235,SANIMA,19,49,100,348.00,"34,800.00"
2019-08-12,2019081201010234,SANIMA,34,49,"1,500",348.00,"522,000.00"
2019-08-12,2019081201010233,SANIMA,44,49,"3,500",348.00,"1,218,000.00"
2019-08-12,2019081201010232,SANIMA,34,49,200,348.00,"69,600.00"
2019-08-12,2019081201010231,SANIMA,11,49,100,348.00,"34,800.00"
2019-08-12,2019081201010230,SANIMA,14,49,30,348.00,"10,440.00"
2019-08-12,2019081201010024,SANIMA,22,32,25,349.00,"8,725.00"
2019-08-12,2019081201010149,SBI,48,19,500,447.00,"223,500.00"
2019-08-12,2019081201009987,SBI,57,17,109,445.00,"48,505.00"
2019-08-12,2019081201009986,SBI,50,17,10,445.00,"4,450.00"
2019-08-12,2019081201009985,SBI,51,17,50,445.00,"22,250.00"
2019-08-12,2019081201009984,SBI,58,17,31,445.00,"13,795.00"
2019-08-12,2019081201010300,SEF,34,48,"2,500",10.07,"25,175.00"
2019-08-12,2019081201010299,SEF,34,48,"2,000",10.07,"20,140.00"
2019-08-12,2019081201010340,SHIVM,35,34,50,578.00,"28,900.00"
2019-08-12,2019081201010074,SHIVM,21,6,25,579.00,"14,475.00"
2019-08-12,2019081201010330,SHPC,22,43,118,238.00,"28,084.00"
2019-08-12,2019081201010273,SHPC,28,43,332,238.00,"79,016.00"
2019-08-12,2019081201010272,SHPC,45,43,50,239.00,"11,950.00"
2019-08-12,2019081201010271,SHPC,25,43,500,239.00,"119,500.00"
2019-08-12,2019081201010164,SIC,40,48,13,588.00,"7,644.00"
2019-08-12,2019081201010163,SIC,3,48,20,590.00,"11,800.00"
2019-08-12,2019081201010162,SIC,49,48,10,594.00,"5,940.00"
2019-08-12,2019081201010280,SICL,42,17,20,776.00,"15,520.00"
2019-08-12,2019081201010073,SIL,25,1,10,447.00,"4,470.00"
2019-08-12,2019081201010455,SJCL,36,25,20,228.00,"4,560.00"
2019-08-12,2019081201010432,SJCL,36,58,20,228.00,"4,560.00"
2019-08-12,2019081201010430,SJCL,36,48,10,228.00,"2,280.00"
2019-08-12,2019081201010429,SJCL,36,25,20,228.00,"4,560.00"
2019-08-12,2019081201010426,SJCL,36,1,20,228.00,"4,560.00"
2019-08-12,2019081201010399,SJCL,36,22,"1,170",228.00,"266,760.00"
2019-08-12,2019081201009968,SJCL,43,34,20,229.00,"4,580.00"
2019-08-12,2019081201009967,SJCL,43,40,20,229.00,"4,580.00"
2019-08-12,2019081201009996,SJCL,43,34,20,229.00,"4,580.00"
2019-08-12,2019081201009980,SJCL,43,10,20,229.00,"4,580.00"
2019-08-12,2019081201009974,SJCL,43,1,20,229.00,"4,580.00"
2019-08-12,2019081201009972,SJCL,43,34,20,229.00,"4,580.00"
2019-08-12,2019081201009971,SJCL,43,37,20,229.00,"4,580.00"
2019-08-12,2019081201009969,SJCL,43,25,20,229.00,"4,580.00"
2019-08-12,2019081201010032,SJCL,43,39,200,229.00,"45,800.00"
2019-08-12,2019081201010019,SJCL,43,38,20,229.00,"4,580.00"
2019-08-12,2019081201010015,SJCL,43,34,20,229.00,"4,580.00"
2019-08-12,2019081201010010,SJCL,43,29,20,229.00,"4,580.00"
2019-08-12,2019081201010009,SJCL,43,37,20,229.00,"4,580.00"
2019-08-12,2019081201010005,SJCL,43,25,20,229.00,"4,580.00"
2019-08-12,2019081201010051,SJCL,43,1,20,229.00,"4,580.00"
2019-08-12,2019081201010048,SJCL,43,29,20,229.00,"4,580.00"
2019-08-12,2019081201010046,SJCL,43,10,20,229.00,"4,580.00"
2019-08-12,2019081201010043,SJCL,43,56,20,229.00,"4,580.00"
2019-08-12,2019081201010041,SJCL,43,25,20,229.00,"4,580.00"
2019-08-12,2019081201010034,SJCL,43,34,20,229.00,"4,580.00"
2019-08-12,2019081201010093,SJCL,38,29,10,228.00,"2,280.00"
2019-08-12,2019081201010092,SJCL,11,29,10,229.00,"2,290.00"
2019-08-12,2019081201010072,SJCL,11,38,10,229.00,"2,290.00"
2019-08-12,2019081201010071,SJCL,43,38,10,229.00,"2,290.00"
2019-08-12,2019081201010061,SJCL,43,37,20,229.00,"4,580.00"
2019-08-12,2019081201010055,SJCL,43,34,10,229.00,"2,290.00"
2019-08-12,2019081201010161,SJCL,38,25,20,228.00,"4,560.00"
2019-08-12,2019081201010151,SJCL,38,10,20,228.00,"4,560.00"
2019-08-12,2019081201010147,SJCL,38,34,20,228.00,"4,560.00"
2019-08-12,2019081201010123,SJCL,38,25,20,228.00,"4,560.00"
2019-08-12,2019081201010107,SJCL,38,56,20,228.00,"4,560.00"
2019-08-12,2019081201010097,SJCL,38,17,20,228.00,"4,560.00"
2019-08-12,2019081201010174,SJCL,38,38,20,228.00,"4,560.00"
2019-08-12,2019081201010167,SJCL,59,37,10,229.00,"2,290.00"
2019-08-12,2019081201010166,SJCL,59,43,20,229.00,"4,580.00"
2019-08-12,2019081201010165,SJCL,59,25,20,229.00,"4,580.00"
2019-08-12,2019081201010227,SJCL,38,20,10,228.00,"2,280.00"
2019-08-12,2019081201010221,SJCL,38,25,20,228.00,"4,560.00"
2019-08-12,2019081201010214,SJCL,38,56,20,228.00,"4,560.00"
2019-08-12,2019081201010210,SJCL,38,10,20,228.00,"4,560.00"
2019-08-12,2019081201010190,SJCL,38,40,20,228.00,"4,560.00"
2019-08-12,2019081201010189,SJCL,38,1,20,228.00,"4,560.00"
2019-08-12,2019081201010254,SJCL,41,37,20,229.00,"4,580.00"
2019-08-12,2019081201010253,SJCL,41,13,20,229.00,"4,580.00"
2019-08-12,2019081201010252,SJCL,41,37,20,229.00,"4,580.00"
2019-08-12,2019081201010251,SJCL,41,39,10,229.00,"2,290.00"
2019-08-12,2019081201010250,SJCL,41,17,20,229.00,"4,580.00"
2019-08-12,2019081201010249,SJCL,41,37,10,229.00,"2,290.00"
2019-08-12,2019081201010282,SJCL,41,47,10,229.00,"2,290.00"
2019-08-12,2019081201010281,SJCL,41,1,20,229.00,"4,580.00"
2019-08-12,2019081201010276,SJCL,41,25,20,229.00,"4,580.00"
2019-08-12,2019081201010275,SJCL,41,1,20,229.00,"4,580.00"
2019-08-12,2019081201010274,SJCL,41,10,10,229.00,"2,290.00"
2019-08-12,2019081201010255,SJCL,41,13,20,229.00,"4,580.00"
2019-08-12,2019081201010318,SJCL,38,47,20,228.00,"4,560.00"
2019-08-12,2019081201010315,SJCL,38,56,20,228.00,"4,560.00"
2019-08-12,2019081201010309,SJCL,38,1,20,228.00,"4,560.00"
2019-08-12,2019081201010308,SJCL,38,34,20,228.00,"4,560.00"
2019-08-12,2019081201010358,SJCL,57,25,10,228.00,"2,280.00"
2019-08-12,2019081201010357,SJCL,36,25,10,228.00,"2,280.00"
2019-08-12,2019081201010345,SJCL,38,47,20,228.00,"4,560.00"
2019-08-12,2019081201010342,SJCL,38,34,20,228.00,"4,560.00"
2019-08-12,2019081201010339,SJCL,38,43,20,228.00,"4,560.00"
2019-08-12,2019081201010329,SJCL,38,25,20,228.00,"4,560.00"
2019-08-12,2019081201010398,SJCL,41,22,200,228.00,"45,600.00"
2019-08-12,2019081201010397,SJCL,39,22,200,228.00,"45,600.00"
2019-08-12,2019081201010396,SJCL,57,22,430,228.00,"98,040.00"
2019-08-12,2019081201010390,SJCL,57,34,20,228.00,"4,560.00"
2019-08-12,2019081201010388,SJCL,57,25,20,228.00,"4,560.00"
2019-08-12,2019081201010376,SJCL,57,48,20,228.00,"4,560.00"
2019-08-12,2019081201010139,SLICL,19,38,127,451.00,"57,277.00"
2019-08-12,2019081201010079,SLICL,58,22,30,451.00,"13,530.00"
2019-08-12,2019081201010078,SLICL,56,22,200,451.00,"90,200.00"
2019-08-12,2019081201010038,SLICL,57,34,200,452.00,"90,400.00"
2019-08-12,2019081201010363,SLICL,25,34,500,452.00,"226,000.00"
2019-08-12,2019081201010362,SLICL,25,34,437,452.00,"197,524.00"
2019-08-12,2019081201010350,SLICL,19,34,13,452.00,"5,876.00"
2019-08-12,2019081201010343,SLICL,34,34,50,452.00,"22,600.00"
2019-08-12,2019081201010156,SLICL,19,38,60,451.00,"27,060.00"
2019-08-12,2019081201010351,SMFBS,19,48,10,822.00,"8,220.00"
2019-08-12,2019081201010084,SMFBS,34,42,10,822.00,"8,220.00"
2019-08-12,2019081201009991,SMFBS,58,57,10,829.00,"8,290.00"
2019-08-12,2019081201010298,SPARS,19,8,10,612.00,"6,120.00"
2019-08-12,2019081201010228,SPARS,6,56,10,610.00,"6,100.00"
2019-08-12,2019081201010150,SPARS,58,34,10,615.00,"6,150.00"
2019-08-12,2019081201010182,SRBL,26,43,971,240.00,"233,040.00"
2019-08-12,2019081201010181,SRBL,1,43,29,240.00,"6,960.00"
2019-08-12,2019081201010060,SRBL,1,13,71,240.00,"17,040.00"
2019-08-12,2019081201010059,SRBL,36,13,129,240.00,"30,960.00"
2019-08-12,2019081201010431,TRH,45,3,350,308.00,"107,800.00"
2019-08-12,2019081201010125,TRH,45,33,"1,000",308.00,"308,000.00"
2019-08-12,2019081201010114,UIC,45,48,49,314.00,"15,386.00"
2019-08-12,2019081201010113,UIC,49,48,100,315.00,"31,500.00"
2019-08-12,2019081201010112,UIC,40,48,100,315.00,"31,500.00"
2019-08-12,2019081201010111,UIC,22,48,10,315.00,"3,150.00"
2019-08-12,2019081201010110,UIC,29,48,80,315.00,"25,200.00"
2019-08-12,2019081201010122,UPCL,45,17,50,86.00,"4,300.00"
2019-08-12,2019081201010423,UPPER,52,8,100,265.00,"26,500.00"
2019-08-12,2019081201010454,VLBS,45,44,28,590.00,"16,520.00"
2019-08-12,2019081201010450,VLBS,45,42,123,590.00,"72,570.00"
2019-08-12,2019081201010248,VLBS,39,44,32,584.00,"18,688.00"
2019-08-12,2019081201010237,VLBS,39,57,51,584.00,"29,784.00"
2019-08-12,2019081201010095,VLBS,39,44,13,584.00,"7,592.00"
2019-08-12,2019081201009826,ADBL,34,7,"1,322",430.00,"568,460.00"
2019-08-12,2019081201009825,ADBL,34,39,500,430.00,"215,000.00"
2019-08-12,2019081201009824,ADBL,34,4,78,430.00,"33,540.00"
2019-08-12,2019081201009744,ADBL,34,4,922,430.00,"396,460.00"
2019-08-12,2019081201009743,ADBL,34,52,78,430.00,"33,540.00"
2019-08-12,2019081201009515,ADBL,39,22,100,429.00,"42,900.00"
2019-08-12,2019081201009950,AKJCL,1,17,20,67.00,"1,340.00"
2019-08-12,2019081201009793,AKJCL,1,17,10,67.00,670.00
2019-08-12,2019081201009598,AKJCL,1,17,10,67.00,670.00
2019-08-12,2019081201009755,AKPL,25,43,12,165.00,"1,980.00"
2019-08-12,2019081201009517,ALBSL,45,58,10,470.00,"4,700.00"
2019-08-12,2019081201009719,ALICL,25,47,649,352.00,"228,448.00"
2019-08-12,2019081201009544,ALICL,38,47,841,352.00,"296,032.00"
2019-08-12,2019081201009543,ALICL,38,14,30,351.00,"10,530.00"
2019-08-12,2019081201009542,ALICL,38,14,70,351.00,"24,570.00"
2019-08-12,2019081201009541,ALICL,38,16,59,351.00,"20,709.00"
2019-08-12,2019081201009514,ALICL,17,6,200,350.00,"70,000.00"
2019-08-12,2019081201009548,BARUN,42,45,10,90.00,900.00
2019-08-12,2019081201009766,BPCL,43,43,22,393.00,"8,646.00"
2019-08-12,2019081201009545,CBBL,44,39,180,988.00,"177,840.00"
2019-08-12,2019081201009495,CBBL,47,34,90,990.00,"89,100.00"
2019-08-12,2019081201009752,CBL,34,33,182,150.00,"27,300.00"
2019-08-12,2019081201009751,CBL,58,33,50,150.00,"7,500.00"
2019-08-12,2019081201009750,CBL,39,33,"9,768",150.00,"1,465,200.00"
2019-08-12,2019081201009701,CBL,39,57,40,150.00,"6,000.00"
2019-08-12,2019081201009867,CHCL,28,1,234,480.00,"112,320.00"
2019-08-12,2019081201009862,CHCL,1,48,100,481.00,"48,100.00"
2019-08-12,2019081201009835,CHCL,1,45,100,481.00,"48,100.00"
2019-08-12,2019081201009818,CHL,42,45,60,81.00,"4,860.00"
2019-08-12,2019081201009716,DDBL,58,43,500,751.00,"375,500.00"
2019-08-12,2019081201009715,DDBL,16,43,50,751.00,"37,550.00"
2019-08-12,2019081201009822,FMDBL,6,43,100,385.00,"38,500.00"
2019-08-12,2019081201009821,FMDBL,47,43,100,385.00,"38,500.00"
2019-08-12,2019081201009614,GBBL,49,34,12,220.00,"2,640.00"
2019-08-12,2019081201009809,GBLBS,44,51,100,375.00,"37,500.00"
2019-08-12,2019081201009791,GLBSL,16,8,10,540.00,"5,400.00"
2019-08-12,2019081201009770,GLBSL,16,8,10,540.00,"5,400.00"
2019-08-12,2019081201009762,GLBSL,16,8,10,540.00,"5,400.00"
2019-08-12,2019081201009747,GLBSL,16,8,10,540.00,"5,400.00"
2019-08-12,2019081201009681,GLBSL,16,17,10,540.00,"5,400.00"
2019-08-12,2019081201009526,GLBSL,16,49,10,540.00,"5,400.00"
2019-08-12,2019081201009888,GMFBS,10,36,10,576.00,"5,760.00"
2019-08-12,2019081201009661,GMFBS,34,17,10,577.00,"5,770.00"
2019-08-12,2019081201009586,GMFBS,22,8,10,576.00,"5,760.00"
2019-08-12,2019081201009558,GMFBS,22,8,10,576.00,"5,760.00"
2019-08-12,2019081201009546,GMFBS,22,8,10,576.00,"5,760.00"
2019-08-12,2019081201009523,GMFBS,22,8,10,576.00,"5,760.00"
2019-08-12,2019081201009516,GMFBS,22,8,10,576.00,"5,760.00"
2019-08-12,2019081201009502,GMFBS,22,8,10,576.00,"5,760.00"
2019-08-12,2019081201009483,GMFBS,22,8,10,576.00,"5,760.00"
2019-08-12,2019081201009471,GMFBS,22,8,10,576.00,"5,760.00"
2019-08-12,2019081201009910,HURJA,29,17,20,130.00,"2,600.00"
2019-08-12,2019081201009874,HURJA,58,35,10,132.00,"1,320.00"
2019-08-12,2019081201009873,HURJA,58,26,20,132.00,"2,640.00"
2019-08-12,2019081201009787,HURJA,29,17,20,130.00,"2,600.00"
2019-08-12,2019081201009712,HURJA,29,17,20,130.00,"2,600.00"
2019-08-12,2019081201009962,ILBS,42,8,10,479.00,"4,790.00"
2019-08-12,2019081201009947,ILBS,29,38,100,480.00,"48,000.00"
2019-08-12,2019081201009941,ILBS,29,57,10,480.00,"4,800.00"
2019-08-12,2019081201009937,ILBS,29,8,10,480.00,"4,800.00"
2019-08-12,2019081201009924,ILBS,29,8,10,480.00,"4,800.00"
2019-08-12,2019081201009911,ILBS,29,8,10,480.00,"4,800.00"
2019-08-12,2019081201009567,ILBS,42,58,10,479.00,"4,790.00"
2019-08-12,2019081201009482,ILBS,42,38,10,479.00,"4,790.00"
2019-08-12,2019081201009899,ILBS,29,8,10,480.00,"4,800.00"
2019-08-12,2019081201009871,ILBS,29,8,10,480.00,"4,800.00"
2019-08-12,2019081201009856,ILBS,29,8,10,480.00,"4,800.00"
2019-08-12,2019081201009837,ILBS,29,8,10,480.00,"4,800.00"
2019-08-12,2019081201009817,ILBS,29,8,10,480.00,"4,800.00"
2019-08-12,2019081201009602,ILBS,29,34,10,480.00,"4,800.00"
2019-08-12,2019081201009836,JOSHI,18,57,20,73.00,"1,460.00"
2019-08-12,2019081201009604,KBL,59,52,200,208.00,"41,600.00"
2019-08-12,2019081201009572,KBL,25,28,400,207.00,"82,800.00"
2019-08-12,2019081201009571,KBL,57,28,200,207.00,"41,400.00"
2019-08-12,2019081201009570,KBL,6,28,100,207.00,"20,700.00"
2019-08-12,2019081201009569,KBL,13,28,100,207.00,"20,700.00"
2019-08-12,2019081201009568,KBL,33,28,387,207.00,"80,109.00"
2019-08-12,2019081201009524,KBL,33,17,15,207.00,"3,105.00"
2019-08-12,2019081201009887,KPCL,22,57,10,86.00,860.00
2019-08-12,2019081201009723,KPCL,22,17,10,86.00,860.00
2019-08-12,2019081201009467,KPCL,22,17,10,86.00,860.00
2019-08-12,2019081201009556,KSBBL,7,17,25,150.00,"3,750.00"
2019-08-12,2019081201009859,LBBL,57,43,45,174.00,"7,830.00"
2019-08-12,2019081201009858,LBBL,44,43,100,174.00,"17,400.00"
2019-08-12,2019081201009857,LBBL,44,43,50,174.00,"8,700.00"
2019-08-12,2019081201009499,LGIL,6,11,19,412.00,"7,828.00"
2019-08-12,2019081201009897,LVF1,53,47,"9,100",11.00,"100,100.00"
2019-08-12,2019081201009854,LVF1,53,13,"10,900",11.00,"119,900.00"
2019-08-12,2019081201009850,LVF1,51,47,"3,600",10.99,"39,564.00"
2019-08-12,2019081201009806,LVF1,8,47,"6,400",10.99,"70,336.00"
2019-08-12,2019081201009795,LVF1,8,38,"3,500",10.99,"38,465.00"
2019-08-12,2019081201009765,LVF1,43,38,"6,500",10.99,"71,435.00"
2019-08-12,2019081201009509,MEGA,36,58,35,202.00,"7,070.00"
2019-08-12,2019081201009508,MEGA,36,26,45,202.00,"9,090.00"
2019-08-12,2019081201009507,MEGA,36,19,200,202.00,"40,400.00"
2019-08-12,2019081201009506,MEGA,36,34,218,202.00,"44,036.00"
2019-08-12,2019081201009596,MEGA,40,17,14,201.00,"2,814.00"
2019-08-12,2019081201009595,MEGA,34,17,300,201.00,"60,300.00"
2019-08-12,2019081201009594,MEGA,38,17,100,201.00,"20,100.00"
2019-08-12,2019081201009593,MEGA,45,17,86,201.00,"17,286.00"
2019-08-12,2019081201009957,MERO,45,46,16,533.00,"8,528.00"
2019-08-12,2019081201009927,MHNL,11,17,30,102.00,"3,060.00"
2019-08-12,2019081201009717,MLBL,50,17,465,199.00,"92,535.00"
2019-08-12,2019081201009799,MNBBL,43,44,"1,000",368.00,"368,000.00"
2019-08-12,2019081201009565,MNBBL,35,52,228,367.00,"83,676.00"
2019-08-12,2019081201009564,MNBBL,45,52,30,367.00,"11,010.00"
2019-08-12,2019081201009563,MNBBL,26,52,100,367.00,"36,700.00"
2019-08-12,2019081201009562,MNBBL,13,52,142,367.00,"52,114.00"
2019-08-12,2019081201009540,NABIL,35,6,41,782.00,"32,062.00"
2019-08-12,2019081201009539,NABIL,54,6,30,782.00,"23,460.00"
2019-08-12,2019081201009538,NABIL,45,6,66,782.00,"51,612.00"
2019-08-12,2019081201009537,NABIL,17,6,30,782.00,"23,460.00"
2019-08-12,2019081201009668,NADEP,58,57,195,492.00,"95,940.00"
2019-08-12,2019081201009667,NADEP,58,43,100,492.00,"49,200.00"
2019-08-12,2019081201009666,NADEP,58,35,300,492.00,"147,600.00"
2019-08-12,2019081201009665,NADEP,58,49,20,492.00,"9,840.00"
2019-08-12,2019081201009664,NADEP,58,43,50,492.00,"24,600.00"
2019-08-12,2019081201009612,NADEP,58,33,200,491.00,"98,200.00"
2019-08-12,2019081201009605,NADEP,58,34,20,484.00,"9,680.00"
2019-08-12,2019081201009611,NADEP,58,34,100,491.00,"49,100.00"
2019-08-12,2019081201009610,NADEP,58,45,10,491.00,"4,910.00"
2019-08-12,2019081201009609,NADEP,58,49,150,490.00,"73,500.00"
2019-08-12,2019081201009608,NADEP,58,41,500,490.00,"245,000.00"
2019-08-12,2019081201009607,NADEP,58,41,20,488.00,"9,760.00"
2019-08-12,2019081201009606,NADEP,58,37,10,484.00,"4,840.00"
2019-08-12,2019081201009709,NAGRO,34,8,10,826.00,"8,260.00"
2019-08-12,2019081201009698,NAGRO,34,8,10,826.00,"8,260.00"
2019-08-12,2019081201009796,NBB,5,29,634,217.00,"137,578.00"
2019-08-12,2019081201009848,NBL,6,39,500,326.00,"163,000.00"
2019-08-12,2019081201009584,NBL,6,10,"1,010",326.00,"329,260.00"
2019-08-12,2019081201009583,NBL,42,10,100,326.00,"32,600.00"
2019-08-12,2019081201009582,NBL,59,10,100,326.00,"32,600.00"
2019-08-12,2019081201009581,NBL,8,10,290,326.00,"94,540.00"
2019-08-12,2019081201009536,NBL,8,10,710,326.00,"231,460.00"
2019-08-12,2019081201009535,NBL,38,10,300,326.00,"97,800.00"
2019-08-12,2019081201009534,NBL,16,10,200,326.00,"65,200.00"
2019-08-12,2019081201009533,NBL,1,10,290,326.00,"94,540.00"
2019-08-12,2019081201009869,NCCB,19,55,163,206.00,"33,578.00"
2019-08-12,2019081201009840,NCCB,49,55,200,206.00,"41,200.00"
2019-08-12,2019081201009839,NCCB,38,55,15,206.00,"3,090.00"
2019-08-12,2019081201009838,NCCB,44,55,137,206.00,"28,222.00"
2019-08-12,2019081201009784,NCCB,48,34,380,207.00,"78,660.00"
2019-08-12,2019081201009783,NCCB,48,34,620,207.00,"128,340.00"
2019-08-12,2019081201009680,NCCB,44,43,"1,863",206.00,"383,778.00"
2019-08-12,2019081201009679,NCCB,1,43,137,206.00,"28,222.00"
2019-08-12,2019081201009660,NCCB,36,34,380,207.00,"78,660.00"
2019-08-12,2019081201009659,NCCB,36,34,"1,620",207.00,"335,340.00"
2019-08-12,2019081201009587,NCCB,1,17,20,206.00,"4,120.00"
2019-08-12,2019081201009782,NEF,41,13,"1,562",7.97,"12,449.14"
2019-08-12,2019081201009781,NEF,18,13,"2,098",7.97,"16,721.06"
2019-08-12,2019081201009780,NEF,19,13,"2,000",8.00,"16,000.00"
2019-08-12,2019081201009779,NEF,16,13,"2,004",8.01,"16,052.04"
2019-08-12,2019081201009778,NEF,37,13,"3,500",8.05,"28,175.00"
2019-08-12,2019081201009777,NEF,6,13,100,8.12,812.00
2019-08-12,2019081201009577,NIBLPF,14,13,"1,263",7.05,"8,904.15"
2019-08-12,2019081201009889,NICA,45,55,50,450.00,"22,500.00"
2019-08-12,2019081201009501,NIL,41,49,100,463.00,"46,300.00"
2019-08-12,2019081201009853,NLG,43,57,29,690.00,"20,010.00"
2019-08-12,2019081201009788,NLG,50,57,10,690.00,"6,900.00"
2019-08-12,2019081201009737,NLIC,57,44,80,873.00,"69,840.00"
2019-08-12,2019081201009952,NLICL,43,6,29,568.00,"16,472.00"
2019-08-12,2019081201009552,NLICL,25,6,70,568.00,"39,760.00"
2019-08-12,2019081201009589,NMFBS,54,42,10,"1,482.00","14,820.00"
2019-08-12,2019081201009896,NNLB,22,11,100,455.00,"45,500.00"
2019-08-12,2019081201009861,NSEWA,39,57,10,465.00,"4,650.00"
2019-08-12,2019081201009710,NTC,6,42,50,687.00,"34,350.00"
2019-08-12,2019081201009736,PFL,46,34,12,137.00,"1,644.00"
2019-08-12,2019081201009903,PICL,6,49,27,515.00,"13,905.00"
2019-08-12,2019081201009902,PICL,6,6,40,514.00,"20,560.00"
2019-08-12,2019081201009894,PLIC,14,35,275,417.00,"114,675.00"
2019-08-12,2019081201009823,PLIC,14,35,550,417.00,"229,350.00"
2019-08-12,2019081201009886,PMHPL,54,43,10,101.00,"1,010.00"
2019-08-12,2019081201009805,PMHPL,54,17,10,101.00,"1,010.00"
2019-08-12,2019081201009802,PMHPL,54,17,10,101.00,"1,010.00"
2019-08-12,2019081201009727,PMHPL,54,17,10,101.00,"1,010.00"
2019-08-12,2019081201009481,PMHPL,54,17,10,101.00,"1,010.00"
2019-08-12,2019081201009832,PPCL,1,17,10,126.00,"1,260.00"
2019-08-12,2019081201009758,PPCL,1,34,10,126.00,"1,260.00"
2019-08-12,2019081201009739,PPCL,1,17,10,126.00,"1,260.00"
2019-08-12,2019081201009677,PPCL,1,17,10,126.00,"1,260.00"
2019-08-12,2019081201009504,PPCL,1,17,10,126.00,"1,260.00"
2019-08-12,2019081201009489,PPCL,1,17,10,126.00,"1,260.00"
2019-08-12,2019081201009961,PRIN,45,19,50,355.00,"17,750.00"
2019-08-12,2019081201009938,PRVU,54,14,400,269.00,"107,600.00"
2019-08-12,2019081201009733,PRVU,58,38,100,270.00,"27,000.00"
2019-08-12,2019081201009694,PRVU,54,33,"1,295",269.00,"348,355.00"
2019-08-12,2019081201009693,PRVU,56,33,200,269.00,"53,800.00"
2019-08-12,2019081201009692,PRVU,43,33,500,269.00,"134,500.00"
2019-08-12,2019081201009691,PRVU,28,33,500,269.00,"134,500.00"
2019-08-12,2019081201009690,PRVU,25,33,200,269.00,"53,800.00"
2019-08-12,2019081201009689,PRVU,59,33,100,269.00,"26,900.00"
2019-08-12,2019081201009688,PRVU,41,33,500,269.00,"134,500.00"
2019-08-12,2019081201009687,PRVU,14,33,285,269.00,"76,665.00"
2019-08-12,2019081201009476,PRVU,14,39,100,269.00,"26,900.00"
2019-08-12,2019081201009965,RHPL,32,37,10,213.00,"2,130.00"
2019-08-12,2019081201009964,RHPL,32,17,20,213.00,"4,260.00"
2019-08-12,2019081201009960,RHPL,34,34,40,212.00,"8,480.00"
2019-08-12,2019081201009959,RHPL,34,20,40,212.00,"8,480.00"
2019-08-12,2019081201009955,RHPL,34,25,40,212.00,"8,480.00"
2019-08-12,2019081201009949,RHPL,34,40,40,212.00,"8,480.00"
2019-08-12,2019081201009469,RHPL,34,40,30,213.00,"6,390.00"
2019-08-12,2019081201009468,RHPL,34,11,40,213.00,"8,520.00"
2019-08-12,2019081201009466,RHPL,34,21,40,213.00,"8,520.00"
2019-08-12,2019081201009484,RHPL,34,1,40,213.00,"8,520.00"
2019-08-12,2019081201009479,RHPL,34,22,50,213.00,"10,650.00"
2019-08-12,2019081201009474,RHPL,34,47,40,213.00,"8,520.00"
2019-08-12,2019081201009473,RHPL,34,17,20,213.00,"4,260.00"
2019-08-12,2019081201009472,RHPL,38,21,40,214.00,"8,560.00"
2019-08-12,2019081201009470,RHPL,34,55,40,213.00,"8,520.00"
2019-08-12,2019081201009498,RHPL,34,47,40,213.00,"8,520.00"
2019-08-12,2019081201009497,RHPL,34,21,10,213.00,"2,130.00"
2019-08-12,2019081201009491,RHPL,34,55,40,213.00,"8,520.00"
2019-08-12,2019081201009490,RHPL,34,26,30,213.00,"6,390.00"
2019-08-12,2019081201009488,RHPL,34,20,40,213.00,"8,520.00"
2019-08-12,2019081201009486,RHPL,34,32,30,213.00,"6,390.00"
2019-08-12,2019081201009520,RHPL,36,43,40,212.00,"8,480.00"
2019-08-12,2019081201009519,RHPL,36,20,40,212.00,"8,480.00"
2019-08-12,2019081201009518,RHPL,36,17,50,212.00,"10,600.00"
2019-08-12,2019081201009513,RHPL,34,58,540,213.00,"115,020.00"
2019-08-12,2019081201009512,RHPL,34,37,40,213.00,"8,520.00"
2019-08-12,2019081201009503,RHPL,34,17,20,213.00,"4,260.00"
2019-08-12,2019081201009553,RHPL,36,20,40,212.00,"8,480.00"
2019-08-12,2019081201009550,RHPL,36,1,40,212.00,"8,480.00"
2019-08-12,2019081201009549,RHPL,36,10,40,212.00,"8,480.00"
2019-08-12,2019081201009531,RHPL,36,47,40,212.00,"8,480.00"
2019-08-12,2019081201009528,RHPL,36,49,40,212.00,"8,480.00"
2019-08-12,2019081201009521,RHPL,36,26,30,212.00,"6,360.00"
2019-08-12,2019081201009599,RHPL,36,1,40,212.00,"8,480.00"
2019-08-12,2019081201009592,RHPL,36,26,30,212.00,"6,360.00"
2019-08-12,2019081201009591,RHPL,36,20,40,212.00,"8,480.00"
2019-08-12,2019081201009585,RHPL,36,47,40,212.00,"8,480.00"
2019-08-12,2019081201009579,RHPL,36,55,50,212.00,"10,600.00"
2019-08-12,2019081201009555,RHPL,36,26,30,212.00,"6,360.00"
2019-08-12,2019081201009683,RHPL,36,26,30,212.00,"6,360.00"
2019-08-12,2019081201009682,RHPL,36,20,40,212.00,"8,480.00"
2019-08-12,2019081201009678,RHPL,36,58,40,212.00,"8,480.00"
2019-08-12,2019081201009613,RHPL,36,47,40,212.00,"8,480.00"
2019-08-12,2019081201009603,RHPL,36,55,40,212.00,"8,480.00"
2019-08-12,2019081201009600,RHPL,17,58,100,213.00,"21,300.00"
2019-08-12,2019081201009703,RHPL,36,1,40,212.00,"8,480.00"
2019-08-12,2019081201009702,RHPL,36,38,50,212.00,"10,600.00"
2019-08-12,2019081201009700,RHPL,36,17,40,212.00,"8,480.00"
2019-08-12,2019081201009695,RHPL,36,47,40,212.00,"8,480.00"
2019-08-12,2019081201009686,RHPL,58,58,50,213.00,"10,650.00"
2019-08-12,2019081201009685,RHPL,36,55,40,212.00,"8,480.00"
2019-08-12,2019081201009721,RHPL,36,47,40,212.00,"8,480.00"
2019-08-12,2019081201009713,RHPL,36,55,30,212.00,"6,360.00"
2019-08-12,2019081201009711,RHPL,36,20,40,212.00,"8,480.00"
2019-08-12,2019081201009708,RHPL,36,26,30,212.00,"6,360.00"
2019-08-12,2019081201009707,RHPL,36,29,30,212.00,"6,360.00"
2019-08-12,2019081201009705,RHPL,36,8,40,212.00,"8,480.00"
2019-08-12,2019081201009740,RHPL,36,29,30,212.00,"6,360.00"
2019-08-12,2019081201009738,RHPL,36,17,10,212.00,"2,120.00"
2019-08-12,2019081201009735,RHPL,36,55,30,212.00,"6,360.00"
2019-08-12,2019081201009734,RHPL,36,11,40,212.00,"8,480.00"
2019-08-12,2019081201009724,RHPL,36,20,40,212.00,"8,480.00"
2019-08-12,2019081201009722,RHPL,36,38,40,212.00,"8,480.00"
2019-08-12,2019081201009760,RHPL,36,55,40,212.00,"8,480.00"
2019-08-12,2019081201009759,RHPL,36,38,40,212.00,"8,480.00"
2019-08-12,2019081201009757,RHPL,36,1,40,212.00,"8,480.00"
2019-08-12,2019081201009754,RHPL,36,48,20,212.00,"4,240.00"
2019-08-12,2019081201009748,RHPL,36,20,40,212.00,"8,480.00"
2019-08-12,2019081201009741,RHPL,36,8,40,212.00,"8,480.00"
2019-08-12,2019081201009786,RHPL,36,55,40,212.00,"8,480.00"
2019-08-12,2019081201009785,RHPL,36,29,30,212.00,"6,360.00"
2019-08-12,2019081201009775,RHPL,36,20,40,212.00,"8,480.00"
2019-08-12,2019081201009774,RHPL,36,40,30,212.00,"6,360.00"
2019-08-12,2019081201009773,RHPL,36,17,30,212.00,"6,360.00"
2019-08-12,2019081201009763,RHPL,36,57,40,212.00,"8,480.00"
2019-08-12,2019081201009804,RHPL,36,26,30,212.00,"6,360.00"
2019-08-12,2019081201009803,RHPL,36,20,40,212.00,"8,480.00"
2019-08-12,2019081201009801,RHPL,36,57,40,212.00,"8,480.00"
2019-08-12,2019081201009800,RHPL,36,34,40,212.00,"8,480.00"
2019-08-12,2019081201009798,RHPL,36,35,10,212.00,"2,120.00"
2019-08-12,2019081201009792,RHPL,36,26,30,212.00,"6,360.00"
2019-08-12,2019081201009814,RHPL,58,43,30,213.00,"6,390.00"
2019-08-12,2019081201009813,RHPL,58,29,30,213.00,"6,390.00"
2019-08-12,2019081201009812,RHPL,58,58,170,213.00,"36,210.00"
2019-08-12,2019081201009810,RHPL,36,8,40,212.00,"8,480.00"
2019-08-12,2019081201009808,RHPL,36,14,40,212.00,"8,480.00"
2019-08-12,2019081201009807,RHPL,36,55,40,212.00,"8,480.00"
2019-08-12,2019081201009834,RHPL,36,20,40,212.00,"8,480.00"
2019-08-12,2019081201009830,RHPL,36,26,30,212.00,"6,360.00"
2019-08-12,2019081201009828,RHPL,36,1,40,212.00,"8,480.00"
2019-08-12,2019081201009820,RHPL,36,29,30,212.00,"6,360.00"
2019-08-12,2019081201009816,RHPL,58,54,20,213.00,"4,260.00"
2019-08-12,2019081201009815,RHPL,58,37,40,213.00,"8,520.00"
2019-08-12,2019081201009866,RHPL,34,25,20,212.00,"4,240.00"
2019-08-12,2019081201009865,RHPL,36,25,20,212.00,"4,240.00"
2019-08-12,2019081201009863,RHPL,36,17,40,212.00,"8,480.00"
2019-08-12,2019081201009855,RHPL,36,34,40,212.00,"8,480.00"
2019-08-12,2019081201009851,RHPL,36,55,40,212.00,"8,480.00"
2019-08-12,2019081201009847,RHPL,36,8,40,212.00,"8,480.00"
2019-08-12,2019081201009880,RHPL,44,43,30,213.00,"6,390.00"
2019-08-12,2019081201009879,RHPL,44,37,40,213.00,"8,520.00"
2019-08-12,2019081201009878,RHPL,44,43,30,213.00,"6,390.00"
2019-08-12,2019081201009877,RHPL,44,17,20,213.00,"4,260.00"
2019-08-12,2019081201009876,RHPL,44,54,30,213.00,"6,390.00"
2019-08-12,2019081201009870,RHPL,34,47,40,212.00,"8,480.00"
2019-08-12,2019081201009891,RHPL,34,26,20,212.00,"4,240.00"
2019-08-12,2019081201009890,RHPL,44,26,10,213.00,"2,130.00"
2019-08-12,2019081201009884,RHPL,44,37,40,213.00,"8,520.00"
2019-08-12,2019081201009883,RHPL,44,39,40,213.00,"8,520.00"
2019-08-12,2019081201009882,RHPL,44,58,20,213.00,"4,260.00"
2019-08-12,2019081201009881,RHPL,44,37,40,213.00,"8,520.00"
2019-08-12,2019081201009912,RHPL,34,40,30,212.00,"6,360.00"
2019-08-12,2019081201009909,RHPL,34,1,40,212.00,"8,480.00"
2019-08-12,2019081201009905,RHPL,34,14,40,212.00,"8,480.00"
2019-08-12,2019081201009900,RHPL,34,20,40,212.00,"8,480.00"
2019-08-12,2019081201009898,RHPL,34,29,30,212.00,"6,360.00"
2019-08-12,2019081201009892,RHPL,34,55,40,212.00,"8,480.00"
2019-08-12,2019081201009929,RHPL,34,57,50,212.00,"10,600.00"
2019-08-12,2019081201009922,RHPL,34,55,40,212.00,"8,480.00"
2019-08-12,2019081201009921,RHPL,34,8,40,212.00,"8,480.00"
2019-08-12,2019081201009920,RHPL,34,34,40,212.00,"8,480.00"
2019-08-12,2019081201009917,RHPL,34,38,40,212.00,"8,480.00"
2019-08-12,2019081201009913,RHPL,34,47,30,212.00,"6,360.00"
2019-08-12,2019081201009948,RHPL,34,38,40,212.00,"8,480.00"
2019-08-12,2019081201009946,RHPL,34,55,30,212.00,"6,360.00"
2019-08-12,2019081201009940,RHPL,34,29,30,212.00,"6,360.00"
2019-08-12,2019081201009936,RHPL,34,25,40,212.00,"8,480.00"
2019-08-12,2019081201009935,RHPL,34,26,30,212.00,"6,360.00"
2019-08-12,2019081201009933,RHPL,34,20,40,212.00,"8,480.00"
2019-08-12,2019081201009908,RMDC,17,14,100,662.00,"66,200.00"
2019-08-12,2019081201009907,RMDC,53,14,150,662.00,"99,300.00"
2019-08-12,2019081201009906,RMDC,53,14,100,662.00,"66,200.00"
2019-08-12,2019081201009551,RMDC,29,54,195,662.00,"129,090.00"
2019-08-12,2019081201009776,RRHP,22,57,10,106.00,"1,060.00"
2019-08-12,2019081201009728,RRHP,22,17,10,106.00,"1,060.00"
2019-08-12,2019081201009761,RSDC,41,41,4,355.00,"1,420.00"
2019-08-12,2019081201009749,RSDC,41,41,4,355.00,"1,420.00"
2019-08-12,2019081201009729,RSDC,41,41,4,355.00,"1,420.00"
2019-08-12,2019081201009590,RSDC,41,41,2,355.00,710.00
2019-08-12,2019081201009576,RSDC,41,33,66,361.00,"23,826.00"
2019-08-12,2019081201009575,RSDC,33,33,500,361.00,"180,500.00"
2019-08-12,2019081201009574,RSDC,40,33,10,361.00,"3,610.00"
2019-08-12,2019081201009573,RSDC,17,33,374,362.00,"135,388.00"
2019-08-12,2019081201009561,RSDC,41,41,4,355.00,"1,420.00"
2019-08-12,2019081201009557,RSDC,17,47,63,362.00,"22,806.00"
2019-08-12,2019081201009522,RSDC,17,47,63,362.00,"22,806.00"
2019-08-12,2019081201009492,SANIMA,56,32,33,349.00,"11,517.00"
2019-08-12,2019081201009756,SBI,45,59,20,447.00,"8,940.00"
2019-08-12,2019081201009699,SBL,44,45,59,317.00,"18,703.00"
2019-08-12,2019081201009919,SDESI,21,49,13,620.00,"8,060.00"
2019-08-12,2019081201009742,SHINE,21,42,25,255.00,"6,375.00"
2019-08-12,2019081201009771,SHIVM,33,17,20,579.00,"11,580.00"
2019-08-12,2019081201009918,SIC,13,48,25,599.00,"14,975.00"
2019-08-12,2019081201009833,SIFC,36,6,454,157.00,"71,278.00"
2019-08-12,2019081201009963,SJCL,43,29,20,229.00,"4,580.00"
2019-08-12,2019081201009958,SJCL,43,38,20,229.00,"4,580.00"
2019-08-12,2019081201009954,SJCL,43,37,20,229.00,"4,580.00"
2019-08-12,2019081201009953,SJCL,43,17,10,229.00,"2,290.00"
2019-08-12,2019081201009951,SJCL,43,34,10,229.00,"2,290.00"
2019-08-12,2019081201009939,SJCL,38,34,10,228.00,"2,280.00"
2019-08-12,2019081201009493,SJCL,39,11,20,229.00,"4,580.00"
2019-08-12,2019081201009487,SJCL,39,40,20,229.00,"4,580.00"
2019-08-12,2019081201009485,SJCL,39,29,10,229.00,"2,290.00"
2019-08-12,2019081201009478,SJCL,39,47,20,229.00,"4,580.00"
2019-08-12,2019081201009477,SJCL,39,37,20,229.00,"4,580.00"
2019-08-12,2019081201009475,SJCL,39,26,20,229.00,"4,580.00"
2019-08-12,2019081201009505,SJCL,39,26,20,229.00,"4,580.00"
2019-08-12,2019081201009494,SJCL,39,22,20,229.00,"4,580.00"
2019-08-12,2019081201009530,SJCL,39,26,20,229.00,"4,580.00"
2019-08-12,2019081201009529,SJCL,39,43,20,229.00,"4,580.00"
2019-08-12,2019081201009527,SJCL,39,47,20,229.00,"4,580.00"
2019-08-12,2019081201009525,SJCL,39,37,20,229.00,"4,580.00"
2019-08-12,2019081201009511,SJCL,39,47,20,229.00,"4,580.00"
2019-08-12,2019081201009510,SJCL,39,1,20,229.00,"4,580.00"
2019-08-12,2019081201009580,SJCL,39,49,10,229.00,"2,290.00"
2019-08-12,2019081201009578,SJCL,39,26,20,229.00,"4,580.00"
2019-08-12,2019081201009566,SJCL,39,1,10,229.00,"2,290.00"
2019-08-12,2019081201009559,SJCL,39,10,20,229.00,"4,580.00"
2019-08-12,2019081201009554,SJCL,39,47,20,229.00,"4,580.00"
2019-08-12,2019081201009532,SJCL,39,17,20,229.00,"4,580.00"
2019-08-12,2019081201009597,SJCL,39,47,20,229.00,"4,580.00"
2019-08-12,2019081201009588,SJCL,39,37,20,229.00,"4,580.00"
2019-08-12,2019081201009619,SJCL,8,37,20,230.00,"4,600.00"
2019-08-12,2019081201009618,SJCL,8,35,20,230.00,"4,600.00"
2019-08-12,2019081201009617,SJCL,8,14,20,230.00,"4,600.00"
2019-08-12,2019081201009616,SJCL,8,14,20,230.00,"4,600.00"
2019-08-12,2019081201009615,SJCL,8,14,10,230.00,"2,300.00"
2019-08-12,2019081201009601,SJCL,39,26,20,229.00,"4,580.00"
2019-08-12,2019081201009625,SJCL,8,43,20,230.00,"4,600.00"
2019-08-12,2019081201009624,SJCL,8,37,20,230.00,"4,600.00"
2019-08-12,2019081201009623,SJCL,8,37,20,230.00,"4,600.00"
2019-08-12,2019081201009622,SJCL,8,43,10,230.00,"2,300.00"
2019-08-12,2019081201009621,SJCL,8,50,10,230.00,"2,300.00"
2019-08-12,2019081201009620,SJCL,8,37,20,230.00,"4,600.00"
2019-08-12,2019081201009631,SJCL,8,58,20,230.00,"4,600.00"
2019-08-12,2019081201009630,SJCL,8,58,20,230.00,"4,600.00"
2019-08-12,2019081201009629,SJCL,8,37,20,230.00,"4,600.00"
2019-08-12,2019081201009628,SJCL,8,58,20,230.00,"4,600.00"
2019-08-12,2019081201009627,SJCL,8,58,20,230.00,"4,600.00"
2019-08-12,2019081201009626,SJCL,8,37,20,230.00,"4,600.00"
2019-08-12,2019081201009637,SJCL,8,51,20,231.00,"4,620.00"
2019-08-12,2019081201009636,SJCL,8,21,10,231.00,"2,310.00"
2019-08-12,2019081201009635,SJCL,8,43,20,230.00,"4,600.00"
2019-08-12,2019081201009634,SJCL,8,43,20,230.00,"4,600.00"
2019-08-12,2019081201009633,SJCL,8,58,20,230.00,"4,600.00"
2019-08-12,2019081201009632,SJCL,8,43,20,230.00,"4,600.00"
2019-08-12,2019081201009643,SJCL,8,21,10,231.00,"2,310.00"
2019-08-12,2019081201009642,SJCL,8,51,20,231.00,"4,620.00"
2019-08-12,2019081201009641,SJCL,8,21,20,231.00,"4,620.00"
2019-08-12,2019081201009640,SJCL,8,51,10,231.00,"2,310.00"
2019-08-12,2019081201009639,SJCL,8,21,20,231.00,"4,620.00"
2019-08-12,2019081201009638,SJCL,8,21,20,231.00,"4,620.00"
2019-08-12,2019081201009649,SJCL,8,21,20,231.00,"4,620.00"
2019-08-12,2019081201009648,SJCL,8,21,20,231.00,"4,620.00"
2019-08-12,2019081201009647,SJCL,8,21,20,231.00,"4,620.00"
2019-08-12,2019081201009646,SJCL,8,21,20,231.00,"4,620.00"
2019-08-12,2019081201009645,SJCL,8,42,20,231.00,"4,620.00"
2019-08-12,2019081201009644,SJCL,8,21,20,231.00,"4,620.00"
2019-08-12,2019081201009655,SJCL,8,29,20,231.00,"4,620.00"
2019-08-12,2019081201009654,SJCL,8,21,20,231.00,"4,620.00"
2019-08-12,2019081201009653,SJCL,8,29,20,231.00,"4,620.00"
2019-08-12,2019081201009652,SJCL,8,21,20,231.00,"4,620.00"
2019-08-12,2019081201009651,SJCL,8,21,20,231.00,"4,620.00"
2019-08-12,2019081201009650,SJCL,8,21,10,231.00,"2,310.00"
2019-08-12,2019081201009684,SJCL,39,29,20,229.00,"4,580.00"
2019-08-12,2019081201009663,SJCL,39,1,20,229.00,"4,580.00"
2019-08-12,2019081201009662,SJCL,39,47,20,229.00,"4,580.00"
2019-08-12,2019081201009658,SJCL,8,21,10,231.00,"2,310.00"
2019-08-12,2019081201009657,SJCL,8,21,20,231.00,"4,620.00"
2019-08-12,2019081201009656,SJCL,8,29,20,231.00,"4,620.00"
2019-08-12,2019081201009720,SJCL,49,26,20,229.00,"4,580.00"
2019-08-12,2019081201009718,SJCL,49,1,20,229.00,"4,580.00"
2019-08-12,2019081201009714,SJCL,49,58,20,229.00,"4,580.00"
2019-08-12,2019081201009704,SJCL,49,47,20,229.00,"4,580.00"
2019-08-12,2019081201009697,SJCL,49,26,10,229.00,"2,290.00"
2019-08-12,2019081201009696,SJCL,39,26,10,229.00,"2,290.00"
2019-08-12,2019081201009745,SJCL,38,17,20,228.00,"4,560.00"
2019-08-12,2019081201009732,SJCL,38,38,20,228.00,"4,560.00"
2019-08-12,2019081201009731,SJCL,38,26,20,228.00,"4,560.00"
2019-08-12,2019081201009730,SJCL,34,34,20,228.00,"4,560.00"
2019-08-12,2019081201009726,SJCL,34,47,20,228.00,"4,560.00"
2019-08-12,2019081201009725,SJCL,49,29,10,229.00,"2,290.00"
2019-08-12,2019081201009772,SJCL,38,1,20,228.00,"4,560.00"
2019-08-12,2019081201009769,SJCL,38,47,20,228.00,"4,560.00"
2019-08-12,2019081201009768,SJCL,38,29,20,228.00,"4,560.00"
2019-08-12,2019081201009767,SJCL,38,34,20,228.00,"4,560.00"
2019-08-12,2019081201009753,SJCL,38,47,40,228.00,"9,120.00"
2019-08-12,2019081201009746,SJCL,38,47,20,228.00,"4,560.00"
2019-08-12,2019081201009819,SJCL,38,34,20,228.00,"4,560.00"
2019-08-12,2019081201009811,SJCL,38,34,10,228.00,"2,280.00"
2019-08-12,2019081201009797,SJCL,38,47,20,228.00,"4,560.00"
2019-08-12,2019081201009794,SJCL,38,40,20,228.00,"4,560.00"
2019-08-12,2019081201009790,SJCL,38,48,20,228.00,"4,560.00"
2019-08-12,2019081201009789,SJCL,38,34,20,228.00,"4,560.00"
2019-08-12,2019081201009844,SJCL,58,39,20,229.00,"4,580.00"
2019-08-12,2019081201009843,SJCL,58,35,10,229.00,"2,290.00"
2019-08-12,2019081201009842,SJCL,58,45,20,229.00,"4,580.00"
2019-08-12,2019081201009841,SJCL,58,29,10,229.00,"2,290.00"
2019-08-12,2019081201009831,SJCL,38,14,20,228.00,"4,560.00"
2019-08-12,2019081201009829,SJCL,38,47,20,228.00,"4,560.00"
2019-08-12,2019081201009885,SJCL,38,34,20,228.00,"4,560.00"
2019-08-12,2019081201009864,SJCL,58,34,10,229.00,"2,290.00"
2019-08-12,2019081201009852,SJCL,58,29,20,229.00,"4,580.00"
2019-08-12,2019081201009849,SJCL,58,1,20,229.00,"4,580.00"
2019-08-12,2019081201009846,SJCL,58,17,10,229.00,"2,290.00"
2019-08-12,2019081201009845,SJCL,58,37,20,229.00,"4,580.00"
2019-08-12,2019081201009923,SJCL,38,14,20,228.00,"4,560.00"
2019-08-12,2019081201009914,SJCL,38,34,10,228.00,"2,280.00"
2019-08-12,2019081201009904,SJCL,38,10,20,228.00,"4,560.00"
2019-08-12,2019081201009901,SJCL,38,36,10,228.00,"2,280.00"
2019-08-12,2019081201009895,SJCL,38,25,10,228.00,"2,280.00"
2019-08-12,2019081201009893,SJCL,38,17,10,228.00,"2,280.00"
2019-08-12,2019081201009932,SJCL,38,34,20,228.00,"4,560.00"
2019-08-12,2019081201009931,SJCL,38,1,20,228.00,"4,560.00"
2019-08-12,2019081201009930,SJCL,38,38,20,228.00,"4,560.00"
2019-08-12,2019081201009928,SJCL,38,29,20,228.00,"4,560.00"
2019-08-12,2019081201009926,SJCL,38,40,20,228.00,"4,560.00"
2019-08-12,2019081201009925,SJCL,38,25,20,228.00,"4,560.00"
2019-08-12,2019081201009706,SLICL,32,38,190,450.00,"85,500.00"
2019-08-12,2019081201009676,SLICL,32,38,474,450.00,"213,300.00"
2019-08-12,2019081201009675,SLICL,38,38,30,450.00,"13,500.00"
2019-08-12,2019081201009674,SLICL,47,38,100,450.00,"45,000.00"
2019-08-12,2019081201009673,SLICL,17,38,200,450.00,"90,000.00"
2019-08-12,2019081201009672,SLICL,47,38,16,450.00,"7,200.00"
2019-08-12,2019081201009671,SLICL,1,38,100,451.00,"45,100.00"
2019-08-12,2019081201009670,SLICL,21,38,50,451.00,"22,550.00"
2019-08-12,2019081201009669,SLICL,41,38,10,451.00,"4,510.00"
2019-08-12,2019081201009480,SLICL,19,58,11,451.00,"4,961.00"
2019-08-12,2019081201009875,SMFBS,34,17,10,822.00,"8,220.00"
2019-08-12,2019081201009868,SMFBS,19,41,10,824.00,"8,240.00"
2019-08-12,2019081201009500,SMFBS,34,28,10,822.00,"8,220.00"
2019-08-12,2019081201009872,SPARS,21,34,20,615.00,"12,300.00"
2019-08-12,2019081201009934,TRH,45,55,70,308.00,"21,560.00"
2019-08-12,2019081201009496,UFL,51,40,70,174.00,"12,180.00"
2019-08-12,2019081201009860,UNHPL,29,45,100,65.00,"6,500.00"
2019-08-12,2019081201009916,UPCL,45,17,10,86.00,860.00
2019-08-12,2019081201009915,UPCL,38,17,40,86.00,"3,440.00"
2019-08-12,2019081201009764,UPCL,38,17,50,86.00,"4,300.00"
2019-08-12,2019081201009560,UPCL,38,17,50,86.00,"4,300.00"
2019-08-12,2019081201009956,UPPER,33,21,100,266.00,"26,600.00"
2019-08-12,2019081201009945,UPPER,25,21,20,266.00,"5,320.00"
2019-08-12,2019081201009944,UPPER,25,45,416,265.00,"110,240.00"
2019-08-12,2019081201009943,UPPER,25,43,50,265.00,"13,250.00"
2019-08-12,2019081201009942,UPPER,25,6,142,265.00,"37,630.00"
2019-08-12,2019081201009827,UPPER,43,6,50,265.00,"13,250.00"
2019-08-12,2019081201009547,UPPER,49,58,50,264.00,"13,200.00"
2019-08-12,2019081201009347,ADBL,34,52,922,430.00,"396,460.00"
2019-08-12,2019081201009346,ADBL,34,39,53,430.00,"22,790.00"
2019-08-12,2019081201009345,ADBL,34,4,875,430.00,"376,250.00"
2019-08-12,2019081201009045,ADBL,14,4,125,430.00,"53,750.00"
2019-08-12,2019081201009461,AHPC,34,6,20,104.00,"2,080.00"
2019-08-12,2019081201009414,AKJCL,49,17,20,68.00,"1,360.00"
2019-08-12,2019081201009315,AKJCL,49,17,10,68.00,680.00
2019-08-12,2019081201009163,AKJCL,1,8,20,67.00,"1,340.00"
2019-08-12,2019081201009138,AKJCL,1,17,20,67.00,"1,340.00"
2019-08-12,2019081201009086,AKJCL,1,17,20,67.00,"1,340.00"
2019-08-12,2019081201009248,AKPL,1,33,13,163.00,"2,119.00"
2019-08-12,2019081201009150,AKPL,1,17,76,163.00,"12,388.00"
2019-08-12,2019081201009136,AKPL,1,56,13,163.00,"2,119.00"
2019-08-12,2019081201009379,ALBSL,21,52,40,477.00,"19,080.00"
2019-08-12,2019081201009176,ALBSL,42,45,10,476.00,"4,760.00"
2019-08-12,2019081201009115,ALBSL,42,38,200,476.00,"95,200.00"
2019-08-12,2019081201009068,ALBSL,42,51,40,476.00,"19,040.00"
2019-08-12,2019081201009033,ALBSL,45,45,10,468.00,"4,680.00"
2019-08-12,2019081201009125,ALICL,40,16,289,351.00,"101,439.00"
2019-08-12,2019081201009458,BOKL,26,39,100,261.00,"26,100.00"
2019-08-12,2019081201009283,CBBL,44,17,200,988.00,"197,600.00"
2019-08-12,2019081201008982,CBBL,28,34,10,990.00,"9,900.00"
2019-08-12,2019081201008996,CBLPO,39,44,"55,000",100.00,"5,500,000.00"
2019-08-12,2019081201009452,CCBL,5,57,100,165.00,"16,500.00"
2019-08-12,2019081201009212,CCBL,5,6,18,165.00,"2,970.00"
2019-08-12,2019081201009052,CCBL,6,59,99,165.00,"16,335.00"
2019-08-12,2019081201009051,CCBL,6,40,201,165.00,"33,165.00"
2019-08-12,2019081201009348,CHCL,56,52,20,481.00,"9,620.00"
2019-08-12,2019081201008974,CHCL,28,13,105,480.00,"50,400.00"
2019-08-12,2019081201008973,CHCL,44,13,30,481.00,"14,430.00"
2019-08-12,2019081201009333,CIT,41,51,100,"2,390.00","239,000.00"
2019-08-12,2019081201009332,CIT,16,51,100,"2,391.00","239,100.00"
2019-08-12,2019081201009331,CIT,13,51,10,"2,392.00","23,920.00"
2019-08-12,2019081201009366,DBBL,36,56,10,142.00,"1,420.00"
2019-08-12,2019081201009365,DBBL,36,22,100,142.00,"14,200.00"
2019-08-12,2019081201009364,DBBL,36,51,75,142.00,"10,650.00"
2019-08-12,2019081201009397,DDBL,32,43,166,757.00,"125,662.00"
2019-08-12,2019081201009375,DDBL,11,16,50,763.00,"38,150.00"
2019-08-12,2019081201009355,DDBL,32,43,334,757.00,"252,838.00"
2019-08-12,2019081201009354,DDBL,17,43,30,758.00,"22,740.00"
2019-08-12,2019081201009316,DDBL,17,17,220,758.00,"166,760.00"
2019-08-12,2019081201009034,EBL,1,49,50,660.00,"33,000.00"
2019-08-12,2019081201009252,EIC,54,42,144,334.00,"48,096.00"
2019-08-12,2019081201009251,EIC,34,42,50,335.00,"16,750.00"
2019-08-12,2019081201008979,GBBL,49,42,277,220.00,"60,940.00"
2019-08-12,2019081201008978,GBBL,45,42,23,220.00,"5,060.00"
2019-08-12,2019081201008969,GBBL,55,40,10,222.00,"2,220.00"
2019-08-12,2019081201008968,GBBL,55,53,90,222.00,"19,980.00"
2019-08-12,2019081201009225,GDBL,6,6,12,208.00,"2,496.00"
2019-08-12,2019081201009110,GILB,48,51,10,691.00,"6,910.00"
2019-08-12,2019081201009325,GLBSL,39,10,20,544.00,"10,880.00"
2019-08-12,2019081201009310,GLBSL,39,10,20,544.00,"10,880.00"
2019-08-12,2019081201009305,GLBSL,39,13,10,539.00,"5,390.00"
2019-08-12,2019081201009260,GLBSL,48,49,10,540.00,"5,400.00"
2019-08-12,2019081201009221,GLBSL,39,16,10,539.00,"5,390.00"
2019-08-12,2019081201009119,GLBSL,39,5,10,539.00,"5,390.00"
2019-08-12,2019081201009111,GLBSL,49,16,20,540.00,"10,800.00"
2019-08-12,2019081201009105,GLBSL,39,16,20,540.00,"10,800.00"
2019-08-12,2019081201009454,GMFBS,22,8,10,576.00,"5,760.00"
2019-08-12,2019081201009418,GMFBS,22,8,10,576.00,"5,760.00"
2019-08-12,2019081201009408,GMFBS,22,8,10,576.00,"5,760.00"
2019-08-12,2019081201009392,GMFBS,22,8,10,576.00,"5,760.00"
2019-08-12,2019081201009308,GMFBS,22,43,10,576.00,"5,760.00"
2019-08-12,2019081201009245,GMFBS,48,34,10,584.00,"5,840.00"
2019-08-12,2019081201009244,GMFBS,48,50,10,583.00,"5,830.00"
2019-08-12,2019081201009195,GMFBS,22,45,10,576.00,"5,760.00"
2019-08-12,2019081201009162,GMFBS,22,17,10,576.00,"5,760.00"
2019-08-12,2019081201009154,GMFBS,22,56,10,576.00,"5,760.00"
2019-08-12,2019081201009066,GMFBS,22,45,10,576.00,"5,760.00"
2019-08-12,2019081201009302,HBL,14,34,160,546.00,"87,360.00"
2019-08-12,2019081201008987,HBL,45,44,20,549.00,"10,980.00"
2019-08-12,2019081201009388,HIDCL,25,33,111,154.00,"17,094.00"
2019-08-12,2019081201009387,HIDCL,38,33,50,154.00,"7,700.00"
2019-08-12,2019081201009362,HIDCL,47,28,31,157.00,"4,867.00"
2019-08-12,2019081201009361,HIDCL,47,42,13,157.00,"2,041.00"
2019-08-12,2019081201009360,HIDCL,47,42,13,157.00,"2,041.00"
2019-08-12,2019081201009359,HIDCL,47,14,46,156.00,"7,176.00"
2019-08-12,2019081201009276,HIDCL,56,33,26,155.00,"4,030.00"
2019-08-12,2019081201009224,HIDCL,51,14,15,156.00,"2,340.00"
2019-08-12,2019081201009223,HIDCL,51,39,45,156.00,"7,020.00"
2019-08-12,2019081201009024,HIDCL,56,46,67,155.00,"10,385.00"
2019-08-12,2019081201009327,HPPL,26,58,20,167.00,"3,340.00"
2019-08-12,2019081201009353,HURJA,29,58,20,130.00,"2,600.00"
2019-08-12,2019081201009335,HURJA,29,17,20,130.00,"2,600.00"
2019-08-12,2019081201009453,ILBS,42,17,10,479.00,"4,790.00"
2019-08-12,2019081201009371,ILBS,26,6,10,481.00,"4,810.00"
2019-08-12,2019081201009339,ILBS,42,39,10,479.00,"4,790.00"
2019-08-12,2019081201009269,ILBS,19,38,10,480.00,"4,800.00"
2019-08-12,2019081201009268,ILBS,19,56,30,480.00,"14,400.00"
2019-08-12,2019081201009267,ILBS,19,56,10,480.00,"4,800.00"
2019-08-12,2019081201009234,ILBS,42,43,10,479.00,"4,790.00"
2019-08-12,2019081201009207,ILBS,42,45,10,479.00,"4,790.00"
2019-08-12,2019081201009143,ILBS,42,43,10,479.00,"4,790.00"
2019-08-12,2019081201009092,ILBS,42,38,80,479.00,"38,320.00"
2019-08-12,2019081201009020,ILBS,22,18,10,476.00,"4,760.00"
2019-08-12,2019081201008980,ILBS,22,17,10,476.00,"4,760.00"
2019-08-12,2019081201009210,JBBL,55,56,26,159.00,"4,134.00"
2019-08-12,2019081201009209,JBBL,55,41,88,159.00,"13,992.00"
2019-08-12,2019081201009202,JBBL,58,56,10,159.00,"1,590.00"
2019-08-12,2019081201009201,JBBL,58,32,480,158.00,"75,840.00"
2019-08-12,2019081201009200,JBBL,58,41,880,157.00,"138,160.00"
2019-08-12,2019081201009237,KBL,33,59,100,207.00,"20,700.00"
2019-08-12,2019081201009174,KPCL,22,17,10,86.00,860.00
2019-08-12,2019081201008990,KPCL,22,17,10,86.00,860.00
2019-08-12,2019081201009368,KSBBL,55,48,196,151.00,"29,596.00"
2019-08-12,2019081201009415,LBBL,37,45,200,175.00,"35,000.00"
2019-08-12,2019081201009228,LBL,21,19,23,215.00,"4,945.00"
2019-08-12,2019081201009206,LBL,21,45,249,215.00,"53,535.00"
2019-08-12,2019081201009106,LBL,6,59,100,215.00,"21,500.00"
2019-08-12,2019081201008994,LGIL,33,11,10,412.00,"4,120.00"
2019-08-12,2019081201009270,LICN,4,20,100,"1,130.00","113,000.00"
2019-08-12,2019081201009130,LICN,4,20,500,"1,130.00","565,000.00"
2019-08-12,2019081201009166,LVF1,55,47,"5,000",10.99,"54,950.00"
2019-08-12,2019081201009165,LVF1,55,47,"5,000",10.99,"54,950.00"
2019-08-12,2019081201009087,LVF1,45,47,"2,000",10.99,"21,980.00"
2019-08-12,2019081201009017,MDB,17,51,10,232.00,"2,320.00"
2019-08-12,2019081201009197,MEGA,45,59,14,201.00,"2,814.00"
2019-08-12,2019081201009196,MEGA,53,59,86,201.00,"17,286.00"
2019-08-12,2019081201009374,MEGA,58,58,700,201.00,"140,700.00"
2019-08-12,2019081201009064,MLBL,25,17,10,199.00,"1,990.00"
2019-08-12,2019081201009435,MNBBL,13,14,358,367.00,"131,386.00"
2019-08-12,2019081201009434,MNBBL,44,14,160,367.00,"58,720.00"
2019-08-12,2019081201009433,MNBBL,26,14,150,367.00,"55,050.00"
2019-08-12,2019081201009432,MNBBL,45,14,30,367.00,"11,010.00"
2019-08-12,2019081201009431,MNBBL,52,14,50,367.00,"18,350.00"
2019-08-12,2019081201009430,MNBBL,49,14,300,367.00,"110,100.00"
2019-08-12,2019081201009429,MNBBL,14,14,40,367.00,"14,680.00"
2019-08-12,2019081201009271,MNBBL,21,14,645,368.00,"237,360.00"
2019-08-12,2019081201009159,MNBBL,21,44,355,368.00,"130,640.00"
2019-08-12,2019081201009423,NABIL,25,49,100,783.00,"78,300.00"
2019-08-12,2019081201009321,NABIL,42,49,35,783.00,"27,405.00"
2019-08-12,2019081201009301,NABIL,21,49,25,783.00,"19,575.00"
2019-08-12,2019081201009037,NABIL,39,49,50,783.00,"39,150.00"
2019-08-12,2019081201009036,NABIL,48,49,100,783.00,"78,300.00"
2019-08-12,2019081201009035,NABIL,41,49,100,783.00,"78,300.00"
2019-08-12,2019081201009406,NADEP,58,38,260,482.00,"125,320.00"
2019-08-12,2019081201009405,NADEP,58,21,20,481.00,"9,620.00"
2019-08-12,2019081201009404,NADEP,58,39,100,480.00,"48,000.00"
2019-08-12,2019081201009399,NADEP,3,1,90,479.00,"43,110.00"
2019-08-12,2019081201009318,NADEP,48,1,10,479.00,"4,790.00"
2019-08-12,2019081201009096,NADEP,59,25,60,475.00,"28,500.00"
