Date,Transact. No.,Symbol,Buyer,Seller,Quantity,Rate,Amount
2019-12-16,2019121601006544,ADBL,45,49,35,406.00,"14,210.00"
2019-12-16,2019121601006543,ADBL,22,49,165,406.00,"66,990.00"
2019-12-16,2019121601006532,ADBL,35,40,20,408.00,"8,160.00"
2019-12-16,2019121601006444,ADBL,48,44,500,407.00,"203,500.00"
2019-12-16,2019121601006443,ADBL,48,36,115,407.00,"46,805.00"
2019-12-16,2019121601006304,ADBL,19,36,100,407.00,"40,700.00"
2019-12-16,2019121601006287,ADBL,22,41,35,406.00,"14,210.00"
2019-12-16,2019121601006286,ADBL,25,41,200,406.00,"81,200.00"
2019-12-16,2019121601006285,ADBL,8,41,265,406.00,"107,590.00"
2019-12-16,2019121601006217,ADBL,8,36,460,406.00,"186,760.00"
2019-12-16,2019121601006353,AHPC,28,45,"1,439",97.00,"139,583.00"
2019-12-16,2019121601006352,AHPC,28,45,"1,200",97.00,"116,400.00"
2019-12-16,2019121601006351,AHPC,25,45,160,97.00,"15,520.00"
2019-12-16,2019121601006350,AHPC,58,45,500,97.00,"48,500.00"
2019-12-16,2019121601006457,AKBSL,34,52,250,448.00,"112,000.00"
2019-12-16,2019121601006456,AKBSL,21,52,50,449.00,"22,450.00"
2019-12-16,2019121601006455,AKBSL,34,52,100,450.00,"45,000.00"
2019-12-16,2019121601006339,AKPL,55,25,80,126.00,"10,080.00"
2019-12-16,2019121601006228,AKPL,55,10,473,126.00,"59,598.00"
2019-12-16,2019121601006227,AKPL,45,10,27,126.00,"3,402.00"
2019-12-16,2019121601006552,ALBSL,58,52,90,450.00,"40,500.00"
2019-12-16,2019121601006417,ALBSL,58,50,10,450.00,"4,500.00"
2019-12-16,2019121601006416,ALBSL,5,50,40,450.00,"18,000.00"
2019-12-16,2019121601006183,ALBSL,58,50,120,453.00,"54,360.00"
2019-12-16,2019121601006133,ALBSL,58,43,50,453.00,"22,650.00"
2019-12-16,2019121601006577,ALICL,50,28,101,347.00,"35,047.00"
2019-12-16,2019121601006558,ALICL,46,25,100,346.00,"34,600.00"
2019-12-16,2019121601006546,ALICL,33,28,30,347.00,"10,410.00"
2019-12-16,2019121601006512,ALICL,29,28,20,347.00,"6,940.00"
2019-12-16,2019121601006511,ALICL,57,28,250,347.00,"86,750.00"
2019-12-16,2019121601006510,ALICL,45,28,50,348.00,"17,400.00"
2019-12-16,2019121601006254,ALICL,34,34,1,343.00,343.00
2019-12-16,2019121601006238,ALICL,34,34,1,343.00,343.00
2019-12-16,2019121601006181,ALICL,34,34,1,343.00,343.00
2019-12-16,2019121601006165,ALICL,34,34,1,343.00,343.00
2019-12-16,2019121601006509,ALICL,1,28,300,348.00,"104,400.00"
2019-12-16,2019121601006508,ALICL,52,28,100,349.00,"34,900.00"
2019-12-16,2019121601006394,ALICL,52,10,100,349.00,"34,900.00"
2019-12-16,2019121601006381,ALICL,14,28,100,350.00,"35,000.00"
2019-12-16,2019121601006307,ALICL,34,34,1,343.00,343.00
2019-12-16,2019121601006280,ALICL,34,34,1,343.00,343.00
2019-12-16,2019121601006452,API,25,11,50,109.00,"5,450.00"
2019-12-16,2019121601006274,API,25,52,200,107.00,"21,400.00"
2019-12-16,2019121601006273,API,7,52,"1,000",108.00,"108,000.00"
2019-12-16,2019121601006572,BFC,59,42,10,86.00,860.00
2019-12-16,2019121601006540,BFC,59,29,200,85.00,"17,000.00"
2019-12-16,2019121601006539,BFC,59,41,100,84.00,"8,400.00"
2019-12-16,2019121601006421,BPCL,48,34,290,354.00,"102,660.00"
2019-12-16,2019121601006147,BPCL,26,38,600,353.00,"211,800.00"
2019-12-16,2019121601006574,CBL,3,36,459,137.00,"62,883.00"
2019-12-16,2019121601006110,CBL,7,36,450,137.00,"61,650.00"
2019-12-16,2019121601006109,CBL,7,6,10,137.00,"1,370.00"
2019-12-16,2019121601006108,CBL,7,11,540,137.00,"73,980.00"
2019-12-16,2019121601006284,CCBL,51,51,100,166.00,"16,600.00"
2019-12-16,2019121601006283,CCBL,4,51,70,166.00,"11,620.00"
2019-12-16,2019121601006282,CCBL,50,51,300,166.00,"49,800.00"
2019-12-16,2019121601006281,CCBL,35,51,29,166.00,"4,814.00"
2019-12-16,2019121601006208,CCBL,13,7,292,167.00,"48,764.00"
2019-12-16,2019121601006231,CFCL,32,44,50,118.00,"5,900.00"
2019-12-16,2019121601006214,CFCL,32,45,100,116.00,"11,600.00"
2019-12-16,2019121601006211,CHCL,5,25,323,358.00,"115,634.00"
2019-12-16,2019121601006578,CIT,13,52,10,"1,727.00","17,270.00"
2019-12-16,2019121601006408,CZBIL,1,6,189,186.00,"35,154.00"
2019-12-16,2019121601006407,CZBIL,40,6,200,186.00,"37,200.00"
2019-12-16,2019121601006406,CZBIL,51,6,704,186.00,"130,944.00"
2019-12-16,2019121601006564,DBBL,45,43,10,129.00,"1,290.00"
2019-12-16,2019121601006448,DBBL,32,32,"1,000",128.00,"128,000.00"
2019-12-16,2019121601006447,DBBL,32,32,"1,000",128.00,"128,000.00"
2019-12-16,2019121601006446,DBBL,32,58,"1,000",128.00,"128,000.00"
2019-12-16,2019121601006144,DBBL,45,43,10,129.00,"1,290.00"
2019-12-16,2019121601006478,DDBL,45,25,100,852.00,"85,200.00"
2019-12-16,2019121601006391,DDBL,43,44,48,852.00,"40,896.00"
2019-12-16,2019121601006390,DDBL,17,44,100,853.00,"85,300.00"
2019-12-16,2019121601006389,DDBL,42,44,100,855.00,"85,500.00"
2019-12-16,2019121601006356,DDBL,41,6,100,855.00,"85,500.00"
2019-12-16,2019121601006310,DDBL,20,47,50,855.00,"42,750.00"
2019-12-16,2019121601006129,DDBL,22,58,13,856.00,"11,128.00"
2019-12-16,2019121601006128,DDBL,21,58,300,856.00,"256,800.00"
2019-12-16,2019121601006127,DDBL,13,58,300,856.00,"256,800.00"
2019-12-16,2019121601006126,DDBL,41,58,65,856.00,"55,640.00"
2019-12-16,2019121601006309,DDBL,20,47,50,855.00,"42,750.00"
2019-12-16,2019121601006266,DDBL,20,25,150,855.00,"128,250.00"
2019-12-16,2019121601006265,DDBL,1,25,50,855.00,"42,750.00"
2019-12-16,2019121601006264,DDBL,25,25,300,855.00,"256,500.00"
2019-12-16,2019121601006253,DDBL,36,41,10,856.00,"8,560.00"
2019-12-16,2019121601006230,DDBL,22,41,137,856.00,"117,272.00"
2019-12-16,2019121601006599,EBL,35,39,189,575.00,"108,675.00"
2019-12-16,2019121601006598,EBL,35,39,"2,000",575.00,"1,150,000.00"
2019-12-16,2019121601006597,EBL,35,57,50,575.00,"28,750.00"
2019-12-16,2019121601006596,EBL,35,28,24,575.00,"13,800.00"
2019-12-16,2019121601006595,EBL,35,14,430,574.00,"246,820.00"
2019-12-16,2019121601006594,EBL,35,44,"1,800",574.00,"1,033,200.00"
2019-12-16,2019121601006593,EBL,35,59,100,573.00,"57,300.00"
2019-12-16,2019121601006471,EIC,22,51,200,264.00,"52,800.00"
2019-12-16,2019121601006237,EIC,57,17,198,264.00,"52,272.00"
2019-12-16,2019121601006236,EIC,45,17,102,264.00,"26,928.00"
2019-12-16,2019121601006235,EIC,45,39,48,264.00,"12,672.00"
2019-12-16,2019121601006234,EIC,16,39,100,264.00,"26,400.00"
2019-12-16,2019121601006233,EIC,43,39,52,264.00,"13,728.00"
2019-12-16,2019121601006433,FOWAD,49,16,168,"1,353.00","227,304.00"
2019-12-16,2019121601006545,GBBL,32,43,132,200.00,"26,400.00"
2019-12-16,2019121601006584,GBLBS,34,7,500,312.00,"156,000.00"
2019-12-16,2019121601006301,GBLBS,39,45,100,312.00,"31,200.00"
2019-12-16,2019121601006300,GBLBS,54,45,50,313.00,"15,650.00"
2019-12-16,2019121601006299,GBLBS,38,45,350,313.00,"109,550.00"
2019-12-16,2019121601006262,GBLBS,38,42,150,313.00,"46,950.00"
2019-12-16,2019121601006261,GBLBS,44,42,350,313.00,"109,550.00"
2019-12-16,2019121601006454,GGBSL,10,1,100,603.00,"60,300.00"
2019-12-16,2019121601006395,GGBSL,10,36,38,605.00,"22,990.00"
2019-12-16,2019121601006380,GGBSL,46,36,42,605.00,"25,410.00"
2019-12-16,2019121601006379,GGBSL,22,36,50,605.00,"30,250.00"
2019-12-16,2019121601006378,GGBSL,11,36,20,606.00,"12,120.00"
2019-12-16,2019121601006216,GGBSL,11,49,10,606.00,"6,060.00"
2019-12-16,2019121601006361,GILB,42,45,160,802.00,"128,320.00"
2019-12-16,2019121601006360,GILB,34,45,50,802.00,"40,100.00"
2019-12-16,2019121601006359,GILB,38,45,20,804.00,"16,080.00"
2019-12-16,2019121601006358,GILB,36,45,70,808.00,"56,560.00"
2019-12-16,2019121601006418,GLBSL,13,7,100,436.00,"43,600.00"
2019-12-16,2019121601006560,GLICL,38,32,500,431.00,"215,500.00"
2019-12-16,2019121601006535,GLICL,55,32,101,431.00,"43,531.00"
2019-12-16,2019121601006534,GLICL,55,32,149,431.00,"64,219.00"
2019-12-16,2019121601006531,GLICL,38,32,301,431.00,"129,731.00"
2019-12-16,2019121601006530,GLICL,38,42,120,431.00,"51,720.00"
2019-12-16,2019121601006529,GLICL,38,25,79,431.00,"34,049.00"
2019-12-16,2019121601006276,GLICL,50,25,21,431.00,"9,051.00"
2019-12-16,2019121601006180,GLICL,58,52,300,429.00,"128,700.00"
2019-12-16,2019121601006179,GLICL,39,14,100,430.00,"43,000.00"
2019-12-16,2019121601006149,GLICL,39,34,50,430.00,"21,500.00"
2019-12-16,2019121601006602,HDL,45,58,80,"1,245.00","99,600.00"
2019-12-16,2019121601006244,HDL,13,45,20,"1,250.00","25,000.00"
2019-12-16,2019121601006152,HDL,7,58,10,"1,250.00","12,500.00"
2019-12-16,2019121601006151,HDL,25,58,100,"1,250.00","125,000.00"
2019-12-16,2019121601006554,HGI,21,5,180,285.00,"51,300.00"
2019-12-16,2019121601006553,HGI,3,5,12,285.00,"3,420.00"
2019-12-16,2019121601006388,HGI,34,20,170,288.00,"48,960.00"
2019-12-16,2019121601006349,HGI,17,20,200,288.00,"57,600.00"
2019-12-16,2019121601006142,HGI,21,20,130,288.00,"37,440.00"
2019-12-16,2019121601006533,HIDCL,8,41,200,133.00,"26,600.00"
2019-12-16,2019121601006505,HIDCL,8,41,300,133.00,"39,900.00"
2019-12-16,2019121601006504,HIDCL,49,41,200,133.00,"26,600.00"
2019-12-16,2019121601006290,HIDCL,4,42,114,134.00,"15,276.00"
2019-12-16,2019121601006289,HIDCL,4,28,50,134.00,"6,700.00"
2019-12-16,2019121601006288,HIDCL,4,41,135,134.00,"18,090.00"
2019-12-16,2019121601006453,HPPL,52,40,100,143.00,"14,300.00"
2019-12-16,2019121601006207,HURJA,7,37,280,105.00,"29,400.00"
2019-12-16,2019121601006590,ICFC,6,45,10,160.00,"1,600.00"
2019-12-16,2019121601006474,IGI,7,48,150,301.00,"45,150.00"
2019-12-16,2019121601006189,IGI,7,43,100,301.00,"30,100.00"
2019-12-16,2019121601006154,IGI,7,21,20,301.00,"6,020.00"
2019-12-16,2019121601006405,ILBS,16,45,10,561.00,"5,610.00"
2019-12-16,2019121601006404,ILBS,29,45,100,561.00,"56,100.00"
2019-12-16,2019121601006403,ILBS,46,45,90,562.00,"50,580.00"
2019-12-16,2019121601006345,ILBS,46,10,50,562.00,"28,100.00"
2019-12-16,2019121601006302,ILBS,10,7,62,564.00,"34,968.00"
2019-12-16,2019121601006272,ILBS,46,1,10,562.00,"5,620.00"
2019-12-16,2019121601006250,ILBS,55,7,138,564.00,"77,832.00"
2019-12-16,2019121601006527,JFL,37,17,"1,000",191.00,"191,000.00"
2019-12-16,2019121601006526,JFL,17,17,100,191.00,"19,100.00"
2019-12-16,2019121601006525,JFL,45,17,200,192.00,"38,400.00"
2019-12-16,2019121601006524,JFL,39,17,100,192.00,"19,200.00"
2019-12-16,2019121601006603,JSLBB,1,34,10,"1,223.00","12,230.00"
2019-12-16,2019121601006473,KBL,3,36,264,181.00,"47,784.00"
2019-12-16,2019121601006472,KBL,40,36,36,181.00,"6,516.00"
2019-12-16,2019121601006169,KBL,40,45,324,181.00,"58,644.00"
2019-12-16,2019121601006168,KBL,25,45,176,182.00,"32,032.00"
2019-12-16,2019121601006551,KSBBL,38,34,481,136.00,"65,416.00"
2019-12-16,2019121601006498,KSBBL,38,51,519,136.00,"70,584.00"
2019-12-16,2019121601006497,KSBBL,4,51,47,136.00,"6,392.00"
2019-12-16,2019121601006496,KSBBL,25,51,200,136.00,"27,200.00"
2019-12-16,2019121601006495,KSBBL,26,51,100,136.00,"13,600.00"
2019-12-16,2019121601006494,KSBBL,50,51,134,136.00,"18,224.00"
2019-12-16,2019121601006549,LBBL,33,14,10,190.00,"1,900.00"
2019-12-16,2019121601006519,LBBL,38,36,"1,359",188.00,"255,492.00"
2019-12-16,2019121601006518,LBBL,38,36,744,188.00,"139,872.00"
2019-12-16,2019121601006206,LBBL,32,36,150,188.00,"28,200.00"
2019-12-16,2019121601006199,LBBL,6,36,746,188.00,"140,248.00"
2019-12-16,2019121601006205,LBBL,32,36,200,188.00,"37,600.00"
2019-12-16,2019121601006204,LBBL,49,36,500,188.00,"94,000.00"
2019-12-16,2019121601006203,LBBL,17,36,500,188.00,"94,000.00"
2019-12-16,2019121601006202,LBBL,6,36,350,188.00,"65,800.00"
2019-12-16,2019121601006201,LBBL,34,36,10,188.00,"1,880.00"
2019-12-16,2019121601006200,LBBL,37,36,"1,000",188.00,"188,000.00"
2019-12-16,2019121601006399,LBL,11,43,134,194.00,"25,996.00"
2019-12-16,2019121601006398,LBL,48,43,116,194.00,"22,504.00"
2019-12-16,2019121601006397,LBL,33,43,200,195.00,"39,000.00"
2019-12-16,2019121601006396,LBL,5,43,50,195.00,"9,750.00"
2019-12-16,2019121601006346,LGIL,4,5,147,329.00,"48,363.00"
2019-12-16,2019121601006423,MBL,33,35,10,222.00,"2,220.00"
2019-12-16,2019121601006592,MEGA,43,34,10,187.00,"1,870.00"
2019-12-16,2019121601006548,MEGA,29,51,"1,000",186.00,"186,000.00"
2019-12-16,2019121601006298,MEGA,43,34,10,187.00,"1,870.00"
2019-12-16,2019121601006145,MEGA,1,34,167,186.00,"31,062.00"
2019-12-16,2019121601006601,MERO,29,17,10,449.00,"4,490.00"
2019-12-16,2019121601006344,MERO,16,40,135,441.00,"59,535.00"
2019-12-16,2019121601006343,MERO,45,40,200,442.00,"88,400.00"
2019-12-16,2019121601006342,MERO,51,40,115,442.00,"50,830.00"
2019-12-16,2019121601006341,MERO,7,40,50,442.00,"22,100.00"
2019-12-16,2019121601006132,MFIL,43,25,500,130.00,"65,000.00"
2019-12-16,2019121601006131,MFIL,26,25,500,130.00,"65,000.00"
2019-12-16,2019121601006130,MFIL,45,25,500,130.00,"65,000.00"
2019-12-16,2019121601006322,MLBBL,48,34,111,538.00,"59,718.00"
2019-12-16,2019121601006321,MLBBL,32,34,10,538.00,"5,380.00"
2019-12-16,2019121601006143,MLBL,7,17,379,173.00,"65,567.00"
2019-12-16,2019121601006243,MNBBL,45,50,100,277.00,"27,700.00"
2019-12-16,2019121601006242,MNBBL,45,43,500,277.00,"138,500.00"
2019-12-16,2019121601006563,MSLB,39,40,10,900.00,"9,000.00"
2019-12-16,2019121601006562,MSLB,39,40,200,900.00,"180,000.00"
2019-12-16,2019121601006528,MSLB,33,13,10,908.00,"9,080.00"
2019-12-16,2019121601006275,MSLB,39,50,120,900.00,"108,000.00"
2019-12-16,2019121601006271,MSLB,39,1,79,900.00,"71,100.00"
2019-12-16,2019121601006270,MSLB,33,1,16,900.00,"14,400.00"
2019-12-16,2019121601006269,MSLB,35,1,25,901.00,"22,525.00"
2019-12-16,2019121601006259,MSMBS,32,41,10,559.00,"5,590.00"
2019-12-16,2019121601006213,MSMBS,6,16,10,549.00,"5,490.00"
2019-12-16,2019121601006368,NABIL,34,11,591,737.00,"435,567.00"
2019-12-16,2019121601006367,NABIL,35,11,20,738.00,"14,760.00"
2019-12-16,2019121601006366,NABIL,7,11,39,738.00,"28,782.00"
2019-12-16,2019121601006362,NABIL,7,45,15,738.00,"11,070.00"
2019-12-16,2019121601006160,NABIL,40,47,29,738.00,"21,402.00"
2019-12-16,2019121601006159,NABIL,11,47,50,738.00,"36,900.00"
2019-12-16,2019121601006158,NABIL,34,47,100,739.00,"73,900.00"
2019-12-16,2019121601006157,NABIL,6,47,125,740.00,"92,500.00"
2019-12-16,2019121601006156,NABIL,58,47,100,740.00,"74,000.00"
2019-12-16,2019121601006155,NABIL,42,47,16,740.00,"11,840.00"
2019-12-16,2019121601006354,NADEP,44,52,30,462.00,"13,860.00"
2019-12-16,2019121601006176,NADEP,45,25,487,463.00,"225,481.00"
2019-12-16,2019121601006522,NBL,21,29,20,314.00,"6,280.00"
2019-12-16,2019121601006520,NBL,3,29,30,314.00,"9,420.00"
2019-12-16,2019121601006506,NBL,7,45,250,313.00,"78,250.00"
2019-12-16,2019121601006451,NBL,43,29,10,314.00,"3,140.00"
2019-12-16,2019121601006312,NBL,7,52,100,313.00,"31,300.00"
2019-12-16,2019121601006141,NBL,7,41,496,313.00,"155,248.00"
2019-12-16,2019121601006140,NBL,59,41,40,313.00,"12,520.00"
2019-12-16,2019121601006589,NCCB,33,51,89,203.00,"18,067.00"
2019-12-16,2019121601006588,NCCB,33,46,11,203.00,"2,233.00"
2019-12-16,2019121601006503,NCCB,34,50,243,202.00,"49,086.00"
2019-12-16,2019121601006502,NCCB,34,40,201,202.00,"40,602.00"
2019-12-16,2019121601006500,NCCB,52,40,100,202.00,"20,200.00"
2019-12-16,2019121601006470,NCCB,52,55,119,201.00,"23,919.00"
2019-12-16,2019121601006412,NCCB,52,36,471,201.00,"94,671.00"
2019-12-16,2019121601006370,NCCB,52,36,240,201.00,"48,240.00"
2019-12-16,2019121601006369,NCCB,28,36,410,201.00,"82,410.00"
2019-12-16,2019121601006229,NCCB,45,36,50,202.00,"10,100.00"
2019-12-16,2019121601006148,NCCB,28,7,90,201.00,"18,090.00"
2019-12-16,2019121601006422,NEF,14,21,241,7.37,"1,776.17"
2019-12-16,2019121601006479,NIB,59,44,52,427.00,"22,204.00"
2019-12-16,2019121601006373,NIB,59,7,10,427.00,"4,270.00"
2019-12-16,2019121601006372,NIB,59,58,294,427.00,"125,538.00"
2019-12-16,2019121601006371,NIB,59,7,44,427.00,"18,788.00"
2019-12-16,2019121601006357,NIB,35,44,104,426.00,"44,304.00"
2019-12-16,2019121601006303,NIB,26,58,10,427.00,"4,270.00"
2019-12-16,2019121601006267,NIB,35,40,541,426.00,"230,466.00"
2019-12-16,2019121601006331,NIBPO,11,25,18,401.00,"7,218.00"
2019-12-16,2019121601006330,NIBPO,45,25,82,401.00,"32,882.00"
2019-12-16,2019121601006113,NIBPO,45,21,50,401.00,"20,050.00"
2019-12-16,2019121601006565,NICA,35,58,716,418.00,"299,288.00"
2019-12-16,2019121601006432,NICA,35,40,300,418.00,"125,400.00"
2019-12-16,2019121601006431,NICA,35,28,"1,000",418.00,"418,000.00"
2019-12-16,2019121601006430,NICA,35,28,"1,000",418.00,"418,000.00"
2019-12-16,2019121601006429,NICA,35,45,400,418.00,"167,200.00"
2019-12-16,2019121601006428,NICA,35,4,70,418.00,"29,260.00"
2019-12-16,2019121601006119,NICA,32,44,300,417.00,"125,100.00"
2019-12-16,2019121601006118,NICA,32,44,"1,000",417.00,"417,000.00"
2019-12-16,2019121601006117,NICA,32,52,500,417.00,"208,500.00"
2019-12-16,2019121601006116,NICA,32,40,451,416.00,"187,616.00"
2019-12-16,2019121601006115,NICA,32,4,250,416.00,"104,000.00"
2019-12-16,2019121601006114,NICA,32,4,"1,000",416.00,"416,000.00"
2019-12-16,2019121601006125,NICA,32,44,92,417.00,"38,364.00"
2019-12-16,2019121601006124,NICA,32,44,207,417.00,"86,319.00"
2019-12-16,2019121601006123,NICA,32,44,200,417.00,"83,400.00"
2019-12-16,2019121601006122,NICA,32,44,250,417.00,"104,250.00"
2019-12-16,2019121601006121,NICA,32,44,250,417.00,"104,250.00"
2019-12-16,2019121601006120,NICA,32,44,500,417.00,"208,500.00"
2019-12-16,2019121601006427,NICA,35,4,100,418.00,"41,800.00"
2019-12-16,2019121601006426,NICA,35,4,114,418.00,"47,652.00"
2019-12-16,2019121601006425,NICA,35,45,"1,000",417.00,"417,000.00"
2019-12-16,2019121601006424,NICA,35,50,300,417.00,"125,100.00"
2019-12-16,2019121601006247,NICA,28,26,10,416.00,"4,160.00"
2019-12-16,2019121601006178,NICA,33,4,50,418.00,"20,900.00"
2019-12-16,2019121601006547,NICL,45,22,120,293.00,"35,160.00"
2019-12-16,2019121601006542,NICL,43,22,10,293.00,"2,930.00"
2019-12-16,2019121601006485,NICL,16,57,105,291.00,"30,555.00"
2019-12-16,2019121601006484,NICL,50,57,150,292.00,"43,800.00"
2019-12-16,2019121601006483,NICL,26,57,23,292.00,"6,716.00"
2019-12-16,2019121601006146,NICL,46,22,100,293.00,"29,300.00"
2019-12-16,2019121601006468,NIL,35,51,50,410.00,"20,500.00"
2019-12-16,2019121601006465,NLBBL,26,50,225,558.00,"125,550.00"
2019-12-16,2019121601006335,NLIC,44,26,22,886.00,"19,492.00"
2019-12-16,2019121601006334,NLIC,6,26,28,886.00,"24,808.00"
2019-12-16,2019121601006313,NLIC,45,41,28,888.00,"24,864.00"
2019-12-16,2019121601006256,NLIC,21,41,22,888.00,"19,536.00"
2019-12-16,2019121601006221,NLIC,34,41,20,888.00,"17,760.00"
2019-12-16,2019121601006220,NLIC,38,38,15,885.00,"13,275.00"
2019-12-16,2019121601006338,NLICL,43,38,10,475.00,"4,750.00"
2019-12-16,2019121601006153,NLICL,41,50,100,470.00,"47,000.00"
2019-12-16,2019121601006600,NMB,8,42,302,400.00,"120,800.00"
2019-12-16,2019121601006580,NMB,8,39,157,400.00,"62,800.00"
2019-12-16,2019121601006579,NMB,35,39,20,400.00,"8,000.00"
2019-12-16,2019121601006571,NMB,46,40,7,400.00,"2,800.00"
2019-12-16,2019121601006570,NMB,51,40,143,400.00,"57,200.00"
2019-12-16,2019121601006537,NMB,22,39,23,401.00,"9,223.00"
2019-12-16,2019121601006240,NMB,35,43,339,401.00,"135,939.00"
2019-12-16,2019121601006190,NMB,59,43,500,401.00,"200,500.00"
2019-12-16,2019121601006182,NMB,34,43,50,401.00,"20,050.00"
2019-12-16,2019121601006166,NMB,52,43,100,401.00,"40,100.00"
2019-12-16,2019121601006329,NMB,41,38,84,400.00,"33,600.00"
2019-12-16,2019121601006318,NMB,46,38,84,400.00,"33,600.00"
2019-12-16,2019121601006305,NMB,46,38,84,400.00,"33,600.00"
2019-12-16,2019121601006278,NMB,46,38,19,400.00,"7,600.00"
2019-12-16,2019121601006277,NMB,35,38,51,401.00,"20,451.00"
2019-12-16,2019121601006241,NMB,35,16,110,401.00,"44,110.00"
2019-12-16,2019121601006385,NMB,47,38,40,400.00,"16,000.00"
2019-12-16,2019121601006383,NMB,45,39,13,401.00,"5,213.00"
2019-12-16,2019121601006382,NMB,45,46,126,401.00,"50,526.00"
2019-12-16,2019121601006364,NMB,47,38,126,400.00,"50,400.00"
2019-12-16,2019121601006348,NMB,47,38,34,400.00,"13,600.00"
2019-12-16,2019121601006347,NMB,41,38,16,400.00,"6,400.00"
2019-12-16,2019121601006414,NMB,54,17,713,401.00,"285,913.00"
2019-12-16,2019121601006413,NMB,54,38,200,401.00,"80,200.00"
2019-12-16,2019121601006401,NMB,54,39,87,401.00,"34,887.00"
2019-12-16,2019121601006393,NMB,46,38,50,400.00,"20,000.00"
2019-12-16,2019121601006392,NMB,14,38,100,400.00,"40,000.00"
2019-12-16,2019121601006386,NMB,46,38,87,400.00,"34,800.00"
2019-12-16,2019121601006536,NMB,22,17,277,401.00,"111,077.00"
2019-12-16,2019121601006521,NMB,33,17,10,401.00,"4,010.00"
2019-12-16,2019121601006477,NMB,51,49,20,400.00,"8,000.00"
2019-12-16,2019121601006475,NMB,51,38,200,400.00,"80,000.00"
2019-12-16,2019121601006435,NMB,51,38,137,400.00,"54,800.00"
2019-12-16,2019121601006434,NMB,46,38,63,400.00,"25,200.00"
2019-12-16,2019121601006400,NMBHF1,43,21,416,8.65,"3,598.40"
2019-12-16,2019121601006198,NMBMF,43,45,165,545.00,"89,925.00"
2019-12-16,2019121601006197,NMBMF,42,45,15,550.00,"8,250.00"
2019-12-16,2019121601006135,NMBMF,44,28,50,555.00,"27,750.00"
2019-12-16,2019121601006517,NNLB,26,5,222,596.00,"132,312.00"
2019-12-16,2019121601006516,NNLB,48,5,13,597.00,"7,761.00"
2019-12-16,2019121601006515,NNLB,37,5,100,597.00,"59,700.00"
2019-12-16,2019121601006514,NNLB,17,5,10,597.00,"5,970.00"
2019-12-16,2019121601006513,NNLB,55,5,100,598.00,"59,800.00"
2019-12-16,2019121601006279,NNLB,55,40,50,604.00,"30,200.00"
2019-12-16,2019121601006420,NTC,43,45,10,640.00,"6,400.00"
2019-12-16,2019121601006333,NTC,43,7,10,650.00,"6,500.00"
2019-12-16,2019121601006464,NUBL,11,19,40,772.00,"30,880.00"
2019-12-16,2019121601006463,NUBL,36,19,10,772.00,"7,720.00"
2019-12-16,2019121601006462,NUBL,38,19,10,772.00,"7,720.00"
2019-12-16,2019121601006461,NUBL,4,19,30,772.00,"23,160.00"
2019-12-16,2019121601006460,NUBL,48,19,50,772.00,"38,600.00"
2019-12-16,2019121601006459,NUBL,16,19,20,773.00,"15,460.00"
2019-12-16,2019121601006458,NUBL,55,19,40,773.00,"30,920.00"
2019-12-16,2019121601006177,OHL,38,34,10,417.00,"4,170.00"
2019-12-16,2019121601006163,OHL,34,45,100,425.00,"42,500.00"
2019-12-16,2019121601006162,OHL,34,43,10,424.00,"4,240.00"
2019-12-16,2019121601006161,OHL,34,17,200,423.00,"84,600.00"
2019-12-16,2019121601006415,OHL,38,34,10,417.00,"4,170.00"
2019-12-16,2019121601006559,PIC,58,56,10,407.00,"4,070.00"
2019-12-16,2019121601006550,PIC,38,38,1,410.00,410.00
2019-12-16,2019121601006337,PIC,33,35,45,402.00,"18,090.00"
2019-12-16,2019121601006336,PIC,53,35,35,402.00,"14,070.00"
2019-12-16,2019121601006252,PIC,22,35,80,403.00,"32,240.00"
2019-12-16,2019121601006251,PIC,33,35,300,403.00,"120,900.00"
2019-12-16,2019121601006249,PIC,33,57,200,403.00,"80,600.00"
2019-12-16,2019121601006248,PIC,26,57,400,403.00,"161,200.00"
2019-12-16,2019121601006541,PICL,44,56,10,410.00,"4,100.00"
2019-12-16,2019121601006566,PLIC,10,39,16,346.00,"5,536.00"
2019-12-16,2019121601006245,PPCL,41,18,20,105.00,"2,100.00"
2019-12-16,2019121601006387,PRIN,41,45,50,332.00,"16,600.00"
2019-12-16,2019121601006185,PRIN,37,39,112,330.00,"36,960.00"
2019-12-16,2019121601006583,PRVU,26,53,50,225.00,"11,250.00"
2019-12-16,2019121601006582,PRVU,52,53,108,225.00,"24,300.00"
2019-12-16,2019121601006581,PRVU,43,53,50,225.00,"11,250.00"
2019-12-16,2019121601006492,PRVU,42,53,100,226.00,"22,600.00"
2019-12-16,2019121601006491,PRVU,25,53,60,226.00,"13,560.00"
2019-12-16,2019121601006490,PRVU,43,53,100,226.00,"22,600.00"
2019-12-16,2019121601006489,PRVU,51,53,500,226.00,"113,000.00"
2019-12-16,2019121601006488,PRVU,14,53,50,226.00,"11,300.00"
2019-12-16,2019121601006487,PRVU,8,53,400,226.00,"90,400.00"
2019-12-16,2019121601006486,PRVU,37,53,81,226.00,"18,306.00"
2019-12-16,2019121601006308,PRVU,26,46,10,227.00,"2,270.00"
2019-12-16,2019121601006112,RADHI,47,34,12,143.00,"1,716.00"
2019-12-16,2019121601006111,RADHI,47,26,13,142.00,"1,846.00"
2019-12-16,2019121601006575,RBCL,59,58,10,"8,550.00","85,500.00"
2019-12-16,2019121601006258,RBCL,29,53,40,"8,410.00","336,400.00"
2019-12-16,2019121601006257,RBCL,25,53,10,"8,411.00","84,110.00"
2019-12-16,2019121601006170,RBCL,8,10,10,"8,457.00","84,570.00"
2019-12-16,2019121601006557,RHPL,59,37,500,172.00,"86,000.00"
2019-12-16,2019121601006556,RHPL,57,37,100,172.00,"17,200.00"
2019-12-16,2019121601006555,RHPL,54,37,580,172.00,"99,760.00"
2019-12-16,2019121601006476,RHPL,45,7,10,174.00,"1,740.00"
2019-12-16,2019121601006402,RHPL,54,49,50,172.00,"8,600.00"
2019-12-16,2019121601006268,RHPL,45,7,10,174.00,"1,740.00"
2019-12-16,2019121601006260,RHPL,54,45,"2,030",172.00,"349,160.00"
2019-12-16,2019121601006212,RHPL,54,37,"1,000",173.00,"173,000.00"
2019-12-16,2019121601006134,RHPL,54,55,30,172.00,"5,160.00"
2019-12-16,2019121601006573,RMDC,41,21,26,615.00,"15,990.00"
2019-12-16,2019121601006523,SABSL,56,34,10,545.00,"5,450.00"
2019-12-16,2019121601006139,SANIMA,25,47,120,313.00,"37,560.00"
2019-12-16,2019121601006138,SANIMA,26,47,380,313.00,"118,940.00"
2019-12-16,2019121601006239,SBI,41,21,82,356.00,"29,192.00"
2019-12-16,2019121601006188,SBL,58,47,60,288.00,"17,280.00"
2019-12-16,2019121601006107,SBL,58,47,62,288.00,"17,856.00"
2019-12-16,2019121601006106,SBL,26,47,100,288.00,"28,800.00"
2019-12-16,2019121601006105,SBL,34,47,100,289.00,"28,900.00"
2019-12-16,2019121601006104,SBL,43,47,526,289.00,"152,014.00"
2019-12-16,2019121601006384,SCB,55,48,25,538.00,"13,450.00"
2019-12-16,2019121601006377,SCB,55,13,10,538.00,"5,380.00"
2019-12-16,2019121601006376,SCB,5,13,40,538.00,"21,520.00"
2019-12-16,2019121601006332,SCB,42,45,50,539.00,"26,950.00"
2019-12-16,2019121601006196,SDESI,28,38,200,566.00,"113,200.00"
2019-12-16,2019121601006195,SDESI,36,38,200,566.00,"113,200.00"
2019-12-16,2019121601006194,SDESI,43,38,110,567.00,"62,370.00"
2019-12-16,2019121601006193,SDESI,38,38,100,568.00,"56,800.00"
2019-12-16,2019121601006192,SDESI,45,38,100,569.00,"56,900.00"
2019-12-16,2019121601006191,SDESI,47,38,10,574.00,"5,740.00"
2019-12-16,2019121601006292,SFFIL,8,38,200,179.00,"35,800.00"
2019-12-16,2019121601006291,SFFIL,8,38,100,179.00,"17,900.00"
2019-12-16,2019121601006215,SHINE,33,4,500,235.00,"117,500.00"
2019-12-16,2019121601006561,SHIVM,39,37,100,355.00,"35,500.00"
2019-12-16,2019121601006507,SHIVM,14,38,100,352.00,"35,200.00"
2019-12-16,2019121601006440,SHIVM,14,10,260,352.00,"91,520.00"
2019-12-16,2019121601006439,SHIVM,47,10,50,352.00,"17,600.00"
2019-12-16,2019121601006438,SHIVM,45,10,90,352.00,"31,680.00"
2019-12-16,2019121601006340,SHIVM,32,57,80,353.00,"28,240.00"
2019-12-16,2019121601006293,SHIVM,41,57,170,353.00,"60,010.00"
2019-12-16,2019121601006167,SHIVM,40,48,50,354.00,"17,700.00"
2019-12-16,2019121601006314,SHIVM,8,52,150,352.00,"52,800.00"
2019-12-16,2019121601006311,SHIVM,32,57,100,353.00,"35,300.00"
2019-12-16,2019121601006297,SHIVM,7,57,300,353.00,"105,900.00"
2019-12-16,2019121601006296,SHIVM,42,57,50,353.00,"17,650.00"
2019-12-16,2019121601006295,SHIVM,14,57,200,353.00,"70,600.00"
2019-12-16,2019121601006294,SHIVM,56,57,100,353.00,"35,300.00"
2019-12-16,2019121601006317,SHIVM,45,52,10,352.00,"3,520.00"
2019-12-16,2019121601006316,SHIVM,5,52,80,352.00,"28,160.00"
2019-12-16,2019121601006315,SHIVM,55,52,500,352.00,"176,000.00"
2019-12-16,2019121601006246,SHL,7,52,120,185.00,"22,200.00"
2019-12-16,2019121601006493,SHPC,35,6,100,192.00,"19,200.00"
2019-12-16,2019121601006499,SIC,34,49,20,502.00,"10,040.00"
2019-12-16,2019121601006469,SIC,34,54,40,502.00,"20,080.00"
2019-12-16,2019121601006569,SIFC,57,39,100,155.00,"15,500.00"
2019-12-16,2019121601006568,SIFC,57,39,100,155.00,"15,500.00"
2019-12-16,2019121601006567,SIFC,57,39,20,155.00,"3,100.00"
2019-12-16,2019121601006576,SIL,58,25,10,409.00,"4,090.00"
2019-12-16,2019121601006184,SIL,47,1,27,405.00,"10,935.00"
2019-12-16,2019121601006136,SIL,47,44,500,405.00,"202,500.00"
2019-12-16,2019121601006450,SJCL,39,34,20,159.00,"3,180.00"
2019-12-16,2019121601006437,SJCL,39,49,20,159.00,"3,180.00"
2019-12-16,2019121601006419,SJCL,39,34,200,159.00,"31,800.00"
2019-12-16,2019121601006171,SJCL,39,47,20,159.00,"3,180.00"
2019-12-16,2019121601006164,SJCL,39,38,10,159.00,"1,590.00"
2019-12-16,2019121601006150,SJCL,39,38,10,159.00,"1,590.00"
2019-12-16,2019121601006319,SKBBL,28,44,200,972.00,"194,400.00"
2019-12-16,2019121601006411,SLBBL,33,58,10,560.00,"5,600.00"
2019-12-16,2019121601006187,SLBBL,22,21,81,551.00,"44,631.00"
2019-12-16,2019121601006186,SLBBL,39,21,19,551.00,"10,469.00"
2019-12-16,2019121601006482,SLICL,34,36,362,288.00,"104,256.00"
2019-12-16,2019121601006481,SLICL,34,36,100,288.00,"28,800.00"
2019-12-16,2019121601006480,SLICL,28,36,488,288.00,"140,544.00"
2019-12-16,2019121601006375,SLICL,46,25,100,289.00,"28,900.00"
2019-12-16,2019121601006374,SLICL,38,25,200,289.00,"57,800.00"
2019-12-16,2019121601006306,SLICL,50,29,50,289.00,"14,450.00"
2019-12-16,2019121601006449,SMFBS,34,26,10,909.00,"9,090.00"
2019-12-16,2019121601006255,SMFDB,52,22,18,628.00,"11,304.00"
2019-12-16,2019121601006320,SPARS,40,48,50,576.00,"28,800.00"
2019-12-16,2019121601006175,SPARS,44,50,20,575.00,"11,500.00"
2019-12-16,2019121601006174,SPARS,22,50,30,576.00,"17,280.00"
2019-12-16,2019121601006173,SPARS,22,50,30,577.00,"17,310.00"
2019-12-16,2019121601006172,SPARS,11,50,20,578.00,"11,560.00"
2019-12-16,2019121601006137,SPARS,11,50,30,578.00,"17,340.00"
2019-12-16,2019121601006467,SRBL,45,4,389,217.00,"84,413.00"
2019-12-16,2019121601006466,SRBL,35,4,111,217.00,"24,087.00"
2019-12-16,2019121601006538,STC,16,14,10,"1,536.00","15,360.00"
2019-12-16,2019121601006445,STC,16,49,10,"1,536.00","15,360.00"
2019-12-16,2019121601006591,SWBBL,49,4,100,"1,031.00","103,100.00"
2019-12-16,2019121601006501,SWBBL,32,44,20,"1,035.00","20,700.00"
2019-12-16,2019121601006442,SWBBL,55,42,140,"1,030.00","144,200.00"
2019-12-16,2019121601006441,SWBBL,29,42,10,"1,035.00","10,350.00"
2019-12-16,2019121601006325,SWBBL,29,4,20,"1,035.00","20,700.00"
2019-12-16,2019121601006324,SWBBL,29,4,30,"1,035.00","31,050.00"
2019-12-16,2019121601006323,SWBBL,17,4,50,"1,035.00","51,750.00"
2019-12-16,2019121601006232,SWBBL,55,1,26,"1,030.00","26,780.00"
2019-12-16,2019121601006210,SWBBL,55,4,220,"1,030.00","226,600.00"
2019-12-16,2019121601006209,SWBBL,36,4,100,"1,031.00","103,100.00"
2019-12-16,2019121601006410,TMDBL,52,19,52,149.00,"7,748.00"
2019-12-16,2019121601006409,TMDBL,1,19,119,149.00,"17,731.00"
2019-12-16,2019121601006219,TMDBL,1,55,181,149.00,"26,969.00"
2019-12-16,2019121601006218,TMDBL,37,55,20,149.00,"2,980.00"
2019-12-16,2019121601006355,UIC,14,4,50,282.00,"14,100.00"
2019-12-16,2019121601006226,UIC,51,17,200,284.00,"56,800.00"
2019-12-16,2019121601006225,UIC,39,17,300,284.00,"85,200.00"
2019-12-16,2019121601006224,UIC,11,17,300,285.00,"85,500.00"
2019-12-16,2019121601006223,UIC,45,17,50,285.00,"14,250.00"
2019-12-16,2019121601006222,UIC,49,17,120,285.00,"34,200.00"
2019-12-16,2019121601006436,UNHPL,16,48,100,63.00,"6,300.00"
2019-12-16,2019121601006587,UPPER,7,14,252,234.00,"58,968.00"
2019-12-16,2019121601006586,UPPER,34,14,100,234.00,"23,400.00"
2019-12-16,2019121601006585,UPPER,49,14,48,234.00,"11,232.00"
2019-12-16,2019121601006365,UPPER,45,48,100,235.00,"23,500.00"
2019-12-16,2019121601006363,UPPER,49,46,40,234.00,"9,360.00"
2019-12-16,2019121601006263,VLBS,11,38,39,660.00,"25,740.00"
2019-12-16,2019121601006328,VLBS,50,58,133,659.00,"87,647.00"
2019-12-16,2019121601006327,VLBS,50,58,156,659.00,"102,804.00"
2019-12-16,2019121601006326,VLBS,11,58,11,660.00,"7,260.00"
2019-12-16,2019121601006003,ADBL,51,36,125,407.00,"50,875.00"
2019-12-16,2019121601005815,ADBL,21,36,10,407.00,"4,070.00"
2019-12-16,2019121601005806,ADBL,8,33,275,406.00,"111,650.00"
2019-12-16,2019121601005805,ADBL,25,33,100,406.00,"40,600.00"
2019-12-16,2019121601005804,ADBL,34,33,100,406.00,"40,600.00"
2019-12-16,2019121601006032,AHPC,45,39,500,98.00,"49,000.00"
2019-12-16,2019121601005974,AKBSL,34,34,300,450.00,"135,000.00"
2019-12-16,2019121601005961,AKBSL,51,34,100,451.00,"45,100.00"
2019-12-16,2019121601005851,AKBSL,21,48,10,459.00,"4,590.00"
2019-12-16,2019121601005847,AKBSL,32,37,10,456.00,"4,560.00"
2019-12-16,2019121601005775,AKBSL,32,42,190,456.00,"86,640.00"
2019-12-16,2019121601005774,AKBSL,34,42,810,456.00,"369,360.00"
2019-12-16,2019121601005712,AKBSL,34,18,10,456.00,"4,560.00"
2019-12-16,2019121601005967,ALBSL,18,18,100,454.00,"45,400.00"
2019-12-16,2019121601005657,ALBSL,58,45,200,453.00,"90,600.00"
2019-12-16,2019121601006102,ALICL,33,28,"1,000",350.00,"350,000.00"
2019-12-16,2019121601006101,ALICL,51,28,145,351.00,"50,895.00"
2019-12-16,2019121601006100,ALICL,36,28,852,351.00,"299,052.00"
2019-12-16,2019121601005948,ALICL,36,19,148,351.00,"51,948.00"
2019-12-16,2019121601005947,ALICL,28,19,52,351.00,"18,252.00"
2019-12-16,2019121601005802,ALICL,57,25,400,352.00,"140,800.00"
2019-12-16,2019121601005766,ALICL,57,26,98,352.00,"34,496.00"
2019-12-16,2019121601005765,ALICL,46,26,200,352.00,"70,400.00"
2019-12-16,2019121601005762,ALICL,14,55,20,354.00,"7,080.00"
2019-12-16,2019121601005676,ALICL,14,34,63,354.00,"22,302.00"
2019-12-16,2019121601005694,API,52,38,500,109.00,"54,500.00"
2019-12-16,2019121601005693,API,40,38,90,109.00,"9,810.00"
2019-12-16,2019121601005625,API,40,38,410,109.00,"44,690.00"
2019-12-16,2019121601006085,BPCL,26,45,253,353.00,"89,309.00"
2019-12-16,2019121601006084,BPCL,34,45,80,353.00,"28,240.00"
2019-12-16,2019121601006083,BPCL,49,45,200,353.00,"70,600.00"
2019-12-16,2019121601005955,CBBL,49,47,61,793.00,"48,373.00"
2019-12-16,2019121601005954,CBBL,3,47,20,793.00,"15,860.00"
2019-12-16,2019121601005953,CBBL,52,47,50,795.00,"39,750.00"
2019-12-16,2019121601005952,CBBL,33,47,50,795.00,"39,750.00"
2019-12-16,2019121601005951,CBBL,59,47,19,795.00,"15,105.00"
2019-12-16,2019121601006045,CBL,43,19,302,136.00,"41,072.00"
2019-12-16,2019121601005637,CCBL,13,57,113,167.00,"18,871.00"
2019-12-16,2019121601005636,CCBL,13,55,202,167.00,"33,734.00"
2019-12-16,2019121601005635,CCBL,13,34,393,167.00,"65,631.00"
2019-12-16,2019121601005814,CHL,55,44,26,81.00,"2,106.00"
2019-12-16,2019121601006015,CIT,45,32,10,"1,730.00","17,300.00"
2019-12-16,2019121601005875,CZBIL,51,37,10,186.00,"1,860.00"
2019-12-16,2019121601005771,CZBIL,50,45,94,187.00,"17,578.00"
2019-12-16,2019121601006060,DBBL,32,28,"1,700",127.00,"215,900.00"
2019-12-16,2019121601005800,DBBL,45,43,10,129.00,"1,290.00"
2019-12-16,2019121601005708,DBBL,49,26,500,128.00,"64,000.00"
2019-12-16,2019121601006047,DDBL,41,7,10,856.00,"8,560.00"
2019-12-16,2019121601005843,DDBL,10,28,63,862.00,"54,306.00"
2019-12-16,2019121601005664,DHPL,34,29,10,58.00,580.00
2019-12-16,2019121601005630,DHPL,34,29,10,57.00,570.00
2019-12-16,2019121601005670,EBL,1,22,85,568.00,"48,280.00"
2019-12-16,2019121601005669,EBL,40,22,20,568.00,"11,360.00"
2019-12-16,2019121601005668,EBL,6,22,70,569.00,"39,830.00"
2019-12-16,2019121601006035,EIC,43,41,148,264.00,"39,072.00"
2019-12-16,2019121601006034,EIC,43,41,40,264.00,"10,560.00"
2019-12-16,2019121601006007,EIC,6,36,200,265.00,"53,000.00"
2019-12-16,2019121601006006,EIC,34,36,300,265.00,"79,500.00"
2019-12-16,2019121601006005,EIC,51,36,200,265.00,"53,000.00"
2019-12-16,2019121601006004,EIC,34,36,200,265.00,"53,000.00"
2019-12-16,2019121601005900,EIC,34,43,200,265.00,"53,000.00"
2019-12-16,2019121601005620,EIC,34,55,100,265.00,"26,500.00"
2019-12-16,2019121601006043,FMDBL,34,29,100,315.00,"31,500.00"
2019-12-16,2019121601006042,FMDBL,42,29,20,318.00,"6,360.00"
2019-12-16,2019121601005943,FOWAD,32,16,232,"1,353.00","313,896.00"
2019-12-16,2019121601005863,FOWAD,32,40,245,"1,353.00","331,485.00"
2019-12-16,2019121601005680,FOWAD,32,41,23,"1,353.00","31,119.00"
2019-12-16,2019121601005679,FOWAD,59,41,50,"1,354.00","67,700.00"
2019-12-16,2019121601005678,FOWAD,43,41,50,"1,354.00","67,700.00"
2019-12-16,2019121601005677,FOWAD,7,41,30,"1,360.00","40,800.00"
2019-12-16,2019121601005663,FOWAD,49,16,100,"1,369.00","136,900.00"
2019-12-16,2019121601006053,GBBL,32,43,368,200.00,"73,600.00"
2019-12-16,2019121601006044,GBBL,32,53,132,200.00,"26,400.00"
2019-12-16,2019121601005611,GBBL,8,43,200,200.00,"40,000.00"
2019-12-16,2019121601005610,GBBL,45,43,100,200.00,"20,000.00"
2019-12-16,2019121601005609,GBBL,39,43,50,200.00,"10,000.00"
2019-12-16,2019121601005608,GBBL,37,43,400,200.00,"80,000.00"
2019-12-16,2019121601005607,GBBL,56,43,100,200.00,"20,000.00"
2019-12-16,2019121601005606,GBBL,21,49,200,201.00,"40,200.00"
2019-12-16,2019121601005990,GBLBS,44,29,500,313.00,"156,500.00"
2019-12-16,2019121601005972,GBLBS,44,45,65,313.00,"20,345.00"
2019-12-16,2019121601005716,GBLBS,44,51,15,313.00,"4,695.00"
2019-12-16,2019121601005681,GBLBS,49,51,10,314.00,"3,140.00"
2019-12-16,2019121601005622,GBLBS,49,25,10,314.00,"3,140.00"
2019-12-16,2019121601005932,GLBSL,45,18,10,435.00,"4,350.00"
2019-12-16,2019121601005912,GLBSL,45,18,10,435.00,"4,350.00"
2019-12-16,2019121601005742,GLBSL,13,7,300,440.00,"132,000.00"
2019-12-16,2019121601005741,GLBSL,1,7,10,440.00,"4,400.00"
2019-12-16,2019121601006055,GLICL,39,57,350,430.00,"150,500.00"
2019-12-16,2019121601006054,GLICL,58,57,150,430.00,"64,500.00"
2019-12-16,2019121601005994,GLICL,41,25,20,431.00,"8,620.00"
2019-12-16,2019121601005895,GLICL,6,25,30,431.00,"12,930.00"
2019-12-16,2019121601005868,GLICL,58,38,350,430.00,"150,500.00"
2019-12-16,2019121601005867,GLICL,50,38,50,430.00,"21,500.00"
2019-12-16,2019121601005866,GLICL,10,38,250,430.00,"107,500.00"
2019-12-16,2019121601005865,GLICL,33,38,350,431.00,"150,850.00"
2019-12-16,2019121601005861,GLICL,10,25,20,435.00,"8,700.00"
2019-12-16,2019121601005813,GLICL,33,25,300,431.00,"129,300.00"
2019-12-16,2019121601005810,GRDBL,36,43,110,103.00,"11,330.00"
2019-12-16,2019121601005809,GRDBL,34,43,380,103.00,"39,140.00"
2019-12-16,2019121601005779,GRDBL,1,43,"1,000",104.00,"104,000.00"
2019-12-16,2019121601005778,GRDBL,21,43,330,104.00,"34,320.00"
2019-12-16,2019121601005627,GUFL,7,34,90,110.00,"9,900.00"
2019-12-16,2019121601006087,HDL,58,48,105,"1,251.00","131,355.00"
2019-12-16,2019121601006002,HDL,58,57,10,"1,251.00","12,510.00"
2019-12-16,2019121601005966,HDL,58,37,200,"1,251.00","250,200.00"
2019-12-16,2019121601005709,HDL,58,57,40,"1,251.00","50,040.00"
2019-12-16,2019121601006016,HGI,57,21,100,286.00,"28,600.00"
2019-12-16,2019121601005998,HGI,3,25,100,285.00,"28,500.00"
2019-12-16,2019121601005783,HGI,3,20,88,285.00,"25,080.00"
2019-12-16,2019121601005782,HGI,19,20,300,285.00,"85,500.00"
2019-12-16,2019121601005781,HGI,7,20,112,286.00,"32,032.00"
2019-12-16,2019121601005699,HGI,7,22,278,286.00,"79,508.00"
2019-12-16,2019121601005849,HIDCL,4,53,701,133.00,"93,233.00"
2019-12-16,2019121601005848,HIDCL,8,53,299,133.00,"39,767.00"
2019-12-16,2019121601006074,HPPL,22,5,30,143.00,"4,290.00"
2019-12-16,2019121601005887,HURJA,7,37,20,105.00,"2,100.00"
2019-12-16,2019121601005857,HURJA,7,57,200,105.00,"21,000.00"
2019-12-16,2019121601005980,IGI,7,32,141,301.00,"42,441.00"
2019-12-16,2019121601005979,IGI,40,32,33,301.00,"9,933.00"
2019-12-16,2019121601005978,IGI,22,32,100,301.00,"30,100.00"
2019-12-16,2019121601005977,IGI,55,32,100,301.00,"30,100.00"
2019-12-16,2019121601005976,IGI,43,32,126,301.00,"37,926.00"
2019-12-16,2019121601005891,ILBS,55,22,29,564.00,"16,356.00"
2019-12-16,2019121601005837,ILBS,33,22,11,564.00,"6,204.00"
2019-12-16,2019121601005836,ILBS,39,22,10,564.00,"5,640.00"
2019-12-16,2019121601005835,ILBS,39,7,10,564.00,"5,640.00"
2019-12-16,2019121601005784,ILBS,5,7,40,564.00,"22,560.00"
2019-12-16,2019121601005812,JBBL,8,48,500,167.00,"83,500.00"
2019-12-16,2019121601006061,KBL,25,11,547,182.00,"99,554.00"
2019-12-16,2019121601006024,KBL,25,11,477,182.00,"86,814.00"
2019-12-16,2019121601006023,KBL,45,11,138,182.00,"25,116.00"
2019-12-16,2019121601006022,KBL,4,11,105,182.00,"19,110.00"
2019-12-16,2019121601006021,KBL,4,11,85,182.00,"15,470.00"
2019-12-16,2019121601006020,KBL,4,11,85,182.00,"15,470.00"
2019-12-16,2019121601006019,KBL,35,11,300,182.00,"54,600.00"
2019-12-16,2019121601006018,KBL,18,11,210,182.00,"38,220.00"
2019-12-16,2019121601006017,KBL,25,11,600,182.00,"109,200.00"
2019-12-16,2019121601005727,KBL,25,4,200,182.00,"36,400.00"
2019-12-16,2019121601005733,KPCL,32,48,10,81.00,810.00
2019-12-16,2019121601005721,KPCL,55,56,10,82.00,820.00
2019-12-16,2019121601006071,LBBL,6,4,24,188.00,"4,512.00"
2019-12-16,2019121601006070,LBBL,46,4,"1,000",188.00,"188,000.00"
2019-12-16,2019121601006069,LBBL,52,4,200,188.00,"37,600.00"
2019-12-16,2019121601006068,LBBL,21,4,50,188.00,"9,400.00"
2019-12-16,2019121601006067,LBBL,13,4,100,188.00,"18,800.00"
2019-12-16,2019121601006066,LBBL,14,4,50,188.00,"9,400.00"
2019-12-16,2019121601006065,LBBL,21,4,300,188.00,"56,400.00"
2019-12-16,2019121601006064,LBBL,38,4,"2,000",188.00,"376,000.00"
2019-12-16,2019121601006063,LBBL,16,4,"1,000",188.00,"188,000.00"
2019-12-16,2019121601006062,LBBL,39,4,276,188.00,"51,888.00"
2019-12-16,2019121601006082,LBL,48,26,109,194.00,"21,146.00"
2019-12-16,2019121601006081,LBL,47,26,34,194.00,"6,596.00"
2019-12-16,2019121601006080,LBL,40,26,161,194.00,"31,234.00"
2019-12-16,2019121601006079,LBL,34,26,10,194.00,"1,940.00"
2019-12-16,2019121601006041,LBL,13,26,100,195.00,"19,500.00"
2019-12-16,2019121601006040,LBL,57,26,100,195.00,"19,500.00"
2019-12-16,2019121601006039,LBL,14,26,100,195.00,"19,500.00"
2019-12-16,2019121601006038,LBL,16,26,66,195.00,"12,870.00"
2019-12-16,2019121601006037,LBL,28,26,500,196.00,"98,000.00"
2019-12-16,2019121601006036,LBL,11,26,"1,000",196.00,"196,000.00"
2019-12-16,2019121601005899,LGIL,4,16,186,329.00,"61,194.00"
2019-12-16,2019121601005898,LGIL,40,16,50,329.00,"16,450.00"
2019-12-16,2019121601005897,LGIL,56,16,100,329.00,"32,900.00"
2019-12-16,2019121601005896,LGIL,34,16,164,330.00,"54,120.00"
2019-12-16,2019121601005833,LGIL,59,21,100,330.00,"33,000.00"
2019-12-16,2019121601005832,LGIL,45,21,35,330.00,"11,550.00"
2019-12-16,2019121601005811,LGIL,57,21,50,331.00,"16,550.00"
2019-12-16,2019121601005757,LGIL,57,38,450,331.00,"148,950.00"
2019-12-16,2019121601005970,LICN,42,54,60,"1,000.00","60,000.00"
2019-12-16,2019121601005969,LICN,38,54,30,"1,002.00","30,060.00"
2019-12-16,2019121601005968,LICN,14,54,58,"1,002.00","58,116.00"
2019-12-16,2019121601005914,LICN,14,35,30,"1,002.00","30,060.00"
2019-12-16,2019121601005913,LICN,26,35,50,"1,005.00","50,250.00"
2019-12-16,2019121601005860,LICN,54,44,69,"1,018.00","70,242.00"
2019-12-16,2019121601005613,MBL,41,49,"1,000",221.00,"221,000.00"
2019-12-16,2019121601006094,MEGA,1,34,333,186.00,"61,938.00"
2019-12-16,2019121601006093,MEGA,40,34,500,186.00,"93,000.00"
2019-12-16,2019121601006092,MEGA,52,34,"1,398",186.00,"260,028.00"
2019-12-16,2019121601006027,MEGA,52,28,602,186.00,"111,972.00"
2019-12-16,2019121601006026,MEGA,34,28,25,186.00,"4,650.00"
2019-12-16,2019121601006025,MEGA,34,28,355,186.00,"66,030.00"
2019-12-16,2019121601005992,MEGA,43,21,10,188.00,"1,880.00"
2019-12-16,2019121601005756,MEGA,34,22,145,186.00,"26,970.00"
2019-12-16,2019121601005755,MEGA,11,22,25,187.00,"4,675.00"
2019-12-16,2019121601005997,MERO,57,18,50,445.00,"22,250.00"
2019-12-16,2019121601006048,MFIL,17,42,"5,000",131.00,"655,000.00"
2019-12-16,2019121601005985,MHNL,39,6,50,81.00,"4,050.00"
2019-12-16,2019121601005881,MHNL,39,16,10,82.00,820.00
2019-12-16,2019121601005986,MLBBL,50,45,141,528.00,"74,448.00"
2019-12-16,2019121601005905,MLBBL,16,45,200,528.00,"105,600.00"
2019-12-16,2019121601005904,MLBBL,16,45,100,528.00,"52,800.00"
2019-12-16,2019121601005903,MLBBL,40,45,50,528.00,"26,400.00"
2019-12-16,2019121601005902,MLBBL,40,45,50,528.00,"26,400.00"
2019-12-16,2019121601005901,MLBBL,55,45,59,529.00,"31,211.00"
2019-12-16,2019121601005850,MLBL,7,59,10,173.00,"1,730.00"
2019-12-16,2019121601005648,MNBBL,8,22,382,278.00,"106,196.00"
2019-12-16,2019121601005776,MNBBL,38,22,25,276.00,"6,900.00"
2019-12-16,2019121601005653,MNBBL,34,22,100,277.00,"27,700.00"
2019-12-16,2019121601005652,MNBBL,22,22,200,277.00,"55,400.00"
2019-12-16,2019121601005651,MNBBL,46,22,173,277.00,"47,921.00"
2019-12-16,2019121601005650,MNBBL,45,22,20,277.00,"5,540.00"
2019-12-16,2019121601005649,MNBBL,3,22,100,278.00,"27,800.00"
2019-12-16,2019121601005965,MNBBL,42,47,275,276.00,"75,900.00"
2019-12-16,2019121601005964,MNBBL,38,47,325,276.00,"89,700.00"
2019-12-16,2019121601005770,MSLB,33,13,10,908.00,"9,080.00"
2019-12-16,2019121601006008,MSMBS,48,6,10,540.00,"5,400.00"
2019-12-16,2019121601005880,MSMBS,6,21,11,530.00,"5,830.00"
2019-12-16,2019121601005935,NADEP,45,58,73,463.00,"33,799.00"
2019-12-16,2019121601005934,NADEP,11,58,27,463.00,"12,501.00"
2019-12-16,2019121601005933,NADEP,46,58,150,464.00,"69,600.00"
2019-12-16,2019121601006099,NBB,17,45,250,191.00,"47,750.00"
2019-12-16,2019121601005831,NBL,59,57,160,313.00,"50,080.00"
2019-12-16,2019121601005830,NBL,58,57,"1,000",313.00,"313,000.00"
2019-12-16,2019121601005829,NBL,35,57,30,313.00,"9,390.00"
2019-12-16,2019121601005828,NBL,16,57,500,313.00,"156,500.00"
2019-12-16,2019121601005827,NBL,5,57,200,313.00,"62,600.00"
2019-12-16,2019121601005826,NBL,42,57,10,313.00,"3,130.00"
2019-12-16,2019121601005825,NBL,43,57,"1,000",313.00,"313,000.00"
2019-12-16,2019121601005824,NBL,25,57,500,313.00,"156,500.00"
2019-12-16,2019121601005823,NBL,22,57,200,313.00,"62,600.00"
2019-12-16,2019121601005822,NBL,59,57,500,313.00,"156,500.00"
2019-12-16,2019121601005821,NBL,1,57,400,313.00,"125,200.00"
2019-12-16,2019121601005643,NCCB,16,45,"1,000",202.00,"202,000.00"
2019-12-16,2019121601005642,NCCB,11,45,20,202.00,"4,040.00"
2019-12-16,2019121601005641,NCCB,1,45,500,202.00,"101,000.00"
2019-12-16,2019121601005640,NCCB,46,45,500,202.00,"101,000.00"
2019-12-16,2019121601005639,NCCB,32,45,"2,000",202.00,"404,000.00"
2019-12-16,2019121601005638,NCCB,32,45,500,202.00,"101,000.00"
2019-12-16,2019121601005834,NGPL,38,44,100,110.00,"11,000.00"
2019-12-16,2019121601005839,NHDL,34,39,100,111.00,"11,100.00"
2019-12-16,2019121601005808,NHDL,34,39,180,112.00,"20,160.00"
2019-12-16,2019121601005740,NHPC,21,38,900,52.00,"46,800.00"
2019-12-16,2019121601005739,NHPC,21,58,"1,100",52.00,"57,200.00"
2019-12-16,2019121601005660,NHPC,49,58,50,52.00,"2,600.00"
2019-12-16,2019121601005659,NHPC,44,58,350,52.00,"18,200.00"
2019-12-16,2019121601006086,NICA,28,45,149,415.00,"61,835.00"
2019-12-16,2019121601006046,NICA,28,52,500,415.00,"207,500.00"
2019-12-16,2019121601005726,NICA,58,42,170,414.00,"70,380.00"
2019-12-16,2019121601005725,NICA,51,42,200,414.00,"82,800.00"
2019-12-16,2019121601005724,NICA,50,42,"1,000",414.00,"414,000.00"
2019-12-16,2019121601005723,NICA,17,42,50,414.00,"20,700.00"
2019-12-16,2019121601005632,NICA,11,45,118,415.00,"48,970.00"
2019-12-16,2019121601005671,NICA,51,4,330,415.00,"136,950.00"
2019-12-16,2019121601005658,NICA,51,4,500,415.00,"207,500.00"
2019-12-16,2019121601005656,NICA,51,40,170,415.00,"70,550.00"
2019-12-16,2019121601005655,NICA,20,40,109,415.00,"45,235.00"
2019-12-16,2019121601005634,NICA,20,45,361,415.00,"149,815.00"
2019-12-16,2019121601005633,NICA,58,45,200,415.00,"83,000.00"
2019-12-16,2019121601005722,NICA,16,42,80,415.00,"33,200.00"
2019-12-16,2019121601005711,NICA,16,4,420,415.00,"174,300.00"
2019-12-16,2019121601005710,NICA,16,4,80,415.00,"33,200.00"
2019-12-16,2019121601005674,NICA,16,4,420,415.00,"174,300.00"
2019-12-16,2019121601005673,NICA,45,4,50,415.00,"20,750.00"
2019-12-16,2019121601005672,NICA,38,4,240,415.00,"99,600.00"
2019-12-16,2019121601006073,NIL,33,53,75,407.00,"30,525.00"
2019-12-16,2019121601006072,NIL,38,53,70,407.00,"28,490.00"
2019-12-16,2019121601005749,NIL,47,49,22,406.00,"8,932.00"
2019-12-16,2019121601005748,NIL,1,49,500,407.00,"203,500.00"
2019-12-16,2019121601005747,NIL,34,49,145,407.00,"59,015.00"
2019-12-16,2019121601005746,NIL,34,49,100,407.00,"40,700.00"
2019-12-16,2019121601005745,NIL,16,49,50,408.00,"20,400.00"
2019-12-16,2019121601005744,NIL,51,49,83,409.00,"33,947.00"
2019-12-16,2019121601005743,NIL,21,49,100,410.00,"41,000.00"
2019-12-16,2019121601005629,NLBBL,6,25,169,557.00,"94,133.00"
2019-12-16,2019121601005628,NLBBL,46,25,31,557.00,"17,267.00"
2019-12-16,2019121601005925,NLG,49,35,200,589.00,"117,800.00"
2019-12-16,2019121601005889,NLG,46,25,10,597.00,"5,970.00"
2019-12-16,2019121601006014,NLIC,46,41,20,885.00,"17,700.00"
2019-12-16,2019121601006013,NLIC,13,41,100,885.00,"88,500.00"
2019-12-16,2019121601006012,NLIC,5,41,20,885.00,"17,700.00"
2019-12-16,2019121601006011,NLIC,42,41,100,885.00,"88,500.00"
2019-12-16,2019121601006010,NLIC,42,41,188,885.00,"166,380.00"
2019-12-16,2019121601005987,NLIC,46,41,28,888.00,"24,864.00"
2019-12-16,2019121601005911,NLIC,19,37,86,885.00,"76,110.00"
2019-12-16,2019121601005963,NLIC,42,21,12,885.00,"10,620.00"
2019-12-16,2019121601005962,NLIC,28,21,32,885.00,"28,320.00"
2019-12-16,2019121601005960,NLIC,28,56,18,885.00,"15,930.00"
2019-12-16,2019121601005959,NLIC,35,56,20,885.00,"17,700.00"
2019-12-16,2019121601005958,NLIC,19,56,36,885.00,"31,860.00"
2019-12-16,2019121601005957,NLIC,53,56,50,886.00,"44,300.00"
2019-12-16,2019121601005946,NLICL,44,50,700,469.00,"328,300.00"
2019-12-16,2019121601005799,NLICL,44,40,300,469.00,"140,700.00"
2019-12-16,2019121601005798,NLICL,40,40,200,469.00,"93,800.00"
2019-12-16,2019121601006078,NMB,28,44,500,401.00,"200,500.00"
2019-12-16,2019121601006077,NMB,54,44,500,401.00,"200,500.00"
2019-12-16,2019121601006001,NMB,54,29,500,401.00,"200,500.00"
2019-12-16,2019121601005870,NMB,28,39,200,401.00,"80,200.00"
2019-12-16,2019121601005869,NMB,28,43,40,401.00,"16,040.00"
2019-12-16,2019121601005844,NMB,11,43,500,401.00,"200,500.00"
2019-12-16,2019121601005689,NMB,28,46,500,401.00,"200,500.00"
2019-12-16,2019121601005687,NMB,46,57,206,400.00,"82,400.00"
2019-12-16,2019121601005686,NMB,43,57,200,400.00,"80,000.00"
2019-12-16,2019121601005685,NMB,19,57,100,400.00,"40,000.00"
2019-12-16,2019121601005684,NMB,42,57,50,400.00,"20,000.00"
2019-12-16,2019121601005683,NMB,1,57,94,400.00,"37,600.00"
2019-12-16,2019121601005807,NMB,43,43,50,401.00,"20,050.00"
2019-12-16,2019121601005803,NMB,40,43,310,401.00,"124,310.00"
2019-12-16,2019121601005763,NMB,19,43,100,401.00,"40,100.00"
2019-12-16,2019121601005692,NMB,28,26,353,401.00,"141,553.00"
2019-12-16,2019121601005691,NMB,28,21,60,401.00,"24,060.00"
2019-12-16,2019121601005690,NMB,28,14,173,401.00,"69,373.00"
2019-12-16,2019121601005858,NMBHF1,43,38,"2,500",8.72,"21,800.00"
2019-12-16,2019121601005707,NMFBS,33,10,10,"1,249.00","12,490.00"
2019-12-16,2019121601005706,NMFBS,33,32,30,"1,220.00","36,600.00"
2019-12-16,2019121601005705,NMFBS,33,47,15,"1,219.00","18,285.00"
2019-12-16,2019121601005988,NNLB,17,21,15,597.00,"8,955.00"
2019-12-16,2019121601005942,NNLB,55,1,226,602.00,"136,052.00"
2019-12-16,2019121601006031,NTC,28,47,30,638.00,"19,140.00"
2019-12-16,2019121601006030,NTC,26,47,20,639.00,"12,780.00"
2019-12-16,2019121601006029,NTC,59,47,90,639.00,"57,510.00"
2019-12-16,2019121601005666,NTC,59,45,10,639.00,"6,390.00"
2019-12-16,2019121601006052,PCBL,43,47,748,279.00,"208,692.00"
2019-12-16,2019121601006051,PCBL,51,47,50,279.00,"13,950.00"
2019-12-16,2019121601006050,PCBL,34,47,40,279.00,"11,160.00"
2019-12-16,2019121601006049,PCBL,28,47,222,279.00,"61,938.00"
2019-12-16,2019121601006033,PCBL,28,34,111,279.00,"30,969.00"
2019-12-16,2019121601005996,PIC,26,36,84,403.00,"33,852.00"
2019-12-16,2019121601005882,PIC,26,56,16,403.00,"6,448.00"
2019-12-16,2019121601005795,PICL,52,47,151,406.00,"61,306.00"
2019-12-16,2019121601005794,PICL,57,47,100,406.00,"40,600.00"
2019-12-16,2019121601005793,PICL,58,47,200,407.00,"81,400.00"
2019-12-16,2019121601005792,PICL,58,47,241,407.00,"98,087.00"
2019-12-16,2019121601005791,PICL,56,47,200,408.00,"81,600.00"
2019-12-16,2019121601005790,PICL,26,47,571,408.00,"232,968.00"
2019-12-16,2019121601006059,PLIC,58,29,740,341.00,"252,340.00"
2019-12-16,2019121601006058,PLIC,34,29,10,341.00,"3,410.00"
2019-12-16,2019121601006057,PLIC,34,29,50,341.00,"17,050.00"
2019-12-16,2019121601006056,PLIC,34,29,200,342.00,"68,400.00"
2019-12-16,2019121601005769,PLIC,10,45,29,342.00,"9,918.00"
2019-12-16,2019121601005675,PLIC,13,45,300,342.00,"102,600.00"
2019-12-16,2019121601005646,PLIC,16,36,200,342.00,"68,400.00"
2019-12-16,2019121601005645,PLIC,10,36,100,342.00,"34,200.00"
2019-12-16,2019121601005644,PLIC,25,36,100,342.00,"34,200.00"
2019-12-16,2019121601005612,PPCL,41,18,30,105.00,"3,150.00"
2019-12-16,2019121601005842,PRIN,37,36,141,330.00,"46,530.00"
2019-12-16,2019121601005841,PRIN,34,36,10,330.00,"3,300.00"
2019-12-16,2019121601005840,PRIN,59,36,10,331.00,"3,310.00"
2019-12-16,2019121601006091,PRVU,32,44,500,227.00,"113,500.00"
2019-12-16,2019121601006090,PRVU,32,34,200,227.00,"45,400.00"
2019-12-16,2019121601006089,PRVU,32,57,402,227.00,"91,254.00"
2019-12-16,2019121601006076,PRVU,37,47,419,226.00,"94,694.00"
2019-12-16,2019121601006075,PRVU,46,47,121,226.00,"27,346.00"
2019-12-16,2019121601005888,PRVU,53,57,30,227.00,"6,810.00"
2019-12-16,2019121601005855,PRVU,38,57,68,227.00,"15,436.00"
2019-12-16,2019121601005697,PRVU,46,45,604,226.00,"136,504.00"
2019-12-16,2019121601005993,RADHI,22,57,11,141.00,"1,551.00"
2019-12-16,2019121601005975,RADHI,22,57,12,141.00,"1,692.00"
2019-12-16,2019121601005930,RADHI,22,57,11,141.00,"1,551.00"
2019-12-16,2019121601005871,RADHI,22,57,11,141.00,"1,551.00"
2019-12-16,2019121601005859,RADHI,14,57,12,141.00,"1,692.00"
2019-12-16,2019121601005876,RBCL,49,7,10,"8,455.00","84,550.00"
2019-12-16,2019121601005856,RBCL,36,6,10,"8,456.00","84,560.00"
2019-12-16,2019121601005846,RBCL,36,33,10,"8,456.00","84,560.00"
2019-12-16,2019121601005626,RBCL,36,50,10,"8,456.00","84,560.00"
2019-12-16,2019121601005886,RHPC,45,48,59,72.00,"4,248.00"
2019-12-16,2019121601005885,RHPC,45,44,15,72.00,"1,080.00"
2019-12-16,2019121601005884,RHPC,45,46,12,72.00,864.00
2019-12-16,2019121601005883,RHPC,45,40,14,72.00,"1,008.00"
2019-12-16,2019121601005924,RHPL,54,37,40,172.00,"6,880.00"
2019-12-16,2019121601005751,RHPL,54,48,40,172.00,"6,880.00"
2019-12-16,2019121601005728,RHPL,33,55,40,173.00,"6,920.00"
2019-12-16,2019121601005929,RMDC,34,29,80,611.00,"48,880.00"
2019-12-16,2019121601005928,RMDC,34,29,100,612.00,"61,200.00"
2019-12-16,2019121601005927,RMDC,17,29,50,612.00,"30,600.00"
2019-12-16,2019121601005926,RMDC,13,29,23,613.00,"14,099.00"
2019-12-16,2019121601005874,RMDC,44,29,200,615.00,"123,000.00"
2019-12-16,2019121601005873,RMDC,45,29,32,615.00,"19,680.00"
2019-12-16,2019121601005872,RMDC,8,29,10,616.00,"6,160.00"
2019-12-16,2019121601005853,RRHP,47,48,10,95.00,950.00
2019-12-16,2019121601005777,RRHP,47,48,10,95.00,950.00
2019-12-16,2019121601006009,RSDC,37,57,100,314.00,"31,400.00"
2019-12-16,2019121601005995,RSDC,6,57,48,315.00,"15,120.00"
2019-12-16,2019121601005945,RSDC,6,37,13,315.00,"4,095.00"
2019-12-16,2019121601005845,RSDC,39,49,192,318.00,"61,056.00"
2019-12-16,2019121601005772,RSDC,57,49,40,318.00,"12,720.00"
2019-12-16,2019121601006000,SABSL,46,7,100,542.00,"54,200.00"
2019-12-16,2019121601005999,SABSL,56,7,30,542.00,"16,260.00"
2019-12-16,2019121601005854,SABSL,56,18,10,542.00,"5,420.00"
2019-12-16,2019121601005750,SABSL,56,18,10,542.00,"5,420.00"
2019-12-16,2019121601005621,SABSL,56,34,10,545.00,"5,450.00"
2019-12-16,2019121601005758,SANIMA,26,45,500,313.00,"156,500.00"
2019-12-16,2019121601005738,SANIMA,26,42,320,313.00,"100,160.00"
2019-12-16,2019121601005737,SANIMA,6,42,10,313.00,"3,130.00"
2019-12-16,2019121601006103,SBL,45,47,100,290.00,"29,000.00"
2019-12-16,2019121601005941,SHINE,57,4,10,235.00,"2,350.00"
2019-12-16,2019121601005619,SHINE,57,33,36,232.00,"8,352.00"
2019-12-16,2019121601005618,SHINE,6,33,"1,000",233.00,"233,000.00"
2019-12-16,2019121601005617,SHINE,41,33,30,233.00,"6,990.00"
2019-12-16,2019121601005616,SHINE,34,33,300,233.00,"69,900.00"
2019-12-16,2019121601005615,SHINE,51,33,200,233.00,"46,600.00"
2019-12-16,2019121601005614,SHINE,56,33,500,233.00,"116,500.00"
2019-12-16,2019121601006098,SHIVM,40,19,147,354.00,"52,038.00"
2019-12-16,2019121601006097,SHIVM,45,19,10,354.00,"3,540.00"
2019-12-16,2019121601006096,SHIVM,47,19,23,354.00,"8,142.00"
2019-12-16,2019121601006095,SHIVM,3,19,20,355.00,"7,100.00"
2019-12-16,2019121601005797,SHIVM,47,48,"1,077",354.00,"381,258.00"
2019-12-16,2019121601005796,SHIVM,10,48,50,355.00,"17,750.00"
2019-12-16,2019121601005623,SHIVM,54,48,50,356.00,"17,800.00"
2019-12-16,2019121601006088,SHL,7,25,250,185.00,"46,250.00"
2019-12-16,2019121601005910,SHPC,50,6,"1,000",191.00,"191,000.00"
2019-12-16,2019121601005909,SHPC,28,6,"1,000",191.00,"191,000.00"
2019-12-16,2019121601005908,SHPC,53,6,100,192.00,"19,200.00"
2019-12-16,2019121601005907,SHPC,55,6,500,192.00,"96,000.00"
2019-12-16,2019121601005906,SHPC,34,6,200,192.00,"38,400.00"
2019-12-16,2019121601005989,SIC,34,25,60,502.00,"30,120.00"
2019-12-16,2019121601005981,SIL,47,50,139,405.00,"56,295.00"
2019-12-16,2019121601005944,SIL,47,28,850,405.00,"344,250.00"
2019-12-16,2019121601005879,SIL,47,1,283,405.00,"114,615.00"
2019-12-16,2019121601005878,SIL,38,1,100,405.00,"40,500.00"
2019-12-16,2019121601005877,SIL,46,1,17,405.00,"6,885.00"
2019-12-16,2019121601005773,SIL,46,45,162,405.00,"65,610.00"
2019-12-16,2019121601005730,SIL,46,38,21,405.00,"8,505.00"
2019-12-16,2019121601005729,SIL,44,38,29,405.00,"11,745.00"
2019-12-16,2019121601005667,SJCL,49,38,10,159.00,"1,590.00"
2019-12-16,2019121601005661,SJCL,49,38,10,159.00,"1,590.00"
2019-12-16,2019121601005647,SJCL,49,38,10,159.00,"1,590.00"
2019-12-16,2019121601005631,SJCL,49,38,10,159.00,"1,590.00"
2019-12-16,2019121601005624,SJCL,49,38,10,159.00,"1,590.00"
2019-12-16,2019121601005754,SJCL,39,16,50,159.00,"7,950.00"
2019-12-16,2019121601005753,SJCL,57,16,100,159.00,"15,900.00"
2019-12-16,2019121601005752,SJCL,49,16,10,159.00,"1,590.00"
2019-12-16,2019121601005698,SJCL,49,38,10,159.00,"1,590.00"
2019-12-16,2019121601005695,SJCL,49,38,10,159.00,"1,590.00"
2019-12-16,2019121601005682,SJCL,49,38,10,159.00,"1,590.00"
2019-12-16,2019121601005956,SJCL,39,37,20,159.00,"3,180.00"
2019-12-16,2019121601005862,SJCL,39,41,12,159.00,"1,908.00"
2019-12-16,2019121601005767,SJCL,39,48,20,159.00,"3,180.00"
2019-12-16,2019121601005991,SKBBL,17,47,48,972.00,"46,656.00"
2019-12-16,2019121601005931,SKBBL,33,47,152,973.00,"147,896.00"
2019-12-16,2019121601005923,SKBBL,33,52,51,973.00,"49,623.00"
2019-12-16,2019121601005788,SKBBL,33,43,165,973.00,"160,545.00"
2019-12-16,2019121601005787,SKBBL,41,43,100,974.00,"97,400.00"
2019-12-16,2019121601005786,SKBBL,14,43,35,975.00,"34,125.00"
2019-12-16,2019121601005971,SLICL,40,34,100,289.00,"28,900.00"
2019-12-16,2019121601005780,SLICL,45,25,80,290.00,"23,200.00"
2019-12-16,2019121601005973,SMATA,3,37,19,560.00,"10,640.00"
2019-12-16,2019121601005764,SMB,49,45,40,525.00,"21,000.00"
2019-12-16,2019121601005820,SMFBS,28,34,30,893.00,"26,790.00"
2019-12-16,2019121601005819,SMFBS,34,34,"1,500",893.00,"1,339,500.00"
2019-12-16,2019121601005818,SMFBS,57,34,40,894.00,"35,760.00"
2019-12-16,2019121601005817,SMFBS,6,34,100,900.00,"90,000.00"
2019-12-16,2019121601005816,SMFBS,28,34,10,900.00,"9,000.00"
2019-12-16,2019121601005801,SMFBS,57,45,100,902.00,"90,200.00"
2019-12-16,2019121601005665,SMFBS,34,1,10,904.00,"9,040.00"
2019-12-16,2019121601005605,SMFDB,52,52,71,640.00,"45,440.00"
2019-12-16,2019121601005864,SPARS,55,50,55,582.00,"32,010.00"
2019-12-16,2019121601005732,SRBL,35,14,889,217.00,"192,913.00"
2019-12-16,2019121601005731,SRBL,51,14,111,217.00,"24,087.00"
2019-12-16,2019121601005894,STC,28,17,44,"1,550.00","68,200.00"
2019-12-16,2019121601005893,STC,28,21,126,"1,550.00","195,300.00"
2019-12-16,2019121601005892,STC,28,56,30,"1,549.00","46,470.00"
2019-12-16,2019121601005949,SWBBL,55,4,112,"1,030.00","115,360.00"
2019-12-16,2019121601005940,SWBBL,22,4,200,"1,031.00","206,200.00"
2019-12-16,2019121601005939,SWBBL,55,4,188,"1,031.00","193,828.00"
2019-12-16,2019121601005938,SWBBL,55,22,12,"1,031.00","12,372.00"
2019-12-16,2019121601005937,SWBBL,46,22,100,"1,031.00","103,100.00"
2019-12-16,2019121601005936,SWBBL,47,22,200,"1,032.00","206,400.00"
2019-12-16,2019121601005696,SWBBL,44,47,500,"1,036.00","518,000.00"
2019-12-16,2019121601005688,SWBBL,36,55,90,"1,037.00","93,330.00"
2019-12-16,2019121601005662,SWBBL,44,4,338,"1,036.00","350,168.00"
2019-12-16,2019121601005654,SWBBL,39,55,10,"1,037.00","10,370.00"
2019-12-16,2019121601005604,SWBBL,39,34,100,"1,037.00","103,700.00"
2019-12-16,2019121601005717,SWBBL,6,6,10,"1,035.00","10,350.00"
2019-12-16,2019121601005704,SWBBL,25,10,50,"1,036.00","51,800.00"
2019-12-16,2019121601005703,SWBBL,32,10,50,"1,036.00","51,800.00"
2019-12-16,2019121601005702,SWBBL,47,10,500,"1,036.00","518,000.00"
2019-12-16,2019121601005701,SWBBL,42,10,10,"1,036.00","10,360.00"
2019-12-16,2019121601005700,SWBBL,44,10,149,"1,036.00","154,364.00"
2019-12-16,2019121601005852,SWBBL,36,22,200,"1,033.00","206,600.00"
2019-12-16,2019121601005785,SWBBL,39,1,174,"1,035.00","180,090.00"
2019-12-16,2019121601005736,SWBBL,39,6,26,"1,035.00","26,910.00"
2019-12-16,2019121601005735,SWBBL,33,6,174,"1,035.00","180,090.00"
2019-12-16,2019121601005734,SWBBL,33,10,36,"1,035.00","37,260.00"
2019-12-16,2019121601005718,SWBBL,33,6,290,"1,035.00","300,150.00"
2019-12-16,2019121601005984,UIC,49,52,880,285.00,"250,800.00"
2019-12-16,2019121601005983,UIC,42,52,100,285.00,"28,500.00"
2019-12-16,2019121601005982,UIC,43,52,30,285.00,"8,550.00"
2019-12-16,2019121601005922,UPCL,42,21,100,73.00,"7,300.00"
2019-12-16,2019121601005921,UPCL,42,47,100,73.00,"7,300.00"
2019-12-16,2019121601005920,UPCL,42,47,100,73.00,"7,300.00"
2019-12-16,2019121601005919,UPCL,42,58,400,73.00,"29,200.00"
2019-12-16,2019121601005918,UPCL,42,47,100,73.00,"7,300.00"
2019-12-16,2019121601005917,UPCL,42,47,100,73.00,"7,300.00"
2019-12-16,2019121601005916,UPCL,42,47,100,73.00,"7,300.00"
2019-12-16,2019121601005915,UPCL,42,47,50,73.00,"3,650.00"
2019-12-16,2019121601005720,UPCL,17,16,55,72.00,"3,960.00"
2019-12-16,2019121601005719,UPCL,43,16,45,72.00,"3,240.00"
2019-12-16,2019121601006028,UPPER,45,48,100,235.00,"23,500.00"
2019-12-16,2019121601005715,UPPER,43,25,120,234.00,"28,080.00"
2019-12-16,2019121601005714,UPPER,55,25,500,234.00,"117,000.00"
2019-12-16,2019121601005713,UPPER,52,25,280,234.00,"65,520.00"
2019-12-16,2019121601005950,UPPER,7,48,300,235.00,"70,500.00"
2019-12-16,2019121601005890,UPPER,49,45,31,234.00,"7,254.00"
2019-12-16,2019121601005838,UPPER,49,41,30,234.00,"7,020.00"
2019-12-16,2019121601005789,UPPER,49,41,40,234.00,"9,360.00"
2019-12-16,2019121601005760,UPPER,49,25,11,234.00,"2,574.00"
2019-12-16,2019121601005759,UPPER,43,25,180,234.00,"42,120.00"
2019-12-16,2019121601005768,VLBS,50,22,31,659.00,"20,429.00"
2019-12-16,2019121601005761,VLBS,6,38,10,668.00,"6,680.00"
2019-12-16,2019121601005281,ADBL,19,36,100,407.00,"40,700.00"
2019-12-16,2019121601005280,ADBL,41,36,50,407.00,"20,350.00"
2019-12-16,2019121601005247,ADBL,21,21,100,407.00,"40,700.00"
2019-12-16,2019121601005196,ADBL,47,48,50,407.00,"20,350.00"
2019-12-16,2019121601005151,ADBL,29,40,50,408.00,"20,400.00"
2019-12-16,2019121601005536,AHPC,25,45,140,97.00,"13,580.00"
2019-12-16,2019121601005535,AHPC,28,45,100,97.00,"9,700.00"
2019-12-16,2019121601005534,AHPC,26,45,100,97.00,"9,700.00"
2019-12-16,2019121601005533,AHPC,39,45,110,97.00,"10,670.00"
2019-12-16,2019121601005284,AKPL,26,21,10,128.00,"1,280.00"
2019-12-16,2019121601005221,AKPL,26,25,40,128.00,"5,120.00"
2019-12-16,2019121601005152,AKPL,45,10,173,126.00,"21,798.00"
2019-12-16,2019121601005574,ALBSL,58,25,80,453.00,"36,240.00"
2019-12-16,2019121601005555,ALICL,14,45,250,354.00,"88,500.00"
2019-12-16,2019121601005544,ALICL,14,57,167,354.00,"59,118.00"
2019-12-16,2019121601005366,ALICL,14,41,200,354.00,"70,800.00"
2019-12-16,2019121601005259,ALICL,17,41,100,355.00,"35,500.00"
2019-12-16,2019121601005253,ALICL,17,21,900,355.00,"319,500.00"
2019-12-16,2019121601005252,ALICL,51,21,100,356.00,"35,600.00"
2019-12-16,2019121601005126,ALICL,42,6,10,356.00,"3,560.00"
2019-12-16,2019121601005125,ALICL,46,6,10,357.00,"3,570.00"
2019-12-16,2019121601005124,ALICL,52,6,120,358.00,"42,960.00"
2019-12-16,2019121601005123,ALICL,51,6,21,359.00,"7,539.00"
2019-12-16,2019121601005405,API,25,58,100,110.00,"11,000.00"
2019-12-16,2019121601005371,API,40,38,400,109.00,"43,600.00"
2019-12-16,2019121601005276,API,25,38,100,109.00,"10,900.00"
2019-12-16,2019121601005110,BOKL,51,1,81,217.00,"17,577.00"
2019-12-16,2019121601005109,BOKL,21,1,142,217.00,"30,814.00"
2019-12-16,2019121601005188,BPCL,49,57,12,352.00,"4,224.00"
2019-12-16,2019121601005515,CBBL,59,51,31,795.00,"24,645.00"
2019-12-16,2019121601005514,CBBL,49,51,10,795.00,"7,950.00"
2019-12-16,2019121601005173,CBL,17,11,100,137.00,"13,700.00"
2019-12-16,2019121601005590,CEFL,4,38,150,103.00,"15,450.00"
2019-12-16,2019121601005589,CEFL,4,39,70,102.00,"7,140.00"
2019-12-16,2019121601005588,CEFL,4,38,200,102.00,"20,400.00"
2019-12-16,2019121601005603,CHCL,13,57,100,360.00,"36,000.00"
2019-12-16,2019121601005602,CHCL,52,57,100,360.00,"36,000.00"
2019-12-16,2019121601005119,CHCL,22,45,300,362.00,"108,600.00"
2019-12-16,2019121601005527,CIT,29,45,70,"1,735.00","121,450.00"
2019-12-16,2019121601005449,CIT,29,26,30,"1,735.00","52,050.00"
2019-12-16,2019121601005577,CZBIL,50,45,337,187.00,"63,019.00"
2019-12-16,2019121601005565,CZBIL,50,4,163,187.00,"30,481.00"
2019-12-16,2019121601005564,CZBIL,16,4,12,187.00,"2,244.00"
2019-12-16,2019121601005592,DBBL,6,43,94,129.00,"12,126.00"
2019-12-16,2019121601005443,DBBL,6,3,106,129.00,"13,674.00"
2019-12-16,2019121601005442,DBBL,57,3,220,129.00,"28,380.00"
2019-12-16,2019121601005169,DBBL,57,47,150,129.00,"19,350.00"
2019-12-16,2019121601005456,DDBL,17,28,26,863.00,"22,438.00"
2019-12-16,2019121601005376,DDBL,32,50,100,856.00,"85,600.00"
2019-12-16,2019121601005375,DDBL,41,50,200,856.00,"171,200.00"
2019-12-16,2019121601005374,DDBL,6,50,50,856.00,"42,800.00"
2019-12-16,2019121601005373,DDBL,45,50,200,857.00,"171,400.00"
2019-12-16,2019121601005372,DDBL,21,50,116,858.00,"99,528.00"
2019-12-16,2019121601005199,DDBL,29,57,20,860.00,"17,200.00"
2019-12-16,2019121601005598,DHPL,47,29,10,56.00,560.00
2019-12-16,2019121601005597,DHPL,47,26,10,55.00,550.00
2019-12-16,2019121601005596,DHPL,47,50,10,54.00,540.00
2019-12-16,2019121601005595,DHPL,47,16,10,54.00,540.00
2019-12-16,2019121601005170,EBL,14,22,100,569.00,"56,900.00"
2019-12-16,2019121601005219,EBL,44,25,"1,000",569.00,"569,000.00"
2019-12-16,2019121601005218,EBL,56,25,300,569.00,"170,700.00"
2019-12-16,2019121601005217,EBL,14,25,311,569.00,"176,959.00"
2019-12-16,2019121601005580,EDBL,42,50,13,288.00,"3,744.00"
2019-12-16,2019121601005579,EDBL,52,50,100,288.00,"28,800.00"
2019-12-16,2019121601005578,EDBL,43,50,387,288.00,"111,456.00"
2019-12-16,2019121601005480,EIC,41,41,350,269.00,"94,150.00"
2019-12-16,2019121601005340,EIC,42,41,100,269.00,"26,900.00"
2019-12-16,2019121601005289,EIC,28,41,782,266.00,"208,012.00"
2019-12-16,2019121601005288,EIC,45,41,500,266.00,"133,000.00"
2019-12-16,2019121601005287,EIC,59,41,100,267.00,"26,700.00"
2019-12-16,2019121601005599,FMDBL,57,57,200,314.00,"62,800.00"
2019-12-16,2019121601005400,FMDBL,37,29,50,315.00,"15,750.00"
2019-12-16,2019121601005399,FMDBL,45,29,200,315.00,"63,000.00"
2019-12-16,2019121601005398,FMDBL,49,29,300,315.00,"94,500.00"
2019-12-16,2019121601005397,FMDBL,41,29,50,315.00,"15,750.00"
2019-12-16,2019121601005396,FMDBL,39,29,20,315.00,"6,300.00"
2019-12-16,2019121601005395,FMDBL,21,29,100,316.00,"31,600.00"
2019-12-16,2019121601005394,FMDBL,47,29,100,316.00,"31,600.00"
2019-12-16,2019121601005393,FMDBL,58,29,15,317.00,"4,755.00"
2019-12-16,2019121601005392,FMDBL,45,29,30,317.00,"9,510.00"
2019-12-16,2019121601005467,GBBL,43,43,"1,000",200.00,"200,000.00"
2019-12-16,2019121601005166,GBBL,46,49,79,201.00,"15,879.00"
2019-12-16,2019121601005501,GBLBS,49,55,110,314.00,"34,540.00"
2019-12-16,2019121601005500,GBLBS,7,55,200,314.00,"62,800.00"
2019-12-16,2019121601005448,GBLBS,7,25,100,314.00,"31,400.00"
2019-12-16,2019121601005216,GBLBS,46,33,17,316.00,"5,372.00"
2019-12-16,2019121601005195,GBLBS,44,57,15,313.00,"4,695.00"
2019-12-16,2019121601005440,GGBSL,11,36,70,606.00,"42,420.00"
2019-12-16,2019121601005377,GGBSL,49,36,80,607.00,"48,560.00"
2019-12-16,2019121601005466,GILB,36,50,30,808.00,"24,240.00"
2019-12-16,2019121601005465,GILB,50,50,50,812.00,"40,600.00"
2019-12-16,2019121601005464,GILB,46,50,30,812.00,"24,360.00"
2019-12-16,2019121601005463,GILB,45,50,100,815.00,"81,500.00"
2019-12-16,2019121601005406,GILB,38,35,200,820.00,"164,000.00"
2019-12-16,2019121601005134,GLBSL,43,16,74,447.00,"33,078.00"
2019-12-16,2019121601005275,GLICL,33,21,350,431.00,"150,850.00"
2019-12-16,2019121601005274,GLICL,39,21,150,431.00,"64,650.00"
2019-12-16,2019121601005120,GMFBS,43,13,10,590.00,"5,900.00"
2019-12-16,2019121601005499,HBL,46,44,148,499.00,"73,852.00"
2019-12-16,2019121601005474,HBL,46,44,52,499.00,"25,948.00"
2019-12-16,2019121601005131,HBL,25,5,10,500.00,"5,000.00"
2019-12-16,2019121601005130,HBL,46,5,200,500.00,"100,000.00"
2019-12-16,2019121601005129,HBL,51,5,90,501.00,"45,090.00"
2019-12-16,2019121601005128,HBL,7,5,37,502.00,"18,574.00"
2019-12-16,2019121601005390,HDL,58,58,60,"1,251.00","75,060.00"
2019-12-16,2019121601005389,HDL,58,58,40,"1,252.00","50,080.00"
2019-12-16,2019121601005365,HDL,58,58,60,"1,252.00","75,120.00"
2019-12-16,2019121601005364,HDL,13,58,40,"1,253.00","50,120.00"
2019-12-16,2019121601005302,HDL,13,19,10,"1,253.00","12,530.00"
2019-12-16,2019121601005203,HDL,36,22,50,"1,254.00","62,700.00"
2019-12-16,2019121601005239,HGI,7,40,10,285.00,"2,850.00"
2019-12-16,2019121601005471,HPPL,52,5,170,143.00,"24,310.00"
2019-12-16,2019121601005419,HPPL,22,45,10,145.00,"1,450.00"
2019-12-16,2019121601005551,IGI,43,38,74,301.00,"22,274.00"
2019-12-16,2019121601005385,IGI,7,43,200,302.00,"60,400.00"
2019-12-16,2019121601005384,IGI,56,43,100,302.00,"30,200.00"
2019-12-16,2019121601005532,ILBS,5,32,60,564.00,"33,840.00"
2019-12-16,2019121601005531,ILBS,36,32,70,564.00,"39,480.00"
2019-12-16,2019121601005512,ILBS,36,44,10,564.00,"5,640.00"
2019-12-16,2019121601005509,ILBS,36,18,10,564.00,"5,640.00"
2019-12-16,2019121601005457,ILBS,36,18,10,564.00,"5,640.00"
2019-12-16,2019121601005434,ILBS,36,18,10,564.00,"5,640.00"
2019-12-16,2019121601005155,ILBS,55,18,10,565.00,"5,650.00"
2019-12-16,2019121601005137,ILBS,55,18,10,565.00,"5,650.00"
2019-12-16,2019121601005118,ILBS,55,18,10,565.00,"5,650.00"
2019-12-16,2019121601005208,ILBS,55,18,10,565.00,"5,650.00"
2019-12-16,2019121601005193,ILBS,55,18,10,565.00,"5,650.00"
2019-12-16,2019121601005179,ILBS,55,18,10,565.00,"5,650.00"
2019-12-16,2019121601005176,ILBS,55,18,10,565.00,"5,650.00"
2019-12-16,2019121601005167,ILBS,55,18,10,565.00,"5,650.00"
2019-12-16,2019121601005162,ILBS,55,18,10,565.00,"5,650.00"
2019-12-16,2019121601005291,ILBS,55,18,10,565.00,"5,650.00"
2019-12-16,2019121601005260,ILBS,55,18,10,565.00,"5,650.00"
2019-12-16,2019121601005248,ILBS,55,18,10,565.00,"5,650.00"
2019-12-16,2019121601005236,ILBS,55,18,10,565.00,"5,650.00"
2019-12-16,2019121601005233,ILBS,55,18,10,565.00,"5,650.00"
2019-12-16,2019121601005228,ILBS,55,18,10,565.00,"5,650.00"
2019-12-16,2019121601005359,ILBS,5,10,10,566.00,"5,660.00"
2019-12-16,2019121601005358,ILBS,5,10,10,566.00,"5,660.00"
2019-12-16,2019121601005353,ILBS,55,18,10,565.00,"5,650.00"
2019-12-16,2019121601005333,ILBS,55,18,10,565.00,"5,650.00"
2019-12-16,2019121601005331,ILBS,55,38,20,565.00,"11,300.00"
2019-12-16,2019121601005308,ILBS,55,18,10,565.00,"5,650.00"
2019-12-16,2019121601005416,ILBS,36,18,10,564.00,"5,640.00"
2019-12-16,2019121601005403,ILBS,55,18,10,565.00,"5,650.00"
2019-12-16,2019121601005370,ILBS,55,18,10,565.00,"5,650.00"
2019-12-16,2019121601005362,ILBS,5,10,10,566.00,"5,660.00"
2019-12-16,2019121601005361,ILBS,5,10,10,566.00,"5,660.00"
2019-12-16,2019121601005360,ILBS,5,10,10,566.00,"5,660.00"
2019-12-16,2019121601005246,JBBL,8,19,388,167.00,"64,796.00"
2019-12-16,2019121601005235,JBBL,8,10,90,167.00,"15,030.00"
2019-12-16,2019121601005234,JBBL,6,10,42,167.00,"7,014.00"
2019-12-16,2019121601005211,JBBL,6,57,27,167.00,"4,509.00"
2019-12-16,2019121601005225,JFL,32,17,53,192.00,"10,176.00"
2019-12-16,2019121601005117,JFL,58,17,"1,277",192.00,"245,184.00"
2019-12-16,2019121601005116,JFL,28,17,55,192.00,"10,560.00"
2019-12-16,2019121601005115,JFL,20,17,115,192.00,"22,080.00"
2019-12-16,2019121601005299,JSLBB,10,40,33,"1,230.00","40,590.00"
2019-12-16,2019121601005523,KPCL,32,44,10,81.00,810.00
2019-12-16,2019121601005550,KRBL,57,46,500,100.00,"50,000.00"
2019-12-16,2019121601005258,LBBL,20,36,150,189.00,"28,350.00"
2019-12-16,2019121601005174,LBBL,26,36,500,189.00,"94,500.00"
2019-12-16,2019121601005198,LBL,48,26,50,197.00,"9,850.00"
2019-12-16,2019121601005197,LGIL,45,6,120,330.00,"39,600.00"
2019-12-16,2019121601005149,LGIL,45,38,145,330.00,"47,850.00"
2019-12-16,2019121601005148,LGIL,49,38,"1,000",331.00,"331,000.00"
2019-12-16,2019121601005147,LGIL,28,38,200,331.00,"66,200.00"
2019-12-16,2019121601005146,LGIL,22,38,190,332.00,"63,080.00"
2019-12-16,2019121601005132,LICN,25,17,11,"1,018.00","11,198.00"
2019-12-16,2019121601005586,LVF1,32,48,"10,000",8.89,"88,900.00"
2019-12-16,2019121601005430,MDB,6,49,700,244.00,"170,800.00"
2019-12-16,2019121601005311,MEGA,51,21,10,188.00,"1,880.00"
2019-12-16,2019121601005310,MEGA,51,21,10,188.00,"1,880.00"
2019-12-16,2019121601005309,MEGA,51,21,10,188.00,"1,880.00"
2019-12-16,2019121601005489,MERO,22,46,100,445.00,"44,500.00"
2019-12-16,2019121601005488,MERO,25,46,50,445.00,"22,250.00"
2019-12-16,2019121601005487,MERO,45,46,50,446.00,"22,300.00"
2019-12-16,2019121601005486,MERO,19,46,50,446.00,"22,300.00"
2019-12-16,2019121601005485,MERO,46,46,291,446.00,"129,786.00"
2019-12-16,2019121601005194,MHNL,39,16,20,83.00,"1,660.00"
2019-12-16,2019121601005508,MLBBL,55,17,41,529.00,"21,689.00"
2019-12-16,2019121601005475,MNBBL,17,43,28,279.00,"7,812.00"
2019-12-16,2019121601005445,MNBBL,8,26,50,278.00,"13,900.00"
2019-12-16,2019121601005421,MNBBL,50,43,100,279.00,"27,900.00"
2019-12-16,2019121601005402,MNBBL,45,59,109,279.00,"30,411.00"
2019-12-16,2019121601005401,MNBBL,45,59,58,279.00,"16,182.00"
2019-12-16,2019121601005316,MSLB,33,7,17,900.00,"15,300.00"
2019-12-16,2019121601005238,MSLB,39,32,33,900.00,"29,700.00"
2019-12-16,2019121601005229,MSLB,39,32,200,900.00,"180,000.00"
2019-12-16,2019121601005581,NADEP,46,50,100,464.00,"46,400.00"
2019-12-16,2019121601005506,NADEP,6,49,90,470.00,"42,300.00"
2019-12-16,2019121601005417,NADEP,6,6,10,470.00,"4,700.00"
2019-12-16,2019121601005307,NADEP,6,41,200,471.00,"94,200.00"
2019-12-16,2019121601005378,NBB,32,41,93,191.00,"17,763.00"
2019-12-16,2019121601005206,NBB,32,45,207,191.00,"39,537.00"
2019-12-16,2019121601005178,NBB,7,45,400,191.00,"76,400.00"
2019-12-16,2019121601005136,NBB,21,45,100,191.00,"19,100.00"
2019-12-16,2019121601005587,NBL,8,45,197,313.00,"61,661.00"
2019-12-16,2019121601005429,NBL,45,29,400,314.00,"125,600.00"
2019-12-16,2019121601005327,NBL,8,26,303,313.00,"94,839.00"
2019-12-16,2019121601005326,NBL,20,26,697,313.00,"218,161.00"
2019-12-16,2019121601005279,NBL,20,22,470,313.00,"147,110.00"
2019-12-16,2019121601005520,NCCB,32,5,500,202.00,"101,000.00"
2019-12-16,2019121601005519,NCCB,52,5,"1,000",202.00,"202,000.00"
2019-12-16,2019121601005518,NCCB,46,5,500,202.00,"101,000.00"
2019-12-16,2019121601005165,NCCB,52,36,29,203.00,"5,887.00"
2019-12-16,2019121601005444,NHPC,44,34,650,52.00,"33,800.00"
2019-12-16,2019121601005563,NIB,50,45,250,426.00,"106,500.00"
2019-12-16,2019121601005414,NIB,50,22,84,426.00,"35,784.00"
2019-12-16,2019121601005413,NIB,50,45,300,426.00,"127,800.00"
2019-12-16,2019121601005575,NICA,57,4,460,416.00,"191,360.00"
2019-12-16,2019121601005547,NICA,57,52,40,416.00,"16,640.00"
2019-12-16,2019121601005546,NICA,45,52,10,416.00,"4,160.00"
2019-12-16,2019121601005545,NICA,14,52,450,416.00,"187,200.00"
2019-12-16,2019121601005526,NICA,14,52,50,416.00,"20,800.00"
2019-12-16,2019121601005525,NICA,57,52,50,416.00,"20,800.00"
2019-12-16,2019121601005524,NICA,57,52,400,416.00,"166,400.00"
2019-12-16,2019121601005231,NICA,57,4,100,416.00,"41,600.00"
2019-12-16,2019121601005164,NICA,28,52,300,417.00,"125,100.00"
2019-12-16,2019121601005511,NICL,26,25,77,292.00,"22,484.00"
2019-12-16,2019121601005510,NICL,44,25,23,292.00,"6,716.00"
2019-12-16,2019121601005283,NICL,44,55,177,292.00,"51,684.00"
2019-12-16,2019121601005282,NICL,28,55,89,292.00,"25,988.00"
2019-12-16,2019121601005468,NLBBL,46,33,100,557.00,"55,700.00"
2019-12-16,2019121601005562,NLG,49,38,120,589.00,"70,680.00"
2019-12-16,2019121601005507,NLG,49,26,100,589.00,"58,900.00"
2019-12-16,2019121601005426,NLG,1,40,50,593.00,"29,650.00"
2019-12-16,2019121601005425,NLG,6,40,30,594.00,"17,820.00"
2019-12-16,2019121601005492,NLIC,19,8,378,885.00,"334,530.00"
2019-12-16,2019121601005491,NLIC,58,8,28,885.00,"24,780.00"
2019-12-16,2019121601005470,NLIC,58,51,22,885.00,"19,470.00"
2019-12-16,2019121601005453,NLIC,49,56,200,889.00,"177,800.00"
2019-12-16,2019121601005356,NLIC,35,56,20,887.00,"17,740.00"
2019-12-16,2019121601005355,NLIC,35,56,10,887.00,"8,870.00"
2019-12-16,2019121601005121,NLIC,39,25,25,891.00,"22,275.00"
2019-12-16,2019121601005263,NLIC,7,49,200,890.00,"178,000.00"
2019-12-16,2019121601005262,NLIC,43,49,100,890.00,"89,000.00"
2019-12-16,2019121601005261,NLIC,34,49,96,890.00,"85,440.00"
2019-12-16,2019121601005171,NLIC,26,58,34,891.00,"30,294.00"
2019-12-16,2019121601005161,NLIC,14,58,25,891.00,"22,275.00"
2019-12-16,2019121601005122,NLIC,14,25,75,891.00,"66,825.00"
2019-12-16,2019121601005354,NLIC,35,56,200,887.00,"177,400.00"
2019-12-16,2019121601005306,NLIC,52,4,100,887.00,"88,700.00"
2019-12-16,2019121601005305,NLIC,39,4,50,887.00,"44,350.00"
2019-12-16,2019121601005304,NLIC,33,4,20,888.00,"17,760.00"
2019-12-16,2019121601005303,NLIC,58,4,130,888.00,"115,440.00"
2019-12-16,2019121601005264,NLIC,54,49,50,890.00,"44,500.00"
2019-12-16,2019121601005498,NLICL,47,38,140,475.00,"66,500.00"
2019-12-16,2019121601005497,NLICL,47,25,10,474.00,"4,740.00"
2019-12-16,2019121601005412,NLICL,43,50,50,470.00,"23,500.00"
2019-12-16,2019121601005411,NLICL,50,50,500,470.00,"235,000.00"
2019-12-16,2019121601005410,NLICL,34,50,10,470.00,"4,700.00"
2019-12-16,2019121601005409,NLICL,35,50,100,470.00,"47,000.00"
2019-12-16,2019121601005408,NLICL,44,50,300,472.00,"141,600.00"
2019-12-16,2019121601005339,NLICL,44,26,300,472.00,"141,600.00"
2019-12-16,2019121601005175,NLICL,44,38,400,472.00,"188,800.00"
2019-12-16,2019121601005583,NMB,41,46,100,401.00,"40,100.00"
2019-12-16,2019121601005553,NMB,1,32,106,400.00,"42,400.00"
2019-12-16,2019121601005552,NMB,49,32,194,400.00,"77,600.00"
2019-12-16,2019121601005537,NMB,49,33,135,400.00,"54,000.00"
2019-12-16,2019121601005529,NMB,49,35,100,400.00,"40,000.00"
2019-12-16,2019121601005521,NMB,49,38,60,400.00,"24,000.00"
2019-12-16,2019121601005145,NMB,57,45,141,401.00,"56,541.00"
2019-12-16,2019121601005144,NMB,57,34,133,401.00,"53,333.00"
2019-12-16,2019121601005140,NMB,35,34,30,401.00,"12,030.00"
2019-12-16,2019121601005113,NMB,16,34,60,401.00,"24,060.00"
2019-12-16,2019121601005112,NMB,16,45,94,401.00,"37,694.00"
2019-12-16,2019121601005187,NMB,20,34,350,401.00,"140,350.00"
2019-12-16,2019121601005186,NMB,20,45,197,401.00,"78,997.00"
2019-12-16,2019121601005185,NMB,20,29,384,401.00,"153,984.00"
2019-12-16,2019121601005184,NMB,20,29,379,401.00,"151,979.00"
2019-12-16,2019121601005183,NMB,20,29,384,401.00,"153,984.00"
2019-12-16,2019121601005157,NMB,17,45,200,401.00,"80,200.00"
2019-12-16,2019121601005268,NMB,20,38,162,401.00,"64,962.00"
2019-12-16,2019121601005243,NMB,20,14,838,401.00,"336,038.00"
2019-12-16,2019121601005242,NMB,6,14,100,401.00,"40,100.00"
2019-12-16,2019121601005241,NMB,10,14,50,401.00,"20,050.00"
2019-12-16,2019121601005240,NMB,20,14,12,401.00,"4,812.00"
2019-12-16,2019121601005230,NMB,20,38,294,401.00,"117,894.00"
2019-12-16,2019121601005290,NMB,8,38,200,400.00,"80,000.00"
2019-12-16,2019121601005277,NMB,8,38,200,400.00,"80,000.00"
2019-12-16,2019121601005272,NMB,8,38,38,400.00,"15,200.00"
2019-12-16,2019121601005271,NMB,17,38,50,400.00,"20,000.00"
2019-12-16,2019121601005270,NMB,32,38,200,400.00,"80,000.00"
2019-12-16,2019121601005269,NMB,34,38,50,400.00,"20,000.00"
2019-12-16,2019121601005357,NMB,8,38,60,400.00,"24,000.00"
2019-12-16,2019121601005349,NMB,8,38,60,400.00,"24,000.00"
2019-12-16,2019121601005336,NMB,8,49,152,400.00,"60,800.00"
2019-12-16,2019121601005330,NMB,8,38,80,400.00,"32,000.00"
2019-12-16,2019121601005315,NMB,8,38,60,400.00,"24,000.00"
2019-12-16,2019121601005301,NMB,8,38,85,400.00,"34,000.00"
2019-12-16,2019121601005418,NMB,11,38,60,400.00,"24,000.00"
2019-12-16,2019121601005391,NMB,11,6,130,400.00,"52,000.00"
2019-12-16,2019121601005388,NMB,11,38,54,400.00,"21,600.00"
2019-12-16,2019121601005387,NMB,39,38,21,400.00,"8,400.00"
2019-12-16,2019121601005381,NMB,39,38,19,400.00,"7,600.00"
2019-12-16,2019121601005380,NMB,8,38,65,400.00,"26,000.00"
2019-12-16,2019121601005469,NMB,11,38,200,400.00,"80,000.00"
2019-12-16,2019121601005462,NMB,11,38,60,400.00,"24,000.00"
2019-12-16,2019121601005437,NMB,11,38,61,400.00,"24,400.00"
2019-12-16,2019121601005436,NMB,11,51,75,400.00,"30,000.00"
2019-12-16,2019121601005427,NMB,11,38,60,400.00,"24,000.00"
2019-12-16,2019121601005424,NMB,11,51,150,400.00,"60,000.00"
2019-12-16,2019121601005505,NMB,49,38,61,400.00,"24,400.00"
2019-12-16,2019121601005504,NMB,49,33,450,400.00,"180,000.00"
2019-12-16,2019121601005503,NMB,38,33,"1,000",400.00,"400,000.00"
2019-12-16,2019121601005502,NMB,11,33,50,400.00,"20,000.00"
2019-12-16,2019121601005490,NMB,11,38,60,400.00,"24,000.00"
2019-12-16,2019121601005476,NMB,11,38,40,400.00,"16,000.00"
2019-12-16,2019121601005439,NMFBS,42,32,10,"1,225.00","12,250.00"
2019-12-16,2019121601005438,NMFBS,34,32,10,"1,225.00","12,250.00"
2019-12-16,2019121601005348,NNLB,17,25,75,597.00,"44,775.00"
2019-12-16,2019121601005347,NNLB,48,25,50,600.00,"30,000.00"
2019-12-16,2019121601005346,NNLB,34,25,200,602.00,"120,400.00"
2019-12-16,2019121601005345,NNLB,42,25,100,603.00,"60,300.00"
2019-12-16,2019121601005344,NNLB,22,25,30,603.00,"18,090.00"
2019-12-16,2019121601005343,NNLB,11,25,50,604.00,"30,200.00"
2019-12-16,2019121601005423,NTC,41,54,30,645.00,"19,350.00"
2019-12-16,2019121601005363,NUBL,41,4,648,774.00,"501,552.00"
2019-12-16,2019121601005601,PCBL,28,14,167,279.00,"46,593.00"
2019-12-16,2019121601005600,PCBL,45,14,333,279.00,"92,907.00"
2019-12-16,2019121601005286,PCBL,45,34,167,279.00,"46,593.00"
2019-12-16,2019121601005285,PCBL,44,34,342,279.00,"95,418.00"
2019-12-16,2019121601005135,PCBL,44,22,135,279.00,"37,665.00"
2019-12-16,2019121601005314,PIC,33,56,300,404.00,"121,200.00"
2019-12-16,2019121601005189,PIC,33,34,100,404.00,"40,400.00"
2019-12-16,2019121601005111,PIC,33,28,100,404.00,"40,400.00"
2019-12-16,2019121601005325,PICL,26,47,409,408.00,"166,872.00"
2019-12-16,2019121601005324,PICL,38,47,37,408.00,"15,096.00"
2019-12-16,2019121601005323,PICL,6,47,99,409.00,"40,491.00"
2019-12-16,2019121601005322,PICL,58,47,"1,000",409.00,"409,000.00"
2019-12-16,2019121601005321,PICL,28,47,300,410.00,"123,000.00"
2019-12-16,2019121601005320,PICL,57,47,100,410.00,"41,000.00"
2019-12-16,2019121601005319,PICL,11,47,100,410.00,"41,000.00"
2019-12-16,2019121601005318,PICL,59,47,55,411.00,"22,605.00"
2019-12-16,2019121601005317,PICL,35,47,50,411.00,"20,550.00"
2019-12-16,2019121601005585,PLIC,42,57,100,345.00,"34,500.00"
2019-12-16,2019121601005584,PLIC,7,57,75,345.00,"25,875.00"
2019-12-16,2019121601005482,PLIC,7,21,125,345.00,"43,125.00"
2019-12-16,2019121601005481,PLIC,13,21,"1,000",345.00,"345,000.00"
2019-12-16,2019121601005224,PLIC,45,49,500,346.00,"173,000.00"
2019-12-16,2019121601005223,PLIC,32,49,38,346.00,"13,148.00"
2019-12-16,2019121601005192,PLIC,28,29,200,348.00,"69,600.00"
2019-12-16,2019121601005591,PPCL,41,18,30,105.00,"3,150.00"
2019-12-16,2019121601005522,PRIN,59,39,90,331.00,"29,790.00"
2019-12-16,2019121601005342,PRIN,59,43,100,331.00,"33,100.00"
2019-12-16,2019121601005341,PRIN,53,43,200,331.00,"66,200.00"
2019-12-16,2019121601005273,PRIN,17,50,155,332.00,"51,460.00"
2019-12-16,2019121601005352,PRVU,32,4,"1,000",227.00,"227,000.00"
2019-12-16,2019121601005351,PRVU,32,34,453,227.00,"102,831.00"
2019-12-16,2019121601005350,PRVU,32,8,"2,197",227.00,"498,719.00"
2019-12-16,2019121601005257,PRVU,46,46,275,226.00,"62,150.00"
2019-12-16,2019121601005256,PRVU,43,46,25,226.00,"5,650.00"
2019-12-16,2019121601005255,PRVU,37,46,500,226.00,"113,000.00"
2019-12-16,2019121601005138,PRVU,32,11,700,227.00,"158,900.00"
2019-12-16,2019121601005254,PRVU,38,46,200,226.00,"45,200.00"
2019-12-16,2019121601005227,PRVU,38,4,200,226.00,"45,200.00"
2019-12-16,2019121601005226,PRVU,55,4,300,226.00,"67,800.00"
2019-12-16,2019121601005210,PRVU,32,8,"1,085",227.00,"246,295.00"
2019-12-16,2019121601005180,PRVU,32,58,178,227.00,"40,406.00"
2019-12-16,2019121601005153,PRVU,32,50,120,227.00,"27,240.00"
2019-12-16,2019121601005379,RBCLPO,6,34,10,"7,453.00","74,530.00"
2019-12-16,2019121601005554,RHPL,54,44,20,172.00,"3,440.00"
2019-12-16,2019121601005435,RHPL,54,34,40,172.00,"6,880.00"
2019-12-16,2019121601005222,RHPL,54,21,40,172.00,"6,880.00"
2019-12-16,2019121601005205,RHPL,54,21,40,172.00,"6,880.00"
2019-12-16,2019121601005517,RMDC,8,22,40,616.00,"24,640.00"
2019-12-16,2019121601005516,RMDC,59,22,100,616.00,"61,600.00"
2019-12-16,2019121601005540,RSDC,6,41,939,315.00,"295,785.00"
2019-12-16,2019121601005539,RSDC,39,41,30,315.00,"9,450.00"
2019-12-16,2019121601005538,RSDC,52,41,29,315.00,"9,135.00"
2019-12-16,2019121601005556,SABSL,56,18,10,542.00,"5,420.00"
2019-12-16,2019121601005473,SABSL,56,34,10,542.00,"5,420.00"
2019-12-16,2019121601005300,SABSL,19,34,20,545.00,"10,900.00"
2019-12-16,2019121601005251,SABSL,56,45,30,542.00,"16,260.00"
2019-12-16,2019121601005250,SABSL,48,45,50,543.00,"27,150.00"
2019-12-16,2019121601005249,SABSL,34,45,80,543.00,"43,440.00"
2019-12-16,2019121601005549,SADBL,32,57,100,142.00,"14,200.00"
2019-12-16,2019121601005548,SADBL,32,45,430,142.00,"61,060.00"
2019-12-16,2019121601005106,SADBL,19,51,400,142.00,"56,800.00"
2019-12-16,2019121601005245,SBI,41,38,18,356.00,"6,408.00"
2019-12-16,2019121601005244,SBI,40,38,35,356.00,"12,460.00"
2019-12-16,2019121601005237,SBI,17,38,147,358.00,"52,626.00"
2019-12-16,2019121601005182,SBI,40,44,300,359.00,"107,700.00"
2019-12-16,2019121601005158,SBI,40,7,200,359.00,"71,800.00"
2019-12-16,2019121601005496,SBL,43,11,474,289.00,"136,986.00"
2019-12-16,2019121601005495,SBL,29,11,100,289.00,"28,900.00"
2019-12-16,2019121601005494,SBL,6,11,133,289.00,"38,437.00"
2019-12-16,2019121601005493,SBL,11,11,220,290.00,"63,800.00"
2019-12-16,2019121601005415,SBL,11,37,280,290.00,"81,200.00"
2019-12-16,2019121601005329,SBL,55,19,200,290.00,"58,000.00"
2019-12-16,2019121601005328,SBL,21,19,80,290.00,"23,200.00"
2019-12-16,2019121601005472,SCB,13,26,25,540.00,"13,500.00"
2019-12-16,2019121601005202,SDESI,59,38,70,570.00,"39,900.00"
2019-12-16,2019121601005201,SDESI,45,38,200,570.00,"114,000.00"
2019-12-16,2019121601005200,SDESI,35,38,23,571.00,"13,133.00"
2019-12-16,2019121601005107,SDESI,35,21,227,571.00,"129,617.00"
2019-12-16,2019121601005573,SHINE,38,32,485,234.00,"113,490.00"
2019-12-16,2019121601005572,SHINE,51,32,100,234.00,"23,400.00"
2019-12-16,2019121601005571,SHINE,42,32,500,234.00,"117,000.00"
2019-12-16,2019121601005570,SHINE,40,32,200,234.00,"46,800.00"
2019-12-16,2019121601005569,SHINE,51,32,200,234.00,"46,800.00"
2019-12-16,2019121601005568,SHINE,39,32,100,234.00,"23,400.00"
2019-12-16,2019121601005458,SHINE,59,4,41,235.00,"9,635.00"
2019-12-16,2019121601005420,SHINE,59,52,"1,002",235.00,"235,470.00"
2019-12-16,2019121601005404,SHINE,59,52,957,235.00,"224,895.00"
2019-12-16,2019121601005567,SHINE,35,32,500,234.00,"117,000.00"
2019-12-16,2019121601005566,SHINE,34,32,100,234.00,"23,400.00"
2019-12-16,2019121601005484,SHINE,43,4,210,235.00,"49,350.00"
2019-12-16,2019121601005461,SHINE,43,4,290,235.00,"68,150.00"
2019-12-16,2019121601005460,SHINE,38,4,500,235.00,"117,500.00"
2019-12-16,2019121601005459,SHINE,52,4,500,235.00,"117,500.00"
2019-12-16,2019121601005576,SHIVM,49,43,140,355.00,"49,700.00"
2019-12-16,2019121601005528,SHIVM,49,32,510,355.00,"181,050.00"
2019-12-16,2019121601005513,SHIVM,49,35,50,355.00,"17,750.00"
2019-12-16,2019121601005441,SHIVM,49,22,100,355.00,"35,500.00"
2019-12-16,2019121601005407,SHIVM,49,22,200,355.00,"71,000.00"
2019-12-16,2019121601005105,SHL,28,58,297,185.00,"54,945.00"
2019-12-16,2019121601005104,SHL,51,58,100,186.00,"18,600.00"
2019-12-16,2019121601005335,SIC,49,49,315,501.00,"157,815.00"
2019-12-16,2019121601005334,SIC,38,49,10,501.00,"5,010.00"
2019-12-16,2019121601005561,SIFC,14,7,40,153.00,"6,120.00"
2019-12-16,2019121601005560,SIFC,46,7,50,153.00,"7,650.00"
2019-12-16,2019121601005530,SIFC,1,7,15,154.00,"2,310.00"
2019-12-16,2019121601005451,SIFC,1,7,135,154.00,"20,790.00"
2019-12-16,2019121601005450,SIFC,21,7,50,154.00,"7,700.00"
2019-12-16,2019121601005582,SJCL,49,44,10,159.00,"1,590.00"
2019-12-16,2019121601005446,SJCL,49,34,20,159.00,"3,180.00"
2019-12-16,2019121601005220,SJCL,49,21,20,159.00,"3,180.00"
2019-12-16,2019121601005108,SJCL,39,38,10,159.00,"1,590.00"
2019-12-16,2019121601005143,SJCL,39,14,10,159.00,"1,590.00"
2019-12-16,2019121601005142,SJCL,43,14,490,160.00,"78,400.00"
2019-12-16,2019121601005141,SJCL,43,38,10,160.00,"1,600.00"
2019-12-16,2019121601005139,SJCL,39,38,10,159.00,"1,590.00"
2019-12-16,2019121601005133,SJCL,39,38,10,159.00,"1,590.00"
2019-12-16,2019121601005127,SJCL,39,38,10,159.00,"1,590.00"
2019-12-16,2019121601005172,SJCL,39,38,10,159.00,"1,590.00"
2019-12-16,2019121601005168,SJCL,39,38,10,159.00,"1,590.00"
2019-12-16,2019121601005163,SJCL,39,38,10,159.00,"1,590.00"
2019-12-16,2019121601005160,SJCL,39,14,500,159.00,"79,500.00"
2019-12-16,2019121601005156,SJCL,39,38,10,159.00,"1,590.00"
2019-12-16,2019121601005154,SJCL,39,38,10,159.00,"1,590.00"
2019-12-16,2019121601005212,SJCL,49,38,10,159.00,"1,590.00"
2019-12-16,2019121601005209,SJCL,49,21,20,159.00,"3,180.00"
2019-12-16,2019121601005207,SJCL,49,38,10,159.00,"1,590.00"
2019-12-16,2019121601005204,SJCL,49,21,20,159.00,"3,180.00"
2019-12-16,2019121601005191,SJCL,39,22,20,159.00,"3,180.00"
2019-12-16,2019121601005177,SJCL,39,38,10,159.00,"1,590.00"
2019-12-16,2019121601005483,SLBBL,39,45,10,551.00,"5,510.00"
2019-12-16,2019121601005369,SLBBL,39,7,21,551.00,"11,571.00"
2019-12-16,2019121601005368,SLBBL,25,7,100,552.00,"55,200.00"
2019-12-16,2019121601005367,SLBBL,35,7,79,552.00,"43,608.00"
2019-12-16,2019121601005428,SLICL,25,4,50,293.00,"14,650.00"
2019-12-16,2019121601005297,SLICL,45,4,120,290.00,"34,800.00"
2019-12-16,2019121601005296,SLICL,26,4,200,290.00,"58,000.00"
2019-12-16,2019121601005295,SLICL,25,4,100,290.00,"29,000.00"
2019-12-16,2019121601005294,SLICL,16,4,300,290.00,"87,000.00"
2019-12-16,2019121601005293,SLICL,1,4,500,290.00,"145,000.00"
2019-12-16,2019121601005292,SLICL,46,4,280,290.00,"81,200.00"
2019-12-16,2019121601005267,SLICL,46,55,20,290.00,"5,800.00"
2019-12-16,2019121601005266,SLICL,26,55,97,290.00,"28,130.00"
2019-12-16,2019121601005150,SLICL,16,46,50,294.00,"14,700.00"
2019-12-16,2019121601005265,SMATA,3,34,15,560.00,"8,400.00"
2019-12-16,2019121601005479,SMFBS,28,34,50,907.00,"45,350.00"
2019-12-16,2019121601005478,SMFBS,28,34,20,908.00,"18,160.00"
2019-12-16,2019121601005332,SMFBS,28,6,10,908.00,"9,080.00"
2019-12-16,2019121601005298,SMFDB,52,17,20,653.00,"13,060.00"
2019-12-16,2019121601005559,SRBL,51,14,389,217.00,"84,413.00"
2019-12-16,2019121601005558,SRBL,17,14,500,217.00,"108,500.00"
2019-12-16,2019121601005557,SRBL,38,14,111,217.00,"24,087.00"
2019-12-16,2019121601005447,SRBL,38,51,150,217.00,"32,550.00"
2019-12-16,2019121601005477,SWBBL,36,42,110,"1,037.00","114,070.00"
2019-12-16,2019121601005452,SWBBL,29,42,50,"1,037.00","51,850.00"
2019-12-16,2019121601005386,SWBBL,44,29,13,"1,036.00","13,468.00"
2019-12-16,2019121601005181,SWBBL,20,10,30,"1,038.00","31,140.00"
2019-12-16,2019121601005114,SWBBL,44,4,110,"1,037.00","114,070.00"
2019-12-16,2019121601005278,SWBBL,57,38,11,"1,037.00","11,407.00"
2019-12-16,2019121601005232,SWBBL,57,33,102,"1,037.00","105,774.00"
2019-12-16,2019121601005215,SWBBL,57,14,106,"1,037.00","109,922.00"
2019-12-16,2019121601005214,SWBBL,29,14,20,"1,037.00","20,740.00"
2019-12-16,2019121601005213,SWBBL,44,14,44,"1,037.00","45,628.00"
2019-12-16,2019121601005190,SWBBL,44,4,500,"1,037.00","518,500.00"
2019-12-16,2019121601005383,SWBBL,50,43,211,"1,038.00","219,018.00"
2019-12-16,2019121601005382,SWBBL,50,10,14,"1,037.00","14,518.00"
2019-12-16,2019121601005338,SWBBL,22,10,200,"1,037.00","207,400.00"
2019-12-16,2019121601005337,SWBBL,57,10,31,"1,037.00","32,147.00"
2019-12-16,2019121601005313,SWBBL,33,43,89,"1,038.00","92,382.00"
2019-12-16,2019121601005312,SWBBL,33,10,11,"1,038.00","11,418.00"
2019-12-16,2019121601005594,UIC,43,7,470,285.00,"133,950.00"
2019-12-16,2019121601005593,UIC,52,7,30,286.00,"8,580.00"
2019-12-16,2019121601005543,UMHL,56,35,100,107.00,"10,700.00"
2019-12-16,2019121601005542,UMHL,52,35,200,107.00,"21,400.00"
2019-12-16,2019121601005541,UMHL,52,35,"1,000",107.00,"107,000.00"
2019-12-16,2019121601005433,UMHL,34,35,200,108.00,"21,600.00"
2019-12-16,2019121601005432,UMHL,53,35,200,108.00,"21,600.00"
2019-12-16,2019121601005431,UMHL,20,35,50,109.00,"5,450.00"
2019-12-16,2019121601005422,UMHL,34,35,100,110.00,"11,000.00"
2019-12-16,2019121601005455,UPPER,52,51,20,234.00,"4,680.00"
2019-12-16,2019121601005454,UPPER,49,51,30,234.00,"7,020.00"
2019-12-16,2019121601005159,UPPER,25,25,100,235.00,"23,500.00"
2019-12-16,2019121601005071,ADBL,4,21,46,407.00,"18,722.00"
2019-12-16,2019121601005070,ADBL,35,21,20,407.00,"8,140.00"
2019-12-16,2019121601005069,ADBL,4,21,50,407.00,"20,350.00"
2019-12-16,2019121601005068,ADBL,4,21,50,407.00,"20,350.00"
2019-12-16,2019121601005067,ADBL,34,21,100,407.00,"40,700.00"
2019-12-16,2019121601005066,ADBL,55,21,464,407.00,"188,848.00"
2019-12-16,2019121601004989,ADBL,28,40,300,408.00,"122,400.00"
2019-12-16,2019121601005081,AKBSL,26,45,10,457.00,"4,570.00"
2019-12-16,2019121601004952,AKBSL,26,1,10,457.00,"4,570.00"
2019-12-16,2019121601004717,AKBSL,26,25,10,457.00,"4,570.00"
2019-12-16,2019121601004837,AKPL,58,49,10,125.00,"1,250.00"
2019-12-16,2019121601005041,ALBSL,28,28,10,452.00,"4,520.00"
2019-12-16,2019121601004990,ALBSL,18,7,110,452.00,"49,720.00"
2019-12-16,2019121601004967,ALBSL,18,7,30,452.00,"13,560.00"
2019-12-16,2019121601004961,ALBSL,18,48,10,452.00,"4,520.00"
2019-12-16,2019121601004949,ALBSL,18,17,100,452.00,"45,200.00"
2019-12-16,2019121601004872,ALBSL,18,52,50,452.00,"22,600.00"
2019-12-16,2019121601004614,ALICL,51,16,30,360.00,"10,800.00"
2019-12-16,2019121601004916,API,51,38,500,108.00,"54,000.00"
2019-12-16,2019121601004915,API,22,38,90,108.00,"9,720.00"
2019-12-16,2019121601004869,API,22,47,100,108.00,"10,800.00"
2019-12-16,2019121601004854,API,22,35,210,108.00,"22,680.00"
2019-12-16,2019121601004799,API,22,21,600,108.00,"64,800.00"
2019-12-16,2019121601004739,API,1,45,929,109.00,"101,261.00"
2019-12-16,2019121601004738,API,1,38,280,109.00,"30,520.00"
2019-12-16,2019121601005064,BPCL,34,8,250,353.00,"88,250.00"
2019-12-16,2019121601005007,BPCL,8,8,100,353.00,"35,300.00"
2019-12-16,2019121601005006,BPCL,34,8,50,353.00,"17,650.00"
2019-12-16,2019121601005005,BPCL,47,8,100,353.00,"35,300.00"
2019-12-16,2019121601004878,BPCL,28,38,300,354.00,"106,200.00"
2019-12-16,2019121601004846,BPCL,8,38,100,354.00,"35,400.00"
2019-12-16,2019121601004988,CBBL,26,51,59,796.00,"46,964.00"
2019-12-16,2019121601005098,CBL,48,11,10,137.00,"1,370.00"
2019-12-16,2019121601004977,CBL,51,11,100,137.00,"13,700.00"
2019-12-16,2019121601004867,CBL,51,14,20,138.00,"2,760.00"
2019-12-16,2019121601004845,CBL,51,14,20,138.00,"2,760.00"
2019-12-16,2019121601004821,CBL,51,11,14,138.00,"1,932.00"
2019-12-16,2019121601004730,CBL,25,25,13,137.00,"1,781.00"
2019-12-16,2019121601004695,CCBL,57,34,20,167.00,"3,340.00"
2019-12-16,2019121601004674,CCBL,57,34,200,167.00,"33,400.00"
2019-12-16,2019121601004673,CCBL,13,34,387,167.00,"64,629.00"
2019-12-16,2019121601005040,CHCL,48,57,10,363.00,"3,630.00"
2019-12-16,2019121601004722,CHCL,16,6,365,360.00,"131,400.00"
2019-12-16,2019121601004712,CHCL,41,56,60,362.00,"21,720.00"
2019-12-16,2019121601004683,CHCL,5,45,209,361.00,"75,449.00"
2019-12-16,2019121601004663,CHCL,5,39,291,361.00,"105,051.00"
2019-12-16,2019121601004913,CHL,6,16,10,82.00,820.00
2019-12-16,2019121601004857,CHL,55,44,30,81.00,"2,430.00"
2019-12-16,2019121601005004,CIT,40,58,2,"1,706.00","3,412.00"
2019-12-16,2019121601004731,CIT,45,8,10,"1,740.00","17,400.00"
2019-12-16,2019121601004873,CLBSL,41,6,10,614.00,"6,140.00"
2019-12-16,2019121601005030,DBBL,57,7,100,129.00,"12,900.00"
2019-12-16,2019121601004962,DBBL,6,3,200,130.00,"26,000.00"
2019-12-16,2019121601004694,DBBL,34,3,13,130.00,"1,690.00"
2019-12-16,2019121601004693,DBBL,34,46,87,130.00,"11,310.00"
2019-12-16,2019121601004677,DBBL,57,21,30,129.00,"3,870.00"
2019-12-16,2019121601004888,DDBL,21,38,100,858.00,"85,800.00"
2019-12-16,2019121601004844,DDBL,21,10,188,858.00,"161,304.00"
2019-12-16,2019121601004843,DDBL,41,10,50,859.00,"42,950.00"
2019-12-16,2019121601004768,DDBL,41,21,100,859.00,"85,900.00"
2019-12-16,2019121601004746,EBL,57,25,100,570.00,"57,000.00"
2019-12-16,2019121601004745,EBL,35,25,100,570.00,"57,000.00"
2019-12-16,2019121601004744,EBL,28,25,100,570.00,"57,000.00"
2019-12-16,2019121601004743,EBL,47,25,427,571.00,"243,817.00"
2019-12-16,2019121601004734,EBL,47,49,133,571.00,"75,943.00"
2019-12-16,2019121601004643,FMDBL,45,29,220,317.00,"69,740.00"
2019-12-16,2019121601004642,FMDBL,16,29,880,317.00,"278,960.00"
2019-12-16,2019121601004885,FOWAD,25,41,31,"1,365.00","42,315.00"
2019-12-16,2019121601004750,FOWAD,25,49,19,"1,365.00","25,935.00"
2019-12-16,2019121601005103,GBBL,46,49,921,201.00,"185,121.00"
2019-12-16,2019121601005102,GBBL,49,49,50,201.00,"10,050.00"
2019-12-16,2019121601005101,GBBL,34,49,489,201.00,"98,289.00"
2019-12-16,2019121601004941,GBBL,34,52,250,201.00,"50,250.00"
2019-12-16,2019121601004820,GBBL,34,42,261,201.00,"52,461.00"
2019-12-16,2019121601004819,GBBL,32,42,"1,000",201.00,"201,000.00"
2019-12-16,2019121601004812,GBBL,32,42,87,202.00,"17,574.00"
2019-12-16,2019121601004818,GBBL,32,42,250,201.00,"50,250.00"
2019-12-16,2019121601004817,GBBL,4,42,100,202.00,"20,200.00"
2019-12-16,2019121601004816,GBBL,4,42,50,202.00,"10,100.00"
2019-12-16,2019121601004815,GBBL,4,42,50,202.00,"10,100.00"
2019-12-16,2019121601004814,GBBL,36,42,300,202.00,"60,600.00"
2019-12-16,2019121601004813,GBBL,32,42,500,202.00,"101,000.00"
2019-12-16,2019121601004884,GBLBS,44,36,55,313.00,"17,215.00"
2019-12-16,2019121601004883,GBLBS,49,36,100,313.00,"31,300.00"
2019-12-16,2019121601004882,GBLBS,52,36,500,314.00,"157,000.00"
2019-12-16,2019121601004881,GBLBS,58,36,945,314.00,"296,730.00"
2019-12-16,2019121601004865,GBLBS,58,40,30,314.00,"9,420.00"
2019-12-16,2019121601004863,GBLBS,58,22,25,314.00,"7,850.00"
2019-12-16,2019121601004862,GBLBS,6,22,75,315.00,"23,625.00"
2019-12-16,2019121601004858,GBLBS,6,22,10,315.00,"3,150.00"
2019-12-16,2019121601004766,GBLBS,6,49,15,315.00,"4,725.00"
2019-12-16,2019121601004657,GBLBS,45,41,100,315.00,"31,500.00"
2019-12-16,2019121601004656,GBLBS,38,41,60,315.00,"18,900.00"
2019-12-16,2019121601004826,GGBSL,49,25,10,607.00,"6,070.00"
2019-12-16,2019121601004616,GGBSL,49,59,10,607.00,"6,070.00"
2019-12-16,2019121601004851,GLICL,39,22,50,431.00,"21,550.00"
2019-12-16,2019121601004850,GLICL,38,22,50,432.00,"21,600.00"
2019-12-16,2019121601004649,GLICL,33,32,50,438.00,"21,900.00"
2019-12-16,2019121601004735,GMFBS,43,39,10,588.00,"5,880.00"
2019-12-16,2019121601004699,GMFBS,55,45,200,589.00,"117,800.00"
2019-12-16,2019121601004632,GMFBS,55,48,10,595.00,"5,950.00"
2019-12-16,2019121601004631,GMFBS,55,28,110,595.00,"65,450.00"
2019-12-16,2019121601004630,GMFBS,55,5,50,595.00,"29,750.00"
2019-12-16,2019121601004629,GMFBS,55,55,50,595.00,"29,750.00"
2019-12-16,2019121601004781,GUFL,7,29,410,110.00,"45,100.00"
2019-12-16,2019121601004905,HDL,58,49,10,"1,251.00","12,510.00"
2019-12-16,2019121601004906,HGI,34,6,200,287.00,"57,400.00"
2019-12-16,2019121601005075,HPPL,52,50,20,143.00,"2,860.00"
2019-12-16,2019121601004829,HPPL,52,50,10,143.00,"1,430.00"
2019-12-16,2019121601005082,ILBS,55,18,10,565.00,"5,650.00"
2019-12-16,2019121601005073,ILBS,55,18,10,565.00,"5,650.00"
2019-12-16,2019121601005065,ILBS,55,45,30,565.00,"16,950.00"
2019-12-16,2019121601005029,ILBS,55,41,10,565.00,"5,650.00"
2019-12-16,2019121601004953,ILBS,55,45,10,565.00,"5,650.00"
2019-12-16,2019121601004871,ILBS,55,1,10,565.00,"5,650.00"
2019-12-16,2019121601004861,ILBS,1,1,10,566.00,"5,660.00"
2019-12-16,2019121601004853,ILBS,1,48,10,566.00,"5,660.00"
2019-12-16,2019121601004651,ILBS,19,10,10,568.00,"5,680.00"
2019-12-16,2019121601004650,ILBS,19,10,10,568.00,"5,680.00"
2019-12-16,2019121601004633,ILBS,28,28,10,565.00,"5,650.00"
2019-12-16,2019121601004796,JBBL,6,38,131,167.00,"21,877.00"
2019-12-16,2019121601005060,JOSHI,39,50,20,57.00,"1,140.00"
