Date,Transact. No.,Symbol,Buyer,Seller,Quantity,Rate,Amount
2019-06-23,2019062301005430,ADBL,39,19,70,405.00,"28,350.00"
2019-06-23,2019062301005234,ADBL,39,42,67,405.00,"27,135.00"
2019-06-23,2019062301005233,ADBL,49,42,33,405.00,"13,365.00"
2019-06-23,2019062301005196,ADBL,33,45,90,406.00,"36,540.00"
2019-06-23,2019062301005138,ADBL,33,51,910,406.00,"369,460.00"
2019-06-23,2019062301005137,ADBL,45,51,90,406.00,"36,540.00"
2019-06-23,2019062301005188,AHPC,42,41,493,108.00,"53,244.00"
2019-06-23,2019062301005190,AKPL,41,39,13,180.00,"2,340.00"
2019-06-23,2019062301005547,ALICL,37,57,50,381.00,"19,050.00"
2019-06-23,2019062301005307,API,25,11,63,145.00,"9,135.00"
2019-06-23,2019062301005218,API,44,44,1,142.00,142.00
2019-06-23,2019062301005208,API,42,54,100,144.00,"14,400.00"
2019-06-23,2019062301005207,API,6,54,100,144.00,"14,400.00"
2019-06-23,2019062301005177,API,25,55,17,145.00,"2,465.00"
2019-06-23,2019062301005131,API,21,25,242,144.00,"34,848.00"
2019-06-23,2019062301005130,API,47,25,100,144.00,"14,400.00"
2019-06-23,2019062301005129,API,41,25,90,144.00,"12,960.00"
2019-06-23,2019062301005128,API,25,25,500,144.00,"72,000.00"
2019-06-23,2019062301005127,API,34,25,138,144.00,"19,872.00"
2019-06-23,2019062301005111,API,44,44,1,142.00,142.00
2019-06-23,2019062301005123,BARUN,26,20,10,91.00,910.00
2019-06-23,2019062301005420,BFC,57,45,410,103.00,"42,230.00"
2019-06-23,2019062301005419,BFC,11,45,500,103.00,"51,500.00"
2019-06-23,2019062301005418,BFC,42,45,50,103.00,"5,150.00"
2019-06-23,2019062301005417,BFC,32,45,290,103.00,"29,870.00"
2019-06-23,2019062301005558,BOKL,5,33,10,269.00,"2,690.00"
2019-06-23,2019062301005546,BOKL,5,57,19,265.00,"5,035.00"
2019-06-23,2019062301005538,BOKL,5,41,154,268.00,"41,272.00"
2019-06-23,2019062301005537,BOKL,5,55,500,266.00,"133,000.00"
2019-06-23,2019062301005513,BOKL,5,25,990,265.00,"262,350.00"
2019-06-23,2019062301005512,BOKL,5,57,191,264.00,"50,424.00"
2019-06-23,2019062301005219,BOKL,7,4,305,261.00,"79,605.00"
2019-06-23,2019062301005466,BOKL,59,5,100,260.00,"26,000.00"
2019-06-23,2019062301005465,BOKL,36,5,"1,300",260.00,"338,000.00"
2019-06-23,2019062301005464,BOKL,50,5,100,260.00,"26,000.00"
2019-06-23,2019062301005463,BOKL,17,5,500,260.00,"130,000.00"
2019-06-23,2019062301005462,BOKL,51,5,500,260.00,"130,000.00"
2019-06-23,2019062301005461,BOKL,58,5,500,261.00,"130,500.00"
2019-06-23,2019062301005136,CBBL,54,7,130,935.00,"121,550.00"
2019-06-23,2019062301005451,CBL,29,49,950,146.00,"138,700.00"
2019-06-23,2019062301005316,CBL,29,38,"1,000",146.00,"146,000.00"
2019-06-23,2019062301005273,CBL,29,39,50,146.00,"7,300.00"
2019-06-23,2019062301005539,CCBL,33,43,500,168.00,"84,000.00"
2019-06-23,2019062301005529,CCBL,49,1,82,167.00,"13,694.00"
2019-06-23,2019062301005217,CCBL,17,43,950,168.00,"159,600.00"
2019-06-23,2019062301005205,CCBL,6,43,50,168.00,"8,400.00"
2019-06-23,2019062301005422,CHCL,28,54,327,511.00,"167,097.00"
2019-06-23,2019062301005554,CIT,7,35,10,"2,486.00","24,860.00"
2019-06-23,2019062301005553,CIT,39,35,80,"2,486.00","198,880.00"
2019-06-23,2019062301005552,CIT,35,35,10,"2,487.00","24,870.00"
2019-06-23,2019062301005200,CZBIL,7,6,118,221.00,"26,078.00"
2019-06-23,2019062301005195,CZBIL,16,57,421,220.00,"92,620.00"
2019-06-23,2019062301005194,CZBIL,54,57,40,220.00,"8,800.00"
2019-06-23,2019062301005193,CZBIL,40,57,39,220.00,"8,580.00"
2019-06-23,2019062301005173,CZBIL,40,20,78,220.00,"17,160.00"
2019-06-23,2019062301005118,CZBIL,40,44,200,220.00,"44,000.00"
2019-06-23,2019062301005112,CZBIL,40,11,101,220.00,"22,220.00"
2019-06-23,2019062301005534,EBL,14,55,54,662.00,"35,748.00"
2019-06-23,2019062301005487,EBL,48,39,20,663.00,"13,260.00"
2019-06-23,2019062301005604,FMDBL,59,38,50,377.00,"18,850.00"
2019-06-23,2019062301005491,GBBL,4,34,205,224.00,"45,920.00"
2019-06-23,2019062301005454,GBIME,36,21,179,300.00,"53,700.00"
2019-06-23,2019062301005258,GBIME,42,21,40,301.00,"12,040.00"
2019-06-23,2019062301005209,GBIME,36,58,33,300.00,"9,900.00"
2019-06-23,2019062301005375,GBLBS,38,32,10,351.00,"3,510.00"
2019-06-23,2019062301005241,GBLBS,39,6,50,350.00,"17,500.00"
2019-06-23,2019062301005240,GBLBS,37,6,100,350.00,"35,000.00"
2019-06-23,2019062301005239,GBLBS,39,6,10,350.00,"3,500.00"
2019-06-23,2019062301005540,GDBL,55,45,10,214.00,"2,140.00"
2019-06-23,2019062301005328,GHL,29,41,30,82.00,"2,460.00"
2019-06-23,2019062301005431,GLICL,11,45,27,494.00,"13,338.00"
2019-06-23,2019062301005278,GLICL,41,21,20,489.00,"9,780.00"
2019-06-23,2019062301005277,GLICL,45,21,10,489.00,"4,890.00"
2019-06-23,2019062301005516,GRDBL,17,8,335,115.00,"38,525.00"
2019-06-23,2019062301005515,GRDBL,35,8,15,115.00,"1,725.00"
2019-06-23,2019062301005514,GRDBL,6,8,50,116.00,"5,800.00"
2019-06-23,2019062301005288,HDL,58,58,30,"1,666.00","49,980.00"
2019-06-23,2019062301005287,HDL,51,58,20,"1,666.00","33,320.00"
2019-06-23,2019062301005269,HDL,21,39,100,"1,676.00","167,600.00"
2019-06-23,2019062301005235,HDL,14,17,25,"1,682.00","42,050.00"
2019-06-23,2019062301005180,HDL,21,17,100,"1,676.00","167,600.00"
2019-06-23,2019062301005179,HDL,22,17,100,"1,676.00","167,600.00"
2019-06-23,2019062301005178,HDL,53,17,50,"1,677.00","83,850.00"
2019-06-23,2019062301005142,HDL,58,17,20,"1,682.00","33,640.00"
2019-06-23,2019062301005141,HDL,34,17,55,"1,683.00","92,565.00"
2019-06-23,2019062301005140,HDL,58,17,150,"1,684.00","252,600.00"
2019-06-23,2019062301005560,HGI,19,34,100,360.00,"36,000.00"
2019-06-23,2019062301005327,HGI,42,57,220,358.00,"78,760.00"
2019-06-23,2019062301005326,HGI,49,57,100,358.00,"35,800.00"
2019-06-23,2019062301005325,HGI,7,57,50,358.00,"17,900.00"
2019-06-23,2019062301005324,HGI,55,57,64,358.00,"22,912.00"
2019-06-23,2019062301005323,HGI,8,57,100,360.00,"36,000.00"
2019-06-23,2019062301005322,HGI,39,57,36,360.00,"12,960.00"
2019-06-23,2019062301005321,HGI,35,57,30,361.00,"10,830.00"
2019-06-23,2019062301005423,HIDCL,36,39,600,158.00,"94,800.00"
2019-06-23,2019062301005331,HIDCL,36,5,500,158.00,"79,000.00"
2019-06-23,2019062301005315,HIDCL,36,5,641,158.00,"101,278.00"
2019-06-23,2019062301005314,HIDCL,5,5,500,158.00,"79,000.00"
2019-06-23,2019062301005313,HIDCL,26,5,500,158.00,"79,000.00"
2019-06-23,2019062301005312,HIDCL,1,5,23,158.00,"3,634.00"
2019-06-23,2019062301005311,HIDCL,14,5,30,159.00,"4,770.00"
2019-06-23,2019062301005310,HIDCL,51,5,306,159.00,"48,654.00"
2019-06-23,2019062301005471,HPPL,35,34,10,180.00,"1,800.00"
2019-06-23,2019062301005434,HPPL,35,51,10,178.00,"1,780.00"
2019-06-23,2019062301005274,ICFC,39,51,76,162.00,"12,312.00"
2019-06-23,2019062301005185,IGI,58,43,180,380.00,"68,400.00"
2019-06-23,2019062301005421,JBBL,18,18,71,154.00,"10,934.00"
2019-06-23,2019062301005309,JBBL,18,51,521,154.00,"80,234.00"
2019-06-23,2019062301005308,JBBL,50,51,675,154.00,"103,950.00"
2019-06-23,2019062301005608,JBNL,48,43,500,208.00,"104,000.00"
2019-06-23,2019062301005555,JBNL,38,43,40,208.00,"8,320.00"
2019-06-23,2019062301005443,JBNL,7,34,25,207.00,"5,175.00"
2019-06-23,2019062301005442,JBNL,19,34,500,207.00,"103,500.00"
2019-06-23,2019062301005441,JBNL,5,34,500,207.00,"103,500.00"
2019-06-23,2019062301005440,JBNL,44,34,500,207.00,"103,500.00"
2019-06-23,2019062301005439,JBNL,47,34,475,207.00,"98,325.00"
2019-06-23,2019062301005380,JBNL,42,43,15,208.00,"3,120.00"
2019-06-23,2019062301005360,JBNL,42,45,485,208.00,"100,880.00"
2019-06-23,2019062301005359,JBNL,42,45,315,208.00,"65,520.00"
2019-06-23,2019062301005502,JSLBB,42,7,10,999.00,"9,990.00"
2019-06-23,2019062301005354,JSLBB,39,7,10,984.00,"9,840.00"
2019-06-23,2019062301005222,KBBL,43,4,212,235.00,"49,820.00"
2019-06-23,2019062301005221,KBBL,21,4,100,235.00,"23,500.00"
2019-06-23,2019062301005220,KBBL,10,4,400,235.00,"94,000.00"
2019-06-23,2019062301005594,KBL,54,4,85,212.00,"18,020.00"
2019-06-23,2019062301005576,KBL,54,4,20,211.00,"4,220.00"
2019-06-23,2019062301005575,KBL,36,4,"1,000",211.00,"211,000.00"
2019-06-23,2019062301005574,KBL,45,4,300,211.00,"63,300.00"
2019-06-23,2019062301005573,KBL,8,4,200,211.00,"42,200.00"
2019-06-23,2019062301005572,KBL,1,4,50,211.00,"10,550.00"
2019-06-23,2019062301005297,KBL,59,26,50,211.00,"10,550.00"
2019-06-23,2019062301005296,KBL,25,26,94,211.00,"19,834.00"
2019-06-23,2019062301005206,KBL,25,57,500,211.00,"105,500.00"
2019-06-23,2019062301005571,KBL,56,4,50,211.00,"10,550.00"
2019-06-23,2019062301005570,KBL,39,4,100,211.00,"21,100.00"
2019-06-23,2019062301005569,KBL,50,4,200,211.00,"42,200.00"
2019-06-23,2019062301005568,KBL,48,4,50,211.00,"10,550.00"
2019-06-23,2019062301005567,KBL,53,4,26,211.00,"5,486.00"
2019-06-23,2019062301005298,KBL,53,26,274,211.00,"57,814.00"
2019-06-23,2019062301005358,KSBBL,57,54,250,152.00,"38,000.00"
2019-06-23,2019062301005337,KSBBL,57,25,541,152.00,"82,232.00"
2019-06-23,2019062301005336,KSBBL,44,25,330,152.00,"50,160.00"
2019-06-23,2019062301005335,KSBBL,56,25,129,152.00,"19,608.00"
2019-06-23,2019062301005605,LBL,35,44,100,219.00,"21,900.00"
2019-06-23,2019062301005275,LBL,49,49,"88,392",217.00,"19,181,064.00"
2019-06-23,2019062301005250,LBL,49,49,"88,392",217.00,"19,181,064.00"
2019-06-23,2019062301005243,LBL,57,16,445,217.00,"96,565.00"
2019-06-23,2019062301005242,LBL,51,16,"1,105",217.00,"239,785.00"
2019-06-23,2019062301005525,LICN,28,4,200,"1,585.00","317,000.00"
2019-06-23,2019062301005524,LICN,28,25,11,"1,584.00","17,424.00"
2019-06-23,2019062301005523,LICN,28,17,69,"1,580.00","109,020.00"
2019-06-23,2019062301005501,LICN,41,17,68,"1,580.00","107,440.00"
2019-06-23,2019062301005500,LICN,41,59,32,"1,580.00","50,560.00"
2019-06-23,2019062301005425,LICN,25,59,10,"1,580.00","15,800.00"
2019-06-23,2019062301005490,MBL,18,25,950,264.00,"250,800.00"
2019-06-23,2019062301005489,MBL,18,49,50,264.00,"13,200.00"
2019-06-23,2019062301005477,MBL,14,1,91,262.00,"23,842.00"
2019-06-23,2019062301005476,MBL,26,1,500,262.00,"131,000.00"
2019-06-23,2019062301005475,MBL,51,1,100,262.00,"26,200.00"
2019-06-23,2019062301005474,MBL,26,1,30,262.00,"7,860.00"
2019-06-23,2019062301005445,MBL,28,58,790,263.00,"207,770.00"
2019-06-23,2019062301005473,MBL,39,1,100,262.00,"26,200.00"
2019-06-23,2019062301005472,MBL,44,1,153,262.00,"40,086.00"
2019-06-23,2019062301005449,MBL,5,58,200,263.00,"52,600.00"
2019-06-23,2019062301005448,MBL,14,58,100,263.00,"26,300.00"
2019-06-23,2019062301005447,MBL,50,58,100,263.00,"26,300.00"
2019-06-23,2019062301005446,MBL,21,58,200,263.00,"52,600.00"
2019-06-23,2019062301005536,MDB,22,55,79,258.00,"20,382.00"
2019-06-23,2019062301005535,MDB,59,55,40,258.00,"10,320.00"
2019-06-23,2019062301005511,MEGA,41,40,65,199.00,"12,935.00"
2019-06-23,2019062301005460,MEGA,41,56,162,199.00,"32,238.00"
2019-06-23,2019062301005459,MEGA,35,56,200,199.00,"39,800.00"
2019-06-23,2019062301005458,MEGA,35,56,100,199.00,"19,900.00"
2019-06-23,2019062301005457,MEGA,35,56,100,199.00,"19,900.00"
2019-06-23,2019062301005456,MEGA,35,56,100,199.00,"19,900.00"
2019-06-23,2019062301005455,MEGA,35,56,38,199.00,"7,562.00"
2019-06-23,2019062301005318,MEGA,29,58,450,200.00,"90,000.00"
2019-06-23,2019062301005294,MEGA,35,52,34,199.00,"6,766.00"
2019-06-23,2019062301005259,MEGA,35,58,10,200.00,"2,000.00"
2019-06-23,2019062301005210,MEGA,46,58,50,200.00,"10,000.00"
2019-06-23,2019062301005203,MEGA,46,58,50,200.00,"10,000.00"
2019-06-23,2019062301005579,MERO,25,13,16,538.00,"8,608.00"
2019-06-23,2019062301005453,MERO,26,57,69,535.00,"36,915.00"
2019-06-23,2019062301005597,MHNL,59,59,490,105.00,"51,450.00"
2019-06-23,2019062301005596,MHNL,53,59,10,105.00,"1,050.00"
2019-06-23,2019062301005519,MLBL,45,55,278,191.00,"53,098.00"
2019-06-23,2019062301005469,MLBL,51,54,500,192.00,"96,000.00"
2019-06-23,2019062301005468,MLBL,19,54,429,192.00,"82,368.00"
2019-06-23,2019062301005595,MPFL,5,51,16,229.00,"3,664.00"
2019-06-23,2019062301005344,MPFL,28,51,50,229.00,"11,450.00"
2019-06-23,2019062301005343,MPFL,28,51,74,229.00,"16,946.00"
2019-06-23,2019062301005342,MPFL,42,51,40,231.00,"9,240.00"
2019-06-23,2019062301005264,MPFL,51,51,20,232.00,"4,640.00"
2019-06-23,2019062301005232,MPFL,19,54,20,235.00,"4,700.00"
2019-06-23,2019062301005184,MPFL,42,28,10,231.00,"2,310.00"
2019-06-23,2019062301005484,MSMBS,46,25,22,419.00,"9,218.00"
2019-06-23,2019062301005603,NABIL,5,13,75,805.00,"60,375.00"
2019-06-23,2019062301005587,NABIL,45,34,31,804.00,"24,924.00"
2019-06-23,2019062301005520,NABIL,5,34,100,805.00,"80,500.00"
2019-06-23,2019062301005483,NABIL,11,34,36,805.00,"28,980.00"
2019-06-23,2019062301005387,NABIL,11,57,14,804.00,"11,256.00"
2019-06-23,2019062301005374,NABIL,56,13,100,806.00,"80,600.00"
2019-06-23,2019062301005452,NABILP,59,28,84,790.00,"66,360.00"
2019-06-23,2019062301005381,NABILP,59,28,16,790.00,"12,640.00"
2019-06-23,2019062301005485,NADEP,22,17,10,417.00,"4,170.00"
2019-06-23,2019062301005592,NBB,21,58,302,221.00,"66,742.00"
2019-06-23,2019062301005433,NBB,45,42,30,222.00,"6,660.00"
2019-06-23,2019062301005609,NBL,40,4,50,321.00,"16,050.00"
2019-06-23,2019062301005564,NBL,41,4,81,322.00,"26,082.00"
2019-06-23,2019062301005563,NBL,41,43,19,322.00,"6,118.00"
2019-06-23,2019062301005498,NBL,40,4,948,321.00,"304,308.00"
2019-06-23,2019062301005497,NBL,34,4,100,321.00,"32,100.00"
2019-06-23,2019062301005496,NBL,51,4,"1,500",321.00,"481,500.00"
2019-06-23,2019062301005495,NBL,51,4,"1,500",321.00,"481,500.00"
2019-06-23,2019062301005494,NBL,51,4,852,321.00,"273,492.00"
2019-06-23,2019062301005320,NBL,45,43,30,322.00,"9,660.00"
2019-06-23,2019062301005562,NCCB,8,51,775,257.00,"199,175.00"
2019-06-23,2019062301005444,NCCB,39,51,50,257.00,"12,850.00"
2019-06-23,2019062301005263,NCCB,48,33,831,256.00,"212,736.00"
2019-06-23,2019062301005262,NCCB,41,33,500,256.00,"128,000.00"
2019-06-23,2019062301005261,NCCB,1,33,20,256.00,"5,120.00"
2019-06-23,2019062301005260,NCCB,8,33,325,256.00,"83,200.00"
2019-06-23,2019062301005255,NCCB,44,51,175,257.00,"44,975.00"
2019-06-23,2019062301005187,NHDL,39,41,10,127.00,"1,270.00"
2019-06-23,2019062301005186,NHDL,39,42,10,127.00,"1,270.00"
2019-06-23,2019062301005488,NIB,14,55,200,525.00,"105,000.00"
2019-06-23,2019062301005300,NIB,6,55,10,525.00,"5,250.00"
2019-06-23,2019062301005238,NIB,48,28,160,524.00,"83,840.00"
2019-06-23,2019062301005557,NIBLPF,25,57,"2,525",7.15,"18,053.75"
2019-06-23,2019062301005556,NIBLPF,50,57,100,7.16,716.00
2019-06-23,2019062301005346,NIBPO,28,4,204,480.00,"97,920.00"
2019-06-23,2019062301005306,NIBPO,28,4,796,480.00,"382,080.00"
2019-06-23,2019062301005305,NIBPO,36,4,10,480.00,"4,800.00"
2019-06-23,2019062301005304,NIBPO,14,4,200,480.00,"96,000.00"
2019-06-23,2019062301005578,NICA,7,22,20,466.00,"9,320.00"
2019-06-23,2019062301005577,NICA,7,58,13,466.00,"6,058.00"
2019-06-23,2019062301005383,NICA,57,58,940,466.00,"438,040.00"
2019-06-23,2019062301005382,NICA,57,43,260,466.00,"121,160.00"
2019-06-23,2019062301005341,NICA,14,52,200,465.00,"93,000.00"
2019-06-23,2019062301005330,NICA,14,51,155,465.00,"72,075.00"
2019-06-23,2019062301005329,NICA,45,51,245,465.00,"113,925.00"
2019-06-23,2019062301005299,NICA,45,29,65,465.00,"30,225.00"
2019-06-23,2019062301005192,NICA,38,58,47,466.00,"21,902.00"
2019-06-23,2019062301005191,NICA,38,49,53,466.00,"24,698.00"
2019-06-23,2019062301005202,NICL,19,25,68,360.00,"24,480.00"
2019-06-23,2019062301005201,NICL,19,17,72,360.00,"25,920.00"
2019-06-23,2019062301005199,NICL,45,17,18,359.00,"6,462.00"
2019-06-23,2019062301005183,NICL,29,17,96,359.00,"34,464.00"
2019-06-23,2019062301005182,NICL,11,17,200,359.00,"71,800.00"
2019-06-23,2019062301005181,NICL,51,17,184,359.00,"66,056.00"
2019-06-23,2019062301005377,NIL,41,20,11,474.00,"5,214.00"
2019-06-23,2019062301005376,NIL,18,20,39,475.00,"18,525.00"
2019-06-23,2019062301005348,NIL,35,40,20,476.00,"9,520.00"
2019-06-23,2019062301005292,NIL,46,40,50,476.00,"23,800.00"
2019-06-23,2019062301005268,NIL,18,21,61,475.00,"28,975.00"
2019-06-23,2019062301005267,NIL,57,21,100,475.00,"47,500.00"
2019-06-23,2019062301005266,NIL,48,21,39,475.00,"18,525.00"
2019-06-23,2019062301005248,NIL,48,54,61,475.00,"28,975.00"
2019-06-23,2019062301005247,NIL,20,54,39,475.00,"18,525.00"
2019-06-23,2019062301005254,NLG,25,25,10,748.00,"7,480.00"
2019-06-23,2019062301005244,NLG,25,20,10,740.00,"7,400.00"
2019-06-23,2019062301005216,NLG,25,20,10,740.00,"7,400.00"
2019-06-23,2019062301005285,NLIC,1,33,90,892.00,"80,280.00"
2019-06-23,2019062301005284,NLIC,1,33,150,892.00,"133,800.00"
2019-06-23,2019062301005283,NLIC,41,33,20,892.00,"17,840.00"
2019-06-23,2019062301005282,NLIC,39,33,40,892.00,"35,680.00"
2019-06-23,2019062301005281,NLIC,1,33,70,892.00,"62,440.00"
2019-06-23,2019062301005280,NLIC,35,33,20,893.00,"17,860.00"
2019-06-23,2019062301005144,NLIC,54,28,326,894.00,"291,444.00"
2019-06-23,2019062301005139,NLIC,13,43,100,896.00,"89,600.00"
2019-06-23,2019062301005150,NLIC,35,28,30,894.00,"26,820.00"
2019-06-23,2019062301005149,NLIC,35,28,30,894.00,"26,820.00"
2019-06-23,2019062301005148,NLIC,39,28,10,894.00,"8,940.00"
2019-06-23,2019062301005147,NLIC,45,28,10,894.00,"8,940.00"
2019-06-23,2019062301005146,NLIC,25,28,20,894.00,"17,880.00"
2019-06-23,2019062301005145,NLIC,35,28,20,894.00,"17,880.00"
2019-06-23,2019062301005156,NLIC,35,28,50,894.00,"44,700.00"
2019-06-23,2019062301005155,NLIC,35,28,50,894.00,"44,700.00"
2019-06-23,2019062301005154,NLIC,35,28,50,894.00,"44,700.00"
2019-06-23,2019062301005153,NLIC,35,28,30,894.00,"26,820.00"
2019-06-23,2019062301005152,NLIC,35,28,30,894.00,"26,820.00"
2019-06-23,2019062301005151,NLIC,35,28,20,894.00,"17,880.00"
2019-06-23,2019062301005162,NLIC,35,28,80,894.00,"71,520.00"
2019-06-23,2019062301005161,NLIC,35,28,50,894.00,"44,700.00"
2019-06-23,2019062301005160,NLIC,35,28,40,894.00,"35,760.00"
2019-06-23,2019062301005159,NLIC,35,28,50,894.00,"44,700.00"
2019-06-23,2019062301005158,NLIC,35,28,50,894.00,"44,700.00"
2019-06-23,2019062301005157,NLIC,35,28,30,894.00,"26,820.00"
2019-06-23,2019062301005168,NLIC,43,28,50,893.00,"44,650.00"
2019-06-23,2019062301005167,NLIC,41,28,10,893.00,"8,930.00"
2019-06-23,2019062301005166,NLIC,25,28,100,893.00,"89,300.00"
2019-06-23,2019062301005165,NLIC,52,28,100,893.00,"89,300.00"
2019-06-23,2019062301005164,NLIC,34,28,850,893.00,"759,050.00"
2019-06-23,2019062301005163,NLIC,35,28,30,894.00,"26,820.00"
2019-06-23,2019062301005279,NLIC,42,33,10,893.00,"8,930.00"
2019-06-23,2019062301005197,NLIC,35,58,20,894.00,"17,880.00"
2019-06-23,2019062301005172,NLIC,36,28,20,893.00,"17,860.00"
2019-06-23,2019062301005171,NLIC,57,28,50,893.00,"44,650.00"
2019-06-23,2019062301005170,NLIC,43,28,50,893.00,"44,650.00"
2019-06-23,2019062301005169,NLIC,43,28,80,893.00,"71,440.00"
2019-06-23,2019062301005384,NMFBS,28,25,15,"1,405.00","21,075.00"
2019-06-23,2019062301005353,NTC,46,43,100,690.00,"69,000.00"
2019-06-23,2019062301005352,NTC,29,43,105,690.00,"72,450.00"
2019-06-23,2019062301005351,NTC,25,43,20,690.00,"13,800.00"
2019-06-23,2019062301005350,NTC,45,43,100,691.00,"69,100.00"
2019-06-23,2019062301005493,NUBL,22,28,105,823.00,"86,415.00"
2019-06-23,2019062301005482,NUBL,16,28,500,823.00,"411,500.00"
2019-06-23,2019062301005481,NUBL,14,28,50,823.00,"41,150.00"
2019-06-23,2019062301005480,NUBL,57,28,45,823.00,"37,035.00"
2019-06-23,2019062301005479,NUBL,49,28,500,825.00,"412,500.00"
2019-06-23,2019062301005602,OHL,45,59,300,631.00,"189,300.00"
2019-06-23,2019062301005531,OHL,45,59,30,630.00,"18,900.00"
2019-06-23,2019062301005499,OHL,45,59,30,630.00,"18,900.00"
2019-06-23,2019062301005293,OHL,6,4,200,628.00,"125,600.00"
2019-06-23,2019062301005545,PCBL,28,4,84,286.00,"24,024.00"
2019-06-23,2019062301005544,PCBL,6,4,100,286.00,"28,600.00"
2019-06-23,2019062301005543,PCBL,42,4,100,286.00,"28,600.00"
2019-06-23,2019062301005542,PCBL,58,4,200,286.00,"57,200.00"
2019-06-23,2019062301005541,PCBL,55,4,246,286.00,"70,356.00"
2019-06-23,2019062301005438,PCBL,55,20,91,286.00,"26,026.00"
2019-06-23,2019062301005345,PCBL,39,4,100,287.00,"28,700.00"
2019-06-23,2019062301005126,PCBL,49,4,100,287.00,"28,700.00"
2019-06-23,2019062301005125,PCBL,28,4,70,287.00,"20,090.00"
2019-06-23,2019062301005589,PLIC,59,17,100,430.00,"43,000.00"
2019-06-23,2019062301005426,PLIC,55,17,38,434.00,"16,492.00"
2019-06-23,2019062301005450,PPCL,43,43,755,139.00,"104,945.00"
2019-06-23,2019062301005379,PPCL,45,51,10,140.00,"1,400.00"
2019-06-23,2019062301005378,PPCL,45,51,10,140.00,"1,400.00"
2019-06-23,2019062301005349,PPCL,43,26,190,139.00,"26,410.00"
2019-06-23,2019062301005110,PPCL,19,11,10,138.00,"1,380.00"
2019-06-23,2019062301005246,PPCL,43,6,35,139.00,"4,865.00"
2019-06-23,2019062301005245,PPCL,43,53,20,139.00,"2,780.00"
2019-06-23,2019062301005189,PPCL,19,1,30,138.00,"4,140.00"
2019-06-23,2019062301005175,PPCL,19,1,30,138.00,"4,140.00"
2019-06-23,2019062301005122,PPCL,19,11,10,138.00,"1,380.00"
2019-06-23,2019062301005119,PPCL,19,34,10,138.00,"1,380.00"
2019-06-23,2019062301005253,PRIN,49,40,100,377.00,"37,700.00"
2019-06-23,2019062301005252,PRIN,5,40,50,377.00,"18,850.00"
2019-06-23,2019062301005251,PRIN,57,40,100,377.00,"37,700.00"
2019-06-23,2019062301005532,PRVU,18,5,140,267.00,"37,380.00"
2019-06-23,2019062301005432,PRVU,18,45,650,267.00,"173,550.00"
2019-06-23,2019062301005237,PRVU,41,34,250,268.00,"67,000.00"
2019-06-23,2019062301005416,RADHI,29,50,228,166.00,"37,848.00"
2019-06-23,2019062301005415,RADHI,44,50,122,166.00,"20,252.00"
2019-06-23,2019062301005340,RADHI,44,50,188,166.00,"31,208.00"
2019-06-23,2019062301005339,RADHI,45,50,12,166.00,"1,992.00"
2019-06-23,2019062301005332,RHPC,28,47,14,90.00,"1,260.00"
2019-06-23,2019062301005317,RHPC,7,28,14,89.00,"1,246.00"
2019-06-23,2019062301005198,RRHP,7,45,250,110.00,"27,500.00"
2019-06-23,2019062301005429,SANIMA,7,57,100,349.00,"34,900.00"
2019-06-23,2019062301005428,SANIMA,7,29,700,349.00,"244,300.00"
2019-06-23,2019062301005427,SANIMA,7,57,500,349.00,"174,500.00"
2019-06-23,2019062301005135,SANIMA,7,38,597,348.00,"207,756.00"
2019-06-23,2019062301005134,SANIMA,51,38,50,348.00,"17,400.00"
2019-06-23,2019062301005133,SANIMA,40,38,353,348.00,"122,844.00"
2019-06-23,2019062301005338,SBI,44,54,105,464.00,"48,720.00"
2019-06-23,2019062301005334,SBI,21,42,42,465.00,"19,530.00"
2019-06-23,2019062301005333,SBI,21,17,26,465.00,"12,090.00"
2019-06-23,2019062301005303,SBI,39,17,100,465.00,"46,500.00"
2019-06-23,2019062301005606,SBL,20,25,10,315.00,"3,150.00"
2019-06-23,2019062301005518,SBL,33,39,500,316.00,"158,000.00"
2019-06-23,2019062301005517,SBL,44,39,100,316.00,"31,600.00"
2019-06-23,2019062301005470,SBL,33,29,407,317.00,"129,019.00"
2019-06-23,2019062301005414,SBL,29,39,"1,000",316.00,"316,000.00"
2019-06-23,2019062301005413,SBL,34,39,200,316.00,"63,200.00"
2019-06-23,2019062301005364,SBL,46,29,184,317.00,"58,328.00"
2019-06-23,2019062301005363,SBL,45,29,100,317.00,"31,700.00"
2019-06-23,2019062301005362,SBL,52,29,100,317.00,"31,700.00"
2019-06-23,2019062301005361,SBL,57,29,49,317.00,"15,533.00"
2019-06-23,2019062301005295,SBL,39,39,200,318.00,"63,600.00"
2019-06-23,2019062301005388,SBL,6,39,171,316.00,"54,036.00"
2019-06-23,2019062301005369,SBL,19,29,500,317.00,"158,500.00"
2019-06-23,2019062301005368,SBL,19,29,50,317.00,"15,850.00"
2019-06-23,2019062301005367,SBL,10,29,100,317.00,"31,700.00"
2019-06-23,2019062301005366,SBL,57,29,100,317.00,"31,700.00"
2019-06-23,2019062301005365,SBL,48,29,500,317.00,"158,500.00"
2019-06-23,2019062301005394,SBL,39,39,100,316.00,"31,600.00"
2019-06-23,2019062301005393,SBL,56,39,100,316.00,"31,600.00"
2019-06-23,2019062301005392,SBL,10,39,200,316.00,"63,200.00"
2019-06-23,2019062301005391,SBL,46,39,400,316.00,"126,400.00"
2019-06-23,2019062301005390,SBL,39,39,200,316.00,"63,200.00"
2019-06-23,2019062301005389,SBL,42,39,30,316.00,"9,480.00"
2019-06-23,2019062301005400,SBL,54,39,100,316.00,"31,600.00"
2019-06-23,2019062301005399,SBL,43,39,500,316.00,"158,000.00"
2019-06-23,2019062301005398,SBL,28,39,266,316.00,"84,056.00"
2019-06-23,2019062301005397,SBL,59,39,100,316.00,"31,600.00"
2019-06-23,2019062301005396,SBL,14,39,100,316.00,"31,600.00"
2019-06-23,2019062301005395,SBL,5,39,300,316.00,"94,800.00"
2019-06-23,2019062301005406,SBL,6,39,100,316.00,"31,600.00"
2019-06-23,2019062301005405,SBL,56,39,"3,000",316.00,"948,000.00"
2019-06-23,2019062301005404,SBL,13,39,200,316.00,"63,200.00"
2019-06-23,2019062301005403,SBL,4,39,300,316.00,"94,800.00"
2019-06-23,2019062301005402,SBL,46,39,25,316.00,"7,900.00"
2019-06-23,2019062301005401,SBL,32,39,300,316.00,"94,800.00"
2019-06-23,2019062301005412,SBL,34,39,100,316.00,"31,600.00"
2019-06-23,2019062301005411,SBL,28,39,300,316.00,"94,800.00"
2019-06-23,2019062301005410,SBL,33,39,100,316.00,"31,600.00"
2019-06-23,2019062301005409,SBL,39,39,100,316.00,"31,600.00"
2019-06-23,2019062301005408,SBL,39,39,50,316.00,"15,800.00"
2019-06-23,2019062301005407,SBL,25,39,100,316.00,"31,600.00"
2019-06-23,2019062301005276,SCB,28,28,20,661.00,"13,220.00"
2019-06-23,2019062301005588,SDESI,32,19,27,542.00,"14,634.00"
2019-06-23,2019062301005559,SDESI,42,19,27,544.00,"14,688.00"
2019-06-23,2019062301005607,SHIVM,34,38,10,651.00,"6,510.00"
2019-06-23,2019062301005601,SHIVM,52,7,127,650.00,"82,550.00"
2019-06-23,2019062301005565,SHIVM,58,51,20,649.00,"12,980.00"
2019-06-23,2019062301005561,SHIVM,48,7,500,650.00,"325,000.00"
2019-06-23,2019062301005551,SHIVM,58,34,415,649.00,"269,335.00"
2019-06-23,2019062301005550,SHIVM,26,34,585,649.00,"379,665.00"
2019-06-23,2019062301005121,SHIVM,58,45,20,649.00,"12,980.00"
2019-06-23,2019062301005120,SHIVM,58,55,80,649.00,"51,920.00"
2019-06-23,2019062301005226,SHIVM,58,17,100,650.00,"65,000.00"
2019-06-23,2019062301005225,SHIVM,58,5,200,650.00,"130,000.00"
2019-06-23,2019062301005224,SHIVM,58,7,811,650.00,"527,150.00"
2019-06-23,2019062301005223,SHIVM,58,45,870,649.00,"564,630.00"
2019-06-23,2019062301005174,SHIVM,38,45,10,649.00,"6,490.00"
2019-06-23,2019062301005124,SHIVM,1,45,100,649.00,"64,900.00"
2019-06-23,2019062301005356,SHIVM,7,21,100,649.00,"64,900.00"
2019-06-23,2019062301005355,SHIVM,34,21,90,649.00,"58,410.00"
2019-06-23,2019062301005302,SHIVM,26,7,39,650.00,"25,350.00"
2019-06-23,2019062301005301,SHIVM,26,57,161,650.00,"104,650.00"
2019-06-23,2019062301005228,SHIVM,58,57,19,650.00,"12,350.00"
2019-06-23,2019062301005227,SHIVM,58,34,200,650.00,"130,000.00"
2019-06-23,2019062301005492,SHIVM,28,7,10,650.00,"6,500.00"
2019-06-23,2019062301005437,SHIVM,26,45,415,649.00,"269,335.00"
2019-06-23,2019062301005436,SHIVM,48,45,60,649.00,"38,940.00"
2019-06-23,2019062301005385,SHIVM,1,7,400,650.00,"260,000.00"
2019-06-23,2019062301005357,SHIVM,48,21,140,649.00,"90,860.00"
2019-06-23,2019062301005585,SHL,58,45,140,230.00,"32,200.00"
2019-06-23,2019062301005584,SHL,40,45,400,230.00,"92,000.00"
2019-06-23,2019062301005583,SHL,5,45,360,230.00,"82,800.00"
2019-06-23,2019062301005582,SHL,56,45,100,230.00,"23,000.00"
2019-06-23,2019062301005522,SHL,28,43,"1,222",231.00,"282,282.00"
2019-06-23,2019062301005521,SHL,38,43,100,232.00,"23,200.00"
2019-06-23,2019062301005370,SHL,58,53,167,233.00,"38,911.00"
2019-06-23,2019062301005347,SHL,34,53,133,233.00,"30,989.00"
2019-06-23,2019062301005509,SHPC,37,38,25,246.00,"6,150.00"
2019-06-23,2019062301005508,SHPC,33,38,500,246.00,"123,000.00"
2019-06-23,2019062301005507,SHPC,21,38,50,246.00,"12,300.00"
2019-06-23,2019062301005506,SHPC,4,38,300,246.00,"73,800.00"
2019-06-23,2019062301005505,SHPC,41,38,100,247.00,"24,700.00"
2019-06-23,2019062301005504,SHPC,28,38,665,247.00,"164,255.00"
2019-06-23,2019062301005486,SHPC,28,49,257,247.00,"63,479.00"
2019-06-23,2019062301005257,SHPC,28,20,78,247.00,"19,266.00"
2019-06-23,2019062301005256,SHPC,25,20,51,247.00,"12,597.00"
2019-06-23,2019062301005510,SICL,22,44,50,754.00,"37,700.00"
2019-06-23,2019062301005503,SICL,35,21,20,753.00,"15,060.00"
2019-06-23,2019062301005478,SICL,35,44,40,753.00,"30,120.00"
2019-06-23,2019062301005114,SICL,42,46,10,755.00,"7,550.00"
2019-06-23,2019062301005113,SICL,42,59,50,755.00,"37,750.00"
2019-06-23,2019062301005229,SICL,21,47,41,755.00,"30,955.00"
2019-06-23,2019062301005215,SICL,21,44,59,755.00,"44,545.00"
2019-06-23,2019062301005143,SICL,8,34,100,754.00,"75,400.00"
2019-06-23,2019062301005117,SICL,42,44,25,756.00,"18,900.00"
2019-06-23,2019062301005116,SICL,42,25,54,756.00,"40,824.00"
2019-06-23,2019062301005115,SICL,42,44,25,756.00,"18,900.00"
2019-06-23,2019062301005435,SICL,35,44,19,753.00,"14,307.00"
2019-06-23,2019062301005424,SICL,35,4,150,753.00,"112,950.00"
2019-06-23,2019062301005231,SICL,35,47,159,753.00,"119,727.00"
2019-06-23,2019062301005230,SICL,8,47,300,754.00,"226,200.00"
2019-06-23,2019062301005204,SIL,25,38,10,448.00,"4,480.00"
2019-06-23,2019062301005528,SINDU,4,29,100,136.00,"13,600.00"
2019-06-23,2019062301005527,SINDU,4,29,200,136.00,"27,200.00"
2019-06-23,2019062301005526,SINDU,22,29,600,136.00,"81,600.00"
2019-06-23,2019062301005132,SLBS,33,48,10,724.00,"7,240.00"
2019-06-23,2019062301005533,SLICL,34,14,10,456.00,"4,560.00"
2019-06-23,2019062301005236,SLICL,28,28,62,451.00,"27,962.00"
2019-06-23,2019062301005530,SPARS,19,25,15,471.00,"7,065.00"
2019-06-23,2019062301005373,SPARS,6,25,10,480.00,"4,800.00"
2019-06-23,2019062301005214,SPARS,57,59,10,475.00,"4,750.00"
2019-06-23,2019062301005600,SRBL,43,28,83,251.00,"20,833.00"
2019-06-23,2019062301005599,SRBL,43,38,500,251.00,"125,500.00"
2019-06-23,2019062301005598,SRBL,43,58,417,251.00,"104,667.00"
2019-06-23,2019062301005591,SRBL,26,58,83,251.00,"20,833.00"
2019-06-23,2019062301005590,SRBL,26,16,17,251.00,"4,267.00"
2019-06-23,2019062301005319,SRBL,6,39,200,250.00,"50,000.00"
2019-06-23,2019062301005272,SRBL,43,16,630,251.00,"158,130.00"
2019-06-23,2019062301005271,SRBL,43,32,266,251.00,"66,766.00"
2019-06-23,2019062301005270,SRBL,43,7,104,251.00,"26,104.00"
2019-06-23,2019062301005249,SRBL,6,45,100,250.00,"25,000.00"
2019-06-23,2019062301005593,TRH,36,39,30,313.00,"9,390.00"
2019-06-23,2019062301005586,TRH,52,14,100,312.00,"31,200.00"
2019-06-23,2019062301005581,TRH,38,38,100,311.00,"31,100.00"
2019-06-23,2019062301005580,TRH,19,38,50,311.00,"15,550.00"
2019-06-23,2019062301005549,TRH,19,58,50,311.00,"15,550.00"
2019-06-23,2019062301005548,TRH,48,58,50,311.00,"15,550.00"
2019-06-23,2019062301005213,TRH,55,38,100,311.00,"31,100.00"
2019-06-23,2019062301005212,TRH,46,38,300,311.00,"93,300.00"
2019-06-23,2019062301005211,TRH,14,38,500,311.00,"155,500.00"
2019-06-23,2019062301005566,UPCL,17,59,200,92.00,"18,400.00"
2019-06-23,2019062301005386,UPPER,29,6,287,265.00,"76,055.00"
2019-06-23,2019062301005372,UPPER,29,59,413,265.00,"109,445.00"
2019-06-23,2019062301005371,UPPER,38,59,87,265.00,"23,055.00"
2019-06-23,2019062301005291,UPPER,38,18,113,265.00,"29,945.00"
2019-06-23,2019062301005290,UPPER,17,18,100,265.00,"26,500.00"
2019-06-23,2019062301005289,UPPER,7,18,80,265.00,"21,200.00"
2019-06-23,2019062301005286,UPPER,7,42,200,265.00,"53,000.00"
2019-06-23,2019062301005265,UPPER,7,22,20,265.00,"5,300.00"
2019-06-23,2019062301005176,UPPER,7,7,300,265.00,"79,500.00"
2019-06-23,2019062301005467,VLBS,11,32,13,480.00,"6,240.00"
2019-06-23,2019062301005053,ADBL,45,5,10,406.00,"4,060.00"
2019-06-23,2019062301005025,ADBL,42,43,50,407.00,"20,350.00"
2019-06-23,2019062301004941,ADBL,48,4,10,407.00,"4,070.00"
2019-06-23,2019062301004749,ADBL,49,49,122,405.00,"49,410.00"
2019-06-23,2019062301004679,ADBL,48,42,10,406.00,"4,060.00"
2019-06-23,2019062301004875,AHPC,42,39,"2,007",107.00,"214,749.00"
2019-06-23,2019062301005021,AKPL,41,58,"1,000",181.00,"181,000.00"
2019-06-23,2019062301005020,AKPL,8,58,500,181.00,"90,500.00"
2019-06-23,2019062301005019,AKPL,56,58,500,182.00,"91,000.00"
2019-06-23,2019062301005018,AKPL,34,58,100,182.00,"18,200.00"
2019-06-23,2019062301005017,AKPL,56,58,87,182.00,"15,834.00"
2019-06-23,2019062301004901,AKPL,34,6,30,185.00,"5,550.00"
2019-06-23,2019062301004678,AKPL,56,22,13,182.00,"2,366.00"
2019-06-23,2019062301004619,AKPL,56,41,99,182.00,"18,018.00"
2019-06-23,2019062301004942,ALBSL,19,59,10,395.00,"3,950.00"
2019-06-23,2019062301004750,ALBSL,19,39,10,395.00,"3,950.00"
2019-06-23,2019062301004729,ALBSL,19,39,10,395.00,"3,950.00"
2019-06-23,2019062301004714,ALBSL,19,39,10,395.00,"3,950.00"
2019-06-23,2019062301004897,ALICL,58,17,288,380.00,"109,440.00"
2019-06-23,2019062301004866,ALICL,35,17,212,380.00,"80,560.00"
2019-06-23,2019062301004645,ALICL,35,41,88,380.00,"33,440.00"
2019-06-23,2019062301004644,ALICL,33,41,54,380.00,"20,520.00"
2019-06-23,2019062301005097,API,34,13,500,144.00,"72,000.00"
2019-06-23,2019062301005049,API,44,44,1,142.00,142.00
2019-06-23,2019062301004807,API,34,47,362,144.00,"52,128.00"
2019-06-23,2019062301004806,API,57,47,138,144.00,"19,872.00"
2019-06-23,2019062301004810,BFC,32,39,210,103.00,"21,630.00"
2019-06-23,2019062301004809,BFC,17,39,125,103.00,"12,875.00"
2019-06-23,2019062301005024,BOKL,56,4,50,261.00,"13,050.00"
2019-06-23,2019062301005023,BOKL,26,4,100,261.00,"26,100.00"
2019-06-23,2019062301005022,BOKL,56,4,100,261.00,"26,100.00"
2019-06-23,2019062301004757,BOKL,48,57,20,265.00,"5,300.00"
2019-06-23,2019062301005085,BPCL,14,39,200,402.00,"80,400.00"
2019-06-23,2019062301005035,CBBL,16,4,50,931.00,"46,550.00"
2019-06-23,2019062301005028,CBBL,42,7,300,935.00,"280,500.00"
2019-06-23,2019062301005027,CBBL,42,5,200,934.00,"186,800.00"
2019-06-23,2019062301004878,CBBL,16,57,89,931.00,"82,859.00"
2019-06-23,2019062301004627,CBBL,16,5,220,931.00,"204,820.00"
2019-06-23,2019062301004939,CBL,45,4,95,146.00,"13,870.00"
2019-06-23,2019062301005063,CCBL,49,5,25,167.00,"4,175.00"
2019-06-23,2019062301005062,CCBL,25,5,293,167.00,"48,931.00"
2019-06-23,2019062301004981,CCBL,25,47,207,167.00,"34,569.00"
2019-06-23,2019062301004980,CCBL,21,47,407,167.00,"67,969.00"
2019-06-23,2019062301004979,CCBL,17,47,249,168.00,"41,832.00"
2019-06-23,2019062301004821,CCBL,17,32,100,168.00,"16,800.00"
2019-06-23,2019062301004684,CCBL,17,21,"1,001",168.00,"168,168.00"
2019-06-23,2019062301004671,CCBL,17,20,50,168.00,"8,400.00"
2019-06-23,2019062301004969,CHCL,1,40,15,513.00,"7,695.00"
2019-06-23,2019062301004753,CHCL,34,34,"42,252",512.00,"21,633,024.00"
2019-06-23,2019062301004738,CHCL,19,40,360,513.00,"184,680.00"
2019-06-23,2019062301004904,CHL,44,7,10,94.00,940.00
2019-06-23,2019062301004903,CHL,44,28,50,94.00,"4,700.00"
2019-06-23,2019062301004943,CZBIL,40,25,10,220.00,"2,200.00"
2019-06-23,2019062301004936,CZBIL,40,25,10,220.00,"2,200.00"
2019-06-23,2019062301004805,CZBIL,48,40,20,222.00,"4,440.00"
2019-06-23,2019062301004768,CZBIL,40,20,34,220.00,"7,480.00"
2019-06-23,2019062301004762,CZBIL,40,38,10,220.00,"2,200.00"
2019-06-23,2019062301004731,CZBIL,20,20,30,221.00,"6,630.00"
2019-06-23,2019062301004667,CZBIL,40,41,518,220.00,"113,960.00"
2019-06-23,2019062301004666,CZBIL,20,41,50,220.00,"11,000.00"
2019-06-23,2019062301004665,CZBIL,57,41,50,221.00,"11,050.00"
2019-06-23,2019062301004994,DBBL,6,4,623,138.00,"85,974.00"
2019-06-23,2019062301004837,DBBL,7,4,177,138.00,"24,426.00"
2019-06-23,2019062301004827,DBBL,7,42,"1,823",138.00,"251,574.00"
2019-06-23,2019062301004826,DBBL,56,42,177,138.00,"24,426.00"
2019-06-23,2019062301004937,DDBL,54,21,22,702.00,"15,444.00"
2019-06-23,2019062301004838,DDBL,49,44,"2,500",704.00,"1,760,000.00"
2019-06-23,2019062301004782,DDBL,34,34,"25,584",701.00,"17,934,384.00"
2019-06-23,2019062301004778,DDBL,34,45,11,701.00,"7,711.00"
2019-06-23,2019062301004676,EBL,7,5,298,662.00,"197,276.00"
2019-06-23,2019062301004633,EBL,7,42,696,662.00,"460,752.00"
2019-06-23,2019062301004632,EBL,6,42,279,662.00,"184,698.00"
2019-06-23,2019062301005098,EIC,50,18,10,369.00,"3,690.00"
2019-06-23,2019062301004688,FMDBL,59,57,100,377.00,"37,700.00"
2019-06-23,2019062301004673,FMDBL,59,57,20,377.00,"7,540.00"
2019-06-23,2019062301004662,FMDBL,26,57,500,378.00,"189,000.00"
2019-06-23,2019062301004661,FMDBL,29,57,300,378.00,"113,400.00"
2019-06-23,2019062301004660,FMDBL,22,57,100,378.00,"37,800.00"
2019-06-23,2019062301004659,FMDBL,42,57,50,378.00,"18,900.00"
2019-06-23,2019062301004658,FMDBL,42,57,30,379.00,"11,370.00"
2019-06-23,2019062301005086,GBBL,4,35,114,224.00,"25,536.00"
2019-06-23,2019062301005001,GBBL,19,35,386,224.00,"86,464.00"
2019-06-23,2019062301004978,GBBL,19,35,114,224.00,"25,536.00"
2019-06-23,2019062301004977,GBBL,20,35,50,224.00,"11,200.00"
2019-06-23,2019062301004976,GBBL,39,35,336,224.00,"75,264.00"
2019-06-23,2019062301004865,GBBL,39,53,241,224.00,"53,984.00"
2019-06-23,2019062301004846,GBBL,39,53,84,224.00,"18,816.00"
2019-06-23,2019062301004808,GBBL,39,32,96,224.00,"21,504.00"
2019-06-23,2019062301004802,GBBL,39,35,59,224.00,"13,216.00"
2019-06-23,2019062301004779,GBBL,39,21,50,224.00,"11,200.00"
2019-06-23,2019062301004913,GBIME,36,42,100,300.00,"30,000.00"
2019-06-23,2019062301004905,GBIME,36,42,12,300.00,"3,600.00"
2019-06-23,2019062301004893,GBIME,48,21,20,301.00,"6,020.00"
2019-06-23,2019062301004710,GBIME,28,21,56,301.00,"16,856.00"
2019-06-23,2019062301004700,GBIME,36,20,12,300.00,"3,600.00"
2019-06-23,2019062301004699,GBIME,36,5,18,300.00,"5,400.00"
2019-06-23,2019062301004698,GBIME,42,5,100,300.00,"30,000.00"
2019-06-23,2019062301004697,GBIME,53,5,99,300.00,"29,700.00"
2019-06-23,2019062301004677,GBIME,53,41,79,300.00,"23,700.00"
2019-06-23,2019062301004734,GDBL,59,5,300,212.00,"63,600.00"
2019-06-23,2019062301004733,GDBL,6,5,80,212.00,"16,960.00"
2019-06-23,2019062301004732,GDBL,52,5,12,213.00,"2,556.00"
2019-06-23,2019062301004711,GDBL,52,13,94,213.00,"20,022.00"
2019-06-23,2019062301004687,GDBL,52,13,94,213.00,"20,022.00"
2019-06-23,2019062301004760,GDBL,57,5,10,210.00,"2,100.00"
2019-06-23,2019062301004759,GDBL,52,5,300,211.00,"63,300.00"
2019-06-23,2019062301004975,GILB,38,47,105,"1,176.00","123,480.00"
2019-06-23,2019062301004952,GILB,48,47,22,"1,176.00","25,872.00"
2019-06-23,2019062301004811,GIMES1,7,21,400,8.00,"3,200.00"
2019-06-23,2019062301004888,HBL,56,22,50,555.00,"27,750.00"
2019-06-23,2019062301005057,HDL,54,54,500,"1,695.00","847,500.00"
2019-06-23,2019062301004886,HIDCL,35,50,15,160.00,"2,400.00"
2019-06-23,2019062301004885,HIDCL,35,50,61,160.00,"9,760.00"
2019-06-23,2019062301004884,HIDCL,35,50,24,160.00,"3,840.00"
2019-06-23,2019062301004780,HIDCL,51,41,159,159.00,"25,281.00"
2019-06-23,2019062301004755,HIDCL,51,52,61,159.00,"9,699.00"
2019-06-23,2019062301004704,HIDCL,51,52,61,159.00,"9,699.00"
2019-06-23,2019062301004702,HIDCL,26,50,37,160.00,"5,920.00"
2019-06-23,2019062301004701,HIDCL,26,48,63,160.00,"10,080.00"
2019-06-23,2019062301004664,HIDCL,51,22,22,159.00,"3,498.00"
2019-06-23,2019062301004934,HPPL,57,6,20,176.00,"3,520.00"
2019-06-23,2019062301004756,HPPL,57,41,20,176.00,"3,520.00"
2019-06-23,2019062301005095,HURJA,36,1,10,143.00,"1,430.00"
2019-06-23,2019062301005084,HURJA,36,1,20,143.00,"2,860.00"
2019-06-23,2019062301005068,HURJA,36,1,20,143.00,"2,860.00"
2019-06-23,2019062301005030,HURJA,36,1,20,143.00,"2,860.00"
2019-06-23,2019062301005016,HURJA,36,52,20,143.00,"2,860.00"
2019-06-23,2019062301005014,HURJA,36,1,20,143.00,"2,860.00"
2019-06-23,2019062301004767,HURJA,36,41,20,143.00,"2,860.00"
2019-06-23,2019062301004705,HURJA,36,40,20,143.00,"2,860.00"
2019-06-23,2019062301005034,JBBL,49,45,200,155.00,"31,000.00"
2019-06-23,2019062301004899,JBBL,59,45,285,155.00,"44,175.00"
2019-06-23,2019062301004898,JBBL,59,32,15,155.00,"2,325.00"
2019-06-23,2019062301004761,JBBL,50,49,46,154.00,"7,084.00"
2019-06-23,2019062301004998,JBNL,42,28,185,208.00,"38,480.00"
2019-06-23,2019062301004874,JBNL,6,28,959,208.00,"199,472.00"
2019-06-23,2019062301004873,JBNL,6,39,500,208.00,"104,000.00"
2019-06-23,2019062301004872,JBNL,6,29,500,208.00,"104,000.00"
2019-06-23,2019062301004871,JBNL,6,20,41,208.00,"8,528.00"
2019-06-23,2019062301004787,JBNL,7,20,10,208.00,"2,080.00"
2019-06-23,2019062301004786,JBNL,7,41,490,208.00,"101,920.00"
2019-06-23,2019062301004887,JFL,33,59,30,179.00,"5,370.00"
2019-06-23,2019062301004669,JSLBB,34,39,14,966.00,"13,524.00"
2019-06-23,2019062301004621,JSLBB,45,44,53,960.00,"50,880.00"
2019-06-23,2019062301004900,KBBL,41,46,500,235.00,"117,500.00"
2019-06-23,2019062301004863,KBBL,8,33,500,236.00,"118,000.00"
2019-06-23,2019062301004862,KBBL,8,33,430,236.00,"101,480.00"
2019-06-23,2019062301004861,KBBL,8,59,300,236.00,"70,800.00"
2019-06-23,2019062301004860,KBBL,8,59,667,236.00,"157,412.00"
2019-06-23,2019062301005099,KBL,25,20,120,211.00,"25,320.00"
2019-06-23,2019062301005010,KBL,25,59,100,211.00,"21,100.00"
2019-06-23,2019062301004988,KBL,44,4,258,212.00,"54,696.00"
2019-06-23,2019062301004987,KBL,44,4,"1,142",212.00,"242,104.00"
2019-06-23,2019062301004766,KBL,42,4,200,212.00,"42,400.00"
2019-06-23,2019062301004751,KBL,42,4,200,212.00,"42,400.00"
2019-06-23,2019062301004695,KPCL,59,7,10,94.00,940.00
2019-06-23,2019062301004728,KPCL,59,7,10,93.00,930.00
2019-06-23,2019062301004718,KPCL,59,39,10,93.00,930.00
2019-06-23,2019062301005101,LBBL,26,49,100,198.00,"19,800.00"
2019-06-23,2019062301004967,LBBL,48,48,50,199.00,"9,950.00"
2019-06-23,2019062301004876,LBBL,35,48,50,199.00,"9,950.00"
2019-06-23,2019062301004785,LBBL,52,49,114,198.00,"22,572.00"
2019-06-23,2019062301005067,LBL,53,16,150,218.00,"32,700.00"
2019-06-23,2019062301005066,LBL,41,16,100,218.00,"21,800.00"
2019-06-23,2019062301004803,LGIL,52,39,100,436.00,"43,600.00"
2019-06-23,2019062301004722,LGIL,52,17,35,436.00,"15,260.00"
2019-06-23,2019062301004721,LGIL,59,17,20,436.00,"8,720.00"
2019-06-23,2019062301004720,LGIL,43,17,100,436.00,"43,600.00"
2019-06-23,2019062301004719,LGIL,43,17,117,436.00,"51,012.00"
2019-06-23,2019062301004623,LGIL,49,17,78,437.00,"34,086.00"
2019-06-23,2019062301004912,LVF1,6,26,"5,000",10.18,"50,900.00"
2019-06-23,2019062301004911,LVF1,6,13,"5,000",10.17,"50,850.00"
2019-06-23,2019062301004933,MBL,5,1,300,264.00,"79,200.00"
2019-06-23,2019062301004877,MBL,28,32,50,263.00,"13,150.00"
2019-06-23,2019062301005109,MEGA,35,45,28,199.00,"5,572.00"
2019-06-23,2019062301005108,MEGA,35,45,27,199.00,"5,373.00"
2019-06-23,2019062301005058,MEGA,35,58,100,200.00,"20,000.00"
2019-06-23,2019062301004848,MEGA,32,58,950,200.00,"190,000.00"
2019-06-23,2019062301004847,MEGA,32,6,50,200.00,"10,000.00"
2019-06-23,2019062301004776,MEGA,42,6,200,200.00,"40,000.00"
2019-06-23,2019062301005005,MERO,45,55,39,535.00,"20,865.00"
2019-06-23,2019062301005004,MERO,45,58,10,535.00,"5,350.00"
2019-06-23,2019062301004631,MERO,25,16,1,531.00,531.00
2019-06-23,2019062301004999,MLBL,19,22,10,192.00,"1,920.00"
2019-06-23,2019062301004771,MLBL,19,49,60,192.00,"11,520.00"
2019-06-23,2019062301005045,MNBBL,8,56,500,373.00,"186,500.00"
2019-06-23,2019062301005044,MNBBL,8,17,332,373.00,"123,836.00"
2019-06-23,2019062301005000,MNBBL,37,39,50,372.00,"18,600.00"
2019-06-23,2019062301004944,MNBBL,37,25,215,372.00,"79,980.00"
2019-06-23,2019062301004696,MNBBL,1,1,10,372.00,"3,720.00"
2019-06-23,2019062301004686,MNBBL,1,1,29,372.00,"10,788.00"
2019-06-23,2019062301004685,MNBBL,1,21,300,372.00,"111,600.00"
2019-06-23,2019062301004928,MNBBL,37,21,100,372.00,"37,200.00"
2019-06-23,2019062301004927,MNBBL,37,1,91,372.00,"33,852.00"
2019-06-23,2019062301004845,MNBBL,29,1,150,372.00,"55,800.00"
2019-06-23,2019062301004713,MNBBL,1,1,10,372.00,"3,720.00"
2019-06-23,2019062301005013,MPFL,33,56,"1,000",232.00,"232,000.00"
2019-06-23,2019062301005012,MPFL,8,56,190,233.00,"44,270.00"
2019-06-23,2019062301004995,MPFL,8,26,10,233.00,"2,330.00"
2019-06-23,2019062301004896,MPFL,28,17,100,233.00,"23,300.00"
2019-06-23,2019062301004895,MPFL,28,28,50,232.00,"11,600.00"
2019-06-23,2019062301004889,MPFL,38,28,50,232.00,"11,600.00"
2019-06-23,2019062301004772,MPFL,40,17,100,233.00,"23,300.00"
2019-06-23,2019062301004620,MPFL,46,5,80,237.00,"18,960.00"
2019-06-23,2019062301005102,NABIL,28,13,25,806.00,"20,150.00"
2019-06-23,2019062301005052,NABIL,58,57,50,804.00,"40,200.00"
2019-06-23,2019062301004892,NABIL,5,39,620,807.00,"500,340.00"
2019-06-23,2019062301004859,NABIL,41,39,20,805.00,"16,100.00"
2019-06-23,2019062301004858,NABIL,51,39,60,805.00,"48,300.00"
2019-06-23,2019062301004857,NABIL,51,39,500,805.00,"402,500.00"
2019-06-23,2019062301004850,NABIL,35,39,80,806.00,"64,480.00"
2019-06-23,2019062301004849,NABIL,35,39,100,806.00,"80,600.00"
2019-06-23,2019062301004689,NABIL,19,39,260,807.00,"209,820.00"
2019-06-23,2019062301004856,NABIL,32,39,50,805.00,"40,250.00"
2019-06-23,2019062301004855,NABIL,4,39,250,805.00,"201,250.00"
2019-06-23,2019062301004854,NABIL,14,39,51,805.00,"41,055.00"
2019-06-23,2019062301004853,NABIL,42,39,50,805.00,"40,250.00"
2019-06-23,2019062301004852,NABIL,49,39,50,805.00,"40,250.00"
2019-06-23,2019062301004851,NABIL,42,39,90,805.00,"72,450.00"
2019-06-23,2019062301004881,NADEP,58,51,20,415.00,"8,300.00"
2019-06-23,2019062301004868,NADEP,58,51,20,415.00,"8,300.00"
2019-06-23,2019062301004864,NADEP,58,51,20,415.00,"8,300.00"
2019-06-23,2019062301005043,NBL,37,43,100,322.00,"32,200.00"
2019-06-23,2019062301005040,NBL,59,43,91,322.00,"29,302.00"
2019-06-23,2019062301005039,NBL,59,4,109,322.00,"35,098.00"
2019-06-23,2019062301005038,NBL,42,4,500,322.00,"161,000.00"
2019-06-23,2019062301005032,NBL,46,4,40,322.00,"12,880.00"
2019-06-23,2019062301005015,NBL,6,4,50,322.00,"16,100.00"
2019-06-23,2019062301004650,NBL,22,4,"1,000",321.00,"321,000.00"
2019-06-23,2019062301004649,NBL,52,4,100,321.00,"32,100.00"
2019-06-23,2019062301004648,NBL,8,4,"1,629",321.00,"522,909.00"
2019-06-23,2019062301004656,NBL,51,4,148,321.00,"47,508.00"
2019-06-23,2019062301004655,NBL,35,4,"1,000",321.00,"321,000.00"
2019-06-23,2019062301004654,NBL,36,4,20,321.00,"6,420.00"
2019-06-23,2019062301004653,NBL,16,4,53,321.00,"17,013.00"
2019-06-23,2019062301004652,NBL,45,4,50,321.00,"16,050.00"
2019-06-23,2019062301004651,NBL,57,4,"1,000",321.00,"321,000.00"
2019-06-23,2019062301004940,NBL,51,59,500,321.00,"160,500.00"
2019-06-23,2019062301004703,NBL,32,4,"1,301",322.00,"418,922.00"
2019-06-23,2019062301004683,NBL,32,38,"1,000",322.00,"322,000.00"
2019-06-23,2019062301004682,NBL,32,4,"2,000",322.00,"644,000.00"
2019-06-23,2019062301004681,NBL,32,50,248,322.00,"79,856.00"
2019-06-23,2019062301004680,NBL,32,42,451,322.00,"145,222.00"
2019-06-23,2019062301005069,NCCB,44,52,20,257.00,"5,140.00"
2019-06-23,2019062301005061,NCCB,44,25,300,257.00,"77,100.00"
2019-06-23,2019062301005046,NCCB,44,34,"1,700",257.00,"436,900.00"
2019-06-23,2019062301005008,NCCB,41,33,300,258.00,"77,400.00"
2019-06-23,2019062301004932,NCCB,44,22,305,257.00,"78,385.00"
2019-06-23,2019062301004931,NCCB,39,22,200,257.00,"51,400.00"
2019-06-23,2019062301004930,NCCB,36,22,150,257.00,"38,550.00"
2019-06-23,2019062301004929,NCCB,49,22,100,257.00,"25,700.00"
2019-06-23,2019062301004883,NGPL,54,13,100,119.00,"11,900.00"
2019-06-23,2019062301004882,NGPL,54,39,200,119.00,"23,800.00"
2019-06-23,2019062301005081,NIB,39,20,44,523.00,"23,012.00"
2019-06-23,2019062301005051,NIB,37,28,100,524.00,"52,400.00"
2019-06-23,2019062301004960,NIB,45,28,20,524.00,"10,480.00"
2019-06-23,2019062301004938,NIB,58,28,100,524.00,"52,400.00"
2019-06-23,2019062301004769,NIB,32,28,100,525.00,"52,500.00"
2019-06-23,2019062301004752,NIB,34,28,20,525.00,"10,500.00"
2019-06-23,2019062301004693,NIB,44,55,"1,078",524.00,"564,872.00"
2019-06-23,2019062301004692,NIB,43,55,797,525.00,"418,425.00"
2019-06-23,2019062301004690,NIB,43,40,103,525.00,"54,075.00"
2019-06-23,2019062301004663,NIB,32,40,64,525.00,"33,600.00"
2019-06-23,2019062301004634,NIB,43,13,900,525.00,"472,500.00"
2019-06-23,2019062301004743,NIB,32,55,200,524.00,"104,800.00"
2019-06-23,2019062301004742,NIB,7,55,500,524.00,"262,000.00"
2019-06-23,2019062301004741,NIB,22,55,100,524.00,"52,400.00"
2019-06-23,2019062301004740,NIB,7,55,100,524.00,"52,400.00"
2019-06-23,2019062301004739,NIB,44,55,797,524.00,"417,628.00"
2019-06-23,2019062301004712,NIB,44,28,500,524.00,"262,000.00"
2019-06-23,2019062301004824,NIBPO,34,34,"32,948",481.00,"15,847,988.00"
2019-06-23,2019062301004637,NIBPO,35,4,20,480.00,"9,600.00"
2019-06-23,2019062301004636,NIBPO,6,4,474,480.00,"227,520.00"
2019-06-23,2019062301004635,NIBPO,40,4,500,481.00,"240,500.00"
2019-06-23,2019062301005064,NICA,45,39,60,465.00,"27,900.00"
2019-06-23,2019062301005060,NICA,45,34,130,465.00,"60,450.00"
2019-06-23,2019062301005009,NICA,33,39,50,465.00,"23,250.00"
2019-06-23,2019062301004991,NICA,6,49,10,466.00,"4,660.00"
2019-06-23,2019062301004919,NICA,14,49,100,466.00,"46,600.00"
2019-06-23,2019062301004917,NICA,33,47,816,465.00,"379,440.00"
2019-06-23,2019062301004818,NICA,33,35,31,465.00,"14,415.00"
2019-06-23,2019062301004777,NICA,32,49,200,466.00,"93,200.00"
2019-06-23,2019062301005106,NICL,32,25,20,360.00,"7,200.00"
2019-06-23,2019062301004990,NICL,32,1,20,360.00,"7,200.00"
2019-06-23,2019062301005042,NIL,20,40,621,475.00,"294,975.00"
2019-06-23,2019062301005041,NIL,58,40,179,475.00,"85,025.00"
2019-06-23,2019062301004974,NIL,58,1,21,475.00,"9,975.00"
2019-06-23,2019062301004973,NIL,45,1,10,475.00,"4,750.00"
2019-06-23,2019062301004972,NIL,43,1,50,475.00,"23,750.00"
2019-06-23,2019062301004971,NIL,43,1,19,475.00,"9,025.00"
2019-06-23,2019062301004707,NIL,6,51,38,476.00,"18,088.00"
2019-06-23,2019062301004706,NIL,42,51,52,476.00,"24,752.00"
2019-06-23,2019062301004626,NIL,42,42,48,476.00,"22,848.00"
2019-06-23,2019062301004625,NIL,13,42,42,476.00,"19,992.00"
2019-06-23,2019062301004624,NIL,29,42,10,477.00,"4,770.00"
2019-06-23,2019062301004951,NIL,43,1,81,475.00,"38,475.00"
2019-06-23,2019062301004950,NIL,57,1,50,475.00,"23,750.00"
2019-06-23,2019062301004949,NIL,57,19,50,475.00,"23,750.00"
2019-06-23,2019062301004908,NIL,38,40,100,476.00,"47,600.00"
2019-06-23,2019062301004907,NIL,19,40,500,476.00,"238,000.00"
2019-06-23,2019062301004906,NIL,6,40,62,476.00,"29,512.00"
2019-06-23,2019062301005059,NLBBL,51,19,51,485.00,"24,735.00"
2019-06-23,2019062301004924,NLBBL,51,39,10,485.00,"4,850.00"
2019-06-23,2019062301004870,NLBBL,56,39,30,486.00,"14,580.00"
2019-06-23,2019062301004813,NLG,29,6,50,740.00,"37,000.00"
2019-06-23,2019062301004812,NLG,26,6,52,740.00,"38,480.00"
2019-06-23,2019062301004791,NLG,26,25,48,740.00,"35,520.00"
2019-06-23,2019062301004790,NLG,29,25,25,742.00,"18,550.00"
2019-06-23,2019062301004789,NLG,5,25,10,742.00,"7,420.00"
2019-06-23,2019062301004788,NLG,45,25,73,742.00,"54,166.00"
2019-06-23,2019062301004948,NLIC,45,6,17,895.00,"15,215.00"
2019-06-23,2019062301004770,NLIC,54,22,17,894.00,"15,198.00"
2019-06-23,2019062301004968,NLICL,41,44,100,619.00,"61,900.00"
2019-06-23,2019062301005107,NMBMF,35,25,40,986.00,"39,440.00"
2019-06-23,2019062301005087,NMBMF,42,25,40,990.00,"39,600.00"
2019-06-23,2019062301005083,NMBMF,44,44,5,980.00,"4,900.00"
2019-06-23,2019062301004763,NNLB,51,34,90,380.00,"34,200.00"
2019-06-23,2019062301004745,NNLB,38,34,100,385.00,"38,500.00"
2019-06-23,2019062301004744,NNLB,45,34,10,385.00,"3,850.00"
2019-06-23,2019062301004869,NUBL,34,34,"6,380",826.00,"5,269,880.00"
2019-06-23,2019062301004775,NUBL,49,49,"5,870",830.00,"4,872,100.00"
2019-06-23,2019062301004817,OHL,42,59,200,630.00,"126,000.00"
2019-06-23,2019062301005033,PCBL,42,4,500,287.00,"143,500.00"
2019-06-23,2019062301004993,PCBL,42,4,500,287.00,"143,500.00"
2019-06-23,2019062301004965,PCBL,21,57,250,287.00,"71,750.00"
2019-06-23,2019062301004964,PCBL,21,40,15,287.00,"4,305.00"
2019-06-23,2019062301004963,PCBL,21,4,150,287.00,"43,050.00"
2019-06-23,2019062301004909,PCBL,57,4,150,287.00,"43,050.00"
2019-06-23,2019062301004844,PCBL,56,4,200,287.00,"57,400.00"
2019-06-23,2019062301004836,PFL,45,32,19,138.00,"2,622.00"
2019-06-23,2019062301004691,PFL,26,6,10,139.00,"1,390.00"
2019-06-23,2019062301004618,PIC,48,57,40,995.00,"39,800.00"
2019-06-23,2019062301004617,PIC,42,57,50,995.00,"49,750.00"
2019-06-23,2019062301004616,PIC,46,57,30,995.00,"29,850.00"
2019-06-23,2019062301004615,PIC,20,57,86,996.00,"85,656.00"
2019-06-23,2019062301004614,PIC,13,57,50,998.00,"49,900.00"
2019-06-23,2019062301004613,PIC,41,57,25,999.00,"24,975.00"
2019-06-23,2019062301004612,PIC,8,57,55,999.00,"54,945.00"
2019-06-23,2019062301005003,PPCL,19,1,30,138.00,"4,140.00"
2019-06-23,2019062301004997,PPCL,19,1,30,138.00,"4,140.00"
2019-06-23,2019062301004982,PPCL,19,1,30,138.00,"4,140.00"
2019-06-23,2019062301004966,PPCL,19,1,30,138.00,"4,140.00"
2019-06-23,2019062301004953,PPCL,19,1,30,138.00,"4,140.00"
2019-06-23,2019062301004945,PPCL,19,1,30,138.00,"4,140.00"
2019-06-23,2019062301004935,PPCL,19,1,30,138.00,"4,140.00"
2019-06-23,2019062301004918,PPCL,19,1,30,138.00,"4,140.00"
2019-06-23,2019062301004910,PPCL,19,1,30,138.00,"4,140.00"
2019-06-23,2019062301004894,PPCL,19,1,30,138.00,"4,140.00"
2019-06-23,2019062301004880,PPCL,19,1,20,138.00,"2,760.00"
2019-06-23,2019062301004820,PPCL,19,55,20,138.00,"2,760.00"
2019-06-23,2019062301004799,PRIN,22,42,24,376.00,"9,024.00"
2019-06-23,2019062301004798,PRIN,32,42,100,377.00,"37,700.00"
2019-06-23,2019062301004797,PRIN,56,42,100,377.00,"37,700.00"
2019-06-23,2019062301004796,PRIN,29,42,100,377.00,"37,700.00"
2019-06-23,2019062301004795,PRIN,45,42,50,378.00,"18,900.00"
2019-06-23,2019062301004794,PRIN,28,42,80,378.00,"30,240.00"
2019-06-23,2019062301004793,PRIN,39,42,26,380.00,"9,880.00"
2019-06-23,2019062301004792,PRIN,4,42,20,380.00,"7,600.00"
2019-06-23,2019062301005092,PRVU,34,34,"5,000",267.00,"1,335,000.00"
2019-06-23,2019062301005091,PRVU,18,34,500,267.00,"133,500.00"
2019-06-23,2019062301005090,PRVU,45,34,200,267.00,"53,400.00"
2019-06-23,2019062301005089,PRVU,43,34,28,267.00,"7,476.00"
2019-06-23,2019062301005088,PRVU,42,34,213,268.00,"57,084.00"
2019-06-23,2019062301005048,PRVU,42,21,108,268.00,"28,944.00"
2019-06-23,2019062301004610,PRVU,58,33,"1,000",267.00,"267,000.00"
2019-06-23,2019062301004674,PRVU,56,33,100,267.00,"26,700.00"
2019-06-23,2019062301004668,PRVU,42,33,50,267.00,"13,350.00"
2019-06-23,2019062301004638,PRVU,56,33,100,267.00,"26,700.00"
2019-06-23,2019062301004628,PRVU,58,33,"1,000",267.00,"267,000.00"
2019-06-23,2019062301004622,PRVU,33,6,913,266.00,"242,858.00"
2019-06-23,2019062301004611,PRVU,56,33,50,267.00,"13,350.00"
2019-06-23,2019062301004735,PRVU,42,33,100,267.00,"26,700.00"
2019-06-23,2019062301004801,PRVU,29,33,"1,104",267.00,"294,768.00"
2019-06-23,2019062301004800,PRVU,29,34,"5,000",267.00,"1,335,000.00"
2019-06-23,2019062301004765,PRVU,14,33,400,267.00,"106,800.00"
2019-06-23,2019062301004754,PRVU,14,33,"1,600",267.00,"427,200.00"
2019-06-23,2019062301005047,PRVU,42,21,179,268.00,"47,972.00"
2019-06-23,2019062301005029,PRVU,43,39,72,267.00,"19,224.00"
2019-06-23,2019062301005002,PRVU,41,21,200,268.00,"53,600.00"
2019-06-23,2019062301004841,PRVU,36,32,56,266.00,"14,896.00"
2019-06-23,2019062301004840,PRVU,33,32,19,266.00,"5,054.00"
2019-06-23,2019062301005105,RADHI,45,19,17,166.00,"2,822.00"
2019-06-23,2019062301004822,RADHI,46,59,11,166.00,"1,826.00"
2019-06-23,2019062301004959,RBCL,42,38,10,"9,400.00","94,000.00"
2019-06-23,2019062301005011,RHPC,43,55,72,90.00,"6,480.00"
2019-06-23,2019062301004816,RHPC,20,55,10,90.00,900.00
2019-06-23,2019062301004694,RHPC,57,44,10,90.00,900.00
2019-06-23,2019062301004643,RMDC,42,32,36,652.00,"23,472.00"
2019-06-23,2019062301004748,RRHP,7,43,250,110.00,"27,500.00"
2019-06-23,2019062301004747,RRHP,38,43,20,110.00,"2,200.00"
2019-06-23,2019062301004746,RRHP,20,43,10,111.00,"1,110.00"
2019-06-23,2019062301005050,SADBL,14,59,345,153.00,"52,785.00"
2019-06-23,2019062301004983,SANIMA,40,20,70,348.00,"24,360.00"
2019-06-23,2019062301005093,SBI,44,42,42,464.00,"19,488.00"
2019-06-23,2019062301004996,SBI,42,20,15,463.00,"6,945.00"
2019-06-23,2019062301005006,SBL,57,20,210,317.00,"66,570.00"
2019-06-23,2019062301004962,SBL,42,39,450,318.00,"143,100.00"
2019-06-23,2019062301004961,SBL,42,39,50,318.00,"15,900.00"
2019-06-23,2019062301004670,SBL,56,39,100,318.00,"31,800.00"
2019-06-23,2019062301004657,SBL,56,39,50,318.00,"15,900.00"
2019-06-23,2019062301005056,SCB,42,13,100,660.00,"66,000.00"
2019-06-23,2019062301005055,SCB,42,41,20,660.00,"13,200.00"
2019-06-23,2019062301005054,SCB,42,49,12,660.00,"7,920.00"
2019-06-23,2019062301004986,SCB,14,4,13,656.00,"8,528.00"
2019-06-23,2019062301004730,SCB,42,38,20,658.00,"13,160.00"
2019-06-23,2019062301004717,SCB,42,21,500,657.00,"328,500.00"
2019-06-23,2019062301004716,SCB,7,21,40,657.00,"26,280.00"
2019-06-23,2019062301004715,SCB,42,21,200,658.00,"131,600.00"
2019-06-23,2019062301004985,SCB,14,4,190,656.00,"124,640.00"
2019-06-23,2019062301004815,SCB,42,21,300,658.00,"197,400.00"
2019-06-23,2019062301004814,SCB,42,21,80,658.00,"52,640.00"
2019-06-23,2019062301005037,SHIVM,58,21,510,648.00,"330,480.00"
2019-06-23,2019062301004989,SHIVM,58,34,300,648.00,"194,400.00"
2019-06-23,2019062301004891,SHIVM,26,55,20,649.00,"12,980.00"
2019-06-23,2019062301004890,SHIVM,58,21,50,648.00,"32,400.00"
2019-06-23,2019062301004835,SHIVM,58,29,300,649.00,"194,700.00"
2019-06-23,2019062301004758,SHIVM,58,44,"1,000",648.00,"648,000.00"
2019-06-23,2019062301004727,SHIVM,34,22,54,647.00,"34,938.00"
2019-06-23,2019062301004726,SHIVM,11,22,30,647.00,"19,410.00"
2019-06-23,2019062301004725,SHIVM,11,22,50,647.00,"32,350.00"
2019-06-23,2019062301004724,SHIVM,35,22,25,647.00,"16,175.00"
2019-06-23,2019062301004723,SHIVM,1,22,31,647.00,"20,057.00"
2019-06-23,2019062301004916,SHL,34,34,"14,867",233.00,"3,464,011.00"
2019-06-23,2019062301005100,SHPC,10,13,500,249.00,"124,500.00"
2019-06-23,2019062301005080,SHPC,25,39,449,247.00,"110,903.00"
2019-06-23,2019062301005079,SHPC,40,39,200,247.00,"49,400.00"
2019-06-23,2019062301005078,SHPC,17,39,300,247.00,"74,100.00"
2019-06-23,2019062301005077,SHPC,53,39,100,248.00,"24,800.00"
2019-06-23,2019062301005076,SHPC,34,39,150,248.00,"37,200.00"
2019-06-23,2019062301004970,SHPC,58,46,10,249.00,"2,490.00"
2019-06-23,2019062301004867,SHPC,35,48,60,250.00,"15,000.00"
2019-06-23,2019062301005075,SHPC,42,39,400,248.00,"99,200.00"
2019-06-23,2019062301005074,SHPC,39,39,100,248.00,"24,800.00"
2019-06-23,2019062301005073,SHPC,56,39,100,248.00,"24,800.00"
2019-06-23,2019062301005072,SHPC,43,39,50,248.00,"12,400.00"
2019-06-23,2019062301005071,SHPC,22,39,100,248.00,"24,800.00"
2019-06-23,2019062301005070,SHPC,58,39,51,249.00,"12,699.00"
2019-06-23,2019062301004984,SIC,20,19,15,650.00,"9,750.00"
2019-06-23,2019062301004647,SIC,11,25,22,653.00,"14,366.00"
2019-06-23,2019062301004646,SIC,11,39,10,653.00,"6,530.00"
2019-06-23,2019062301005103,SICL,35,41,180,753.00,"135,540.00"
2019-06-23,2019062301005082,SICL,17,50,100,754.00,"75,400.00"
2019-06-23,2019062301005036,SICL,35,45,19,753.00,"14,307.00"
2019-06-23,2019062301004842,SICL,34,40,771,754.00,"581,334.00"
2019-06-23,2019062301004823,SICL,44,44,7,740.00,"5,180.00"
2019-06-23,2019062301004784,SICL,34,44,25,754.00,"18,850.00"
2019-06-23,2019062301004672,SICL,34,44,13,754.00,"9,802.00"
2019-06-23,2019062301004958,SICL,35,42,241,753.00,"181,473.00"
2019-06-23,2019062301004957,SICL,56,42,60,753.00,"45,180.00"
2019-06-23,2019062301004956,SICL,58,42,99,753.00,"74,547.00"
2019-06-23,2019062301004955,SICL,8,42,200,754.00,"150,800.00"
2019-06-23,2019062301004954,SICL,36,42,10,754.00,"7,540.00"
2019-06-23,2019062301004843,SICL,51,40,50,754.00,"37,700.00"
2019-06-23,2019062301004783,SLBSL,18,51,10,518.00,"5,180.00"
2019-06-23,2019062301004774,SLBSL,18,51,10,518.00,"5,180.00"
2019-06-23,2019062301004764,SLBSL,18,51,10,518.00,"5,180.00"
2019-06-23,2019062301004834,SLICL,57,57,129,450.00,"58,050.00"
2019-06-23,2019062301004833,SLICL,29,57,25,450.00,"11,250.00"
2019-06-23,2019062301004832,SLICL,37,57,50,450.00,"22,500.00"
2019-06-23,2019062301004831,SLICL,41,57,10,450.00,"4,500.00"
2019-06-23,2019062301004830,SLICL,6,57,50,451.00,"22,550.00"
2019-06-23,2019062301004829,SLICL,34,57,20,451.00,"9,020.00"
2019-06-23,2019062301004828,SLICL,45,57,16,451.00,"7,216.00"
2019-06-23,2019062301004915,SMB,45,51,10,400.00,"4,000.00"
2019-06-23,2019062301004902,SMB,48,51,10,401.00,"4,010.00"
2019-06-23,2019062301005031,SMFDB,58,34,10,491.00,"4,910.00"
2019-06-23,2019062301005007,SMFDB,45,34,12,492.00,"5,904.00"
2019-06-23,2019062301005094,SPARS,57,21,10,475.00,"4,750.00"
2019-06-23,2019062301004879,SPARS,57,39,10,475.00,"4,750.00"
2019-06-23,2019062301004839,SPARS,57,51,10,475.00,"4,750.00"
2019-06-23,2019062301004825,SPARS,19,51,10,475.00,"4,750.00"
2019-06-23,2019062301004819,SPARS,19,51,10,475.00,"4,750.00"
2019-06-23,2019062301004804,SPARS,19,51,10,475.00,"4,750.00"
2019-06-23,2019062301005026,SPDL,38,20,29,92.00,"2,668.00"
2019-06-23,2019062301004992,SRBL,6,47,"1,285",250.00,"321,250.00"
2019-06-23,2019062301004926,TRH,14,39,500,312.00,"156,000.00"
2019-06-23,2019062301004925,TRH,58,39,500,312.00,"156,000.00"
2019-06-23,2019062301004642,TRH,19,45,50,313.00,"15,650.00"
2019-06-23,2019062301004641,TRH,52,45,50,313.00,"15,650.00"
2019-06-23,2019062301004640,TRH,52,45,200,313.00,"62,600.00"
2019-06-23,2019062301004639,TRH,14,45,50,313.00,"15,650.00"
2019-06-23,2019062301004630,UIC,38,48,30,900.00,"27,000.00"
2019-06-23,2019062301004629,UIC,44,48,60,900.00,"54,000.00"
2019-06-23,2019062301005104,UPCL,57,59,200,92.00,"18,400.00"
2019-06-23,2019062301005096,UPCL,48,4,50,91.00,"4,550.00"
2019-06-23,2019062301004923,UPCL,48,25,50,91.00,"4,550.00"
2019-06-23,2019062301004914,UPCL,49,59,100,92.00,"9,200.00"
2019-06-23,2019062301005065,UPPER,7,42,500,265.00,"132,500.00"
2019-06-23,2019062301004947,UPPER,7,51,172,264.00,"45,408.00"
2019-06-23,2019062301004946,UPPER,7,51,828,264.00,"218,592.00"
2019-06-23,2019062301004922,UPPER,41,39,50,265.00,"13,250.00"
2019-06-23,2019062301004921,UPPER,41,45,170,265.00,"45,050.00"
2019-06-23,2019062301004920,UPPER,41,13,289,265.00,"76,585.00"
2019-06-23,2019062301004709,UPPER,10,58,143,265.00,"37,895.00"
2019-06-23,2019062301004708,UPPER,51,58,257,265.00,"68,105.00"
2019-06-23,2019062301004675,UPPER,51,4,40,265.00,"10,600.00"
2019-06-23,2019062301004781,UPPER,7,52,97,264.00,"25,608.00"
2019-06-23,2019062301004773,UPPER,34,45,30,265.00,"7,950.00"
2019-06-23,2019062301004737,UPPER,54,13,200,265.00,"53,000.00"
2019-06-23,2019062301004736,UPPER,10,13,11,265.00,"2,915.00"
2019-06-23,2019062301004473,ADBL,19,57,100,406.00,"40,600.00"
2019-06-23,2019062301004460,ADBL,47,57,200,406.00,"81,200.00"
2019-06-23,2019062301004363,ADBL,47,41,100,406.00,"40,600.00"
2019-06-23,2019062301004142,ADBL,38,41,80,406.00,"32,480.00"
2019-06-23,2019062301004141,ADBL,38,42,136,406.00,"55,216.00"
2019-06-23,2019062301004140,ADBL,38,21,30,406.00,"12,180.00"
2019-06-23,2019062301004139,ADBL,38,37,579,406.00,"235,074.00"
2019-06-23,2019062301004174,AHPC,48,17,108,106.00,"11,448.00"
2019-06-23,2019062301004234,AKJCL,41,42,10,72.00,720.00
2019-06-23,2019062301004172,AKJCL,41,33,20,72.00,"1,440.00"
2019-06-23,2019062301004544,AKPL,56,8,39,182.00,"7,098.00"
2019-06-23,2019062301004569,ALBSL,41,44,10,396.00,"3,960.00"
2019-06-23,2019062301004498,ALBSL,41,42,10,396.00,"3,960.00"
2019-06-23,2019062301004410,ALBSL,29,42,300,397.00,"119,100.00"
2019-06-23,2019062301004492,ALICL,33,42,446,380.00,"169,480.00"
2019-06-23,2019062301004491,ALICL,37,42,54,380.00,"20,520.00"
2019-06-23,2019062301004135,API,57,57,29,144.00,"4,176.00"
2019-06-23,2019062301004115,API,57,57,29,144.00,"4,176.00"
2019-06-23,2019062301004430,BOKL,41,57,19,265.00,"5,035.00"
2019-06-23,2019062301004128,BOKL,5,25,10,266.00,"2,660.00"
2019-06-23,2019062301004121,BOKL,5,45,530,265.00,"140,450.00"
2019-06-23,2019062301004120,BOKL,5,48,300,263.00,"78,900.00"
2019-06-23,2019062301004119,BOKL,5,32,200,263.00,"52,600.00"
2019-06-23,2019062301004118,BOKL,5,54,150,263.00,"39,450.00"
2019-06-23,2019062301004117,BOKL,5,50,87,263.00,"22,881.00"
2019-06-23,2019062301004554,CBL,57,4,905,146.00,"132,130.00"
2019-06-23,2019062301004553,CBL,57,21,95,146.00,"13,870.00"
2019-06-23,2019062301004546,CBL,55,21,20,146.00,"2,920.00"
2019-06-23,2019062301004462,CBL,13,21,300,146.00,"43,800.00"
2019-06-23,2019062301004449,CBL,34,4,860,145.00,"124,700.00"
2019-06-23,2019062301004538,CBLPO,34,37,"99,000",110.00,"10,890,000.00"
2019-06-23,2019062301004519,CBLPO,34,37,"99,000",112.00,"11,088,000.00"
2019-06-23,2019062301004504,CBLPO,34,37,"3,574",114.00,"407,436.00"
2019-06-23,2019062301004494,CCBL,17,17,600,168.00,"100,800.00"
2019-06-23,2019062301004455,CCBL,21,41,30,167.00,"5,010.00"
2019-06-23,2019062301004375,CCBL,21,41,12,167.00,"2,004.00"
2019-06-23,2019062301004248,CCBL,4,36,22,169.00,"3,718.00"
2019-06-23,2019062301004247,CCBL,4,17,178,169.00,"30,082.00"
2019-06-23,2019062301004583,CLBSL,54,8,11,490.00,"5,390.00"
2019-06-23,2019062301004202,DBBL,56,57,23,138.00,"3,174.00"
2019-06-23,2019062301004113,DBBL,56,47,300,138.00,"41,400.00"
2019-06-23,2019062301004590,DDBL,49,58,200,700.00,"140,000.00"
2019-06-23,2019062301004567,DDBL,35,45,100,701.00,"70,100.00"
2019-06-23,2019062301004566,DDBL,35,45,50,701.00,"35,050.00"
2019-06-23,2019062301004565,DDBL,35,45,50,701.00,"35,050.00"
2019-06-23,2019062301004564,DDBL,35,45,60,701.00,"42,060.00"
2019-06-23,2019062301004563,DDBL,35,45,80,701.00,"56,080.00"
2019-06-23,2019062301004232,DDBL,43,43,60,701.00,"42,060.00"
2019-06-23,2019062301004562,DDBL,35,45,50,701.00,"35,050.00"
2019-06-23,2019062301004561,DDBL,35,45,50,701.00,"35,050.00"
2019-06-23,2019062301004560,DDBL,43,45,40,701.00,"28,040.00"
2019-06-23,2019062301004397,DDBL,26,45,10,705.00,"7,050.00"
2019-06-23,2019062301004347,DDBL,49,32,500,703.00,"351,500.00"
2019-06-23,2019062301004346,DDBL,49,7,280,702.00,"196,560.00"
2019-06-23,2019062301004365,EBL,6,26,50,662.00,"33,100.00"
2019-06-23,2019062301004355,EBL,19,42,25,664.00,"16,600.00"
2019-06-23,2019062301004451,EDBL,26,17,200,294.00,"58,800.00"
2019-06-23,2019062301004201,FMDBL,5,1,80,380.00,"30,400.00"
2019-06-23,2019062301004597,FOWAD,50,34,50,"1,329.00","66,450.00"
2019-06-23,2019062301004596,FOWAD,42,34,10,"1,329.00","13,290.00"
2019-06-23,2019062301004595,FOWAD,25,34,15,"1,329.00","19,935.00"
2019-06-23,2019062301004486,GBBL,39,26,134,224.00,"30,016.00"
2019-06-23,2019062301004485,GBBL,39,26,488,224.00,"109,312.00"
2019-06-23,2019062301004263,GBBL,32,34,500,225.00,"112,500.00"
2019-06-23,2019062301004517,GBIME,53,42,70,300.00,"21,000.00"
2019-06-23,2019062301004472,GBIME,53,43,233,300.00,"69,900.00"
2019-06-23,2019062301004364,GBIME,53,14,19,300.00,"5,700.00"
2019-06-23,2019062301004326,GBIME,40,21,490,301.00,"147,490.00"
2019-06-23,2019062301004325,GBIME,40,57,510,301.00,"153,510.00"
2019-06-23,2019062301004231,GBIME,58,45,870,300.00,"261,000.00"
2019-06-23,2019062301004215,GBIME,51,45,130,300.00,"39,000.00"
2019-06-23,2019062301004445,GBLBS,39,6,30,352.00,"10,560.00"
2019-06-23,2019062301004277,GBLBS,4,6,50,350.00,"17,500.00"
2019-06-23,2019062301004276,GBLBS,39,6,10,350.00,"3,500.00"
2019-06-23,2019062301004275,GBLBS,39,6,10,350.00,"3,500.00"
2019-06-23,2019062301004274,GBLBS,42,6,50,350.00,"17,500.00"
2019-06-23,2019062301004298,GDBL,52,17,300,213.00,"63,900.00"
2019-06-23,2019062301004297,GDBL,19,17,700,213.00,"149,100.00"
2019-06-23,2019062301004399,GILB,16,16,3,"1,176.00","3,528.00"
2019-06-23,2019062301004379,GILB,16,16,3,"1,176.00","3,528.00"
2019-06-23,2019062301004333,GILB,28,44,22,"1,200.00","26,400.00"
2019-06-23,2019062301004332,GILB,28,44,12,"1,196.00","14,352.00"
2019-06-23,2019062301004222,GILB,16,16,3,"1,154.00","3,462.00"
2019-06-23,2019062301004271,GILB,16,16,3,"1,154.00","3,462.00"
2019-06-23,2019062301004264,GILB,16,16,3,"1,154.00","3,462.00"
2019-06-23,2019062301004259,GILB,16,16,3,"1,154.00","3,462.00"
2019-06-23,2019062301004252,GILB,16,16,3,"1,154.00","3,462.00"
2019-06-23,2019062301004243,GILB,16,16,3,"1,154.00","3,462.00"
2019-06-23,2019062301004233,GILB,16,16,3,"1,154.00","3,462.00"
2019-06-23,2019062301004132,GIMES1,36,21,"1,000",8.00,"8,000.00"
2019-06-23,2019062301004131,GIMES1,50,21,100,8.01,801.00
2019-06-23,2019062301004374,GLBSL,58,50,10,465.00,"4,650.00"
2019-06-23,2019062301004493,GRDBL,35,32,50,115.00,"5,750.00"
2019-06-23,2019062301004605,GUFL,40,52,19,117.00,"2,223.00"
2019-06-23,2019062301004591,GUFL,40,52,13,117.00,"1,521.00"
2019-06-23,2019062301004579,GUFL,40,52,13,117.00,"1,521.00"
2019-06-23,2019062301004559,HBL,56,16,75,555.00,"41,625.00"
2019-06-23,2019062301004558,HBL,56,16,50,555.00,"27,750.00"
2019-06-23,2019062301004557,HBL,43,16,160,556.00,"88,960.00"
2019-06-23,2019062301004556,HBL,4,16,74,556.00,"41,144.00"
2019-06-23,2019062301004513,HBL,32,38,114,560.00,"63,840.00"
2019-06-23,2019062301004512,HBL,32,35,150,560.00,"84,000.00"
2019-06-23,2019062301004511,HBL,32,34,236,559.00,"131,924.00"
2019-06-23,2019062301004427,HBL,4,4,65,556.00,"36,140.00"
2019-06-23,2019062301004340,HBL,4,8,11,556.00,"6,116.00"
2019-06-23,2019062301004318,HBL,4,32,200,556.00,"111,200.00"
2019-06-23,2019062301004500,HIDCL,51,56,110,159.00,"17,490.00"
2019-06-23,2019062301004490,HIDCL,51,41,281,159.00,"44,679.00"
2019-06-23,2019062301004419,HIDCL,45,41,89,159.00,"14,151.00"
2019-06-23,2019062301004409,HIDCL,45,7,61,159.00,"9,699.00"
2019-06-23,2019062301004126,HIDCL,1,57,61,158.00,"9,638.00"
2019-06-23,2019062301004482,HPPL,53,47,50,177.00,"8,850.00"
2019-06-23,2019062301004481,HPPL,53,34,10,177.00,"1,770.00"
2019-06-23,2019062301004606,HURJA,36,7,20,143.00,"2,860.00"
2019-06-23,2019062301004534,HURJA,36,7,20,143.00,"2,860.00"
2019-06-23,2019062301004495,HURJA,36,16,20,143.00,"2,860.00"
2019-06-23,2019062301004134,HURJA,36,56,20,143.00,"2,860.00"
2019-06-23,2019062301004122,HURJA,36,56,20,143.00,"2,860.00"
2019-06-23,2019062301004537,JBNL,25,26,361,208.00,"75,088.00"
2019-06-23,2019062301004479,JBNL,50,26,500,208.00,"104,000.00"
2019-06-23,2019062301004478,JBNL,1,26,50,208.00,"10,400.00"
2019-06-23,2019062301004477,JBNL,14,26,66,208.00,"13,728.00"
2019-06-23,2019062301004255,JBNL,14,7,982,208.00,"204,256.00"
2019-06-23,2019062301004254,JBNL,14,32,52,208.00,"10,816.00"
2019-06-23,2019062301004241,JBNL,4,7,18,208.00,"3,744.00"
2019-06-23,2019062301004240,JBNL,4,42,46,208.00,"9,568.00"
2019-06-23,2019062301004239,JBNL,4,21,136,208.00,"28,288.00"
2019-06-23,2019062301004536,JFL,56,5,224,178.00,"39,872.00"
2019-06-23,2019062301004535,JFL,6,5,290,178.00,"51,620.00"
2019-06-23,2019062301004602,JSLBB,44,44,2,947.00,"1,894.00"
2019-06-23,2019062301004390,JSLBB,32,39,10,966.00,"9,660.00"
2019-06-23,2019062301004389,JSLBB,32,5,35,954.00,"33,390.00"
2019-06-23,2019062301004377,JSLBB,32,5,50,954.00,"47,700.00"
2019-06-23,2019062301004373,JSLBB,58,5,15,954.00,"14,310.00"
2019-06-23,2019062301004303,JSLBB,6,10,37,950.00,"35,150.00"
2019-06-23,2019062301004384,KBL,49,4,89,212.00,"18,868.00"
2019-06-23,2019062301004382,KBL,25,41,142,211.00,"29,962.00"
2019-06-23,2019062301004262,KBL,35,4,"1,000",212.00,"212,000.00"
2019-06-23,2019062301004169,KBL,49,4,89,212.00,"18,868.00"
2019-06-23,2019062301004112,KBL,25,49,44,211.00,"9,284.00"
2019-06-23,2019062301004111,KBL,7,49,45,211.00,"9,495.00"
2019-06-23,2019062301004424,LBBL,52,46,386,198.00,"76,428.00"
2019-06-23,2019062301004423,LBBL,44,46,14,198.00,"2,772.00"
2019-06-23,2019062301004289,LBL,41,38,200,218.00,"43,600.00"
2019-06-23,2019062301004288,LBL,45,38,300,218.00,"65,400.00"
2019-06-23,2019062301004578,LGIL,49,52,22,437.00,"9,614.00"
2019-06-23,2019062301004577,LGIL,21,52,300,437.00,"131,100.00"
2019-06-23,2019062301004576,LGIL,32,52,78,437.00,"34,086.00"
2019-06-23,2019062301004342,LGIL,32,34,10,437.00,"4,370.00"
2019-06-23,2019062301004421,MBL,28,8,100,263.00,"26,300.00"
2019-06-23,2019062301004324,MBL,36,1,226,264.00,"59,664.00"
2019-06-23,2019062301004323,MBL,36,6,39,264.00,"10,296.00"
2019-06-23,2019062301004295,MBL,28,34,45,263.00,"11,835.00"
2019-06-23,2019062301004251,MBL,28,35,15,263.00,"3,945.00"
2019-06-23,2019062301004366,MDB,39,37,579,259.00,"149,961.00"
2019-06-23,2019062301004469,MEGA,50,58,100,200.00,"20,000.00"
2019-06-23,2019062301004429,MEGA,28,26,50,200.00,"10,000.00"
2019-06-23,2019062301004428,MEGA,28,36,"1,542",200.00,"308,400.00"
2019-06-23,2019062301004396,MEGA,28,36,"1,500",200.00,"300,000.00"
2019-06-23,2019062301004372,MEGA,35,22,10,199.00,"1,990.00"
2019-06-23,2019062301004371,MEGA,35,41,48,199.00,"9,552.00"
2019-06-23,2019062301004284,MEGA,1,16,26,200.00,"5,200.00"
2019-06-23,2019062301004283,MEGA,1,50,26,200.00,"5,200.00"
2019-06-23,2019062301004370,MEGA,35,14,15,199.00,"2,985.00"
2019-06-23,2019062301004369,MEGA,41,14,19,199.00,"3,781.00"
2019-06-23,2019062301004319,MEGA,36,36,400,200.00,"80,000.00"
2019-06-23,2019062301004302,MEGA,56,36,10,200.00,"2,000.00"
2019-06-23,2019062301004291,MEGA,58,36,400,200.00,"80,000.00"
2019-06-23,2019062301004285,MEGA,1,36,148,200.00,"29,600.00"
2019-06-23,2019062301004593,MERO,25,16,99,531.00,"52,569.00"
2019-06-23,2019062301004592,MERO,49,16,16,532.00,"8,512.00"
2019-06-23,2019062301004568,MHNL,59,59,370,106.00,"39,220.00"
2019-06-23,2019062301004543,MHNL,59,59,630,106.00,"66,780.00"
2019-06-23,2019062301004542,MHNL,36,59,370,106.00,"39,220.00"
2019-06-23,2019062301004541,MHNL,36,59,130,106.00,"13,780.00"
2019-06-23,2019062301004524,MHNL,59,59,10,107.00,"1,070.00"
2019-06-23,2019062301004124,MHNL,59,59,20,109.00,"2,180.00"
2019-06-23,2019062301004408,MLBL,19,41,280,192.00,"53,760.00"
2019-06-23,2019062301004588,MNBBL,56,48,100,372.00,"37,200.00"
2019-06-23,2019062301004581,MNBBL,56,48,50,372.00,"18,600.00"
2019-06-23,2019062301004533,MNBBL,41,48,50,372.00,"18,600.00"
2019-06-23,2019062301004600,MPFL,46,14,66,235.00,"15,510.00"
2019-06-23,2019062301004584,MPFL,46,50,250,231.00,"57,750.00"
2019-06-23,2019062301004405,MPFL,19,55,50,227.00,"11,350.00"
2019-06-23,2019062301004404,MPFL,19,50,100,226.00,"22,600.00"
2019-06-23,2019062301004398,MPFL,19,50,50,225.00,"11,250.00"
2019-06-23,2019062301004294,MSLB,38,59,16,883.00,"14,128.00"
2019-06-23,2019062301004585,MSMBS,44,44,2,411.00,822.00
2019-06-23,2019062301004497,MSMBS,46,32,11,419.00,"4,609.00"
2019-06-23,2019062301004572,NABIL,42,41,10,805.00,"8,050.00"
2019-06-23,2019062301004540,NABIL,16,39,20,807.00,"16,140.00"
2019-06-23,2019062301004221,NABIL,49,39,100,807.00,"80,700.00"
2019-06-23,2019062301004301,NABILP,59,8,34,790.00,"26,860.00"
2019-06-23,2019062301004471,NADEP,42,42,20,417.00,"8,340.00"
2019-06-23,2019062301004470,NADEP,42,42,10,417.00,"4,170.00"
2019-06-23,2019062301004452,NADEP,36,42,10,417.00,"4,170.00"
2019-06-23,2019062301004380,NADEP,6,42,20,425.00,"8,500.00"
2019-06-23,2019062301004337,NBB,33,42,500,222.00,"111,000.00"
2019-06-23,2019062301004603,NBL,42,42,50,322.00,"16,100.00"
2019-06-23,2019062301004489,NBL,34,42,10,322.00,"3,220.00"
2019-06-23,2019062301004420,NBL,43,42,60,322.00,"19,320.00"
2019-06-23,2019062301004418,NBL,43,42,100,322.00,"32,200.00"
2019-06-23,2019062301004383,NBL,56,42,50,322.00,"16,100.00"
2019-06-23,2019062301004344,NBL,56,42,279,322.00,"89,838.00"
2019-06-23,2019062301004200,NBL,56,4,100,322.00,"32,200.00"
2019-06-23,2019062301004175,NBL,32,4,100,322.00,"32,200.00"
2019-06-23,2019062301004171,NBL,55,4,200,322.00,"64,400.00"
2019-06-23,2019062301004343,NBL,56,42,221,322.00,"71,162.00"
2019-06-23,2019062301004299,NBL,6,42,500,322.00,"161,000.00"
2019-06-23,2019062301004290,NBL,41,42,100,322.00,"32,200.00"
2019-06-23,2019062301004287,NBL,35,42,29,322.00,"9,338.00"
2019-06-23,2019062301004211,NBL,26,42,50,322.00,"16,100.00"
2019-06-23,2019062301004204,NBL,14,42,100,322.00,"32,200.00"
2019-06-23,2019062301004582,NCCB,53,33,500,258.00,"129,000.00"
2019-06-23,2019062301004515,NCCB,25,29,"1,500",257.00,"385,500.00"
2019-06-23,2019062301004514,NCCB,25,32,854,257.00,"219,478.00"
2019-06-23,2019062301004488,NCCB,28,32,76,257.00,"19,532.00"
2019-06-23,2019062301004483,NCCB,49,32,150,257.00,"38,550.00"
2019-06-23,2019062301004464,NCCB,22,28,76,256.00,"19,456.00"
2019-06-23,2019062301004242,NCCB,8,36,500,257.00,"128,500.00"
2019-06-23,2019062301004217,NCCB,32,36,20,257.00,"5,140.00"
2019-06-23,2019062301004216,NCCB,32,55,80,257.00,"20,560.00"
2019-06-23,2019062301004444,NCCB,57,32,200,257.00,"51,400.00"
2019-06-23,2019062301004341,NCCB,57,32,100,257.00,"25,700.00"
2019-06-23,2019062301004330,NCCB,48,32,620,257.00,"159,340.00"
2019-06-23,2019062301004329,NCCB,48,36,"1,000",257.00,"257,000.00"
2019-06-23,2019062301004328,NCCB,48,36,380,257.00,"97,660.00"
2019-06-23,2019062301004293,NCCB,22,36,100,257.00,"25,700.00"
2019-06-23,2019062301004516,NEF,22,32,"1,207",8.35,"10,078.45"
2019-06-23,2019062301004253,NEF,22,17,"3,878",8.35,"32,381.30"
2019-06-23,2019062301004454,NGPL,1,7,11,118.00,"1,298.00"
2019-06-23,2019062301004417,NIB,44,28,478,524.00,"250,472.00"
2019-06-23,2019062301004416,NIB,38,28,22,525.00,"11,550.00"
2019-06-23,2019062301004411,NIB,38,50,28,525.00,"14,700.00"
2019-06-23,2019062301004401,NIB,44,28,475,524.00,"248,900.00"
2019-06-23,2019062301004400,NIB,57,28,25,525.00,"13,125.00"
2019-06-23,2019062301004199,NIB,57,32,30,525.00,"15,750.00"
2019-06-23,2019062301004198,NIB,57,57,45,525.00,"23,625.00"
2019-06-23,2019062301004137,NIB,39,57,10,525.00,"5,250.00"
2019-06-23,2019062301004170,NIBPO,6,34,236,480.00,"113,280.00"
2019-06-23,2019062301004599,NICA,38,49,500,466.00,"233,000.00"
2019-06-23,2019062301004598,NICA,45,49,137,466.00,"63,842.00"
2019-06-23,2019062301004499,NICA,45,14,25,466.00,"11,650.00"
2019-06-23,2019062301004487,NICA,39,8,10,467.00,"4,670.00"
2019-06-23,2019062301004214,NICL,51,43,16,359.00,"5,744.00"
2019-06-23,2019062301004213,NICL,28,43,145,359.00,"52,055.00"
2019-06-23,2019062301004300,NLBBL,43,39,19,486.00,"9,234.00"
2019-06-23,2019062301004575,NLIC,44,5,20,895.00,"17,900.00"
2019-06-23,2019062301004574,NLIC,6,5,17,895.00,"15,215.00"
2019-06-23,2019062301004573,NLIC,41,5,74,895.00,"66,230.00"
2019-06-23,2019062301004353,NLIC,41,53,26,895.00,"23,270.00"
2019-06-23,2019062301004352,NLIC,39,53,20,895.00,"17,900.00"
2019-06-23,2019062301004351,NLIC,6,53,10,895.00,"8,950.00"
2019-06-23,2019062301004181,NLIC,49,43,83,896.00,"74,368.00"
2019-06-23,2019062301004466,NMBMF,38,1,25,999.00,"24,975.00"
2019-06-23,2019062301004465,NMBMF,38,1,110,995.00,"109,450.00"
2019-06-23,2019062301004415,NMFBS,56,14,15,"1,410.00","21,150.00"
2019-06-23,2019062301004413,NSEWA,29,42,10,390.00,"3,900.00"
2019-06-23,2019062301004368,NTC,26,58,10,694.00,"6,940.00"
2019-06-23,2019062301004357,NTC,25,34,"1,480",690.00,"1,021,200.00"
2019-06-23,2019062301004356,NTC,32,34,20,690.00,"13,800.00"
2019-06-23,2019062301004521,NUBL,54,19,50,824.00,"41,200.00"
2019-06-23,2019062301004503,NUBL,49,28,861,825.00,"710,325.00"
2019-06-23,2019062301004453,NUBL,32,52,200,826.00,"165,200.00"
2019-06-23,2019062301004431,NUBL,22,52,300,826.00,"247,800.00"
2019-06-23,2019062301004551,OHL,45,4,200,626.00,"125,200.00"
2019-06-23,2019062301004550,OHL,32,4,100,626.00,"62,600.00"
2019-06-23,2019062301004549,OHL,5,4,500,627.00,"313,500.00"
2019-06-23,2019062301004548,OHL,57,4,100,627.00,"62,700.00"
2019-06-23,2019062301004547,OHL,26,4,50,628.00,"31,400.00"
2019-06-23,2019062301004604,PCBL,56,4,100,287.00,"28,700.00"
2019-06-23,2019062301004601,PCBL,56,4,50,287.00,"14,350.00"
2019-06-23,2019062301004269,PCBL,55,35,100,286.00,"28,600.00"
2019-06-23,2019062301004256,PCBL,38,4,100,287.00,"28,700.00"
2019-06-23,2019062301004594,PFL,19,6,13,139.00,"1,807.00"
2019-06-23,2019062301004555,PIC,8,44,11,999.00,"10,989.00"
2019-06-23,2019062301004437,PIC,8,57,84,999.00,"83,916.00"
2019-06-23,2019062301004436,PIC,25,57,10,"1,000.00","10,000.00"
2019-06-23,2019062301004435,PIC,55,57,100,"1,000.00","100,000.00"
2019-06-23,2019062301004434,PIC,55,57,39,"1,000.00","39,000.00"
2019-06-23,2019062301004433,PIC,8,57,46,"1,001.00","46,046.00"
2019-06-23,2019062301004218,PIC,45,17,67,"1,001.00","67,067.00"
2019-06-23,2019062301004186,PIC,55,17,100,"1,002.00","100,200.00"
2019-06-23,2019062301004185,PIC,35,17,11,"1,003.00","11,033.00"
2019-06-23,2019062301004184,PIC,56,17,100,"1,003.00","100,300.00"
2019-06-23,2019062301004183,PIC,29,17,10,"1,003.00","10,030.00"
2019-06-23,2019062301004182,PIC,39,17,137,"1,003.00","137,411.00"
2019-06-23,2019062301004432,PIC,19,57,21,"1,002.00","21,042.00"
2019-06-23,2019062301004237,PIC,45,58,384,"1,005.00","385,920.00"
2019-06-23,2019062301004236,PIC,45,11,11,"1,005.00","11,055.00"
2019-06-23,2019062301004235,PIC,45,17,42,"1,002.00","42,084.00"
2019-06-23,2019062301004220,PIC,8,17,54,"1,001.00","54,054.00"
2019-06-23,2019062301004219,PIC,45,17,100,"1,001.00","100,100.00"
2019-06-23,2019062301004438,PICL,56,49,30,575.00,"17,250.00"
2019-06-23,2019062301004130,PICL,56,39,48,575.00,"27,600.00"
2019-06-23,2019062301004114,PICL,19,39,10,576.00,"5,760.00"
2019-06-23,2019062301004545,PLIC,29,42,201,430.00,"86,430.00"
2019-06-23,2019062301004476,PLIC,36,32,84,429.00,"36,036.00"
2019-06-23,2019062301004475,PLIC,5,32,10,429.00,"4,290.00"
2019-06-23,2019062301004474,PLIC,58,32,52,429.00,"22,308.00"
2019-06-23,2019062301004441,PLIC,43,42,50,430.00,"21,500.00"
2019-06-23,2019062301004362,PLIC,6,42,150,430.00,"64,500.00"
2019-06-23,2019062301004361,PLIC,39,42,49,430.00,"21,070.00"
2019-06-23,2019062301004360,PLIC,26,42,50,431.00,"21,550.00"
2019-06-23,2019062301004168,PMHPL,10,54,110,110.00,"12,100.00"
2019-06-23,2019062301004167,PMHPL,10,32,10,110.00,"1,100.00"
2019-06-23,2019062301004166,PMHPL,10,20,10,110.00,"1,100.00"
2019-06-23,2019062301004165,PMHPL,10,28,10,110.00,"1,100.00"
2019-06-23,2019062301004164,PMHPL,10,39,10,110.00,"1,100.00"
2019-06-23,2019062301004163,PMHPL,10,16,10,110.00,"1,100.00"
2019-06-23,2019062301004144,PMHPL,10,32,10,110.00,"1,100.00"
2019-06-23,2019062301004143,PMHPL,10,38,10,110.00,"1,100.00"
2019-06-23,2019062301004150,PMHPL,10,7,10,110.00,"1,100.00"
2019-06-23,2019062301004149,PMHPL,10,7,10,110.00,"1,100.00"
2019-06-23,2019062301004148,PMHPL,10,7,10,110.00,"1,100.00"
2019-06-23,2019062301004147,PMHPL,10,48,10,110.00,"1,100.00"
2019-06-23,2019062301004146,PMHPL,10,38,10,110.00,"1,100.00"
2019-06-23,2019062301004145,PMHPL,10,38,10,110.00,"1,100.00"
2019-06-23,2019062301004156,PMHPL,10,34,10,110.00,"1,100.00"
2019-06-23,2019062301004155,PMHPL,10,18,10,110.00,"1,100.00"
2019-06-23,2019062301004154,PMHPL,10,32,70,110.00,"7,700.00"
2019-06-23,2019062301004153,PMHPL,10,7,10,110.00,"1,100.00"
2019-06-23,2019062301004152,PMHPL,10,34,10,110.00,"1,100.00"
2019-06-23,2019062301004151,PMHPL,10,57,10,110.00,"1,100.00"
2019-06-23,2019062301004162,PMHPL,10,53,10,110.00,"1,100.00"
2019-06-23,2019062301004161,PMHPL,10,32,10,110.00,"1,100.00"
2019-06-23,2019062301004160,PMHPL,10,32,10,110.00,"1,100.00"
2019-06-23,2019062301004159,PMHPL,10,34,10,110.00,"1,100.00"
2019-06-23,2019062301004158,PMHPL,10,32,10,110.00,"1,100.00"
2019-06-23,2019062301004157,PMHPL,10,49,90,110.00,"9,900.00"
2019-06-23,2019062301004480,PPCL,19,36,10,138.00,"1,380.00"
2019-06-23,2019062301004467,PPCL,19,36,10,138.00,"1,380.00"
2019-06-23,2019062301004457,PPCL,19,36,10,138.00,"1,380.00"
2019-06-23,2019062301004376,PPCL,41,50,10,138.00,"1,380.00"
2019-06-23,2019062301004316,PPCL,41,43,30,138.00,"4,140.00"
2019-06-23,2019062301004286,PPCL,41,43,30,138.00,"4,140.00"
2019-06-23,2019062301004258,PPCL,41,43,30,138.00,"4,140.00"
2019-06-23,2019062301004539,PRIN,4,19,170,380.00,"64,600.00"
2019-06-23,2019062301004381,PRIN,4,14,37,380.00,"14,060.00"
2019-06-23,2019062301004177,PRIN,4,49,23,380.00,"8,740.00"
2019-06-23,2019062301004176,PRIN,28,49,20,380.00,"7,600.00"
2019-06-23,2019062301004587,PROFL,29,32,407,106.00,"43,142.00"
2019-06-23,2019062301004586,PROFL,57,32,150,107.00,"16,050.00"
2019-06-23,2019062301004552,PRVU,40,33,500,267.00,"133,500.00"
2019-06-23,2019062301004223,PRVU,33,33,707,267.00,"188,769.00"
2019-06-23,2019062301004203,PRVU,51,56,40,266.00,"10,640.00"
2019-06-23,2019062301004273,PRVU,19,33,256,267.00,"68,352.00"
2019-06-23,2019062301004272,PRVU,19,33,744,267.00,"198,648.00"
2019-06-23,2019062301004245,PRVU,33,49,68,266.00,"18,088.00"
2019-06-23,2019062301004244,PRVU,51,49,32,266.00,"8,512.00"
2019-06-23,2019062301004225,PRVU,33,33,256,267.00,"68,352.00"
2019-06-23,2019062301004224,PRVU,33,54,37,267.00,"9,879.00"
2019-06-23,2019062301004345,PRVU,59,33,500,267.00,"133,500.00"
2019-06-23,2019062301004312,PRVU,29,33,200,267.00,"53,400.00"
2019-06-23,2019062301004296,PRVU,18,33,20,267.00,"5,340.00"
2019-06-23,2019062301004292,PRVU,36,33,20,267.00,"5,340.00"
2019-06-23,2019062301004496,RADHI,46,56,11,166.00,"1,826.00"
2019-06-23,2019062301004442,RADHI,29,50,50,168.00,"8,400.00"
2019-06-23,2019062301004426,RADHI,29,41,11,168.00,"1,848.00"
2019-06-23,2019062301004425,RADHI,29,49,33,168.00,"5,544.00"
2019-06-23,2019062301004123,RADHI,46,18,11,166.00,"1,826.00"
2019-06-23,2019062301004315,RBCLPO,41,4,40,"8,850.00","354,000.00"
2019-06-23,2019062301004314,RBCLPO,41,33,39,"8,845.00","344,955.00"
2019-06-23,2019062301004313,RBCLPO,41,34,10,"8,840.00","88,400.00"
2019-06-23,2019062301004180,RBCLPO,42,59,10,"8,750.00","87,500.00"
2019-06-23,2019062301004179,RBCLPO,17,59,20,"8,750.00","175,000.00"
2019-06-23,2019062301004178,RBCLPO,34,59,10,"8,751.00","87,510.00"
2019-06-23,2019062301004267,RHPC,6,6,1,90.00,90.00
2019-06-23,2019062301004338,RMDC,36,25,50,651.00,"32,550.00"
2019-06-23,2019062301004334,RMDC,36,29,121,650.00,"78,650.00"
2019-06-23,2019062301004266,RMDC,10,19,100,649.00,"64,900.00"
2019-06-23,2019062301004127,RMDC,10,34,50,649.00,"32,450.00"
2019-06-23,2019062301004412,RRHP,38,55,10,110.00,"1,100.00"
2019-06-23,2019062301004308,RRHP,38,55,10,110.00,"1,100.00"
2019-06-23,2019062301004226,RRHP,38,41,20,110.00,"2,200.00"
2019-06-23,2019062301004403,RSDC,4,18,50,352.00,"17,600.00"
2019-06-23,2019062301004402,RSDC,4,32,113,352.00,"39,776.00"
2019-06-23,2019062301004228,SADBL,48,59,100,153.00,"15,300.00"
2019-06-23,2019062301004450,SAEF,58,1,"1,000",9.46,"9,460.00"
2019-06-23,2019062301004414,SANIMA,40,29,77,348.00,"26,796.00"
2019-06-23,2019062301004307,SANIMA,32,42,311,350.00,"108,850.00"
2019-06-23,2019062301004306,SANIMA,32,32,189,350.00,"66,150.00"
2019-06-23,2019062301004212,SBBLJ,48,45,100,198.00,"19,800.00"
2019-06-23,2019062301004459,SBI,6,41,5,462.00,"2,310.00"
2019-06-23,2019062301004378,SBI,49,41,45,463.00,"20,835.00"
2019-06-23,2019062301004230,SBI,19,32,22,463.00,"10,186.00"
2019-06-23,2019062301004229,SBI,19,48,316,463.00,"146,308.00"
2019-06-23,2019062301004136,SBI,49,48,45,463.00,"20,835.00"
2019-06-23,2019062301004510,SBL,57,11,241,317.00,"76,397.00"
2019-06-23,2019062301004509,SBL,6,11,300,317.00,"95,100.00"
2019-06-23,2019062301004508,SBL,1,11,"1,000",317.00,"317,000.00"
2019-06-23,2019062301004507,SBL,7,11,200,317.00,"63,400.00"
2019-06-23,2019062301004506,SBL,29,11,150,317.00,"47,550.00"
2019-06-23,2019062301004505,SBL,41,11,468,317.00,"148,356.00"
2019-06-23,2019062301004304,SBL,22,39,300,318.00,"95,400.00"
2019-06-23,2019062301004270,SBL,7,45,193,317.00,"61,181.00"
2019-06-23,2019062301004265,SBL,7,41,50,317.00,"15,850.00"
2019-06-23,2019062301004129,SBL,32,39,100,318.00,"31,800.00"
2019-06-23,2019062301004407,SBL,41,29,32,317.00,"10,144.00"
2019-06-23,2019062301004406,SBL,7,29,53,317.00,"16,801.00"
2019-06-23,2019062301004348,SBL,56,39,400,318.00,"127,200.00"
2019-06-23,2019062301004339,SBL,19,39,500,318.00,"159,000.00"
2019-06-23,2019062301004311,SBL,16,39,500,318.00,"159,000.00"
2019-06-23,2019062301004310,SBL,7,41,100,317.00,"31,700.00"
2019-06-23,2019062301004468,SCB,7,37,25,658.00,"16,450.00"
2019-06-23,2019062301004282,SCB,7,6,10,657.00,"6,570.00"
2019-06-23,2019062301004261,SCB,7,34,20,657.00,"13,140.00"
2019-06-23,2019062301004529,SDESI,45,7,27,555.00,"14,985.00"
2019-06-23,2019062301004528,SDESI,45,19,23,554.00,"12,742.00"
2019-06-23,2019062301004527,SDESI,45,19,27,554.00,"14,958.00"
2019-06-23,2019062301004526,SDESI,45,19,27,554.00,"14,958.00"
2019-06-23,2019062301004422,SEF,22,1,200,9.57,"1,914.00"
2019-06-23,2019062301004580,SHINE,42,38,100,253.00,"25,300.00"
2019-06-23,2019062301004336,SHINE,58,25,184,254.00,"46,736.00"
2019-06-23,2019062301004335,SHINE,48,25,70,255.00,"17,850.00"
2019-06-23,2019062301004531,SHIVM,1,42,19,647.00,"12,293.00"
2019-06-23,2019062301004530,SHIVM,35,42,30,647.00,"19,410.00"
2019-06-23,2019062301004461,SHIVM,34,7,50,650.00,"32,500.00"
2019-06-23,2019062301004395,SHIVM,21,7,139,650.00,"90,350.00"
2019-06-23,2019062301004394,SHIVM,21,6,450,650.00,"292,500.00"
2019-06-23,2019062301004393,SHIVM,21,7,200,650.00,"130,000.00"
2019-06-23,2019062301004190,SHIVM,50,41,100,648.00,"64,800.00"
2019-06-23,2019062301004189,SHIVM,1,41,50,648.00,"32,400.00"
2019-06-23,2019062301004188,SHIVM,17,41,100,649.00,"64,900.00"
2019-06-23,2019062301004187,SHIVM,17,41,30,649.00,"19,470.00"
2019-06-23,2019062301004196,SHIVM,43,41,20,648.00,"12,960.00"
2019-06-23,2019062301004195,SHIVM,38,41,500,648.00,"324,000.00"
2019-06-23,2019062301004194,SHIVM,16,41,200,648.00,"129,600.00"
2019-06-23,2019062301004193,SHIVM,58,41,40,648.00,"25,920.00"
2019-06-23,2019062301004192,SHIVM,46,41,500,648.00,"324,000.00"
2019-06-23,2019062301004191,SHIVM,14,41,100,648.00,"64,800.00"
2019-06-23,2019062301004209,SHIVM,42,44,"1,945",647.00,"1,258,415.00"
2019-06-23,2019062301004208,SHIVM,22,44,500,647.00,"323,500.00"
2019-06-23,2019062301004207,SHIVM,39,44,300,647.00,"194,100.00"
2019-06-23,2019062301004206,SHIVM,39,44,300,648.00,"194,400.00"
2019-06-23,2019062301004205,SHIVM,41,44,155,648.00,"100,440.00"
2019-06-23,2019062301004197,SHIVM,41,41,145,648.00,"93,960.00"
2019-06-23,2019062301004392,SHIVM,21,50,61,650.00,"39,650.00"
2019-06-23,2019062301004391,SHIVM,21,1,150,649.00,"97,350.00"
2019-06-23,2019062301004388,SHIVM,42,14,50,647.00,"32,350.00"
2019-06-23,2019062301004354,SHIVM,16,1,50,649.00,"32,450.00"
2019-06-23,2019062301004331,SHIVM,14,50,100,650.00,"65,000.00"
2019-06-23,2019062301004317,SHIVM,14,50,200,650.00,"130,000.00"
2019-06-23,2019062301004367,SIC,58,39,10,653.00,"6,530.00"
2019-06-23,2019062301004322,SIC,20,35,100,650.00,"65,000.00"
2019-06-23,2019062301004321,SIC,20,50,50,650.00,"32,500.00"
2019-06-23,2019062301004227,SIC,51,42,40,650.00,"26,000.00"
2019-06-23,2019062301004609,SICL,35,25,20,759.00,"15,180.00"
2019-06-23,2019062301004608,SICL,35,50,80,759.00,"60,720.00"
2019-06-23,2019062301004571,SICL,34,34,142,754.00,"107,068.00"
2019-06-23,2019062301004570,SICL,59,34,50,755.00,"37,750.00"
2019-06-23,2019062301004532,SICL,14,50,10,759.00,"7,590.00"
2019-06-23,2019062301004350,SICL,26,50,10,759.00,"7,590.00"
2019-06-23,2019062301004238,SICL,34,49,39,754.00,"29,406.00"
2019-06-23,2019062301004173,SICL,34,42,10,754.00,"7,540.00"
2019-06-23,2019062301004260,SIFC,25,6,100,154.00,"15,400.00"
2019-06-23,2019062301004502,SIL,41,41,10,441.00,"4,410.00"
2019-06-23,2019062301004501,SIL,25,41,40,441.00,"17,640.00"
2019-06-23,2019062301004448,SIL,4,38,250,442.00,"110,500.00"
2019-06-23,2019062301004447,SIL,59,38,100,442.00,"44,200.00"
2019-06-23,2019062301004446,SIL,29,38,158,442.00,"69,836.00"
2019-06-23,2019062301004523,SINDU,4,29,"1,000",136.00,"136,000.00"
2019-06-23,2019062301004522,SINDU,4,29,500,136.00,"68,000.00"
2019-06-23,2019062301004518,SINDU,1,29,600,137.00,"82,200.00"
2019-06-23,2019062301004439,SINDU,53,51,73,139.00,"10,147.00"
2019-06-23,2019062301004463,SLBSL,18,42,10,518.00,"5,180.00"
2019-06-23,2019062301004387,SLBSL,18,29,10,525.00,"5,250.00"
2019-06-23,2019062301004386,SLBSL,18,32,10,525.00,"5,250.00"
2019-06-23,2019062301004385,SLBSL,18,21,10,520.00,"5,200.00"
2019-06-23,2019062301004327,SMFDB,45,55,10,492.00,"4,920.00"
2019-06-23,2019062301004484,SPARS,19,42,10,475.00,"4,750.00"
2019-06-23,2019062301004458,SPARS,19,19,10,475.00,"4,750.00"
2019-06-23,2019062301004309,SPARS,42,25,40,480.00,"19,200.00"
2019-06-23,2019062301004268,SPARS,42,43,10,480.00,"4,800.00"
2019-06-23,2019062301004443,SPDL,38,7,15,92.00,"1,380.00"
2019-06-23,2019062301004358,SRBL,6,29,34,250.00,"8,500.00"
2019-06-23,2019062301004116,SWBBL,26,51,17,876.00,"14,892.00"
2019-06-23,2019062301004110,SWBBL,38,51,80,877.00,"70,160.00"
2019-06-23,2019062301004320,TRH,35,38,40,315.00,"12,600.00"
2019-06-23,2019062301004281,TRH,32,38,500,314.00,"157,000.00"
2019-06-23,2019062301004280,TRH,32,38,30,314.00,"9,420.00"
2019-06-23,2019062301004456,UFL,6,21,25,180.00,"4,500.00"
2019-06-23,2019062301004359,UMHL,17,55,12,110.00,"1,320.00"
2019-06-23,2019062301004607,UPCL,19,44,60,93.00,"5,580.00"
2019-06-23,2019062301004279,UPCL,49,59,120,92.00,"11,040.00"
2019-06-23,2019062301004250,UPCL,37,59,80,92.00,"7,360.00"
2019-06-23,2019062301004249,UPCL,37,58,20,92.00,"1,840.00"
2019-06-23,2019062301004210,UPCL,48,42,50,91.00,"4,550.00"
2019-06-23,2019062301004125,UPCL,48,33,200,91.00,"18,200.00"
2019-06-23,2019062301004589,UPPER,51,7,50,265.00,"13,250.00"
2019-06-23,2019062301004520,UPPER,51,7,50,265.00,"13,250.00"
2019-06-23,2019062301004349,UPPER,51,55,50,265.00,"13,250.00"
2019-06-23,2019062301004305,UPPER,51,43,40,265.00,"10,600.00"
2019-06-23,2019062301004278,UPPER,51,43,50,265.00,"13,250.00"
2019-06-23,2019062301004257,UPPER,51,10,100,265.00,"26,500.00"
2019-06-23,2019062301004246,UPPER,51,43,123,265.00,"32,595.00"
2019-06-23,2019062301004133,UPPER,51,33,50,265.00,"13,250.00"
2019-06-23,2019062301004138,VLBS,35,56,13,472.00,"6,136.00"
2019-06-23,2019062301004105,ADBL,18,37,10,406.00,"4,060.00"
2019-06-23,2019062301003948,ADBL,10,37,100,406.00,"40,600.00"
2019-06-23,2019062301003697,ADBL,47,37,300,406.00,"121,800.00"
2019-06-23,2019062301003768,AKJCL,41,32,10,73.00,730.00
2019-06-23,2019062301003629,ALBSL,6,51,10,400.00,"4,000.00"
2019-06-23,2019062301003628,ALBSL,6,32,10,400.00,"4,000.00"
2019-06-23,2019062301004010,ALICL,37,11,46,380.00,"17,480.00"
2019-06-23,2019062301003895,ALICL,41,11,400,380.00,"152,000.00"
2019-06-23,2019062301003894,ALICL,45,11,100,380.00,"38,000.00"
2019-06-23,2019062301003893,ALICL,45,11,10,380.00,"3,800.00"
2019-06-23,2019062301003892,ALICL,41,11,25,381.00,"9,525.00"
2019-06-23,2019062301003891,ALICL,45,11,250,381.00,"95,250.00"
2019-06-23,2019062301003890,ALICL,33,11,170,381.00,"64,770.00"
2019-06-23,2019062301003889,ALICL,58,11,150,381.00,"57,150.00"
2019-06-23,2019062301003888,ALICL,39,11,235,383.00,"90,005.00"
2019-06-23,2019062301003887,ALICL,6,11,14,384.00,"5,376.00"
2019-06-23,2019062301004082,API,57,57,29,145.00,"4,205.00"
2019-06-23,2019062301004002,API,10,34,100,146.00,"14,600.00"
2019-06-23,2019062301003900,BFC,14,33,200,104.00,"20,800.00"
2019-06-23,2019062301003899,BFC,26,33,50,104.00,"5,200.00"
2019-06-23,2019062301004092,BOKL,25,5,"1,000",260.00,"260,000.00"
2019-06-23,2019062301004091,BOKL,13,5,100,260.00,"26,000.00"
2019-06-23,2019062301004090,BOKL,54,5,200,260.00,"52,000.00"
2019-06-23,2019062301004089,BOKL,42,5,100,260.00,"26,000.00"
2019-06-23,2019062301004088,BOKL,29,5,150,260.00,"39,000.00"
2019-06-23,2019062301004087,BOKL,33,5,500,261.00,"130,500.00"
2019-06-23,2019062301004086,BOKL,42,5,200,261.00,"52,200.00"
2019-06-23,2019062301004085,BOKL,11,5,500,261.00,"130,500.00"
2019-06-23,2019062301004084,BOKL,8,5,272,261.00,"70,992.00"
2019-06-23,2019062301003936,BOKL,10,14,816,262.00,"213,792.00"
2019-06-23,2019062301003871,BOKL,8,22,228,261.00,"59,508.00"
2019-06-23,2019062301003870,BOKL,33,22,472,261.00,"123,192.00"
2019-06-23,2019062301003965,CBBL,34,33,"1,000",933.00,"933,000.00"
2019-06-23,2019062301003775,CBBL,42,16,100,933.00,"93,300.00"
2019-06-23,2019062301003746,CBL,51,4,"1,500",146.00,"219,000.00"
2019-06-23,2019062301003718,CBL,34,16,117,145.00,"16,965.00"
2019-06-23,2019062301003717,CBL,49,16,83,145.00,"12,035.00"
2019-06-23,2019062301004035,CCBL,45,50,100,168.00,"16,800.00"
2019-06-23,2019062301004015,CCBL,10,17,100,169.00,"16,900.00"
2019-06-23,2019062301004013,CCBL,45,50,100,168.00,"16,800.00"
2019-06-23,2019062301004001,CCBL,45,50,100,168.00,"16,800.00"
2019-06-23,2019062301003952,CCBL,10,17,100,169.00,"16,900.00"
2019-06-23,2019062301003861,CCBL,21,17,86,167.00,"14,362.00"
2019-06-23,2019062301003860,CCBL,38,49,500,168.00,"84,000.00"
2019-06-23,2019062301003845,CCBL,21,45,346,167.00,"57,782.00"
2019-06-23,2019062301003806,CCBL,47,32,273,168.00,"45,864.00"
2019-06-23,2019062301003805,CCBL,47,17,"1,560",168.00,"262,080.00"
2019-06-23,2019062301003700,CCBL,21,6,500,167.00,"83,500.00"
2019-06-23,2019062301003896,CEFL,53,42,100,102.00,"10,200.00"
2019-06-23,2019062301003788,CFCL,33,7,74,120.00,"8,880.00"
2019-06-23,2019062301003787,CFCL,33,56,124,120.00,"14,880.00"
2019-06-23,2019062301003777,CFCL,33,19,108,119.00,"12,852.00"
2019-06-23,2019062301003776,CFCL,33,17,330,119.00,"39,270.00"
2019-06-23,2019062301004073,CHCL,34,14,169,510.00,"86,190.00"
2019-06-23,2019062301004072,CHCL,42,14,30,510.00,"15,300.00"
2019-06-23,2019062301004071,CHCL,53,14,82,510.00,"41,820.00"
2019-06-23,2019062301003964,CHCL,10,14,100,513.00,"51,300.00"
2019-06-23,2019062301003619,CHL,44,32,10,93.00,930.00
2019-06-23,2019062301003873,CLBSL,58,32,10,500.00,"5,000.00"
2019-06-23,2019062301003977,CZBIL,10,40,100,222.00,"22,200.00"
2019-06-23,2019062301003859,CZBIL,20,43,150,220.00,"33,000.00"
2019-06-23,2019062301003791,CZBIL,44,7,97,221.00,"21,437.00"
2019-06-23,2019062301003650,CZBIL,44,32,590,220.00,"129,800.00"
2019-06-23,2019062301003626,CZBIL,18,32,26,220.00,"5,720.00"
2019-06-23,2019062301003625,CZBIL,18,18,24,220.00,"5,280.00"
2019-06-23,2019062301003618,CZBIL,29,29,1,216.00,216.00
2019-06-23,2019062301003850,DBBL,38,51,633,139.00,"87,987.00"
2019-06-23,2019062301003849,DBBL,38,6,50,139.00,"6,950.00"
2019-06-23,2019062301003848,DBBL,38,48,283,139.00,"39,337.00"
2019-06-23,2019062301003847,DBBL,38,48,500,139.00,"69,500.00"
2019-06-23,2019062301003846,DBBL,38,44,34,139.00,"4,726.00"
2019-06-23,2019062301003812,DHPL,59,38,10,69.00,690.00
2019-06-23,2019062301003743,EBL,7,33,"1,000",664.00,"664,000.00"
2019-06-23,2019062301003742,EBL,7,21,500,664.00,"332,000.00"
2019-06-23,2019062301003741,EBL,7,17,142,663.00,"94,146.00"
2019-06-23,2019062301003740,EBL,7,17,133,663.00,"88,179.00"
2019-06-23,2019062301003739,EBL,7,17,100,663.00,"66,300.00"
2019-06-23,2019062301003738,EBL,7,38,150,663.00,"99,450.00"
2019-06-23,2019062301003711,EBL,6,11,100,662.00,"66,200.00"
2019-06-23,2019062301003927,EIC,22,43,158,370.00,"58,460.00"
2019-06-23,2019062301003926,EIC,22,54,55,370.00,"20,350.00"
2019-06-23,2019062301003856,EIC,22,26,44,366.00,"16,104.00"
2019-06-23,2019062301003682,EIC,22,25,45,366.00,"16,470.00"
2019-06-23,2019062301004052,FMDBL,41,1,20,380.00,"7,600.00"
2019-06-23,2019062301003996,FMDBL,22,22,1,380.00,380.00
2019-06-23,2019062301003702,GBBL,19,16,260,225.00,"58,500.00"
2019-06-23,2019062301003701,GBBL,19,14,181,225.00,"40,725.00"
2019-06-23,2019062301004060,GBIME,55,57,140,301.00,"42,140.00"
2019-06-23,2019062301004025,GBIME,10,57,100,301.00,"30,100.00"
2019-06-23,2019062301003975,GBIME,10,57,100,301.00,"30,100.00"
2019-06-23,2019062301003961,GBIME,45,57,150,301.00,"45,150.00"
2019-06-23,2019062301003960,GBIME,45,56,150,301.00,"45,150.00"
2019-06-23,2019062301003941,GBIME,51,25,44,300.00,"13,200.00"
2019-06-23,2019062301003862,GBIME,51,17,26,300.00,"7,800.00"
2019-06-23,2019062301003698,GBIME,6,50,203,300.00,"60,900.00"
2019-06-23,2019062301003653,GBIME,56,32,48,300.00,"14,400.00"
2019-06-23,2019062301003614,GBIME,58,39,"1,580",300.00,"474,000.00"
2019-06-23,2019062301003935,GBLBS,57,6,100,350.00,"35,000.00"
2019-06-23,2019062301003934,GBLBS,1,6,10,351.00,"3,510.00"
2019-06-23,2019062301003933,GBLBS,39,6,10,351.00,"3,510.00"
2019-06-23,2019062301003932,GBLBS,10,6,187,351.00,"65,637.00"
2019-06-23,2019062301003995,HGI,39,21,264,360.00,"95,040.00"
2019-06-23,2019062301003994,HGI,56,21,50,360.00,"18,000.00"
2019-06-23,2019062301003993,HGI,36,21,20,363.00,"7,260.00"
2019-06-23,2019062301004106,HIDCL,1,57,61,158.00,"9,638.00"
2019-06-23,2019062301004102,HIDCL,1,57,61,158.00,"9,638.00"
2019-06-23,2019062301004063,HIDCL,1,57,61,158.00,"9,638.00"
2019-06-23,2019062301003868,HIDCL,50,17,61,159.00,"9,699.00"
2019-06-23,2019062301003851,HIDCL,57,55,100,159.00,"15,900.00"
2019-06-23,2019062301003765,HIDCL,1,51,166,158.00,"26,228.00"
2019-06-23,2019062301003981,HPPL,25,56,20,175.00,"3,500.00"
2019-06-23,2019062301003751,HPPL,25,42,20,175.00,"3,500.00"
2019-06-23,2019062301003655,HPPL,25,32,10,175.00,"1,750.00"
2019-06-23,2019062301004081,HURJA,36,56,20,143.00,"2,860.00"
2019-06-23,2019062301004024,HURJA,40,52,10,144.00,"1,440.00"
2019-06-23,2019062301003761,JBBL,50,4,279,154.00,"42,966.00"
2019-06-23,2019062301003760,JBBL,46,4,100,154.00,"15,400.00"
2019-06-23,2019062301003759,JBBL,43,4,500,154.00,"77,000.00"
2019-06-23,2019062301003758,JBBL,50,4,21,154.00,"3,234.00"
2019-06-23,2019062301003728,JBNL,47,16,25,207.00,"5,175.00"
2019-06-23,2019062301003727,JBNL,50,16,75,207.00,"15,525.00"
2019-06-23,2019062301003732,JOSHI,22,58,20,83.00,"1,660.00"
2019-06-23,2019062301003947,JSLBB,48,6,50,938.00,"46,900.00"
2019-06-23,2019062301003976,KBBL,45,59,300,236.00,"70,800.00"
2019-06-23,2019062301003950,KBBL,34,59,33,236.00,"7,788.00"
2019-06-23,2019062301003946,KBBL,18,33,16,237.00,"3,792.00"
2019-06-23,2019062301003938,KBBL,34,18,16,236.00,"3,776.00"
2019-06-23,2019062301003872,KBBL,34,18,30,236.00,"7,080.00"
2019-06-23,2019062301003863,KBBL,18,33,30,237.00,"7,110.00"
2019-06-23,2019062301004003,KBL,22,22,1,212.00,212.00
2019-06-23,2019062301003986,KBL,46,4,280,212.00,"59,360.00"
