Date,Transact. No.,Symbol,Buyer,Seller,Quantity,Rate,Amount
2019-09-29,2019092901004079,ADBL,39,22,10,418.00,"4,180.00"
2019-09-29,2019092901004052,ADBL,39,47,44,412.00,"18,128.00"
2019-09-29,2019092901004022,ADBL,39,35,110,410.00,"45,100.00"
2019-09-29,2019092901004021,ADBL,39,19,10,410.00,"4,100.00"
2019-09-29,2019092901004020,ADBL,39,53,500,410.00,"205,000.00"
2019-09-29,2019092901004019,ADBL,39,55,111,410.00,"45,510.00"
2019-09-29,2019092901003724,ADBL,55,48,16,408.00,"6,528.00"
2019-09-29,2019092901003708,ADBL,55,25,309,408.00,"126,072.00"
2019-09-29,2019092901004018,ADBL,39,55,111,410.00,"45,510.00"
2019-09-29,2019092901004017,ADBL,39,48,50,410.00,"20,500.00"
2019-09-29,2019092901004016,ADBL,39,48,40,410.00,"16,400.00"
2019-09-29,2019092901003985,ADBL,14,39,50,409.00,"20,450.00"
2019-09-29,2019092901003949,ADBL,55,59,58,408.00,"23,664.00"
2019-09-29,2019092901003895,ADBL,55,25,50,408.00,"20,400.00"
2019-09-29,2019092901004109,AKBSL,48,7,10,408.00,"4,080.00"
2019-09-29,2019092901004014,AKBSL,58,42,10,411.00,"4,110.00"
2019-09-29,2019092901004063,AKPL,45,25,80,135.00,"10,800.00"
2019-09-29,2019092901003681,ALBSL,7,19,10,418.00,"4,180.00"
2019-09-29,2019092901003899,API,25,22,20,116.00,"2,320.00"
2019-09-29,2019092901003898,API,25,25,100,114.00,"11,400.00"
2019-09-29,2019092901003897,API,25,26,980,114.00,"111,720.00"
2019-09-29,2019092901003658,API,25,26,20,114.00,"2,280.00"
2019-09-29,2019092901003657,API,25,51,80,113.00,"9,040.00"
2019-09-29,2019092901003656,API,25,7,120,113.00,"13,560.00"
2019-09-29,2019092901003655,API,25,51,400,112.00,"44,800.00"
2019-09-29,2019092901003911,BOKL,34,57,18,250.00,"4,500.00"
2019-09-29,2019092901003874,BOKL,34,7,135,250.00,"33,750.00"
2019-09-29,2019092901003679,BOKL,34,54,201,250.00,"50,250.00"
2019-09-29,2019092901004093,BPCL,43,52,11,359.00,"3,949.00"
2019-09-29,2019092901004054,BPCL,33,52,29,359.00,"10,411.00"
2019-09-29,2019092901004053,BPCL,33,34,11,358.00,"3,938.00"
2019-09-29,2019092901004031,BPCL,43,17,22,356.00,"7,832.00"
2019-09-29,2019092901004004,BPCL,43,39,150,354.00,"53,100.00"
2019-09-29,2019092901003840,BPCL,56,39,50,354.00,"17,700.00"
2019-09-29,2019092901003754,BPCL,5,22,138,355.00,"48,990.00"
2019-09-29,2019092901004122,CBBL,26,45,20,964.00,"19,280.00"
2019-09-29,2019092901004069,CBBL,6,45,60,960.00,"57,600.00"
2019-09-29,2019092901003977,CBBL,6,34,40,960.00,"38,400.00"
2019-09-29,2019092901004117,CBL,40,59,600,141.00,"84,600.00"
2019-09-29,2019092901003835,CCBL,29,21,49,152.00,"7,448.00"
2019-09-29,2019092901003834,CCBL,29,21,76,152.00,"11,552.00"
2019-09-29,2019092901003833,CCBL,29,21,141,152.00,"21,432.00"
2019-09-29,2019092901003832,CCBL,29,21,90,152.00,"13,680.00"
2019-09-29,2019092901003831,CCBL,29,21,124,152.00,"18,848.00"
2019-09-29,2019092901003830,CCBL,29,34,930,152.00,"141,360.00"
2019-09-29,2019092901003750,CCBL,26,25,50,151.00,"7,550.00"
2019-09-29,2019092901003706,CCBL,41,34,70,152.00,"10,640.00"
2019-09-29,2019092901003969,CHCL,34,38,27,412.00,"11,124.00"
2019-09-29,2019092901003816,CHCL,34,40,16,412.00,"6,592.00"
2019-09-29,2019092901003647,CHL,58,1,10,80.00,800.00
2019-09-29,2019092901004064,CIT,42,58,75,"1,785.00","133,875.00"
2019-09-29,2019092901003646,CIT,51,6,32,"1,767.00","56,544.00"
2019-09-29,2019092901003630,CIT,5,6,50,"1,768.00","88,400.00"
2019-09-29,2019092901003629,CIT,25,6,13,"1,768.00","22,984.00"
2019-09-29,2019092901003628,CIT,14,6,50,"1,769.00","88,450.00"
2019-09-29,2019092901003878,CLBSL,7,37,35,480.00,"16,800.00"
2019-09-29,2019092901003877,CLBSL,37,37,10,480.00,"4,800.00"
2019-09-29,2019092901003801,DBBL,57,59,300,127.00,"38,100.00"
2019-09-29,2019092901003925,DDBL,49,37,155,710.00,"110,050.00"
2019-09-29,2019092901003924,DDBL,19,37,16,710.00,"11,360.00"
2019-09-29,2019092901003923,DDBL,49,37,359,710.00,"254,890.00"
2019-09-29,2019092901003686,DDBL,49,37,387,710.00,"274,770.00"
2019-09-29,2019092901003685,DDBL,41,37,100,711.00,"71,100.00"
2019-09-29,2019092901003684,DDBL,14,37,25,711.00,"17,775.00"
2019-09-29,2019092901003894,EBL,42,19,150,554.00,"83,100.00"
2019-09-29,2019092901003800,EBL,36,19,50,555.00,"27,750.00"
2019-09-29,2019092901003762,EBL,36,19,50,555.00,"27,750.00"
2019-09-29,2019092901004099,EIC,8,49,26,230.00,"5,980.00"
2019-09-29,2019092901004098,EIC,1,49,500,230.00,"115,000.00"
2019-09-29,2019092901004097,EIC,54,49,70,230.00,"16,100.00"
2019-09-29,2019092901004096,EIC,34,49,384,230.00,"88,320.00"
2019-09-29,2019092901004095,EIC,22,49,20,231.00,"4,620.00"
2019-09-29,2019092901003998,EIC,49,49,200,231.00,"46,200.00"
2019-09-29,2019092901003997,EIC,51,49,50,231.00,"11,550.00"
2019-09-29,2019092901003996,EIC,13,49,50,231.00,"11,550.00"
2019-09-29,2019092901003902,EIC,13,41,50,231.00,"11,550.00"
2019-09-29,2019092901003901,EIC,43,41,100,231.00,"23,100.00"
2019-09-29,2019092901003648,EIC,51,49,35,232.00,"8,120.00"
2019-09-29,2019092901004121,FMDBL,26,34,90,367.00,"33,030.00"
2019-09-29,2019092901004120,FMDBL,29,34,50,368.00,"18,400.00"
2019-09-29,2019092901004119,FMDBL,11,34,20,368.00,"7,360.00"
2019-09-29,2019092901004118,FMDBL,55,34,40,368.00,"14,720.00"
2019-09-29,2019092901003887,FMDBL,55,39,160,368.00,"58,880.00"
2019-09-29,2019092901003886,FMDBL,21,39,30,368.00,"11,040.00"
2019-09-29,2019092901003885,FMDBL,41,39,10,369.00,"3,690.00"
2019-09-29,2019092901003983,GBLBS,42,21,75,315.00,"23,625.00"
2019-09-29,2019092901003982,GBLBS,17,21,25,316.00,"7,900.00"
2019-09-29,2019092901003828,GBLBS,49,53,147,317.00,"46,599.00"
2019-09-29,2019092901003799,GBLBS,49,51,50,317.00,"15,850.00"
2019-09-29,2019092901003709,GILB,7,51,20,720.00,"14,400.00"
2019-09-29,2019092901004010,GLICL,57,52,170,351.00,"59,670.00"
2019-09-29,2019092901004009,GLICL,57,54,41,350.00,"14,350.00"
2019-09-29,2019092901003920,GMFBS,56,38,10,462.00,"4,620.00"
2019-09-29,2019092901003756,GUFL,3,16,342,107.00,"36,594.00"
2019-09-29,2019092901003884,HBL,44,39,454,481.00,"218,374.00"
2019-09-29,2019092901003883,HBL,47,39,64,481.00,"30,784.00"
2019-09-29,2019092901003882,HBL,22,39,100,482.00,"48,200.00"
2019-09-29,2019092901004104,HGI,45,39,95,266.00,"25,270.00"
2019-09-29,2019092901004103,HGI,45,39,11,266.00,"2,926.00"
2019-09-29,2019092901004102,HGI,45,39,30,266.00,"7,980.00"
2019-09-29,2019092901004101,HGI,45,41,64,266.00,"17,024.00"
2019-09-29,2019092901004015,HGI,45,39,10,266.00,"2,660.00"
2019-09-29,2019092901003737,HGI,41,39,50,266.00,"13,300.00"
2019-09-29,2019092901003693,HGI,6,40,60,265.00,"15,900.00"
2019-09-29,2019092901003645,HGI,41,39,25,266.00,"6,650.00"
2019-09-29,2019092901003731,HIDCL,57,4,831,131.00,"108,861.00"
2019-09-29,2019092901003730,HIDCL,33,4,50,131.00,"6,550.00"
2019-09-29,2019092901003698,HIDCL,33,42,50,131.00,"6,550.00"
2019-09-29,2019092901003653,HIDCL,26,4,170,132.00,"22,440.00"
2019-09-29,2019092901003652,HIDCL,26,58,30,132.00,"3,960.00"
2019-09-29,2019092901003867,HPPL,59,1,10,140.00,"1,400.00"
2019-09-29,2019092901003866,HPPL,59,1,10,140.00,"1,400.00"
2019-09-29,2019092901003847,HPPL,59,1,10,140.00,"1,400.00"
2019-09-29,2019092901003846,HPPL,59,26,100,140.00,"14,000.00"
2019-09-29,2019092901003845,HPPL,59,40,90,139.00,"12,510.00"
2019-09-29,2019092901003763,HURJA,22,40,20,103.00,"2,060.00"
2019-09-29,2019092901003879,ICFC,49,52,10,155.00,"1,550.00"
2019-09-29,2019092901003859,ILBS,48,38,10,424.00,"4,240.00"
2019-09-29,2019092901003858,ILBS,48,38,10,424.00,"4,240.00"
2019-09-29,2019092901003857,ILBS,48,38,10,424.00,"4,240.00"
2019-09-29,2019092901003856,ILBS,48,32,10,424.00,"4,240.00"
2019-09-29,2019092901003855,ILBS,48,48,10,424.00,"4,240.00"
2019-09-29,2019092901004007,JBBL,17,45,40,155.00,"6,200.00"
2019-09-29,2019092901003931,JBBL,17,38,48,155.00,"7,440.00"
2019-09-29,2019092901004090,JFL,20,34,10,194.00,"1,940.00"
2019-09-29,2019092901004026,JFL,33,34,100,194.00,"19,400.00"
2019-09-29,2019092901004025,JFL,35,34,80,194.00,"15,520.00"
2019-09-29,2019092901003928,KBL,43,46,200,175.00,"35,000.00"
2019-09-29,2019092901003916,KBL,50,58,42,174.00,"7,308.00"
2019-09-29,2019092901003915,KBL,42,58,564,174.00,"98,136.00"
2019-09-29,2019092901003815,KBL,42,41,436,174.00,"75,864.00"
2019-09-29,2019092901003814,KBL,22,41,20,174.00,"3,480.00"
2019-09-29,2019092901003813,KBL,42,41,83,174.00,"14,442.00"
2019-09-29,2019092901003746,KBL,42,19,32,174.00,"5,568.00"
2019-09-29,2019092901003745,KBL,50,19,258,174.00,"44,892.00"
2019-09-29,2019092901003635,KBL,26,46,100,175.00,"17,500.00"
2019-09-29,2019092901003625,KBL,50,19,190,174.00,"33,060.00"
2019-09-29,2019092901004089,LBL,6,46,200,207.00,"41,400.00"
2019-09-29,2019092901003993,LBL,6,44,60,207.00,"12,420.00"
2019-09-29,2019092901003992,LBL,17,44,100,207.00,"20,700.00"
2019-09-29,2019092901003991,LBL,46,44,300,207.00,"62,100.00"
2019-09-29,2019092901003990,LBL,22,44,500,207.00,"103,500.00"
2019-09-29,2019092901003989,LBL,36,44,500,207.00,"103,500.00"
2019-09-29,2019092901003767,LBL,44,44,485,207.00,"100,395.00"
2019-09-29,2019092901003738,LBL,44,1,200,207.00,"41,400.00"
2019-09-29,2019092901003988,LBL,1,44,540,207.00,"111,780.00"
2019-09-29,2019092901003794,LBL,1,44,460,207.00,"95,220.00"
2019-09-29,2019092901003793,LBL,59,44,40,207.00,"8,280.00"
2019-09-29,2019092901003768,LBL,59,44,20,207.00,"4,140.00"
2019-09-29,2019092901003758,LGIL,49,53,10,343.00,"3,430.00"
2019-09-29,2019092901003798,LICN,25,35,10,"1,000.00","10,000.00"
2019-09-29,2019092901003805,MBL,48,22,30,218.00,"6,540.00"
2019-09-29,2019092901003804,MBL,29,22,750,218.00,"163,500.00"
2019-09-29,2019092901003803,MBL,6,22,100,218.00,"21,800.00"
2019-09-29,2019092901003802,MBL,33,22,120,218.00,"26,160.00"
2019-09-29,2019092901003748,MBL,36,53,50,219.00,"10,950.00"
2019-09-29,2019092901003747,MBL,57,53,98,219.00,"21,462.00"
2019-09-29,2019092901003636,MBL,57,50,49,219.00,"10,731.00"
2019-09-29,2019092901003751,MDB,47,26,100,242.00,"24,200.00"
2019-09-29,2019092901004042,MEGA,34,41,73,188.00,"13,724.00"
2019-09-29,2019092901004041,MEGA,25,41,100,188.00,"18,800.00"
2019-09-29,2019092901004040,MEGA,58,41,509,188.00,"95,692.00"
2019-09-29,2019092901004039,MEGA,43,34,10,189.00,"1,890.00"
2019-09-29,2019092901004038,MEGA,40,34,10,189.00,"1,890.00"
2019-09-29,2019092901004071,MERO,50,49,50,550.00,"27,500.00"
2019-09-29,2019092901003742,MERO,10,25,20,555.00,"11,100.00"
2019-09-29,2019092901003697,MERO,50,17,108,550.00,"59,400.00"
2019-09-29,2019092901003744,MERO,10,29,40,556.00,"22,240.00"
2019-09-29,2019092901003743,MERO,10,13,40,555.00,"22,200.00"
2019-09-29,2019092901003900,MLBBL,58,25,10,449.00,"4,490.00"
2019-09-29,2019092901004067,MLBL,40,42,130,211.00,"27,430.00"
2019-09-29,2019092901004066,MLBL,40,28,870,211.00,"183,570.00"
2019-09-29,2019092901004030,MLBL,40,28,130,211.00,"27,430.00"
2019-09-29,2019092901004029,MLBL,40,34,500,211.00,"105,500.00"
2019-09-29,2019092901004028,MLBL,40,38,200,210.00,"42,000.00"
2019-09-29,2019092901004027,MLBL,40,33,100,210.00,"21,000.00"
2019-09-29,2019092901004062,MNBBL,19,1,20,300.00,"6,000.00"
2019-09-29,2019092901004061,MNBBL,6,1,50,300.00,"15,000.00"
2019-09-29,2019092901004060,MNBBL,45,1,100,300.00,"30,000.00"
2019-09-29,2019092901004059,MNBBL,59,1,100,300.00,"30,000.00"
2019-09-29,2019092901004058,MNBBL,49,1,100,300.00,"30,000.00"
2019-09-29,2019092901004057,MNBBL,34,1,100,301.00,"30,100.00"
2019-09-29,2019092901003660,MNBBL,53,25,160,301.00,"48,160.00"
2019-09-29,2019092901003659,MNBBL,41,25,100,301.00,"30,100.00"
2019-09-29,2019092901003968,MNBBL,52,1,100,302.00,"30,200.00"
2019-09-29,2019092901003689,MNBBL,6,36,40,301.00,"12,040.00"
2019-09-29,2019092901003664,MNBBL,6,25,10,301.00,"3,010.00"
2019-09-29,2019092901003663,MNBBL,42,25,300,301.00,"90,300.00"
2019-09-29,2019092901003662,MNBBL,11,25,30,301.00,"9,030.00"
2019-09-29,2019092901003661,MNBBL,47,25,200,301.00,"60,200.00"
2019-09-29,2019092901004023,MSLB,39,18,26,890.00,"23,140.00"
2019-09-29,2019092901003843,MSLB,17,18,20,903.00,"18,060.00"
2019-09-29,2019092901003842,MSLB,40,18,30,903.00,"27,090.00"
2019-09-29,2019092901003819,MSLB,7,18,21,904.00,"18,984.00"
2019-09-29,2019092901003818,MSLB,39,18,26,904.00,"23,504.00"
2019-09-29,2019092901003674,MSLB,39,18,500,911.00,"455,500.00"
2019-09-29,2019092901004107,NABIL,51,49,20,752.00,"15,040.00"
2019-09-29,2019092901003909,NABIL,51,49,80,752.00,"60,160.00"
2019-09-29,2019092901003791,NABIL,45,49,20,752.00,"15,040.00"
2019-09-29,2019092901003723,NABIL,36,49,100,752.00,"75,200.00"
2019-09-29,2019092901003942,NADEP,50,40,20,399.00,"7,980.00"
2019-09-29,2019092901003941,NADEP,1,40,100,399.00,"39,900.00"
2019-09-29,2019092901003940,NADEP,43,40,30,399.00,"11,970.00"
2019-09-29,2019092901003945,NADEP,43,40,100,399.00,"39,900.00"
2019-09-29,2019092901003944,NADEP,59,40,290,399.00,"115,710.00"
2019-09-29,2019092901003943,NADEP,29,40,20,399.00,"7,980.00"
2019-09-29,2019092901004100,NBL,33,6,10,312.00,"3,120.00"
2019-09-29,2019092901004072,NBL,43,6,10,312.00,"3,120.00"
2019-09-29,2019092901003929,NBL,14,4,930,311.00,"289,230.00"
2019-09-29,2019092901003908,NBL,36,49,410,310.00,"127,100.00"
2019-09-29,2019092901003766,NBL,36,33,100,310.00,"31,000.00"
2019-09-29,2019092901003741,NBL,36,51,110,310.00,"34,100.00"
2019-09-29,2019092901003740,NBL,17,51,100,310.00,"31,000.00"
2019-09-29,2019092901003739,NBL,7,51,90,310.00,"27,900.00"
2019-09-29,2019092901004124,NCCB,58,42,10,194.00,"1,940.00"
2019-09-29,2019092901003926,NCCB,7,42,76,194.00,"14,744.00"
2019-09-29,2019092901003736,NGPL,32,56,161,99.00,"15,939.00"
2019-09-29,2019092901003844,NHPC,7,26,200,53.00,"10,600.00"
2019-09-29,2019092901003727,NHPC,6,45,195,52.00,"10,140.00"
2019-09-29,2019092901003726,NHPC,49,45,75,52.00,"3,900.00"
2019-09-29,2019092901003725,NHPC,22,45,50,52.00,"2,600.00"
2019-09-29,2019092901004112,NIB,26,57,50,433.00,"21,650.00"
2019-09-29,2019092901004111,NIB,26,13,100,433.00,"43,300.00"
2019-09-29,2019092901004088,NIB,28,6,30,431.00,"12,930.00"
2019-09-29,2019092901004087,NIB,58,6,24,431.00,"10,344.00"
2019-09-29,2019092901004086,NIB,34,6,10,432.00,"4,320.00"
2019-09-29,2019092901004085,NIB,57,6,11,432.00,"4,752.00"
2019-09-29,2019092901003975,NIBPO,22,4,50,406.00,"20,300.00"
2019-09-29,2019092901003984,NICA,47,34,500,375.00,"187,500.00"
2019-09-29,2019092901003893,NICA,45,41,330,374.00,"123,420.00"
2019-09-29,2019092901003865,NICA,45,7,255,374.00,"95,370.00"
2019-09-29,2019092901003864,NICA,52,7,500,374.00,"187,000.00"
2019-09-29,2019092901003863,NICA,33,7,"1,000",374.00,"374,000.00"
2019-09-29,2019092901003862,NICA,38,7,108,374.00,"40,392.00"
2019-09-29,2019092901003861,NICA,45,7,134,374.00,"50,116.00"
2019-09-29,2019092901003826,NICL,25,56,10,266.00,"2,660.00"
2019-09-29,2019092901003810,NICL,25,42,24,263.00,"6,312.00"
2019-09-29,2019092901004024,NIL,32,22,370,357.00,"132,090.00"
2019-09-29,2019092901003868,NLG,25,25,10,577.00,"5,770.00"
2019-09-29,2019092901003841,NLG,25,22,17,570.00,"9,690.00"
2019-09-29,2019092901004108,NLIC,42,28,100,751.00,"75,100.00"
2019-09-29,2019092901004070,NLIC,14,28,100,751.00,"75,100.00"
2019-09-29,2019092901004068,NLIC,4,28,98,751.00,"73,598.00"
2019-09-29,2019092901003994,NLIC,52,28,50,751.00,"37,550.00"
2019-09-29,2019092901003986,NLIC,25,28,155,751.00,"116,405.00"
2019-09-29,2019092901003974,NLIC,1,28,60,751.00,"45,060.00"
2019-09-29,2019092901003676,NLIC,7,28,433,752.00,"325,616.00"
2019-09-29,2019092901003626,NLIC,7,28,67,752.00,"50,384.00"
2019-09-29,2019092901003757,NLIC,14,51,22,752.00,"16,544.00"
2019-09-29,2019092901003753,NLIC,14,28,67,752.00,"50,384.00"
2019-09-29,2019092901003752,NLIC,14,28,433,752.00,"325,616.00"
2019-09-29,2019092901003732,NLIC,14,28,500,752.00,"376,000.00"
2019-09-29,2019092901003687,NLIC,14,28,500,752.00,"376,000.00"
2019-09-29,2019092901003683,NLIC,14,28,67,752.00,"50,384.00"
2019-09-29,2019092901003921,NLIC,53,28,186,752.00,"139,872.00"
2019-09-29,2019092901003876,NLIC,36,28,10,752.00,"7,520.00"
2019-09-29,2019092901003875,NLIC,14,28,304,752.00,"228,608.00"
2019-09-29,2019092901003854,NLIC,14,28,89,752.00,"66,928.00"
2019-09-29,2019092901003853,NLIC,14,28,411,752.00,"309,072.00"
2019-09-29,2019092901003838,NLIC,14,28,500,752.00,"376,000.00"
2019-09-29,2019092901003937,NLIC,22,28,100,751.00,"75,100.00"
2019-09-29,2019092901003936,NLIC,32,28,50,751.00,"37,550.00"
2019-09-29,2019092901003935,NLIC,32,28,50,751.00,"37,550.00"
2019-09-29,2019092901003934,NLIC,45,28,50,751.00,"37,550.00"
2019-09-29,2019092901003933,NLIC,28,28,121,751.00,"90,871.00"
2019-09-29,2019092901003932,NLIC,53,28,14,752.00,"10,528.00"
2019-09-29,2019092901003973,NLIC,25,28,50,751.00,"37,550.00"
2019-09-29,2019092901003972,NLIC,19,28,27,751.00,"20,277.00"
2019-09-29,2019092901003971,NLIC,43,28,25,751.00,"18,775.00"
2019-09-29,2019092901003970,NLIC,17,28,35,751.00,"26,285.00"
2019-09-29,2019092901003939,NLIC,17,28,15,751.00,"11,265.00"
2019-09-29,2019092901003938,NLIC,45,28,100,751.00,"75,100.00"
2019-09-29,2019092901004116,NLICL,43,47,10,470.00,"4,700.00"
2019-09-29,2019092901003860,NLICL,6,6,90,467.00,"42,030.00"
2019-09-29,2019092901003670,NLICL,45,43,68,463.00,"31,484.00"
2019-09-29,2019092901003669,NLICL,20,43,400,463.00,"185,200.00"
2019-09-29,2019092901003668,NLICL,25,43,100,464.00,"46,400.00"
2019-09-29,2019092901003667,NLICL,6,43,23,465.00,"10,695.00"
2019-09-29,2019092901003627,NLICL,6,36,27,465.00,"12,555.00"
2019-09-29,2019092901004012,NMFBS,33,13,15,"1,680.00","25,200.00"
2019-09-29,2019092901003987,NMFBS,47,26,10,"1,667.00","16,670.00"
2019-09-29,2019092901003956,NMFBS,45,26,100,"1,668.00","166,800.00"
2019-09-29,2019092901003955,NMFBS,29,26,50,"1,668.00","83,400.00"
2019-09-29,2019092901003954,NMFBS,45,26,15,"1,668.00","25,020.00"
2019-09-29,2019092901003953,NMFBS,18,26,70,"1,669.00","116,830.00"
2019-09-29,2019092901003952,NMFBS,49,26,90,"1,670.00","150,300.00"
2019-09-29,2019092901003951,NMFBS,47,26,30,"1,671.00","50,130.00"
2019-09-29,2019092901003812,NNLB,58,49,90,413.00,"37,170.00"
2019-09-29,2019092901003811,NNLB,58,54,10,412.00,"4,120.00"
2019-09-29,2019092901003999,NTC,59,1,10,629.00,"6,290.00"
2019-09-29,2019092901003948,NTC,45,42,20,624.00,"12,480.00"
2019-09-29,2019092901003690,NUBL,49,18,410,840.00,"344,400.00"
2019-09-29,2019092901003643,NUBL,49,21,53,840.00,"44,520.00"
2019-09-29,2019092901003642,NUBL,32,21,16,841.00,"13,456.00"
2019-09-29,2019092901003641,NUBL,26,21,20,841.00,"16,820.00"
2019-09-29,2019092901003640,NUBL,29,21,11,842.00,"9,262.00"
2019-09-29,2019092901003919,OHL,33,38,200,510.00,"102,000.00"
2019-09-29,2019092901003651,OHL,44,36,400,511.00,"204,400.00"
2019-09-29,2019092901003650,OHL,14,36,51,512.00,"26,112.00"
2019-09-29,2019092901003649,OHL,50,36,150,512.00,"76,800.00"
2019-09-29,2019092901004106,PCBL,48,45,25,260.00,"6,500.00"
2019-09-29,2019092901003961,PCBL,18,55,65,262.00,"17,030.00"
2019-09-29,2019092901003733,PCBL,48,42,50,261.00,"13,050.00"
2019-09-29,2019092901003678,PCBL,18,52,10,260.00,"2,600.00"
2019-09-29,2019092901003677,PCBL,56,52,40,260.00,"10,400.00"
2019-09-29,2019092901004037,PIC,40,41,100,364.00,"36,400.00"
2019-09-29,2019092901004006,PIC,58,58,23,363.00,"8,349.00"
2019-09-29,2019092901004005,PIC,51,58,27,363.00,"9,801.00"
2019-09-29,2019092901003979,PIC,52,52,50,364.00,"18,200.00"
2019-09-29,2019092901003907,PIC,51,48,23,363.00,"8,349.00"
2019-09-29,2019092901003906,PIC,28,48,177,363.00,"64,251.00"
2019-09-29,2019092901003755,PIC,11,52,50,364.00,"18,200.00"
2019-09-29,2019092901003749,PIC,28,50,255,363.00,"92,565.00"
2019-09-29,2019092901003722,PIC,28,26,68,363.00,"24,684.00"
2019-09-29,2019092901003721,PIC,42,26,50,363.00,"18,150.00"
2019-09-29,2019092901003792,PICL,6,28,15,430.00,"6,450.00"
2019-09-29,2019092901003776,PICL,6,6,15,422.00,"6,330.00"
2019-09-29,2019092901003946,PLIC,6,51,80,319.00,"25,520.00"
2019-09-29,2019092901003912,PLIC,58,11,10,320.00,"3,200.00"
2019-09-29,2019092901003839,PLIC,6,7,"1,000",319.00,"319,000.00"
2019-09-29,2019092901003717,PLIC,6,51,60,319.00,"19,140.00"
2019-09-29,2019092901003707,PLIC,6,54,32,319.00,"10,208.00"
2019-09-29,2019092901003963,PRIN,36,13,65,303.00,"19,695.00"
2019-09-29,2019092901003849,PRVU,16,42,22,259.00,"5,698.00"
2019-09-29,2019092901003848,PRVU,43,42,53,259.00,"13,727.00"
2019-09-29,2019092901003795,PRVU,28,7,10,262.00,"2,620.00"
2019-09-29,2019092901003761,PRVU,43,32,844,259.00,"218,596.00"
2019-09-29,2019092901003760,PRVU,35,32,156,260.00,"40,560.00"
2019-09-29,2019092901003735,PRVU,43,14,190,261.00,"49,590.00"
2019-09-29,2019092901003734,PRVU,43,29,102,261.00,"26,622.00"
2019-09-29,2019092901003720,PRVU,35,37,44,260.00,"11,440.00"
2019-09-29,2019092901003719,PRVU,59,37,40,260.00,"10,400.00"
2019-09-29,2019092901003718,PRVU,18,37,216,261.00,"56,376.00"
2019-09-29,2019092901003692,PRVU,43,52,500,261.00,"130,500.00"
2019-09-29,2019092901003950,RHPL,14,53,40,156.00,"6,240.00"
2019-09-29,2019092901003930,RHPL,14,53,50,156.00,"7,800.00"
2019-09-29,2019092901003913,RHPL,14,4,30,156.00,"4,680.00"
2019-09-29,2019092901003910,RHPL,14,53,40,156.00,"6,240.00"
2019-09-29,2019092901003797,RHPL,14,53,40,156.00,"6,240.00"
2019-09-29,2019092901003796,RHPL,14,53,10,156.00,"1,560.00"
2019-09-29,2019092901003699,RHPL,49,53,30,156.00,"4,680.00"
2019-09-29,2019092901003691,RHPL,49,32,50,156.00,"7,800.00"
2019-09-29,2019092901003688,RHPL,49,53,50,156.00,"7,800.00"
2019-09-29,2019092901003675,RHPL,49,53,40,156.00,"6,240.00"
2019-09-29,2019092901003644,RHPL,49,42,50,156.00,"7,800.00"
2019-09-29,2019092901004035,RMDC,28,45,107,587.00,"62,809.00"
2019-09-29,2019092901003976,RMDC,28,45,118,587.00,"69,266.00"
2019-09-29,2019092901003852,RMDC,28,38,10,587.00,"5,870.00"
2019-09-29,2019092901004051,SABSL,6,16,10,446.00,"4,460.00"
2019-09-29,2019092901004003,SABSL,6,16,10,446.00,"4,460.00"
2019-09-29,2019092901004123,SANIMA,35,19,500,347.00,"173,500.00"
2019-09-29,2019092901004094,SANIMA,35,25,74,347.00,"25,678.00"
2019-09-29,2019092901004092,SANIMA,57,48,35,348.00,"12,180.00"
2019-09-29,2019092901004091,SANIMA,57,57,290,348.00,"100,920.00"
2019-09-29,2019092901004084,SANIMA,35,58,92,347.00,"31,924.00"
2019-09-29,2019092901004083,SANIMA,42,58,30,347.00,"10,410.00"
2019-09-29,2019092901003695,SANIMA,55,26,25,345.00,"8,625.00"
2019-09-29,2019092901003634,SANIMA,17,57,100,346.00,"34,600.00"
2019-09-29,2019092901003632,SANIMA,51,57,500,346.00,"173,000.00"
2019-09-29,2019092901003631,SANIMA,21,57,20,346.00,"6,920.00"
2019-09-29,2019092901003728,SANIMA,45,51,89,346.00,"30,794.00"
2019-09-29,2019092901003703,SANIMA,45,51,27,346.00,"9,342.00"
2019-09-29,2019092901003702,SANIMA,45,51,100,346.00,"34,600.00"
2019-09-29,2019092901003701,SANIMA,45,14,300,346.00,"103,800.00"
2019-09-29,2019092901003700,SANIMA,45,57,23,346.00,"7,958.00"
2019-09-29,2019092901003696,SANIMA,17,26,125,345.00,"43,125.00"
2019-09-29,2019092901003773,SANIMA,17,41,625,346.00,"216,250.00"
2019-09-29,2019092901003772,SANIMA,17,46,600,346.00,"207,600.00"
2019-09-29,2019092901003771,SANIMA,17,14,500,346.00,"173,000.00"
2019-09-29,2019092901003770,SANIMA,17,41,561,346.00,"194,106.00"
2019-09-29,2019092901003769,SANIMA,17,14,89,346.00,"30,794.00"
2019-09-29,2019092901003729,SANIMA,45,14,411,346.00,"142,206.00"
2019-09-29,2019092901003788,SANIMA,45,19,400,346.00,"138,400.00"
2019-09-29,2019092901003787,SANIMA,45,51,232,346.00,"80,272.00"
2019-09-29,2019092901003786,SANIMA,45,33,100,346.00,"34,600.00"
2019-09-29,2019092901003785,SANIMA,45,5,"2,000",346.00,"692,000.00"
2019-09-29,2019092901003784,SANIMA,45,41,175,346.00,"60,550.00"
2019-09-29,2019092901003780,SANIMA,6,41,100,346.00,"34,600.00"
2019-09-29,2019092901003822,SANIMA,42,17,10,345.00,"3,450.00"
2019-09-29,2019092901003821,SANIMA,6,17,30,345.00,"10,350.00"
2019-09-29,2019092901003820,SANIMA,4,17,293,346.00,"101,378.00"
2019-09-29,2019092901003808,SANIMA,4,47,107,346.00,"37,022.00"
2019-09-29,2019092901003807,SANIMA,10,47,200,346.00,"69,200.00"
2019-09-29,2019092901003806,SANIMA,45,47,93,346.00,"32,178.00"
2019-09-29,2019092901003871,SANIMA,40,49,23,347.00,"7,981.00"
2019-09-29,2019092901003870,SANIMA,40,17,100,347.00,"34,700.00"
2019-09-29,2019092901003869,SANIMA,40,59,100,347.00,"34,700.00"
2019-09-29,2019092901003825,SANIMA,36,17,91,345.00,"31,395.00"
2019-09-29,2019092901003824,SANIMA,3,17,100,345.00,"34,500.00"
2019-09-29,2019092901003823,SANIMA,44,17,100,345.00,"34,500.00"
2019-09-29,2019092901003962,SANIMA,22,47,24,347.00,"8,328.00"
2019-09-29,2019092901003914,SANIMA,59,57,10,348.00,"3,480.00"
2019-09-29,2019092901003892,SANIMA,22,37,409,347.00,"141,923.00"
2019-09-29,2019092901003891,SANIMA,22,25,67,347.00,"23,249.00"
2019-09-29,2019092901003890,SANIMA,40,25,33,347.00,"11,451.00"
2019-09-29,2019092901003872,SANIMA,40,57,744,347.00,"258,168.00"
2019-09-29,2019092901004082,SANIMA,3,58,100,347.00,"34,700.00"
2019-09-29,2019092901004081,SANIMA,45,58,328,347.00,"113,816.00"
2019-09-29,2019092901004080,SANIMA,44,58,450,347.00,"156,150.00"
2019-09-29,2019092901004056,SANIMA,44,16,50,347.00,"17,350.00"
2019-09-29,2019092901004055,SANIMA,34,16,50,347.00,"17,350.00"
2019-09-29,2019092901004011,SANIMA,34,58,50,347.00,"17,350.00"
2019-09-29,2019092901003837,SBI,14,42,46,403.00,"18,538.00"
2019-09-29,2019092901003836,SBI,29,42,30,403.00,"12,090.00"
2019-09-29,2019092901003809,SBI,49,45,10,404.00,"4,040.00"
2019-09-29,2019092901003927,SBL,44,55,50,325.00,"16,250.00"
2019-09-29,2019092901003905,SBL,16,45,100,326.00,"32,600.00"
2019-09-29,2019092901003704,SBL,16,45,50,326.00,"16,300.00"
2019-09-29,2019092901003680,SBL,16,45,50,326.00,"16,300.00"
2019-09-29,2019092901004065,SCB,19,45,20,551.00,"11,020.00"
2019-09-29,2019092901004050,SCB,19,26,202,551.00,"111,302.00"
2019-09-29,2019092901004049,SCB,41,26,30,551.00,"16,530.00"
2019-09-29,2019092901004048,SCB,41,26,20,551.00,"11,020.00"
2019-09-29,2019092901004047,SCB,47,26,50,551.00,"27,550.00"
2019-09-29,2019092901004046,SCB,51,26,78,551.00,"42,978.00"
2019-09-29,2019092901003790,SCB,36,34,60,555.00,"33,300.00"
2019-09-29,2019092901003789,SCB,36,34,20,554.00,"11,080.00"
2019-09-29,2019092901004045,SCB,22,26,10,552.00,"5,520.00"
2019-09-29,2019092901004044,SCB,13,26,100,552.00,"55,200.00"
2019-09-29,2019092901004043,SCB,36,26,10,555.00,"5,550.00"
2019-09-29,2019092901003775,SDESI,33,33,"2,000",597.00,"1,194,000.00"
2019-09-29,2019092901003995,SEF,8,42,"3,000",8.66,"25,980.00"
2019-09-29,2019092901004110,SHIVM,32,20,20,531.00,"10,620.00"
2019-09-29,2019092901003817,SHIVM,35,3,50,530.00,"26,500.00"
2019-09-29,2019092901003716,SHIVM,52,57,405,528.00,"213,840.00"
2019-09-29,2019092901003715,SHIVM,25,57,50,529.00,"26,450.00"
2019-09-29,2019092901003714,SHIVM,32,57,100,529.00,"52,900.00"
2019-09-29,2019092901003713,SHIVM,32,57,45,529.00,"23,805.00"
2019-09-29,2019092901003712,SHIVM,42,57,200,530.00,"106,000.00"
2019-09-29,2019092901003711,SHIVM,19,57,100,530.00,"53,000.00"
2019-09-29,2019092901003710,SHIVM,45,57,100,530.00,"53,000.00"
2019-09-29,2019092901003829,SHL,58,38,200,209.00,"41,800.00"
2019-09-29,2019092901003765,SHPC,21,3,200,185.00,"37,000.00"
2019-09-29,2019092901003764,SHPC,40,3,100,185.00,"18,500.00"
2019-09-29,2019092901004115,SICL,42,26,25,701.00,"17,525.00"
2019-09-29,2019092901004114,SICL,47,26,50,701.00,"35,050.00"
2019-09-29,2019092901004113,SICL,49,26,10,702.00,"7,020.00"
2019-09-29,2019092901004105,SIL,39,41,20,378.00,"7,560.00"
2019-09-29,2019092901004013,SIL,39,41,119,378.00,"44,982.00"
2019-09-29,2019092901003673,SIL,47,39,15,380.00,"5,700.00"
2019-09-29,2019092901003672,SIL,47,28,39,380.00,"14,820.00"
2019-09-29,2019092901003671,SIL,47,28,46,380.00,"17,480.00"
2019-09-29,2019092901003918,SJCL,49,34,180,163.00,"29,340.00"
2019-09-29,2019092901003917,SJCL,43,34,220,163.00,"35,860.00"
2019-09-29,2019092901003889,SJCL,43,4,20,163.00,"3,260.00"
2019-09-29,2019092901003888,SJCL,43,21,10,163.00,"1,630.00"
2019-09-29,2019092901003705,SJCL,43,32,20,163.00,"3,260.00"
2019-09-29,2019092901003665,SJCL,57,21,10,164.00,"1,640.00"
2019-09-29,2019092901003633,SJCL,57,32,10,164.00,"1,640.00"
2019-09-29,2019092901003881,SLBSL,54,33,20,655.00,"13,100.00"
2019-09-29,2019092901003880,SLBSL,5,33,80,655.00,"52,400.00"
2019-09-29,2019092901003774,SLBSL,28,38,50,662.00,"33,100.00"
2019-09-29,2019092901003694,SLBSL,47,33,50,658.00,"32,900.00"
2019-09-29,2019092901003682,SLBSL,11,33,100,660.00,"66,000.00"
2019-09-29,2019092901004008,SLICL,44,51,10,265.00,"2,650.00"
2019-09-29,2019092901003947,SLICL,58,51,10,265.00,"2,650.00"
2019-09-29,2019092901003783,SLICL,17,32,68,260.00,"17,680.00"
2019-09-29,2019092901003782,SLICL,17,32,120,260.00,"31,200.00"
2019-09-29,2019092901003781,SLICL,17,32,300,260.00,"78,000.00"
2019-09-29,2019092901003779,SLICL,41,52,16,258.00,"4,128.00"
2019-09-29,2019092901003778,SLICL,44,52,320,258.00,"82,560.00"
2019-09-29,2019092901003777,SLICL,49,52,500,259.00,"129,500.00"
2019-09-29,2019092901004034,SMATA,45,28,100,512.00,"51,200.00"
2019-09-29,2019092901004033,SMATA,8,28,50,513.00,"25,650.00"
2019-09-29,2019092901004032,SMATA,47,28,100,515.00,"51,500.00"
2019-09-29,2019092901003759,SMB,48,54,10,413.00,"4,130.00"
2019-09-29,2019092901003896,SMFBS,34,38,10,800.00,"8,000.00"
2019-09-29,2019092901003666,SMFBS,6,37,80,795.00,"63,600.00"
2019-09-29,2019092901004002,SPDL,45,22,29,72.00,"2,088.00"
2019-09-29,2019092901004001,SPDL,45,6,10,72.00,720.00
2019-09-29,2019092901004000,SPDL,45,22,10,72.00,720.00
2019-09-29,2019092901004036,SRBL,34,4,360,229.00,"82,440.00"
2019-09-29,2019092901003873,SRBL,32,4,140,229.00,"32,060.00"
2019-09-29,2019092901003851,SRBL,22,4,20,229.00,"4,580.00"
2019-09-29,2019092901003850,SRBL,50,4,410,229.00,"93,890.00"
2019-09-29,2019092901003827,SRBL,50,4,500,229.00,"114,500.00"
2019-09-29,2019092901003639,SRBL,50,57,90,229.00,"20,610.00"
2019-09-29,2019092901003638,SRBL,1,57,500,229.00,"114,500.00"
2019-09-29,2019092901003637,SRBL,59,57,410,229.00,"93,890.00"
2019-09-29,2019092901003922,TRH,33,14,10,280.00,"2,800.00"
2019-09-29,2019092901004078,UPPER,33,50,233,229.00,"53,357.00"
2019-09-29,2019092901004077,UPPER,22,50,10,229.00,"2,290.00"
2019-09-29,2019092901004076,UPPER,45,50,200,229.00,"45,800.00"
2019-09-29,2019092901004075,UPPER,41,50,100,229.00,"22,900.00"
2019-09-29,2019092901004074,UPPER,45,50,50,229.00,"11,450.00"
2019-09-29,2019092901004073,UPPER,52,50,90,229.00,"20,610.00"
2019-09-29,2019092901003903,UPPER,33,26,"2,047",230.00,"470,810.00"
2019-09-29,2019092901003654,UPPER,49,43,300,231.00,"69,300.00"
2019-09-29,2019092901003964,UPPER,55,25,217,230.00,"49,910.00"
2019-09-29,2019092901003960,UPPER,55,36,83,230.00,"19,090.00"
2019-09-29,2019092901003959,UPPER,53,36,20,230.00,"4,600.00"
2019-09-29,2019092901003958,UPPER,38,36,50,230.00,"11,500.00"
2019-09-29,2019092901003957,UPPER,33,36,47,230.00,"10,810.00"
2019-09-29,2019092901003904,UPPER,33,26,953,230.00,"219,190.00"
2019-09-29,2019092901003981,UPPER,38,50,100,230.00,"23,000.00"
2019-09-29,2019092901003980,UPPER,42,50,217,230.00,"49,910.00"
2019-09-29,2019092901003978,UPPER,42,54,40,230.00,"9,200.00"
2019-09-29,2019092901003967,UPPER,42,25,73,230.00,"16,790.00"
2019-09-29,2019092901003966,UPPER,34,25,200,230.00,"46,000.00"
2019-09-29,2019092901003965,UPPER,22,25,10,230.00,"2,300.00"
2019-09-29,2019092901003444,ADBL,33,19,150,408.00,"61,200.00"
2019-09-29,2019092901003443,ADBL,33,45,"5,000",408.00,"2,040,000.00"
2019-09-29,2019092901003381,ADBL,41,45,110,407.00,"44,770.00"
2019-09-29,2019092901003380,ADBL,14,45,190,407.00,"77,330.00"
2019-09-29,2019092901003359,ADBL,14,28,10,407.00,"4,070.00"
2019-09-29,2019092901003355,ADBL,14,45,100,408.00,"40,800.00"
2019-09-29,2019092901003181,ADBL,14,42,"4,000",408.00,"1,632,000.00"
2019-09-29,2019092901003180,ADBL,34,42,50,408.00,"20,400.00"
2019-09-29,2019092901003179,ADBL,33,42,"1,000",408.00,"408,000.00"
2019-09-29,2019092901003178,ADBL,6,42,100,408.00,"40,800.00"
2019-09-29,2019092901003354,ADBL,14,19,300,408.00,"122,400.00"
2019-09-29,2019092901003214,ADBL,41,19,100,408.00,"40,800.00"
2019-09-29,2019092901003213,ADBL,41,19,50,408.00,"20,400.00"
2019-09-29,2019092901003212,ADBL,39,19,250,408.00,"102,000.00"
2019-09-29,2019092901003183,ADBL,39,42,"4,750",408.00,"1,938,000.00"
2019-09-29,2019092901003182,ADBL,38,42,100,408.00,"40,800.00"
2019-09-29,2019092901003588,AKBSL,48,22,10,408.00,"4,080.00"
2019-09-29,2019092901003559,AKBSL,57,57,10,410.00,"4,100.00"
2019-09-29,2019092901003363,AKPL,58,38,187,133.00,"24,871.00"
2019-09-29,2019092901003349,AKPL,36,49,200,134.00,"26,800.00"
2019-09-29,2019092901003386,ALBSL,7,45,10,420.00,"4,200.00"
2019-09-29,2019092901003176,ALBSL,7,6,10,420.00,"4,200.00"
2019-09-29,2019092901003175,ALBSL,7,7,10,420.00,"4,200.00"
2019-09-29,2019092901003263,ALICL,28,51,100,309.00,"30,900.00"
2019-09-29,2019092901003506,API,25,51,20,113.00,"2,260.00"
2019-09-29,2019092901003505,API,25,26,366,112.00,"40,992.00"
2019-09-29,2019092901003155,API,4,26,100,112.00,"11,200.00"
2019-09-29,2019092901003154,API,32,26,100,112.00,"11,200.00"
2019-09-29,2019092901003153,API,39,26,434,112.00,"48,608.00"
2019-09-29,2019092901003580,BOKL,34,37,190,250.00,"47,500.00"
2019-09-29,2019092901003579,BOKL,45,37,10,251.00,"2,510.00"
2019-09-29,2019092901003572,BPCL,10,22,50,355.00,"17,750.00"
2019-09-29,2019092901003571,BPCL,19,22,97,355.00,"34,435.00"
2019-09-29,2019092901003383,BPCL,33,17,178,356.00,"63,368.00"
2019-09-29,2019092901003513,CBBL,36,6,100,963.00,"96,300.00"
2019-09-29,2019092901003226,CBBL,58,45,300,958.00,"287,400.00"
2019-09-29,2019092901003174,CBL,32,43,200,142.00,"28,400.00"
2019-09-29,2019092901003521,CCBL,26,41,150,151.00,"22,650.00"
2019-09-29,2019092901003439,CCBL,3,3,1,151.00,151.00
2019-09-29,2019092901003377,CHCL,13,55,251,415.00,"104,165.00"
2019-09-29,2019092901003376,CHCL,13,25,120,415.00,"49,800.00"
2019-09-29,2019092901003375,CHCL,13,14,130,414.00,"53,820.00"
2019-09-29,2019092901003374,CHCL,13,1,420,413.00,"173,460.00"
2019-09-29,2019092901003286,CHCL,56,25,68,411.00,"27,948.00"
2019-09-29,2019092901003621,CHL,58,1,10,80.00,800.00
2019-09-29,2019092901003587,CHL,58,1,10,80.00,800.00
2019-09-29,2019092901003536,CIT,25,51,12,"1,768.00","21,216.00"
2019-09-29,2019092901003525,CIT,45,51,10,"1,768.00","17,680.00"
2019-09-29,2019092901003379,CIT,26,6,100,"1,768.00","176,800.00"
2019-09-29,2019092901003378,CIT,45,6,50,"1,768.00","88,400.00"
2019-09-29,2019092901003361,CIT,45,58,50,"1,768.00","88,400.00"
2019-09-29,2019092901003360,CIT,42,58,50,"1,768.00","88,400.00"
2019-09-29,2019092901003330,CIT,55,45,10,"1,770.00","17,700.00"
2019-09-29,2019092901003170,CIT,17,51,10,"1,778.00","17,780.00"
2019-09-29,2019092901003459,CZBIL,57,39,73,193.00,"14,089.00"
2019-09-29,2019092901003458,CZBIL,57,39,"1,000",193.00,"193,000.00"
2019-09-29,2019092901003457,CZBIL,57,39,30,193.00,"5,790.00"
2019-09-29,2019092901003456,CZBIL,57,41,150,193.00,"28,950.00"
2019-09-29,2019092901003211,CZBIL,21,21,9,190.00,"1,710.00"
2019-09-29,2019092901003350,DBBL,14,4,400,128.00,"51,200.00"
2019-09-29,2019092901003425,DDBL,41,37,20,718.00,"14,360.00"
2019-09-29,2019092901003400,EBL,39,54,80,551.00,"44,080.00"
2019-09-29,2019092901003399,EBL,40,54,50,551.00,"27,550.00"
2019-09-29,2019092901003398,EBL,28,54,100,551.00,"55,100.00"
2019-09-29,2019092901003397,EBL,8,54,50,551.00,"27,550.00"
2019-09-29,2019092901003396,EBL,28,54,50,552.00,"27,600.00"
2019-09-29,2019092901003395,EBL,43,54,30,552.00,"16,560.00"
2019-09-29,2019092901003394,EBL,51,54,200,552.00,"110,400.00"
2019-09-29,2019092901003393,EBL,51,54,40,553.00,"22,120.00"
2019-09-29,2019092901003328,EBL,51,43,125,553.00,"69,125.00"
2019-09-29,2019092901003327,EBL,41,43,25,554.00,"13,850.00"
2019-09-29,2019092901003163,EIC,51,21,15,232.00,"3,480.00"
2019-09-29,2019092901003476,FMDBL,42,43,102,369.00,"37,638.00"
2019-09-29,2019092901003407,FMDBL,50,45,18,370.00,"6,660.00"
2019-09-29,2019092901003616,FOWAD,47,47,9,"1,251.00","11,259.00"
2019-09-29,2019092901003511,FOWAD,32,47,10,"1,256.00","12,560.00"
2019-09-29,2019092901003510,FOWAD,40,47,30,"1,263.00","37,890.00"
2019-09-29,2019092901003509,FOWAD,43,47,51,"1,264.00","64,464.00"
2019-09-29,2019092901003264,FOWAD,43,16,49,"1,264.00","61,936.00"
2019-09-29,2019092901003582,GBBL,32,34,100,209.00,"20,900.00"
2019-09-29,2019092901003537,GBBL,58,42,86,208.00,"17,888.00"
2019-09-29,2019092901003419,GBBL,48,34,500,209.00,"104,500.00"
2019-09-29,2019092901003266,GBBL,8,34,100,209.00,"20,900.00"
2019-09-29,2019092901003607,GBLBS,49,1,103,317.00,"32,651.00"
2019-09-29,2019092901003558,GBLBS,18,56,125,316.00,"39,500.00"
2019-09-29,2019092901003557,GBLBS,18,13,50,316.00,"15,800.00"
2019-09-29,2019092901003430,GHL,51,47,20,62.00,"1,240.00"
2019-09-29,2019092901003429,GHL,51,47,10,63.00,630.00
2019-09-29,2019092901003433,GLBSL,39,39,10,430.00,"4,300.00"
2019-09-29,2019092901003188,GLBSL,26,38,80,426.00,"34,080.00"
2019-09-29,2019092901003491,GLICL,50,52,30,351.00,"10,530.00"
2019-09-29,2019092901003365,GLICL,6,1,150,351.00,"52,650.00"
2019-09-29,2019092901003364,GLICL,6,52,70,350.00,"24,500.00"
2019-09-29,2019092901003159,GLICL,19,56,10,349.00,"3,490.00"
2019-09-29,2019092901003138,GLICL,19,38,11,349.00,"3,839.00"
2019-09-29,2019092901003137,GLICL,57,38,189,349.00,"65,961.00"
2019-09-29,2019092901003362,GMFBS,39,39,10,462.00,"4,620.00"
2019-09-29,2019092901003606,GUFL,19,18,177,107.00,"18,939.00"
2019-09-29,2019092901003605,GUFL,3,18,203,108.00,"21,924.00"
2019-09-29,2019092901003487,GUFL,3,19,297,108.00,"32,076.00"
2019-09-29,2019092901003289,GUFL,3,18,300,110.00,"33,000.00"
2019-09-29,2019092901003504,HBL,47,39,36,481.00,"17,316.00"
2019-09-29,2019092901003503,HBL,32,39,200,482.00,"96,400.00"
2019-09-29,2019092901003502,HBL,41,39,15,482.00,"7,230.00"
2019-09-29,2019092901003501,HBL,45,39,50,485.00,"24,250.00"
2019-09-29,2019092901003500,HBL,43,39,200,485.00,"97,000.00"
2019-09-29,2019092901003499,HBL,45,39,50,485.00,"24,250.00"
2019-09-29,2019092901003498,HBL,13,39,74,485.00,"35,890.00"
2019-09-29,2019092901003497,HBL,22,39,210,487.00,"102,270.00"
2019-09-29,2019092901003496,HBL,45,39,20,487.00,"9,740.00"
2019-09-29,2019092901003495,HBL,22,39,41,490.00,"20,090.00"
2019-09-29,2019092901003259,HBL,22,50,434,490.00,"212,660.00"
2019-09-29,2019092901003258,HBL,22,7,25,490.00,"12,250.00"
2019-09-29,2019092901003578,HDL,58,57,190,"1,417.00","269,230.00"
2019-09-29,2019092901003577,HDL,45,57,10,"1,417.00","14,170.00"
2019-09-29,2019092901003384,HDL,32,38,10,"1,415.00","14,150.00"
2019-09-29,2019092901003618,HGI,41,39,20,266.00,"5,320.00"
2019-09-29,2019092901003370,HGI,6,4,30,265.00,"7,950.00"
2019-09-29,2019092901003273,HIDCL,33,42,50,131.00,"6,550.00"
2019-09-29,2019092901003463,HURJA,22,18,20,104.00,"2,080.00"
2019-09-29,2019092901003373,HURJA,18,26,20,106.00,"2,120.00"
2019-09-29,2019092901003190,HURJA,22,26,120,106.00,"12,720.00"
2019-09-29,2019092901003624,ILBS,29,38,10,423.00,"4,230.00"
2019-09-29,2019092901003620,ILBS,29,39,10,423.00,"4,230.00"
2019-09-29,2019092901003275,ILBS,26,51,80,420.00,"33,600.00"
2019-09-29,2019092901003274,ILBS,39,51,20,420.00,"8,400.00"
2019-09-29,2019092901003202,ILBS,39,42,10,421.00,"4,210.00"
2019-09-29,2019092901003191,ILBS,39,47,10,420.00,"4,200.00"
2019-09-29,2019092901003189,ILBS,39,39,10,420.00,"4,200.00"
2019-09-29,2019092901003465,JBBL,49,52,50,155.00,"7,750.00"
2019-09-29,2019092901003451,JOSHI,6,29,20,54.00,"1,080.00"
2019-09-29,2019092901003475,KBL,50,43,52,174.00,"9,048.00"
2019-09-29,2019092901003474,KBL,54,43,100,174.00,"17,400.00"
2019-09-29,2019092901003473,KBL,43,43,635,174.00,"110,490.00"
2019-09-29,2019092901003472,KBL,39,43,600,175.00,"105,000.00"
2019-09-29,2019092901003426,KBL,43,19,290,174.00,"50,460.00"
2019-09-29,2019092901003369,KBL,32,42,50,175.00,"8,750.00"
2019-09-29,2019092901003195,KBL,8,17,100,174.00,"17,400.00"
2019-09-29,2019092901003194,KBL,26,17,200,174.00,"34,800.00"
2019-09-29,2019092901003193,KBL,4,17,12,174.00,"2,088.00"
2019-09-29,2019092901003161,KBL,20,51,200,175.00,"35,000.00"
2019-09-29,2019092901003160,KBL,42,51,104,175.00,"18,200.00"
2019-09-29,2019092901003368,KBL,32,42,60,175.00,"10,500.00"
2019-09-29,2019092901003367,KBL,32,51,996,175.00,"174,300.00"
2019-09-29,2019092901003262,KBL,43,36,75,174.00,"13,050.00"
2019-09-29,2019092901003198,KBL,22,17,13,174.00,"2,262.00"
2019-09-29,2019092901003197,KBL,16,17,50,174.00,"8,700.00"
2019-09-29,2019092901003196,KBL,42,17,25,174.00,"4,350.00"
2019-09-29,2019092901003257,KPCL,45,39,10,75.00,750.00
2019-09-29,2019092901003385,KPCL,45,47,10,75.00,750.00
2019-09-29,2019092901003291,KPCL,45,39,10,75.00,750.00
2019-09-29,2019092901003284,KPCL,45,47,10,75.00,750.00
2019-09-29,2019092901003461,KSBBL,3,3,48,140.00,"6,720.00"
2019-09-29,2019092901003460,KSBBL,59,3,20,140.00,"2,800.00"
2019-09-29,2019092901003544,LBBL,57,56,130,170.00,"22,100.00"
2019-09-29,2019092901003543,LBBL,4,56,100,171.00,"17,100.00"
2019-09-29,2019092901003542,LBBL,45,56,70,171.00,"11,970.00"
2019-09-29,2019092901003488,LBBL,45,50,80,171.00,"13,680.00"
2019-09-29,2019092901003485,LBBL,45,7,100,171.00,"17,100.00"
2019-09-29,2019092901003484,LBBL,45,4,50,171.00,"8,550.00"
2019-09-29,2019092901003169,LBL,44,45,151,207.00,"31,257.00"
2019-09-29,2019092901003574,LEMF,41,38,"5,100",6.71,"34,221.00"
2019-09-29,2019092901003573,LEMF,50,38,750,6.71,"5,032.50"
2019-09-29,2019092901003382,LGIL,34,6,16,345.00,"5,520.00"
2019-09-29,2019092901003261,LGIL,43,38,200,343.00,"68,600.00"
2019-09-29,2019092901003260,LGIL,55,38,50,343.00,"17,150.00"
2019-09-29,2019092901003600,LICN,50,43,50,990.00,"49,500.00"
2019-09-29,2019092901003464,LICN,25,35,10,"1,000.00","10,000.00"
2019-09-29,2019092901003435,LICN,17,39,10,992.00,"9,920.00"
2019-09-29,2019092901003431,LICN,11,39,99,993.00,"98,307.00"
2019-09-29,2019092901003305,MBL,57,1,400,219.00,"87,600.00"
2019-09-29,2019092901003563,MEGA,58,41,100,188.00,"18,800.00"
2019-09-29,2019092901003540,MEGA,58,43,391,188.00,"73,508.00"
2019-09-29,2019092901003539,MEGA,17,43,"1,589",188.00,"298,732.00"
2019-09-29,2019092901003538,MEGA,42,43,20,189.00,"3,780.00"
2019-09-29,2019092901003516,MEGA,17,42,106,188.00,"19,928.00"
2019-09-29,2019092901003139,MEGA,50,45,146,188.00,"27,448.00"
2019-09-29,2019092901003247,MEGA,58,58,500,188.00,"94,000.00"
2019-09-29,2019092901003233,MEGA,58,17,200,188.00,"37,600.00"
2019-09-29,2019092901003140,MEGA,41,45,50,188.00,"9,400.00"
2019-09-29,2019092901003334,MEGA,58,41,"1,000",188.00,"188,000.00"
2019-09-29,2019092901003295,MEGA,58,19,300,188.00,"56,400.00"
2019-09-29,2019092901003340,MEGA,51,41,10,188.00,"1,880.00"
2019-09-29,2019092901003339,MEGA,14,41,10,188.00,"1,880.00"
2019-09-29,2019092901003338,MEGA,19,41,238,188.00,"44,744.00"
2019-09-29,2019092901003337,MEGA,56,41,100,188.00,"18,800.00"
2019-09-29,2019092901003336,MEGA,52,41,100,188.00,"18,800.00"
2019-09-29,2019092901003335,MEGA,48,41,100,188.00,"18,800.00"
2019-09-29,2019092901003346,MEGA,55,41,100,188.00,"18,800.00"
2019-09-29,2019092901003345,MEGA,34,41,200,188.00,"37,600.00"
2019-09-29,2019092901003344,MEGA,45,41,100,188.00,"18,800.00"
2019-09-29,2019092901003343,MEGA,45,41,20,188.00,"3,760.00"
2019-09-29,2019092901003342,MEGA,59,41,40,188.00,"7,520.00"
2019-09-29,2019092901003341,MEGA,34,41,100,188.00,"18,800.00"
2019-09-29,2019092901003413,MEGA,17,25,305,188.00,"57,340.00"
2019-09-29,2019092901003570,MERO,34,51,20,549.00,"10,980.00"
2019-09-29,2019092901003422,MERO,36,45,20,550.00,"11,000.00"
2019-09-29,2019092901003292,MERO,18,18,17,549.00,"9,333.00"
2019-09-29,2019092901003455,MNBBL,22,1,200,302.00,"60,400.00"
2019-09-29,2019092901003454,MNBBL,58,1,30,303.00,"9,090.00"
2019-09-29,2019092901003366,MNBBL,58,51,200,303.00,"60,600.00"
2019-09-29,2019092901003302,MNBBL,58,51,100,303.00,"30,300.00"
2019-09-29,2019092901003304,MSLB,14,1,23,929.00,"21,367.00"
2019-09-29,2019092901003303,MSLB,14,39,26,928.00,"24,128.00"
2019-09-29,2019092901003448,NABIL,28,6,200,751.00,"150,200.00"
2019-09-29,2019092901003447,NABIL,26,6,100,752.00,"75,200.00"
2019-09-29,2019092901003348,NABIL,36,45,100,753.00,"75,300.00"
2019-09-29,2019092901003165,NABIL,28,13,100,751.00,"75,100.00"
2019-09-29,2019092901003148,NABIL,51,49,10,752.00,"7,520.00"
2019-09-29,2019092901003147,NABIL,19,49,16,752.00,"12,032.00"
2019-09-29,2019092901003146,NABIL,49,49,10,752.00,"7,520.00"
2019-09-29,2019092901003145,NABIL,57,49,50,752.00,"37,600.00"
2019-09-29,2019092901003144,NABIL,56,49,40,752.00,"30,080.00"
2019-09-29,2019092901003143,NABIL,26,49,55,752.00,"41,360.00"
2019-09-29,2019092901003388,NADEP,36,40,42,403.00,"16,926.00"
2019-09-29,2019092901003387,NADEP,36,38,58,403.00,"23,374.00"
2019-09-29,2019092901003283,NADEP,34,40,218,400.00,"87,200.00"
2019-09-29,2019092901003201,NAGRO,17,38,20,727.00,"14,540.00"
2019-09-29,2019092901003554,NBB,36,22,"1,500",205.00,"307,500.00"
2019-09-29,2019092901003522,NBB,36,42,20,205.00,"4,100.00"
2019-09-29,2019092901003391,NBB,1,38,450,206.00,"92,700.00"
2019-09-29,2019092901003282,NBB,36,18,418,205.00,"85,690.00"
2019-09-29,2019092901003281,NBB,17,18,16,205.00,"3,280.00"
2019-09-29,2019092901003586,NBL,7,13,410,310.00,"127,100.00"
2019-09-29,2019092901003585,NBL,57,13,500,310.00,"155,000.00"
2019-09-29,2019092901003584,NBL,7,13,500,310.00,"155,000.00"
2019-09-29,2019092901003583,NBL,43,13,90,310.00,"27,900.00"
2019-09-29,2019092901003234,NBL,43,35,210,310.00,"65,100.00"
2019-09-29,2019092901003562,NCCB,7,7,424,194.00,"82,256.00"
2019-09-29,2019092901003561,NCCB,52,7,30,194.00,"5,820.00"
2019-09-29,2019092901003560,NCCB,34,7,46,194.00,"8,924.00"
2019-09-29,2019092901003434,NCCB,34,35,45,194.00,"8,730.00"
2019-09-29,2019092901003270,NCCB,34,7,109,194.00,"21,146.00"
2019-09-29,2019092901003269,NCCB,28,7,500,194.00,"97,000.00"
2019-09-29,2019092901003268,NCCB,48,7,280,194.00,"54,320.00"
2019-09-29,2019092901003267,NCCB,33,7,"1,611",194.00,"312,534.00"
2019-09-29,2019092901003235,NCCB,33,51,100,194.00,"19,400.00"
2019-09-29,2019092901003276,NGPL,44,39,169,98.00,"16,562.00"
2019-09-29,2019092901003232,NGPL,32,26,511,99.00,"50,589.00"
2019-09-29,2019092901003231,NGPL,28,26,489,99.00,"48,411.00"
2019-09-29,2019092901003576,NICA,33,57,82,375.00,"30,750.00"
2019-09-29,2019092901003575,NICA,33,51,500,375.00,"187,500.00"
2019-09-29,2019092901003294,NICA,33,57,18,375.00,"6,750.00"
2019-09-29,2019092901003156,NICA,33,50,166,375.00,"62,250.00"
2019-09-29,2019092901003453,NICL,14,52,50,260.00,"13,000.00"
2019-09-29,2019092901003412,NLBBL,36,37,53,500.00,"26,500.00"
2019-09-29,2019092901003411,NLBBL,36,18,47,499.00,"23,453.00"
2019-09-29,2019092901003520,NLG,19,6,150,565.00,"84,750.00"
2019-09-29,2019092901003568,NLIC,14,22,85,751.00,"63,835.00"
2019-09-29,2019092901003567,NLIC,1,22,16,751.00,"12,016.00"
2019-09-29,2019092901003564,NLIC,14,42,22,751.00,"16,522.00"
2019-09-29,2019092901003552,NLIC,33,28,433,752.00,"325,616.00"
2019-09-29,2019092901003551,NLIC,33,28,212,752.00,"159,424.00"
2019-09-29,2019092901003529,NLIC,1,42,22,751.00,"16,522.00"
2019-09-29,2019092901003204,NLIC,35,28,25,752.00,"18,800.00"
2019-09-29,2019092901003203,NLIC,45,28,200,752.00,"150,400.00"
2019-09-29,2019092901003228,NLIC,25,28,100,752.00,"75,200.00"
2019-09-29,2019092901003227,NLIC,57,28,25,752.00,"18,800.00"
2019-09-29,2019092901003208,NLIC,57,28,25,752.00,"18,800.00"
2019-09-29,2019092901003207,NLIC,54,28,100,752.00,"75,200.00"
2019-09-29,2019092901003206,NLIC,8,28,100,752.00,"75,200.00"
2019-09-29,2019092901003205,NLIC,35,28,20,752.00,"15,040.00"
2019-09-29,2019092901003298,NLIC,49,28,38,752.00,"28,576.00"
2019-09-29,2019092901003297,NLIC,11,28,200,753.00,"150,600.00"
2019-09-29,2019092901003296,NLIC,32,52,10,753.00,"7,530.00"
2019-09-29,2019092901003242,NLIC,33,28,355,752.00,"266,960.00"
2019-09-29,2019092901003238,NLIC,49,28,10,752.00,"7,520.00"
2019-09-29,2019092901003229,NLIC,6,28,10,752.00,"7,520.00"
2019-09-29,2019092901003471,NLIC,25,28,100,752.00,"75,200.00"
2019-09-29,2019092901003470,NLIC,41,28,50,752.00,"37,600.00"
2019-09-29,2019092901003469,NLIC,56,28,25,752.00,"18,800.00"
2019-09-29,2019092901003468,NLIC,33,28,113,752.00,"84,976.00"
2019-09-29,2019092901003389,NLIC,33,55,125,752.00,"94,000.00"
2019-09-29,2019092901003299,NLIC,33,28,262,752.00,"197,024.00"
2019-09-29,2019092901003541,NLICL,6,6,"9,000",466.00,"4,194,000.00"
2019-09-29,2019092901003512,NLICL,41,43,67,467.00,"31,289.00"
2019-09-29,2019092901003508,NLICL,41,41,133,467.00,"62,111.00"
2019-09-29,2019092901003507,NLICL,29,41,14,470.00,"6,580.00"
2019-09-29,2019092901003353,NLICL,29,25,36,470.00,"16,920.00"
2019-09-29,2019092901003352,NLICL,39,25,68,470.00,"31,960.00"
2019-09-29,2019092901003546,NMFBS,49,6,10,"1,670.00","16,700.00"
2019-09-29,2019092901003494,NNLB,50,49,15,413.00,"6,195.00"
2019-09-29,2019092901003256,NTC,59,1,10,629.00,"6,290.00"
2019-09-29,2019092901003225,NTC,45,39,50,624.00,"31,200.00"
2019-09-29,2019092901003224,NTC,41,39,50,626.00,"31,300.00"
2019-09-29,2019092901003223,NTC,41,39,50,627.00,"31,350.00"
2019-09-29,2019092901003519,PCBL,56,32,60,260.00,"15,600.00"
2019-09-29,2019092901003518,PCBL,45,32,150,260.00,"39,000.00"
2019-09-29,2019092901003517,PCBL,22,32,290,260.00,"75,400.00"
2019-09-29,2019092901003265,PIC,48,50,30,365.00,"10,950.00"
2019-09-29,2019092901003493,PLIC,6,26,940,319.00,"299,860.00"
2019-09-29,2019092901003467,PLIC,13,21,10,318.00,"3,180.00"
2019-09-29,2019092901003441,PLIC,13,45,22,318.00,"6,996.00"
2019-09-29,2019092901003440,PLIC,37,45,20,318.00,"6,360.00"
2019-09-29,2019092901003390,PPCL,26,26,150,96.00,"14,400.00"
2019-09-29,2019092901003301,PPCL,38,26,20,96.00,"1,920.00"
2019-09-29,2019092901003523,PRIN,52,45,100,300.00,"30,000.00"
2019-09-29,2019092901003416,PRIN,33,52,90,299.00,"26,910.00"
2019-09-29,2019092901003415,PRIN,42,52,10,300.00,"3,000.00"
2019-09-29,2019092901003569,PRVU,52,8,100,260.00,"26,000.00"
2019-09-29,2019092901003423,PRVU,16,38,800,260.00,"208,000.00"
2019-09-29,2019092901003405,PRVU,37,37,200,260.00,"52,000.00"
2019-09-29,2019092901003210,PRVU,43,10,103,259.00,"26,677.00"
2019-09-29,2019092901003209,PRVU,26,10,104,259.00,"26,936.00"
2019-09-29,2019092901003230,RBCL,6,49,56,"8,164.00","457,184.00"
2019-09-29,2019092901003128,RBCL,6,59,39,"8,164.00","318,396.00"
2019-09-29,2019092901003127,RBCL,14,59,10,"8,164.00","81,640.00"
2019-09-29,2019092901003126,RBCL,28,59,10,"8,200.00","82,000.00"
2019-09-29,2019092901003125,RBCL,22,59,10,"8,200.00","82,000.00"
2019-09-29,2019092901003622,RHPC,3,39,11,82.00,902.00
2019-09-29,2019092901003617,RHPL,28,35,700,157.00,"109,900.00"
2019-09-29,2019092901003604,RHPL,28,53,40,157.00,"6,280.00"
2019-09-29,2019092901003602,RHPL,28,57,10,157.00,"1,570.00"
2019-09-29,2019092901003599,RHPL,28,14,100,157.00,"15,700.00"
2019-09-29,2019092901003598,RHPL,28,39,10,157.00,"1,570.00"
2019-09-29,2019092901003597,RHPL,28,39,10,157.00,"1,570.00"
2019-09-29,2019092901003243,RHPL,18,35,90,156.00,"14,040.00"
2019-09-29,2019092901003152,RHPL,8,35,910,156.00,"141,960.00"
2019-09-29,2019092901003151,RHPL,8,18,50,156.00,"7,800.00"
2019-09-29,2019092901003150,RHPL,8,39,40,156.00,"6,240.00"
2019-09-29,2019092901003409,RHPL,59,39,40,156.00,"6,240.00"
2019-09-29,2019092901003408,RHPL,59,32,40,156.00,"6,240.00"
2019-09-29,2019092901003300,RHPL,18,39,40,156.00,"6,240.00"
2019-09-29,2019092901003272,RHPL,18,39,40,156.00,"6,240.00"
2019-09-29,2019092901003245,RHPL,18,39,40,156.00,"6,240.00"
2019-09-29,2019092901003244,RHPL,18,39,40,156.00,"6,240.00"
2019-09-29,2019092901003590,RHPL,28,1,40,157.00,"6,280.00"
2019-09-29,2019092901003556,RHPL,49,39,40,156.00,"6,240.00"
2019-09-29,2019092901003555,RHPL,49,39,40,156.00,"6,240.00"
2019-09-29,2019092901003452,RHPL,54,18,40,155.00,"6,200.00"
2019-09-29,2019092901003446,RHPL,54,18,40,155.00,"6,200.00"
2019-09-29,2019092901003410,RHPL,59,39,40,156.00,"6,240.00"
2019-09-29,2019092901003596,RHPL,28,39,10,157.00,"1,570.00"
2019-09-29,2019092901003595,RHPL,28,39,10,157.00,"1,570.00"
2019-09-29,2019092901003594,RHPL,28,39,10,157.00,"1,570.00"
2019-09-29,2019092901003593,RHPL,28,39,40,157.00,"6,280.00"
2019-09-29,2019092901003592,RHPL,28,39,10,157.00,"1,570.00"
2019-09-29,2019092901003591,RHPL,28,39,10,157.00,"1,570.00"
2019-09-29,2019092901003481,RLFL,3,3,23,110.00,"2,530.00"
2019-09-29,2019092901003401,RLFL,43,10,124,110.00,"13,640.00"
2019-09-29,2019092901003285,RLFL,32,51,50,111.00,"5,550.00"
2019-09-29,2019092901003149,RLFL,43,53,176,110.00,"19,360.00"
2019-09-29,2019092901003603,RRHP,47,41,10,103.00,"1,030.00"
2019-09-29,2019092901003371,RSDC,33,44,10,328.00,"3,280.00"
2019-09-29,2019092901003357,RSDC,33,38,43,323.00,"13,889.00"
2019-09-29,2019092901003329,RSDC,33,45,200,322.00,"64,400.00"
2019-09-29,2019092901003271,RSDC,22,51,72,320.00,"23,040.00"
2019-09-29,2019092901003241,RSDC,57,51,50,320.00,"16,000.00"
2019-09-29,2019092901003240,RSDC,47,51,10,320.00,"3,200.00"
2019-09-29,2019092901003239,RSDC,42,51,68,320.00,"21,760.00"
2019-09-29,2019092901003581,SABSL,57,57,10,447.00,"4,470.00"
2019-09-29,2019092901003486,SABSL,6,19,10,446.00,"4,460.00"
2019-09-29,2019092901003372,SABSL,39,39,10,449.00,"4,490.00"
2019-09-29,2019092901003288,SABSL,39,39,10,449.00,"4,490.00"
2019-09-29,2019092901003246,SABSL,39,39,10,449.00,"4,490.00"
2019-09-29,2019092901003187,SABSL,18,18,10,449.00,"4,490.00"
2019-09-29,2019092901003527,SADBL,28,36,200,138.00,"27,600.00"
2019-09-29,2019092901003173,SADBL,28,38,90,138.00,"12,420.00"
2019-09-29,2019092901003172,SADBL,28,39,151,138.00,"20,838.00"
2019-09-29,2019092901003171,SADBL,28,49,50,138.00,"6,900.00"
2019-09-29,2019092901003601,SANIMA,55,42,100,345.00,"34,500.00"
2019-09-29,2019092901003550,SANIMA,51,57,670,346.00,"231,820.00"
2019-09-29,2019092901003549,SANIMA,51,51,179,346.00,"61,934.00"
2019-09-29,2019092901003548,SANIMA,51,42,151,346.00,"52,246.00"
2019-09-29,2019092901003528,SANIMA,55,38,150,345.00,"51,750.00"
2019-09-29,2019092901003490,SANIMA,55,16,134,345.00,"46,230.00"
2019-09-29,2019092901003135,SANIMA,51,42,100,345.00,"34,500.00"
2019-09-29,2019092901003134,SANIMA,38,42,25,345.00,"8,625.00"
2019-09-29,2019092901003133,SANIMA,59,42,"1,000",345.00,"345,000.00"
2019-09-29,2019092901003132,SANIMA,40,42,400,345.00,"138,000.00"
2019-09-29,2019092901003131,SANIMA,3,42,100,345.00,"34,500.00"
2019-09-29,2019092901003130,SANIMA,59,42,375,345.00,"129,375.00"
2019-09-29,2019092901003236,SANIMA,21,21,6,340.00,"2,040.00"
2019-09-29,2019092901003192,SANIMA,13,42,100,346.00,"34,600.00"
2019-09-29,2019092901003168,SANIMA,42,42,141,345.00,"48,645.00"
2019-09-29,2019092901003167,SANIMA,50,42,20,345.00,"6,900.00"
2019-09-29,2019092901003166,SANIMA,56,42,12,345.00,"4,140.00"
2019-09-29,2019092901003136,SANIMA,50,42,"1,000",345.00,"345,000.00"
2019-09-29,2019092901003432,SANIMA,49,42,55,346.00,"19,030.00"
2019-09-29,2019092901003418,SANIMA,55,54,341,345.00,"117,645.00"
2019-09-29,2019092901003417,SANIMA,42,54,159,345.00,"54,855.00"
2019-09-29,2019092901003406,SANIMA,51,42,"1,000",346.00,"346,000.00"
2019-09-29,2019092901003404,SANIMA,39,42,20,346.00,"6,920.00"
2019-09-29,2019092901003293,SANIMA,38,42,100,346.00,"34,600.00"
2019-09-29,2019092901003610,SBI,13,45,55,404.00,"22,220.00"
2019-09-29,2019092901003609,SBI,45,45,20,404.00,"8,080.00"
2019-09-29,2019092901003608,SBI,56,45,37,404.00,"14,948.00"
2019-09-29,2019092901003526,SBI,13,6,45,404.00,"18,180.00"
2019-09-29,2019092901003421,SBI,56,36,13,404.00,"5,252.00"
2019-09-29,2019092901003420,SBI,26,36,50,404.00,"20,200.00"
2019-09-29,2019092901003613,SBL,52,45,31,326.00,"10,106.00"
2019-09-29,2019092901003612,SBL,52,26,19,326.00,"6,194.00"
2019-09-29,2019092901003545,SBL,49,26,100,326.00,"32,600.00"
2019-09-29,2019092901003483,SBL,44,4,124,325.00,"40,300.00"
2019-09-29,2019092901003482,SBL,53,4,17,325.00,"5,525.00"
2019-09-29,2019092901003326,SBL,29,45,50,325.00,"16,250.00"
2019-09-29,2019092901003307,SBL,44,45,324,325.00,"105,300.00"
2019-09-29,2019092901003313,SBL,38,45,"1,000",325.00,"325,000.00"
2019-09-29,2019092901003312,SBL,50,45,300,325.00,"97,500.00"
2019-09-29,2019092901003311,SBL,41,45,"1,000",325.00,"325,000.00"
2019-09-29,2019092901003310,SBL,33,45,"1,000",325.00,"325,000.00"
2019-09-29,2019092901003309,SBL,35,45,100,325.00,"32,500.00"
2019-09-29,2019092901003308,SBL,22,45,50,325.00,"16,250.00"
2019-09-29,2019092901003319,SBL,38,45,300,325.00,"97,500.00"
2019-09-29,2019092901003318,SBL,3,45,50,325.00,"16,250.00"
2019-09-29,2019092901003317,SBL,17,45,100,325.00,"32,500.00"
2019-09-29,2019092901003316,SBL,57,45,100,325.00,"32,500.00"
2019-09-29,2019092901003315,SBL,35,45,100,325.00,"32,500.00"
2019-09-29,2019092901003314,SBL,32,45,500,325.00,"162,500.00"
2019-09-29,2019092901003325,SBL,59,45,500,325.00,"162,500.00"
2019-09-29,2019092901003324,SBL,35,45,25,325.00,"8,125.00"
2019-09-29,2019092901003323,SBL,35,45,25,325.00,"8,125.00"
2019-09-29,2019092901003322,SBL,57,45,100,325.00,"32,500.00"
2019-09-29,2019092901003321,SBL,35,45,100,325.00,"32,500.00"
2019-09-29,2019092901003320,SBL,48,45,300,325.00,"97,500.00"
2019-09-29,2019092901003356,SCB,36,28,10,553.00,"5,530.00"
2019-09-29,2019092901003611,SDESI,45,35,100,602.00,"60,200.00"
2019-09-29,2019092901003489,SDESI,6,41,100,597.00,"59,700.00"
2019-09-29,2019092901003158,SDESI,17,35,30,597.00,"17,910.00"
2019-09-29,2019092901003157,SDESI,19,35,190,597.00,"113,430.00"
2019-09-29,2019092901003449,SHIVM,32,58,30,530.00,"15,900.00"
2019-09-29,2019092901003438,SHIVM,52,58,50,530.00,"26,500.00"
2019-09-29,2019092901003414,SHIVM,35,33,200,530.00,"106,000.00"
2019-09-29,2019092901003222,SHIVM,50,7,48,529.00,"25,392.00"
2019-09-29,2019092901003215,SHIVM,46,7,10,529.00,"5,290.00"
2019-09-29,2019092901003199,SHIVM,45,50,95,530.00,"50,350.00"
2019-09-29,2019092901003142,SHIVM,1,50,100,530.00,"53,000.00"
2019-09-29,2019092901003141,SHIVM,32,50,30,530.00,"15,900.00"
2019-09-29,2019092901003221,SHIVM,45,7,300,529.00,"158,700.00"
2019-09-29,2019092901003220,SHIVM,8,7,22,529.00,"11,638.00"
2019-09-29,2019092901003219,SHIVM,45,7,20,529.00,"10,580.00"
2019-09-29,2019092901003218,SHIVM,44,7,300,529.00,"158,700.00"
2019-09-29,2019092901003217,SHIVM,45,7,200,529.00,"105,800.00"
2019-09-29,2019092901003216,SHIVM,14,7,100,529.00,"52,900.00"
2019-09-29,2019092901003437,SIC,37,45,90,473.00,"42,570.00"
2019-09-29,2019092901003436,SIC,45,45,10,474.00,"4,740.00"
2019-09-29,2019092901003619,SIL,25,28,10,380.00,"3,800.00"
2019-09-29,2019092901003589,SIL,39,25,50,378.00,"18,900.00"
2019-09-29,2019092901003553,SIL,39,25,55,378.00,"20,790.00"
2019-09-29,2019092901003358,SIL,39,26,100,378.00,"37,800.00"
2019-09-29,2019092901003333,SIL,39,25,246,378.00,"92,988.00"
2019-09-29,2019092901003614,SINDU,13,29,100,119.00,"11,900.00"
2019-09-29,2019092901003535,SINDU,49,40,"1,500",121.00,"181,500.00"
2019-09-29,2019092901003534,SINDU,32,40,200,121.00,"24,200.00"
2019-09-29,2019092901003533,SINDU,29,40,"1,000",121.00,"121,000.00"
2019-09-29,2019092901003532,SINDU,22,40,20,121.00,"2,420.00"
2019-09-29,2019092901003531,SINDU,13,40,100,121.00,"12,100.00"
2019-09-29,2019092901003530,SINDU,34,40,300,121.00,"36,300.00"
2019-09-29,2019092901003615,SJCL,43,57,10,163.00,"1,630.00"
2019-09-29,2019092901003129,SJCL,43,18,20,163.00,"3,260.00"
2019-09-29,2019092901003277,SJCL,18,55,20,164.00,"3,280.00"
2019-09-29,2019092901003177,SJCL,43,39,20,163.00,"3,260.00"
2019-09-29,2019092901003162,SJCL,43,39,20,163.00,"3,260.00"
2019-09-29,2019092901003306,SJCL,18,39,20,164.00,"3,280.00"
2019-09-29,2019092901003280,SJCL,18,39,20,164.00,"3,280.00"
2019-09-29,2019092901003279,SJCL,18,18,20,164.00,"3,280.00"
2019-09-29,2019092901003278,SJCL,18,42,20,164.00,"3,280.00"
2019-09-29,2019092901003466,SJCL,43,39,20,163.00,"3,260.00"
2019-09-29,2019092901003445,SJCL,43,39,20,163.00,"3,260.00"
2019-09-29,2019092901003424,SJCL,43,39,20,163.00,"3,260.00"
2019-09-29,2019092901003392,SJCL,43,39,20,163.00,"3,260.00"
2019-09-29,2019092901003347,SJCL,18,32,10,164.00,"1,640.00"
2019-09-29,2019092901003351,SKBBL,39,35,30,897.00,"26,910.00"
2019-09-29,2019092901003492,SLBBL,6,29,65,531.00,"34,515.00"
2019-09-29,2019092901003462,SLBBL,45,29,20,531.00,"10,620.00"
2019-09-29,2019092901003547,SLBSL,7,38,50,662.00,"33,100.00"
2019-09-29,2019092901003290,SLBSL,5,38,10,655.00,"6,550.00"
2019-09-29,2019092901003623,SMATA,32,28,200,522.00,"104,400.00"
2019-09-29,2019092901003255,SMATA,51,28,100,519.00,"51,900.00"
2019-09-29,2019092901003254,SMATA,35,28,20,519.00,"10,380.00"
2019-09-29,2019092901003253,SMATA,34,28,20,520.00,"10,400.00"
2019-09-29,2019092901003252,SMATA,22,28,10,520.00,"5,200.00"
2019-09-29,2019092901003251,SMATA,34,28,30,520.00,"15,600.00"
2019-09-29,2019092901003250,SMATA,39,28,50,521.00,"26,050.00"
2019-09-29,2019092901003249,SMATA,37,28,20,522.00,"10,440.00"
2019-09-29,2019092901003248,SMATA,36,28,20,523.00,"10,460.00"
2019-09-29,2019092901003524,SMFDB,26,37,10,501.00,"5,010.00"
2019-09-29,2019092901003442,SPARS,45,43,30,540.00,"16,200.00"
2019-09-29,2019092901003287,SPARS,45,51,10,540.00,"5,400.00"
2019-09-29,2019092901003186,SWBBL,22,48,68,891.00,"60,588.00"
2019-09-29,2019092901003185,SWBBL,44,48,14,891.00,"12,474.00"
2019-09-29,2019092901003184,SWBBL,41,48,25,894.00,"22,350.00"
2019-09-29,2019092901003200,TRH,58,22,10,275.00,"2,750.00"
2019-09-29,2019092901003515,UIC,10,42,10,256.00,"2,560.00"
2019-09-29,2019092901003514,UIC,42,42,10,257.00,"2,570.00"
2019-09-29,2019092901003428,UMHL,43,59,200,101.00,"20,200.00"
2019-09-29,2019092901003427,UMHL,43,59,300,101.00,"30,300.00"
2019-09-29,2019092901003403,UMHL,52,59,100,103.00,"10,300.00"
2019-09-29,2019092901003402,UMHL,1,59,100,103.00,"10,300.00"
2019-09-29,2019092901003164,UNHPL,42,42,50,51.00,"2,550.00"
2019-09-29,2019092901003480,UPPER,33,38,585,230.00,"134,550.00"
2019-09-29,2019092901003479,UPPER,39,38,100,231.00,"23,100.00"
2019-09-29,2019092901003478,UPPER,19,38,165,231.00,"38,115.00"
2019-09-29,2019092901003477,UPPER,33,38,150,231.00,"34,650.00"
2019-09-29,2019092901003237,UPPER,56,42,171,231.00,"39,501.00"
2019-09-29,2019092901003450,UPPER,33,39,50,231.00,"11,550.00"
2019-09-29,2019092901003332,UPPER,19,39,35,231.00,"8,085.00"
2019-09-29,2019092901003331,UPPER,56,39,15,231.00,"3,465.00"
2019-09-29,2019092901003566,VLBS,21,6,39,530.00,"20,670.00"
2019-09-29,2019092901003565,VLBS,54,6,42,532.00,"22,344.00"
2019-09-29,2019092901003089,ADBL,14,25,408,409.00,"166,872.00"
2019-09-29,2019092901003088,ADBL,14,6,92,409.00,"37,628.00"
2019-09-29,2019092901003087,ADBL,14,10,500,409.00,"204,500.00"
2019-09-29,2019092901002851,ADBL,45,25,63,409.00,"25,767.00"
2019-09-29,2019092901002850,ADBL,45,25,20,409.00,"8,180.00"
2019-09-29,2019092901002748,ADBL,45,17,21,409.00,"8,589.00"
2019-09-29,2019092901002987,AHPC,51,46,10,96.00,960.00
2019-09-29,2019092901002986,AHPC,48,46,100,96.00,"9,600.00"
2019-09-29,2019092901003086,AKBSL,48,25,10,408.00,"4,080.00"
2019-09-29,2019092901003054,AKBSL,48,10,10,408.00,"4,080.00"
2019-09-29,2019092901003024,AKBSL,48,54,10,408.00,"4,080.00"
2019-09-29,2019092901002836,AKBSL,40,48,10,414.00,"4,140.00"
2019-09-29,2019092901002813,AKBSL,34,29,10,413.00,"4,130.00"
2019-09-29,2019092901002812,AKBSL,48,40,10,408.00,"4,080.00"
2019-09-29,2019092901002695,AKBSL,18,25,10,408.00,"4,080.00"
2019-09-29,2019092901002684,AKBSL,18,22,10,408.00,"4,080.00"
2019-09-29,2019092901002676,AKBSL,18,25,10,408.00,"4,080.00"
2019-09-29,2019092901002664,AKBSL,18,25,10,408.00,"4,080.00"
2019-09-29,2019092901002661,AKBSL,18,25,10,408.00,"4,080.00"
2019-09-29,2019092901002632,AKBSL,55,7,10,412.00,"4,120.00"
2019-09-29,2019092901002966,AKJCL,33,7,20,55.00,"1,100.00"
2019-09-29,2019092901002822,AKJCL,33,34,20,55.00,"1,100.00"
2019-09-29,2019092901002915,AKPL,58,44,13,133.00,"1,729.00"
2019-09-29,2019092901002914,AKPL,58,44,187,133.00,"24,871.00"
2019-09-29,2019092901003096,ALBSL,7,25,10,418.00,"4,180.00"
2019-09-29,2019092901003026,ALBSL,17,37,10,418.00,"4,180.00"
2019-09-29,2019092901002979,ALBSL,17,48,10,418.00,"4,180.00"
2019-09-29,2019092901002716,ALBSL,6,38,10,425.00,"4,250.00"
2019-09-29,2019092901002715,ALBSL,6,38,10,425.00,"4,250.00"
2019-09-29,2019092901002714,ALBSL,6,38,10,425.00,"4,250.00"
2019-09-29,2019092901002713,ALBSL,6,45,20,424.00,"8,480.00"
2019-09-29,2019092901002712,ALBSL,6,38,10,424.00,"4,240.00"
2019-09-29,2019092901002711,ALBSL,6,47,10,423.00,"4,230.00"
2019-09-29,2019092901002690,ALBSL,36,58,10,423.00,"4,230.00"
2019-09-29,2019092901003121,ALICL,41,51,150,309.00,"46,350.00"
2019-09-29,2019092901003095,ALICL,43,51,29,309.00,"8,961.00"
2019-09-29,2019092901002949,ALICL,25,51,100,309.00,"30,900.00"
2019-09-29,2019092901002948,ALICL,13,51,100,309.00,"30,900.00"
2019-09-29,2019092901002947,ALICL,10,51,21,309.00,"6,489.00"
2019-09-29,2019092901002774,ALICL,10,50,100,309.00,"30,900.00"
2019-09-29,2019092901003049,BOKL,34,51,572,249.00,"142,428.00"
2019-09-29,2019092901003048,BOKL,45,51,20,250.00,"5,000.00"
2019-09-29,2019092901003047,BOKL,45,51,20,250.00,"5,000.00"
2019-09-29,2019092901003046,BOKL,6,51,20,250.00,"5,000.00"
2019-09-29,2019092901003045,BOKL,25,51,118,250.00,"29,500.00"
2019-09-29,2019092901002931,BOKL,25,32,100,250.00,"25,000.00"
2019-09-29,2019092901002683,BOKL,34,38,961,251.00,"241,211.00"
2019-09-29,2019092901002682,BOKL,34,13,50,251.00,"12,550.00"
2019-09-29,2019092901003053,BPCL,33,7,22,356.00,"7,832.00"
2019-09-29,2019092901002653,BPCL,21,26,100,356.00,"35,600.00"
2019-09-29,2019092901002795,CBBL,43,45,50,957.00,"47,850.00"
2019-09-29,2019092901002778,CBBL,58,45,200,958.00,"191,600.00"
2019-09-29,2019092901003093,CBL,43,43,100,142.00,"14,200.00"
2019-09-29,2019092901003092,CBL,1,43,200,142.00,"28,400.00"
2019-09-29,2019092901003005,CCBL,26,45,60,151.00,"9,060.00"
2019-09-29,2019092901002758,CCBL,1,50,200,152.00,"30,400.00"
2019-09-29,2019092901002720,CCBL,45,34,975,152.00,"148,200.00"
2019-09-29,2019092901002719,CCBL,45,39,25,152.00,"3,800.00"
2019-09-29,2019092901002694,CCBL,6,34,20,152.00,"3,040.00"
2019-09-29,2019092901002772,CHCL,46,42,10,410.00,"4,100.00"
2019-09-29,2019092901002648,CHCL,46,43,23,410.00,"9,430.00"
2019-09-29,2019092901002647,CHCL,21,43,100,411.00,"41,100.00"
2019-09-29,2019092901003097,CHL,58,38,10,80.00,800.00
2019-09-29,2019092901002935,CIT,17,50,30,"1,778.00","53,340.00"
2019-09-29,2019092901002891,CLBSL,21,21,1,467.00,467.00
2019-09-29,2019092901003050,CORBL,42,32,220,106.00,"23,320.00"
2019-09-29,2019092901003065,CZBIL,28,6,795,193.00,"153,435.00"
2019-09-29,2019092901002946,DBBL,57,32,50,127.00,"6,350.00"
2019-09-29,2019092901002945,DBBL,45,32,50,127.00,"6,350.00"
2019-09-29,2019092901002811,DBBL,59,4,100,128.00,"12,800.00"
2019-09-29,2019092901002832,EBL,51,44,35,553.00,"19,355.00"
2019-09-29,2019092901002831,EBL,17,44,500,553.00,"276,500.00"
2019-09-29,2019092901002830,EBL,55,44,46,553.00,"25,438.00"
2019-09-29,2019092901002829,EBL,8,44,50,553.00,"27,650.00"
2019-09-29,2019092901002828,EBL,45,44,300,554.00,"166,200.00"
2019-09-29,2019092901002827,EBL,17,44,30,554.00,"16,620.00"
2019-09-29,2019092901002826,EBL,13,44,39,554.00,"21,606.00"
2019-09-29,2019092901002794,EBL,13,38,11,554.00,"6,094.00"
2019-09-29,2019092901002793,EBL,56,38,25,554.00,"13,850.00"
2019-09-29,2019092901002792,EBL,17,38,50,554.00,"27,700.00"
2019-09-29,2019092901002791,EBL,17,38,24,554.00,"13,296.00"
2019-09-29,2019092901002892,EIC,43,49,50,232.00,"11,600.00"
2019-09-29,2019092901002674,EIC,16,50,62,232.00,"14,384.00"
2019-09-29,2019092901002652,EIC,55,50,138,232.00,"32,016.00"
2019-09-29,2019092901002651,EIC,55,5,100,232.00,"23,200.00"
2019-09-29,2019092901002650,EIC,55,47,262,232.00,"60,784.00"
2019-09-29,2019092901002964,FMDBL,42,50,48,369.00,"17,712.00"
2019-09-29,2019092901002963,FMDBL,29,50,19,369.00,"7,011.00"
2019-09-29,2019092901002775,GBBL,48,34,"1,000",209.00,"209,000.00"
2019-09-29,2019092901003122,GBLBS,45,45,5,315.00,"1,575.00"
2019-09-29,2019092901003116,GBLBS,45,45,5,315.00,"1,575.00"
2019-09-29,2019092901003109,GBLBS,45,45,5,315.00,"1,575.00"
2019-09-29,2019092901002886,GBLBS,42,38,200,315.00,"63,000.00"
2019-09-29,2019092901002680,GHL,51,50,10,63.00,630.00
2019-09-29,2019092901002679,GHL,51,50,20,63.00,"1,260.00"
2019-09-29,2019092901002965,GLBSL,26,38,40,426.00,"17,040.00"
2019-09-29,2019092901003040,GLICL,57,54,11,349.00,"3,839.00"
2019-09-29,2019092901002810,GLICL,57,34,100,351.00,"35,100.00"
2019-09-29,2019092901002638,GMFBS,36,36,10,457.00,"4,570.00"
2019-09-29,2019092901002752,GUFL,17,18,100,112.00,"11,200.00"
2019-09-29,2019092901002751,GUFL,22,18,10,112.00,"1,120.00"
2019-09-29,2019092901002916,HBL,38,32,50,487.00,"24,350.00"
2019-09-29,2019092901002982,HDL,32,38,15,"1,415.00","21,225.00"
2019-09-29,2019092901002887,HGI,36,22,295,262.00,"77,290.00"
2019-09-29,2019092901002871,HGI,55,38,500,263.00,"131,500.00"
2019-09-29,2019092901002870,HGI,13,38,100,263.00,"26,300.00"
2019-09-29,2019092901002869,HGI,22,38,20,263.00,"5,260.00"
2019-09-29,2019092901002630,HGI,22,22,20,264.00,"5,280.00"
2019-09-29,2019092901002629,HGI,7,22,200,264.00,"52,800.00"
2019-09-29,2019092901002985,HIDCL,33,42,50,131.00,"6,550.00"
2019-09-29,2019092901002701,HIDCL,19,16,170,130.00,"22,100.00"
2019-09-29,2019092901002700,HIDCL,17,16,75,130.00,"9,750.00"
2019-09-29,2019092901003059,ILBS,45,45,10,421.00,"4,210.00"
2019-09-29,2019092901003011,ILBS,39,7,10,420.00,"4,200.00"
2019-09-29,2019092901002991,ILBS,22,38,70,420.00,"29,400.00"
2019-09-29,2019092901002923,ILBS,22,48,10,420.00,"4,200.00"
2019-09-29,2019092901002866,ILBS,22,36,10,420.00,"4,200.00"
2019-09-29,2019092901002824,ILBS,17,17,10,422.00,"4,220.00"
2019-09-29,2019092901002823,ILBS,17,21,10,422.00,"4,220.00"
2019-09-29,2019092901002995,JBBL,32,26,110,155.00,"17,050.00"
2019-09-29,2019092901002842,JFL,35,38,20,194.00,"3,880.00"
2019-09-29,2019092901002841,JFL,22,38,30,194.00,"5,820.00"
2019-09-29,2019092901003099,KBL,42,13,396,175.00,"69,300.00"
2019-09-29,2019092901003098,KBL,33,13,104,175.00,"18,200.00"
2019-09-29,2019092901003062,KBL,33,22,896,175.00,"156,800.00"
2019-09-29,2019092901003061,KBL,22,22,30,175.00,"5,250.00"
2019-09-29,2019092901003060,KBL,33,22,74,175.00,"12,950.00"
2019-09-29,2019092901002927,KBL,49,8,50,176.00,"8,800.00"
2019-09-29,2019092901002814,KKHC,11,56,300,58.00,"17,400.00"
2019-09-29,2019092901003067,KPCL,45,7,10,75.00,750.00
2019-09-29,2019092901002742,KPCL,42,39,10,76.00,760.00
2019-09-29,2019092901002978,KSBBL,59,25,80,140.00,"11,200.00"
2019-09-29,2019092901002922,LBBL,57,25,18,170.00,"3,060.00"
2019-09-29,2019092901002800,LBL,32,45,41,208.00,"8,528.00"
2019-09-29,2019092901002745,LBL,44,22,12,207.00,"2,484.00"
2019-09-29,2019092901002707,LBL,40,45,500,208.00,"104,000.00"
2019-09-29,2019092901002706,LBL,13,45,100,208.00,"20,800.00"
2019-09-29,2019092901002705,LBL,13,45,100,208.00,"20,800.00"
2019-09-29,2019092901002704,LBL,1,45,200,208.00,"41,600.00"
2019-09-29,2019092901002703,LBL,14,45,50,208.00,"10,400.00"
2019-09-29,2019092901003064,LGIL,43,34,106,344.00,"36,464.00"
2019-09-29,2019092901003094,LICN,39,34,55,995.00,"54,725.00"
2019-09-29,2019092901002875,LLBS,21,21,2,645.00,"1,290.00"
2019-09-29,2019092901002862,LLBS,38,55,50,654.00,"32,700.00"
2019-09-29,2019092901002920,MBL,57,58,350,219.00,"76,650.00"
2019-09-29,2019092901002670,MBL,57,1,500,219.00,"109,500.00"
2019-09-29,2019092901002755,MDB,16,16,200,243.00,"48,600.00"
2019-09-29,2019092901002738,MDB,34,16,66,243.00,"16,038.00"
2019-09-29,2019092901002940,MEGA,50,17,854,188.00,"160,552.00"
2019-09-29,2019092901002639,MEGA,8,17,50,189.00,"9,450.00"
2019-09-29,2019092901002818,MEGA,48,17,50,188.00,"9,400.00"
2019-09-29,2019092901002817,MEGA,51,17,100,188.00,"18,800.00"
2019-09-29,2019092901002816,MEGA,43,17,34,188.00,"6,392.00"
2019-09-29,2019092901002846,MEGA,41,17,100,188.00,"18,800.00"
2019-09-29,2019092901002845,MEGA,6,17,50,188.00,"9,400.00"
2019-09-29,2019092901002844,MEGA,41,17,422,188.00,"79,336.00"
2019-09-29,2019092901002835,MEGA,41,37,312,188.00,"58,656.00"
2019-09-29,2019092901002820,MEGA,41,17,266,188.00,"50,008.00"
2019-09-29,2019092901002819,MEGA,32,17,500,188.00,"94,000.00"
2019-09-29,2019092901002939,MEGA,21,17,100,188.00,"18,800.00"
2019-09-29,2019092901002938,MEGA,47,17,22,188.00,"4,136.00"
2019-09-29,2019092901002849,MEGA,47,17,178,188.00,"33,464.00"
2019-09-29,2019092901002848,MEGA,16,17,50,188.00,"9,400.00"
2019-09-29,2019092901002847,MEGA,26,17,200,188.00,"37,600.00"
2019-09-29,2019092901002880,MERO,50,37,45,549.00,"24,705.00"
2019-09-29,2019092901002879,MERO,50,13,69,549.00,"37,881.00"
2019-09-29,2019092901002646,MERO,34,37,10,549.00,"5,490.00"
2019-09-29,2019092901002999,MLBL,28,49,200,209.00,"41,800.00"
2019-09-29,2019092901002702,MLBL,37,49,300,210.00,"63,000.00"
2019-09-29,2019092901002668,MLBL,59,49,100,210.00,"21,000.00"
2019-09-29,2019092901002667,MLBL,59,5,900,210.00,"189,000.00"
2019-09-29,2019092901003084,MNBBL,58,45,100,303.00,"30,300.00"
2019-09-29,2019092901002941,MNBBL,17,3,100,303.00,"30,300.00"
2019-09-29,2019092901002918,MSLB,58,52,50,929.00,"46,450.00"
2019-09-29,2019092901002901,MSMBS,40,36,50,453.00,"22,650.00"
2019-09-29,2019092901003012,NABIL,22,32,50,753.00,"37,650.00"
2019-09-29,2019092901002969,NABIL,41,36,25,753.00,"18,825.00"
2019-09-29,2019092901002868,NABIL,17,36,25,753.00,"18,825.00"
2019-09-29,2019092901002865,NABIL,17,49,75,753.00,"56,475.00"
2019-09-29,2019092901002864,NABIL,45,49,100,753.00,"75,300.00"
2019-09-29,2019092901002863,NABIL,35,49,25,753.00,"18,825.00"
2019-09-29,2019092901002840,NABIL,35,49,25,753.00,"18,825.00"
2019-09-29,2019092901002839,NABIL,42,49,25,753.00,"18,825.00"
2019-09-29,2019092901002838,NABIL,32,49,30,753.00,"22,590.00"
2019-09-29,2019092901002837,NABIL,39,49,20,753.00,"15,060.00"
2019-09-29,2019092901002769,NABIL,6,42,100,754.00,"75,400.00"
2019-09-29,2019092901003016,NADEP,34,50,20,400.00,"8,000.00"
2019-09-29,2019092901003003,NADEP,34,38,12,400.00,"4,800.00"
2019-09-29,2019092901003002,NADEP,48,38,20,400.00,"8,000.00"
2019-09-29,2019092901003001,NADEP,14,38,18,400.00,"7,200.00"
2019-09-29,2019092901003090,NBB,18,18,70,206.00,"14,420.00"
2019-09-29,2019092901003076,NBB,17,45,84,205.00,"17,220.00"
2019-09-29,2019092901003075,NBB,37,45,16,205.00,"3,280.00"
2019-09-29,2019092901002984,NBB,37,32,80,205.00,"16,400.00"
2019-09-29,2019092901002955,NBB,7,38,"1,000",206.00,"206,000.00"
2019-09-29,2019092901002666,NBB,43,39,208,205.00,"42,640.00"
2019-09-29,2019092901002928,NBB,37,32,50,205.00,"10,250.00"
2019-09-29,2019092901002857,NBB,37,39,104,205.00,"21,320.00"
2019-09-29,2019092901002856,NBB,43,39,16,205.00,"3,280.00"
2019-09-29,2019092901002855,NBB,56,39,500,205.00,"102,500.00"
2019-09-29,2019092901002798,NBB,43,33,270,205.00,"55,350.00"
2019-09-29,2019092901003029,NBL,43,57,500,310.00,"155,000.00"
2019-09-29,2019092901003028,NBL,43,32,200,310.00,"62,000.00"
2019-09-29,2019092901002952,NBL,34,32,100,310.00,"31,000.00"
2019-09-29,2019092901002921,NBL,58,35,290,310.00,"89,900.00"
2019-09-29,2019092901002882,NBL,58,4,710,310.00,"220,100.00"
2019-09-29,2019092901002853,NBL,39,4,200,310.00,"62,000.00"
2019-09-29,2019092901002852,NBL,38,4,90,310.00,"27,900.00"
2019-09-29,2019092901002808,NBL,38,4,10,310.00,"3,100.00"
2019-09-29,2019092901002807,NBL,25,4,490,310.00,"151,900.00"
2019-09-29,2019092901002740,NBL,25,22,10,310.00,"3,100.00"
2019-09-29,2019092901002954,NCCB,33,49,289,194.00,"56,066.00"
2019-09-29,2019092901002953,NCCB,44,49,320,194.00,"62,080.00"
2019-09-29,2019092901002809,NCCB,44,34,100,194.00,"19,400.00"
2019-09-29,2019092901002799,NCCB,44,55,500,194.00,"97,000.00"
2019-09-29,2019092901003009,NHPC,42,26,20,53.00,"1,060.00"
2019-09-29,2019092901003119,NIB,57,42,50,432.00,"21,600.00"
2019-09-29,2019092901003051,NIB,57,36,39,432.00,"16,848.00"
2019-09-29,2019092901003025,NIB,58,39,44,431.00,"18,964.00"
2019-09-29,2019092901002873,NIB,58,39,32,431.00,"13,792.00"
2019-09-29,2019092901002872,NIB,58,39,200,431.00,"86,200.00"
2019-09-29,2019092901003008,NICA,33,42,200,375.00,"75,000.00"
2019-09-29,2019092901002993,NICA,33,38,116,375.00,"43,500.00"
2019-09-29,2019092901002992,NICA,45,38,84,375.00,"31,500.00"
2019-09-29,2019092901002961,NICA,45,48,116,375.00,"43,500.00"
2019-09-29,2019092901002960,NICA,33,48,500,375.00,"187,500.00"
2019-09-29,2019092901002959,NICA,22,48,10,375.00,"3,750.00"
2019-09-29,2019092901002902,NICA,39,22,20,375.00,"7,500.00"
2019-09-29,2019092901002797,NICA,22,13,200,376.00,"75,200.00"
2019-09-29,2019092901002796,NICA,22,59,200,376.00,"75,200.00"
2019-09-29,2019092901002708,NICA,39,41,160,375.00,"60,000.00"
2019-09-29,2019092901002958,NICA,42,48,242,375.00,"90,750.00"
2019-09-29,2019092901002957,NICA,16,48,200,375.00,"75,000.00"
2019-09-29,2019092901002956,NICA,33,48,232,375.00,"87,000.00"
2019-09-29,2019092901002934,NICA,33,48,768,375.00,"288,000.00"
2019-09-29,2019092901002933,NICA,45,48,50,375.00,"18,750.00"
2019-09-29,2019092901002932,NICA,39,48,182,375.00,"68,250.00"
2019-09-29,2019092901003108,NICGF,45,57,100,8.30,830.00
2019-09-29,2019092901002975,NIL,32,36,100,357.00,"35,700.00"
2019-09-29,2019092901002962,NIL,13,32,30,353.00,"10,590.00"
2019-09-29,2019092901002908,NLBBL,25,18,100,494.00,"49,400.00"
2019-09-29,2019092901002907,NLBBL,33,18,50,494.00,"24,700.00"
2019-09-29,2019092901002906,NLBBL,17,18,50,494.00,"24,700.00"
2019-09-29,2019092901002905,NLBBL,17,18,10,494.00,"4,940.00"
2019-09-29,2019092901002904,NLBBL,49,18,30,495.00,"14,850.00"
2019-09-29,2019092901002903,NLBBL,49,18,20,499.00,"9,980.00"
2019-09-29,2019092901003013,NLIC,32,42,50,754.00,"37,700.00"
2019-09-29,2019092901002930,NLIC,17,52,13,753.00,"9,789.00"
2019-09-29,2019092901002913,NLIC,17,38,37,753.00,"27,861.00"
2019-09-29,2019092901002802,NLIC,47,28,30,755.00,"22,650.00"
2019-09-29,2019092901002801,NLIC,47,59,20,755.00,"15,100.00"
2019-09-29,2019092901003006,NLICL,39,55,100,470.00,"47,000.00"
2019-09-29,2019092901002909,NLICL,39,55,55,470.00,"25,850.00"
2019-09-29,2019092901002637,NMBMF,1,44,50,"1,031.00","51,550.00"
2019-09-29,2019092901003015,NMFBS,45,38,70,"1,668.00","116,760.00"
2019-09-29,2019092901002658,NMFBS,45,22,15,"1,668.00","25,020.00"
2019-09-29,2019092901002944,NTC,41,1,20,629.00,"12,580.00"
2019-09-29,2019092901002779,NTC,49,3,10,628.00,"6,280.00"
2019-09-29,2019092901002943,NTC,41,3,30,628.00,"18,840.00"
2019-09-29,2019092901002736,NUBL,3,18,100,845.00,"84,500.00"
2019-09-29,2019092901002735,NUBL,25,18,100,845.00,"84,500.00"
2019-09-29,2019092901002970,OHL,50,38,50,512.00,"25,600.00"
2019-09-29,2019092901002925,OHL,7,36,20,514.00,"10,280.00"
2019-09-29,2019092901002924,OHL,6,36,50,514.00,"25,700.00"
2019-09-29,2019092901002747,PCBL,48,49,293,261.00,"76,473.00"
2019-09-29,2019092901003058,PIC,34,50,100,365.00,"36,500.00"
2019-09-29,2019092901003057,PIC,39,50,74,365.00,"27,010.00"
2019-09-29,2019092901003033,PIC,39,6,601,365.00,"219,365.00"
2019-09-29,2019092901003032,PIC,42,6,64,365.00,"23,360.00"
2019-09-29,2019092901003031,PIC,6,6,100,366.00,"36,600.00"
2019-09-29,2019092901003030,PIC,42,6,35,366.00,"12,810.00"
2019-09-29,2019092901003007,PIC,42,47,11,366.00,"4,026.00"
2019-09-29,2019092901002867,PIC,42,37,22,366.00,"8,052.00"
2019-09-29,2019092901002861,PIC,29,6,50,367.00,"18,350.00"
2019-09-29,2019092901002860,PIC,29,6,500,367.00,"183,500.00"
2019-09-29,2019092901002859,PIC,13,6,100,367.00,"36,700.00"
2019-09-29,2019092901002858,PIC,37,6,50,367.00,"18,350.00"
2019-09-29,2019092901003022,PLIC,58,45,100,319.00,"31,900.00"
2019-09-29,2019092901003021,PLIC,26,45,20,319.00,"6,380.00"
2019-09-29,2019092901002976,PLIC,29,21,20,320.00,"6,400.00"
2019-09-29,2019092901003020,PMHPL,49,7,10,86.00,860.00
2019-09-29,2019092901002699,PMHPL,49,39,10,86.00,860.00
2019-09-29,2019092901003039,PPCL,38,37,30,96.00,"2,880.00"
2019-09-29,2019092901002990,PPCL,4,39,200,97.00,"19,400.00"
2019-09-29,2019092901002967,PPCL,42,29,20,98.00,"1,960.00"
2019-09-29,2019092901002998,PRVU,26,32,26,259.00,"6,734.00"
2019-09-29,2019092901002997,PRVU,16,1,100,260.00,"26,000.00"
2019-09-29,2019092901002897,PRVU,16,16,133,260.00,"34,580.00"
2019-09-29,2019092901002876,PRVU,6,38,10,259.00,"2,590.00"
2019-09-29,2019092901002896,PRVU,16,25,21,260.00,"5,460.00"
2019-09-29,2019092901002895,PRVU,16,25,100,260.00,"26,000.00"
2019-09-29,2019092901002894,PRVU,16,35,132,260.00,"34,320.00"
2019-09-29,2019092901002893,PRVU,16,14,300,260.00,"78,000.00"
2019-09-29,2019092901002878,PRVU,26,38,70,259.00,"18,130.00"
2019-09-29,2019092901002877,PRVU,45,38,20,259.00,"5,180.00"
2019-09-29,2019092901003085,RHPL,54,38,10,155.00,"1,550.00"
2019-09-29,2019092901003068,RHPL,45,45,10,156.00,"1,560.00"
2019-09-29,2019092901003052,RHPL,45,45,10,156.00,"1,560.00"
2019-09-29,2019092901003027,RHPL,45,45,10,156.00,"1,560.00"
2019-09-29,2019092901003023,RHPL,45,45,10,156.00,"1,560.00"
2019-09-29,2019092901003014,RHPL,45,45,10,156.00,"1,560.00"
2019-09-29,2019092901002655,RHPL,40,28,20,156.00,"3,120.00"
2019-09-29,2019092901002709,RHPL,52,50,20,156.00,"3,120.00"
2019-09-29,2019092901002697,RHPL,52,28,20,156.00,"3,120.00"
2019-09-29,2019092901002693,RHPL,52,16,30,156.00,"4,680.00"
2019-09-29,2019092901002663,RHPL,52,16,10,156.00,"1,560.00"
2019-09-29,2019092901002662,RHPL,40,16,20,156.00,"3,120.00"
2019-09-29,2019092901002656,RHPL,40,39,40,156.00,"6,240.00"
2019-09-29,2019092901002726,RHPL,1,35,30,156.00,"4,680.00"
2019-09-29,2019092901002725,RHPL,1,35,60,156.00,"9,360.00"
2019-09-29,2019092901002724,RHPL,1,35,30,156.00,"4,680.00"
2019-09-29,2019092901002723,RHPL,35,35,40,156.00,"6,240.00"
2019-09-29,2019092901002722,RHPL,42,35,100,156.00,"15,600.00"
2019-09-29,2019092901002721,RHPL,52,35,920,156.00,"143,520.00"
2019-09-29,2019092901002977,RHPL,45,45,10,156.00,"1,560.00"
2019-09-29,2019092901002926,RHPL,45,45,10,156.00,"1,560.00"
2019-09-29,2019092901002804,RHPL,54,28,10,155.00,"1,550.00"
2019-09-29,2019092901002803,RHPL,3,28,10,155.00,"1,550.00"
2019-09-29,2019092901002749,RHPL,3,28,20,155.00,"3,100.00"
2019-09-29,2019092901002727,RHPL,11,35,200,156.00,"31,200.00"
2019-09-29,2019092901002642,RMDC,6,47,13,587.00,"7,631.00"
2019-09-29,2019092901002919,RSDC,36,13,300,323.00,"96,900.00"
2019-09-29,2019092901003117,SABSL,19,25,10,444.00,"4,440.00"
2019-09-29,2019092901003063,SABSL,19,38,10,444.00,"4,440.00"
2019-09-29,2019092901002951,SABSL,45,45,10,445.00,"4,450.00"
2019-09-29,2019092901002884,SABSL,19,5,10,444.00,"4,440.00"
2019-09-29,2019092901002854,SABSL,57,48,10,445.00,"4,450.00"
2019-09-29,2019092901002777,SABSL,57,25,10,445.00,"4,450.00"
2019-09-29,2019092901002734,SABSL,57,25,10,445.00,"4,450.00"
2019-09-29,2019092901002710,SABSL,57,25,10,445.00,"4,450.00"
2019-09-29,2019092901002698,SABSL,54,25,10,445.00,"4,450.00"
2019-09-29,2019092901002669,SABSL,35,25,10,447.00,"4,470.00"
2019-09-29,2019092901002654,SABSL,36,36,10,448.00,"4,480.00"
2019-09-29,2019092901002773,SABSL,57,25,10,445.00,"4,450.00"
2019-09-29,2019092901002756,SABSL,57,25,10,445.00,"4,450.00"
2019-09-29,2019092901002750,SABSL,57,25,10,445.00,"4,450.00"
2019-09-29,2019092901002746,SABSL,57,25,10,445.00,"4,450.00"
2019-09-29,2019092901002741,SABSL,57,25,10,445.00,"4,450.00"
2019-09-29,2019092901002737,SABSL,57,25,10,445.00,"4,450.00"
2019-09-29,2019092901003083,SANIMA,35,42,100,346.00,"34,600.00"
2019-09-29,2019092901003069,SANIMA,22,42,500,346.00,"173,000.00"
2019-09-29,2019092901003044,SANIMA,59,39,500,345.00,"172,500.00"
2019-09-29,2019092901002983,SANIMA,59,58,100,345.00,"34,500.00"
2019-09-29,2019092901002900,SANIMA,59,43,25,345.00,"8,625.00"
2019-09-29,2019092901002899,SANIMA,45,43,20,345.00,"6,900.00"
2019-09-29,2019092901002771,SANIMA,51,42,100,346.00,"34,600.00"
2019-09-29,2019092901002757,SANIMA,57,58,100,345.00,"34,500.00"
2019-09-29,2019092901002718,SANIMA,57,17,555,345.00,"191,475.00"
2019-09-29,2019092901002675,SANIMA,59,42,"1,000",346.00,"346,000.00"
2019-09-29,2019092901002645,SANIMA,49,42,100,346.00,"34,600.00"
2019-09-29,2019092901002625,SANIMA,34,42,30,346.00,"10,380.00"
2019-09-29,2019092901002898,SANIMA,57,43,526,345.00,"181,470.00"
2019-09-29,2019092901002889,SANIMA,52,42,44,346.00,"15,224.00"
2019-09-29,2019092901002888,SANIMA,57,37,36,345.00,"12,420.00"
2019-09-29,2019092901002821,SANIMA,35,42,"1,000",346.00,"346,000.00"
2019-09-29,2019092901002780,SANIMA,8,42,200,346.00,"69,200.00"
2019-09-29,2019092901002776,SANIMA,57,38,599,345.00,"206,655.00"
2019-09-29,2019092901003034,SBI,38,41,15,404.00,"6,060.00"
2019-09-29,2019092901002950,SBI,45,32,50,404.00,"20,200.00"
2019-09-29,2019092901003124,SBL,45,26,20,326.00,"6,520.00"
2019-09-29,2019092901003123,SBL,18,26,61,326.00,"19,886.00"
2019-09-29,2019092901003074,SBL,18,59,39,326.00,"12,714.00"
2019-09-29,2019092901003073,SBL,34,59,100,326.00,"32,600.00"
2019-09-29,2019092901003072,SBL,25,59,371,326.00,"120,946.00"
2019-09-29,2019092901002994,SBL,25,42,500,326.00,"163,000.00"
2019-09-29,2019092901002917,SBL,25,22,13,326.00,"4,238.00"
2019-09-29,2019092901002641,SBL,25,14,98,326.00,"31,948.00"
2019-09-29,2019092901002640,SBL,14,14,62,326.00,"20,212.00"
2019-09-29,2019092901003107,SCB,51,50,122,551.00,"67,222.00"
2019-09-29,2019092901003106,SCB,29,50,150,551.00,"82,650.00"
2019-09-29,2019092901003105,SCB,47,50,30,551.00,"16,530.00"
2019-09-29,2019092901003104,SCB,52,50,300,551.00,"165,300.00"
2019-09-29,2019092901003103,SCB,42,50,60,551.00,"33,060.00"
2019-09-29,2019092901003102,SCB,57,50,100,552.00,"55,200.00"
2019-09-29,2019092901003101,SCB,57,50,20,552.00,"11,040.00"
2019-09-29,2019092901003070,SDESI,19,50,10,597.00,"5,970.00"
2019-09-29,2019092901003071,SHIVM,47,7,40,530.00,"21,200.00"
2019-09-29,2019092901003066,SHIVM,13,7,50,530.00,"26,500.00"
2019-09-29,2019092901003056,SHIVM,19,7,200,530.00,"106,000.00"
2019-09-29,2019092901003055,SHIVM,51,7,40,530.00,"21,200.00"
2019-09-29,2019092901003038,SHIVM,51,38,10,530.00,"5,300.00"
2019-09-29,2019092901003019,SHIVM,46,38,190,529.00,"100,510.00"
2019-09-29,2019092901002687,SHIVM,58,25,50,532.00,"26,600.00"
2019-09-29,2019092901002686,SHIVM,52,25,20,532.00,"10,640.00"
2019-09-29,2019092901002685,SHIVM,45,25,300,533.00,"159,900.00"
2019-09-29,2019092901002733,SHIVM,42,7,30,532.00,"15,960.00"
2019-09-29,2019092901002732,SHIVM,47,7,100,532.00,"53,200.00"
2019-09-29,2019092901002731,SHIVM,59,7,20,532.00,"10,640.00"
2019-09-29,2019092901002730,SHIVM,53,7,20,532.00,"10,640.00"
2019-09-29,2019092901002689,SHIVM,53,25,30,532.00,"15,960.00"
2019-09-29,2019092901002688,SHIVM,1,25,100,532.00,"53,200.00"
2019-09-29,2019092901002784,SHIVM,45,34,200,530.00,"106,000.00"
2019-09-29,2019092901002783,SHIVM,21,34,10,530.00,"5,300.00"
2019-09-29,2019092901002782,SHIVM,41,34,20,530.00,"10,600.00"
2019-09-29,2019092901002781,SHIVM,1,34,100,530.00,"53,000.00"
2019-09-29,2019092901002754,SHIVM,28,42,100,531.00,"53,100.00"
2019-09-29,2019092901002753,SHIVM,51,42,100,531.00,"53,100.00"
2019-09-29,2019092901002885,SHIVM,42,42,"1,325",529.00,"700,925.00"
2019-09-29,2019092901002789,SHIVM,26,34,910,530.00,"482,300.00"
2019-09-29,2019092901002788,SHIVM,48,34,100,530.00,"53,000.00"
2019-09-29,2019092901002787,SHIVM,3,34,30,530.00,"15,900.00"
2019-09-29,2019092901002786,SHIVM,47,34,30,530.00,"15,900.00"
2019-09-29,2019092901002785,SHIVM,33,34,100,530.00,"53,000.00"
2019-09-29,2019092901003018,SHIVM,35,38,100,529.00,"52,900.00"
2019-09-29,2019092901003017,SHIVM,14,38,50,529.00,"26,450.00"
2019-09-29,2019092901002974,SHIVM,45,50,100,530.00,"53,000.00"
2019-09-29,2019092901002973,SHIVM,28,50,100,530.00,"53,000.00"
2019-09-29,2019092901002972,SHIVM,22,50,100,530.00,"53,000.00"
2019-09-29,2019092901002971,SHIVM,26,50,90,530.00,"47,700.00"
2019-09-29,2019092901002815,SHL,58,38,180,210.00,"37,800.00"
2019-09-29,2019092901002981,SIC,25,32,40,480.00,"19,200.00"
2019-09-29,2019092901002980,SIC,22,32,10,481.00,"4,810.00"
2019-09-29,2019092901003118,SJCL,43,39,20,163.00,"3,260.00"
2019-09-29,2019092901003091,SJCL,43,38,10,163.00,"1,630.00"
2019-09-29,2019092901003041,SJCL,43,53,20,163.00,"3,260.00"
2019-09-29,2019092901003010,SJCL,43,54,10,163.00,"1,630.00"
2019-09-29,2019092901002996,SJCL,43,28,20,163.00,"3,260.00"
2019-09-29,2019092901002635,SJCL,59,39,20,163.00,"3,260.00"
2019-09-29,2019092901002633,SJCL,59,39,10,163.00,"1,630.00"
2019-09-29,2019092901002631,SJCL,59,47,20,163.00,"3,260.00"
2019-09-29,2019092901002627,SJCL,59,58,20,163.00,"3,260.00"
2019-09-29,2019092901002626,SJCL,59,39,10,163.00,"1,630.00"
2019-09-29,2019092901002672,SJCL,59,39,20,163.00,"3,260.00"
2019-09-29,2019092901002671,SJCL,59,28,20,163.00,"3,260.00"
2019-09-29,2019092901002665,SJCL,59,39,20,163.00,"3,260.00"
2019-09-29,2019092901002660,SJCL,59,16,20,163.00,"3,260.00"
2019-09-29,2019092901002659,SJCL,59,50,10,163.00,"1,630.00"
2019-09-29,2019092901002644,SJCL,59,39,20,163.00,"3,260.00"
2019-09-29,2019092901002728,SJCL,3,50,10,162.00,"1,620.00"
2019-09-29,2019092901002696,SJCL,3,16,20,162.00,"3,240.00"
2019-09-29,2019092901002692,SJCL,3,28,10,162.00,"1,620.00"
2019-09-29,2019092901002691,SJCL,47,28,10,162.00,"1,620.00"
2019-09-29,2019092901002678,SJCL,59,50,790,163.00,"128,770.00"
2019-09-29,2019092901002677,SJCL,59,39,20,163.00,"3,260.00"
2019-09-29,2019092901002761,SJCL,13,53,10,164.00,"1,640.00"
2019-09-29,2019092901002760,SJCL,13,39,20,163.00,"3,260.00"
2019-09-29,2019092901002759,SJCL,13,50,10,163.00,"1,630.00"
2019-09-29,2019092901002744,SJCL,26,42,410,162.00,"66,420.00"
2019-09-29,2019092901002743,SJCL,36,42,490,162.00,"79,380.00"
2019-09-29,2019092901002729,SJCL,36,50,10,162.00,"1,620.00"
2019-09-29,2019092901002767,SJCL,13,53,20,164.00,"3,280.00"
2019-09-29,2019092901002766,SJCL,13,53,20,164.00,"3,280.00"
2019-09-29,2019092901002765,SJCL,13,53,20,164.00,"3,280.00"
2019-09-29,2019092901002764,SJCL,13,53,20,164.00,"3,280.00"
2019-09-29,2019092901002763,SJCL,13,53,20,164.00,"3,280.00"
2019-09-29,2019092901002762,SJCL,13,53,20,164.00,"3,280.00"
2019-09-29,2019092901002790,SJCL,34,55,20,165.00,"3,300.00"
2019-09-29,2019092901002770,SJCL,26,28,20,162.00,"3,240.00"
2019-09-29,2019092901002768,SJCL,13,18,20,164.00,"3,280.00"
2019-09-29,2019092901002881,SJCL,26,36,20,162.00,"3,240.00"
2019-09-29,2019092901003115,SLBSL,5,57,10,655.00,"6,550.00"
2019-09-29,2019092901003114,SLBSL,45,57,100,655.00,"65,500.00"
2019-09-29,2019092901003113,SLBSL,22,57,20,656.00,"13,120.00"
2019-09-29,2019092901003112,SLBSL,47,57,40,656.00,"26,240.00"
2019-09-29,2019092901003111,SLBSL,22,57,20,657.00,"13,140.00"
2019-09-29,2019092901003110,SLBSL,43,57,10,660.00,"6,600.00"
2019-09-29,2019092901003080,SLBSL,43,7,10,660.00,"6,600.00"
2019-09-29,2019092901003082,SLICL,44,38,180,258.00,"46,440.00"
2019-09-29,2019092901003081,SLICL,45,38,20,259.00,"5,180.00"
2019-09-29,2019092901002843,SLICL,45,34,10,259.00,"2,590.00"
2019-09-29,2019092901002673,SMFBS,29,16,10,787.00,"7,870.00"
2019-09-29,2019092901003042,SPARS,34,38,10,532.00,"5,320.00"
2019-09-29,2019092901003037,SPARS,34,54,30,532.00,"15,960.00"
2019-09-29,2019092901003036,SPARS,38,54,20,533.00,"10,660.00"
2019-09-29,2019092901003035,SPARS,34,54,50,534.00,"26,700.00"
2019-09-29,2019092901003004,SPARS,45,45,10,540.00,"5,400.00"
2019-09-29,2019092901002634,SPARS,40,6,10,540.00,"5,400.00"
2019-09-29,2019092901002628,SPARS,45,40,10,535.00,"5,350.00"
2019-09-29,2019092901002989,SRBL,59,32,100,229.00,"22,900.00"
2019-09-29,2019092901003100,SWBBL,44,7,36,891.00,"32,076.00"
2019-09-29,2019092901002937,SWBBL,22,39,82,891.00,"73,062.00"
2019-09-29,2019092901002936,SWBBL,47,39,50,891.00,"44,550.00"
2019-09-29,2019092901002911,SWBBL,38,7,90,892.00,"80,280.00"
2019-09-29,2019092901002910,SWBBL,14,7,10,892.00,"8,920.00"
2019-09-29,2019092901002806,TMDBL,29,50,420,147.00,"61,740.00"
2019-09-29,2019092901002805,TMDBL,21,50,100,147.00,"14,700.00"
2019-09-29,2019092901002717,TMDBL,29,42,10,150.00,"1,500.00"
2019-09-29,2019092901002825,TRH,58,38,90,275.00,"24,750.00"
2019-09-29,2019092901002649,UNHPL,33,50,50,51.00,"2,550.00"
2019-09-29,2019092901002636,UPCL,22,50,100,77.00,"7,700.00"
2019-09-29,2019092901003120,UPPER,56,49,40,231.00,"9,240.00"
2019-09-29,2019092901003079,UPPER,56,22,774,231.00,"178,794.00"
2019-09-29,2019092901003078,UPPER,52,22,200,231.00,"46,200.00"
2019-09-29,2019092901003077,UPPER,55,22,26,231.00,"6,006.00"
2019-09-29,2019092901003043,UPPER,55,37,50,231.00,"11,550.00"
2019-09-29,2019092901002739,UPPER,55,36,40,231.00,"9,240.00"
2019-09-29,2019092901002681,UPPER,55,42,30,231.00,"6,930.00"
2019-09-29,2019092901002657,UPPER,55,10,50,231.00,"11,550.00"
2019-09-29,2019092901002643,UPPER,55,34,10,231.00,"2,310.00"
2019-09-29,2019092901002890,UPPER,55,48,50,231.00,"11,550.00"
2019-09-29,2019092901002883,UPPER,55,48,40,231.00,"9,240.00"
2019-09-29,2019092901002874,UPPER,55,48,50,231.00,"11,550.00"
2019-09-29,2019092901002834,UPPER,55,19,50,231.00,"11,550.00"
2019-09-29,2019092901002833,UPPER,55,48,40,231.00,"9,240.00"
2019-09-29,2019092901003000,UPPER,55,48,50,231.00,"11,550.00"
2019-09-29,2019092901002988,UPPER,55,48,40,231.00,"9,240.00"
2019-09-29,2019092901002968,UPPER,55,48,50,231.00,"11,550.00"
2019-09-29,2019092901002942,UPPER,55,48,40,231.00,"9,240.00"
2019-09-29,2019092901002929,UPPER,55,48,40,231.00,"9,240.00"
2019-09-29,2019092901002912,UPPER,55,48,50,231.00,"11,550.00"
2019-09-29,2019092901002366,ADBL,45,5,29,409.00,"11,861.00"
2019-09-29,2019092901002365,ADBL,52,5,21,409.00,"8,589.00"
2019-09-29,2019092901002318,ADBL,52,50,79,409.00,"32,311.00"
2019-09-29,2019092901002185,ADBL,39,42,536,408.00,"218,688.00"
2019-09-29,2019092901002184,ADBL,48,42,51,408.00,"20,808.00"
2019-09-29,2019092901002183,ADBL,14,42,"1,000",408.00,"408,000.00"
2019-09-29,2019092901002182,ADBL,38,42,80,408.00,"32,640.00"
2019-09-29,2019092901002181,ADBL,14,42,66,408.00,"26,928.00"
2019-09-29,2019092901002180,ADBL,53,42,203,408.00,"82,824.00"
2019-09-29,2019092901002622,AKBSL,36,36,10,409.00,"4,090.00"
2019-09-29,2019092901002384,AKBSL,48,13,10,411.00,"4,110.00"
2019-09-29,2019092901002383,AKBSL,48,7,10,411.00,"4,110.00"
2019-09-29,2019092901002382,AKBSL,48,39,10,410.00,"4,100.00"
2019-09-29,2019092901002381,AKBSL,48,38,10,409.00,"4,090.00"
2019-09-29,2019092901002539,AKJCL,33,29,20,55.00,"1,100.00"
2019-09-29,2019092901002502,AKPL,58,40,13,133.00,"1,729.00"
2019-09-29,2019092901002465,ALBSL,7,1,20,417.00,"8,340.00"
2019-09-29,2019092901002391,ALICL,10,39,149,309.00,"46,041.00"
2019-09-29,2019092901002349,BFC,29,58,20,88.00,"1,760.00"
2019-09-29,2019092901002487,BOKL,6,51,50,252.00,"12,600.00"
2019-09-29,2019092901002374,BOKL,32,43,300,251.00,"75,300.00"
2019-09-29,2019092901002329,BOKL,21,43,200,251.00,"50,200.00"
2019-09-29,2019092901002321,BOKL,25,43,782,250.00,"195,500.00"
2019-09-29,2019092901002320,BOKL,13,43,100,250.00,"25,000.00"
2019-09-29,2019092901002319,BOKL,51,43,63,250.00,"15,750.00"
2019-09-29,2019092901002176,BOKL,51,46,37,250.00,"9,250.00"
2019-09-29,2019092901002159,BOKL,56,46,163,250.00,"40,750.00"
2019-09-29,2019092901002158,BOKL,56,34,122,250.00,"30,500.00"
2019-09-29,2019092901002157,BOKL,56,38,515,250.00,"128,750.00"
2019-09-29,2019092901002149,BOKL,40,38,485,250.00,"121,250.00"
2019-09-29,2019092901002148,BOKL,40,17,15,250.00,"3,750.00"
2019-09-29,2019092901002404,BOKLPO,16,6,"140,000",147.00,"20,580,000.00"
2019-09-29,2019092901002608,CBBL,51,35,15,958.00,"14,370.00"
2019-09-29,2019092901002567,CBL,57,13,100,142.00,"14,200.00"
2019-09-29,2019092901002566,CBL,21,13,100,142.00,"14,200.00"
2019-09-29,2019092901002464,CCBL,40,34,183,152.00,"27,816.00"
2019-09-29,2019092901002454,CCBL,13,34,100,152.00,"15,200.00"
2019-09-29,2019092901002283,CCBL,26,39,319,151.00,"48,169.00"
2019-09-29,2019092901002282,CCBL,6,39,"1,000",151.00,"151,000.00"
2019-09-29,2019092901002281,CCBL,40,39,541,151.00,"81,691.00"
2019-09-29,2019092901002520,CZBIL,29,6,50,193.00,"9,650.00"
2019-09-29,2019092901002422,CZBIL,44,22,200,192.00,"38,400.00"
2019-09-29,2019092901002241,CZBIL,13,6,100,193.00,"19,300.00"
2019-09-29,2019092901002492,DDBL,25,38,23,712.00,"16,376.00"
2019-09-29,2019092901002491,DDBL,49,28,18,710.00,"12,780.00"
2019-09-29,2019092901002144,EBL,17,6,76,554.00,"42,104.00"
2019-09-29,2019092901002143,EBL,43,6,45,554.00,"24,930.00"
2019-09-29,2019092901002142,EBL,43,6,100,555.00,"55,500.00"
2019-09-29,2019092901002141,EBL,34,6,10,555.00,"5,550.00"
2019-09-29,2019092901002582,EIC,19,47,100,232.00,"23,200.00"
2019-09-29,2019092901002345,EIC,41,47,30,232.00,"6,960.00"
2019-09-29,2019092901002203,EIC,45,47,20,232.00,"4,640.00"
2019-09-29,2019092901002156,EIC,38,47,148,232.00,"34,336.00"
2019-09-29,2019092901002217,FMDBL,29,45,11,369.00,"4,059.00"
2019-09-29,2019092901002175,GBBL,58,7,24,208.00,"4,992.00"
2019-09-29,2019092901002174,GBBL,59,7,51,208.00,"10,608.00"
2019-09-29,2019092901002506,GBLBS,42,50,15,315.00,"4,725.00"
2019-09-29,2019092901002477,GBLBS,42,49,15,315.00,"4,725.00"
2019-09-29,2019092901002609,GLICL,21,21,3,349.00,"1,047.00"
2019-09-29,2019092901002589,GLICL,32,10,16,348.00,"5,568.00"
2019-09-29,2019092901002588,GLICL,17,10,23,348.00,"8,004.00"
2019-09-29,2019092901002587,GLICL,26,10,25,348.00,"8,700.00"
2019-09-29,2019092901002586,GLICL,47,10,50,349.00,"17,450.00"
2019-09-29,2019092901002585,GLICL,25,10,35,349.00,"12,215.00"
2019-09-29,2019092901002172,GLICL,57,47,200,351.00,"70,200.00"
2019-09-29,2019092901002584,GLICL,57,10,20,350.00,"7,000.00"
2019-09-29,2019092901002583,GLICL,26,10,21,350.00,"7,350.00"
2019-09-29,2019092901002561,GLICL,26,13,29,350.00,"10,150.00"
2019-09-29,2019092901002471,GLICL,42,38,50,350.00,"17,500.00"
2019-09-29,2019092901002470,GLICL,10,38,40,350.00,"14,000.00"
2019-09-29,2019092901002469,GLICL,57,38,100,351.00,"35,100.00"
2019-09-29,2019092901002340,HDL,48,45,50,"1,440.00","72,000.00"
2019-09-29,2019092901002456,HIDCL,17,58,25,130.00,"3,250.00"
2019-09-29,2019092901002271,HIDCL,10,58,70,132.00,"9,240.00"
2019-09-29,2019092901002292,HPPL,45,21,520,138.00,"71,760.00"
2019-09-29,2019092901002291,HPPL,45,57,20,138.00,"2,760.00"
2019-09-29,2019092901002290,HPPL,45,40,100,138.00,"13,800.00"
2019-09-29,2019092901002443,ILBS,36,36,10,421.00,"4,210.00"
2019-09-29,2019092901002415,ILBS,36,36,10,421.00,"4,210.00"
2019-09-29,2019092901002187,ILBS,18,18,10,421.00,"4,210.00"
2019-09-29,2019092901002325,JBBL,49,41,500,154.00,"77,000.00"
2019-09-29,2019092901002267,JBBL,49,34,164,154.00,"25,256.00"
2019-09-29,2019092901002186,JBBL,29,32,104,155.00,"16,120.00"
2019-09-29,2019092901002254,KBL,33,57,21,175.00,"3,675.00"
2019-09-29,2019092901002535,KKHC,11,56,300,59.00,"17,700.00"
2019-09-29,2019092901002569,KPCL,45,29,10,75.00,750.00
2019-09-29,2019092901002507,LBL,14,40,50,208.00,"10,400.00"
2019-09-29,2019092901002473,LICN,39,1,40,"1,000.00","40,000.00"
2019-09-29,2019092901002389,MBL,57,57,100,219.00,"21,900.00"
2019-09-29,2019092901002153,MBL,57,6,503,219.00,"110,157.00"
2019-09-29,2019092901002152,MBL,45,6,200,219.00,"43,800.00"
2019-09-29,2019092901002151,MBL,6,6,50,219.00,"10,950.00"
2019-09-29,2019092901002150,MBL,10,6,225,219.00,"49,275.00"
2019-09-29,2019092901002127,MBL,6,6,20,220.00,"4,400.00"
2019-09-29,2019092901002572,MEGA,43,40,16,188.00,"3,008.00"
2019-09-29,2019092901002162,MEGA,56,38,150,189.00,"28,350.00"
2019-09-29,2019092901002411,MEGA,19,22,50,189.00,"9,450.00"
2019-09-29,2019092901002410,MEGA,56,22,10,189.00,"1,890.00"
2019-09-29,2019092901002409,MEGA,13,22,100,189.00,"18,900.00"
2019-09-29,2019092901002571,MEGA,22,40,10,188.00,"1,880.00"
2019-09-29,2019092901002551,MEGA,18,25,100,189.00,"18,900.00"
2019-09-29,2019092901002547,MEGA,22,22,40,188.00,"7,520.00"
2019-09-29,2019092901002177,MEGAPO,44,39,"17,000",104.00,"1,768,000.00"
2019-09-29,2019092901002408,MERO,49,37,20,549.00,"10,980.00"
2019-09-29,2019092901002399,MLBL,28,47,250,209.00,"52,250.00"
2019-09-29,2019092901002555,MNBBL,58,1,200,304.00,"60,800.00"
2019-09-29,2019092901002554,MNBBL,58,37,300,304.00,"91,200.00"
2019-09-29,2019092901002553,MNBBL,58,4,50,303.00,"15,150.00"
2019-09-29,2019092901002552,MNBBL,58,49,20,303.00,"6,060.00"
2019-09-29,2019092901002145,MNBBL,20,49,50,303.00,"15,150.00"
2019-09-29,2019092901002620,NABIL,53,42,50,754.00,"37,700.00"
2019-09-29,2019092901002558,NABIL,38,42,100,754.00,"75,400.00"
2019-09-29,2019092901002557,NABIL,39,42,118,754.00,"88,972.00"
2019-09-29,2019092901002546,NABIL,14,22,14,755.00,"10,570.00"
2019-09-29,2019092901002509,NABIL,43,22,589,755.00,"444,695.00"
2019-09-29,2019092901002499,NABIL,43,7,41,755.00,"30,955.00"
2019-09-29,2019092901002373,NABIL,57,56,15,755.00,"11,325.00"
2019-09-29,2019092901002246,NABIL,49,56,15,755.00,"11,325.00"
2019-09-29,2019092901002164,NABIL,39,49,70,754.00,"52,780.00"
2019-09-29,2019092901002538,NADEP,18,18,10,403.00,"4,030.00"
2019-09-29,2019092901002343,NADEP,18,18,20,403.00,"8,060.00"
2019-09-29,2019092901002215,NADEP,18,18,10,403.00,"4,030.00"
2019-09-29,2019092901002540,NBB,43,39,51,205.00,"10,455.00"
2019-09-29,2019092901002463,NBB,43,39,51,205.00,"10,455.00"
2019-09-29,2019092901002453,NBB,43,39,150,205.00,"30,750.00"
2019-09-29,2019092901002452,NBB,43,39,157,205.00,"32,185.00"
2019-09-29,2019092901002451,NBB,43,1,97,205.00,"19,885.00"
2019-09-29,2019092901002450,NBB,56,1,500,205.00,"102,500.00"
2019-09-29,2019092901002131,NBB,56,50,100,206.00,"20,600.00"
2019-09-29,2019092901002130,NBB,56,38,500,206.00,"103,000.00"
2019-09-29,2019092901002125,NBB,56,38,500,206.00,"103,000.00"
