Date,Transact. No.,Symbol,Buyer,Seller,Quantity,Rate,Amount
2019-08-13,2019081301009162,ADBL,44,28,500,428.00,"214,000.00"
2019-08-13,2019081301009161,ADBL,56,28,500,428.00,"214,000.00"
2019-08-13,2019081301008982,ADBL,33,58,196,429.00,"84,084.00"
2019-08-13,2019081301008981,ADBL,53,58,504,429.00,"216,216.00"
2019-08-13,2019081301009188,AKJCL,37,37,20,67.00,"1,340.00"
2019-08-13,2019081301008951,AKJCL,22,48,20,66.00,"1,320.00"
2019-08-13,2019081301008885,AKJCL,22,48,20,66.00,"1,320.00"
2019-08-13,2019081301009240,ALBSL,38,34,10,475.00,"4,750.00"
2019-08-13,2019081301009239,ALBSL,38,38,20,474.00,"9,480.00"
2019-08-13,2019081301009196,ALBSL,46,42,10,470.00,"4,700.00"
2019-08-13,2019081301009169,ALBSL,37,37,10,473.00,"4,730.00"
2019-08-13,2019081301009135,ALBSL,46,10,10,470.00,"4,700.00"
2019-08-13,2019081301009043,ALBSL,46,10,10,470.00,"4,700.00"
2019-08-13,2019081301009321,BFC,25,39,200,98.00,"19,600.00"
2019-08-13,2019081301009286,BFC,4,39,100,98.00,"9,800.00"
2019-08-13,2019081301009291,BOKL,42,57,10,261.00,"2,610.00"
2019-08-13,2019081301009140,BOKL,14,55,12,260.00,"3,120.00"
2019-08-13,2019081301009139,BOKL,34,55,100,260.00,"26,000.00"
2019-08-13,2019081301009138,BOKL,17,55,205,260.00,"53,300.00"
2019-08-13,2019081301009217,BPCL,55,37,11,391.00,"4,301.00"
2019-08-13,2019081301009154,BPCL,37,43,11,391.00,"4,301.00"
2019-08-13,2019081301008919,BPCL,59,43,489,391.00,"191,199.00"
2019-08-13,2019081301008911,BPCL,59,5,956,391.00,"373,796.00"
2019-08-13,2019081301008910,BPCL,35,5,25,392.00,"9,800.00"
2019-08-13,2019081301008909,BPCL,45,5,19,392.00,"7,448.00"
2019-08-13,2019081301009141,CBL,40,34,500,150.00,"75,000.00"
2019-08-13,2019081301009361,CCBL,40,19,108,163.00,"17,604.00"
2019-08-13,2019081301009360,CCBL,45,19,792,163.00,"129,096.00"
2019-08-13,2019081301009359,CCBL,39,19,100,164.00,"16,400.00"
2019-08-13,2019081301009256,CHCL,55,25,118,482.00,"56,876.00"
2019-08-13,2019081301009255,CHCL,55,25,188,482.00,"90,616.00"
2019-08-13,2019081301008963,CORBL,42,6,10,120.00,"1,200.00"
2019-08-13,2019081301009308,DBBL,20,57,80,141.00,"11,280.00"
2019-08-13,2019081301009337,DDBL,52,52,10,757.00,"7,570.00"
2019-08-13,2019081301009186,DDBL,21,1,269,748.00,"201,212.00"
2019-08-13,2019081301009185,DDBL,21,1,181,748.00,"135,388.00"
2019-08-13,2019081301009107,DDBL,21,34,319,748.00,"238,612.00"
2019-08-13,2019081301009106,DDBL,21,34,500,748.00,"374,000.00"
2019-08-13,2019081301009105,DDBL,32,34,500,749.00,"374,500.00"
2019-08-13,2019081301009104,DDBL,1,34,200,750.00,"150,000.00"
2019-08-13,2019081301009103,DDBL,36,34,11,751.00,"8,261.00"
2019-08-13,2019081301008950,EIC,37,21,200,332.00,"66,400.00"
2019-08-13,2019081301009368,FMDBL,29,6,200,395.00,"79,000.00"
2019-08-13,2019081301009330,FMDBL,49,34,90,396.00,"35,640.00"
2019-08-13,2019081301009232,FMDBL,20,34,40,396.00,"15,840.00"
2019-08-13,2019081301009215,FMDBL,29,34,250,396.00,"99,000.00"
2019-08-13,2019081301009214,FMDBL,40,34,100,396.00,"39,600.00"
2019-08-13,2019081301009195,FMDBL,29,42,150,395.00,"59,250.00"
2019-08-13,2019081301009194,FMDBL,57,42,50,395.00,"19,750.00"
2019-08-13,2019081301009172,FMDBL,5,34,150,396.00,"59,400.00"
2019-08-13,2019081301009158,FMDBL,33,34,100,396.00,"39,600.00"
2019-08-13,2019081301009157,FMDBL,6,34,50,396.00,"19,800.00"
2019-08-13,2019081301009328,GBBL,49,26,"2,000",215.00,"430,000.00"
2019-08-13,2019081301009357,GBLBS,16,17,90,372.00,"33,480.00"
2019-08-13,2019081301009346,GBLBS,38,19,50,369.00,"18,450.00"
2019-08-13,2019081301009329,GBLBS,16,39,200,370.00,"74,000.00"
2019-08-13,2019081301009149,GBLBS,20,58,10,368.00,"3,680.00"
2019-08-13,2019081301009315,GDBL,35,35,"19,000",203.00,"3,857,000.00"
2019-08-13,2019081301009091,GDBL,14,17,300,205.00,"61,500.00"
2019-08-13,2019081301009358,GLBSL,45,13,50,535.00,"26,750.00"
2019-08-13,2019081301008975,GMFBS,39,1,10,581.00,"5,810.00"
2019-08-13,2019081301008892,GMFBS,11,10,10,582.00,"5,820.00"
2019-08-13,2019081301009362,GUFL,3,52,"2,000",120.00,"240,000.00"
2019-08-13,2019081301009187,GUFL,3,57,42,119.00,"4,998.00"
2019-08-13,2019081301008913,GUFL,3,13,"1,793",119.00,"213,367.00"
2019-08-13,2019081301008912,GUFL,43,13,100,119.00,"11,900.00"
2019-08-13,2019081301009209,HBL,54,49,82,554.00,"45,428.00"
2019-08-13,2019081301009208,HBL,54,57,38,554.00,"21,052.00"
2019-08-13,2019081301009207,HBL,54,22,33,550.00,"18,150.00"
2019-08-13,2019081301009168,HDL,35,33,100,"1,518.00","151,800.00"
2019-08-13,2019081301009167,HDL,35,39,10,"1,548.00","15,480.00"
2019-08-13,2019081301008940,HDL,35,33,50,"1,525.00","76,250.00"
2019-08-13,2019081301008939,HDL,35,25,50,"1,520.00","76,000.00"
2019-08-13,2019081301008938,HDL,35,17,50,"1,520.00","76,000.00"
2019-08-13,2019081301009343,HGI,41,50,40,327.00,"13,080.00"
2019-08-13,2019081301009270,HGI,36,34,22,327.00,"7,194.00"
2019-08-13,2019081301009269,HGI,1,34,70,327.00,"22,890.00"
2019-08-13,2019081301009247,HIDCL,1,40,"1,000",152.00,"152,000.00"
2019-08-13,2019081301009177,HIDCL,8,40,500,153.00,"76,500.00"
2019-08-13,2019081301009133,HIDCL,1,40,"1,000",152.00,"152,000.00"
2019-08-13,2019081301009015,HPPL,59,10,10,163.00,"1,630.00"
2019-08-13,2019081301008945,HURJA,34,35,20,128.00,"2,560.00"
2019-08-13,2019081301009349,ILBS,45,51,10,481.00,"4,810.00"
2019-08-13,2019081301009320,ILBS,45,13,150,481.00,"72,150.00"
2019-08-13,2019081301009309,ILBS,45,51,10,481.00,"4,810.00"
2019-08-13,2019081301009280,ILBS,45,51,10,481.00,"4,810.00"
2019-08-13,2019081301009223,ILBS,45,38,40,481.00,"19,240.00"
2019-08-13,2019081301009222,ILBS,17,38,10,481.00,"4,810.00"
2019-08-13,2019081301009156,ILBS,17,51,10,481.00,"4,810.00"
2019-08-13,2019081301009082,ILBS,17,38,100,481.00,"48,100.00"
2019-08-13,2019081301009074,ILBS,17,16,20,481.00,"9,620.00"
2019-08-13,2019081301008905,ILBS,44,38,20,482.00,"9,640.00"
2019-08-13,2019081301009323,JBBL,49,58,753,154.00,"115,962.00"
2019-08-13,2019081301009342,JFL,58,58,25,187.00,"4,675.00"
2019-08-13,2019081301009224,JOSHI,58,48,20,71.00,"1,420.00"
2019-08-13,2019081301009146,JOSHI,58,48,10,71.00,710.00
2019-08-13,2019081301009097,JOSHI,58,48,10,71.00,710.00
2019-08-13,2019081301009096,JOSHI,34,48,10,72.00,720.00
2019-08-13,2019081301009056,JOSHI,34,48,20,72.00,"1,440.00"
2019-08-13,2019081301008976,JOSHI,34,35,20,72.00,"1,440.00"
2019-08-13,2019081301009252,KBL,17,40,496,207.00,"102,672.00"
2019-08-13,2019081301009251,KBL,39,40,"1,504",207.00,"311,328.00"
2019-08-13,2019081301009131,KBL,39,42,30,207.00,"6,210.00"
2019-08-13,2019081301009037,KBL,39,39,100,207.00,"20,700.00"
2019-08-13,2019081301009137,KPCL,37,37,10,88.00,880.00
2019-08-13,2019081301008935,KPCL,57,37,10,87.00,870.00
2019-08-13,2019081301008891,KPCL,57,37,10,87.00,870.00
2019-08-13,2019081301009373,LBBL,34,51,432,180.00,"77,760.00"
2019-08-13,2019081301009110,LBBL,34,54,200,180.00,"36,000.00"
2019-08-13,2019081301008944,LBBL,39,46,500,180.00,"90,000.00"
2019-08-13,2019081301008943,LBBL,39,46,500,180.00,"90,000.00"
2019-08-13,2019081301009267,LBL,44,58,100,215.00,"21,500.00"
2019-08-13,2019081301009376,LGIL,48,34,26,415.00,"10,790.00"
2019-08-13,2019081301009375,LGIL,48,22,24,414.00,"9,936.00"
2019-08-13,2019081301009295,LGIL,5,1,170,412.00,"70,040.00"
2019-08-13,2019081301009294,LGIL,5,35,140,412.00,"57,680.00"
2019-08-13,2019081301009206,LGIL,33,51,61,411.00,"25,071.00"
2019-08-13,2019081301009054,LICN,40,59,382,"1,125.00","429,750.00"
2019-08-13,2019081301009053,LICN,55,59,25,"1,125.00","28,125.00"
2019-08-13,2019081301009052,LICN,28,59,500,"1,126.00","563,000.00"
2019-08-13,2019081301009051,LICN,16,59,10,"1,126.00","11,260.00"
2019-08-13,2019081301009036,LICN,25,26,10,"1,137.00","11,370.00"
2019-08-13,2019081301009296,MBL,58,25,100,259.00,"25,900.00"
2019-08-13,2019081301009273,MBL,21,25,"1,000",257.00,"257,000.00"
2019-08-13,2019081301009272,MBL,58,25,"1,000",257.00,"257,000.00"
2019-08-13,2019081301009271,MBL,38,25,700,257.00,"179,900.00"
2019-08-13,2019081301008948,MBL,57,25,900,258.00,"232,200.00"
2019-08-13,2019081301009348,MEGA,35,41,50,200.00,"10,000.00"
2019-08-13,2019081301009244,MEGA,43,41,10,200.00,"2,000.00"
2019-08-13,2019081301009171,MERO,32,52,149,534.00,"79,566.00"
2019-08-13,2019081301009084,MLBBL,32,33,190,490.00,"93,100.00"
2019-08-13,2019081301009042,MLBBL,22,58,30,492.00,"14,760.00"
2019-08-13,2019081301009166,MLBL,33,13,"1,000",199.00,"199,000.00"
2019-08-13,2019081301009116,MNBBL,19,49,100,368.00,"36,800.00"
2019-08-13,2019081301009094,MNBBL,19,49,65,368.00,"23,920.00"
2019-08-13,2019081301009093,MNBBL,46,49,135,368.00,"49,680.00"
2019-08-13,2019081301009041,MSLB,17,43,10,959.00,"9,590.00"
2019-08-13,2019081301009367,NABIL,6,42,50,782.00,"39,100.00"
2019-08-13,2019081301009366,NABIL,1,42,41,782.00,"32,062.00"
2019-08-13,2019081301009336,NABIL,1,42,84,782.00,"65,688.00"
2019-08-13,2019081301009335,NABIL,43,42,26,782.00,"20,332.00"
2019-08-13,2019081301009334,NABIL,26,42,80,782.00,"62,560.00"
2019-08-13,2019081301009333,NABIL,42,42,50,782.00,"39,100.00"
2019-08-13,2019081301009332,NABIL,51,42,40,782.00,"31,280.00"
2019-08-13,2019081301009173,NABIL,34,42,10,784.00,"7,840.00"
2019-08-13,2019081301009073,NABIL,51,49,100,782.00,"78,200.00"
2019-08-13,2019081301009164,NADEP,58,26,20,517.00,"10,340.00"
2019-08-13,2019081301009163,NADEP,58,38,130,515.00,"66,950.00"
2019-08-13,2019081301009147,NADEP,58,38,70,515.00,"36,050.00"
2019-08-13,2019081301009127,NADEP,57,39,20,516.00,"10,320.00"
2019-08-13,2019081301008889,NADEP,58,40,20,515.00,"10,300.00"
2019-08-13,2019081301008968,NADEP,58,40,20,515.00,"10,300.00"
2019-08-13,2019081301008953,NADEP,58,40,20,515.00,"10,300.00"
2019-08-13,2019081301008927,NADEP,58,40,20,515.00,"10,300.00"
2019-08-13,2019081301008918,NADEP,58,40,20,515.00,"10,300.00"
2019-08-13,2019081301008904,NADEP,58,21,10,518.00,"5,180.00"
2019-08-13,2019081301008903,NADEP,58,38,10,518.00,"5,180.00"
2019-08-13,2019081301009114,NADEP,58,39,100,516.00,"51,600.00"
2019-08-13,2019081301009081,NADEP,58,58,20,515.00,"10,300.00"
2019-08-13,2019081301009034,NADEP,58,40,20,515.00,"10,300.00"
2019-08-13,2019081301009025,NADEP,58,40,20,515.00,"10,300.00"
2019-08-13,2019081301009024,NADEP,58,16,100,515.00,"51,500.00"
2019-08-13,2019081301008988,NADEP,58,40,20,515.00,"10,300.00"
2019-08-13,2019081301009060,NBB,38,36,800,217.00,"173,600.00"
2019-08-13,2019081301009059,NBB,45,36,100,218.00,"21,800.00"
2019-08-13,2019081301009058,NBB,26,36,100,218.00,"21,800.00"
2019-08-13,2019081301009374,NBL,33,52,25,326.00,"8,150.00"
2019-08-13,2019081301009302,NBL,40,10,"1,010",325.00,"328,250.00"
2019-08-13,2019081301009283,NBL,34,10,100,325.00,"32,500.00"
2019-08-13,2019081301009253,NBL,56,10,100,325.00,"32,500.00"
2019-08-13,2019081301009249,NBL,56,33,360,325.00,"117,000.00"
2019-08-13,2019081301009248,NBL,56,33,100,325.00,"32,500.00"
2019-08-13,2019081301008997,NBL,35,33,60,325.00,"19,500.00"
2019-08-13,2019081301008996,NBL,35,33,80,325.00,"26,000.00"
2019-08-13,2019081301008995,NBL,37,33,600,325.00,"195,000.00"
2019-08-13,2019081301008974,NBL,37,34,400,325.00,"130,000.00"
2019-08-13,2019081301008973,NBL,6,34,100,325.00,"32,500.00"
2019-08-13,2019081301008957,NBL,6,38,200,325.00,"65,000.00"
2019-08-13,2019081301009003,NBL,8,33,50,325.00,"16,250.00"
2019-08-13,2019081301009002,NBL,6,33,"1,500",325.00,"487,500.00"
2019-08-13,2019081301009001,NBL,47,33,200,325.00,"65,000.00"
2019-08-13,2019081301009000,NBL,53,33,100,325.00,"32,500.00"
2019-08-13,2019081301008999,NBL,44,33,500,325.00,"162,500.00"
2019-08-13,2019081301008998,NBL,16,33,500,325.00,"162,500.00"
2019-08-13,2019081301009009,NBL,32,33,200,325.00,"65,000.00"
2019-08-13,2019081301009008,NBL,40,33,200,325.00,"65,000.00"
2019-08-13,2019081301009007,NBL,16,33,"1,000",325.00,"325,000.00"
2019-08-13,2019081301009006,NBL,43,33,"1,000",325.00,"325,000.00"
2019-08-13,2019081301009005,NBL,17,33,"1,000",325.00,"325,000.00"
2019-08-13,2019081301009004,NBL,25,33,"1,000",325.00,"325,000.00"
2019-08-13,2019081301009155,NBL,5,33,160,325.00,"52,000.00"
2019-08-13,2019081301009014,NBL,5,33,300,325.00,"97,500.00"
2019-08-13,2019081301009013,NBL,39,33,300,325.00,"97,500.00"
2019-08-13,2019081301009012,NBL,14,33,10,325.00,"3,250.00"
2019-08-13,2019081301009011,NBL,57,33,200,325.00,"65,000.00"
2019-08-13,2019081301009010,NBL,20,33,200,325.00,"65,000.00"
2019-08-13,2019081301009245,NBL,5,33,100,325.00,"32,500.00"
2019-08-13,2019081301009183,NBL,40,33,400,325.00,"130,000.00"
2019-08-13,2019081301009182,NBL,53,33,"2,000",325.00,"650,000.00"
2019-08-13,2019081301009181,NBL,34,33,"1,000",325.00,"325,000.00"
2019-08-13,2019081301009180,NBL,6,33,"1,000",325.00,"325,000.00"
2019-08-13,2019081301009179,NBL,5,33,40,325.00,"13,000.00"
2019-08-13,2019081301009372,NCCB,33,36,180,203.00,"36,540.00"
2019-08-13,2019081301009371,NCCB,49,36,500,203.00,"101,500.00"
2019-08-13,2019081301009370,NCCB,57,36,20,203.00,"4,060.00"
2019-08-13,2019081301009369,NCCB,32,36,300,203.00,"60,900.00"
2019-08-13,2019081301008917,NCCB,19,52,50,204.00,"10,200.00"
2019-08-13,2019081301008916,NCCB,20,52,50,204.00,"10,200.00"
2019-08-13,2019081301008915,NCCB,58,52,15,204.00,"3,060.00"
2019-08-13,2019081301008898,NCCB,58,43,35,204.00,"7,140.00"
2019-08-13,2019081301008897,NCCB,57,43,100,204.00,"20,400.00"
2019-08-13,2019081301008896,NCCB,50,43,500,204.00,"102,000.00"
2019-08-13,2019081301008895,NCCB,57,43,200,204.00,"40,800.00"
2019-08-13,2019081301008894,NCCB,32,43,165,204.00,"33,660.00"
2019-08-13,2019081301009213,NGPL,45,25,117,113.00,"13,221.00"
2019-08-13,2019081301009212,NGPL,48,25,83,113.00,"9,379.00"
2019-08-13,2019081301009355,NIB,20,59,68,507.00,"34,476.00"
2019-08-13,2019081301009354,NIB,22,59,212,507.00,"107,484.00"
2019-08-13,2019081301009236,NIB,34,42,10,509.00,"5,090.00"
2019-08-13,2019081301008907,NIB,22,10,44,507.00,"22,308.00"
2019-08-13,2019081301009341,NICA,32,28,100,449.00,"44,900.00"
2019-08-13,2019081301009305,NICA,54,33,200,448.00,"89,600.00"
2019-08-13,2019081301008922,NICA,54,36,66,448.00,"29,568.00"
2019-08-13,2019081301008921,NICA,1,36,434,448.00,"194,432.00"
2019-08-13,2019081301009350,NICL,43,32,10,319.00,"3,190.00"
2019-08-13,2019081301009289,NICL,13,33,510,315.00,"160,650.00"
2019-08-13,2019081301009288,NICL,13,44,"1,868",315.00,"588,420.00"
2019-08-13,2019081301009287,NICL,13,32,297,314.00,"93,258.00"
2019-08-13,2019081301009085,NICL,25,44,10,315.00,"3,150.00"
2019-08-13,2019081301009331,NIL,6,49,500,463.00,"231,500.00"
2019-08-13,2019081301009055,NIL,19,49,100,461.00,"46,100.00"
2019-08-13,2019081301009017,NLBBL,7,58,30,556.00,"16,680.00"
2019-08-13,2019081301009070,NLIC,39,49,33,875.00,"28,875.00"
2019-08-13,2019081301009023,NLIC,39,29,43,874.00,"37,582.00"
2019-08-13,2019081301009022,NLIC,39,42,74,874.00,"64,676.00"
2019-08-13,2019081301008971,NLIC,39,39,50,873.00,"43,650.00"
2019-08-13,2019081301009317,NLICL,43,34,10,577.00,"5,770.00"
2019-08-13,2019081301009301,NLICL,6,14,794,570.00,"452,580.00"
2019-08-13,2019081301009126,NLICL,39,45,150,569.00,"85,350.00"
2019-08-13,2019081301008879,NLICL,39,14,15,568.00,"8,520.00"
2019-08-13,2019081301009344,NMBMF,32,58,100,"1,040.00","104,000.00"
2019-08-13,2019081301009021,NNLB,26,38,12,457.00,"5,484.00"
2019-08-13,2019081301009111,NSEWA,48,40,10,458.00,"4,580.00"
2019-08-13,2019081301009089,NSEWA,39,40,10,459.00,"4,590.00"
2019-08-13,2019081301009235,NTC,21,50,70,685.00,"47,950.00"
2019-08-13,2019081301009234,NTC,8,50,20,685.00,"13,700.00"
2019-08-13,2019081301009233,NTC,34,50,90,685.00,"61,650.00"
2019-08-13,2019081301009210,NTC,34,22,10,687.00,"6,870.00"
2019-08-13,2019081301009353,OHL,58,17,15,600.00,"9,000.00"
2019-08-13,2019081301009284,OHL,26,17,85,600.00,"51,000.00"
2019-08-13,2019081301009145,OHL,26,49,15,600.00,"9,000.00"
2019-08-13,2019081301009144,OHL,37,49,185,600.00,"111,000.00"
2019-08-13,2019081301009109,OHL,37,42,15,600.00,"9,000.00"
2019-08-13,2019081301008883,PCBL,34,43,200,274.00,"54,800.00"
2019-08-13,2019081301009102,PFL,49,49,"2,000",133.00,"266,000.00"
2019-08-13,2019081301009101,PFL,59,49,700,133.00,"93,100.00"
2019-08-13,2019081301009100,PFL,32,49,100,134.00,"13,400.00"
2019-08-13,2019081301009099,PFL,14,49,"1,000",134.00,"134,000.00"
2019-08-13,2019081301009098,PFL,1,49,500,134.00,"67,000.00"
2019-08-13,2019081301009080,PFL,34,49,500,135.00,"67,500.00"
2019-08-13,2019081301009079,PFL,57,49,50,135.00,"6,750.00"
2019-08-13,2019081301009078,PFL,48,49,10,135.00,"1,350.00"
2019-08-13,2019081301009077,PFL,26,49,485,135.00,"65,475.00"
2019-08-13,2019081301009076,PFL,25,49,146,136.00,"19,856.00"
2019-08-13,2019081301009227,PIC,8,57,172,463.00,"79,636.00"
2019-08-13,2019081301009123,PIC,37,37,11,468.00,"5,148.00"
2019-08-13,2019081301009049,PICL,29,49,80,502.00,"40,160.00"
2019-08-13,2019081301009048,PICL,45,49,50,502.00,"25,100.00"
2019-08-13,2019081301009047,PICL,14,49,20,502.00,"10,040.00"
2019-08-13,2019081301009046,PICL,37,49,150,503.00,"75,450.00"
2019-08-13,2019081301009045,PICL,56,49,100,505.00,"50,500.00"
2019-08-13,2019081301009044,PICL,43,49,100,506.00,"50,600.00"
2019-08-13,2019081301009112,PMHPL,37,37,10,102.00,"1,020.00"
2019-08-13,2019081301009364,PPCL,36,22,340,122.00,"41,480.00"
2019-08-13,2019081301009279,PPCL,48,19,960,121.00,"116,160.00"
2019-08-13,2019081301009278,PPCL,14,19,470,121.00,"56,870.00"
2019-08-13,2019081301009219,PPCL,3,19,100,122.00,"12,200.00"
2019-08-13,2019081301009218,PPCL,57,19,370,122.00,"45,140.00"
2019-08-13,2019081301009019,PPCL,36,19,500,123.00,"61,500.00"
2019-08-13,2019081301008884,PPCL,36,19,100,124.00,"12,400.00"
2019-08-13,2019081301009242,PRIN,58,55,200,349.00,"69,800.00"
2019-08-13,2019081301009118,PRIN,44,10,550,348.00,"191,400.00"
2019-08-13,2019081301009117,PRIN,32,10,200,348.00,"69,600.00"
2019-08-13,2019081301008925,PRIN,44,32,962,349.00,"335,738.00"
2019-08-13,2019081301009276,PRVU,32,33,100,270.00,"27,000.00"
2019-08-13,2019081301009260,PRVU,39,43,10,269.00,"2,690.00"
2019-08-13,2019081301009259,PRVU,20,43,50,269.00,"13,450.00"
2019-08-13,2019081301008900,PRVU,38,34,48,269.00,"12,912.00"
2019-08-13,2019081301008962,PRVU,28,34,752,269.00,"202,288.00"
2019-08-13,2019081301008961,PRVU,32,34,100,269.00,"26,900.00"
2019-08-13,2019081301008960,PRVU,32,34,100,269.00,"26,900.00"
2019-08-13,2019081301008959,PRVU,48,34,48,269.00,"12,912.00"
2019-08-13,2019081301008901,PRVU,48,34,952,269.00,"256,088.00"
2019-08-13,2019081301009258,PRVU,39,43,20,269.00,"5,380.00"
2019-08-13,2019081301009257,PRVU,28,43,920,269.00,"247,480.00"
2019-08-13,2019081301009202,PRVU,28,34,328,269.00,"88,232.00"
2019-08-13,2019081301008972,RADHI,20,10,11,142.00,"1,562.00"
2019-08-13,2019081301009363,RHPL,29,6,10,211.00,"2,110.00"
2019-08-13,2019081301009352,RHPL,29,52,40,211.00,"8,440.00"
2019-08-13,2019081301009347,RHPL,29,11,40,211.00,"8,440.00"
2019-08-13,2019081301009345,RHPL,29,48,40,211.00,"8,440.00"
2019-08-13,2019081301009338,RHPL,29,52,40,211.00,"8,440.00"
2019-08-13,2019081301009322,RHPL,29,34,50,211.00,"10,550.00"
2019-08-13,2019081301008908,RHPL,29,11,40,211.00,"8,440.00"
2019-08-13,2019081301008906,RHPL,29,48,40,211.00,"8,440.00"
2019-08-13,2019081301008902,RHPL,29,10,40,211.00,"8,440.00"
2019-08-13,2019081301008893,RHPL,29,56,40,211.00,"8,440.00"
2019-08-13,2019081301008886,RHPL,29,17,40,211.00,"8,440.00"
2019-08-13,2019081301008933,RHPL,34,14,40,212.00,"8,480.00"
2019-08-13,2019081301008932,RHPL,34,34,40,212.00,"8,480.00"
2019-08-13,2019081301008931,RHPL,34,58,30,212.00,"6,360.00"
2019-08-13,2019081301008930,RHPL,34,14,40,212.00,"8,480.00"
2019-08-13,2019081301008929,RHPL,34,42,40,212.00,"8,480.00"
2019-08-13,2019081301008928,RHPL,34,42,40,212.00,"8,480.00"
2019-08-13,2019081301008965,RHPL,34,40,40,212.00,"8,480.00"
2019-08-13,2019081301008956,RHPL,34,50,500,212.00,"106,000.00"
2019-08-13,2019081301008954,RHPL,34,56,20,212.00,"4,240.00"
2019-08-13,2019081301008949,RHPL,34,34,40,212.00,"8,480.00"
2019-08-13,2019081301008947,RHPL,34,11,40,212.00,"8,480.00"
2019-08-13,2019081301008934,RHPL,34,34,40,212.00,"8,480.00"
2019-08-13,2019081301009026,RHPL,29,11,40,211.00,"8,440.00"
2019-08-13,2019081301009018,RHPL,29,48,50,211.00,"10,550.00"
2019-08-13,2019081301008989,RHPL,29,10,40,211.00,"8,440.00"
2019-08-13,2019081301008980,RHPL,34,11,10,212.00,"2,120.00"
2019-08-13,2019081301008970,RHPL,34,39,40,212.00,"8,480.00"
2019-08-13,2019081301008967,RHPL,34,48,40,212.00,"8,480.00"
2019-08-13,2019081301009071,RHPL,29,56,40,211.00,"8,440.00"
2019-08-13,2019081301009067,RHPL,29,11,40,211.00,"8,440.00"
2019-08-13,2019081301009050,RHPL,29,48,40,211.00,"8,440.00"
2019-08-13,2019081301009038,RHPL,29,10,40,211.00,"8,440.00"
2019-08-13,2019081301009029,RHPL,29,48,50,211.00,"10,550.00"
2019-08-13,2019081301009027,RHPL,29,56,40,211.00,"8,440.00"
2019-08-13,2019081301009125,RHPL,29,48,40,211.00,"8,440.00"
2019-08-13,2019081301009088,RHPL,29,11,40,211.00,"8,440.00"
2019-08-13,2019081301009086,RHPL,29,48,40,211.00,"8,440.00"
2019-08-13,2019081301009083,RHPL,29,22,10,211.00,"2,110.00"
2019-08-13,2019081301009075,RHPL,29,10,40,211.00,"8,440.00"
2019-08-13,2019081301009072,RHPL,29,36,40,211.00,"8,440.00"
2019-08-13,2019081301009153,RHPL,29,11,40,211.00,"8,440.00"
2019-08-13,2019081301009152,RHPL,29,36,40,211.00,"8,440.00"
2019-08-13,2019081301009150,RHPL,29,10,40,211.00,"8,440.00"
2019-08-13,2019081301009142,RHPL,29,35,30,211.00,"6,330.00"
2019-08-13,2019081301009132,RHPL,29,56,40,211.00,"8,440.00"
2019-08-13,2019081301009130,RHPL,29,11,40,211.00,"8,440.00"
2019-08-13,2019081301009203,RHPL,29,36,40,211.00,"8,440.00"
2019-08-13,2019081301009201,RHPL,29,56,40,211.00,"8,440.00"
2019-08-13,2019081301009200,RHPL,29,48,40,211.00,"8,440.00"
2019-08-13,2019081301009184,RHPL,29,22,40,211.00,"8,440.00"
2019-08-13,2019081301009174,RHPL,29,11,40,211.00,"8,440.00"
2019-08-13,2019081301009159,RHPL,29,48,40,211.00,"8,440.00"
2019-08-13,2019081301009250,RHPL,29,35,30,211.00,"6,330.00"
2019-08-13,2019081301009241,RHPL,29,11,40,211.00,"8,440.00"
2019-08-13,2019081301009238,RHPL,29,6,30,211.00,"6,330.00"
2019-08-13,2019081301009237,RHPL,29,48,40,211.00,"8,440.00"
2019-08-13,2019081301009231,RHPL,29,39,40,211.00,"8,440.00"
2019-08-13,2019081301009221,RHPL,29,11,40,211.00,"8,440.00"
2019-08-13,2019081301009297,RHPL,6,11,30,212.00,"6,360.00"
2019-08-13,2019081301009292,RHPL,29,52,10,211.00,"2,110.00"
2019-08-13,2019081301009290,RHPL,29,11,40,211.00,"8,440.00"
2019-08-13,2019081301009282,RHPL,29,6,30,211.00,"6,330.00"
2019-08-13,2019081301009268,RHPL,29,48,50,211.00,"10,550.00"
2019-08-13,2019081301009261,RHPL,29,11,40,211.00,"8,440.00"
2019-08-13,2019081301009319,RHPL,29,11,40,211.00,"8,440.00"
2019-08-13,2019081301009316,RHPL,29,6,10,211.00,"2,110.00"
2019-08-13,2019081301009310,RHPL,29,52,10,211.00,"2,110.00"
2019-08-13,2019081301009303,RHPL,29,48,40,211.00,"8,440.00"
2019-08-13,2019081301009299,RHPL,6,59,30,212.00,"6,360.00"
2019-08-13,2019081301009298,RHPL,6,41,40,212.00,"8,480.00"
2019-08-13,2019081301008987,RLFL,47,39,"1,000",119.00,"119,000.00"
2019-08-13,2019081301008878,SANIMA,25,58,100,348.00,"34,800.00"
2019-08-13,2019081301008877,SANIMA,25,51,500,348.00,"174,000.00"
2019-08-13,2019081301009340,SBI,34,34,10,445.00,"4,450.00"
2019-08-13,2019081301009339,SBI,34,8,13,444.00,"5,772.00"
2019-08-13,2019081301009312,SCB,7,3,110,655.00,"72,050.00"
2019-08-13,2019081301009311,SCB,7,32,100,654.00,"65,400.00"
2019-08-13,2019081301009204,SDESI,10,16,27,618.00,"16,686.00"
2019-08-13,2019081301008926,SDESI,41,17,100,617.00,"61,700.00"
2019-08-13,2019081301008887,SDESI,41,17,150,617.00,"92,550.00"
2019-08-13,2019081301009300,SHIVM,32,22,50,577.00,"28,850.00"
2019-08-13,2019081301009178,SHIVM,39,26,100,575.00,"57,500.00"
2019-08-13,2019081301009016,SHIVM,7,22,200,574.00,"114,800.00"
2019-08-13,2019081301009327,SHPC,14,28,600,238.00,"142,800.00"
2019-08-13,2019081301009285,SIL,44,21,10,444.00,"4,440.00"
2019-08-13,2019081301008986,SIL,25,21,10,444.00,"4,440.00"
2019-08-13,2019081301008985,SIL,25,1,10,440.00,"4,400.00"
2019-08-13,2019081301009351,SJCL,52,48,20,225.00,"4,500.00"
2019-08-13,2019081301009318,SJCL,32,48,20,226.00,"4,520.00"
2019-08-13,2019081301009314,SJCL,32,58,100,226.00,"22,600.00"
2019-08-13,2019081301009313,SJCL,32,58,380,226.00,"85,880.00"
2019-08-13,2019081301009281,SJCL,52,48,20,225.00,"4,500.00"
2019-08-13,2019081301008923,SJCL,21,56,20,225.00,"4,500.00"
2019-08-13,2019081301008920,SJCL,21,48,20,225.00,"4,500.00"
2019-08-13,2019081301008914,SJCL,21,17,20,225.00,"4,500.00"
2019-08-13,2019081301008899,SJCL,21,17,10,225.00,"2,250.00"
2019-08-13,2019081301008890,SJCL,21,48,20,225.00,"4,500.00"
2019-08-13,2019081301008888,SJCL,21,22,20,225.00,"4,500.00"
2019-08-13,2019081301008952,SJCL,21,38,10,225.00,"2,250.00"
2019-08-13,2019081301008946,SJCL,21,22,20,225.00,"4,500.00"
2019-08-13,2019081301008942,SJCL,21,17,20,225.00,"4,500.00"
2019-08-13,2019081301008941,SJCL,21,38,10,225.00,"2,250.00"
2019-08-13,2019081301008937,SJCL,21,48,20,225.00,"4,500.00"
2019-08-13,2019081301008936,SJCL,21,10,20,225.00,"4,500.00"
2019-08-13,2019081301008983,SJCL,21,17,20,225.00,"4,500.00"
2019-08-13,2019081301008979,SJCL,21,48,20,225.00,"4,500.00"
2019-08-13,2019081301008969,SJCL,21,56,20,225.00,"4,500.00"
2019-08-13,2019081301008966,SJCL,21,17,20,225.00,"4,500.00"
2019-08-13,2019081301008958,SJCL,21,38,10,225.00,"2,250.00"
2019-08-13,2019081301008955,SJCL,21,17,20,225.00,"4,500.00"
2019-08-13,2019081301009057,SJCL,21,36,20,225.00,"4,500.00"
2019-08-13,2019081301009039,SJCL,21,56,20,225.00,"4,500.00"
2019-08-13,2019081301009035,SJCL,21,35,20,225.00,"4,500.00"
2019-08-13,2019081301009033,SJCL,21,48,20,225.00,"4,500.00"
2019-08-13,2019081301009020,SJCL,21,10,20,225.00,"4,500.00"
2019-08-13,2019081301008984,SJCL,21,39,20,225.00,"4,500.00"
2019-08-13,2019081301009068,SJCL,21,10,20,225.00,"4,500.00"
2019-08-13,2019081301009066,SJCL,40,58,20,226.00,"4,520.00"
2019-08-13,2019081301009065,SJCL,40,41,20,226.00,"4,520.00"
2019-08-13,2019081301009064,SJCL,40,42,20,226.00,"4,520.00"
2019-08-13,2019081301009063,SJCL,40,42,20,226.00,"4,520.00"
2019-08-13,2019081301009062,SJCL,40,36,20,226.00,"4,520.00"
2019-08-13,2019081301009113,SJCL,21,48,20,225.00,"4,500.00"
2019-08-13,2019081301009108,SJCL,55,58,600,226.00,"135,600.00"
2019-08-13,2019081301009095,SJCL,21,6,20,225.00,"4,500.00"
2019-08-13,2019081301009090,SJCL,21,56,20,225.00,"4,500.00"
2019-08-13,2019081301009087,SJCL,21,10,20,225.00,"4,500.00"
2019-08-13,2019081301009069,SJCL,21,48,10,225.00,"2,250.00"
2019-08-13,2019081301009160,SJCL,21,35,20,225.00,"4,500.00"
2019-08-13,2019081301009151,SJCL,21,6,10,225.00,"2,250.00"
2019-08-13,2019081301009148,SJCL,21,56,20,225.00,"4,500.00"
2019-08-13,2019081301009136,SJCL,21,36,20,225.00,"4,500.00"
2019-08-13,2019081301009134,SJCL,21,48,20,225.00,"4,500.00"
2019-08-13,2019081301009124,SJCL,21,6,20,225.00,"4,500.00"
2019-08-13,2019081301009216,SJCL,52,22,20,225.00,"4,500.00"
2019-08-13,2019081301009211,SJCL,21,48,20,225.00,"4,500.00"
2019-08-13,2019081301009176,SJCL,21,6,10,225.00,"2,250.00"
2019-08-13,2019081301009175,SJCL,21,36,20,225.00,"4,500.00"
2019-08-13,2019081301009170,SJCL,21,48,20,225.00,"4,500.00"
2019-08-13,2019081301009165,SJCL,21,10,20,225.00,"4,500.00"
2019-08-13,2019081301009275,SJCL,52,52,20,225.00,"4,500.00"
2019-08-13,2019081301009246,SJCL,52,48,10,225.00,"2,250.00"
2019-08-13,2019081301009243,SJCL,52,52,20,225.00,"4,500.00"
2019-08-13,2019081301009225,SJCL,52,52,10,225.00,"2,250.00"
2019-08-13,2019081301009220,SJCL,52,56,20,225.00,"4,500.00"
2019-08-13,2019081301009274,SKBBL,34,25,50,976.00,"48,800.00"
2019-08-13,2019081301008882,SKBBL,45,38,145,975.00,"141,375.00"
2019-08-13,2019081301008881,SKBBL,1,38,15,975.00,"14,625.00"
2019-08-13,2019081301008880,SKBBL,26,38,40,976.00,"39,040.00"
2019-08-13,2019081301009307,SLBBL,50,37,200,555.00,"111,000.00"
2019-08-13,2019081301009306,SLBBL,1,37,100,556.00,"55,600.00"
2019-08-13,2019081301009040,SLBBL,7,58,30,556.00,"16,680.00"
2019-08-13,2019081301009122,SLBSL,55,52,20,654.00,"13,080.00"
2019-08-13,2019081301009121,SLBSL,55,59,10,654.00,"6,540.00"
2019-08-13,2019081301009120,SLBSL,55,38,10,653.00,"6,530.00"
2019-08-13,2019081301009119,SLBSL,55,26,10,650.00,"6,500.00"
2019-08-13,2019081301009324,SLICL,14,42,100,451.00,"45,100.00"
2019-08-13,2019081301009304,SLICL,48,42,120,451.00,"54,120.00"
2019-08-13,2019081301009266,SLICL,34,6,37,450.00,"16,650.00"
2019-08-13,2019081301009265,SLICL,56,6,25,450.00,"11,250.00"
2019-08-13,2019081301009264,SLICL,25,6,300,450.00,"135,000.00"
2019-08-13,2019081301009263,SLICL,22,6,10,450.00,"4,500.00"
2019-08-13,2019081301008978,SLICL,45,45,10,453.00,"4,530.00"
2019-08-13,2019081301008977,SLICL,45,7,25,453.00,"11,325.00"
2019-08-13,2019081301009190,SLICL,25,52,10,451.00,"4,510.00"
2019-08-13,2019081301009189,SLICL,21,52,44,451.00,"19,844.00"
2019-08-13,2019081301009143,SLICL,5,52,50,453.00,"22,650.00"
2019-08-13,2019081301009032,SLICL,6,6,50,452.00,"22,600.00"
2019-08-13,2019081301009031,SLICL,45,6,15,453.00,"6,795.00"
2019-08-13,2019081301009030,SLICL,17,6,20,453.00,"9,060.00"
2019-08-13,2019081301009199,SLICL,32,6,"1,257",451.00,"566,907.00"
2019-08-13,2019081301009198,SLICL,1,6,50,451.00,"22,550.00"
2019-08-13,2019081301009197,SLICL,6,6,33,451.00,"14,883.00"
2019-08-13,2019081301009193,SLICL,6,52,30,451.00,"13,530.00"
2019-08-13,2019081301009192,SLICL,25,52,10,451.00,"4,510.00"
2019-08-13,2019081301009191,SLICL,6,52,156,451.00,"70,356.00"
2019-08-13,2019081301009262,SLICL,44,6,50,450.00,"22,500.00"
2019-08-13,2019081301009230,SLICL,52,6,50,451.00,"22,550.00"
2019-08-13,2019081301009229,SLICL,56,6,20,451.00,"9,020.00"
2019-08-13,2019081301009228,SLICL,32,6,508,451.00,"229,108.00"
2019-08-13,2019081301009226,SLICL,32,6,85,451.00,"38,335.00"
2019-08-13,2019081301009205,SLICL,32,25,650,451.00,"293,150.00"
2019-08-13,2019081301009365,SMFBS,58,45,10,824.00,"8,240.00"
2019-08-13,2019081301009129,SMFBS,6,13,40,823.00,"32,920.00"
2019-08-13,2019081301009128,SMFBS,6,51,40,823.00,"32,920.00"
2019-08-13,2019081301009277,SPARS,6,38,10,619.00,"6,190.00"
2019-08-13,2019081301008994,SPARS,6,38,10,619.00,"6,190.00"
2019-08-13,2019081301008993,SPARS,6,18,10,617.00,"6,170.00"
2019-08-13,2019081301008992,SPARS,6,21,10,615.00,"6,150.00"
2019-08-13,2019081301008991,SPARS,6,36,10,615.00,"6,150.00"
2019-08-13,2019081301008990,SPARS,6,34,10,614.00,"6,140.00"
2019-08-13,2019081301009356,SRBL,25,49,10,244.00,"2,440.00"
2019-08-13,2019081301009254,SRBL,7,49,200,240.00,"48,000.00"
2019-08-13,2019081301009326,UIC,57,52,80,314.00,"25,120.00"
2019-08-13,2019081301009325,UIC,43,52,140,314.00,"43,960.00"
2019-08-13,2019081301009092,UPCL,59,35,10,85.00,850.00
2019-08-13,2019081301009061,UPCL,41,35,40,86.00,"3,440.00"
2019-08-13,2019081301009115,UPPER,19,10,50,265.00,"13,250.00"
2019-08-13,2019081301009028,UPPER,19,10,50,265.00,"13,250.00"
2019-08-13,2019081301008924,UPPER,19,39,200,265.00,"53,000.00"
2019-08-13,2019081301009293,VLBS,21,45,10,587.00,"5,870.00"
2019-08-13,2019081301008964,VLBS,21,58,30,587.00,"17,610.00"
2019-08-13,2019081301008652,AKJCL,37,37,10,67.00,670.00
2019-08-13,2019081301008761,ALBSL,45,58,10,470.00,"4,700.00"
2019-08-13,2019081301008396,ALBSL,10,38,80,474.00,"37,920.00"
2019-08-13,2019081301008857,BFC,4,39,100,98.00,"9,800.00"
2019-08-13,2019081301008691,BFC,42,39,"1,000",98.00,"98,000.00"
2019-08-13,2019081301008690,BFC,52,39,500,98.00,"49,000.00"
2019-08-13,2019081301008662,BFC,4,34,100,99.00,"9,900.00"
2019-08-13,2019081301008622,BOKL,17,39,100,260.00,"26,000.00"
2019-08-13,2019081301008822,BPCL,45,37,11,392.00,"4,312.00"
2019-08-13,2019081301008809,BPCL,37,43,11,393.00,"4,323.00"
2019-08-13,2019081301008685,CBBL,5,28,435,980.00,"426,300.00"
2019-08-13,2019081301008589,CBBL,1,28,15,980.00,"14,700.00"
2019-08-13,2019081301008378,CBBL,49,28,100,980.00,"98,000.00"
2019-08-13,2019081301008377,CBBL,6,28,100,980.00,"98,000.00"
2019-08-13,2019081301008626,CBL,38,29,460,150.00,"69,000.00"
2019-08-13,2019081301008699,CCBL,45,6,"1,000",163.00,"163,000.00"
2019-08-13,2019081301008614,CCBL,44,58,"2,000",164.00,"328,000.00"
2019-08-13,2019081301008613,CCBL,44,58,16,164.00,"2,624.00"
2019-08-13,2019081301008694,CEFL,59,48,334,115.00,"38,410.00"
2019-08-13,2019081301008401,CHL,13,39,"1,424",82.00,"116,768.00"
2019-08-13,2019081301008532,CORBL,43,11,140,119.00,"16,660.00"
2019-08-13,2019081301008501,CZBIL,37,49,"9,680",220.00,"2,129,600.00"
2019-08-13,2019081301008500,CZBIL,37,54,10,220.00,"2,200.00"
2019-08-13,2019081301008499,CZBIL,37,41,97,220.00,"21,340.00"
2019-08-13,2019081301008826,DDBL,36,33,39,751.00,"29,289.00"
2019-08-13,2019081301008653,DDBL,44,45,37,752.00,"27,824.00"
2019-08-13,2019081301008523,DDBL,44,4,10,752.00,"7,520.00"
2019-08-13,2019081301008522,DDBL,28,4,20,752.00,"15,040.00"
2019-08-13,2019081301008391,DDBL,28,33,180,752.00,"135,360.00"
2019-08-13,2019081301008390,DDBL,56,33,250,753.00,"188,250.00"
2019-08-13,2019081301008389,DDBL,39,33,70,755.00,"52,850.00"
2019-08-13,2019081301008797,EBL,42,17,30,655.00,"19,650.00"
2019-08-13,2019081301008855,FMDBL,6,34,100,396.00,"39,600.00"
2019-08-13,2019081301008854,FMDBL,54,34,32,396.00,"12,672.00"
2019-08-13,2019081301008828,FMDBL,40,40,100,397.00,"39,700.00"
2019-08-13,2019081301008712,FMDBL,54,35,100,396.00,"39,600.00"
2019-08-13,2019081301008692,FMDBL,54,28,50,396.00,"19,800.00"
2019-08-13,2019081301008683,FMDBL,54,35,318,396.00,"125,928.00"
2019-08-13,2019081301008450,FMDBL,1,1,200,396.00,"79,200.00"
2019-08-13,2019081301008449,FMDBL,25,1,50,397.00,"19,850.00"
2019-08-13,2019081301008448,FMDBL,28,1,112,397.00,"44,464.00"
2019-08-13,2019081301008415,FMDBL,33,48,100,398.00,"39,800.00"
2019-08-13,2019081301008467,FOWAD,8,38,15,"1,349.00","20,235.00"
2019-08-13,2019081301008466,FOWAD,17,38,10,"1,349.00","13,490.00"
2019-08-13,2019081301008796,GBBL,39,32,73,214.00,"15,622.00"
2019-08-13,2019081301008795,GBBL,59,32,100,214.00,"21,400.00"
2019-08-13,2019081301008794,GBBL,52,32,120,214.00,"25,680.00"
2019-08-13,2019081301008793,GBBL,45,32,165,215.00,"35,475.00"
2019-08-13,2019081301008681,GBBL,45,22,35,215.00,"7,525.00"
2019-08-13,2019081301008570,GBBL,39,22,250,215.00,"53,750.00"
2019-08-13,2019081301008569,GBBL,14,22,15,215.00,"3,225.00"
2019-08-13,2019081301008843,GBLBS,57,10,10,370.00,"3,700.00"
2019-08-13,2019081301008766,GBLBS,57,38,60,370.00,"22,200.00"
2019-08-13,2019081301008665,GBLBS,38,38,100,371.00,"37,100.00"
2019-08-13,2019081301008664,GBLBS,14,38,50,371.00,"18,550.00"
2019-08-13,2019081301008599,GBLBS,59,17,20,372.00,"7,440.00"
2019-08-13,2019081301008388,GBLBS,59,38,10,372.00,"3,720.00"
2019-08-13,2019081301008770,GILB,28,38,200,694.00,"138,800.00"
2019-08-13,2019081301008871,GLBSL,11,43,20,541.00,"10,820.00"
2019-08-13,2019081301008672,GLBSL,45,11,10,535.00,"5,350.00"
2019-08-13,2019081301008536,GLBSL,45,4,10,535.00,"5,350.00"
2019-08-13,2019081301008494,GLBSL,11,11,10,536.00,"5,360.00"
2019-08-13,2019081301008459,GLBSL,48,38,100,540.00,"54,000.00"
2019-08-13,2019081301008454,GLBSL,11,11,10,536.00,"5,360.00"
2019-08-13,2019081301008405,GLBSL,11,11,10,536.00,"5,360.00"
2019-08-13,2019081301008568,GMFBS,11,58,10,583.00,"5,830.00"
2019-08-13,2019081301008441,HBL,54,46,46,546.00,"25,116.00"
2019-08-13,2019081301008663,HDL,35,33,50,"1,518.00","75,900.00"
2019-08-13,2019081301008533,HDL,35,25,100,"1,518.00","151,800.00"
2019-08-13,2019081301008545,HGI,1,17,100,327.00,"32,700.00"
2019-08-13,2019081301008439,HGI,1,28,30,327.00,"9,810.00"
2019-08-13,2019081301008438,HGI,20,28,60,327.00,"19,620.00"
2019-08-13,2019081301008403,HGI,17,56,100,328.00,"32,800.00"
2019-08-13,2019081301008402,HGI,55,56,200,328.00,"65,600.00"
2019-08-13,2019081301008624,HIDCL,34,34,10,153.00,"1,530.00"
2019-08-13,2019081301008588,HIDCL,37,40,452,150.00,"67,800.00"
2019-08-13,2019081301008587,HIDCL,42,40,"3,000",150.00,"450,000.00"
2019-08-13,2019081301008586,HIDCL,32,40,100,150.00,"15,000.00"
2019-08-13,2019081301008585,HIDCL,37,40,50,150.00,"7,500.00"
2019-08-13,2019081301008584,HIDCL,26,40,500,150.00,"75,000.00"
2019-08-13,2019081301008577,HIDCL,1,40,60,152.00,"9,120.00"
2019-08-13,2019081301008576,HIDCL,8,40,600,152.00,"91,200.00"
2019-08-13,2019081301008583,HIDCL,5,40,"1,000",150.00,"150,000.00"
2019-08-13,2019081301008582,HIDCL,52,40,100,151.00,"15,100.00"
2019-08-13,2019081301008581,HIDCL,52,40,100,151.00,"15,100.00"
2019-08-13,2019081301008580,HIDCL,28,40,999,151.00,"150,849.00"
2019-08-13,2019081301008579,HIDCL,34,40,"1,000",151.00,"151,000.00"
2019-08-13,2019081301008578,HIDCL,39,40,39,151.00,"5,889.00"
2019-08-13,2019081301008623,HURJA,34,48,20,128.00,"2,560.00"
2019-08-13,2019081301008590,HURJA,34,48,20,128.00,"2,560.00"
2019-08-13,2019081301008556,HURJA,34,48,20,128.00,"2,560.00"
2019-08-13,2019081301008831,ILBS,17,34,60,481.00,"28,860.00"
2019-08-13,2019081301008830,ILBS,17,34,20,481.00,"9,620.00"
2019-08-13,2019081301008824,ILBS,50,38,80,482.00,"38,560.00"
2019-08-13,2019081301008628,ILBS,50,22,10,482.00,"4,820.00"
2019-08-13,2019081301008386,ILBS,50,26,150,482.00,"72,300.00"
2019-08-13,2019081301008385,ILBS,50,22,10,482.00,"4,820.00"
2019-08-13,2019081301008384,ILBS,50,29,50,482.00,"24,100.00"
2019-08-13,2019081301008709,JFL,58,39,867,187.00,"162,129.00"
2019-08-13,2019081301008708,JFL,58,39,200,188.00,"37,600.00"
2019-08-13,2019081301008555,JSLBB,55,28,14,985.00,"13,790.00"
2019-08-13,2019081301008806,KBL,39,34,106,207.00,"21,942.00"
2019-08-13,2019081301008492,KKHC,36,34,50,64.00,"3,200.00"
2019-08-13,2019081301008491,KKHC,32,34,253,64.00,"16,192.00"
2019-08-13,2019081301008810,KSBBL,56,42,31,150.00,"4,650.00"
2019-08-13,2019081301008413,KSBBL,56,41,10,150.00,"1,500.00"
2019-08-13,2019081301008397,LBBL,14,55,50,181.00,"9,050.00"
2019-08-13,2019081301008698,LBBL,33,42,96,180.00,"17,280.00"
2019-08-13,2019081301008697,LBBL,14,42,50,180.00,"9,000.00"
2019-08-13,2019081301008416,LBBL,14,55,50,181.00,"9,050.00"
2019-08-13,2019081301008802,LBL,25,36,289,215.00,"62,135.00"
2019-08-13,2019081301008707,LBL,38,36,200,215.00,"43,000.00"
2019-08-13,2019081301008706,LBL,14,36,160,215.00,"34,400.00"
2019-08-13,2019081301008705,LBL,46,36,25,215.00,"5,375.00"
2019-08-13,2019081301008704,LBL,41,36,50,215.00,"10,750.00"
2019-08-13,2019081301008703,LBL,44,36,192,215.00,"41,280.00"
2019-08-13,2019081301008702,LBL,26,36,84,215.00,"18,060.00"
2019-08-13,2019081301008684,LBL,57,49,"21,634",216.00,"4,672,944.00"
2019-08-13,2019081301008553,LBL,37,21,195,216.00,"42,120.00"
2019-08-13,2019081301008865,LGIL,55,51,39,411.00,"16,029.00"
2019-08-13,2019081301008717,LGIL,55,56,170,411.00,"69,870.00"
2019-08-13,2019081301008564,LGIL,55,17,125,411.00,"51,375.00"
2019-08-13,2019081301008539,LGIL,55,10,150,411.00,"61,650.00"
2019-08-13,2019081301008504,LICN,55,26,10,"1,131.00","11,310.00"
2019-08-13,2019081301008503,LICN,34,26,20,"1,135.00","22,700.00"
2019-08-13,2019081301008502,LICN,14,26,20,"1,135.00","22,700.00"
2019-08-13,2019081301008421,LICN,34,59,50,"1,138.00","56,900.00"
2019-08-13,2019081301008713,MBL,57,28,100,258.00,"25,800.00"
2019-08-13,2019081301008645,MDB,42,57,15,233.00,"3,495.00"
2019-08-13,2019081301008862,MEGA,1,6,321,199.00,"63,879.00"
2019-08-13,2019081301008861,MEGA,1,36,61,199.00,"12,139.00"
2019-08-13,2019081301008860,MEGA,41,36,500,199.00,"99,500.00"
2019-08-13,2019081301008859,MEGA,57,36,439,199.00,"87,361.00"
2019-08-13,2019081301008669,MLBL,33,13,500,199.00,"99,500.00"
2019-08-13,2019081301008668,MLBL,33,13,"1,000",199.00,"199,000.00"
2019-08-13,2019081301008819,MNBBL,46,26,198,368.00,"72,864.00"
2019-08-13,2019081301008818,MNBBL,46,1,403,368.00,"148,304.00"
2019-08-13,2019081301008817,MNBBL,46,10,464,366.00,"169,824.00"
2019-08-13,2019081301008787,MNBBL,10,10,700,366.00,"256,200.00"
2019-08-13,2019081301008786,MNBBL,51,10,"2,000",366.00,"732,000.00"
2019-08-13,2019081301008785,MNBBL,14,10,"1,000",366.00,"366,000.00"
2019-08-13,2019081301008772,MNBBL,56,29,40,367.00,"14,680.00"
2019-08-13,2019081301008771,MNBBL,51,29,249,367.00,"91,383.00"
2019-08-13,2019081301008767,MNBBL,51,34,18,367.00,"6,606.00"
2019-08-13,2019081301008778,MNBBL,1,10,100,367.00,"36,700.00"
2019-08-13,2019081301008777,MNBBL,49,10,80,367.00,"29,360.00"
2019-08-13,2019081301008776,MNBBL,1,10,100,367.00,"36,700.00"
2019-08-13,2019081301008775,MNBBL,45,10,29,367.00,"10,643.00"
2019-08-13,2019081301008774,MNBBL,44,10,289,367.00,"106,063.00"
2019-08-13,2019081301008773,MNBBL,44,29,211,367.00,"77,437.00"
2019-08-13,2019081301008784,MNBBL,52,10,100,366.00,"36,600.00"
2019-08-13,2019081301008783,MNBBL,38,10,200,366.00,"73,200.00"
2019-08-13,2019081301008782,MNBBL,47,10,100,366.00,"36,600.00"
2019-08-13,2019081301008781,MNBBL,35,10,768,366.00,"281,088.00"
2019-08-13,2019081301008780,MNBBL,5,10,150,367.00,"55,050.00"
2019-08-13,2019081301008779,MNBBL,34,10,100,367.00,"36,700.00"
2019-08-13,2019081301008867,MSLB,39,11,20,950.00,"19,000.00"
2019-08-13,2019081301008866,MSLB,39,39,26,948.00,"24,648.00"
2019-08-13,2019081301008473,NABIL,51,38,10,782.00,"7,820.00"
2019-08-13,2019081301008868,NADEP,57,1,10,518.00,"5,180.00"
2019-08-13,2019081301008670,NADEP,58,45,40,515.00,"20,600.00"
2019-08-13,2019081301008640,NADEP,58,1,110,515.00,"56,650.00"
2019-08-13,2019081301008639,NADEP,26,1,150,515.00,"77,250.00"
2019-08-13,2019081301008430,NADEP,3,6,20,518.00,"10,360.00"
2019-08-13,2019081301008505,NADEP,40,56,10,516.00,"5,160.00"
2019-08-13,2019081301008486,NADEP,40,38,20,516.00,"10,320.00"
2019-08-13,2019081301008485,NADEP,40,38,50,516.00,"25,800.00"
2019-08-13,2019081301008453,NADEP,58,1,20,518.00,"10,360.00"
2019-08-13,2019081301008431,NADEP,58,6,30,518.00,"15,540.00"
2019-08-13,2019081301008638,NADEP,56,1,100,515.00,"51,500.00"
2019-08-13,2019081301008637,NADEP,42,1,140,516.00,"72,240.00"
2019-08-13,2019081301008616,NADEP,42,41,50,516.00,"25,800.00"
2019-08-13,2019081301008598,NADEP,42,42,10,516.00,"5,160.00"
2019-08-13,2019081301008597,NADEP,58,42,20,516.00,"10,320.00"
2019-08-13,2019081301008596,NADEP,40,42,70,516.00,"36,120.00"
2019-08-13,2019081301008527,NAGRO,48,36,10,865.00,"8,650.00"
2019-08-13,2019081301008851,NBL,6,50,200,325.00,"65,000.00"
2019-08-13,2019081301008850,NBL,56,50,100,325.00,"32,500.00"
2019-08-13,2019081301008849,NBL,35,50,150,325.00,"48,750.00"
2019-08-13,2019081301008848,NBL,13,50,550,325.00,"178,750.00"
2019-08-13,2019081301008518,NBL,1,33,200,326.00,"65,200.00"
2019-08-13,2019081301008496,NBL,1,33,100,326.00,"32,600.00"
2019-08-13,2019081301008436,NBL,10,33,200,326.00,"65,200.00"
2019-08-13,2019081301008617,NCCB,18,51,200,205.00,"41,000.00"
2019-08-13,2019081301008606,NCCB,32,36,335,204.00,"68,340.00"
2019-08-13,2019081301008605,NCCB,16,36,25,204.00,"5,100.00"
2019-08-13,2019081301008604,NCCB,32,36,200,204.00,"40,800.00"
2019-08-13,2019081301008603,NCCB,33,36,140,204.00,"28,560.00"
2019-08-13,2019081301008528,NCCB,33,43,"1,000",204.00,"204,000.00"
2019-08-13,2019081301008387,NCCB,57,51,60,205.00,"12,300.00"
2019-08-13,2019081301008629,NGPL,48,33,11,113.00,"1,243.00"
2019-08-13,2019081301008874,NIB,22,10,44,507.00,"22,308.00"
2019-08-13,2019081301008798,NIB,54,10,44,506.00,"22,264.00"
2019-08-13,2019081301008789,NIB,54,39,30,506.00,"15,180.00"
2019-08-13,2019081301008788,NIB,32,39,150,506.00,"75,900.00"
2019-08-13,2019081301008716,NIB,7,39,20,507.00,"10,140.00"
2019-08-13,2019081301008651,NIB,46,22,118,507.00,"59,826.00"
2019-08-13,2019081301008422,NIB,11,10,300,506.00,"151,800.00"
2019-08-13,2019081301008464,NIB,43,10,500,505.00,"252,500.00"
2019-08-13,2019081301008463,NIB,22,10,20,505.00,"10,100.00"
2019-08-13,2019081301008462,NIB,59,10,50,505.00,"25,250.00"
2019-08-13,2019081301008461,NIB,51,10,50,505.00,"25,250.00"
2019-08-13,2019081301008460,NIB,51,10,41,505.00,"20,705.00"
2019-08-13,2019081301008423,NIB,54,10,"1,000",506.00,"506,000.00"
2019-08-13,2019081301008559,NIB,46,42,74,507.00,"37,518.00"
2019-08-13,2019081301008552,NIB,11,42,238,507.00,"120,666.00"
2019-08-13,2019081301008551,NIB,11,29,285,507.00,"144,495.00"
2019-08-13,2019081301008550,NIB,11,20,27,507.00,"13,689.00"
2019-08-13,2019081301008517,NIB,13,20,25,507.00,"12,675.00"
2019-08-13,2019081301008465,NIB,37,10,16,505.00,"8,080.00"
2019-08-13,2019081301008659,NIBSF1,17,1,100,9.26,926.00
2019-08-13,2019081301008835,NICA,1,42,66,448.00,"29,568.00"
2019-08-13,2019081301008834,NICA,55,42,204,448.00,"91,392.00"
2019-08-13,2019081301008833,NICA,35,42,30,449.00,"13,470.00"
2019-08-13,2019081301008832,NICA,34,42,50,449.00,"22,450.00"
2019-08-13,2019081301008647,NICGF,22,1,500,9.67,"4,835.00"
2019-08-13,2019081301008516,NICL,57,32,919,313.00,"287,647.00"
2019-08-13,2019081301008621,NIL,19,6,26,461.00,"11,986.00"
2019-08-13,2019081301008607,NIL,43,6,350,462.00,"161,700.00"
2019-08-13,2019081301008540,NLBBL,50,28,275,557.00,"153,175.00"
2019-08-13,2019081301008508,NLBBL,33,50,90,555.00,"49,950.00"
2019-08-13,2019081301008507,NLBBL,17,50,200,555.00,"111,000.00"
2019-08-13,2019081301008506,NLBBL,22,50,200,556.00,"111,200.00"
2019-08-13,2019081301008429,NLBBL,50,28,100,557.00,"55,700.00"
2019-08-13,2019081301008428,NLBBL,45,28,200,558.00,"111,600.00"
2019-08-13,2019081301008395,NLBBL,50,14,200,557.00,"111,400.00"
2019-08-13,2019081301008394,NLBBL,16,14,60,558.00,"33,480.00"
2019-08-13,2019081301008845,NLIC,39,42,26,874.00,"22,724.00"
2019-08-13,2019081301008844,NLIC,39,11,24,874.00,"20,976.00"
2019-08-13,2019081301008768,NLIC,17,4,209,873.00,"182,457.00"
2019-08-13,2019081301008762,NLIC,32,42,50,870.00,"43,500.00"
2019-08-13,2019081301008643,NLICL,41,14,50,568.00,"28,400.00"
2019-08-13,2019081301008457,NLICL,8,19,124,564.00,"69,936.00"
2019-08-13,2019081301008456,NLICL,44,19,50,564.00,"28,200.00"
2019-08-13,2019081301008435,NLICL,14,19,50,565.00,"28,250.00"
2019-08-13,2019081301008434,NLICL,35,19,50,565.00,"28,250.00"
2019-08-13,2019081301008433,NLICL,32,19,100,565.00,"56,500.00"
2019-08-13,2019081301008432,NLICL,1,19,126,565.00,"71,190.00"
2019-08-13,2019081301008469,NNLB,58,45,200,465.00,"93,000.00"
2019-08-13,2019081301008723,NTC,34,26,160,685.00,"109,600.00"
2019-08-13,2019081301008722,NTC,34,26,30,686.00,"20,580.00"
2019-08-13,2019081301008721,NTC,45,26,100,686.00,"68,600.00"
2019-08-13,2019081301008565,PCBL,10,43,200,274.00,"54,800.00"
2019-08-13,2019081301008812,PFL,25,41,13,136.00,"1,768.00"
2019-08-13,2019081301008811,PFL,58,49,10,138.00,"1,380.00"
2019-08-13,2019081301008816,PPCL,3,58,10,126.00,"1,260.00"
2019-08-13,2019081301008807,PPCL,3,19,10,125.00,"1,250.00"
2019-08-13,2019081301008790,PPCL,3,38,20,124.00,"2,480.00"
2019-08-13,2019081301008872,RADHI,37,37,11,144.00,"1,584.00"
2019-08-13,2019081301008563,RADHI,20,48,11,142.00,"1,562.00"
2019-08-13,2019081301008803,RBCL,58,20,10,"9,200.00","92,000.00"
2019-08-13,2019081301008852,RBCLPO,45,56,10,"8,410.00","84,100.00"
2019-08-13,2019081301008864,RHPL,29,17,40,211.00,"8,440.00"
2019-08-13,2019081301008863,RHPL,29,10,40,211.00,"8,440.00"
2019-08-13,2019081301008858,RHPL,29,48,40,211.00,"8,440.00"
2019-08-13,2019081301008853,RHPL,29,56,20,211.00,"4,220.00"
2019-08-13,2019081301008847,RHPL,29,17,10,211.00,"2,110.00"
2019-08-13,2019081301008846,RHPL,29,48,50,211.00,"10,550.00"
2019-08-13,2019081301008412,RHPL,29,22,10,211.00,"2,110.00"
2019-08-13,2019081301008406,RHPL,29,7,30,211.00,"6,330.00"
2019-08-13,2019081301008404,RHPL,29,39,40,211.00,"8,440.00"
2019-08-13,2019081301008398,RHPL,29,10,40,211.00,"8,440.00"
2019-08-13,2019081301008393,RHPL,29,22,10,211.00,"2,110.00"
2019-08-13,2019081301008392,RHPL,29,48,10,211.00,"2,110.00"
2019-08-13,2019081301008437,RHPL,29,22,10,211.00,"2,110.00"
2019-08-13,2019081301008424,RHPL,29,7,30,211.00,"6,330.00"
2019-08-13,2019081301008420,RHPL,29,22,10,211.00,"2,110.00"
2019-08-13,2019081301008419,RHPL,29,22,40,211.00,"8,440.00"
2019-08-13,2019081301008418,RHPL,29,37,40,211.00,"8,440.00"
2019-08-13,2019081301008417,RHPL,29,56,40,211.00,"8,440.00"
2019-08-13,2019081301008477,RHPL,29,10,40,211.00,"8,440.00"
2019-08-13,2019081301008476,RHPL,41,42,30,212.00,"6,360.00"
2019-08-13,2019081301008475,RHPL,41,6,40,212.00,"8,480.00"
2019-08-13,2019081301008474,RHPL,41,6,30,212.00,"6,360.00"
2019-08-13,2019081301008468,RHPL,29,7,30,211.00,"6,330.00"
2019-08-13,2019081301008451,RHPL,29,55,30,211.00,"6,330.00"
2019-08-13,2019081301008495,RHPL,29,22,10,211.00,"2,110.00"
2019-08-13,2019081301008493,RHPL,29,7,30,211.00,"6,330.00"
2019-08-13,2019081301008489,RHPL,29,56,40,211.00,"8,440.00"
2019-08-13,2019081301008482,RHPL,29,22,10,211.00,"2,110.00"
2019-08-13,2019081301008480,RHPL,29,44,40,211.00,"8,440.00"
2019-08-13,2019081301008479,RHPL,29,21,40,211.00,"8,440.00"
2019-08-13,2019081301008526,RHPL,29,22,40,211.00,"8,440.00"
2019-08-13,2019081301008524,RHPL,29,22,10,211.00,"2,110.00"
2019-08-13,2019081301008520,RHPL,29,35,20,211.00,"4,220.00"
2019-08-13,2019081301008514,RHPL,29,39,40,211.00,"8,440.00"
2019-08-13,2019081301008513,RHPL,29,22,10,211.00,"2,110.00"
2019-08-13,2019081301008509,RHPL,29,33,40,211.00,"8,440.00"
2019-08-13,2019081301008544,RHPL,29,56,40,211.00,"8,440.00"
2019-08-13,2019081301008537,RHPL,29,22,10,211.00,"2,110.00"
2019-08-13,2019081301008535,RHPL,29,59,50,211.00,"10,550.00"
2019-08-13,2019081301008534,RHPL,29,7,30,211.00,"6,330.00"
2019-08-13,2019081301008531,RHPL,29,21,40,211.00,"8,440.00"
2019-08-13,2019081301008530,RHPL,29,39,40,211.00,"8,440.00"
2019-08-13,2019081301008571,RHPL,26,48,30,212.00,"6,360.00"
2019-08-13,2019081301008567,RHPL,29,7,30,211.00,"6,330.00"
2019-08-13,2019081301008562,RHPL,29,22,10,211.00,"2,110.00"
2019-08-13,2019081301008561,RHPL,29,42,10,211.00,"2,110.00"
2019-08-13,2019081301008554,RHPL,29,16,40,211.00,"8,440.00"
2019-08-13,2019081301008549,RHPL,29,22,10,211.00,"2,110.00"
2019-08-13,2019081301008595,RHPL,29,56,50,211.00,"10,550.00"
2019-08-13,2019081301008594,RHPL,29,22,10,211.00,"2,110.00"
2019-08-13,2019081301008591,RHPL,29,35,20,211.00,"4,220.00"
2019-08-13,2019081301008575,RHPL,29,39,40,211.00,"8,440.00"
2019-08-13,2019081301008573,RHPL,29,22,10,211.00,"2,110.00"
2019-08-13,2019081301008572,RHPL,26,6,30,212.00,"6,360.00"
2019-08-13,2019081301008620,RHPL,29,39,40,211.00,"8,440.00"
2019-08-13,2019081301008619,RHPL,29,48,40,211.00,"8,440.00"
2019-08-13,2019081301008615,RHPL,29,34,40,211.00,"8,440.00"
2019-08-13,2019081301008612,RHPL,29,22,10,211.00,"2,110.00"
2019-08-13,2019081301008602,RHPL,29,22,40,211.00,"8,440.00"
2019-08-13,2019081301008600,RHPL,29,7,30,211.00,"6,330.00"
2019-08-13,2019081301008648,RHPL,29,48,40,211.00,"8,440.00"
2019-08-13,2019081301008646,RHPL,29,39,40,211.00,"8,440.00"
2019-08-13,2019081301008635,RHPL,29,7,30,211.00,"6,330.00"
2019-08-13,2019081301008633,RHPL,29,48,40,211.00,"8,440.00"
2019-08-13,2019081301008630,RHPL,29,56,40,211.00,"8,440.00"
2019-08-13,2019081301008625,RHPL,29,22,10,211.00,"2,110.00"
2019-08-13,2019081301008675,RHPL,39,1,10,212.00,"2,120.00"
2019-08-13,2019081301008674,RHPL,39,1,10,212.00,"2,120.00"
2019-08-13,2019081301008673,RHPL,39,6,10,212.00,"2,120.00"
2019-08-13,2019081301008666,RHPL,29,17,40,211.00,"8,440.00"
2019-08-13,2019081301008661,RHPL,29,56,40,211.00,"8,440.00"
2019-08-13,2019081301008660,RHPL,29,58,40,211.00,"8,440.00"
2019-08-13,2019081301008686,RHPL,48,46,20,212.00,"4,240.00"
2019-08-13,2019081301008682,RHPL,29,33,40,211.00,"8,440.00"
2019-08-13,2019081301008679,RHPL,39,46,10,212.00,"2,120.00"
2019-08-13,2019081301008678,RHPL,39,1,10,212.00,"2,120.00"
2019-08-13,2019081301008677,RHPL,39,1,10,212.00,"2,120.00"
2019-08-13,2019081301008676,RHPL,39,48,40,212.00,"8,480.00"
2019-08-13,2019081301008724,RHPL,29,33,40,211.00,"8,440.00"
2019-08-13,2019081301008715,RHPL,29,48,40,211.00,"8,440.00"
2019-08-13,2019081301008714,RHPL,29,39,50,211.00,"10,550.00"
2019-08-13,2019081301008693,RHPL,29,39,40,211.00,"8,440.00"
2019-08-13,2019081301008688,RHPL,48,22,40,212.00,"8,480.00"
2019-08-13,2019081301008687,RHPL,48,1,10,212.00,"2,120.00"
2019-08-13,2019081301008745,RHPL,34,58,30,212.00,"6,360.00"
2019-08-13,2019081301008744,RHPL,34,58,30,212.00,"6,360.00"
2019-08-13,2019081301008743,RHPL,34,58,30,212.00,"6,360.00"
2019-08-13,2019081301008742,RHPL,34,58,30,212.00,"6,360.00"
2019-08-13,2019081301008741,RHPL,34,55,40,212.00,"8,480.00"
2019-08-13,2019081301008740,RHPL,34,43,40,212.00,"8,480.00"
2019-08-13,2019081301008751,RHPL,34,58,30,212.00,"6,360.00"
2019-08-13,2019081301008750,RHPL,34,58,30,212.00,"6,360.00"
2019-08-13,2019081301008749,RHPL,34,50,520,212.00,"110,240.00"
2019-08-13,2019081301008748,RHPL,34,58,30,212.00,"6,360.00"
2019-08-13,2019081301008747,RHPL,34,58,30,212.00,"6,360.00"
2019-08-13,2019081301008746,RHPL,34,58,30,212.00,"6,360.00"
2019-08-13,2019081301008757,RHPL,34,58,30,212.00,"6,360.00"
2019-08-13,2019081301008756,RHPL,34,42,40,212.00,"8,480.00"
2019-08-13,2019081301008755,RHPL,34,58,30,212.00,"6,360.00"
2019-08-13,2019081301008754,RHPL,34,58,30,212.00,"6,360.00"
2019-08-13,2019081301008753,RHPL,34,58,30,212.00,"6,360.00"
2019-08-13,2019081301008752,RHPL,34,58,30,212.00,"6,360.00"
2019-08-13,2019081301008799,RHPL,29,17,40,211.00,"8,440.00"
2019-08-13,2019081301008764,RHPL,29,48,40,211.00,"8,440.00"
2019-08-13,2019081301008763,RHPL,29,36,40,211.00,"8,440.00"
2019-08-13,2019081301008760,RHPL,34,58,30,212.00,"6,360.00"
2019-08-13,2019081301008759,RHPL,34,58,30,212.00,"6,360.00"
2019-08-13,2019081301008758,RHPL,34,58,30,212.00,"6,360.00"
2019-08-13,2019081301008823,RHPL,29,22,10,211.00,"2,110.00"
2019-08-13,2019081301008821,RHPL,29,48,50,211.00,"10,550.00"
2019-08-13,2019081301008814,RHPL,29,48,40,211.00,"8,440.00"
2019-08-13,2019081301008813,RHPL,29,17,40,211.00,"8,440.00"
2019-08-13,2019081301008808,RHPL,29,56,40,211.00,"8,440.00"
2019-08-13,2019081301008804,RHPL,29,39,50,211.00,"10,550.00"
2019-08-13,2019081301008840,RHPL,29,48,40,211.00,"8,440.00"
2019-08-13,2019081301008838,RHPL,29,36,40,211.00,"8,440.00"
2019-08-13,2019081301008837,RHPL,29,34,30,211.00,"6,330.00"
2019-08-13,2019081301008836,RHPL,29,17,40,211.00,"8,440.00"
2019-08-13,2019081301008827,RHPL,29,39,50,211.00,"10,550.00"
2019-08-13,2019081301008825,RHPL,29,36,30,211.00,"6,330.00"
2019-08-13,2019081301008842,RMDC,47,52,10,662.00,"6,620.00"
2019-08-13,2019081301008876,SANIMA,25,22,350,348.00,"121,800.00"
2019-08-13,2019081301008667,SBI,13,8,190,442.00,"83,980.00"
2019-08-13,2019081301008593,SBI,13,59,40,442.00,"17,680.00"
2019-08-13,2019081301008592,SBI,47,59,200,442.00,"88,400.00"
2019-08-13,2019081301008515,SBI,13,59,100,442.00,"44,200.00"
2019-08-13,2019081301008472,SBI,17,59,50,442.00,"22,100.00"
2019-08-13,2019081301008471,SBI,44,59,100,442.00,"44,200.00"
2019-08-13,2019081301008470,SBI,44,59,10,442.00,"4,420.00"
2019-08-13,2019081301008447,SBI,44,59,190,442.00,"83,980.00"
2019-08-13,2019081301008446,SBI,50,59,10,442.00,"4,420.00"
2019-08-13,2019081301008445,SBI,45,59,300,442.00,"132,600.00"
2019-08-13,2019081301008444,SBI,58,59,50,443.00,"22,150.00"
2019-08-13,2019081301008382,SBL,53,58,"1,184",316.00,"374,144.00"
2019-08-13,2019081301008381,SBL,20,58,50,316.00,"15,800.00"
2019-08-13,2019081301008380,SBL,51,58,50,316.00,"15,800.00"
2019-08-13,2019081301008379,SBL,25,58,216,316.00,"68,256.00"
2019-08-13,2019081301008711,SCB,7,50,160,650.00,"104,000.00"
2019-08-13,2019081301008710,SCB,38,50,90,650.00,"58,500.00"
2019-08-13,2019081301008483,SCB,38,38,10,650.00,"6,500.00"
2019-08-13,2019081301008875,SDESI,33,38,100,618.00,"61,800.00"
2019-08-13,2019081301008627,SEF,45,1,"2,000",10.06,"20,120.00"
2019-08-13,2019081301008558,SHIVM,7,55,50,574.00,"28,700.00"
2019-08-13,2019081301008490,SHIVM,35,55,50,575.00,"28,750.00"
2019-08-13,2019081301008521,SHPC,40,56,200,237.00,"47,400.00"
2019-08-13,2019081301008443,SHPC,40,43,319,237.00,"75,603.00"
2019-08-13,2019081301008442,SHPC,41,43,300,237.00,"71,100.00"
2019-08-13,2019081301008481,SINDU,34,35,111,132.00,"14,652.00"
2019-08-13,2019081301008873,SJCL,21,56,20,225.00,"4,500.00"
2019-08-13,2019081301008870,SJCL,21,10,10,225.00,"2,250.00"
2019-08-13,2019081301008869,SJCL,21,48,20,225.00,"4,500.00"
2019-08-13,2019081301008426,SJCL,40,56,10,226.00,"2,260.00"
2019-08-13,2019081301008425,SJCL,34,56,10,226.00,"2,260.00"
2019-08-13,2019081301008414,SJCL,34,7,20,226.00,"4,520.00"
2019-08-13,2019081301008411,SJCL,34,10,10,226.00,"2,260.00"
2019-08-13,2019081301008383,SJCL,34,39,10,226.00,"2,260.00"
2019-08-13,2019081301008497,SJCL,40,44,20,226.00,"4,520.00"
2019-08-13,2019081301008488,SJCL,40,21,20,226.00,"4,520.00"
2019-08-13,2019081301008487,SJCL,40,10,20,226.00,"4,520.00"
2019-08-13,2019081301008478,SJCL,40,7,20,226.00,"4,520.00"
2019-08-13,2019081301008440,SJCL,40,7,20,226.00,"4,520.00"
2019-08-13,2019081301008427,SJCL,40,37,20,226.00,"4,520.00"
2019-08-13,2019081301008538,SJCL,21,16,10,225.00,"2,250.00"
2019-08-13,2019081301008525,SJCL,21,59,20,225.00,"4,500.00"
2019-08-13,2019081301008519,SJCL,21,48,10,225.00,"2,250.00"
2019-08-13,2019081301008511,SJCL,21,7,20,225.00,"4,500.00"
2019-08-13,2019081301008510,SJCL,21,56,20,225.00,"4,500.00"
2019-08-13,2019081301008498,SJCL,40,39,20,226.00,"4,520.00"
2019-08-13,2019081301008566,SJCL,26,39,10,226.00,"2,260.00"
2019-08-13,2019081301008560,SJCL,26,35,20,226.00,"4,520.00"
2019-08-13,2019081301008557,SJCL,21,56,20,225.00,"4,500.00"
2019-08-13,2019081301008548,SJCL,21,7,20,225.00,"4,500.00"
2019-08-13,2019081301008542,SJCL,21,21,20,225.00,"4,500.00"
2019-08-13,2019081301008541,SJCL,21,22,20,225.00,"4,500.00"
2019-08-13,2019081301008618,SJCL,21,7,20,225.00,"4,500.00"
2019-08-13,2019081301008611,SJCL,58,35,10,226.00,"2,260.00"
2019-08-13,2019081301008610,SJCL,58,56,10,226.00,"2,260.00"
2019-08-13,2019081301008609,SJCL,26,56,10,226.00,"2,260.00"
2019-08-13,2019081301008601,SJCL,26,39,20,226.00,"4,520.00"
2019-08-13,2019081301008574,SJCL,26,7,20,226.00,"4,520.00"
2019-08-13,2019081301008680,SJCL,21,56,20,225.00,"4,500.00"
2019-08-13,2019081301008671,SJCL,21,39,20,225.00,"4,500.00"
2019-08-13,2019081301008658,SJCL,21,7,20,225.00,"4,500.00"
2019-08-13,2019081301008642,SJCL,21,56,20,225.00,"4,500.00"
2019-08-13,2019081301008641,SJCL,21,34,20,225.00,"4,500.00"
2019-08-13,2019081301008631,SJCL,21,39,20,225.00,"4,500.00"
2019-08-13,2019081301008720,SJCL,39,58,20,226.00,"4,520.00"
2019-08-13,2019081301008719,SJCL,39,35,10,226.00,"2,260.00"
2019-08-13,2019081301008701,SJCL,21,36,20,225.00,"4,500.00"
2019-08-13,2019081301008700,SJCL,21,39,10,225.00,"2,250.00"
2019-08-13,2019081301008695,SJCL,21,33,20,225.00,"4,500.00"
2019-08-13,2019081301008689,SJCL,21,17,20,225.00,"4,500.00"
2019-08-13,2019081301008815,SJCL,32,39,20,226.00,"4,520.00"
2019-08-13,2019081301008801,SJCL,32,50,380,226.00,"85,880.00"
2019-08-13,2019081301008800,SJCL,39,50,20,226.00,"4,520.00"
2019-08-13,2019081301008792,SJCL,39,48,20,226.00,"4,520.00"
2019-08-13,2019081301008769,SJCL,39,33,20,226.00,"4,520.00"
2019-08-13,2019081301008765,SJCL,39,39,10,226.00,"2,260.00"
2019-08-13,2019081301008856,SJCL,21,22,10,225.00,"2,250.00"
2019-08-13,2019081301008841,SJCL,21,39,10,225.00,"2,250.00"
2019-08-13,2019081301008839,SJCL,21,36,20,225.00,"4,500.00"
2019-08-13,2019081301008829,SJCL,21,48,20,225.00,"4,500.00"
2019-08-13,2019081301008820,SJCL,21,56,20,225.00,"4,500.00"
2019-08-13,2019081301008636,SLBBL,50,38,30,555.00,"16,650.00"
2019-08-13,2019081301008407,SLBSL,37,37,10,646.00,"6,460.00"
2019-08-13,2019081301008791,SLICL,25,45,10,453.00,"4,530.00"
2019-08-13,2019081301008739,SLICL,21,5,56,451.00,"25,256.00"
2019-08-13,2019081301008738,SLICL,29,5,50,451.00,"22,550.00"
2019-08-13,2019081301008737,SLICL,43,5,50,451.00,"22,550.00"
2019-08-13,2019081301008736,SLICL,43,5,50,451.00,"22,550.00"
2019-08-13,2019081301008735,SLICL,47,5,23,451.00,"10,373.00"
2019-08-13,2019081301008410,SLICL,50,28,66,452.00,"29,832.00"
2019-08-13,2019081301008409,SLICL,51,28,30,452.00,"13,560.00"
2019-08-13,2019081301008408,SLICL,17,28,204,452.00,"92,208.00"
2019-08-13,2019081301008400,SLICL,17,5,46,452.00,"20,792.00"
2019-08-13,2019081301008399,SLICL,38,5,30,453.00,"13,590.00"
2019-08-13,2019081301008655,SLICL,38,28,10,453.00,"4,530.00"
2019-08-13,2019081301008654,SLICL,53,28,200,453.00,"90,600.00"
2019-08-13,2019081301008650,SLICL,36,6,500,454.00,"227,000.00"
2019-08-13,2019081301008649,SLICL,42,6,75,454.00,"34,050.00"
2019-08-13,2019081301008632,SLICL,42,37,210,454.00,"95,340.00"
2019-08-13,2019081301008458,SLICL,50,28,90,452.00,"40,680.00"
2019-08-13,2019081301008728,SLICL,52,5,200,452.00,"90,400.00"
2019-08-13,2019081301008727,SLICL,38,5,20,452.00,"9,040.00"
2019-08-13,2019081301008726,SLICL,34,5,17,452.00,"7,684.00"
2019-08-13,2019081301008725,SLICL,48,5,141,452.00,"63,732.00"
2019-08-13,2019081301008657,SLICL,48,28,59,452.00,"26,668.00"
2019-08-13,2019081301008656,SLICL,50,28,44,452.00,"19,888.00"
2019-08-13,2019081301008734,SLICL,47,5,23,451.00,"10,373.00"
2019-08-13,2019081301008733,SLICL,1,5,50,451.00,"22,550.00"
2019-08-13,2019081301008732,SLICL,1,5,100,451.00,"45,100.00"
2019-08-13,2019081301008731,SLICL,50,5,20,451.00,"9,020.00"
2019-08-13,2019081301008730,SLICL,38,5,300,452.00,"135,600.00"
2019-08-13,2019081301008729,SLICL,21,5,20,452.00,"9,040.00"
2019-08-13,2019081301008608,SMFBS,57,51,10,823.00,"8,230.00"
2019-08-13,2019081301008529,SPARS,22,55,10,609.00,"6,090.00"
2019-08-13,2019081301008644,TRH,32,26,330,305.00,"100,650.00"
2019-08-13,2019081301008543,TRH,44,26,100,305.00,"30,500.00"
2019-08-13,2019081301008512,TRH,44,26,400,305.00,"122,000.00"
2019-08-13,2019081301008547,UIC,43,45,60,314.00,"18,840.00"
2019-08-13,2019081301008546,UIC,39,45,40,315.00,"12,600.00"
2019-08-13,2019081301008455,UIC,39,22,10,315.00,"3,150.00"
2019-08-13,2019081301008718,UPCL,41,42,60,86.00,"5,160.00"
2019-08-13,2019081301008696,UPPER,19,7,300,265.00,"79,500.00"
2019-08-13,2019081301008484,UPPER,19,28,80,265.00,"21,200.00"
2019-08-13,2019081301008452,UPPER,19,57,50,265.00,"13,250.00"
2019-08-13,2019081301008805,VLBS,21,45,100,587.00,"58,700.00"
2019-08-13,2019081301008634,VLBS,21,45,39,587.00,"22,893.00"
2019-08-13,2019081301008051,ADBL,53,39,907,429.00,"389,103.00"
2019-08-13,2019081301007988,ADBL,53,14,589,429.00,"252,681.00"
2019-08-13,2019081301007987,ADBL,26,14,40,429.00,"17,160.00"
2019-08-13,2019081301007986,ADBL,25,14,50,429.00,"21,450.00"
2019-08-13,2019081301007985,ADBL,7,14,521,430.00,"224,030.00"
2019-08-13,2019081301007980,ADBL,7,52,839,430.00,"360,770.00"
2019-08-13,2019081301007979,ADBL,7,57,73,430.00,"31,390.00"
2019-08-13,2019081301007978,ADBL,7,36,107,430.00,"46,010.00"
2019-08-13,2019081301007977,ADBL,7,22,460,430.00,"197,800.00"
2019-08-13,2019081301008373,AHPC,55,52,10,106.00,"1,060.00"
2019-08-13,2019081301008372,AHPC,55,34,"1,990",106.00,"210,940.00"
2019-08-13,2019081301008254,AHPC,55,22,245,105.00,"25,725.00"
2019-08-13,2019081301008253,AHPC,55,29,200,105.00,"21,000.00"
2019-08-13,2019081301008252,AHPC,55,43,"1,000",105.00,"105,000.00"
2019-08-13,2019081301008251,AHPC,55,57,102,105.00,"10,710.00"
2019-08-13,2019081301008207,AHPC,55,25,107,104.00,"11,128.00"
2019-08-13,2019081301008060,AKJCL,22,7,20,66.00,"1,320.00"
2019-08-13,2019081301008186,ALBSL,45,21,10,470.00,"4,700.00"
2019-08-13,2019081301008106,ALBSL,45,10,10,470.00,"4,700.00"
2019-08-13,2019081301007877,ALBSL,45,45,10,470.00,"4,700.00"
2019-08-13,2019081301008142,BNT,5,59,10,"6,526.00","65,260.00"
2019-08-13,2019081301008228,BOKL,17,46,75,260.00,"19,500.00"
2019-08-13,2019081301008004,BOKL,11,46,100,260.00,"26,000.00"
2019-08-13,2019081301008000,BOKL,28,46,125,260.00,"32,500.00"
2019-08-13,2019081301008304,BPCL,59,38,55,391.00,"21,505.00"
2019-08-13,2019081301008278,BPCL,59,43,439,393.00,"172,527.00"
2019-08-13,2019081301008277,BPCL,59,25,380,392.00,"148,960.00"
2019-08-13,2019081301008276,BPCL,59,34,181,391.00,"70,771.00"
2019-08-13,2019081301008164,BPCL,59,34,300,391.00,"117,300.00"
2019-08-13,2019081301008132,BPCL,59,34,300,391.00,"117,300.00"
2019-08-13,2019081301008111,BPCL,10,20,11,390.00,"4,290.00"
2019-08-13,2019081301008110,BPCL,38,20,20,390.00,"7,800.00"
2019-08-13,2019081301008109,BPCL,59,20,79,390.00,"30,810.00"
2019-08-13,2019081301008062,BPCL,59,34,150,391.00,"58,650.00"
2019-08-13,2019081301007967,BPCL,34,25,50,392.00,"19,600.00"
2019-08-13,2019081301007909,BPCL,37,37,11,391.00,"4,301.00"
2019-08-13,2019081301008376,CBBL,34,28,150,982.00,"147,300.00"
2019-08-13,2019081301008375,CBBL,52,28,100,983.00,"98,300.00"
2019-08-13,2019081301008374,CBBL,56,28,100,984.00,"98,400.00"
2019-08-13,2019081301008208,CBL,42,29,500,150.00,"75,000.00"
2019-08-13,2019081301008117,CBL,39,29,300,150.00,"45,000.00"
2019-08-13,2019081301008116,CBL,22,29,50,150.00,"7,500.00"
2019-08-13,2019081301008115,CBL,43,29,200,150.00,"30,000.00"
2019-08-13,2019081301008114,CBL,39,29,"8,421",150.00,"1,263,150.00"
2019-08-13,2019081301008113,CBL,54,29,69,150.00,"10,350.00"
2019-08-13,2019081301008145,CCBL,45,58,250,164.00,"41,000.00"
2019-08-13,2019081301008071,CCBL,45,28,190,163.00,"30,970.00"
2019-08-13,2019081301007962,CHCL,22,25,162,480.00,"77,760.00"
2019-08-13,2019081301007961,CHCL,6,25,150,480.00,"72,000.00"
2019-08-13,2019081301007960,CHCL,28,25,688,480.00,"330,240.00"
2019-08-13,2019081301007919,CHCL,28,39,312,480.00,"149,760.00"
2019-08-13,2019081301007918,CHCL,54,39,100,480.00,"48,000.00"
2019-08-13,2019081301007917,CHCL,56,39,54,480.00,"25,920.00"
2019-08-13,2019081301007890,CHCL,4,25,300,482.00,"144,600.00"
2019-08-13,2019081301008021,DBBL,20,26,350,141.00,"49,350.00"
2019-08-13,2019081301007995,DBBL,35,28,70,140.00,"9,800.00"
2019-08-13,2019081301007949,EBL,11,54,80,656.00,"52,480.00"
2019-08-13,2019081301007948,EBL,11,32,20,655.00,"13,100.00"
2019-08-13,2019081301008308,FMDBL,28,39,200,397.00,"79,400.00"
2019-08-13,2019081301008144,FMDBL,28,36,188,397.00,"74,636.00"
2019-08-13,2019081301007921,FMDBL,14,36,350,397.00,"138,950.00"
2019-08-13,2019081301008361,GBBL,49,18,500,216.00,"108,000.00"
2019-08-13,2019081301007930,GBLBS,14,46,15,373.00,"5,595.00"
2019-08-13,2019081301008337,GLBSL,11,11,10,536.00,"5,360.00"
2019-08-13,2019081301008291,GLBSL,11,11,10,536.00,"5,360.00"
2019-08-13,2019081301008232,GLBSL,11,11,10,536.00,"5,360.00"
2019-08-13,2019081301008165,GLBSL,11,11,10,536.00,"5,360.00"
2019-08-13,2019081301008076,GLBSL,11,11,10,536.00,"5,360.00"
2019-08-13,2019081301008063,GLBSL,58,7,50,540.00,"27,000.00"
2019-08-13,2019081301008333,GMFBS,58,45,50,583.00,"29,150.00"
2019-08-13,2019081301007958,GMFBS,39,10,10,581.00,"5,810.00"
2019-08-13,2019081301008339,GRDBL,59,38,50,110.00,"5,500.00"
2019-08-13,2019081301007943,GRDBL,37,37,50,111.00,"5,550.00"
2019-08-13,2019081301008011,GUFL,43,28,100,119.00,"11,900.00"
2019-08-13,2019081301008286,HBL,14,41,52,545.00,"28,340.00"
2019-08-13,2019081301008050,HGI,55,50,100,330.00,"33,000.00"
2019-08-13,2019081301008138,HIDCL,39,10,61,151.00,"9,211.00"
2019-08-13,2019081301008007,HIDCL,3,49,61,152.00,"9,272.00"
2019-08-13,2019081301007891,HIDCL,3,41,61,152.00,"9,272.00"
2019-08-13,2019081301008344,HURJA,34,57,20,128.00,"2,560.00"
2019-08-13,2019081301008334,HURJA,34,26,20,128.00,"2,560.00"
2019-08-13,2019081301008290,HURJA,34,26,20,128.00,"2,560.00"
2019-08-13,2019081301008255,HURJA,34,32,20,128.00,"2,560.00"
2019-08-13,2019081301008210,HURJA,11,26,20,128.00,"2,560.00"
2019-08-13,2019081301008027,ICFC,22,28,110,161.00,"17,710.00"
2019-08-13,2019081301008287,ILBS,17,59,10,481.00,"4,810.00"
2019-08-13,2019081301008273,ILBS,17,48,10,481.00,"4,810.00"
2019-08-13,2019081301008203,ILBS,17,34,10,481.00,"4,810.00"
2019-08-13,2019081301008174,ILBS,17,22,10,481.00,"4,810.00"
2019-08-13,2019081301008161,ILBS,17,5,10,481.00,"4,810.00"
2019-08-13,2019081301008020,ILBS,17,22,10,481.00,"4,810.00"
2019-08-13,2019081301007983,ILBS,17,45,10,481.00,"4,810.00"
2019-08-13,2019081301007899,ILBS,17,59,10,481.00,"4,810.00"
2019-08-13,2019081301007885,ILBS,17,45,10,481.00,"4,810.00"
2019-08-13,2019081301008271,JBBL,49,39,13,154.00,"2,002.00"
2019-08-13,2019081301008120,JBBL,49,28,120,154.00,"18,480.00"
2019-08-13,2019081301008119,JBBL,52,28,100,155.00,"15,500.00"
2019-08-13,2019081301008072,KPCL,57,7,10,87.00,870.00
2019-08-13,2019081301008032,KPCL,37,33,10,88.00,880.00
2019-08-13,2019081301008026,LBBL,14,17,100,180.00,"18,000.00"
2019-08-13,2019081301007973,LBBL,14,34,350,180.00,"63,000.00"
2019-08-13,2019081301007916,LBBL,49,34,200,180.00,"36,000.00"
2019-08-13,2019081301008077,LBL,26,19,16,215.00,"3,440.00"
2019-08-13,2019081301008040,LBL,49,49,"71,482",215.00,"15,368,630.00"
2019-08-13,2019081301007951,LBL,49,49,"100,000",215.00,"21,500,000.00"
2019-08-13,2019081301007950,LBL,44,14,108,215.00,"23,220.00"
2019-08-13,2019081301007991,LGIL,55,50,16,411.00,"6,576.00"
2019-08-13,2019081301007927,LGIL,5,41,62,410.00,"25,420.00"
2019-08-13,2019081301008107,LICN,50,59,20,"1,138.00","22,760.00"
2019-08-13,2019081301008143,LVF1,56,52,"1,500",9.60,"14,400.00"
2019-08-13,2019081301008029,MBL,10,41,247,257.00,"63,479.00"
2019-08-13,2019081301008034,MEGA,57,19,61,199.00,"12,139.00"
2019-08-13,2019081301008148,MEGA,57,33,300,199.00,"59,700.00"
2019-08-13,2019081301008261,MEGA,57,36,"1,000",199.00,"199,000.00"
2019-08-13,2019081301008325,MERO,22,38,16,531.00,"8,496.00"
2019-08-13,2019081301007972,MERO,17,41,79,530.00,"41,870.00"
2019-08-13,2019081301007971,MERO,1,41,40,533.00,"21,320.00"
2019-08-13,2019081301007970,MERO,59,41,20,533.00,"10,660.00"
2019-08-13,2019081301007969,MERO,25,41,10,533.00,"5,330.00"
2019-08-13,2019081301007925,MFIL,17,39,"1,683",123.00,"207,009.00"
2019-08-13,2019081301007897,MFIL,17,39,536,123.00,"65,928.00"
2019-08-13,2019081301008329,MLBL,33,13,"1,915",199.00,"381,085.00"
2019-08-13,2019081301008292,MLBL,33,51,"1,000",200.00,"200,000.00"
2019-08-13,2019081301008187,MLBL,33,49,"1,000",200.00,"200,000.00"
2019-08-13,2019081301007928,MNBBL,54,1,10,368.00,"3,680.00"
2019-08-13,2019081301007910,MNBBL,54,1,10,368.00,"3,680.00"
2019-08-13,2019081301007894,MNBBL,54,1,10,368.00,"3,680.00"
2019-08-13,2019081301008153,MSLB,1,6,20,943.00,"18,860.00"
2019-08-13,2019081301008328,NADEP,40,59,20,518.00,"10,360.00"
2019-08-13,2019081301008275,NADEP,40,22,10,516.00,"5,160.00"
2019-08-13,2019081301008233,NADEP,40,56,10,516.00,"5,160.00"
2019-08-13,2019081301008204,NADEP,40,45,90,516.00,"46,440.00"
2019-08-13,2019081301008201,NADEP,40,22,10,516.00,"5,160.00"
2019-08-13,2019081301008159,NADEP,40,56,10,516.00,"5,160.00"
2019-08-13,2019081301007886,NADEP,42,22,10,516.00,"5,160.00"
2019-08-13,2019081301008013,NADEP,58,21,10,519.00,"5,190.00"
2019-08-13,2019081301008012,NADEP,58,6,20,518.00,"10,360.00"
2019-08-13,2019081301007976,NADEP,26,56,10,516.00,"5,160.00"
2019-08-13,2019081301007954,NADEP,26,21,10,516.00,"5,160.00"
2019-08-13,2019081301007934,NADEP,26,56,50,516.00,"25,800.00"
2019-08-13,2019081301007929,NADEP,26,59,10,516.00,"5,160.00"
2019-08-13,2019081301008147,NADEP,58,33,10,519.00,"5,190.00"
2019-08-13,2019081301008146,NADEP,58,38,10,518.00,"5,180.00"
2019-08-13,2019081301008123,NADEP,40,56,10,516.00,"5,160.00"
2019-08-13,2019081301008085,NADEP,40,59,10,516.00,"5,160.00"
2019-08-13,2019081301008015,NADEP,58,42,10,519.00,"5,190.00"
2019-08-13,2019081301008014,NADEP,58,43,100,519.00,"51,900.00"
2019-08-13,2019081301008240,NAGRO,19,21,50,852.00,"42,600.00"
2019-08-13,2019081301007940,NAGRO,43,34,135,869.00,"117,315.00"
2019-08-13,2019081301007939,NAGRO,43,58,10,861.00,"8,610.00"
2019-08-13,2019081301007938,NAGRO,43,42,10,860.00,"8,600.00"
2019-08-13,2019081301007937,NAGRO,43,42,10,855.00,"8,550.00"
2019-08-13,2019081301007936,NAGRO,43,34,80,853.00,"68,240.00"
2019-08-13,2019081301007901,NAGRO,43,34,20,853.00,"17,060.00"
2019-08-13,2019081301008370,NBL,13,25,300,325.00,"97,500.00"
2019-08-13,2019081301008152,NBL,13,20,50,325.00,"16,250.00"
2019-08-13,2019081301008001,NBL,53,33,"1,000",326.00,"326,000.00"
2019-08-13,2019081301007924,NBL,13,32,50,325.00,"16,250.00"
2019-08-13,2019081301007884,NCCB,33,46,350,204.00,"71,400.00"
2019-08-13,2019081301008285,NGPL,48,38,11,113.00,"1,243.00"
2019-08-13,2019081301008134,NHDL,48,54,10,117.00,"1,170.00"
2019-08-13,2019081301008166,NIB,51,10,44,505.00,"22,220.00"
2019-08-13,2019081301008155,NIB,7,10,"1,000",506.00,"506,000.00"
2019-08-13,2019081301008154,NIB,17,10,100,506.00,"50,600.00"
2019-08-13,2019081301007982,NIB,57,20,50,507.00,"25,350.00"
2019-08-13,2019081301008180,NICA,53,55,10,450.00,"4,500.00"
2019-08-13,2019081301008301,NICL,57,59,12,313.00,"3,756.00"
2019-08-13,2019081301008131,NICL,57,59,12,313.00,"3,756.00"
2019-08-13,2019081301008057,NICL,57,46,57,313.00,"17,841.00"
2019-08-13,2019081301008056,NICL,7,46,50,313.00,"15,650.00"
2019-08-13,2019081301007915,NIL,58,6,20,464.00,"9,280.00"
2019-08-13,2019081301008359,NLIC,32,28,501,870.00,"435,870.00"
2019-08-13,2019081301008358,NLIC,6,28,33,870.00,"28,710.00"
2019-08-13,2019081301008357,NLIC,28,28,46,870.00,"40,020.00"
2019-08-13,2019081301008356,NLIC,11,28,75,870.00,"65,250.00"
2019-08-13,2019081301008355,NLIC,13,28,10,870.00,"8,700.00"
2019-08-13,2019081301008354,NLIC,34,28,175,870.00,"152,250.00"
2019-08-13,2019081301008104,NLIC,45,4,80,873.00,"69,840.00"
2019-08-13,2019081301008078,NLIC,32,37,17,872.00,"14,824.00"
2019-08-13,2019081301008052,NLIC,37,4,17,873.00,"14,841.00"
2019-08-13,2019081301008347,NLIC,39,28,100,872.00,"87,200.00"
2019-08-13,2019081301008346,NLIC,32,28,500,872.00,"436,000.00"
2019-08-13,2019081301008345,NLIC,32,28,361,872.00,"314,792.00"
2019-08-13,2019081301008246,NLIC,35,4,10,873.00,"8,730.00"
2019-08-13,2019081301008243,NLIC,42,4,40,873.00,"34,920.00"
2019-08-13,2019081301008209,NLIC,47,4,20,873.00,"17,460.00"
2019-08-13,2019081301008353,NLIC,25,28,20,870.00,"17,400.00"
2019-08-13,2019081301008352,NLIC,42,28,50,870.00,"43,500.00"
2019-08-13,2019081301008351,NLIC,57,28,50,870.00,"43,500.00"
2019-08-13,2019081301008350,NLIC,13,28,200,871.00,"174,200.00"
2019-08-13,2019081301008349,NLIC,1,28,19,871.00,"16,549.00"
2019-08-13,2019081301008348,NLIC,47,28,50,871.00,"43,550.00"
2019-08-13,2019081301008260,NLICL,1,39,84,565.00,"47,460.00"
2019-08-13,2019081301008259,NLICL,57,39,100,565.00,"56,500.00"
2019-08-13,2019081301008258,NLICL,35,39,50,566.00,"28,300.00"
2019-08-13,2019081301008257,NLICL,1,39,20,566.00,"11,320.00"
2019-08-13,2019081301008231,NLICL,56,26,13,567.00,"7,371.00"
2019-08-13,2019081301008136,NSEWA,11,4,10,460.00,"4,600.00"
2019-08-13,2019081301008133,NTC,58,22,25,687.00,"17,175.00"
2019-08-13,2019081301008299,PCBL,38,7,50,274.00,"13,700.00"
2019-08-13,2019081301008298,PCBL,5,7,"1,000",274.00,"274,000.00"
2019-08-13,2019081301008297,PCBL,42,7,100,274.00,"27,400.00"
2019-08-13,2019081301008296,PCBL,58,7,100,274.00,"27,400.00"
2019-08-13,2019081301008295,PCBL,58,7,50,274.00,"13,700.00"
2019-08-13,2019081301008294,PCBL,42,7,46,274.00,"12,604.00"
2019-08-13,2019081301008122,PIC,37,37,11,464.00,"5,104.00"
2019-08-13,2019081301008311,PLIC,7,45,161,414.00,"66,654.00"
2019-08-13,2019081301008365,PMHPL,54,37,10,101.00,"1,010.00"
2019-08-13,2019081301008169,PMHPL,54,20,10,101.00,"1,010.00"
2019-08-13,2019081301008157,PMHPL,37,37,10,102.00,"1,020.00"
2019-08-13,2019081301008101,PPCL,57,5,10,122.00,"1,220.00"
2019-08-13,2019081301008368,PRIN,45,56,97,348.00,"33,756.00"
2019-08-13,2019081301008367,PRIN,45,56,100,348.00,"34,800.00"
2019-08-13,2019081301008366,PRIN,45,56,50,348.00,"17,400.00"
2019-08-13,2019081301007984,RADHI,49,10,11,141.00,"1,551.00"
2019-08-13,2019081301008371,RHPL,29,22,10,211.00,"2,110.00"
2019-08-13,2019081301008360,RHPL,29,5,40,211.00,"8,440.00"
2019-08-13,2019081301008343,RHPL,34,6,10,212.00,"2,120.00"
2019-08-13,2019081301008342,RHPL,34,48,40,212.00,"8,480.00"
2019-08-13,2019081301008341,RHPL,29,21,10,211.00,"2,110.00"
2019-08-13,2019081301008338,RHPL,29,7,30,211.00,"6,330.00"
2019-08-13,2019081301007911,RHPL,34,39,25,210.00,"5,250.00"
2019-08-13,2019081301007900,RHPL,34,42,20,210.00,"4,200.00"
2019-08-13,2019081301007892,RHPL,34,32,40,210.00,"8,400.00"
2019-08-13,2019081301007881,RHPL,34,40,30,210.00,"6,300.00"
2019-08-13,2019081301007880,RHPL,34,58,40,210.00,"8,400.00"
2019-08-13,2019081301007879,RHPL,34,21,40,210.00,"8,400.00"
2019-08-13,2019081301007941,RHPL,52,38,30,210.00,"6,300.00"
2019-08-13,2019081301007935,RHPL,52,59,40,210.00,"8,400.00"
2019-08-13,2019081301007922,RHPL,52,40,30,210.00,"6,300.00"
2019-08-13,2019081301007914,RHPL,40,58,25,210.00,"5,250.00"
2019-08-13,2019081301007913,RHPL,40,58,15,210.00,"3,150.00"
2019-08-13,2019081301007912,RHPL,40,39,15,210.00,"3,150.00"
2019-08-13,2019081301007953,RHPL,39,20,10,210.00,"2,100.00"
2019-08-13,2019081301007947,RHPL,52,22,30,210.00,"6,300.00"
2019-08-13,2019081301007946,RHPL,52,42,40,210.00,"8,400.00"
2019-08-13,2019081301007945,RHPL,34,32,400,211.00,"84,400.00"
2019-08-13,2019081301007944,RHPL,52,59,20,210.00,"4,200.00"
2019-08-13,2019081301007942,RHPL,52,38,10,210.00,"2,100.00"
2019-08-13,2019081301007990,RHPL,39,39,40,210.00,"8,400.00"
2019-08-13,2019081301007989,RHPL,39,22,30,210.00,"6,300.00"
2019-08-13,2019081301007966,RHPL,39,10,50,210.00,"10,500.00"
2019-08-13,2019081301007964,RHPL,39,7,50,210.00,"10,500.00"
2019-08-13,2019081301007957,RHPL,39,45,40,210.00,"8,400.00"
2019-08-13,2019081301007955,RHPL,39,39,40,210.00,"8,400.00"
2019-08-13,2019081301008016,RHPL,39,42,20,210.00,"4,200.00"
2019-08-13,2019081301008009,RHPL,39,10,40,210.00,"8,400.00"
2019-08-13,2019081301008008,RHPL,39,22,50,210.00,"10,500.00"
2019-08-13,2019081301007998,RHPL,39,59,40,210.00,"8,400.00"
2019-08-13,2019081301007996,RHPL,39,10,50,210.00,"10,500.00"
2019-08-13,2019081301007993,RHPL,39,34,40,210.00,"8,400.00"
2019-08-13,2019081301008028,RHPL,41,38,40,210.00,"8,400.00"
2019-08-13,2019081301008025,RHPL,41,39,50,210.00,"10,500.00"
2019-08-13,2019081301008023,RHPL,41,7,40,210.00,"8,400.00"
2019-08-13,2019081301008019,RHPL,41,34,10,210.00,"2,100.00"
2019-08-13,2019081301008018,RHPL,8,34,30,210.00,"6,300.00"
2019-08-13,2019081301008017,RHPL,8,42,20,210.00,"4,200.00"
2019-08-13,2019081301008064,RHPL,34,42,40,210.00,"8,400.00"
2019-08-13,2019081301008058,RHPL,28,39,40,210.00,"8,400.00"
2019-08-13,2019081301008055,RHPL,28,5,40,210.00,"8,400.00"
2019-08-13,2019081301008054,RHPL,28,34,20,210.00,"4,200.00"
2019-08-13,2019081301008053,RHPL,41,34,20,210.00,"4,200.00"
2019-08-13,2019081301008030,RHPL,41,34,40,210.00,"8,400.00"
2019-08-13,2019081301008088,RHPL,29,6,50,211.00,"10,550.00"
2019-08-13,2019081301008084,RHPL,52,52,40,210.00,"8,400.00"
2019-08-13,2019081301008068,RHPL,52,34,30,210.00,"6,300.00"
2019-08-13,2019081301008067,RHPL,34,34,10,210.00,"2,100.00"
2019-08-13,2019081301008066,RHPL,34,44,20,210.00,"4,200.00"
2019-08-13,2019081301008065,RHPL,34,22,30,210.00,"6,300.00"
2019-08-13,2019081301008094,RHPL,29,13,40,211.00,"8,440.00"
2019-08-13,2019081301008093,RHPL,29,54,50,211.00,"10,550.00"
2019-08-13,2019081301008092,RHPL,29,22,40,211.00,"8,440.00"
2019-08-13,2019081301008091,RHPL,29,42,40,211.00,"8,440.00"
2019-08-13,2019081301008090,RHPL,29,6,50,211.00,"10,550.00"
2019-08-13,2019081301008089,RHPL,29,6,40,211.00,"8,440.00"
2019-08-13,2019081301008100,RHPL,29,38,40,211.00,"8,440.00"
2019-08-13,2019081301008099,RHPL,29,58,100,211.00,"21,100.00"
2019-08-13,2019081301008098,RHPL,29,59,40,211.00,"8,440.00"
2019-08-13,2019081301008097,RHPL,29,59,40,211.00,"8,440.00"
2019-08-13,2019081301008096,RHPL,29,22,40,211.00,"8,440.00"
2019-08-13,2019081301008095,RHPL,29,13,20,211.00,"4,220.00"
2019-08-13,2019081301008150,RHPL,29,59,20,211.00,"4,220.00"
2019-08-13,2019081301008127,RHPL,29,48,10,211.00,"2,110.00"
2019-08-13,2019081301008124,RHPL,29,34,40,211.00,"8,440.00"
2019-08-13,2019081301008118,RHPL,29,22,30,211.00,"6,330.00"
2019-08-13,2019081301008105,RHPL,29,39,50,211.00,"10,550.00"
2019-08-13,2019081301008102,RHPL,29,10,40,211.00,"8,440.00"
2019-08-13,2019081301008179,RHPL,29,26,50,211.00,"10,550.00"
2019-08-13,2019081301008178,RHPL,29,10,40,211.00,"8,440.00"
2019-08-13,2019081301008172,RHPL,29,39,50,211.00,"10,550.00"
2019-08-13,2019081301008170,RHPL,29,48,10,211.00,"2,110.00"
2019-08-13,2019081301008158,RHPL,29,38,40,211.00,"8,440.00"
2019-08-13,2019081301008156,RHPL,29,22,30,211.00,"6,330.00"
2019-08-13,2019081301008239,RHPL,29,22,10,211.00,"2,110.00"
2019-08-13,2019081301008227,RHPL,29,10,50,211.00,"10,550.00"
2019-08-13,2019081301008224,RHPL,29,39,40,211.00,"8,440.00"
2019-08-13,2019081301008221,RHPL,29,21,10,211.00,"2,110.00"
2019-08-13,2019081301008199,RHPL,29,10,40,211.00,"8,440.00"
2019-08-13,2019081301008181,RHPL,29,21,10,211.00,"2,110.00"
2019-08-13,2019081301008267,RHPL,29,26,40,211.00,"8,440.00"
2019-08-13,2019081301008266,RHPL,29,38,40,211.00,"8,440.00"
2019-08-13,2019081301008263,RHPL,29,22,30,211.00,"6,330.00"
2019-08-13,2019081301008262,RHPL,29,22,10,211.00,"2,110.00"
2019-08-13,2019081301008250,RHPL,29,21,10,211.00,"2,110.00"
2019-08-13,2019081301008242,RHPL,29,48,10,211.00,"2,110.00"
2019-08-13,2019081301008289,RHPL,29,39,40,211.00,"8,440.00"
2019-08-13,2019081301008288,RHPL,29,22,10,211.00,"2,110.00"
2019-08-13,2019081301008284,RHPL,29,10,40,211.00,"8,440.00"
2019-08-13,2019081301008272,RHPL,29,22,10,211.00,"2,110.00"
2019-08-13,2019081301008269,RHPL,29,42,50,211.00,"10,550.00"
2019-08-13,2019081301008268,RHPL,29,32,40,211.00,"8,440.00"
2019-08-13,2019081301008318,RHPL,29,26,40,211.00,"8,440.00"
2019-08-13,2019081301008310,RHPL,29,59,20,211.00,"4,220.00"
2019-08-13,2019081301008307,RHPL,29,10,40,211.00,"8,440.00"
2019-08-13,2019081301008306,RHPL,29,21,10,211.00,"2,110.00"
2019-08-13,2019081301008303,RHPL,29,5,40,211.00,"8,440.00"
2019-08-13,2019081301008300,RHPL,29,22,10,211.00,"2,110.00"
2019-08-13,2019081301008336,RHPL,29,10,40,211.00,"8,440.00"
2019-08-13,2019081301008335,RHPL,29,37,40,211.00,"8,440.00"
2019-08-13,2019081301008332,RHPL,29,5,40,211.00,"8,440.00"
2019-08-13,2019081301008331,RHPL,29,22,10,211.00,"2,110.00"
2019-08-13,2019081301008330,RHPL,29,21,10,211.00,"2,110.00"
2019-08-13,2019081301008327,RHPL,29,39,50,211.00,"10,550.00"
2019-08-13,2019081301007907,RMDC,35,21,32,660.00,"21,120.00"
2019-08-13,2019081301007906,RMDC,35,21,50,660.00,"33,000.00"
2019-08-13,2019081301007905,RMDC,35,21,50,660.00,"33,000.00"
2019-08-13,2019081301007904,RMDC,35,21,200,660.00,"132,000.00"
2019-08-13,2019081301007903,RMDC,35,21,150,660.00,"99,000.00"
2019-08-13,2019081301008265,RRHP,48,37,10,106.00,"1,060.00"
2019-08-13,2019081301008183,RRHP,37,1,10,106.00,"1,060.00"
2019-08-13,2019081301007959,RRHP,47,59,10,105.00,"1,050.00"
2019-08-13,2019081301008045,SADBL,22,28,42,150.00,"6,300.00"
2019-08-13,2019081301008044,SADBL,57,28,11,151.00,"1,661.00"
2019-08-13,2019081301008177,SANIMA,28,36,100,347.00,"34,700.00"
2019-08-13,2019081301008176,SANIMA,19,36,50,348.00,"17,400.00"
2019-08-13,2019081301008175,SANIMA,51,36,850,348.00,"295,800.00"
2019-08-13,2019081301008249,SBL,25,28,"1,784",316.00,"563,744.00"
2019-08-13,2019081301008248,SBL,33,28,160,316.00,"50,560.00"
2019-08-13,2019081301008247,SBL,42,28,56,316.00,"17,696.00"
2019-08-13,2019081301007889,SCB,7,37,20,650.00,"13,000.00"
2019-08-13,2019081301007888,SCB,7,40,20,650.00,"13,000.00"
2019-08-13,2019081301007887,SCB,7,32,90,650.00,"58,500.00"
2019-08-13,2019081301008225,SDESI,41,10,23,617.00,"14,191.00"
2019-08-13,2019081301008033,SDESI,41,10,23,617.00,"14,191.00"
2019-08-13,2019081301008202,SEF,6,1,"1,000",10.07,"10,070.00"
2019-08-13,2019081301008237,SFFIL,39,47,140,270.00,"37,800.00"
2019-08-13,2019081301008270,SHIVM,35,57,70,575.00,"40,250.00"
2019-08-13,2019081301008223,SHIVM,35,49,375,575.00,"215,625.00"
2019-08-13,2019081301008198,SHIVM,32,49,500,575.00,"287,500.00"
2019-08-13,2019081301008197,SHIVM,38,49,50,575.00,"28,750.00"
2019-08-13,2019081301008196,SHIVM,38,49,20,575.00,"11,500.00"
2019-08-13,2019081301008195,SHIVM,57,49,100,575.00,"57,500.00"
2019-08-13,2019081301008194,SHIVM,34,49,50,575.00,"28,750.00"
2019-08-13,2019081301008193,SHIVM,42,49,100,575.00,"57,500.00"
2019-08-13,2019081301008192,SHIVM,38,49,500,575.00,"287,500.00"
2019-08-13,2019081301008191,SHIVM,35,49,255,575.00,"146,625.00"
2019-08-13,2019081301008190,SHIVM,50,49,50,576.00,"28,800.00"
2019-08-13,2019081301008137,SHIVM,35,5,40,575.00,"23,000.00"
2019-08-13,2019081301008149,SICL,42,39,78,772.00,"60,216.00"
2019-08-13,2019081301008160,SIFC,36,17,50,160.00,"8,000.00"
2019-08-13,2019081301008369,SJCL,48,58,10,227.00,"2,270.00"
2019-08-13,2019081301008364,SJCL,21,7,20,225.00,"4,500.00"
2019-08-13,2019081301008362,SJCL,21,10,20,225.00,"4,500.00"
2019-08-13,2019081301008340,SJCL,21,39,20,225.00,"4,500.00"
2019-08-13,2019081301008326,SJCL,21,26,20,225.00,"4,500.00"
2019-08-13,2019081301008322,SJCL,48,58,10,227.00,"2,270.00"
2019-08-13,2019081301007898,SJCL,8,58,10,225.00,"2,250.00"
2019-08-13,2019081301007896,SJCL,8,22,10,225.00,"2,250.00"
2019-08-13,2019081301007895,SJCL,8,40,20,225.00,"4,500.00"
2019-08-13,2019081301007883,SJCL,8,42,20,225.00,"4,500.00"
2019-08-13,2019081301007882,SJCL,8,39,20,225.00,"4,500.00"
2019-08-13,2019081301007878,SJCL,35,32,20,225.00,"4,500.00"
2019-08-13,2019081301007932,SJCL,8,42,20,225.00,"4,500.00"
2019-08-13,2019081301007931,SJCL,8,22,10,225.00,"2,250.00"
2019-08-13,2019081301007926,SJCL,8,39,20,225.00,"4,500.00"
2019-08-13,2019081301007923,SJCL,8,58,20,225.00,"4,500.00"
2019-08-13,2019081301007920,SJCL,8,22,10,225.00,"2,250.00"
2019-08-13,2019081301007902,SJCL,8,22,10,225.00,"2,250.00"
2019-08-13,2019081301007968,SJCL,58,39,20,225.00,"4,500.00"
2019-08-13,2019081301007965,SJCL,58,45,10,225.00,"2,250.00"
2019-08-13,2019081301007963,SJCL,57,42,20,225.00,"4,500.00"
2019-08-13,2019081301007956,SJCL,57,22,20,225.00,"4,500.00"
2019-08-13,2019081301007952,SJCL,8,38,20,225.00,"4,500.00"
2019-08-13,2019081301007933,SJCL,8,40,10,225.00,"2,250.00"
2019-08-13,2019081301007999,SJCL,58,22,20,225.00,"4,500.00"
2019-08-13,2019081301007994,SJCL,58,22,10,225.00,"2,250.00"
2019-08-13,2019081301007992,SJCL,58,7,20,225.00,"4,500.00"
2019-08-13,2019081301007981,SJCL,58,10,20,225.00,"4,500.00"
2019-08-13,2019081301007975,SJCL,58,59,10,225.00,"2,250.00"
2019-08-13,2019081301007974,SJCL,58,22,10,225.00,"2,250.00"
2019-08-13,2019081301008031,SJCL,25,22,10,225.00,"2,250.00"
2019-08-13,2019081301008022,SJCL,58,22,10,225.00,"2,250.00"
2019-08-13,2019081301008010,SJCL,58,10,20,225.00,"4,500.00"
2019-08-13,2019081301008006,SJCL,58,22,10,225.00,"2,250.00"
2019-08-13,2019081301008003,SJCL,58,39,20,225.00,"4,500.00"
2019-08-13,2019081301008002,SJCL,58,22,20,225.00,"4,500.00"
2019-08-13,2019081301008049,SJCL,25,22,10,225.00,"2,250.00"
2019-08-13,2019081301008043,SJCL,25,38,20,225.00,"4,500.00"
2019-08-13,2019081301008042,SJCL,25,42,20,225.00,"4,500.00"
2019-08-13,2019081301008041,SJCL,25,39,20,225.00,"4,500.00"
2019-08-13,2019081301008039,SJCL,25,7,20,225.00,"4,500.00"
2019-08-13,2019081301008080,SJCL,25,22,10,225.00,"2,250.00"
2019-08-13,2019081301008075,SJCL,25,39,20,225.00,"4,500.00"
2019-08-13,2019081301008070,SJCL,25,5,20,225.00,"4,500.00"
2019-08-13,2019081301008069,SJCL,25,22,10,225.00,"2,250.00"
2019-08-13,2019081301008061,SJCL,25,22,10,225.00,"2,250.00"
2019-08-13,2019081301008059,SJCL,25,10,20,225.00,"4,500.00"
2019-08-13,2019081301008112,SJCL,42,22,10,225.00,"2,250.00"
2019-08-13,2019081301008108,SJCL,42,10,20,225.00,"4,500.00"
2019-08-13,2019081301008103,SJCL,42,22,10,225.00,"2,250.00"
2019-08-13,2019081301008083,SJCL,42,44,20,225.00,"4,500.00"
2019-08-13,2019081301008082,SJCL,42,22,10,225.00,"2,250.00"
2019-08-13,2019081301008081,SJCL,25,22,10,225.00,"2,250.00"
2019-08-13,2019081301008139,SJCL,57,34,20,226.00,"4,520.00"
2019-08-13,2019081301008135,SJCL,34,22,20,225.00,"4,500.00"
2019-08-13,2019081301008130,SJCL,34,22,10,225.00,"2,250.00"
2019-08-13,2019081301008129,SJCL,34,39,20,225.00,"4,500.00"
2019-08-13,2019081301008126,SJCL,55,38,10,225.00,"2,250.00"
2019-08-13,2019081301008125,SJCL,42,38,10,225.00,"2,250.00"
2019-08-13,2019081301008163,SJCL,34,22,10,225.00,"2,250.00"
2019-08-13,2019081301008162,SJCL,34,59,10,225.00,"2,250.00"
2019-08-13,2019081301008151,SJCL,34,22,10,225.00,"2,250.00"
2019-08-13,2019081301008141,SJCL,34,48,10,225.00,"2,250.00"
2019-08-13,2019081301008140,SJCL,34,22,10,225.00,"2,250.00"
2019-08-13,2019081301008184,SJCL,34,22,10,225.00,"2,250.00"
2019-08-13,2019081301008182,SJCL,34,22,10,225.00,"2,250.00"
2019-08-13,2019081301008173,SJCL,34,22,10,225.00,"2,250.00"
2019-08-13,2019081301008171,SJCL,34,22,20,225.00,"4,500.00"
2019-08-13,2019081301008168,SJCL,34,21,10,225.00,"2,250.00"
2019-08-13,2019081301008167,SJCL,34,38,20,225.00,"4,500.00"
2019-08-13,2019081301008206,SJCL,34,22,10,225.00,"2,250.00"
2019-08-13,2019081301008205,SJCL,34,21,10,225.00,"2,250.00"
2019-08-13,2019081301008200,SJCL,34,26,20,225.00,"4,500.00"
2019-08-13,2019081301008189,SJCL,34,48,10,225.00,"2,250.00"
2019-08-13,2019081301008188,SJCL,34,39,20,225.00,"4,500.00"
2019-08-13,2019081301008185,SJCL,34,10,20,225.00,"4,500.00"
2019-08-13,2019081301008216,SJCL,40,13,20,226.00,"4,520.00"
2019-08-13,2019081301008215,SJCL,40,39,20,226.00,"4,520.00"
2019-08-13,2019081301008214,SJCL,40,22,20,226.00,"4,520.00"
2019-08-13,2019081301008213,SJCL,40,6,20,226.00,"4,520.00"
2019-08-13,2019081301008212,SJCL,40,6,20,226.00,"4,520.00"
2019-08-13,2019081301008211,SJCL,40,6,20,226.00,"4,520.00"
2019-08-13,2019081301008235,SJCL,40,39,20,226.00,"4,520.00"
2019-08-13,2019081301008234,SJCL,40,10,20,226.00,"4,520.00"
2019-08-13,2019081301008220,SJCL,40,52,20,226.00,"4,520.00"
2019-08-13,2019081301008219,SJCL,40,13,20,226.00,"4,520.00"
2019-08-13,2019081301008218,SJCL,40,54,20,226.00,"4,520.00"
2019-08-13,2019081301008217,SJCL,40,58,20,226.00,"4,520.00"
2019-08-13,2019081301008256,SJCL,34,45,20,225.00,"4,500.00"
2019-08-13,2019081301008244,SJCL,40,42,10,226.00,"2,260.00"
2019-08-13,2019081301008241,SJCL,40,10,20,226.00,"4,520.00"
2019-08-13,2019081301008238,SJCL,40,21,10,226.00,"2,260.00"
2019-08-13,2019081301008236,SJCL,40,34,20,226.00,"4,520.00"
2019-08-13,2019081301008293,SJCL,21,10,20,225.00,"4,500.00"
2019-08-13,2019081301008283,SJCL,21,45,20,225.00,"4,500.00"
2019-08-13,2019081301008281,SJCL,21,32,20,225.00,"4,500.00"
2019-08-13,2019081301008279,SJCL,21,26,20,225.00,"4,500.00"
2019-08-13,2019081301008274,SJCL,21,38,20,225.00,"4,500.00"
2019-08-13,2019081301008264,SJCL,34,48,10,225.00,"2,250.00"
2019-08-13,2019081301008321,SJCL,21,21,10,225.00,"2,250.00"
2019-08-13,2019081301008320,SJCL,21,59,10,225.00,"2,250.00"
2019-08-13,2019081301008317,SJCL,21,10,20,225.00,"4,500.00"
2019-08-13,2019081301008309,SJCL,21,39,20,225.00,"4,500.00"
2019-08-13,2019081301008305,SJCL,48,42,10,226.00,"2,260.00"
2019-08-13,2019081301008302,SJCL,21,21,10,225.00,"2,250.00"
2019-08-13,2019081301008280,SLBBL,1,57,70,558.00,"39,060.00"
2019-08-13,2019081301008079,SLBBL,22,57,30,554.00,"16,620.00"
2019-08-13,2019081301008005,SLBBL,22,17,20,554.00,"11,080.00"
2019-08-13,2019081301008024,SLBSL,16,22,10,645.00,"6,450.00"
2019-08-13,2019081301007908,SLBSL,16,22,10,645.00,"6,450.00"
2019-08-13,2019081301008324,SLICL,26,1,14,455.00,"6,370.00"
2019-08-13,2019081301008323,SLICL,26,1,156,455.00,"70,980.00"
2019-08-13,2019081301008282,SLICL,57,38,19,454.00,"8,626.00"
2019-08-13,2019081301008087,SLICL,57,8,100,455.00,"45,500.00"
2019-08-13,2019081301008086,SLICL,57,17,70,455.00,"31,850.00"
2019-08-13,2019081301008048,SLICL,57,1,177,454.00,"80,358.00"
2019-08-13,2019081301008047,SLICL,39,1,13,454.00,"5,902.00"
2019-08-13,2019081301008046,SLICL,39,1,13,454.00,"5,902.00"
2019-08-13,2019081301008230,SMATA,28,55,307,"1,312.00","402,784.00"
2019-08-13,2019081301008229,SMATA,28,28,199,"1,311.00","260,889.00"
2019-08-13,2019081301008319,SMB,41,22,10,499.00,"4,990.00"
2019-08-13,2019081301008363,SMFBS,22,51,40,816.00,"32,640.00"
2019-08-13,2019081301008222,SMFBS,48,48,10,822.00,"8,220.00"
2019-08-13,2019081301008226,SPARS,22,22,10,609.00,"6,090.00"
2019-08-13,2019081301008074,SPARS,6,46,125,613.00,"76,625.00"
2019-08-13,2019081301008073,SPARS,6,39,10,611.00,"6,110.00"
2019-08-13,2019081301007997,SPARS,22,59,10,609.00,"6,090.00"
2019-08-13,2019081301008315,SRBL,7,43,57,240.00,"13,680.00"
2019-08-13,2019081301008314,SRBL,10,43,100,240.00,"24,000.00"
2019-08-13,2019081301008313,SRBL,28,43,200,240.00,"48,000.00"
2019-08-13,2019081301008312,SRBL,54,43,643,240.00,"154,320.00"
2019-08-13,2019081301008128,TRH,7,26,100,305.00,"30,500.00"
2019-08-13,2019081301007893,UIC,14,19,25,315.00,"7,875.00"
2019-08-13,2019081301008316,UPPER,19,50,40,265.00,"10,600.00"
2019-08-13,2019081301008245,UPPER,19,50,40,265.00,"10,600.00"
2019-08-13,2019081301008121,UPPER,1,5,30,264.00,"7,920.00"
2019-08-13,2019081301008038,UPPER,1,54,57,265.00,"15,105.00"
2019-08-13,2019081301008037,UPPER,1,42,50,265.00,"13,250.00"
2019-08-13,2019081301008036,UPPER,1,1,50,265.00,"13,250.00"
2019-08-13,2019081301008035,UPPER,1,59,35,265.00,"9,275.00"
2019-08-13,2019081301007824,ADBL,39,58,98,429.00,"42,042.00"
2019-08-13,2019081301007823,ADBL,14,58,500,429.00,"214,500.00"
2019-08-13,2019081301007822,ADBL,5,58,100,429.00,"42,900.00"
2019-08-13,2019081301007821,ADBL,50,58,302,429.00,"129,558.00"
2019-08-13,2019081301007680,ADBL,50,34,198,429.00,"84,942.00"
2019-08-13,2019081301007679,ADBL,28,34,"1,802",429.00,"773,058.00"
2019-08-13,2019081301007464,ADBL,28,19,50,429.00,"21,450.00"
2019-08-13,2019081301007451,ADBL,28,58,148,429.00,"63,492.00"
2019-08-13,2019081301007450,ADBL,17,58,100,429.00,"42,900.00"
2019-08-13,2019081301007449,ADBL,40,58,768,429.00,"329,472.00"
2019-08-13,2019081301007436,ADBL,41,36,20,430.00,"8,600.00"
2019-08-13,2019081301007778,AHPC,47,42,73,102.00,"7,446.00"
2019-08-13,2019081301007723,AHPC,10,42,"2,000",103.00,"206,000.00"
2019-08-13,2019081301007722,AHPC,56,42,20,103.00,"2,060.00"
2019-08-13,2019081301007721,AHPC,56,42,40,103.00,"4,120.00"
2019-08-13,2019081301007720,AHPC,32,42,100,103.00,"10,300.00"
2019-08-13,2019081301007719,AHPC,37,42,100,103.00,"10,300.00"
2019-08-13,2019081301007718,AHPC,47,42,100,103.00,"10,300.00"
2019-08-13,2019081301007717,AHPC,37,42,500,103.00,"51,500.00"
2019-08-13,2019081301007716,AHPC,52,42,155,103.00,"15,965.00"
2019-08-13,2019081301007715,AHPC,46,42,22,103.00,"2,266.00"
2019-08-13,2019081301007828,AKJCL,37,37,20,67.00,"1,340.00"
2019-08-13,2019081301007861,AKPL,37,37,13,165.00,"2,145.00"
2019-08-13,2019081301007656,API,25,36,13,133.00,"1,729.00"
2019-08-13,2019081301007655,API,25,35,200,132.00,"26,400.00"
2019-08-13,2019081301007654,API,25,57,11,132.00,"1,452.00"
2019-08-13,2019081301007613,API,21,45,29,131.00,"3,799.00"
2019-08-13,2019081301007385,API,21,25,450,131.00,"58,950.00"
2019-08-13,2019081301007384,API,21,25,50,131.00,"6,550.00"
2019-08-13,2019081301007789,BFC,4,13,35,99.00,"3,465.00"
2019-08-13,2019081301007620,BOKL,28,14,75,260.00,"19,500.00"
2019-08-13,2019081301007542,BOKL,57,14,100,260.00,"26,000.00"
2019-08-13,2019081301007541,BOKL,20,14,25,260.00,"6,500.00"
2019-08-13,2019081301007806,BPCL,59,39,71,390.00,"27,690.00"
2019-08-13,2019081301007805,BPCL,59,39,257,390.00,"100,230.00"
2019-08-13,2019081301007749,CBL,6,26,200,151.00,"30,200.00"
2019-08-13,2019081301007463,CBL,42,42,4,147.00,588.00
2019-08-13,2019081301007425,CBL,42,42,4,147.00,588.00
2019-08-13,2019081301007820,CCBL,42,58,100,164.00,"16,400.00"
2019-08-13,2019081301007814,CCBL,44,58,50,164.00,"8,200.00"
2019-08-13,2019081301007787,CCBL,44,58,100,164.00,"16,400.00"
2019-08-13,2019081301007706,CCBL,49,58,30,164.00,"4,920.00"
2019-08-13,2019081301007477,CCBL,45,56,18,163.00,"2,934.00"
2019-08-13,2019081301007476,CCBL,16,56,500,163.00,"81,500.00"
2019-08-13,2019081301007475,CCBL,13,56,"1,000",164.00,"164,000.00"
2019-08-13,2019081301007474,CCBL,44,56,250,164.00,"41,000.00"
2019-08-13,2019081301007473,CCBL,45,56,72,164.00,"11,808.00"
2019-08-13,2019081301007800,CHCL,4,25,172,483.00,"83,076.00"
2019-08-13,2019081301007816,CHL,8,39,84,82.00,"6,888.00"
2019-08-13,2019081301007435,CZBIL,56,55,76,219.00,"16,644.00"
2019-08-13,2019081301007761,DBBL,28,29,300,141.00,"42,300.00"
2019-08-13,2019081301007741,DBBL,35,28,272,140.00,"38,080.00"
2019-08-13,2019081301007740,DBBL,1,28,500,140.00,"70,000.00"
2019-08-13,2019081301007739,DBBL,26,28,"1,000",140.00,"140,000.00"
2019-08-13,2019081301007738,DBBL,40,28,338,140.00,"47,320.00"
2019-08-13,2019081301007872,DDBL,39,4,20,755.00,"15,100.00"
2019-08-13,2019081301007849,DDBL,39,4,20,755.00,"15,100.00"
2019-08-13,2019081301007859,EBL,7,41,12,653.00,"7,836.00"
2019-08-13,2019081301007858,EBL,44,41,100,653.00,"65,300.00"
2019-08-13,2019081301007857,EBL,11,41,59,654.00,"38,586.00"
2019-08-13,2019081301007856,EBL,6,41,20,655.00,"13,100.00"
2019-08-13,2019081301007855,EBL,20,41,14,655.00,"9,170.00"
2019-08-13,2019081301007802,EBL,20,32,45,655.00,"29,475.00"
2019-08-13,2019081301007801,EBL,28,32,86,655.00,"56,330.00"
2019-08-13,2019081301007508,EBL,28,14,200,655.00,"131,000.00"
2019-08-13,2019081301007500,EBL,26,54,50,656.00,"32,800.00"
2019-08-13,2019081301007867,FMDBL,49,36,12,397.00,"4,764.00"
2019-08-13,2019081301007848,FMDBL,34,45,120,396.00,"47,520.00"
2019-08-13,2019081301007847,FMDBL,17,45,100,396.00,"39,600.00"
2019-08-13,2019081301007846,FMDBL,39,45,50,396.00,"19,800.00"
2019-08-13,2019081301007845,FMDBL,26,45,500,396.00,"198,000.00"
2019-08-13,2019081301007844,FMDBL,40,45,200,396.00,"79,200.00"
2019-08-13,2019081301007519,FMDBL,34,10,200,398.00,"79,600.00"
2019-08-13,2019081301007518,FMDBL,1,10,130,398.00,"51,740.00"
2019-08-13,2019081301007507,FMDBL,26,56,50,399.00,"19,950.00"
2019-08-13,2019081301007483,FMDBL,1,40,70,398.00,"27,860.00"
2019-08-13,2019081301007482,FMDBL,5,40,80,398.00,"31,840.00"
2019-08-13,2019081301007418,FMDBL,34,56,100,399.00,"39,900.00"
2019-08-13,2019081301007843,FMDBL,58,45,50,396.00,"19,800.00"
2019-08-13,2019081301007551,FMDBL,11,10,49,397.00,"19,453.00"
2019-08-13,2019081301007523,FMDBL,58,10,300,397.00,"119,100.00"
2019-08-13,2019081301007522,FMDBL,44,10,300,397.00,"119,100.00"
2019-08-13,2019081301007521,FMDBL,16,10,50,397.00,"19,850.00"
2019-08-13,2019081301007520,FMDBL,22,10,50,397.00,"19,850.00"
2019-08-13,2019081301007780,GBBL,49,59,30,215.00,"6,450.00"
2019-08-13,2019081301007514,GBBL,28,59,200,215.00,"43,000.00"
2019-08-13,2019081301007513,GBBL,6,59,20,215.00,"4,300.00"
2019-08-13,2019081301007851,GBLBS,14,46,15,373.00,"5,595.00"
2019-08-13,2019081301007784,GBLBS,59,10,10,372.00,"3,720.00"
2019-08-13,2019081301007414,GBLBS,59,49,10,372.00,"3,720.00"
2019-08-13,2019081301007381,GLBSL,45,10,10,535.00,"5,350.00"
2019-08-13,2019081301007713,GMFBS,11,11,10,582.00,"5,820.00"
2019-08-13,2019081301007636,GMFBS,11,11,10,582.00,"5,820.00"
2019-08-13,2019081301007462,GMFBS,11,11,10,582.00,"5,820.00"
2019-08-13,2019081301007388,HBL,14,40,105,545.00,"57,225.00"
2019-08-13,2019081301007643,HGI,20,51,40,327.00,"13,080.00"
2019-08-13,2019081301007642,HGI,49,51,50,327.00,"16,350.00"
2019-08-13,2019081301007641,HGI,45,51,10,327.00,"3,270.00"
2019-08-13,2019081301007413,HIDCL,42,57,500,151.00,"75,500.00"
2019-08-13,2019081301007412,HIDCL,7,57,200,151.00,"30,200.00"
2019-08-13,2019081301007411,HIDCL,1,57,100,151.00,"15,100.00"
2019-08-13,2019081301007410,HIDCL,55,57,20,151.00,"3,020.00"
2019-08-13,2019081301007409,HIDCL,29,57,"2,000",151.00,"302,000.00"
2019-08-13,2019081301007408,HIDCL,1,57,139,152.00,"21,128.00"
2019-08-13,2019081301007407,HIDCL,54,57,"1,000",152.00,"152,000.00"
2019-08-13,2019081301007406,HIDCL,35,57,200,152.00,"30,400.00"
2019-08-13,2019081301007405,HIDCL,25,57,200,152.00,"30,400.00"
2019-08-13,2019081301007404,HIDCL,51,57,89,152.00,"13,528.00"
2019-08-13,2019081301007403,HIDCL,51,57,150,154.00,"23,100.00"
2019-08-13,2019081301007628,HPPL,37,37,10,165.00,"1,650.00"
2019-08-13,2019081301007639,HURJA,11,42,10,128.00,"1,280.00"
2019-08-13,2019081301007638,HURJA,35,42,10,128.00,"1,280.00"
2019-08-13,2019081301007840,ILBS,17,49,10,481.00,"4,810.00"
2019-08-13,2019081301007770,ILBS,17,34,10,481.00,"4,810.00"
2019-08-13,2019081301007729,ILBS,17,59,10,481.00,"4,810.00"
2019-08-13,2019081301007711,ILBS,17,51,10,481.00,"4,810.00"
2019-08-13,2019081301007703,ILBS,17,51,10,481.00,"4,810.00"
2019-08-13,2019081301007695,ILBS,17,51,10,481.00,"4,810.00"
2019-08-13,2019081301007378,ILBS,55,38,10,482.00,"4,820.00"
2019-08-13,2019081301007439,ILBS,16,51,10,482.00,"4,820.00"
2019-08-13,2019081301007431,ILBS,16,51,10,482.00,"4,820.00"
2019-08-13,2019081301007428,ILBS,16,51,10,482.00,"4,820.00"
2019-08-13,2019081301007419,ILBS,16,51,10,482.00,"4,820.00"
2019-08-13,2019081301007395,ILBS,16,51,10,482.00,"4,820.00"
2019-08-13,2019081301007390,ILBS,55,51,10,482.00,"4,820.00"
2019-08-13,2019081301007488,ILBS,56,51,10,481.00,"4,810.00"
2019-08-13,2019081301007481,ILBS,56,51,10,481.00,"4,810.00"
2019-08-13,2019081301007460,ILBS,56,51,10,481.00,"4,810.00"
2019-08-13,2019081301007456,ILBS,45,25,30,482.00,"14,460.00"
2019-08-13,2019081301007455,ILBS,34,25,100,482.00,"48,200.00"
2019-08-13,2019081301007454,ILBS,16,25,50,482.00,"24,100.00"
2019-08-13,2019081301007531,ILBS,45,58,10,484.00,"4,840.00"
2019-08-13,2019081301007530,ILBS,45,25,20,482.00,"9,640.00"
2019-08-13,2019081301007524,ILBS,56,51,10,481.00,"4,810.00"
2019-08-13,2019081301007512,ILBS,56,45,10,481.00,"4,810.00"
2019-08-13,2019081301007509,ILBS,56,51,10,481.00,"4,810.00"
2019-08-13,2019081301007505,ILBS,56,10,10,481.00,"4,810.00"
2019-08-13,2019081301007602,ILBS,17,51,10,481.00,"4,810.00"
