Date,Transact. No.,Symbol,Buyer,Seller,Quantity,Rate,Amount
2019-03-21,2019032101004542,AKPL,38,38,13,173.00,"2,249.00"
2019-03-21,2019032101004517,AKPL,32,41,10,170.00,"1,700.00"
2019-03-21,2019032101004506,AKPL,32,56,13,169.00,"2,197.00"
2019-03-21,2019032101004505,AKPL,32,42,10,167.00,"1,670.00"
2019-03-21,2019032101004504,AKPL,32,42,10,167.00,"1,670.00"
2019-03-21,2019032101004459,ALICL,34,32,80,389.00,"31,120.00"
2019-03-21,2019032101004419,ALICL,51,32,100,390.00,"39,000.00"
2019-03-21,2019032101004418,ALICL,22,32,100,390.00,"39,000.00"
2019-03-21,2019032101004417,ALICL,43,32,50,390.00,"19,500.00"
2019-03-21,2019032101004395,ALICL,57,32,500,391.00,"195,500.00"
2019-03-21,2019032101004322,API,6,39,379,131.00,"49,649.00"
2019-03-21,2019032101004271,API,6,39,577,131.00,"75,587.00"
2019-03-21,2019032101004270,API,52,39,500,131.00,"65,500.00"
2019-03-21,2019032101004269,API,34,39,500,131.00,"65,500.00"
2019-03-21,2019032101004268,API,57,39,500,131.00,"65,500.00"
2019-03-21,2019032101004251,API,29,39,500,132.00,"66,000.00"
2019-03-21,2019032101004250,API,14,39,100,132.00,"13,200.00"
2019-03-21,2019032101004249,API,42,39,10,132.00,"1,320.00"
2019-03-21,2019032101004248,API,39,39,108,133.00,"14,364.00"
2019-03-21,2019032101004223,API,25,53,100,134.00,"13,400.00"
2019-03-21,2019032101004471,BOKL,34,11,532,244.00,"129,808.00"
2019-03-21,2019032101004470,BOKL,26,11,200,244.00,"48,800.00"
2019-03-21,2019032101004469,BOKL,52,11,100,244.00,"24,400.00"
2019-03-21,2019032101004468,BOKL,26,11,"2,000",244.00,"488,000.00"
2019-03-21,2019032101004467,BOKL,42,11,50,244.00,"12,200.00"
2019-03-21,2019032101004466,BOKL,25,11,200,244.00,"48,800.00"
2019-03-21,2019032101004465,BOKL,17,11,118,244.00,"28,792.00"
2019-03-21,2019032101004464,BOKL,1,11,100,245.00,"24,500.00"
2019-03-21,2019032101004463,BOKL,52,11,200,245.00,"49,000.00"
2019-03-21,2019032101004619,BPCL,14,22,90,356.00,"32,040.00"
2019-03-21,2019032101004618,BPCL,1,22,70,356.00,"24,920.00"
2019-03-21,2019032101004521,BPCL,38,38,50,357.00,"17,850.00"
2019-03-21,2019032101004162,BPCL,1,7,20,356.00,"7,120.00"
2019-03-21,2019032101004494,CBBL,58,38,100,880.00,"88,000.00"
2019-03-21,2019032101004433,CBBL,58,49,100,880.00,"88,000.00"
2019-03-21,2019032101004581,CBL,22,32,150,155.00,"23,250.00"
2019-03-21,2019032101004170,CBL,10,37,55,155.00,"8,525.00"
2019-03-21,2019032101004169,CBL,10,54,150,155.00,"23,250.00"
2019-03-21,2019032101004168,CBL,10,54,100,155.00,"15,500.00"
2019-03-21,2019032101004167,CBL,10,22,190,155.00,"29,450.00"
2019-03-21,2019032101004538,CCBL,53,25,26,160.00,"4,160.00"
2019-03-21,2019032101004537,CCBL,29,25,380,160.00,"60,800.00"
2019-03-21,2019032101004234,CCBL,34,45,50,161.00,"8,050.00"
2019-03-21,2019032101004233,CCBL,49,45,125,161.00,"20,125.00"
2019-03-21,2019032101004624,CHCL,22,37,20,503.00,"10,060.00"
2019-03-21,2019032101004590,CHCL,34,37,564,506.00,"285,384.00"
2019-03-21,2019032101004458,CHCL,34,49,100,506.00,"50,600.00"
2019-03-21,2019032101004557,CHLBS,35,13,10,554.00,"5,540.00"
2019-03-21,2019032101004544,CHLBS,35,25,10,554.00,"5,540.00"
2019-03-21,2019032101004531,CHLBS,35,25,10,554.00,"5,540.00"
2019-03-21,2019032101004192,CHLBS,35,44,10,554.00,"5,540.00"
2019-03-21,2019032101004485,CIT,39,39,200,"2,660.00","532,000.00"
2019-03-21,2019032101004309,CIT,46,33,176,"2,660.00","468,160.00"
2019-03-21,2019032101004238,CIT,49,33,10,"2,660.00","26,600.00"
2019-03-21,2019032101004237,CIT,17,33,64,"2,660.00","170,240.00"
2019-03-21,2019032101004181,CIT,17,8,136,"2,660.00","361,760.00"
2019-03-21,2019032101004180,CIT,17,8,50,"2,660.00","133,000.00"
2019-03-21,2019032101004179,CIT,16,8,84,"2,661.00","223,524.00"
2019-03-21,2019032101004178,CIT,19,8,20,"2,662.00","53,240.00"
2019-03-21,2019032101004177,CIT,1,8,10,"2,662.00","26,620.00"
2019-03-21,2019032101004641,DBBL,48,17,10,127.00,"1,270.00"
2019-03-21,2019032101004416,DBBL,37,52,429,126.00,"54,054.00"
2019-03-21,2019032101004415,DBBL,10,52,71,126.00,"8,946.00"
2019-03-21,2019032101004549,DDBL,19,53,182,585.00,"106,470.00"
2019-03-21,2019032101004548,DDBL,26,53,18,585.00,"10,530.00"
2019-03-21,2019032101004524,DDBL,26,13,63,585.00,"36,855.00"
2019-03-21,2019032101004510,DHPL,38,38,11,92.00,"1,012.00"
2019-03-21,2019032101004634,EBL,10,37,667,552.00,"368,184.00"
2019-03-21,2019032101004633,EBL,10,28,68,552.00,"37,536.00"
2019-03-21,2019032101004632,EBL,10,50,145,551.00,"79,895.00"
2019-03-21,2019032101004591,EBL,38,50,30,551.00,"16,530.00"
2019-03-21,2019032101004489,EBL,14,49,152,550.00,"83,600.00"
2019-03-21,2019032101004156,EBL,14,35,88,550.00,"48,400.00"
2019-03-21,2019032101004155,EBL,19,35,73,550.00,"40,150.00"
2019-03-21,2019032101004393,EIC,19,33,150,850.00,"127,500.00"
2019-03-21,2019032101004392,EIC,47,33,20,850.00,"17,000.00"
2019-03-21,2019032101004638,GBBL,33,35,15,187.00,"2,805.00"
2019-03-21,2019032101004637,GBBL,42,35,"1,680",187.00,"314,160.00"
2019-03-21,2019032101004547,GBBL,42,39,70,187.00,"13,090.00"
2019-03-21,2019032101004229,GBBL,37,39,500,188.00,"94,000.00"
2019-03-21,2019032101004184,GBIME,56,49,100,262.00,"26,200.00"
2019-03-21,2019032101004183,GBIME,26,49,100,262.00,"26,200.00"
2019-03-21,2019032101004483,GBLBS,38,38,10,447.00,"4,470.00"
2019-03-21,2019032101004592,GDBL,45,43,100,185.00,"18,500.00"
2019-03-21,2019032101004474,GDBL,25,22,99,186.00,"18,414.00"
2019-03-21,2019032101004473,GDBL,25,22,60,186.00,"11,160.00"
2019-03-21,2019032101004422,GDBL,25,39,153,186.00,"28,458.00"
2019-03-21,2019032101004482,GDBL,25,35,60,186.00,"11,160.00"
2019-03-21,2019032101004631,GILB,44,41,19,985.00,"18,715.00"
2019-03-21,2019032101004593,GILB,44,42,19,985.00,"18,715.00"
2019-03-21,2019032101004502,GLICL,25,42,20,510.00,"10,200.00"
2019-03-21,2019032101004484,GLICL,39,39,185,500.00,"92,500.00"
2019-03-21,2019032101004476,GLICL,41,58,100,499.00,"49,900.00"
2019-03-21,2019032101004475,GLICL,22,58,200,499.00,"99,800.00"
2019-03-21,2019032101004456,GLICL,5,39,100,500.00,"50,000.00"
2019-03-21,2019032101004455,GLICL,17,39,200,500.00,"100,000.00"
2019-03-21,2019032101004355,GLICL,25,39,10,514.00,"5,140.00"
2019-03-21,2019032101004454,GLICL,43,39,100,500.00,"50,000.00"
2019-03-21,2019032101004453,GLICL,49,39,100,501.00,"50,100.00"
2019-03-21,2019032101004452,GLICL,13,39,200,502.00,"100,400.00"
2019-03-21,2019032101004436,GLICL,36,39,150,504.00,"75,600.00"
2019-03-21,2019032101004435,GLICL,34,39,100,505.00,"50,500.00"
2019-03-21,2019032101004434,GLICL,25,39,200,506.00,"101,200.00"
2019-03-21,2019032101004545,HBL,25,49,20,462.00,"9,240.00"
2019-03-21,2019032101004410,HBL,25,59,470,454.00,"213,380.00"
2019-03-21,2019032101004409,HBL,25,59,150,454.00,"68,100.00"
2019-03-21,2019032101004408,HBL,29,59,240,455.00,"109,200.00"
2019-03-21,2019032101004407,HBL,52,59,100,455.00,"45,500.00"
2019-03-21,2019032101004406,HBL,50,59,200,456.00,"91,200.00"
2019-03-21,2019032101004405,HBL,34,59,200,457.00,"91,400.00"
2019-03-21,2019032101004404,HBL,52,59,68,458.00,"31,144.00"
2019-03-21,2019032101004297,HBL,52,22,32,458.00,"14,656.00"
2019-03-21,2019032101004235,HGI,1,40,200,380.00,"76,000.00"
2019-03-21,2019032101004430,HIDCL,38,38,56,132.00,"7,392.00"
2019-03-21,2019032101004346,HIDCL,13,44,284,132.00,"37,488.00"
2019-03-21,2019032101004413,HPPL,38,38,10,185.00,"1,850.00"
2019-03-21,2019032101004278,HPPL,45,42,430,182.00,"78,260.00"
2019-03-21,2019032101004277,HPPL,45,42,30,185.00,"5,550.00"
2019-03-21,2019032101004276,HPPL,36,42,40,185.00,"7,400.00"
2019-03-21,2019032101004630,IGI,50,39,383,407.00,"155,881.00"
2019-03-21,2019032101004629,IGI,39,39,50,408.00,"20,400.00"
2019-03-21,2019032101004628,IGI,13,39,100,409.00,"40,900.00"
2019-03-21,2019032101004627,IGI,45,39,50,409.00,"20,450.00"
2019-03-21,2019032101004388,JBNL,37,57,500,170.00,"85,000.00"
2019-03-21,2019032101004387,JBNL,45,57,200,170.00,"34,000.00"
2019-03-21,2019032101004386,JBNL,34,57,"2,000",170.00,"340,000.00"
2019-03-21,2019032101004646,JSLBB,38,38,13,"2,190.00","28,470.00"
2019-03-21,2019032101004614,JSLBB,38,39,19,"2,190.00","41,610.00"
2019-03-21,2019032101004584,JSLBB,48,38,12,"2,210.00","26,520.00"
2019-03-21,2019032101004420,JSLBB,40,16,4,"2,210.00","8,840.00"
2019-03-21,2019032101004280,JSLBB,6,16,10,"2,210.00","22,100.00"
2019-03-21,2019032101004607,KBL,42,25,50,235.00,"11,750.00"
2019-03-21,2019032101004501,KBL,14,14,410,234.00,"95,940.00"
2019-03-21,2019032101004304,KBL,28,50,400,234.00,"93,600.00"
2019-03-21,2019032101004220,KMCDB,48,33,10,820.00,"8,200.00"
2019-03-21,2019032101004193,KMFL,7,19,31,820.00,"25,420.00"
2019-03-21,2019032101004174,KMFL,49,19,28,825.00,"23,100.00"
2019-03-21,2019032101004173,KMFL,43,19,150,826.00,"123,900.00"
2019-03-21,2019032101004172,KMFL,44,19,67,830.00,"55,610.00"
2019-03-21,2019032101004623,KNBL,58,42,10,126.00,"1,260.00"
2019-03-21,2019032101004337,LBBL,49,32,100,171.00,"17,100.00"
2019-03-21,2019032101004320,LBBL,41,35,131,172.00,"22,532.00"
2019-03-21,2019032101004267,LBBL,41,29,369,172.00,"63,468.00"
2019-03-21,2019032101004266,LBBL,10,29,476,172.00,"81,872.00"
2019-03-21,2019032101004577,LGIL,28,45,20,510.00,"10,200.00"
2019-03-21,2019032101004552,LGIL,40,34,310,501.00,"155,310.00"
2019-03-21,2019032101004551,LGIL,51,34,100,501.00,"50,100.00"
2019-03-21,2019032101004313,LGIL,17,19,142,500.00,"71,000.00"
2019-03-21,2019032101004312,LGIL,40,19,58,500.00,"29,000.00"
2019-03-21,2019032101004265,LGIL,22,40,335,501.00,"167,835.00"
2019-03-21,2019032101004149,LGIL,40,25,60,500.00,"30,000.00"
2019-03-21,2019032101004515,LICN,45,22,100,"1,502.00","150,200.00"
2019-03-21,2019032101004514,LICN,45,53,100,"1,501.00","150,100.00"
2019-03-21,2019032101004385,MBL,56,48,100,218.00,"21,800.00"
2019-03-21,2019032101004347,MBL,7,1,50,217.00,"10,850.00"
2019-03-21,2019032101004232,MBL,42,1,50,217.00,"10,850.00"
2019-03-21,2019032101004217,MBL,42,1,50,217.00,"10,850.00"
2019-03-21,2019032101004216,MBL,42,28,50,217.00,"10,850.00"
2019-03-21,2019032101004423,MDB,11,56,10,237.00,"2,370.00"
2019-03-21,2019032101004566,MEGA,38,13,454,162.00,"73,548.00"
2019-03-21,2019032101004565,MEGA,1,13,948,162.00,"153,576.00"
2019-03-21,2019032101004564,MEGA,38,13,50,162.00,"8,100.00"
2019-03-21,2019032101004563,MEGA,42,13,51,162.00,"8,262.00"
2019-03-21,2019032101004562,MEGA,22,13,259,162.00,"41,958.00"
2019-03-21,2019032101004295,MEGA,32,13,100,163.00,"16,300.00"
2019-03-21,2019032101004190,MEGA,53,13,734,163.00,"119,642.00"
2019-03-21,2019032101004333,MERO,33,1,30,575.00,"17,250.00"
2019-03-21,2019032101004332,MERO,37,1,20,575.00,"11,500.00"
2019-03-21,2019032101004543,MMFDB,49,52,10,949.00,"9,490.00"
2019-03-21,2019032101004532,MMFDB,49,45,58,931.00,"53,998.00"
2019-03-21,2019032101004335,MMFDB,38,25,30,920.00,"27,600.00"
2019-03-21,2019032101004421,MNBBL,14,14,168,338.00,"56,784.00"
2019-03-21,2019032101004222,MNBBL,25,58,300,338.00,"101,400.00"
2019-03-21,2019032101004221,MNBBL,48,58,100,338.00,"33,800.00"
2019-03-21,2019032101004411,MSLB,55,55,10,"1,290.00","12,900.00"
2019-03-21,2019032101004595,NABIL,29,44,64,710.00,"45,440.00"
2019-03-21,2019032101004576,NABIL,58,54,452,708.00,"320,016.00"
2019-03-21,2019032101004536,NABIL,42,44,20,710.00,"14,200.00"
2019-03-21,2019032101004511,NABIL,34,44,100,710.00,"71,000.00"
2019-03-21,2019032101004490,NABIL,29,44,250,710.00,"177,500.00"
2019-03-21,2019032101004457,NABIL,13,44,20,710.00,"14,200.00"
2019-03-21,2019032101004196,NABIL,26,3,100,714.00,"71,400.00"
2019-03-21,2019032101004195,NABIL,25,3,14,714.00,"9,996.00"
2019-03-21,2019032101004202,NABIL,28,3,22,713.00,"15,686.00"
2019-03-21,2019032101004201,NABIL,22,3,100,713.00,"71,300.00"
2019-03-21,2019032101004200,NABIL,38,3,50,713.00,"35,650.00"
2019-03-21,2019032101004199,NABIL,25,3,50,713.00,"35,650.00"
2019-03-21,2019032101004198,NABIL,21,3,200,714.00,"142,800.00"
2019-03-21,2019032101004197,NABIL,5,3,100,714.00,"71,400.00"
2019-03-21,2019032101004208,NABIL,49,3,100,710.00,"71,000.00"
2019-03-21,2019032101004207,NABIL,55,3,500,710.00,"355,000.00"
2019-03-21,2019032101004206,NABIL,38,3,100,711.00,"71,100.00"
2019-03-21,2019032101004205,NABIL,29,3,500,712.00,"356,000.00"
2019-03-21,2019032101004204,NABIL,45,3,50,712.00,"35,600.00"
2019-03-21,2019032101004203,NABIL,6,3,44,713.00,"31,372.00"
2019-03-21,2019032101004344,NABIL,32,44,26,710.00,"18,460.00"
2019-03-21,2019032101004290,NABIL,42,44,10,710.00,"7,100.00"
2019-03-21,2019032101004212,NABIL,6,3,30,710.00,"21,300.00"
2019-03-21,2019032101004211,NABIL,42,3,25,710.00,"17,750.00"
2019-03-21,2019032101004210,NABIL,32,3,10,710.00,"7,100.00"
2019-03-21,2019032101004209,NABIL,58,3,500,710.00,"355,000.00"
2019-03-21,2019032101004601,NABILP,38,37,100,693.00,"69,300.00"
2019-03-21,2019032101004329,NABILP,7,37,100,695.00,"69,500.00"
2019-03-21,2019032101004449,NADEP,29,53,50,685.00,"34,250.00"
2019-03-21,2019032101004448,NADEP,29,10,10,683.00,"6,830.00"
2019-03-21,2019032101004447,NADEP,29,10,10,683.00,"6,830.00"
2019-03-21,2019032101004432,NADEP,29,13,10,674.00,"6,740.00"
2019-03-21,2019032101004431,NADEP,29,6,10,674.00,"6,740.00"
2019-03-21,2019032101004242,NADEP,29,16,10,666.00,"6,660.00"
2019-03-21,2019032101004509,NBB,41,13,23,192.00,"4,416.00"
2019-03-21,2019032101004508,NBB,46,13,35,192.00,"6,720.00"
2019-03-21,2019032101004165,NBB,25,40,100,193.00,"19,300.00"
2019-03-21,2019032101004573,NBL,6,58,100,290.00,"29,000.00"
2019-03-21,2019032101004343,NBL,25,58,40,290.00,"11,600.00"
2019-03-21,2019032101004328,NBL,58,51,115,289.00,"33,235.00"
2019-03-21,2019032101004327,NBL,56,51,800,289.00,"231,200.00"
2019-03-21,2019032101004326,NBL,34,51,"1,375",289.00,"397,375.00"
2019-03-21,2019032101004325,NBL,1,51,100,290.00,"29,000.00"
2019-03-21,2019032101004228,NBL,56,54,50,290.00,"14,500.00"
2019-03-21,2019032101004214,NBL,1,54,260,290.00,"75,400.00"
2019-03-21,2019032101004213,NBL,1,33,240,290.00,"69,600.00"
2019-03-21,2019032101004324,NBL,32,51,110,290.00,"31,900.00"
2019-03-21,2019032101004307,NBL,32,38,90,290.00,"26,100.00"
2019-03-21,2019032101004306,NBL,37,38,300,290.00,"87,000.00"
2019-03-21,2019032101004305,NBL,1,38,110,290.00,"31,900.00"
2019-03-21,2019032101004247,NBL,1,49,200,290.00,"58,000.00"
2019-03-21,2019032101004246,NBL,1,54,190,290.00,"55,100.00"
2019-03-21,2019032101004636,NCCB,4,25,"1,000",211.00,"211,000.00"
2019-03-21,2019032101004492,NCCB,58,29,10,212.00,"2,120.00"
2019-03-21,2019032101004319,NCCB,32,43,100,210.00,"21,000.00"
2019-03-21,2019032101004318,NCCB,55,43,"1,000",210.00,"210,000.00"
2019-03-21,2019032101004317,NCCB,51,43,342,210.00,"71,820.00"
2019-03-21,2019032101004243,NCCB,13,42,145,211.00,"30,595.00"
2019-03-21,2019032101004164,NCCB,51,28,458,210.00,"96,180.00"
2019-03-21,2019032101004613,NGPL,1,41,52,124.00,"6,448.00"
2019-03-21,2019032101004612,NGPL,54,41,50,124.00,"6,200.00"
2019-03-21,2019032101004622,NHPC,56,56,230,74.00,"17,020.00"
2019-03-21,2019032101004616,NHPC,58,57,"1,000",73.00,"73,000.00"
2019-03-21,2019032101004568,NHPC,56,56,420,74.00,"31,080.00"
2019-03-21,2019032101004534,NHPC,56,28,"2,000",73.00,"146,000.00"
2019-03-21,2019032101004533,NHPC,56,17,580,73.00,"42,340.00"
2019-03-21,2019032101004503,NHPC,56,17,300,73.00,"21,900.00"
2019-03-21,2019032101004625,NIB,38,22,50,530.00,"26,500.00"
2019-03-21,2019032101004446,NIB,14,14,115,529.00,"60,835.00"
2019-03-21,2019032101004403,NIB,25,17,116,529.00,"61,364.00"
2019-03-21,2019032101004358,NIB,11,6,49,529.00,"25,921.00"
2019-03-21,2019032101004357,NIB,38,6,37,529.00,"19,573.00"
2019-03-21,2019032101004356,NIB,1,38,37,528.00,"19,536.00"
2019-03-21,2019032101004341,NIB,1,48,67,528.00,"35,376.00"
2019-03-21,2019032101004340,NIB,25,48,33,528.00,"17,424.00"
2019-03-21,2019032101004285,NIB,25,49,67,528.00,"35,376.00"
2019-03-21,2019032101004284,NIB,58,49,33,528.00,"17,424.00"
2019-03-21,2019032101004236,NIB,58,51,37,528.00,"19,536.00"
2019-03-21,2019032101004163,NIB,46,6,35,529.00,"18,515.00"
2019-03-21,2019032101004644,NICA,55,48,250,395.00,"98,750.00"
2019-03-21,2019032101004580,NICA,38,48,50,396.00,"19,800.00"
2019-03-21,2019032101004523,NICA,53,39,165,396.00,"65,340.00"
2019-03-21,2019032101004402,NICA,53,19,43,396.00,"17,028.00"
2019-03-21,2019032101004339,NICA,53,51,192,396.00,"76,032.00"
2019-03-21,2019032101004338,NICA,53,41,100,396.00,"39,600.00"
2019-03-21,2019032101004605,NICL,34,34,209,370.00,"77,330.00"
2019-03-21,2019032101004604,NICL,1,34,31,370.00,"11,470.00"
2019-03-21,2019032101004603,NICL,53,34,50,371.00,"18,550.00"
2019-03-21,2019032101004602,NICL,49,34,10,372.00,"3,720.00"
2019-03-21,2019032101004498,NICL,49,16,50,372.00,"18,600.00"
2019-03-21,2019032101004390,NICL,17,16,50,372.00,"18,600.00"
2019-03-21,2019032101004348,NICL,53,46,10,371.00,"3,710.00"
2019-03-21,2019032101004231,NICL,53,25,40,371.00,"14,840.00"
2019-03-21,2019032101004230,NICL,45,25,60,371.00,"22,260.00"
2019-03-21,2019032101004491,NIL,49,53,250,514.00,"128,500.00"
2019-03-21,2019032101004182,NIL,44,22,50,515.00,"25,750.00"
2019-03-21,2019032101004157,NIL,44,50,50,515.00,"25,750.00"
2019-03-21,2019032101004298,NLG,39,52,10,818.00,"8,180.00"
2019-03-21,2019032101004599,NLIC,54,39,45,"1,073.00","48,285.00"
2019-03-21,2019032101004598,NLIC,18,39,200,"1,074.00","214,800.00"
2019-03-21,2019032101004597,NLIC,44,39,803,"1,075.00","863,225.00"
2019-03-21,2019032101004596,NLIC,32,39,52,"1,076.00","55,952.00"
2019-03-21,2019032101004574,NLIC,36,57,100,"1,082.00","108,200.00"
2019-03-21,2019032101004539,NLIC,44,1,197,"1,075.00","211,775.00"
2019-03-21,2019032101004239,NLIC,16,40,60,"1,074.00","64,440.00"
2019-03-21,2019032101004437,NLIC,21,33,10,"1,073.00","10,730.00"
2019-03-21,2019032101004412,NLIC,18,1,50,"1,075.00","53,750.00"
2019-03-21,2019032101004384,NLIC,21,1,10,"1,075.00","10,750.00"
2019-03-21,2019032101004345,NLIC,58,58,3,"1,074.00","3,222.00"
2019-03-21,2019032101004336,NLIC,51,1,30,"1,075.00","32,250.00"
2019-03-21,2019032101004299,NLIC,18,1,100,"1,075.00","107,500.00"
2019-03-21,2019032101004443,NLIC,22,33,20,"1,073.00","21,460.00"
2019-03-21,2019032101004442,NLIC,35,33,100,"1,073.00","107,300.00"
2019-03-21,2019032101004441,NLIC,4,33,100,"1,073.00","107,300.00"
2019-03-21,2019032101004440,NLIC,48,33,50,"1,073.00","53,650.00"
2019-03-21,2019032101004439,NLIC,25,33,15,"1,073.00","16,095.00"
2019-03-21,2019032101004438,NLIC,41,33,33,"1,073.00","35,409.00"
2019-03-21,2019032101004520,NLIC,16,1,100,"1,075.00","107,500.00"
2019-03-21,2019032101004513,NLIC,38,1,48,"1,075.00","51,600.00"
2019-03-21,2019032101004512,NLIC,38,33,52,"1,073.00","55,796.00"
2019-03-21,2019032101004488,NLIC,22,33,100,"1,073.00","107,300.00"
2019-03-21,2019032101004460,NLIC,37,33,100,"1,073.00","107,300.00"
2019-03-21,2019032101004444,NLIC,49,33,100,"1,073.00","107,300.00"
2019-03-21,2019032101004643,NMB,42,29,950,321.00,"304,950.00"
2019-03-21,2019032101004586,NMB,6,29,50,322.00,"16,100.00"
2019-03-21,2019032101004585,NMB,6,55,50,322.00,"16,100.00"
2019-03-21,2019032101004559,NMB,38,55,50,322.00,"16,100.00"
2019-03-21,2019032101004481,NMB,25,29,107,322.00,"34,454.00"
2019-03-21,2019032101004480,NMB,25,26,151,322.00,"48,622.00"
2019-03-21,2019032101004294,NMB,56,29,100,322.00,"32,200.00"
2019-03-21,2019032101004293,NMB,25,29,500,322.00,"161,000.00"
2019-03-21,2019032101004281,NMB,14,21,147,322.00,"47,334.00"
2019-03-21,2019032101004215,NMB,37,25,300,323.00,"96,900.00"
2019-03-21,2019032101004334,NMBMF,11,42,34,"1,010.00","34,340.00"
2019-03-21,2019032101004314,NMBMF,38,38,35,"1,009.00","35,315.00"
2019-03-21,2019032101004296,NMFBS,38,38,23,"1,610.00","37,030.00"
2019-03-21,2019032101004254,NMFBS,32,10,12,"1,600.00","19,200.00"
2019-03-21,2019032101004610,NNLB,45,42,75,451.00,"33,825.00"
2019-03-21,2019032101004609,NNLB,32,42,100,451.00,"45,100.00"
2019-03-21,2019032101004608,NNLB,38,42,75,452.00,"33,900.00"
2019-03-21,2019032101004522,NNLB,38,16,25,452.00,"11,300.00"
2019-03-21,2019032101004394,NNLB,42,42,50,455.00,"22,750.00"
2019-03-21,2019032101004401,NSEWA,22,37,160,515.00,"82,400.00"
2019-03-21,2019032101004400,NSEWA,39,37,50,515.00,"25,750.00"
2019-03-21,2019032101004399,NSEWA,22,37,190,518.00,"98,420.00"
2019-03-21,2019032101004398,NSEWA,32,37,10,519.00,"5,190.00"
2019-03-21,2019032101004530,NTC,41,42,50,677.00,"33,850.00"
2019-03-21,2019032101004529,NTC,50,42,154,677.00,"104,258.00"
2019-03-21,2019032101004414,NTC,51,19,100,679.00,"67,900.00"
2019-03-21,2019032101004381,NUBL,11,7,66,720.00,"47,520.00"
2019-03-21,2019032101004380,NUBL,50,7,392,720.00,"282,240.00"
2019-03-21,2019032101004379,NUBL,21,7,100,725.00,"72,500.00"
2019-03-21,2019032101004308,NUBL,50,45,10,720.00,"7,200.00"
2019-03-21,2019032101004575,OHL,45,16,10,436.00,"4,360.00"
2019-03-21,2019032101004600,PCBL,25,44,968,317.00,"306,856.00"
2019-03-21,2019032101004516,PCBL,28,44,32,317.00,"10,144.00"
2019-03-21,2019032101004429,PCBL,25,57,15,316.00,"4,740.00"
2019-03-21,2019032101004428,PCBL,25,57,30,316.00,"9,480.00"
2019-03-21,2019032101004427,PCBL,56,57,630,316.00,"199,080.00"
2019-03-21,2019032101004426,PCBL,5,57,50,317.00,"15,850.00"
2019-03-21,2019032101004425,PCBL,28,57,336,317.00,"106,512.00"
2019-03-21,2019032101004194,PFL,44,44,1,127.00,127.00
2019-03-21,2019032101004166,PFL,44,44,1,127.00,127.00
2019-03-21,2019032101004161,PFL,44,44,1,127.00,127.00
2019-03-21,2019032101004151,PFL,44,44,1,127.00,127.00
2019-03-21,2019032101004583,PIC,13,37,12,"1,016.00","12,192.00"
2019-03-21,2019032101004582,PIC,20,37,50,"1,017.00","50,850.00"
2019-03-21,2019032101004252,PIC,55,55,1,"1,004.00","1,004.00"
2019-03-21,2019032101004191,PIC,49,37,13,"1,020.00","13,260.00"
2019-03-21,2019032101004176,PIC,40,33,63,"1,017.00","64,071.00"
2019-03-21,2019032101004175,PIC,33,33,37,"1,018.00","37,666.00"
2019-03-21,2019032101004472,PLIC,35,22,11,445.00,"4,895.00"
2019-03-21,2019032101004369,PLIC,17,28,450,438.00,"197,100.00"
2019-03-21,2019032101004368,PLIC,14,28,100,438.00,"43,800.00"
2019-03-21,2019032101004367,PLIC,55,28,125,438.00,"54,750.00"
2019-03-21,2019032101004366,PLIC,55,28,125,438.00,"54,750.00"
2019-03-21,2019032101004365,PLIC,25,28,100,438.00,"43,800.00"
2019-03-21,2019032101004301,PLIC,25,35,100,443.00,"44,300.00"
2019-03-21,2019032101004364,PLIC,35,28,300,439.00,"131,700.00"
2019-03-21,2019032101004363,PLIC,38,28,115,439.00,"50,485.00"
2019-03-21,2019032101004362,PLIC,57,28,50,440.00,"22,000.00"
2019-03-21,2019032101004361,PLIC,32,28,100,440.00,"44,000.00"
2019-03-21,2019032101004360,PLIC,26,28,100,440.00,"44,000.00"
2019-03-21,2019032101004359,PLIC,59,28,100,440.00,"44,000.00"
2019-03-21,2019032101004150,PRIN,48,41,20,410.00,"8,200.00"
2019-03-21,2019032101004589,PRVU,49,57,100,231.00,"23,100.00"
2019-03-21,2019032101004588,PRVU,57,57,500,231.00,"115,500.00"
2019-03-21,2019032101004587,PRVU,34,57,400,232.00,"92,800.00"
2019-03-21,2019032101004570,PRVU,4,57,50,233.00,"11,650.00"
2019-03-21,2019032101004259,PRVU,25,17,118,231.00,"27,258.00"
2019-03-21,2019032101004256,PRVU,25,43,882,231.00,"203,742.00"
2019-03-21,2019032101004255,PRVU,39,43,118,231.00,"27,258.00"
2019-03-21,2019032101004160,PRVU,39,41,22,231.00,"5,082.00"
2019-03-21,2019032101004272,PRVU,34,17,500,231.00,"115,500.00"
2019-03-21,2019032101004264,PRVU,44,17,200,231.00,"46,200.00"
2019-03-21,2019032101004263,PRVU,37,17,500,231.00,"115,500.00"
2019-03-21,2019032101004262,PRVU,57,17,300,231.00,"69,300.00"
2019-03-21,2019032101004261,PRVU,36,17,"1,000",231.00,"231,000.00"
2019-03-21,2019032101004260,PRVU,35,17,160,231.00,"36,960.00"
2019-03-21,2019032101004478,PRVU,26,32,250,232.00,"58,000.00"
2019-03-21,2019032101004382,PRVU,13,32,250,232.00,"58,000.00"
2019-03-21,2019032101004275,PRVU,56,17,42,231.00,"9,702.00"
2019-03-21,2019032101004550,PRVU,34,17,"1,000",232.00,"232,000.00"
2019-03-21,2019032101004497,PRVU,36,17,500,232.00,"116,000.00"
2019-03-21,2019032101004496,PRVU,36,29,400,232.00,"92,800.00"
2019-03-21,2019032101004495,PRVU,56,56,58,231.00,"13,398.00"
2019-03-21,2019032101004479,PRVU,26,29,250,232.00,"58,000.00"
2019-03-21,2019032101004152,RHPC,45,57,500,95.00,"47,500.00"
2019-03-21,2019032101004507,RMDC,56,37,15,528.00,"7,920.00"
2019-03-21,2019032101004349,RMDC,56,37,108,528.00,"57,024.00"
2019-03-21,2019032101004321,RRHP,17,52,10,98.00,980.00
2019-03-21,2019032101004292,RSDC,35,19,232,363.00,"84,216.00"
2019-03-21,2019032101004291,RSDC,56,19,18,363.00,"6,534.00"
2019-03-21,2019032101004241,RSDC,56,38,82,363.00,"29,766.00"
2019-03-21,2019032101004218,RSDC,38,51,81,366.00,"29,646.00"
2019-03-21,2019032101004188,RSDC,45,51,10,366.00,"3,660.00"
2019-03-21,2019032101004187,RSDC,45,51,10,366.00,"3,660.00"
2019-03-21,2019032101004186,RSDC,39,51,21,366.00,"7,686.00"
2019-03-21,2019032101004185,RSDC,32,51,50,367.00,"18,350.00"
2019-03-21,2019032101004615,SADBL,16,59,10,146.00,"1,460.00"
2019-03-21,2019032101004560,SADBL,59,14,59,144.00,"8,496.00"
2019-03-21,2019032101004546,SADBL,59,8,96,143.00,"13,728.00"
2019-03-21,2019032101004518,SADBL,59,11,116,141.00,"16,356.00"
2019-03-21,2019032101004621,SAEF,43,29,500,9.32,"4,660.00"
2019-03-21,2019032101004620,SAEF,43,42,"2,000",9.32,"18,640.00"
2019-03-21,2019032101004567,SANIMA,32,29,300,296.00,"88,800.00"
2019-03-21,2019032101004556,SANIMA,53,29,600,296.00,"177,600.00"
2019-03-21,2019032101004535,SANIMA,53,50,400,296.00,"118,400.00"
2019-03-21,2019032101004397,SANIMA,11,29,289,297.00,"85,833.00"
2019-03-21,2019032101004396,SANIMA,11,50,11,297.00,"3,267.00"
2019-03-21,2019032101004253,SANIMA,42,51,327,296.00,"96,792.00"
2019-03-21,2019032101004189,SANIMA,37,51,300,296.00,"88,800.00"
2019-03-21,2019032101004153,SANIMA,48,51,200,296.00,"59,200.00"
2019-03-21,2019032101004519,SBI,55,50,12,392.00,"4,704.00"
2019-03-21,2019032101004371,SBI,55,22,88,392.00,"34,496.00"
2019-03-21,2019032101004370,SBI,34,22,12,392.00,"4,704.00"
2019-03-21,2019032101004477,SBL,46,36,400,285.00,"114,000.00"
2019-03-21,2019032101004342,SBL,43,36,50,285.00,"14,250.00"
2019-03-21,2019032101004302,SBL,11,25,114,286.00,"32,604.00"
2019-03-21,2019032101004642,SCB,13,58,20,571.00,"11,420.00"
2019-03-21,2019032101004487,SCB,13,3,100,571.00,"57,100.00"
2019-03-21,2019032101004486,SCB,13,56,20,571.00,"11,420.00"
2019-03-21,2019032101004148,SCB,37,55,10,569.00,"5,690.00"
2019-03-21,2019032101004323,SCB,41,3,100,570.00,"57,000.00"
2019-03-21,2019032101004171,SCB,37,55,10,569.00,"5,690.00"
2019-03-21,2019032101004154,SCB,38,38,20,570.00,"11,400.00"
2019-03-21,2019032101004377,SDESI,33,17,10,568.00,"5,680.00"
2019-03-21,2019032101004376,SDESI,33,57,11,561.00,"6,171.00"
2019-03-21,2019032101004375,SDESI,33,57,11,561.00,"6,171.00"
2019-03-21,2019032101004374,SDESI,33,57,11,561.00,"6,171.00"
2019-03-21,2019032101004373,SDESI,33,57,11,561.00,"6,171.00"
2019-03-21,2019032101004372,SDESI,33,57,11,561.00,"6,171.00"
2019-03-21,2019032101004283,SDESI,11,44,12,558.00,"6,696.00"
2019-03-21,2019032101004569,SEF,28,1,500,9.17,"4,585.00"
2019-03-21,2019032101004219,SEOS,1,41,"3,000",9.90,"29,700.00"
2019-03-21,2019032101004561,SHINE,28,28,20,237.00,"4,740.00"
2019-03-21,2019032101004245,SHINE,38,41,266,233.00,"61,978.00"
2019-03-21,2019032101004244,SHINE,49,41,134,233.00,"31,222.00"
2019-03-21,2019032101004310,SHL,25,58,100,205.00,"20,500.00"
2019-03-21,2019032101004159,SHL,28,58,500,204.00,"102,000.00"
2019-03-21,2019032101004158,SHL,11,58,100,204.00,"20,400.00"
2019-03-21,2019032101004606,SHPC,45,46,"1,000",226.00,"226,000.00"
2019-03-21,2019032101004555,SHPC,45,40,"1,000",228.00,"228,000.00"
2019-03-21,2019032101004554,SHPC,45,22,81,228.00,"18,468.00"
2019-03-21,2019032101004553,SHPC,45,16,90,228.00,"20,520.00"
2019-03-21,2019032101004311,SHPC,29,40,300,226.00,"67,800.00"
2019-03-21,2019032101004282,SHPC,6,41,319,225.00,"71,775.00"
2019-03-21,2019032101004273,SHPC,39,40,100,226.00,"22,600.00"
2019-03-21,2019032101004354,SIC,52,54,50,"1,270.00","63,500.00"
2019-03-21,2019032101004353,SIC,56,54,50,"1,275.00","63,750.00"
2019-03-21,2019032101004352,SIC,34,54,10,"1,276.00","12,760.00"
2019-03-21,2019032101004351,SIC,42,54,40,"1,276.00","51,040.00"
2019-03-21,2019032101004330,SIC,42,55,10,"1,276.00","12,760.00"
2019-03-21,2019032101004279,SIL,48,33,100,613.00,"61,300.00"
2019-03-21,2019032101004645,SKBBL,42,17,25,867.00,"21,675.00"
2019-03-21,2019032101004558,SLBSL,52,45,10,717.00,"7,170.00"
2019-03-21,2019032101004378,SLBSL,25,44,10,720.00,"7,200.00"
2019-03-21,2019032101004331,SLICL,42,42,10,522.00,"5,220.00"
2019-03-21,2019032101004316,SLICL,42,53,88,515.00,"45,320.00"
2019-03-21,2019032101004315,SLICL,16,53,286,516.00,"147,576.00"
2019-03-21,2019032101004289,SLICL,16,59,14,516.00,"7,224.00"
2019-03-21,2019032101004288,SLICL,49,59,30,516.00,"15,480.00"
2019-03-21,2019032101004287,SLICL,32,59,209,516.00,"107,844.00"
2019-03-21,2019032101004274,SLICL,32,59,149,516.00,"76,884.00"
2019-03-21,2019032101004227,SLICL,32,59,142,516.00,"73,272.00"
2019-03-21,2019032101004226,SLICL,35,59,50,516.00,"25,800.00"
2019-03-21,2019032101004225,SLICL,16,59,20,516.00,"10,320.00"
2019-03-21,2019032101004224,SLICL,51,59,55,517.00,"28,435.00"
2019-03-21,2019032101004258,SMATA,44,59,18,"1,250.00","22,500.00"
2019-03-21,2019032101004640,SRBL,6,22,62,215.00,"13,330.00"
2019-03-21,2019032101004639,SRBL,36,22,38,215.00,"8,170.00"
2019-03-21,2019032101004626,SRBL,36,42,50,215.00,"10,750.00"
2019-03-21,2019032101004541,SRBL,36,33,212,215.00,"45,580.00"
2019-03-21,2019032101004540,SRBL,49,33,335,215.00,"72,025.00"
2019-03-21,2019032101004391,SRBL,45,44,40,216.00,"8,640.00"
2019-03-21,2019032101004389,SRBL,49,44,115,215.00,"24,725.00"
2019-03-21,2019032101004303,SRBL,49,41,210,215.00,"45,150.00"
2019-03-21,2019032101004451,SWBBL,46,51,89,824.00,"73,336.00"
2019-03-21,2019032101004450,SWBBL,13,51,11,833.00,"9,163.00"
2019-03-21,2019032101004635,TRH,42,14,20,244.00,"4,880.00"
2019-03-21,2019032101004579,UFL,28,29,10,207.00,"2,070.00"
2019-03-21,2019032101004578,UFL,28,29,10,207.00,"2,070.00"
2019-03-21,2019032101004527,UFL,28,29,"1,000",205.00,"205,000.00"
2019-03-21,2019032101004526,UFL,28,11,114,205.00,"23,370.00"
2019-03-21,2019032101004525,UFL,28,22,300,203.00,"60,900.00"
2019-03-21,2019032101004500,UFL,28,22,462,202.00,"93,324.00"
2019-03-21,2019032101004499,UFL,28,8,128,202.00,"25,856.00"
2019-03-21,2019032101004462,UFL,43,36,"1,536",199.00,"305,664.00"
2019-03-21,2019032101004461,UFL,28,36,311,200.00,"62,200.00"
2019-03-21,2019032101004424,UFL,28,43,500,200.00,"100,000.00"
2019-03-21,2019032101004445,UMHL,36,45,11,112.00,"1,232.00"
2019-03-21,2019032101004647,UPPER,49,50,10,240.00,"2,400.00"
2019-03-21,2019032101004617,UPPER,34,58,40,239.00,"9,560.00"
2019-03-21,2019032101004350,UPPER,34,41,181,239.00,"43,259.00"
2019-03-21,2019032101004300,UPPER,34,25,40,239.00,"9,560.00"
2019-03-21,2019032101004286,UPPER,34,25,50,239.00,"11,950.00"
2019-03-21,2019032101004257,UPPER,25,50,20,240.00,"4,800.00"
2019-03-21,2019032101004240,UPPER,58,58,6,235.00,"1,410.00"
2019-03-21,2019032101004611,UPPER,34,45,"1,000",239.00,"239,000.00"
2019-03-21,2019032101004594,UPPER,34,13,40,239.00,"9,560.00"
2019-03-21,2019032101004572,UPPER,34,26,50,239.00,"11,950.00"
2019-03-21,2019032101004528,UPPER,32,50,200,240.00,"48,000.00"
2019-03-21,2019032101004493,UPPER,34,21,40,239.00,"9,560.00"
2019-03-21,2019032101004383,UPPER,34,22,40,239.00,"9,560.00"
2019-03-21,2019032101003776,AHPC,53,20,935,103.00,"96,305.00"
2019-03-21,2019032101003775,AHPC,20,20,65,103.00,"6,695.00"
2019-03-21,2019032101003855,AKJCL,25,16,10,82.00,820.00
2019-03-21,2019032101003699,AKPL,14,39,10,166.00,"1,660.00"
2019-03-21,2019032101003743,AMFI,45,17,20,652.00,"13,040.00"
2019-03-21,2019032101003742,AMFI,45,48,10,652.00,"6,520.00"
2019-03-21,2019032101003741,AMFI,45,4,10,651.00,"6,510.00"
2019-03-21,2019032101003728,BPCL,1,6,20,356.00,"7,120.00"
2019-03-21,2019032101003697,BPCL,1,35,10,356.00,"3,560.00"
2019-03-21,2019032101003692,CBBL,55,45,129,882.00,"113,778.00"
2019-03-21,2019032101003691,CBBL,55,13,71,882.00,"62,622.00"
2019-03-21,2019032101003659,CBBL,58,35,100,880.00,"88,000.00"
2019-03-21,2019032101003830,CBL,45,22,200,155.00,"31,000.00"
2019-03-21,2019032101004007,CCBL,19,57,130,162.00,"21,060.00"
2019-03-21,2019032101003951,CCBL,49,37,80,161.00,"12,880.00"
2019-03-21,2019032101003950,CCBL,49,29,200,161.00,"32,200.00"
2019-03-21,2019032101003949,CCBL,49,17,85,161.00,"13,685.00"
2019-03-21,2019032101003948,CCBL,49,17,85,161.00,"13,685.00"
2019-03-21,2019032101003723,CCBL,29,39,20,160.00,"3,200.00"
2019-03-21,2019032101003690,CCBL,29,45,500,160.00,"80,000.00"
2019-03-21,2019032101003665,CCBL,25,57,700,160.00,"112,000.00"
2019-03-21,2019032101003658,CCBL,25,57,500,160.00,"80,000.00"
2019-03-21,2019032101003947,CCBL,49,17,85,161.00,"13,685.00"
2019-03-21,2019032101003946,CCBL,49,17,85,161.00,"13,685.00"
2019-03-21,2019032101003945,CCBL,49,17,85,161.00,"13,685.00"
2019-03-21,2019032101003944,CCBL,49,17,85,161.00,"13,685.00"
2019-03-21,2019032101003943,CCBL,49,17,85,161.00,"13,685.00"
2019-03-21,2019032101003939,CCBL,29,45,100,160.00,"16,000.00"
2019-03-21,2019032101004038,CHCL,38,37,200,507.00,"101,400.00"
2019-03-21,2019032101003734,CHCL,34,39,10,506.00,"5,060.00"
2019-03-21,2019032101003695,CHCL,34,42,75,506.00,"37,950.00"
2019-03-21,2019032101003694,CHCL,34,42,52,506.00,"26,312.00"
2019-03-21,2019032101004079,CHLBS,35,38,10,554.00,"5,540.00"
2019-03-21,2019032101004042,CHLBS,55,14,10,554.00,"5,540.00"
2019-03-21,2019032101003795,CHLBS,49,33,100,555.00,"55,500.00"
2019-03-21,2019032101003897,CIT,16,29,116,"2,661.00","308,676.00"
2019-03-21,2019032101003896,CIT,22,29,10,"2,661.00","26,610.00"
2019-03-21,2019032101003895,CIT,48,29,100,"2,662.00","266,200.00"
2019-03-21,2019032101003894,CIT,40,29,50,"2,663.00","133,150.00"
2019-03-21,2019032101003893,CIT,45,29,22,"2,664.00","58,608.00"
2019-03-21,2019032101003881,CIT,54,57,97,"2,665.00","258,505.00"
2019-03-21,2019032101003880,CIT,19,57,20,"2,665.00","53,300.00"
2019-03-21,2019032101003915,CLBSL,45,41,16,580.00,"9,280.00"
2019-03-21,2019032101004138,DBBL,10,42,429,126.00,"54,054.00"
2019-03-21,2019032101004066,DBBL,37,42,500,126.00,"63,000.00"
2019-03-21,2019032101003991,DBBL,45,42,71,126.00,"8,946.00"
2019-03-21,2019032101003898,DBBL,45,37,129,126.00,"16,254.00"
2019-03-21,2019032101004010,DDBL,26,14,19,585.00,"11,115.00"
2019-03-21,2019032101003721,DDBL,11,37,14,584.00,"8,176.00"
2019-03-21,2019032101003679,DHPL,38,38,11,91.00,"1,001.00"
2019-03-21,2019032101004133,EBL,19,18,27,550.00,"14,850.00"
2019-03-21,2019032101004132,EBL,57,18,73,550.00,"40,150.00"
2019-03-21,2019032101004052,EBL,57,22,10,550.00,"5,500.00"
2019-03-21,2019032101003758,EBL,57,22,100,550.00,"55,000.00"
2019-03-21,2019032101003673,EBL,57,41,217,550.00,"119,350.00"
2019-03-21,2019032101003672,EBL,16,41,483,550.00,"265,650.00"
2019-03-21,2019032101003971,EBL,41,51,100,551.00,"55,100.00"
2019-03-21,2019032101003856,EBL,57,26,100,550.00,"55,000.00"
2019-03-21,2019032101003805,FMDBL,48,5,200,365.00,"73,000.00"
2019-03-21,2019032101003754,FMDBL,19,37,20,364.00,"7,280.00"
2019-03-21,2019032101003810,FOWAD,56,26,55,"1,510.00","83,050.00"
2019-03-21,2019032101004091,GBBL,37,39,430,188.00,"80,840.00"
2019-03-21,2019032101004090,GBBL,37,7,70,188.00,"13,160.00"
2019-03-21,2019032101003777,GBIME,42,16,17,261.00,"4,437.00"
2019-03-21,2019032101003761,GBIME,17,41,29,262.00,"7,598.00"
2019-03-21,2019032101003681,GBIME,17,41,28,262.00,"7,336.00"
2019-03-21,2019032101003680,GBIME,42,49,46,263.00,"12,098.00"
2019-03-21,2019032101003683,GBIMEP,45,42,"28,148",174.00,"4,897,752.00"
2019-03-21,2019032101003663,GBIMEP,42,45,"39,270",174.00,"6,832,980.00"
2019-03-21,2019032101003722,GBLBS,57,35,10,446.00,"4,460.00"
2019-03-21,2019032101003726,GDBL,45,41,447,184.00,"82,248.00"
2019-03-21,2019032101003676,GFCL,11,43,100,120.00,"12,000.00"
2019-03-21,2019032101004098,GILB,34,55,10,985.00,"9,850.00"
2019-03-21,2019032101003833,GILB,47,37,337,"1,005.00","338,685.00"
2019-03-21,2019032101003739,GILB,17,41,19,986.00,"18,734.00"
2019-03-21,2019032101003671,GIMES1,38,38,"1,000",8.38,"8,380.00"
2019-03-21,2019032101004110,GLICL,25,57,112,510.00,"57,120.00"
2019-03-21,2019032101004109,GLICL,25,57,100,510.00,"51,000.00"
2019-03-21,2019032101004108,GLICL,25,57,180,510.00,"91,800.00"
2019-03-21,2019032101004107,GLICL,25,34,50,509.00,"25,450.00"
2019-03-21,2019032101004089,GLICL,5,34,100,509.00,"50,900.00"
2019-03-21,2019032101003979,GLICL,25,57,20,517.00,"10,340.00"
2019-03-21,2019032101003961,GLICL,25,50,50,517.00,"25,850.00"
2019-03-21,2019032101003960,GLICL,25,43,50,512.00,"25,600.00"
2019-03-21,2019032101003959,GLICL,25,21,30,512.00,"15,360.00"
2019-03-21,2019032101003657,GRDBL,17,52,50,105.00,"5,250.00"
2019-03-21,2019032101003982,HGI,1,43,200,380.00,"76,000.00"
2019-03-21,2019032101003935,HGI,22,45,135,381.00,"51,435.00"
2019-03-21,2019032101003914,HGI,1,14,168,380.00,"63,840.00"
2019-03-21,2019032101003847,HGI,1,20,186,380.00,"70,680.00"
2019-03-21,2019032101003842,HGI,39,45,15,381.00,"5,715.00"
2019-03-21,2019032101004114,HIDCL,19,44,"1,000",132.00,"132,000.00"
2019-03-21,2019032101003753,HIDCL,16,41,58,131.00,"7,598.00"
2019-03-21,2019032101003755,HPPL,36,41,10,185.00,"1,850.00"
2019-03-21,2019032101003716,HPPL,41,39,10,185.00,"1,850.00"
2019-03-21,2019032101003760,JBBL,38,41,33,137.00,"4,521.00"
2019-03-21,2019032101003980,JBNL,44,1,45,169.00,"7,605.00"
2019-03-21,2019032101003837,JBNL,50,38,"1,000",170.00,"170,000.00"
2019-03-21,2019032101003813,JBNL,49,51,"2,371",170.00,"403,070.00"
2019-03-21,2019032101003778,JBNL,44,41,574,169.00,"97,006.00"
2019-03-21,2019032101004105,JSLBB,38,42,60,"2,190.00","131,400.00"
2019-03-21,2019032101003791,JSLBB,38,41,14,"2,190.00","30,660.00"
2019-03-21,2019032101003981,KBL,28,50,"1,000",234.00,"234,000.00"
2019-03-21,2019032101003969,KBL,17,47,84,231.00,"19,404.00"
2019-03-21,2019032101003968,KBL,54,47,100,231.00,"23,100.00"
2019-03-21,2019032101003967,KBL,53,47,500,231.00,"115,500.00"
2019-03-21,2019032101003966,KBL,34,47,300,231.00,"69,300.00"
2019-03-21,2019032101003965,KBL,32,47,150,231.00,"34,650.00"
2019-03-21,2019032101003757,KBL,53,37,500,233.00,"116,500.00"
2019-03-21,2019032101003738,KBL,53,35,160,233.00,"37,280.00"
2019-03-21,2019032101003737,KBL,21,35,200,233.00,"46,600.00"
2019-03-21,2019032101003964,KBL,38,47,"1,000",232.00,"232,000.00"
2019-03-21,2019032101003823,KBL,36,41,122,232.00,"28,304.00"
2019-03-21,2019032101003809,KBL,25,41,50,232.00,"11,600.00"
2019-03-21,2019032101003808,KBL,53,41,200,232.00,"46,400.00"
2019-03-21,2019032101003807,KBL,25,41,43,232.00,"9,976.00"
2019-03-21,2019032101003806,KBL,53,41,340,233.00,"79,220.00"
2019-03-21,2019032101003824,KKHC,21,41,16,77.00,"1,232.00"
2019-03-21,2019032101003815,KKHC,25,14,50,78.00,"3,900.00"
2019-03-21,2019032101003838,KMFL,44,41,33,830.00,"27,390.00"
2019-03-21,2019032101004140,KPCL,25,35,10,96.00,960.00
2019-03-21,2019032101003864,KPCL,25,16,10,94.00,940.00
2019-03-21,2019032101003972,KPCL,25,38,10,94.00,940.00
2019-03-21,2019032101003931,KRBL,33,17,26,100.00,"2,600.00"
2019-03-21,2019032101003732,LBBL,10,53,124,172.00,"21,328.00"
2019-03-21,2019032101003955,LBL,37,34,220,193.00,"42,460.00"
2019-03-21,2019032101003954,LBL,40,34,50,193.00,"9,650.00"
2019-03-21,2019032101003953,LBL,53,34,250,193.00,"48,250.00"
2019-03-21,2019032101003952,LBL,26,34,170,193.00,"32,810.00"
2019-03-21,2019032101003845,LBL,26,41,15,193.00,"2,895.00"
2019-03-21,2019032101004144,LGIL,48,40,100,501.00,"50,100.00"
2019-03-21,2019032101004143,LGIL,42,40,160,501.00,"80,160.00"
2019-03-21,2019032101004141,LGIL,42,28,190,501.00,"95,190.00"
2019-03-21,2019032101004137,LGIL,48,45,100,502.00,"50,200.00"
2019-03-21,2019032101004099,LGIL,42,51,150,501.00,"75,150.00"
2019-03-21,2019032101003714,LGIL,40,36,82,500.00,"41,000.00"
2019-03-21,2019032101003701,LGIL,48,36,183,503.00,"92,049.00"
2019-03-21,2019032101003668,LGIL,48,33,17,503.00,"8,551.00"
2019-03-21,2019032101003667,LGIL,25,33,96,503.00,"48,288.00"
2019-03-21,2019032101003707,LGIL,49,36,200,501.00,"100,200.00"
2019-03-21,2019032101003706,LGIL,21,36,50,501.00,"25,050.00"
2019-03-21,2019032101003705,LGIL,34,36,100,502.00,"50,200.00"
2019-03-21,2019032101003704,LGIL,59,36,200,502.00,"100,400.00"
2019-03-21,2019032101003703,LGIL,48,36,100,503.00,"50,300.00"
2019-03-21,2019032101003702,LGIL,29,36,20,503.00,"10,060.00"
2019-03-21,2019032101003713,LGIL,21,36,100,500.00,"50,000.00"
2019-03-21,2019032101003712,LGIL,48,36,500,500.00,"250,000.00"
2019-03-21,2019032101003711,LGIL,44,36,50,500.00,"25,000.00"
2019-03-21,2019032101003710,LGIL,25,36,500,500.00,"250,000.00"
2019-03-21,2019032101003709,LGIL,25,36,400,500.00,"200,000.00"
2019-03-21,2019032101003708,LGIL,51,36,20,501.00,"10,020.00"
2019-03-21,2019032101004067,MBL,46,28,300,217.00,"65,100.00"
2019-03-21,2019032101003884,MBL,25,58,"1,947",216.00,"420,552.00"
2019-03-21,2019032101003879,MBL,34,58,"1,053",216.00,"227,448.00"
2019-03-21,2019032101003878,MBL,34,29,"1,947",216.00,"420,552.00"
2019-03-21,2019032101003841,MBL,25,29,300,216.00,"64,800.00"
2019-03-21,2019032101003828,MBL,25,29,"1,000",216.00,"216,000.00"
2019-03-21,2019032101003819,MBL,56,29,100,216.00,"21,600.00"
2019-03-21,2019032101003718,MBL,25,58,"1,680",216.00,"362,880.00"
2019-03-21,2019032101003717,MBL,25,45,200,216.00,"43,200.00"
2019-03-21,2019032101003670,MBL,34,51,51,215.00,"10,965.00"
2019-03-21,2019032101004147,MEGA,53,6,266,163.00,"43,358.00"
2019-03-21,2019032101004135,MEGA,49,6,266,163.00,"43,358.00"
2019-03-21,2019032101004131,MEGA,49,46,300,163.00,"48,900.00"
2019-03-21,2019032101004043,MEGA,49,32,100,163.00,"16,300.00"
2019-03-21,2019032101004006,MEGA,49,45,201,163.00,"32,763.00"
2019-03-21,2019032101003885,MEGA,49,26,100,163.00,"16,300.00"
2019-03-21,2019032101003747,MEGA,49,38,487,163.00,"79,381.00"
2019-03-21,2019032101003874,MEGA,49,26,100,163.00,"16,300.00"
2019-03-21,2019032101003854,MEGA,49,17,60,163.00,"9,780.00"
2019-03-21,2019032101003853,MEGA,49,41,206,163.00,"33,578.00"
2019-03-21,2019032101003829,MEGA,49,17,60,163.00,"9,780.00"
2019-03-21,2019032101003797,MEGA,49,17,60,163.00,"9,780.00"
2019-03-21,2019032101003774,MEGA,49,17,60,163.00,"9,780.00"
2019-03-21,2019032101003789,MERO,58,58,2,572.00,"1,144.00"
2019-03-21,2019032101004097,MFIL,59,59,50,113.00,"5,650.00"
2019-03-21,2019032101004096,MFIL,38,59,"1,000",114.00,"114,000.00"
2019-03-21,2019032101004095,MFIL,38,59,950,115.00,"109,250.00"
2019-03-21,2019032101003985,MSLB,7,47,15,"1,290.00","19,350.00"
2019-03-21,2019032101003984,MSLB,7,7,15,"1,289.00","19,335.00"
2019-03-21,2019032101003983,MSLB,7,17,50,"1,289.00","64,450.00"
2019-03-21,2019032101003852,MSLB,17,55,15,"1,271.00","19,065.00"
2019-03-21,2019032101003860,MSMBS,16,41,15,531.00,"7,965.00"
2019-03-21,2019032101003799,MSMBS,16,20,95,531.00,"50,445.00"
2019-03-21,2019032101004059,NABIL,58,54,200,715.00,"143,000.00"
2019-03-21,2019032101004058,NABIL,42,54,10,715.00,"7,150.00"
2019-03-21,2019032101004057,NABIL,41,54,100,715.00,"71,500.00"
2019-03-21,2019032101004056,NABIL,41,54,25,715.00,"17,875.00"
2019-03-21,2019032101004033,NABIL,26,54,90,716.00,"64,440.00"
2019-03-21,2019032101004032,NABIL,26,59,10,716.00,"7,160.00"
2019-03-21,2019032101003822,NABIL,41,59,20,716.00,"14,320.00"
2019-03-21,2019032101003821,NABIL,41,7,75,715.00,"53,625.00"
2019-03-21,2019032101003675,NABIL,14,59,60,716.00,"42,960.00"
2019-03-21,2019032101003649,NABIL,45,54,200,715.00,"143,000.00"
2019-03-21,2019032101004101,NADEP,53,16,10,670.00,"6,700.00"
2019-03-21,2019032101004100,NADEP,36,16,10,670.00,"6,700.00"
2019-03-21,2019032101003883,NADEP,49,16,10,671.00,"6,710.00"
2019-03-21,2019032101003773,NBB,25,37,51,191.00,"9,741.00"
2019-03-21,2019032101003749,NBB,19,35,82,191.00,"15,662.00"
2019-03-21,2019032101003748,NBB,45,35,515,191.00,"98,365.00"
2019-03-21,2019032101003752,NBBL,19,39,240,590.00,"141,600.00"
2019-03-21,2019032101003751,NBBL,54,39,100,591.00,"59,100.00"
2019-03-21,2019032101003875,NBL,34,41,310,289.00,"89,590.00"
2019-03-21,2019032101003846,NBL,45,33,100,290.00,"29,000.00"
2019-03-21,2019032101004146,NCCB,51,43,500,210.00,"105,000.00"
2019-03-21,2019032101004120,NCCB,51,43,200,210.00,"42,000.00"
2019-03-21,2019032101004119,NCCB,16,43,100,210.00,"21,000.00"
2019-03-21,2019032101004118,NCCB,35,43,100,210.00,"21,000.00"
2019-03-21,2019032101004117,NCCB,46,43,60,210.00,"12,600.00"
2019-03-21,2019032101004116,NCCB,33,43,40,210.00,"8,400.00"
2019-03-21,2019032101003887,NCCB,42,41,125,210.00,"26,250.00"
2019-03-21,2019032101003725,NCCB,49,28,"1,142",211.00,"240,962.00"
2019-03-21,2019032101003724,NCCB,25,28,400,211.00,"84,400.00"
2019-03-21,2019032101003685,NCCB,25,25,100,211.00,"21,100.00"
2019-03-21,2019032101004086,NCCB,33,44,"1,960",210.00,"411,600.00"
2019-03-21,2019032101004085,NCCB,49,44,500,210.00,"105,000.00"
2019-03-21,2019032101004084,NCCB,48,44,55,210.00,"11,550.00"
2019-03-21,2019032101004083,NCCB,56,44,100,210.00,"21,000.00"
2019-03-21,2019032101004082,NCCB,42,44,385,210.00,"80,850.00"
2019-03-21,2019032101003990,NCCB,42,43,177,210.00,"37,170.00"
2019-03-21,2019032101003727,NEF,42,1,100,8.30,830.00
2019-03-21,2019032101004041,NGPL,1,41,51,124.00,"6,324.00"
2019-03-21,2019032101003687,NGPL,42,1,70,126.00,"8,820.00"
2019-03-21,2019032101004088,NHPC,29,25,500,72.00,"36,000.00"
2019-03-21,2019032101004128,NIB,58,22,30,528.00,"15,840.00"
2019-03-21,2019032101004127,NIB,58,22,70,528.00,"36,960.00"
2019-03-21,2019032101004078,NIB,32,6,60,529.00,"31,740.00"
2019-03-21,2019032101004015,NIB,58,1,230,528.00,"121,440.00"
2019-03-21,2019032101004014,NIB,5,1,100,528.00,"52,800.00"
2019-03-21,2019032101004013,NIB,45,1,10,528.00,"5,280.00"
2019-03-21,2019032101003660,NIB,17,6,30,529.00,"15,870.00"
2019-03-21,2019032101003733,NIB,32,32,2,528.00,"1,056.00"
2019-03-21,2019032101003700,NIB,32,32,1,528.00,528.00
2019-03-21,2019032101003696,NIB,45,6,50,529.00,"26,450.00"
2019-03-21,2019032101003693,NIB,42,6,180,529.00,"95,220.00"
2019-03-21,2019032101003682,NIB,32,32,1,528.00,528.00
2019-03-21,2019032101003666,NIB,29,39,37,528.00,"19,536.00"
2019-03-21,2019032101004012,NIB,26,1,100,528.00,"52,800.00"
2019-03-21,2019032101004011,NIB,29,1,260,528.00,"137,280.00"
2019-03-21,2019032101003920,NIB,29,41,107,528.00,"56,496.00"
2019-03-21,2019032101003817,NIB,29,37,33,528.00,"17,424.00"
2019-03-21,2019032101003783,NIB,29,16,15,528.00,"7,920.00"
2019-03-21,2019032101003746,NIB,40,40,5,528.00,"2,640.00"
2019-03-21,2019032101003958,NIBSF1,55,41,"4,173",8.55,"35,679.15"
2019-03-21,2019032101004005,NICA,55,41,37,395.00,"14,615.00"
2019-03-21,2019032101004004,NICA,49,41,20,396.00,"7,920.00"
2019-03-21,2019032101004003,NICA,49,41,20,396.00,"7,920.00"
2019-03-21,2019032101004002,NICA,41,41,20,396.00,"7,920.00"
2019-03-21,2019032101003832,NICA,21,39,100,396.00,"39,600.00"
2019-03-21,2019032101003831,NICA,17,39,50,396.00,"19,800.00"
2019-03-21,2019032101003801,NICA,40,40,1,396.00,396.00
2019-03-21,2019032101004030,NICL,1,41,469,370.00,"173,530.00"
2019-03-21,2019032101004029,NICL,25,41,115,370.00,"42,550.00"
2019-03-21,2019032101004028,NICL,57,41,10,371.00,"3,710.00"
2019-03-21,2019032101004027,NICL,7,41,50,371.00,"18,550.00"
2019-03-21,2019032101003788,NICL,7,56,100,372.00,"37,200.00"
2019-03-21,2019032101004130,NIL,44,25,100,515.00,"51,500.00"
2019-03-21,2019032101003938,NIL,50,1,100,515.00,"51,500.00"
2019-03-21,2019032101003937,NIL,13,1,114,515.00,"58,710.00"
2019-03-21,2019032101003882,NIL,7,45,100,516.00,"51,600.00"
2019-03-21,2019032101004061,NLBBL,22,32,184,452.00,"83,168.00"
2019-03-21,2019032101004060,NLBBL,22,37,66,452.00,"29,832.00"
2019-03-21,2019032101004009,NLBBL,50,16,40,449.00,"17,960.00"
2019-03-21,2019032101004008,NLBBL,17,16,50,450.00,"22,500.00"
2019-03-21,2019032101003820,NLBBL,56,16,10,453.00,"4,530.00"
2019-03-21,2019032101004080,NLIC,41,41,17,"1,073.00","18,241.00"
2019-03-21,2019032101004053,NLIC,14,22,27,"1,074.00","28,998.00"
2019-03-21,2019032101004039,NLIC,21,22,100,"1,074.00","107,400.00"
2019-03-21,2019032101004031,NLIC,28,22,250,"1,074.00","268,500.00"
2019-03-21,2019032101003988,NLIC,35,1,20,"1,075.00","21,500.00"
2019-03-21,2019032101003930,NLIC,14,1,20,"1,075.00","21,500.00"
2019-03-21,2019032101003684,NLIC,57,33,10,"1,078.00","10,780.00"
2019-03-21,2019032101003678,NLIC,49,42,20,"1,077.00","21,540.00"
2019-03-21,2019032101003677,NLIC,11,42,80,"1,077.00","86,160.00"
2019-03-21,2019032101003650,NLIC,11,50,96,"1,077.00","103,392.00"
2019-03-21,2019032101003818,NLIC,39,37,17,"1,077.00","18,309.00"
2019-03-21,2019032101003804,NLIC,50,33,30,"1,078.00","32,340.00"
2019-03-21,2019032101003794,NLIC,50,33,50,"1,078.00","53,900.00"
2019-03-21,2019032101003720,NLIC,39,45,70,"1,077.00","75,390.00"
2019-03-21,2019032101003719,NLIC,49,45,30,"1,077.00","32,310.00"
2019-03-21,2019032101003698,NLIC,49,16,50,"1,077.00","53,850.00"
2019-03-21,2019032101003850,NLIC,21,51,12,"1,076.00","12,912.00"
2019-03-21,2019032101003849,NLIC,41,51,168,"1,076.00","180,768.00"
2019-03-21,2019032101003844,NLIC,41,1,32,"1,076.00","34,432.00"
2019-03-21,2019032101003843,NLIC,32,1,78,"1,076.00","83,928.00"
2019-03-21,2019032101003826,NLIC,33,42,300,"1,077.00","323,100.00"
2019-03-21,2019032101003825,NLIC,39,42,13,"1,077.00","14,001.00"
2019-03-21,2019032101003871,NLIC,16,1,100,"1,075.00","107,500.00"
2019-03-21,2019032101003870,NLIC,39,1,25,"1,075.00","26,875.00"
2019-03-21,2019032101003869,NLIC,39,16,75,"1,075.00","80,625.00"
2019-03-21,2019032101003868,NLIC,35,16,50,"1,075.00","53,750.00"
2019-03-21,2019032101003867,NLIC,45,16,100,"1,075.00","107,500.00"
2019-03-21,2019032101003866,NLIC,33,16,20,"1,076.00","21,520.00"
2019-03-21,2019032101003987,NLICL,8,22,150,575.00,"86,250.00"
2019-03-21,2019032101003986,NLICL,14,22,50,576.00,"28,800.00"
2019-03-21,2019032101003787,NLICL,8,20,165,575.00,"94,875.00"
2019-03-21,2019032101003786,NLICL,45,20,50,575.00,"28,750.00"
2019-03-21,2019032101003785,NLICL,46,20,35,575.00,"20,125.00"
2019-03-21,2019032101003784,NLICL,45,20,50,575.00,"28,750.00"
2019-03-21,2019032101004139,NMB,37,25,185,323.00,"59,755.00"
2019-03-21,2019032101004046,NMB,37,7,15,323.00,"4,845.00"
2019-03-21,2019032101003924,NMB,14,47,846,322.00,"272,412.00"
2019-03-21,2019032101003923,NMB,26,47,"1,000",322.00,"322,000.00"
2019-03-21,2019032101003922,NMB,45,47,154,322.00,"49,588.00"
2019-03-21,2019032101003912,NMB,14,51,200,323.00,"64,600.00"
2019-03-21,2019032101003905,NMB,14,43,32,323.00,"10,336.00"
2019-03-21,2019032101003904,NMB,14,43,13,323.00,"4,199.00"
2019-03-21,2019032101003903,NMB,14,55,600,323.00,"193,800.00"
2019-03-21,2019032101003902,NMB,14,10,88,323.00,"28,424.00"
2019-03-21,2019032101003648,NMB,17,10,50,323.00,"16,150.00"
2019-03-21,2019032101003911,NMB,14,43,18,323.00,"5,814.00"
2019-03-21,2019032101003910,NMB,14,43,42,323.00,"13,566.00"
2019-03-21,2019032101003909,NMB,14,43,16,323.00,"5,168.00"
2019-03-21,2019032101003908,NMB,14,43,22,323.00,"7,106.00"
2019-03-21,2019032101003907,NMB,14,43,14,323.00,"4,522.00"
2019-03-21,2019032101003906,NMB,14,43,14,323.00,"4,522.00"
2019-03-21,2019032101004092,NMBSF1,58,41,"3,915",10.12,"39,619.80"
2019-03-21,2019032101004113,NTC,50,41,46,677.00,"31,142.00"
2019-03-21,2019032101004112,NTC,39,41,40,677.00,"27,080.00"
2019-03-21,2019032101004111,NTC,34,41,14,677.00,"9,478.00"
2019-03-21,2019032101004134,OHL,52,41,76,428.00,"32,528.00"
2019-03-21,2019032101004081,PCBL,28,45,62,317.00,"19,654.00"
2019-03-21,2019032101003848,PCBL,28,47,102,317.00,"32,334.00"
2019-03-21,2019032101004145,PFL,44,44,1,127.00,127.00
2019-03-21,2019032101003790,PFL,44,44,1,127.00,127.00
2019-03-21,2019032101003764,PFL,44,44,1,127.00,127.00
2019-03-21,2019032101003756,PFL,44,44,1,127.00,127.00
2019-03-21,2019032101003715,PFL,44,44,1,127.00,127.00
2019-03-21,2019032101003689,PFL,44,44,1,127.00,127.00
2019-03-21,2019032101003686,PFL,44,44,1,127.00,127.00
2019-03-21,2019032101004129,PIC,35,37,11,"1,020.00","11,220.00"
2019-03-21,2019032101004115,PIC,55,55,1,"1,007.00","1,007.00"
2019-03-21,2019032101004065,PIC,33,52,11,"1,018.00","11,198.00"
2019-03-21,2019032101003970,PIC,33,34,11,"1,018.00","11,198.00"
2019-03-21,2019032101003942,PIC,55,55,1,"1,006.00","1,006.00"
2019-03-21,2019032101003941,PIC,33,34,30,"1,018.00","30,540.00"
2019-03-21,2019032101003917,PIC,49,37,14,"1,020.00","14,280.00"
2019-03-21,2019032101003688,PIC,32,59,37,"1,020.00","37,740.00"
2019-03-21,2019032101004125,PICL,58,29,333,672.00,"223,776.00"
2019-03-21,2019032101004124,PICL,59,29,20,673.00,"13,460.00"
2019-03-21,2019032101004123,PICL,49,29,269,674.00,"181,306.00"
2019-03-21,2019032101004122,PICL,34,29,50,675.00,"33,750.00"
2019-03-21,2019032101003840,PLIC,59,49,100,440.00,"44,000.00"
2019-03-21,2019032101004020,PMHPL,14,55,10,112.00,"1,120.00"
2019-03-21,2019032101004019,PMHPL,14,38,10,112.00,"1,120.00"
2019-03-21,2019032101003916,PMHPL,14,16,10,112.00,"1,120.00"
2019-03-21,2019032101003674,PMHPL,14,39,10,112.00,"1,120.00"
2019-03-21,2019032101003978,PRIN,48,49,79,410.00,"32,390.00"
2019-03-21,2019032101003977,PRIN,13,49,40,410.00,"16,400.00"
2019-03-21,2019032101003976,PRIN,25,49,181,410.00,"74,210.00"
2019-03-21,2019032101003975,PRIN,28,49,200,411.00,"82,200.00"
2019-03-21,2019032101003888,PRIN,45,51,358,412.00,"147,496.00"
2019-03-21,2019032101004051,PRVU,39,43,60,231.00,"13,860.00"
2019-03-21,2019032101004050,PRVU,25,43,100,231.00,"23,100.00"
2019-03-21,2019032101004049,PRVU,7,43,500,231.00,"115,500.00"
2019-03-21,2019032101004048,PRVU,26,43,190,231.00,"43,890.00"
2019-03-21,2019032101004018,PRVU,26,43,110,231.00,"25,410.00"
2019-03-21,2019032101003865,PRVU,34,26,100,232.00,"23,200.00"
2019-03-21,2019032101003798,PRVU,34,16,11,232.00,"2,552.00"
2019-03-21,2019032101003740,PRVU,34,16,11,232.00,"2,552.00"
2019-03-21,2019032101003669,PRVU,47,57,40,233.00,"9,320.00"
2019-03-21,2019032101003994,PRVU,45,29,500,232.00,"116,000.00"
2019-03-21,2019032101003993,PRVU,45,29,500,232.00,"116,000.00"
2019-03-21,2019032101003992,PRVU,34,29,160,232.00,"37,120.00"
2019-03-21,2019032101003963,PRVU,34,43,580,232.00,"134,560.00"
2019-03-21,2019032101003918,PRVU,37,57,300,233.00,"69,900.00"
2019-03-21,2019032101003899,PRVU,34,34,140,232.00,"32,480.00"
2019-03-21,2019032101004017,PRVU,14,43,500,231.00,"115,500.00"
2019-03-21,2019032101004016,PRVU,34,43,250,231.00,"57,750.00"
2019-03-21,2019032101003998,PRVU,34,29,"3,000",232.00,"696,000.00"
2019-03-21,2019032101003997,PRVU,34,29,500,232.00,"116,000.00"
2019-03-21,2019032101003996,PRVU,14,29,700,232.00,"162,400.00"
2019-03-21,2019032101003995,PRVU,52,29,"1,500",232.00,"348,000.00"
2019-03-21,2019032101003974,RADHI,54,34,11,170.00,"1,870.00"
2019-03-21,2019032101003664,RADHI,54,26,11,170.00,"1,870.00"
2019-03-21,2019032101004024,RBCL,14,29,10,"9,160.00","91,600.00"
2019-03-21,2019032101004023,RBCL,51,29,20,"9,185.00","183,700.00"
2019-03-21,2019032101004022,RBCL,39,29,10,"9,185.00","91,850.00"
2019-03-21,2019032101004021,RBCL,37,29,10,"9,190.00","91,900.00"
2019-03-21,2019032101003814,RBCL,38,47,12,"9,200.00","110,400.00"
2019-03-21,2019032101003940,RBCLPO,33,33,20,"8,500.00","170,000.00"
2019-03-21,2019032101003729,RMDC,6,37,45,527.00,"23,715.00"
2019-03-21,2019032101003921,RSDC,39,16,12,366.00,"4,392.00"
2019-03-21,2019032101003803,RSDC,39,39,50,366.00,"18,300.00"
2019-03-21,2019032101003936,SADBL,4,37,103,140.00,"14,420.00"
2019-03-21,2019032101004001,SANIMA,37,51,173,296.00,"51,208.00"
2019-03-21,2019032101004000,SANIMA,37,34,127,296.00,"37,592.00"
2019-03-21,2019032101003859,SANIMA,16,34,100,296.00,"29,600.00"
2019-03-21,2019032101003816,SANIMA,21,16,18,295.00,"5,310.00"
2019-03-21,2019032101003750,SANIMA,21,16,18,295.00,"5,310.00"
2019-03-21,2019032101004064,SBI,25,52,100,393.00,"39,300.00"
2019-03-21,2019032101003892,SBL,58,22,660,284.00,"187,440.00"
2019-03-21,2019032101003891,SBL,39,22,200,284.00,"56,800.00"
2019-03-21,2019032101003890,SBL,14,22,500,284.00,"142,000.00"
2019-03-21,2019032101003889,SBL,46,22,268,284.00,"76,112.00"
2019-03-21,2019032101003863,SBL,28,29,997,285.00,"284,145.00"
2019-03-21,2019032101003862,SBL,49,29,100,285.00,"28,500.00"
2019-03-21,2019032101003861,SBL,49,29,50,285.00,"14,250.00"
2019-03-21,2019032101003661,SBL,49,42,100,285.00,"28,500.00"
2019-03-21,2019032101004045,SCB,13,3,361,570.00,"205,770.00"
2019-03-21,2019032101003928,SCB,13,22,199,570.00,"113,430.00"
2019-03-21,2019032101003927,SCB,13,37,20,570.00,"11,400.00"
2019-03-21,2019032101003926,SCB,13,42,20,570.00,"11,400.00"
2019-03-21,2019032101003839,SCB,6,22,120,570.00,"68,400.00"
2019-03-21,2019032101004037,SHINE,32,28,424,237.00,"100,488.00"
2019-03-21,2019032101004036,SHINE,32,34,147,236.00,"34,692.00"
2019-03-21,2019032101004035,SHINE,32,39,59,236.00,"13,924.00"
2019-03-21,2019032101004034,SHINE,32,38,220,235.00,"51,700.00"
2019-03-21,2019032101003835,SHINE,49,44,66,233.00,"15,378.00"
2019-03-21,2019032101003834,SHINE,39,44,50,233.00,"11,650.00"
2019-03-21,2019032101004094,SHL,28,49,200,206.00,"41,200.00"
2019-03-21,2019032101004093,SHL,28,25,300,206.00,"61,800.00"
2019-03-21,2019032101003662,SHPC,53,56,40,226.00,"9,040.00"
2019-03-21,2019032101003873,SIC,11,55,30,"1,275.00","38,250.00"
2019-03-21,2019032101003827,SIC,11,20,268,"1,275.00","341,700.00"
2019-03-21,2019032101004077,SICL,21,10,100,875.00,"87,500.00"
2019-03-21,2019032101004076,SICL,58,10,250,875.00,"218,750.00"
2019-03-21,2019032101004075,SICL,21,10,100,875.00,"87,500.00"
2019-03-21,2019032101004074,SICL,42,10,20,875.00,"17,500.00"
2019-03-21,2019032101004073,SICL,57,10,50,875.00,"43,750.00"
2019-03-21,2019032101004072,SICL,34,10,"1,000",876.00,"876,000.00"
2019-03-21,2019032101003744,SICL,29,34,25,880.00,"22,000.00"
2019-03-21,2019032101004071,SICL,20,10,300,876.00,"262,800.00"
2019-03-21,2019032101004070,SICL,1,10,39,877.00,"34,203.00"
2019-03-21,2019032101004069,SICL,50,10,520,877.00,"456,040.00"
2019-03-21,2019032101004068,SICL,29,10,25,880.00,"22,000.00"
2019-03-21,2019032101003759,SICL,29,38,150,880.00,"132,000.00"
2019-03-21,2019032101004087,SIL,11,33,200,613.00,"122,600.00"
2019-03-21,2019032101004121,SKBBL,48,7,100,860.00,"86,000.00"
2019-03-21,2019032101004136,SLBS,38,38,18,909.00,"16,362.00"
2019-03-21,2019032101004026,SLBS,11,41,18,900.00,"16,200.00"
2019-03-21,2019032101004106,SLBSL,38,38,10,728.00,"7,280.00"
2019-03-21,2019032101003876,SLBSL,52,38,10,725.00,"7,250.00"
2019-03-21,2019032101003858,SLBSL,52,38,10,725.00,"7,250.00"
2019-03-21,2019032101003782,SLBSL,52,32,10,728.00,"7,280.00"
2019-03-21,2019032101003781,SLBSL,52,42,10,727.00,"7,270.00"
2019-03-21,2019032101003780,SLBSL,52,58,10,726.00,"7,260.00"
2019-03-21,2019032101003772,SLBSL,52,42,50,717.00,"35,850.00"
2019-03-21,2019032101003771,SLBSL,33,42,40,717.00,"28,680.00"
2019-03-21,2019032101004063,SLICL,51,16,45,517.00,"23,265.00"
2019-03-21,2019032101004062,SLICL,16,16,70,517.00,"36,190.00"
2019-03-21,2019032101003989,SLICL,16,55,30,517.00,"15,510.00"
2019-03-21,2019032101003933,SLICL,25,53,15,520.00,"7,800.00"
2019-03-21,2019032101003796,SLICL,25,32,200,517.00,"103,400.00"
2019-03-21,2019032101003973,SMATA,44,54,30,"1,250.00","37,500.00"
2019-03-21,2019032101003836,SMATA,38,17,18,"1,244.00","22,392.00"
2019-03-21,2019032101004047,SMB,45,37,10,655.00,"6,550.00"
2019-03-21,2019032101004044,SPDL,38,38,10,102.00,"1,020.00"
2019-03-21,2019032101003913,SPDL,29,32,15,101.00,"1,515.00"
2019-03-21,2019032101003886,SPDL,29,32,15,101.00,"1,515.00"
2019-03-21,2019032101003872,SPDL,29,32,15,101.00,"1,515.00"
2019-03-21,2019032101003857,SPDL,29,32,15,101.00,"1,515.00"
2019-03-21,2019032101003656,SPDL,29,39,15,101.00,"1,515.00"
2019-03-21,2019032101004040,SRBL,46,44,300,216.00,"64,800.00"
2019-03-21,2019032101003957,SRBL,49,56,340,215.00,"73,100.00"
2019-03-21,2019032101003956,SRBL,43,56,47,215.00,"10,105.00"
2019-03-21,2019032101003730,SRBL,43,22,744,215.00,"159,960.00"
2019-03-21,2019032101004104,UFL,28,18,189,200.00,"37,800.00"
2019-03-21,2019032101003812,UIC,13,32,200,767.00,"153,400.00"
2019-03-21,2019032101003763,UIC,48,10,140,765.00,"107,100.00"
2019-03-21,2019032101003762,UIC,7,10,100,766.00,"76,600.00"
2019-03-21,2019032101003736,UIC,37,32,100,767.00,"76,700.00"
2019-03-21,2019032101003735,UMHL,36,59,62,112.00,"6,944.00"
2019-03-21,2019032101004142,UPPER,34,58,50,239.00,"11,950.00"
2019-03-21,2019032101004126,UPPER,34,58,40,239.00,"9,560.00"
2019-03-21,2019032101004103,UPPER,34,46,80,239.00,"19,120.00"
2019-03-21,2019032101004102,UPPER,21,46,460,239.00,"109,940.00"
2019-03-21,2019032101004055,UPPER,21,58,40,239.00,"9,560.00"
2019-03-21,2019032101003651,UPPER,34,50,580,240.00,"139,200.00"
2019-03-21,2019032101003765,UPPER,57,37,320,240.00,"76,800.00"
2019-03-21,2019032101003745,UPPER,57,58,40,239.00,"9,560.00"
2019-03-21,2019032101003655,UPPER,57,56,40,239.00,"9,560.00"
2019-03-21,2019032101003654,UPPER,34,37,330,240.00,"79,200.00"
2019-03-21,2019032101003653,UPPER,34,50,"1,000",240.00,"240,000.00"
2019-03-21,2019032101003652,UPPER,34,42,90,240.00,"21,600.00"
2019-03-21,2019032101003779,UPPER,57,42,40,239.00,"9,560.00"
2019-03-21,2019032101003770,UPPER,57,37,87,240.00,"20,880.00"
2019-03-21,2019032101003769,UPPER,57,28,68,240.00,"16,320.00"
2019-03-21,2019032101003768,UPPER,57,50,500,240.00,"120,000.00"
2019-03-21,2019032101003767,UPPER,57,59,50,240.00,"12,000.00"
2019-03-21,2019032101003766,UPPER,57,53,50,240.00,"12,000.00"
2019-03-21,2019032101003851,UPPER,38,50,250,240.00,"60,000.00"
2019-03-21,2019032101003811,UPPER,57,26,50,239.00,"11,950.00"
2019-03-21,2019032101003802,UPPER,41,1,50,240.00,"12,000.00"
2019-03-21,2019032101003793,UPPER,10,1,300,240.00,"72,000.00"
2019-03-21,2019032101003792,UPPER,8,1,50,240.00,"12,000.00"
2019-03-21,2019032101003929,UPPER,38,50,50,240.00,"12,000.00"
2019-03-21,2019032101003925,UPPER,50,38,50,239.00,"11,950.00"
2019-03-21,2019032101003919,UPPER,50,58,40,239.00,"9,560.00"
2019-03-21,2019032101003901,UPPER,50,58,136,239.00,"32,504.00"
2019-03-21,2019032101003900,UPPER,57,58,59,239.00,"14,101.00"
2019-03-21,2019032101003877,UPPER,57,37,40,239.00,"9,560.00"
2019-03-21,2019032101004054,UPPER,50,58,34,239.00,"8,126.00"
2019-03-21,2019032101003999,UPPER,50,58,50,239.00,"11,950.00"
2019-03-21,2019032101003962,UPPER,50,58,97,239.00,"23,183.00"
2019-03-21,2019032101003934,UPPER,50,16,53,239.00,"12,667.00"
2019-03-21,2019032101003932,UPPER,50,38,40,239.00,"9,560.00"
2019-03-21,2019032101003731,VLBS,6,6,452,660.00,"298,320.00"
2019-03-21,2019032101003523,ADBL,8,41,28,296.00,"8,288.00"
2019-03-21,2019032101003522,ADBL,51,41,96,296.00,"28,416.00"
2019-03-21,2019032101003521,ADBL,25,41,59,296.00,"17,464.00"
2019-03-21,2019032101003283,ADBL,39,56,10,300.00,"3,000.00"
2019-03-21,2019032101003148,ADBL,25,51,42,296.00,"12,432.00"
2019-03-21,2019032101003276,AHPC,20,25,200,103.00,"20,600.00"
2019-03-21,2019032101003259,AHPC,20,37,127,103.00,"13,081.00"
2019-03-21,2019032101003530,AHPC,20,41,108,103.00,"11,124.00"
2019-03-21,2019032101003173,AKJCL,52,58,10,83.00,830.00
2019-03-21,2019032101003411,AKPL,14,46,11,166.00,"1,826.00"
2019-03-21,2019032101003362,ALBSL,32,1,10,510.00,"5,100.00"
2019-03-21,2019032101003288,ALBSL,32,1,10,510.00,"5,100.00"
2019-03-21,2019032101003277,ALBSL,32,1,10,510.00,"5,100.00"
2019-03-21,2019032101003261,ALBSL,32,1,10,510.00,"5,100.00"
2019-03-21,2019032101003258,ALBSL,32,1,10,510.00,"5,100.00"
2019-03-21,2019032101003255,ALBSL,32,1,10,510.00,"5,100.00"
2019-03-21,2019032101003251,ALBSL,32,1,10,510.00,"5,100.00"
2019-03-21,2019032101003247,ALBSL,32,1,10,510.00,"5,100.00"
2019-03-21,2019032101003245,ALBSL,32,1,10,510.00,"5,100.00"
2019-03-21,2019032101003242,ALBSL,32,1,10,510.00,"5,100.00"
2019-03-21,2019032101003451,ALICL,34,33,35,389.00,"13,615.00"
2019-03-21,2019032101003450,ALICL,32,33,100,390.00,"39,000.00"
2019-03-21,2019032101003449,ALICL,21,33,65,390.00,"25,350.00"
2019-03-21,2019032101003562,API,7,53,21,134.00,"2,814.00"
2019-03-21,2019032101003534,API,7,41,29,134.00,"3,886.00"
2019-03-21,2019032101003257,API,25,39,14,135.00,"1,890.00"
2019-03-21,2019032101003547,BARUN,45,41,10,93.00,930.00
2019-03-21,2019032101003481,BBC,39,35,20,"1,633.00","32,660.00"
2019-03-21,2019032101003560,BOKL,17,41,265,244.00,"64,660.00"
2019-03-21,2019032101003555,BOKL,35,41,100,245.00,"24,500.00"
2019-03-21,2019032101003554,BOKL,28,41,22,245.00,"5,390.00"
2019-03-21,2019032101003553,BOKL,50,41,30,245.00,"7,350.00"
2019-03-21,2019032101003546,BOKL,50,49,70,245.00,"17,150.00"
2019-03-21,2019032101003545,BOKL,41,49,100,245.00,"24,500.00"
2019-03-21,2019032101003323,BOKL,56,34,865,248.00,"214,520.00"
2019-03-21,2019032101003322,BOKL,56,1,200,247.00,"49,400.00"
2019-03-21,2019032101003162,BOKL,17,21,100,247.00,"24,700.00"
2019-03-21,2019032101003161,BOKL,17,7,50,247.00,"12,350.00"
2019-03-21,2019032101003160,BOKL,17,22,300,247.00,"74,100.00"
2019-03-21,2019032101003544,BOKL,26,49,133,245.00,"32,585.00"
2019-03-21,2019032101003543,BOKL,17,49,50,246.00,"12,300.00"
2019-03-21,2019032101003542,BOKL,17,49,42,246.00,"10,332.00"
2019-03-21,2019032101003541,BOKL,56,49,105,247.00,"25,935.00"
2019-03-21,2019032101003487,BOKL,56,43,100,247.00,"24,700.00"
2019-03-21,2019032101003463,BOKL,56,35,130,247.00,"32,110.00"
2019-03-21,2019032101003588,BPCL,1,46,80,356.00,"28,480.00"
2019-03-21,2019032101003587,BPCL,45,46,40,356.00,"14,240.00"
2019-03-21,2019032101003574,BPCL,45,16,30,356.00,"10,680.00"
2019-03-21,2019032101003568,BPCL,45,41,30,356.00,"10,680.00"
2019-03-21,2019032101003214,BPCL,50,43,11,357.00,"3,927.00"
2019-03-21,2019032101003548,CBBL,21,45,98,880.00,"86,240.00"
2019-03-21,2019032101003428,CBBL,56,14,10,878.00,"8,780.00"
2019-03-21,2019032101003635,CBL,58,52,50,154.00,"7,700.00"
2019-03-21,2019032101003563,CBL,40,40,9,154.00,"1,386.00"
2019-03-21,2019032101003154,CBL,42,22,110,155.00,"17,050.00"
2019-03-21,2019032101003634,CCBL,25,57,"1,366",160.00,"218,560.00"
2019-03-21,2019032101003618,CCBL,45,57,20,160.00,"3,200.00"
2019-03-21,2019032101003617,CCBL,16,57,500,160.00,"80,000.00"
2019-03-21,2019032101003616,CCBL,37,57,419,160.00,"67,040.00"
2019-03-21,2019032101003594,CCBL,37,45,81,160.00,"12,960.00"
2019-03-21,2019032101003593,CCBL,25,45,19,160.00,"3,040.00"
2019-03-21,2019032101003264,CCBL,49,51,100,160.00,"16,000.00"
2019-03-21,2019032101003263,CCBL,26,51,790,160.00,"126,400.00"
2019-03-21,2019032101003217,CCBL,26,51,"1,210",160.00,"193,600.00"
2019-03-21,2019032101003216,CCBL,46,51,100,160.00,"16,000.00"
2019-03-21,2019032101003215,CCBL,10,51,330,160.00,"52,800.00"
2019-03-21,2019032101003270,CCBL,37,51,500,160.00,"80,000.00"
2019-03-21,2019032101003269,CCBL,25,51,100,160.00,"16,000.00"
2019-03-21,2019032101003268,CCBL,8,51,500,160.00,"80,000.00"
2019-03-21,2019032101003267,CCBL,21,51,500,160.00,"80,000.00"
2019-03-21,2019032101003266,CCBL,37,51,500,160.00,"80,000.00"
2019-03-21,2019032101003265,CCBL,32,51,100,160.00,"16,000.00"
2019-03-21,2019032101003573,CCBL,25,41,181,160.00,"28,960.00"
2019-03-21,2019032101003347,CCBL,25,51,430,160.00,"68,800.00"
2019-03-21,2019032101003346,CCBL,37,51,200,160.00,"32,000.00"
2019-03-21,2019032101003273,CCBL,25,51,500,160.00,"80,000.00"
2019-03-21,2019032101003272,CCBL,25,51,"1,000",160.00,"160,000.00"
2019-03-21,2019032101003271,CCBL,25,51,50,160.00,"8,000.00"
2019-03-21,2019032101003611,CEFL,4,45,20,96.00,"1,920.00"
2019-03-21,2019032101003578,CFCL,57,41,201,106.00,"21,306.00"
2019-03-21,2019032101003361,CFCL,28,59,13,108.00,"1,404.00"
2019-03-21,2019032101003566,CHCL,21,42,23,506.00,"11,638.00"
2019-03-21,2019032101003565,CHCL,21,37,77,506.00,"38,962.00"
2019-03-21,2019032101003404,CHCL,34,48,50,505.00,"25,250.00"
2019-03-21,2019032101003393,CHCL,38,37,50,506.00,"25,300.00"
2019-03-21,2019032101003389,CHCL,34,46,149,505.00,"75,245.00"
2019-03-21,2019032101003345,CHCL,1,37,24,506.00,"12,144.00"
2019-03-21,2019032101003344,CHCL,1,58,26,505.00,"13,130.00"
2019-03-21,2019032101003231,CHCL,42,37,100,505.00,"50,500.00"
2019-03-21,2019032101003351,CHLBS,55,20,10,554.00,"5,540.00"
2019-03-21,2019032101003332,CHLBS,43,20,10,555.00,"5,550.00"
2019-03-21,2019032101003210,CHLBS,1,1,10,558.00,"5,580.00"
2019-03-21,2019032101003170,CHLBS,55,41,10,555.00,"5,550.00"
2019-03-21,2019032101003168,CHLBS,55,20,10,555.00,"5,550.00"
2019-03-21,2019032101003155,CHLBS,1,1,10,558.00,"5,580.00"
2019-03-21,2019032101003564,CIT,22,39,23,"2,671.00","61,433.00"
2019-03-21,2019032101003531,CIT,48,33,50,"2,675.00","133,750.00"
2019-03-21,2019032101003163,CIT,45,25,10,"2,680.00","26,800.00"
2019-03-21,2019032101003390,CLBSL,44,32,150,581.00,"87,150.00"
2019-03-21,2019032101003372,DDBL,58,32,30,582.00,"17,460.00"
2019-03-21,2019032101003636,DHPL,14,41,10,90.00,900.00
2019-03-21,2019032101003244,DHPL,1,1,11,90.00,990.00
2019-03-21,2019032101003225,DHPL,1,1,11,90.00,990.00
2019-03-21,2019032101003629,EBL,44,28,332,552.00,"183,264.00"
2019-03-21,2019032101003628,EBL,44,10,115,552.00,"63,480.00"
2019-03-21,2019032101003627,EBL,44,43,53,552.00,"29,256.00"
2019-03-21,2019032101003609,EBL,19,22,100,551.00,"55,100.00"
2019-03-21,2019032101003505,EBL,57,22,320,552.00,"176,640.00"
2019-03-21,2019032101003504,EBL,57,50,190,552.00,"104,880.00"
2019-03-21,2019032101003152,EBL,42,28,20,551.00,"11,020.00"
2019-03-21,2019032101003314,EBL,16,57,17,550.00,"9,350.00"
2019-03-21,2019032101003313,EBL,38,57,30,550.00,"16,500.00"
2019-03-21,2019032101003292,EBL,58,42,50,549.00,"27,450.00"
2019-03-21,2019032101003254,EBL,57,57,"1,099",550.00,"604,450.00"
2019-03-21,2019032101003253,EBL,57,22,200,550.00,"110,000.00"
2019-03-21,2019032101003223,EBL,45,22,100,550.00,"55,000.00"
2019-03-21,2019032101003495,EBL,58,58,13,551.00,"7,163.00"
2019-03-21,2019032101003373,EBL,45,28,480,551.00,"264,480.00"
2019-03-21,2019032101003174,EIC,42,45,28,855.00,"23,940.00"
2019-03-21,2019032101003199,FMDBL,42,47,50,366.00,"18,300.00"
2019-03-21,2019032101003181,FOWAD,38,45,100,"1,505.00","150,500.00"
2019-03-21,2019032101003599,GBBL,32,7,31,188.00,"5,828.00"
2019-03-21,2019032101003476,GBBL,42,21,55,187.00,"10,285.00"
2019-03-21,2019032101003248,GBBL,14,40,49,189.00,"9,261.00"
2019-03-21,2019032101003494,GBIME,42,40,126,261.00,"32,886.00"
2019-03-21,2019032101003493,GBIME,1,40,107,261.00,"27,927.00"
2019-03-21,2019032101003492,GBIME,51,40,67,262.00,"17,554.00"
2019-03-21,2019032101003385,GBIME,51,46,33,262.00,"8,646.00"
2019-03-21,2019032101003384,GBIME,56,46,20,262.00,"5,240.00"
2019-03-21,2019032101003296,GBIME,56,52,519,263.00,"136,497.00"
2019-03-21,2019032101003287,GBIME,56,47,340,262.00,"89,080.00"
2019-03-21,2019032101003286,GBIME,56,33,180,262.00,"47,160.00"
2019-03-21,2019032101003318,GBIMEP,45,58,"6,351",174.00,"1,105,074.00"
2019-03-21,2019032101003317,GBIMEP,45,58,"6,351",174.00,"1,105,074.00"
2019-03-21,2019032101003559,GBLBS,45,42,10,449.00,"4,490.00"
2019-03-21,2019032101003640,GDBL,45,35,122,184.00,"22,448.00"
2019-03-21,2019032101003639,GDBL,40,35,68,184.00,"12,512.00"
2019-03-21,2019032101003638,GDBL,25,35,60,185.00,"11,100.00"
2019-03-21,2019032101003637,GDBL,14,35,50,185.00,"9,250.00"
2019-03-21,2019032101003575,GLICL,25,43,30,510.00,"15,300.00"
2019-03-21,2019032101003558,GLICL,19,21,20,512.00,"10,240.00"
2019-03-21,2019032101003529,GLICL,25,21,20,510.00,"10,200.00"
2019-03-21,2019032101003528,GLICL,25,1,100,510.00,"51,000.00"
2019-03-21,2019032101003527,GLICL,25,53,50,510.00,"25,500.00"
2019-03-21,2019032101003526,GLICL,25,52,200,509.00,"101,800.00"
2019-03-21,2019032101003525,GLICL,25,43,100,509.00,"50,900.00"
2019-03-21,2019032101003524,GLICL,25,39,100,509.00,"50,900.00"
2019-03-21,2019032101003309,GRDBL,17,17,88,105.00,"9,240.00"
2019-03-21,2019032101003447,GUFL,58,58,66,112.00,"7,392.00"
2019-03-21,2019032101003418,HDL,50,14,10,"1,355.00","13,550.00"
2019-03-21,2019032101003571,HGI,26,40,200,382.00,"76,400.00"
2019-03-21,2019032101003597,HIDCL,16,38,56,131.00,"7,336.00"
2019-03-21,2019032101003596,HIDCL,38,44,56,132.00,"7,392.00"
2019-03-21,2019032101003517,HIDCL,16,5,57,131.00,"7,467.00"
2019-03-21,2019032101003516,HIDCL,22,5,200,131.00,"26,200.00"
2019-03-21,2019032101003515,HIDCL,40,5,100,131.00,"13,100.00"
2019-03-21,2019032101003514,HIDCL,22,5,43,131.00,"5,633.00"
2019-03-21,2019032101003478,HIDCL,40,44,50,132.00,"6,600.00"
2019-03-21,2019032101003431,HIDCL,22,37,36,131.00,"4,716.00"
2019-03-21,2019032101003260,HIDCL,42,44,"1,000",132.00,"132,000.00"
2019-03-21,2019032101003224,HIDCL,22,13,24,131.00,"3,144.00"
2019-03-21,2019032101003614,HPPL,41,52,10,185.00,"1,850.00"
2019-03-21,2019032101003586,HPPL,38,38,20,186.00,"3,720.00"
2019-03-21,2019032101003184,HPPL,41,1,10,185.00,"1,850.00"
2019-03-21,2019032101003644,JBNL,44,29,629,169.00,"106,301.00"
2019-03-21,2019032101003643,JBNL,38,29,127,169.00,"21,463.00"
2019-03-21,2019032101003201,JBNL,38,51,63,169.00,"10,647.00"
2019-03-21,2019032101003175,JBNL,38,51,800,169.00,"135,200.00"
2019-03-21,2019032101003166,JSLBB,57,38,75,"2,190.00","164,250.00"
2019-03-21,2019032101003153,JSLBB,46,38,19,"2,200.00","41,800.00"
2019-03-21,2019032101003252,JSLBB,38,38,100,"2,190.00","219,000.00"
2019-03-21,2019032101003376,KBL,36,58,100,233.00,"23,300.00"
2019-03-21,2019032101003552,KPCL,25,7,10,94.00,940.00
2019-03-21,2019032101003577,KRBL,33,11,374,100.00,"37,400.00"
2019-03-21,2019032101003576,KRBL,33,11,126,100.00,"12,600.00"
2019-03-21,2019032101003324,KRBL,33,43,47,100.00,"4,700.00"
2019-03-21,2019032101003462,KSBBL,11,51,500,138.00,"69,000.00"
2019-03-21,2019032101003461,KSBBL,11,22,150,138.00,"20,700.00"
2019-03-21,2019032101003601,LBBL,17,53,300,172.00,"51,600.00"
2019-03-21,2019032101003330,LBBL,49,43,53,171.00,"9,063.00"
2019-03-21,2019032101003171,LBBL,36,1,40,171.00,"6,840.00"
2019-03-21,2019032101003603,LBL,26,45,100,193.00,"19,300.00"
2019-03-21,2019032101003356,LICN,45,57,136,"1,500.00","204,000.00"
2019-03-21,2019032101003355,LICN,45,28,23,"1,500.00","34,500.00"
2019-03-21,2019032101003295,LICN,45,22,200,"1,498.00","299,600.00"
2019-03-21,2019032101003626,LVF1,43,41,"2,000",9.35,"18,700.00"
2019-03-21,2019032101003520,MBL,44,38,400,216.00,"86,400.00"
2019-03-21,2019032101003519,MBL,44,22,"1,097",216.00,"236,952.00"
2019-03-21,2019032101003477,MBL,50,22,200,216.00,"43,200.00"
2019-03-21,2019032101003453,MBL,40,22,"1,000",216.00,"216,000.00"
2019-03-21,2019032101003366,MBL,14,58,247,216.00,"53,352.00"
2019-03-21,2019032101003289,MBL,36,58,800,216.00,"172,800.00"
2019-03-21,2019032101003434,MDB,19,56,10,233.00,"2,330.00"
2019-03-21,2019032101003448,MEGA,22,17,60,162.00,"9,720.00"
2019-03-21,2019032101003368,MEGA,21,38,13,163.00,"2,119.00"
2019-03-21,2019032101003367,MEGA,21,33,487,163.00,"79,381.00"
2019-03-21,2019032101003298,MEGA,22,17,681,162.00,"110,322.00"
2019-03-21,2019032101003297,MEGA,42,17,468,162.00,"75,816.00"
2019-03-21,2019032101003284,MEGA,45,33,200,163.00,"32,600.00"
2019-03-21,2019032101003236,MEGA,40,33,823,163.00,"134,149.00"
2019-03-21,2019032101003235,MEGA,40,45,100,163.00,"16,300.00"
2019-03-21,2019032101003234,MEGA,40,1,77,163.00,"12,551.00"
2019-03-21,2019032101003455,MERO,54,37,47,572.00,"26,884.00"
2019-03-21,2019032101003454,MERO,32,37,20,572.00,"11,440.00"
2019-03-21,2019032101003427,MFIL,38,21,50,115.00,"5,750.00"
2019-03-21,2019032101003371,MFIL,47,29,900,116.00,"104,400.00"
2019-03-21,2019032101003370,MFIL,47,47,100,116.00,"11,600.00"
2019-03-21,2019032101003250,MLBL,59,53,23,170.00,"3,910.00"
2019-03-21,2019032101003249,MLBL,59,58,27,170.00,"4,590.00"
2019-03-21,2019032101003165,MLBL,42,7,54,168.00,"9,072.00"
2019-03-21,2019032101003441,NABIL,39,54,100,715.00,"71,500.00"
2019-03-21,2019032101003440,NABIL,33,54,200,715.00,"143,000.00"
2019-03-21,2019032101003439,NABIL,38,54,20,715.00,"14,300.00"
2019-03-21,2019032101003438,NABIL,41,54,10,715.00,"7,150.00"
2019-03-21,2019032101003437,NABIL,22,54,10,715.00,"7,150.00"
2019-03-21,2019032101003436,NABIL,55,54,222,716.00,"158,952.00"
2019-03-21,2019032101003410,NABIL,55,5,328,716.00,"234,848.00"
2019-03-21,2019032101003316,NABIL,38,5,20,716.00,"14,320.00"
2019-03-21,2019032101003312,NABIL,11,5,50,716.00,"35,800.00"
2019-03-21,2019032101003150,NABIL,42,5,25,716.00,"17,900.00"
2019-03-21,2019032101003500,NABILP,59,33,50,693.00,"34,650.00"
2019-03-21,2019032101003499,NABILP,21,33,50,694.00,"34,700.00"
2019-03-21,2019032101003321,NBB,45,35,185,191.00,"35,335.00"
2019-03-21,2019032101003320,NBB,8,35,15,191.00,"2,865.00"
2019-03-21,2019032101003230,NBB,8,33,50,191.00,"9,550.00"
2019-03-21,2019032101003608,NBBL,10,39,100,590.00,"59,000.00"
2019-03-21,2019032101003607,NBBL,49,39,100,596.00,"59,600.00"
2019-03-21,2019032101003606,NBBL,14,39,80,597.00,"47,760.00"
2019-03-21,2019032101003584,NBBL,14,28,20,597.00,"11,940.00"
2019-03-21,2019032101003583,NBBL,40,28,30,598.00,"17,940.00"
2019-03-21,2019032101003582,NBBL,51,28,39,600.00,"23,400.00"
2019-03-21,2019032101003513,NBBL,57,39,50,600.00,"30,000.00"
2019-03-21,2019032101003512,NBBL,21,39,100,601.00,"60,100.00"
2019-03-21,2019032101003511,NBBL,21,39,20,601.00,"12,020.00"
2019-03-21,2019032101003497,NBL,59,33,80,290.00,"23,200.00"
2019-03-21,2019032101003506,NCCB,58,58,1,211.00,211.00
2019-03-21,2019032101003496,NCCB,41,29,25,212.00,"5,300.00"
2019-03-21,2019032101003486,NCCB,42,25,713,210.00,"149,730.00"
2019-03-21,2019032101003402,NCCB,21,38,"1,000",211.00,"211,000.00"
2019-03-21,2019032101003401,NCCB,39,38,100,211.00,"21,100.00"
2019-03-21,2019032101003400,NCCB,34,38,"1,000",211.00,"211,000.00"
2019-03-21,2019032101003399,NCCB,34,38,200,211.00,"42,200.00"
2019-03-21,2019032101003398,NCCB,25,38,300,211.00,"63,300.00"
2019-03-21,2019032101003549,NGPL,26,50,36,124.00,"4,464.00"
2019-03-21,2019032101003538,NGPL,14,50,100,124.00,"12,400.00"
2019-03-21,2019032101003537,NGPL,1,50,89,124.00,"11,036.00"
2019-03-21,2019032101003417,NGPL,45,50,75,126.00,"9,450.00"
2019-03-21,2019032101003433,NHDL,50,37,10,125.00,"1,250.00"
2019-03-21,2019032101003365,NHPC,28,17,20,73.00,"1,460.00"
2019-03-21,2019032101003354,NHPC,29,35,100,72.00,"7,200.00"
2019-03-21,2019032101003615,NIB,17,6,60,529.00,"31,740.00"
2019-03-21,2019032101003589,NIB,29,41,32,528.00,"16,896.00"
2019-03-21,2019032101003572,NIB,38,6,37,529.00,"19,573.00"
2019-03-21,2019032101003570,NIB,29,38,16,528.00,"8,448.00"
2019-03-21,2019032101003569,NIB,11,38,21,528.00,"11,088.00"
2019-03-21,2019032101003533,NIB,11,51,29,528.00,"15,312.00"
2019-03-21,2019032101003151,NIB,26,41,31,528.00,"16,368.00"
2019-03-21,2019032101003532,NIB,26,51,21,528.00,"11,088.00"
2019-03-21,2019032101003452,NIB,38,22,50,530.00,"26,500.00"
2019-03-21,2019032101003405,NIB,38,22,50,530.00,"26,500.00"
2019-03-21,2019032101003307,NIB,26,22,948,528.00,"500,544.00"
2019-03-21,2019032101003306,NIB,45,22,75,529.00,"39,675.00"
2019-03-21,2019032101003238,NIB,45,13,25,529.00,"13,225.00"
2019-03-21,2019032101003416,NIBLPF,4,49,"1,729",7.40,"12,794.60"
2019-03-21,2019032101003415,NIBLPF,4,45,758,7.39,"5,601.62"
2019-03-21,2019032101003329,NIBPO,11,22,50,485.00,"24,250.00"
2019-03-21,2019032101003239,NIBSF1,22,41,"6,956",8.52,"59,265.12"
2019-03-21,2019032101003630,NICA,17,52,50,396.00,"19,800.00"
2019-03-21,2019032101003388,NICA,19,54,16,396.00,"6,336.00"
2019-03-21,2019032101003290,NICA,38,54,50,396.00,"19,800.00"
2019-03-21,2019032101003220,NICA,55,54,34,396.00,"13,464.00"
2019-03-21,2019032101003167,NICA,55,41,323,396.00,"127,908.00"
2019-03-21,2019032101003158,NICA,55,20,43,396.00,"17,028.00"
2019-03-21,2019032101003157,NICA,26,20,112,396.00,"44,352.00"
2019-03-21,2019032101003468,NICL,25,54,385,370.00,"142,450.00"
2019-03-21,2019032101003467,NICL,25,54,200,371.00,"74,200.00"
2019-03-21,2019032101003466,NICL,44,54,415,371.00,"153,965.00"
2019-03-21,2019032101003465,NICL,21,54,500,372.00,"186,000.00"
2019-03-21,2019032101003350,NICL,44,14,85,371.00,"31,535.00"
2019-03-21,2019032101003349,NICL,14,14,15,372.00,"5,580.00"
2019-03-21,2019032101003291,NICL,14,20,35,372.00,"13,020.00"
2019-03-21,2019032101003222,NICL,53,20,591,372.00,"219,852.00"
2019-03-21,2019032101003221,NICL,25,20,109,372.00,"40,548.00"
2019-03-21,2019032101003194,NICL,25,20,24,372.00,"8,928.00"
2019-03-21,2019032101003226,NIL,14,34,50,519.00,"25,950.00"
2019-03-21,2019032101003202,NIL,13,20,50,515.00,"25,750.00"
2019-03-21,2019032101003180,NIL,13,41,36,515.00,"18,540.00"
2019-03-21,2019032101003536,NLBBL,53,45,100,452.00,"45,200.00"
2019-03-21,2019032101003595,NLIC,32,33,50,"1,078.00","53,900.00"
2019-03-21,2019032101003540,NLIC,49,33,50,"1,078.00","53,900.00"
2019-03-21,2019032101003396,NLIC,38,33,50,"1,080.00","54,000.00"
2019-03-21,2019032101003241,NLIC,14,51,33,"1,084.00","35,772.00"
2019-03-21,2019032101003240,NLIC,14,7,17,"1,084.00","18,428.00"
2019-03-21,2019032101003207,NLIC,11,41,24,"1,077.00","25,848.00"
2019-03-21,2019032101003206,NLIC,41,41,33,"1,077.00","35,541.00"
2019-03-21,2019032101003205,NLIC,11,41,12,"1,080.00","12,960.00"
2019-03-21,2019032101003169,NLIC,11,44,88,"1,080.00","95,040.00"
2019-03-21,2019032101003539,NLICL,22,42,60,577.00,"34,620.00"
2019-03-21,2019032101003472,NLICL,37,54,125,575.00,"71,875.00"
2019-03-21,2019032101003471,NLICL,49,54,20,576.00,"11,520.00"
2019-03-21,2019032101003470,NLICL,14,54,300,576.00,"172,800.00"
2019-03-21,2019032101003419,NLICL,32,42,50,577.00,"28,850.00"
2019-03-21,2019032101003383,NLICL,41,42,50,577.00,"28,850.00"
2019-03-21,2019032101003382,NLICL,35,42,100,577.00,"57,700.00"
2019-03-21,2019032101003647,NMB,17,45,20,323.00,"6,460.00"
2019-03-21,2019032101003612,NMB,17,45,80,323.00,"25,840.00"
2019-03-21,2019032101003508,NMB,58,6,300,323.00,"96,900.00"
2019-03-21,2019032101003395,NMB,45,45,100,322.00,"32,200.00"
2019-03-21,2019032101003213,NMB,45,41,246,322.00,"79,212.00"
2019-03-21,2019032101003212,NMB,54,41,30,322.00,"9,660.00"
2019-03-21,2019032101003211,NMB,45,41,24,322.00,"7,728.00"
2019-03-21,2019032101003208,NMB,38,6,50,323.00,"16,150.00"
2019-03-21,2019032101003172,NMB,45,20,76,322.00,"24,472.00"
2019-03-21,2019032101003219,NMBMF,6,41,15,"1,009.00","15,135.00"
2019-03-21,2019032101003218,NMBMF,56,41,20,"1,010.00","20,200.00"
2019-03-21,2019032101003233,NMBSF1,14,41,"7,830",10.10,"79,083.00"
2019-03-21,2019032101003535,NMFBS,38,38,23,"1,595.00","36,685.00"
2019-03-21,2019032101003408,NMFBS,33,19,12,"1,595.00","19,140.00"
2019-03-21,2019032101003315,NMFBS,41,41,12,"1,564.00","18,768.00"
2019-03-21,2019032101003435,NNLB,45,16,25,460.00,"11,500.00"
2019-03-21,2019032101003426,NSEWA,22,39,10,520.00,"5,200.00"
2019-03-21,2019032101003425,NSEWA,52,39,90,523.00,"47,070.00"
2019-03-21,2019032101003424,NSEWA,52,39,40,524.00,"20,960.00"
2019-03-21,2019032101003423,NSEWA,42,39,40,525.00,"21,000.00"
2019-03-21,2019032101003422,NSEWA,51,39,10,525.00,"5,250.00"
2019-03-21,2019032101003421,NSEWA,37,39,20,525.00,"10,500.00"
2019-03-21,2019032101003420,NSEWA,29,39,20,528.00,"10,560.00"
2019-03-21,2019032101003394,NTC,39,19,10,679.00,"6,790.00"
2019-03-21,2019032101003327,NTC,34,41,26,677.00,"17,602.00"
2019-03-21,2019032101003326,NTC,34,41,20,677.00,"13,540.00"
2019-03-21,2019032101003325,NTC,48,41,54,678.00,"36,612.00"
2019-03-21,2019032101003375,NUBL,50,20,486,720.00,"349,920.00"
2019-03-21,2019032101003308,NUBL,50,39,42,720.00,"30,240.00"
2019-03-21,2019032101003302,NUBL,50,39,70,720.00,"50,400.00"
2019-03-21,2019032101003301,NUBL,53,39,30,721.00,"21,630.00"
2019-03-21,2019032101003429,PCBL,56,45,63,318.00,"20,034.00"
2019-03-21,2019032101003275,PCBL,56,57,200,318.00,"63,600.00"
2019-03-21,2019032101003159,PCBL,26,51,500,317.00,"158,500.00"
2019-03-21,2019032101003631,PFL,44,44,1,127.00,127.00
2019-03-21,2019032101003348,PFL,44,44,1,127.00,127.00
2019-03-21,2019032101003333,PFL,44,44,1,127.00,127.00
2019-03-21,2019032101003282,PFL,44,44,1,127.00,127.00
2019-03-21,2019032101003585,PIC,32,16,11,"1,020.00","11,220.00"
2019-03-21,2019032101003483,PIC,32,21,30,"1,020.00","30,600.00"
2019-03-21,2019032101003179,PIC,11,39,11,"1,025.00","11,275.00"
2019-03-21,2019032101003178,PIC,11,39,11,"1,025.00","11,275.00"
2019-03-21,2019032101003177,PIC,11,14,100,"1,025.00","102,500.00"
2019-03-21,2019032101003176,PIC,11,45,11,"1,023.00","11,253.00"
2019-03-21,2019032101003281,PICL,49,39,131,674.00,"88,294.00"
2019-03-21,2019032101003280,PICL,37,39,100,675.00,"67,500.00"
2019-03-21,2019032101003279,PICL,40,39,700,676.00,"473,200.00"
2019-03-21,2019032101003278,PICL,4,39,12,678.00,"8,136.00"
2019-03-21,2019032101003430,PLIC,35,41,36,440.00,"15,840.00"
2019-03-21,2019032101003407,PLIC,38,46,185,439.00,"81,215.00"
2019-03-21,2019032101003342,PLIC,43,41,60,440.00,"26,400.00"
2019-03-21,2019032101003341,PLIC,4,41,200,440.00,"88,000.00"
2019-03-21,2019032101003340,PLIC,38,41,100,440.00,"44,000.00"
2019-03-21,2019032101003339,PLIC,42,41,50,440.00,"22,000.00"
2019-03-21,2019032101003304,PLIC,42,34,50,442.00,"22,100.00"
2019-03-21,2019032101003300,PLIC,28,51,36,443.00,"15,948.00"
2019-03-21,2019032101003338,PLIC,48,41,50,440.00,"22,000.00"
2019-03-21,2019032101003337,PLIC,1,41,300,441.00,"132,300.00"
2019-03-21,2019032101003336,PLIC,35,41,100,441.00,"44,100.00"
2019-03-21,2019032101003335,PLIC,39,41,100,441.00,"44,100.00"
2019-03-21,2019032101003334,PLIC,22,41,100,442.00,"44,200.00"
2019-03-21,2019032101003305,PLIC,22,34,200,442.00,"88,400.00"
2019-03-21,2019032101003646,PMHPL,14,26,10,112.00,"1,120.00"
2019-03-21,2019032101003633,PMHPL,14,26,10,112.00,"1,120.00"
2019-03-21,2019032101003619,PMHPL,14,26,10,112.00,"1,120.00"
2019-03-21,2019032101003610,PMHPL,14,26,10,112.00,"1,120.00"
2019-03-21,2019032101003602,PMHPL,42,26,10,113.00,"1,130.00"
2019-03-21,2019032101003592,PMHPL,42,16,10,113.00,"1,130.00"
2019-03-21,2019032101003591,PMHPL,42,26,10,113.00,"1,130.00"
2019-03-21,2019032101003507,PRIN,45,50,100,412.00,"41,200.00"
2019-03-21,2019032101003357,PRIN,45,41,42,412.00,"17,304.00"
2019-03-21,2019032101003360,PRVU,34,41,498,232.00,"115,536.00"
2019-03-21,2019032101003359,PRVU,36,41,18,232.00,"4,176.00"
2019-03-21,2019032101003204,PRVU,14,57,50,233.00,"11,650.00"
2019-03-21,2019032101003561,RBCL,39,47,10,"9,200.00","92,000.00"
2019-03-21,2019032101003156,RBCL,37,33,22,"9,190.00","202,180.00"
2019-03-21,2019032101003457,RBCLPO,33,47,10,"8,540.00","85,400.00"
2019-03-21,2019032101003386,RHPC,45,58,600,94.00,"56,400.00"
2019-03-21,2019032101003369,RHPC,45,41,38,93.00,"3,534.00"
2019-03-21,2019032101003237,RRHP,17,58,10,98.00,980.00
2019-03-21,2019032101003186,RRHP,14,6,10,97.00,970.00
2019-03-21,2019032101003645,RSDC,16,16,2,370.00,740.00
2019-03-21,2019032101003625,RSDC,39,20,117,366.00,"42,822.00"
2019-03-21,2019032101003624,RSDC,42,20,20,367.00,"7,340.00"
2019-03-21,2019032101003623,RSDC,11,20,50,367.00,"18,350.00"
2019-03-21,2019032101003622,RSDC,44,20,100,367.00,"36,700.00"
2019-03-21,2019032101003621,RSDC,41,20,280,367.00,"102,760.00"
2019-03-21,2019032101003510,RSDC,38,20,82,370.00,"30,340.00"
2019-03-21,2019032101003509,RSDC,21,38,82,369.00,"30,258.00"
2019-03-21,2019032101003392,RSDC,21,43,57,369.00,"21,033.00"
2019-03-21,2019032101003374,RSDC,35,41,57,368.00,"20,976.00"
2019-03-21,2019032101003581,RSDC,42,22,20,368.00,"7,360.00"
2019-03-21,2019032101003580,RSDC,42,22,50,368.00,"18,400.00"
2019-03-21,2019032101003579,RSDC,35,22,43,368.00,"15,824.00"
2019-03-21,2019032101003551,RSDC,40,58,10,369.00,"3,690.00"
2019-03-21,2019032101003550,RSDC,21,58,11,369.00,"4,059.00"
2019-03-21,2019032101003620,SANIMA,36,34,50,296.00,"14,800.00"
2019-03-21,2019032101003397,SANIMA,56,37,43,294.00,"12,642.00"
2019-03-21,2019032101003387,SANIMA,56,41,608,294.00,"178,752.00"
2019-03-21,2019032101003380,SANIMA,57,41,50,295.00,"14,750.00"
2019-03-21,2019032101003379,SANIMA,11,41,200,295.00,"59,000.00"
2019-03-21,2019032101003378,SANIMA,53,41,100,295.00,"29,500.00"
2019-03-21,2019032101003294,SANIMA,44,34,47,296.00,"13,912.00"
2019-03-21,2019032101003642,SBBLJ,50,45,200,196.00,"39,200.00"
2019-03-21,2019032101003641,SBBLJ,14,45,50,196.00,"9,800.00"
2019-03-21,2019032101003319,SBBLJ,36,21,10,198.00,"1,980.00"
2019-03-21,2019032101003293,SBBLJ,45,32,10,200.00,"2,000.00"
2019-03-21,2019032101003488,SBI,34,43,290,392.00,"113,680.00"
2019-03-21,2019032101003409,SBI,34,34,14,392.00,"5,488.00"
2019-03-21,2019032101003391,SBI,34,41,147,392.00,"57,624.00"
2019-03-21,2019032101003377,SBI,34,13,150,393.00,"58,950.00"
2019-03-21,2019032101003590,SBL,49,49,350,285.00,"99,750.00"
2019-03-21,2019032101003557,SBL,21,49,200,285.00,"57,000.00"
2019-03-21,2019032101003482,SBL,50,49,200,285.00,"57,000.00"
2019-03-21,2019032101003353,SBL,19,49,200,285.00,"57,000.00"
2019-03-21,2019032101003352,SBL,14,49,50,285.00,"14,250.00"
2019-03-21,2019032101003632,SCB,44,22,500,570.00,"285,000.00"
2019-03-21,2019032101003475,SCB,13,38,200,568.00,"113,600.00"
2019-03-21,2019032101003474,SCB,22,38,50,568.00,"28,400.00"
2019-03-21,2019032101003473,SCB,42,38,50,568.00,"28,400.00"
2019-03-21,2019032101003274,SCB,45,33,98,569.00,"55,762.00"
2019-03-21,2019032101003243,SCB,14,22,50,570.00,"28,500.00"
2019-03-21,2019032101003193,SCB,13,6,60,570.00,"34,200.00"
2019-03-21,2019032101003192,SCB,13,16,400,570.00,"228,000.00"
2019-03-21,2019032101003191,SCB,13,7,20,570.00,"11,400.00"
2019-03-21,2019032101003358,SDESI,1,52,13,551.00,"7,163.00"
2019-03-21,2019032101003285,SDESI,1,1,4,540.00,"2,160.00"
2019-03-21,2019032101003262,SDESI,1,1,4,540.00,"2,160.00"
2019-03-21,2019032101003256,SDESI,1,1,4,540.00,"2,160.00"
2019-03-21,2019032101003149,SEF,28,43,"1,000",9.15,"9,150.00"
2019-03-21,2019032101003406,SEOS,14,41,"3,000",9.89,"29,670.00"
2019-03-21,2019032101003443,SHPC,45,40,500,226.00,"113,000.00"
2019-03-21,2019032101003442,SHPC,45,40,100,226.00,"22,600.00"
2019-03-21,2019032101003229,SHPC,41,46,"1,000",226.00,"226,000.00"
2019-03-21,2019032101003228,SHPC,50,46,"1,000",226.00,"226,000.00"
2019-03-21,2019032101003227,SHPC,45,46,"1,000",227.00,"227,000.00"
2019-03-21,2019032101003414,SICL,50,41,480,877.00,"420,960.00"
2019-03-21,2019032101003413,SICL,25,41,100,878.00,"87,800.00"
2019-03-21,2019032101003412,SICL,4,41,50,882.00,"44,100.00"
2019-03-21,2019032101003403,SICL,38,6,50,885.00,"44,250.00"
2019-03-21,2019032101003331,SICL,4,47,52,884.00,"45,968.00"
2019-03-21,2019032101003328,SICL,4,47,52,884.00,"45,968.00"
2019-03-21,2019032101003246,SICL,14,6,50,885.00,"44,250.00"
2019-03-21,2019032101003190,SKBBL,26,17,50,860.00,"43,000.00"
2019-03-21,2019032101003189,SKBBL,26,17,15,860.00,"12,900.00"
2019-03-21,2019032101003188,SKBBL,26,13,80,858.00,"68,640.00"
2019-03-21,2019032101003489,SLBSL,33,39,10,717.00,"7,170.00"
2019-03-21,2019032101003432,SLBSL,22,41,10,718.00,"7,180.00"
2019-03-21,2019032101003598,SLICL,48,46,50,517.00,"25,850.00"
2019-03-21,2019032101003364,SLICL,51,32,200,518.00,"103,600.00"
2019-03-21,2019032101003363,SLICL,16,32,45,518.00,"23,310.00"
2019-03-21,2019032101003459,SMATA,38,17,18,"1,244.00","22,392.00"
2019-03-21,2019032101003458,SMATA,21,21,4,"1,260.00","5,040.00"
2019-03-21,2019032101003381,SMB,21,21,700,657.00,"459,900.00"
2019-03-21,2019032101003343,SMB,21,57,10,655.00,"6,550.00"
2019-03-21,2019032101003503,SPDL,38,45,10,102.00,"1,020.00"
2019-03-21,2019032101003502,SPDL,29,38,10,101.00,"1,010.00"
2019-03-21,2019032101003444,SPDL,29,41,11,101.00,"1,111.00"
2019-03-21,2019032101003456,SRBL,43,41,262,215.00,"56,330.00"
2019-03-21,2019032101003518,SWBBL,46,54,55,824.00,"45,320.00"
2019-03-21,2019032101003480,SWBBL,46,22,55,824.00,"45,320.00"
2019-03-21,2019032101003203,SWBBL,29,54,15,830.00,"12,450.00"
2019-03-21,2019032101003200,SWBBL,29,32,20,829.00,"16,580.00"
2019-03-21,2019032101003567,UFL,52,22,107,202.00,"21,614.00"
2019-03-21,2019032101003197,UIC,48,38,10,765.00,"7,650.00"
2019-03-21,2019032101003196,UIC,38,38,60,770.00,"46,200.00"
2019-03-21,2019032101003195,UIC,41,38,30,771.00,"23,130.00"
2019-03-21,2019032101003299,UMHL,36,43,925,112.00,"103,600.00"
2019-03-21,2019032101003613,UPPER,57,35,50,239.00,"11,950.00"
2019-03-21,2019032101003600,UPPER,57,16,50,239.00,"11,950.00"
2019-03-21,2019032101003556,UPPER,57,41,50,239.00,"11,950.00"
2019-03-21,2019032101003501,UPPER,46,50,20,240.00,"4,800.00"
2019-03-21,2019032101003498,UPPER,57,56,40,239.00,"9,560.00"
2019-03-21,2019032101003209,UPPER,22,36,40,238.00,"9,520.00"
2019-03-21,2019032101003198,UPPER,22,49,40,238.00,"9,520.00"
2019-03-21,2019032101003187,UPPER,22,49,40,238.00,"9,520.00"
2019-03-21,2019032101003185,UPPER,1,49,45,238.00,"10,710.00"
2019-03-21,2019032101003183,UPPER,1,6,15,238.00,"3,570.00"
2019-03-21,2019032101003182,UPPER,45,6,35,239.00,"8,365.00"
2019-03-21,2019032101003446,UPPER,57,58,30,239.00,"7,170.00"
2019-03-21,2019032101003445,UPPER,42,58,20,239.00,"4,780.00"
2019-03-21,2019032101003311,UPPER,42,42,40,239.00,"9,560.00"
2019-03-21,2019032101003310,UPPER,59,42,10,239.00,"2,390.00"
2019-03-21,2019032101003303,UPPER,59,1,40,239.00,"9,560.00"
2019-03-21,2019032101003232,UPPER,39,52,200,239.00,"47,800.00"
2019-03-21,2019032101003491,UPPER,57,25,240,239.00,"57,360.00"
2019-03-21,2019032101003485,UPPER,38,50,40,240.00,"9,600.00"
2019-03-21,2019032101003484,UPPER,57,38,40,239.00,"9,560.00"
2019-03-21,2019032101003479,UPPER,21,50,200,240.00,"48,000.00"
2019-03-21,2019032101003469,UPPER,57,37,50,239.00,"11,950.00"
2019-03-21,2019032101003464,UPPER,57,41,181,239.00,"43,259.00"
2019-03-21,2019032101003605,VLBS,38,52,100,658.00,"65,800.00"
2019-03-21,2019032101003604,VLBS,38,37,12,657.00,"7,884.00"
2019-03-21,2019032101003460,VLBS,42,37,12,647.00,"7,764.00"
2019-03-21,2019032101003147,ADBL,22,51,50,297.00,"14,850.00"
2019-03-21,2019032101003146,ADBL,56,51,96,297.00,"28,512.00"
2019-03-21,2019032101003126,ADBL,42,51,50,300.00,"15,000.00"
2019-03-21,2019032101002913,ADBL,56,50,20,298.00,"5,960.00"
2019-03-21,2019032101002912,ADBL,56,29,10,298.00,"2,980.00"
2019-03-21,2019032101002911,ADBL,56,28,140,298.00,"41,720.00"
2019-03-21,2019032101002768,ADBL,56,22,200,297.00,"59,400.00"
2019-03-21,2019032101002767,ADBL,56,51,238,297.00,"70,686.00"
2019-03-21,2019032101002766,ADBL,56,45,56,297.00,"16,632.00"
2019-03-21,2019032101002720,ADBL,51,41,104,296.00,"30,784.00"
2019-03-21,2019032101002654,ADBL,25,56,95,296.00,"28,120.00"
2019-03-21,2019032101003052,AKJCL,25,16,10,82.00,820.00
2019-03-21,2019032101003016,AKJCL,45,42,10,82.00,820.00
2019-03-21,2019032101002709,AKJCL,45,42,10,82.00,820.00
2019-03-21,2019032101003144,ALBSL,32,21,10,510.00,"5,100.00"
2019-03-21,2019032101003140,ALBSL,32,21,10,510.00,"5,100.00"
2019-03-21,2019032101002671,ALBSL,32,35,10,510.00,"5,100.00"
2019-03-21,2019032101002959,ALICL,21,57,35,390.00,"13,650.00"
2019-03-21,2019032101002958,ALICL,33,57,100,391.00,"39,100.00"
2019-03-21,2019032101002957,ALICL,43,57,50,391.00,"19,550.00"
2019-03-21,2019032101002956,ALICL,47,57,15,393.00,"5,895.00"
2019-03-21,2019032101002893,ALICL,50,32,270,392.00,"105,840.00"
2019-03-21,2019032101002871,ALICL,50,36,210,392.00,"82,320.00"
2019-03-21,2019032101002719,API,39,41,29,133.00,"3,857.00"
2019-03-21,2019032101002683,API,42,39,60,135.00,"8,100.00"
2019-03-21,2019032101003002,BARUN,45,21,10,93.00,930.00
2019-03-21,2019032101002979,BARUN,45,21,10,93.00,930.00
2019-03-21,2019032101002721,BARUN,45,41,10,93.00,930.00
2019-03-21,2019032101002702,BARUN,32,10,"1,000",94.00,"94,000.00"
2019-03-21,2019032101002937,BFC,21,45,80,94.00,"7,520.00"
2019-03-21,2019032101002923,BFC,21,45,10,94.00,940.00
2019-03-21,2019032101003134,BHBL,34,54,216,142.00,"30,672.00"
2019-03-21,2019032101002801,BHBL,28,42,10,140.00,"1,400.00"
2019-03-21,2019032101002733,BHBL,58,50,410,139.00,"56,990.00"
2019-03-21,2019032101003139,BOKL,7,50,35,247.00,"8,645.00"
2019-03-21,2019032101003131,BOKL,17,51,58,246.00,"14,268.00"
2019-03-21,2019032101002894,BOKL,26,22,80,245.00,"19,600.00"
2019-03-21,2019032101002731,BOKL,26,41,537,245.00,"131,565.00"
2019-03-21,2019032101002728,BOKL,26,38,150,245.00,"36,750.00"
2019-03-21,2019032101003089,BPCL,50,7,20,357.00,"7,140.00"
2019-03-21,2019032101003008,BPCL,50,7,20,357.00,"7,140.00"
2019-03-21,2019032101002737,BPCL,50,41,30,357.00,"10,710.00"
2019-03-21,2019032101002887,CBBL,49,45,17,882.00,"14,994.00"
2019-03-21,2019032101003020,CBL,58,51,410,154.00,"63,140.00"
2019-03-21,2019032101003019,CBL,44,51,"1,000",154.00,"154,000.00"
2019-03-21,2019032101003018,CBL,22,51,81,154.00,"12,474.00"
2019-03-21,2019032101002820,CBL,22,33,419,154.00,"64,526.00"
2019-03-21,2019032101002819,CBL,53,33,81,154.00,"12,474.00"
2019-03-21,2019032101003125,CCBL,10,16,670,160.00,"107,200.00"
2019-03-21,2019032101003124,CCBL,28,16,300,160.00,"48,000.00"
2019-03-21,2019032101003123,CCBL,26,16,30,160.00,"4,800.00"
2019-03-21,2019032101002748,CCBL,42,41,49,161.00,"7,889.00"
2019-03-21,2019032101002747,CCBL,22,41,127,161.00,"20,447.00"
2019-03-21,2019032101002918,CCBL,58,39,"3,000",161.00,"483,000.00"
2019-03-21,2019032101002825,CCBL,25,33,451,161.00,"72,611.00"
2019-03-21,2019032101002818,CCBL,32,33,49,161.00,"7,889.00"
2019-03-21,2019032101002789,CCBL,26,41,49,160.00,"7,840.00"
2019-03-21,2019032101002764,CFCL,57,41,339,106.00,"35,934.00"
2019-03-21,2019032101002763,CFCL,21,41,10,107.00,"1,070.00"
2019-03-21,2019032101003050,CHCL,17,42,50,503.00,"25,150.00"
2019-03-21,2019032101003138,CHLBS,1,1,10,558.00,"5,580.00"
2019-03-21,2019032101003100,CHLBS,1,1,10,558.00,"5,580.00"
2019-03-21,2019032101003085,CHLBS,1,1,10,558.00,"5,580.00"
2019-03-21,2019032101003058,CHLBS,1,1,10,558.00,"5,580.00"
2019-03-21,2019032101003013,CHLBS,1,1,10,558.00,"5,580.00"
2019-03-21,2019032101002993,CHLBS,1,1,10,558.00,"5,580.00"
2019-03-21,2019032101002942,CHLBS,43,17,10,558.00,"5,580.00"
2019-03-21,2019032101002791,CHLBS,43,44,10,558.00,"5,580.00"
2019-03-21,2019032101002765,CHLBS,43,41,10,558.00,"5,580.00"
2019-03-21,2019032101002982,CHLBS,1,1,10,558.00,"5,580.00"
2019-03-21,2019032101002980,CHLBS,17,10,10,555.00,"5,550.00"
2019-03-21,2019032101002976,CHLBS,17,10,10,555.00,"5,550.00"
2019-03-21,2019032101002969,CHLBS,17,10,10,555.00,"5,550.00"
2019-03-21,2019032101002964,CHLBS,1,1,10,558.00,"5,580.00"
2019-03-21,2019032101002953,CHLBS,1,1,10,558.00,"5,580.00"
2019-03-21,2019032101002752,CIT,50,28,24,"2,680.00","64,320.00"
2019-03-21,2019032101002672,CIT,50,34,70,"2,680.00","187,600.00"
2019-03-21,2019032101002771,CLBSL,44,41,16,581.00,"9,296.00"
2019-03-21,2019032101002837,CZBIL,29,16,20,208.00,"4,160.00"
2019-03-21,2019032101002784,CZBIL,1,44,10,205.00,"2,050.00"
2019-03-21,2019032101002781,CZBIL,1,41,379,205.00,"77,695.00"
2019-03-21,2019032101002776,CZBIL,29,41,100,206.00,"20,600.00"
2019-03-21,2019032101002775,CZBIL,46,41,99,206.00,"20,394.00"
2019-03-21,2019032101002706,CZBIL,46,43,201,206.00,"41,406.00"
2019-03-21,2019032101002705,CZBIL,49,43,489,206.00,"100,734.00"
2019-03-21,2019032101003082,DBBL,38,40,"1,167",124.00,"144,708.00"
2019-03-21,2019032101003081,DBBL,57,40,500,124.00,"62,000.00"
2019-03-21,2019032101003080,DBBL,57,40,500,124.00,"62,000.00"
2019-03-21,2019032101003079,DBBL,35,40,300,124.00,"37,200.00"
2019-03-21,2019032101003078,DBBL,50,40,"1,000",124.00,"124,000.00"
2019-03-21,2019032101003077,DBBL,35,40,765,124.00,"94,860.00"
2019-03-21,2019032101003070,DBBL,51,40,"2,480",125.00,"310,000.00"
2019-03-21,2019032101003069,DBBL,19,40,420,126.00,"52,920.00"
2019-03-21,2019032101003010,DBBL,19,51,80,126.00,"10,080.00"
2019-03-21,2019032101003076,DBBL,34,40,500,124.00,"62,000.00"
2019-03-21,2019032101003075,DBBL,1,40,"1,000",124.00,"124,000.00"
2019-03-21,2019032101003074,DBBL,21,40,"1,000",124.00,"124,000.00"
2019-03-21,2019032101003073,DBBL,7,40,263,125.00,"32,875.00"
2019-03-21,2019032101003072,DBBL,42,40,100,125.00,"12,500.00"
2019-03-21,2019032101003071,DBBL,38,40,"1,000",125.00,"125,000.00"
2019-03-21,2019032101002793,DHPL,45,41,11,90.00,990.00
2019-03-21,2019032101003094,EBL,58,56,53,550.00,"29,150.00"
2019-03-21,2019032101003093,EBL,58,7,150,550.00,"82,500.00"
2019-03-21,2019032101003092,EBL,58,58,77,550.00,"42,350.00"
2019-03-21,2019032101003064,EBL,19,58,100,550.00,"55,000.00"
2019-03-21,2019032101003004,EBL,22,52,20,549.00,"10,980.00"
2019-03-21,2019032101003003,EBL,38,52,30,549.00,"16,470.00"
2019-03-21,2019032101002804,EBL,32,41,50,549.00,"27,450.00"
2019-03-21,2019032101002803,EBL,42,41,40,549.00,"21,960.00"
2019-03-21,2019032101002936,EBL,57,14,50,548.00,"27,400.00"
2019-03-21,2019032101002833,EBL,57,57,326,548.00,"178,648.00"
2019-03-21,2019032101002832,EBL,45,57,600,548.00,"328,800.00"
2019-03-21,2019032101002831,EBL,57,57,61,548.00,"33,428.00"
2019-03-21,2019032101002830,EBL,22,57,13,549.00,"7,137.00"
2019-03-21,2019032101002805,EBL,22,41,87,549.00,"47,763.00"
2019-03-21,2019032101002735,EIC,42,20,70,855.00,"59,850.00"
2019-03-21,2019032101002677,EIC,38,34,60,852.00,"51,120.00"
2019-03-21,2019032101002879,FMDBL,50,14,200,363.00,"72,600.00"
2019-03-21,2019032101002824,FMDBL,50,41,10,363.00,"3,630.00"
2019-03-21,2019032101003084,GBBL,42,42,195,187.00,"36,465.00"
2019-03-21,2019032101003083,GBBL,22,42,31,187.00,"5,797.00"
2019-03-21,2019032101002707,GBBL,22,29,69,187.00,"12,903.00"
2019-03-21,2019032101002960,GBIME,1,39,100,261.00,"26,100.00"
2019-03-21,2019032101002909,GBIME,42,33,20,262.00,"5,240.00"
2019-03-21,2019032101002849,GBIME,1,45,71,261.00,"18,531.00"
2019-03-21,2019032101002826,GBIME,1,41,27,261.00,"7,047.00"
2019-03-21,2019032101002660,GBIME,49,52,45,263.00,"11,835.00"
