Date,Transact. No.,Symbol,Buyer,Seller,Quantity,Rate,Amount
2019-01-27,2019012701006553,ADBL,47,26,58,339.00,"19,662.00"
2019-01-27,2019012701006730,ALICL,45,45,20,619.00,"12,380.00"
2019-01-27,2019012701006587,ALICL,16,26,50,615.00,"30,750.00"
2019-01-27,2019012701006586,ALICL,34,26,50,616.00,"30,800.00"
2019-01-27,2019012701006596,API,32,26,100,143.00,"14,300.00"
2019-01-27,2019012701006448,BHBL,34,11,451,142.00,"64,042.00"
2019-01-27,2019012701006669,BOKL,32,11,28,252.00,"7,056.00"
2019-01-27,2019012701006668,BOKL,32,11,300,252.00,"75,600.00"
2019-01-27,2019012701006667,BOKL,58,11,100,252.00,"25,200.00"
2019-01-27,2019012701006666,BOKL,47,11,300,252.00,"75,600.00"
2019-01-27,2019012701006665,BOKL,43,11,20,252.00,"5,040.00"
2019-01-27,2019012701006664,BOKL,55,11,"1,000",252.00,"252,000.00"
2019-01-27,2019012701006663,BOKL,19,11,500,252.00,"126,000.00"
2019-01-27,2019012701006662,BOKL,6,11,662,252.00,"166,824.00"
2019-01-27,2019012701006661,BOKL,45,11,50,253.00,"12,650.00"
2019-01-27,2019012701006660,BOKL,14,11,40,253.00,"10,120.00"
2019-01-27,2019012701006388,BPCL,49,7,20,364.00,"7,280.00"
2019-01-27,2019012701006279,BPCL,49,7,20,364.00,"7,280.00"
2019-01-27,2019012701006250,CBBL,47,58,173,880.00,"152,240.00"
2019-01-27,2019012701006249,CBBL,6,58,20,880.00,"17,600.00"
2019-01-27,2019012701006248,CBBL,37,58,200,880.00,"176,000.00"
2019-01-27,2019012701006247,CBBL,16,58,500,881.00,"440,500.00"
2019-01-27,2019012701006246,CBBL,16,58,500,881.00,"440,500.00"
2019-01-27,2019012701006239,CBBL,50,58,25,883.00,"22,075.00"
2019-01-27,2019012701006238,CBBL,33,58,29,883.00,"25,607.00"
2019-01-27,2019012701006237,CBBL,54,58,380,884.00,"335,920.00"
2019-01-27,2019012701006245,CBBL,39,58,100,881.00,"88,100.00"
2019-01-27,2019012701006244,CBBL,56,58,61,882.00,"53,802.00"
2019-01-27,2019012701006243,CBBL,28,58,100,882.00,"88,200.00"
2019-01-27,2019012701006242,CBBL,34,58,200,883.00,"176,600.00"
2019-01-27,2019012701006241,CBBL,19,58,12,883.00,"10,596.00"
2019-01-27,2019012701006240,CBBL,28,58,100,883.00,"88,300.00"
2019-01-27,2019012701006573,CBL,34,13,626,160.00,"100,160.00"
2019-01-27,2019012701006572,CBL,34,59,500,160.00,"80,000.00"
2019-01-27,2019012701006363,CBL,34,38,10,159.00,"1,590.00"
2019-01-27,2019012701006362,CBL,45,38,234,159.00,"37,206.00"
2019-01-27,2019012701006524,CCBL,17,47,42,170.00,"7,140.00"
2019-01-27,2019012701006417,CCBL,17,51,38,170.00,"6,460.00"
2019-01-27,2019012701006307,CCBL,22,52,44,171.00,"7,524.00"
2019-01-27,2019012701006306,CCBL,22,52,22,171.00,"3,762.00"
2019-01-27,2019012701006298,CCBL,17,7,568,170.00,"96,560.00"
2019-01-27,2019012701006429,CFCL,55,17,"1,000",110.00,"110,000.00"
2019-01-27,2019012701006428,CFCL,38,17,100,110.00,"11,000.00"
2019-01-27,2019012701006685,CHCL,22,6,10,532.00,"5,320.00"
2019-01-27,2019012701006709,CIT,4,16,166,"2,689.00","446,374.00"
2019-01-27,2019012701006670,CIT,32,37,30,"2,673.00","80,190.00"
2019-01-27,2019012701006649,CIT,48,37,20,"2,674.00","53,480.00"
2019-01-27,2019012701006571,CIT,48,52,30,"2,674.00","80,220.00"
2019-01-27,2019012701006570,CIT,21,52,10,"2,675.00","26,750.00"
2019-01-27,2019012701006569,CIT,21,52,10,"2,680.00","26,800.00"
2019-01-27,2019012701006366,CIT,38,28,20,"2,680.00","53,600.00"
2019-01-27,2019012701006365,CIT,22,28,20,"2,685.00","53,700.00"
2019-01-27,2019012701006632,CZBIL,55,35,100,212.00,"21,200.00"
2019-01-27,2019012701006507,CZBIL,55,48,69,211.00,"14,559.00"
2019-01-27,2019012701006347,CZBIL,55,22,50,211.00,"10,550.00"
2019-01-27,2019012701006251,CZBIL,55,35,100,212.00,"21,200.00"
2019-01-27,2019012701006382,DBBL,58,42,"1,071",124.00,"132,804.00"
2019-01-27,2019012701006724,DDBL,44,36,10,579.00,"5,790.00"
2019-01-27,2019012701006688,DDBL,44,50,20,568.00,"11,360.00"
2019-01-27,2019012701006648,DDBL,43,50,100,568.00,"56,800.00"
2019-01-27,2019012701006647,DDBL,42,50,20,568.00,"11,360.00"
2019-01-27,2019012701006646,DDBL,25,50,50,569.00,"28,450.00"
2019-01-27,2019012701006645,DDBL,41,50,10,570.00,"5,700.00"
2019-01-27,2019012701006271,EBL,34,47,66,522.00,"34,452.00"
2019-01-27,2019012701006718,FMDBL,46,5,200,379.00,"75,800.00"
2019-01-27,2019012701006642,FMDBL,57,38,25,377.00,"9,425.00"
2019-01-27,2019012701006704,FOWAD,34,7,100,"1,560.00","156,000.00"
2019-01-27,2019012701006703,FOWAD,34,58,15,"1,560.00","23,400.00"
2019-01-27,2019012701006702,FOWAD,34,32,65,"1,558.00","101,270.00"
2019-01-27,2019012701006520,FOWAD,5,43,90,"1,549.00","139,410.00"
2019-01-27,2019012701006519,FOWAD,38,43,10,"1,551.00","15,510.00"
2019-01-27,2019012701006500,FOWAD,38,43,40,"1,551.00","62,040.00"
2019-01-27,2019012701006499,FOWAD,38,43,50,"1,551.00","77,550.00"
2019-01-27,2019012701006498,FOWAD,51,43,10,"1,551.00","15,510.00"
2019-01-27,2019012701006469,FOWAD,32,32,50,"1,558.00","77,900.00"
2019-01-27,2019012701006451,FOWAD,32,32,50,"1,558.00","77,900.00"
2019-01-27,2019012701006338,FOWAD,38,19,26,"1,555.00","40,430.00"
2019-01-27,2019012701006309,GBBL,32,13,81,184.00,"14,904.00"
2019-01-27,2019012701006308,GBBL,32,26,30,184.00,"5,520.00"
2019-01-27,2019012701006723,GBIME,39,11,140,261.00,"36,540.00"
2019-01-27,2019012701006563,GBIME,42,11,22,260.00,"5,720.00"
2019-01-27,2019012701006562,GBIME,43,11,500,260.00,"130,000.00"
2019-01-27,2019012701006561,GBIME,47,11,100,260.00,"26,000.00"
2019-01-27,2019012701006560,GBIME,19,11,26,260.00,"6,760.00"
2019-01-27,2019012701006488,GBIME,19,39,24,260.00,"6,240.00"
2019-01-27,2019012701006481,GBIME,48,39,241,260.00,"62,660.00"
2019-01-27,2019012701006450,GBIME,55,39,195,261.00,"50,895.00"
2019-01-27,2019012701006381,GBIME,55,7,305,261.00,"79,605.00"
2019-01-27,2019012701006380,GBIME,16,7,60,261.00,"15,660.00"
2019-01-27,2019012701006355,GBIME,39,28,60,261.00,"15,660.00"
2019-01-27,2019012701006487,GBIME,49,39,200,260.00,"52,000.00"
2019-01-27,2019012701006486,GBIME,17,39,200,260.00,"52,000.00"
2019-01-27,2019012701006485,GBIME,1,39,200,260.00,"52,000.00"
2019-01-27,2019012701006484,GBIME,41,39,200,260.00,"52,000.00"
2019-01-27,2019012701006483,GBIME,6,39,200,260.00,"52,000.00"
2019-01-27,2019012701006482,GBIME,54,39,40,260.00,"10,400.00"
2019-01-27,2019012701006705,GBLBS,16,33,10,441.00,"4,410.00"
2019-01-27,2019012701006607,GBLBS,50,42,50,434.00,"21,700.00"
2019-01-27,2019012701006606,GBLBS,13,42,200,435.00,"87,000.00"
2019-01-27,2019012701006681,GDBL,43,13,13,186.00,"2,418.00"
2019-01-27,2019012701006680,GDBL,43,13,13,186.00,"2,418.00"
2019-01-27,2019012701006505,GDBL,32,13,55,185.00,"10,175.00"
2019-01-27,2019012701006671,GFCL,28,51,10,122.00,"1,220.00"
2019-01-27,2019012701006411,GILB,54,7,10,"1,176.00","11,760.00"
2019-01-27,2019012701006540,GLICL,36,44,200,706.00,"141,200.00"
2019-01-27,2019012701006474,GRDBL,56,22,500,107.00,"53,500.00"
2019-01-27,2019012701006473,GRDBL,56,25,170,107.00,"18,190.00"
2019-01-27,2019012701006690,GUFL,28,51,10,104.00,"1,040.00"
2019-01-27,2019012701006545,GUFL,47,28,175,103.00,"18,025.00"
2019-01-27,2019012701006544,GUFL,47,28,"1,000",103.00,"103,000.00"
2019-01-27,2019012701006235,HBL,11,59,20,450.00,"9,000.00"
2019-01-27,2019012701006509,HGI,34,50,440,391.00,"172,040.00"
2019-01-27,2019012701006508,HGI,34,47,50,390.00,"19,500.00"
2019-01-27,2019012701006636,HIDCL,38,44,50,144.00,"7,200.00"
2019-01-27,2019012701006446,ICFC,43,10,74,151.00,"11,174.00"
2019-01-27,2019012701006623,JBNL,34,43,"1,891",166.00,"313,906.00"
2019-01-27,2019012701006592,JBNL,34,38,109,166.00,"18,094.00"
2019-01-27,2019012701006591,JBNL,17,26,100,165.00,"16,500.00"
2019-01-27,2019012701006589,JBNL,17,38,860,165.00,"141,900.00"
2019-01-27,2019012701006541,JBNL,5,38,31,166.00,"5,146.00"
2019-01-27,2019012701006497,JBNL,5,38,119,166.00,"19,754.00"
2019-01-27,2019012701006268,JBNL,29,7,119,166.00,"19,754.00"
2019-01-27,2019012701006267,JBNL,11,7,100,166.00,"16,600.00"
2019-01-27,2019012701006447,JBNL,34,38,251,166.00,"41,666.00"
2019-01-27,2019012701006415,JBNL,34,43,"4,749",166.00,"788,334.00"
2019-01-27,2019012701006414,JBNL,7,43,50,166.00,"8,300.00"
2019-01-27,2019012701006413,JBNL,42,43,320,166.00,"53,120.00"
2019-01-27,2019012701006412,JBNL,29,43,881,166.00,"146,246.00"
2019-01-27,2019012701006287,JBNL,32,38,10,167.00,"1,670.00"
2019-01-27,2019012701006672,JEFL,28,28,800,129.00,"103,200.00"
2019-01-27,2019012701006476,JEFL,28,32,200,129.00,"25,800.00"
2019-01-27,2019012701006579,KBL,1,33,14,246.00,"3,444.00"
2019-01-27,2019012701006360,KBL,10,33,"1,100",246.00,"270,600.00"
2019-01-27,2019012701006341,KBL,10,33,"1,000",246.00,"246,000.00"
2019-01-27,2019012701006274,KBL,10,33,"1,000",246.00,"246,000.00"
2019-01-27,2019012701006624,KMCDB,48,37,10,888.00,"8,880.00"
2019-01-27,2019012701006603,KMCDB,33,37,10,888.00,"8,880.00"
2019-01-27,2019012701006254,KPCL,55,57,10,97.00,970.00
2019-01-27,2019012701006281,KPCL,55,57,10,97.00,970.00
2019-01-27,2019012701006327,KPCL,55,57,10,97.00,970.00
2019-01-27,2019012701006391,LBBL,44,50,49,175.00,"8,575.00"
2019-01-27,2019012701006390,LBBL,44,34,300,175.00,"52,500.00"
2019-01-27,2019012701006708,LBL,13,44,500,220.00,"110,000.00"
2019-01-27,2019012701006692,LBL,13,39,100,220.00,"22,000.00"
2019-01-27,2019012701006684,LBL,14,32,70,221.00,"15,470.00"
2019-01-27,2019012701006683,LBL,14,25,430,221.00,"95,030.00"
2019-01-27,2019012701006655,LBL,45,25,50,221.00,"11,050.00"
2019-01-27,2019012701006634,LBL,22,25,100,221.00,"22,100.00"
2019-01-27,2019012701006263,LBL,4,44,156,220.00,"34,320.00"
2019-01-27,2019012701006252,LBL,38,42,40,222.00,"8,880.00"
2019-01-27,2019012701006424,LBL,35,50,20,221.00,"4,420.00"
2019-01-27,2019012701006421,LBL,4,57,192,220.00,"42,240.00"
2019-01-27,2019012701006378,LBL,51,50,30,221.00,"6,630.00"
2019-01-27,2019012701006293,LBL,4,44,31,220.00,"6,820.00"
2019-01-27,2019012701006292,LBL,4,46,15,220.00,"3,300.00"
2019-01-27,2019012701006273,LBL,4,44,31,220.00,"6,820.00"
2019-01-27,2019012701006535,LBL,41,10,500,220.00,"110,000.00"
2019-01-27,2019012701006534,LBL,19,10,10,220.00,"2,200.00"
2019-01-27,2019012701006533,LBL,54,10,20,220.00,"4,400.00"
2019-01-27,2019012701006515,LBL,19,45,100,222.00,"22,200.00"
2019-01-27,2019012701006426,LBL,35,45,109,222.00,"24,198.00"
2019-01-27,2019012701006425,LBL,35,42,171,222.00,"37,962.00"
2019-01-27,2019012701006633,LBL,22,38,100,221.00,"22,100.00"
2019-01-27,2019012701006629,LBL,38,38,100,221.00,"22,100.00"
2019-01-27,2019012701006539,LBL,13,10,99,220.00,"21,780.00"
2019-01-27,2019012701006538,LBL,43,10,300,220.00,"66,000.00"
2019-01-27,2019012701006537,LBL,38,10,50,220.00,"11,000.00"
2019-01-27,2019012701006536,LBL,43,10,21,220.00,"4,620.00"
2019-01-27,2019012701006725,LGIL,33,33,200,529.00,"105,800.00"
2019-01-27,2019012701006280,LGIL,34,34,100,532.00,"53,200.00"
2019-01-27,2019012701006673,LLBS,43,3,20,790.00,"15,800.00"
2019-01-27,2019012701006701,MBL,38,11,360,209.00,"75,240.00"
2019-01-27,2019012701006700,MBL,13,11,281,209.00,"58,729.00"
2019-01-27,2019012701006387,MBL,13,32,19,209.00,"3,971.00"
2019-01-27,2019012701006386,MBL,16,32,150,209.00,"31,350.00"
2019-01-27,2019012701006385,MBL,21,32,200,209.00,"41,800.00"
2019-01-27,2019012701006384,MBL,19,32,500,209.00,"104,500.00"
2019-01-27,2019012701006383,MBL,1,32,80,209.00,"16,720.00"
2019-01-27,2019012701006357,MBL,28,44,100,210.00,"21,000.00"
2019-01-27,2019012701006335,MEGA,16,17,20,165.00,"3,300.00"
2019-01-27,2019012701006622,MERO,25,29,10,"1,136.00","11,360.00"
2019-01-27,2019012701006461,MERO,58,45,12,"1,120.00","13,440.00"
2019-01-27,2019012701006460,MERO,44,45,200,"1,120.00","224,000.00"
2019-01-27,2019012701006459,MERO,58,45,50,"1,120.00","56,000.00"
2019-01-27,2019012701006458,MERO,10,45,50,"1,125.00","56,250.00"
2019-01-27,2019012701006457,MERO,43,45,20,"1,125.00","22,500.00"
2019-01-27,2019012701006456,MERO,58,45,25,"1,126.00","28,150.00"
2019-01-27,2019012701006455,MERO,51,45,31,"1,127.00","34,937.00"
2019-01-27,2019012701006310,MLBL,4,46,30,169.00,"5,070.00"
2019-01-27,2019012701006576,MMFDB,37,37,10,"1,008.00","10,080.00"
2019-01-27,2019012701006580,MNBBL,49,26,28,345.00,"9,660.00"
2019-01-27,2019012701006578,NABILP,53,8,209,715.00,"149,435.00"
2019-01-27,2019012701006577,NABILP,55,8,100,716.00,"71,600.00"
2019-01-27,2019012701006605,NADEP,25,7,10,776.00,"7,760.00"
2019-01-27,2019012701006527,NADEP,25,43,60,776.00,"46,560.00"
2019-01-27,2019012701006526,NADEP,55,43,10,777.00,"7,770.00"
2019-01-27,2019012701006525,NADEP,1,43,40,778.00,"31,120.00"
2019-01-27,2019012701006262,NADEP,7,28,10,778.00,"7,780.00"
2019-01-27,2019012701006522,NBB,32,44,500,185.00,"92,500.00"
2019-01-27,2019012701006389,NBB,52,44,100,185.00,"18,500.00"
2019-01-27,2019012701006340,NBB,50,49,254,184.00,"46,736.00"
2019-01-27,2019012701006339,NBB,25,49,646,184.00,"118,864.00"
2019-01-27,2019012701006728,NBL,47,38,25,289.00,"7,225.00"
2019-01-27,2019012701006604,NBL,47,50,300,289.00,"86,700.00"
2019-01-27,2019012701006597,NBL,11,6,100,290.00,"29,000.00"
2019-01-27,2019012701006549,NBL,47,46,"1,504",289.00,"434,656.00"
2019-01-27,2019012701006548,NBL,32,46,500,289.00,"144,500.00"
2019-01-27,2019012701006547,NBL,17,46,200,289.00,"57,800.00"
2019-01-27,2019012701006546,NBL,38,46,286,289.00,"82,654.00"
2019-01-27,2019012701006699,NCCB,19,58,370,211.00,"78,070.00"
2019-01-27,2019012701006698,NCCB,35,58,100,211.00,"21,100.00"
2019-01-27,2019012701006697,NCCB,22,58,500,211.00,"105,500.00"
2019-01-27,2019012701006696,NCCB,25,58,"1,000",211.00,"211,000.00"
2019-01-27,2019012701006695,NCCB,26,58,100,211.00,"21,100.00"
2019-01-27,2019012701006694,NCCB,28,58,"1,000",211.00,"211,000.00"
2019-01-27,2019012701006352,NCCB,47,38,44,211.00,"9,284.00"
2019-01-27,2019012701006334,NCCB,25,58,500,212.00,"106,000.00"
2019-01-27,2019012701006332,NCCB,47,46,14,211.00,"2,954.00"
2019-01-27,2019012701006231,NCCB,25,37,"1,000",212.00,"212,000.00"
2019-01-27,2019012701006693,NCCB,19,58,30,211.00,"6,330.00"
2019-01-27,2019012701006638,NCCB,38,58,500,212.00,"106,000.00"
2019-01-27,2019012701006613,NCCB,13,58,400,212.00,"84,800.00"
2019-01-27,2019012701006501,NCCB,45,58,500,212.00,"106,000.00"
2019-01-27,2019012701006468,NCCB,19,47,14,211.00,"2,954.00"
2019-01-27,2019012701006353,NCCB,19,38,456,211.00,"96,216.00"
2019-01-27,2019012701006272,NCDB,32,25,10,121.00,"1,210.00"
2019-01-27,2019012701006443,NEF,45,11,966,8.00,"7,728.00"
2019-01-27,2019012701006442,NEF,45,49,579,8.00,"4,632.00"
2019-01-27,2019012701006441,NEF,45,48,"2,816",8.00,"22,528.00"
2019-01-27,2019012701006513,NGPL,34,42,706,129.00,"91,074.00"
2019-01-27,2019012701006512,NGPL,1,42,50,130.00,"6,500.00"
2019-01-27,2019012701006392,NGPL,1,10,11,130.00,"1,430.00"
2019-01-27,2019012701006356,NGPL,1,46,11,130.00,"1,430.00"
2019-01-27,2019012701006286,NHDL,14,7,10,131.00,"1,310.00"
2019-01-27,2019012701006492,NIB,53,58,"1,269",532.00,"675,108.00"
2019-01-27,2019012701006432,NIB,34,58,30,532.00,"15,960.00"
2019-01-27,2019012701006423,NIB,25,54,3,531.00,"1,593.00"
2019-01-27,2019012701006422,NIB,25,47,60,531.00,"31,860.00"
2019-01-27,2019012701006373,NIB,8,58,100,532.00,"53,200.00"
2019-01-27,2019012701006372,NIB,43,58,50,532.00,"26,600.00"
2019-01-27,2019012701006371,NIB,11,58,20,532.00,"10,640.00"
2019-01-27,2019012701006370,NIB,53,58,"1,000",532.00,"532,000.00"
2019-01-27,2019012701006369,NIB,54,58,100,532.00,"53,200.00"
2019-01-27,2019012701006368,NIB,17,58,137,532.00,"72,884.00"
2019-01-27,2019012701006379,NICA,11,11,500,391.00,"195,500.00"
2019-01-27,2019012701006305,NICA,7,50,100,391.00,"39,100.00"
2019-01-27,2019012701006304,NICA,44,50,100,391.00,"39,100.00"
2019-01-27,2019012701006348,NICL,44,28,80,562.00,"44,960.00"
2019-01-27,2019012701006621,NIL,45,11,21,530.00,"11,130.00"
2019-01-27,2019012701006620,NIL,5,11,200,530.00,"106,000.00"
2019-01-27,2019012701006619,NIL,51,11,50,530.00,"26,500.00"
2019-01-27,2019012701006618,NIL,22,11,100,530.00,"53,000.00"
2019-01-27,2019012701006617,NIL,50,11,50,531.00,"26,550.00"
2019-01-27,2019012701006616,NIL,10,11,410,531.00,"217,710.00"
2019-01-27,2019012701006615,NIL,34,11,100,532.00,"53,200.00"
2019-01-27,2019012701006358,NIL,26,19,200,533.00,"106,600.00"
2019-01-27,2019012701006625,NLG,58,34,10,869.00,"8,690.00"
2019-01-27,2019012701006679,NLIC,39,17,40,"1,090.00","43,600.00"
2019-01-27,2019012701006614,NLIC,17,43,40,"1,090.00","43,600.00"
2019-01-27,2019012701006556,NLICL,33,35,"5,716",680.00,"3,886,880.00"
2019-01-27,2019012701006716,NMB,55,42,71,316.00,"22,436.00"
2019-01-27,2019012701006715,NMB,11,42,40,316.00,"12,640.00"
2019-01-27,2019012701006714,NMB,47,42,500,316.00,"158,000.00"
2019-01-27,2019012701006713,NMB,43,42,80,316.00,"25,280.00"
2019-01-27,2019012701006712,NMB,34,42,309,316.00,"97,644.00"
2019-01-27,2019012701006674,NMB,35,13,50,317.00,"15,850.00"
2019-01-27,2019012701006630,NMB,35,13,200,317.00,"63,400.00"
2019-01-27,2019012701006568,NMB,34,1,70,316.00,"22,120.00"
2019-01-27,2019012701006528,NMB,34,48,65,316.00,"20,540.00"
2019-01-27,2019012701006521,NMB,1,13,100,317.00,"31,700.00"
2019-01-27,2019012701006331,NMB,34,17,756,316.00,"238,896.00"
2019-01-27,2019012701006330,NMB,28,17,"1,744",316.00,"551,104.00"
2019-01-27,2019012701006436,NMBMF,43,29,30,"1,090.00","32,700.00"
2019-01-27,2019012701006367,NMBMF,45,19,10,"1,085.00","10,850.00"
2019-01-27,2019012701006319,NSEWA,14,45,215,590.00,"126,850.00"
2019-01-27,2019012701006318,NSEWA,42,45,40,591.00,"23,640.00"
2019-01-27,2019012701006317,NSEWA,42,45,90,591.00,"53,190.00"
2019-01-27,2019012701006316,NSEWA,39,45,20,592.00,"11,840.00"
2019-01-27,2019012701006315,NSEWA,58,45,20,592.00,"11,840.00"
2019-01-27,2019012701006314,NSEWA,42,45,90,593.00,"53,370.00"
2019-01-27,2019012701006313,NSEWA,34,45,30,594.00,"17,820.00"
2019-01-27,2019012701006502,NTC,53,13,400,729.00,"291,600.00"
2019-01-27,2019012701006722,NUBL,16,37,16,768.00,"12,288.00"
2019-01-27,2019012701006721,NUBL,33,37,104,768.00,"79,872.00"
2019-01-27,2019012701006720,NUBL,53,37,50,769.00,"38,450.00"
2019-01-27,2019012701006719,NUBL,26,37,50,770.00,"38,500.00"
2019-01-27,2019012701006350,NUBL,16,37,30,773.00,"23,190.00"
2019-01-27,2019012701006641,OHL,35,29,"1,500",442.00,"663,000.00"
2019-01-27,2019012701006640,OHL,35,29,"3,831",442.00,"1,693,302.00"
2019-01-27,2019012701006639,OHL,35,28,45,442.00,"19,890.00"
2019-01-27,2019012701006478,OHL,38,39,135,438.00,"59,130.00"
2019-01-27,2019012701006477,OHL,33,39,100,438.00,"43,800.00"
2019-01-27,2019012701006689,PCBL,45,51,50,325.00,"16,250.00"
2019-01-27,2019012701006454,PCBL,53,46,11,323.00,"3,553.00"
2019-01-27,2019012701006653,PIC,48,56,11,"1,045.00","11,495.00"
2019-01-27,2019012701006583,PIC,32,34,39,"1,048.00","40,872.00"
2019-01-27,2019012701006495,PIC,32,46,11,"1,045.00","11,495.00"
2019-01-27,2019012701006434,PIC,38,34,11,"1,048.00","11,528.00"
2019-01-27,2019012701006326,PIC,33,56,11,"1,044.00","11,484.00"
2019-01-27,2019012701006303,PIC,32,55,22,"1,047.00","23,034.00"
2019-01-27,2019012701006300,PIC,33,7,11,"1,044.00","11,484.00"
2019-01-27,2019012701006295,PIC,33,56,11,"1,044.00","11,484.00"
2019-01-27,2019012701006283,PIC,33,56,11,"1,044.00","11,484.00"
2019-01-27,2019012701006269,PIC,33,56,11,"1,044.00","11,484.00"
2019-01-27,2019012701006465,PLIC,42,55,200,487.00,"97,400.00"
2019-01-27,2019012701006710,PMHPL,14,8,10,105.00,"1,050.00"
2019-01-27,2019012701006626,PMHPL,14,8,10,105.00,"1,050.00"
2019-01-27,2019012701006612,PMHPL,14,40,10,105.00,"1,050.00"
2019-01-27,2019012701006467,PMHPL,14,40,10,105.00,"1,050.00"
2019-01-27,2019012701006354,PMHPL,14,8,10,105.00,"1,050.00"
2019-01-27,2019012701006351,PMHPL,14,40,10,105.00,"1,050.00"
2019-01-27,2019012701006343,PMHPL,14,8,10,105.00,"1,050.00"
2019-01-27,2019012701006312,PMHPL,46,8,10,106.00,"1,060.00"
2019-01-27,2019012701006278,PMHPL,46,28,10,106.00,"1,060.00"
2019-01-27,2019012701006707,PRIN,49,13,10,446.00,"4,460.00"
2019-01-27,2019012701006644,PRVU,44,13,109,241.00,"26,269.00"
2019-01-27,2019012701006643,PRVU,14,13,391,241.00,"94,231.00"
2019-01-27,2019012701006600,PRVU,14,17,109,241.00,"26,269.00"
2019-01-27,2019012701006466,PRVU,5,17,275,242.00,"66,550.00"
2019-01-27,2019012701006516,PURBL,25,46,53,149.00,"7,897.00"
2019-01-27,2019012701006514,RADHI,37,8,11,164.00,"1,804.00"
2019-01-27,2019012701006453,RADHI,37,8,11,164.00,"1,804.00"
2019-01-27,2019012701006420,RADHI,37,7,11,164.00,"1,804.00"
2019-01-27,2019012701006542,RLFL,39,46,220,114.00,"25,080.00"
2019-01-27,2019012701006565,RMDC,26,46,18,540.00,"9,720.00"
2019-01-27,2019012701006652,RRHP,50,56,10,99.00,990.00
2019-01-27,2019012701006593,RRHP,50,56,10,99.00,990.00
2019-01-27,2019012701006590,RRHP,50,46,10,99.00,990.00
2019-01-27,2019012701006555,RRHP,50,40,10,99.00,990.00
2019-01-27,2019012701006706,RSDC,38,21,100,395.00,"39,500.00"
2019-01-27,2019012701006595,RSDC,28,21,10,395.00,"3,950.00"
2019-01-27,2019012701006588,RSDC,28,14,50,389.00,"19,450.00"
2019-01-27,2019012701006496,RSDC,39,50,10,383.00,"3,830.00"
2019-01-27,2019012701006462,RSDC,39,50,40,383.00,"15,320.00"
2019-01-27,2019012701006359,RSDC,22,11,12,381.00,"4,572.00"
2019-01-27,2019012701006266,RSDC,39,39,7,375.00,"2,625.00"
2019-01-27,2019012701006637,SADBL,16,49,10,143.00,"1,430.00"
2019-01-27,2019012701006676,SANIMA,37,58,758,301.00,"228,158.00"
2019-01-27,2019012701006675,SANIMA,56,58,242,301.00,"72,842.00"
2019-01-27,2019012701006581,SANIMA,56,33,300,301.00,"90,300.00"
2019-01-27,2019012701006493,SANIMA,56,53,50,301.00,"15,050.00"
2019-01-27,2019012701006409,SANIMA,56,44,408,301.00,"122,808.00"
2019-01-27,2019012701006408,SANIMA,34,44,532,301.00,"160,132.00"
2019-01-27,2019012701006294,SANIMA,34,43,290,301.00,"87,290.00"
2019-01-27,2019012701006407,SBI,51,17,100,383.00,"38,300.00"
2019-01-27,2019012701006406,SBI,26,17,250,383.00,"95,750.00"
2019-01-27,2019012701006405,SBI,5,17,"1,000",383.00,"383,000.00"
2019-01-27,2019012701006404,SBI,42,17,20,383.00,"7,660.00"
2019-01-27,2019012701006403,SBI,11,17,40,384.00,"15,360.00"
2019-01-27,2019012701006402,SBI,57,17,50,384.00,"19,200.00"
2019-01-27,2019012701006395,SBI,41,17,207,385.00,"79,695.00"
2019-01-27,2019012701006394,SBI,45,17,20,385.00,"7,700.00"
2019-01-27,2019012701006393,SBI,54,17,21,385.00,"8,085.00"
2019-01-27,2019012701006401,SBI,42,17,150,384.00,"57,600.00"
2019-01-27,2019012701006400,SBI,54,17,20,384.00,"7,680.00"
2019-01-27,2019012701006399,SBI,16,17,30,385.00,"11,550.00"
2019-01-27,2019012701006398,SBI,6,17,100,385.00,"38,500.00"
2019-01-27,2019012701006397,SBI,28,17,25,385.00,"9,625.00"
2019-01-27,2019012701006396,SBI,6,17,10,385.00,"3,850.00"
2019-01-27,2019012701006631,SBL,46,11,181,283.00,"51,223.00"
2019-01-27,2019012701006517,SBL,21,11,150,283.00,"42,450.00"
2019-01-27,2019012701006651,SCB,5,55,31,565.00,"17,515.00"
2019-01-27,2019012701006510,SCB,52,55,150,565.00,"84,750.00"
2019-01-27,2019012701006291,SCB,34,58,50,562.00,"28,100.00"
2019-01-27,2019012701006290,SCB,6,58,10,562.00,"5,620.00"
2019-01-27,2019012701006289,SCB,51,58,85,562.00,"47,770.00"
2019-01-27,2019012701006654,SDESI,45,55,10,634.00,"6,340.00"
2019-01-27,2019012701006518,SDESI,45,58,23,631.00,"14,513.00"
2019-01-27,2019012701006506,SDESI,33,43,10,630.00,"6,300.00"
2019-01-27,2019012701006503,SDESI,33,58,23,630.00,"14,490.00"
2019-01-27,2019012701006480,SDESI,33,58,23,630.00,"14,490.00"
2019-01-27,2019012701006452,SDESI,33,58,23,630.00,"14,490.00"
2019-01-27,2019012701006302,SDESI,39,39,23,633.00,"14,559.00"
2019-01-27,2019012701006435,SDESI,33,11,100,630.00,"63,000.00"
2019-01-27,2019012701006377,SDESI,33,49,155,630.00,"97,650.00"
2019-01-27,2019012701006376,SDESI,35,49,95,630.00,"59,850.00"
2019-01-27,2019012701006375,SDESI,33,49,100,631.00,"63,100.00"
2019-01-27,2019012701006374,SDESI,42,49,100,632.00,"63,200.00"
2019-01-27,2019012701006329,SDESI,45,55,10,634.00,"6,340.00"
2019-01-27,2019012701006727,SIC,43,50,20,"1,317.00","26,340.00"
2019-01-27,2019012701006726,SIC,42,50,10,"1,318.00","13,180.00"
2019-01-27,2019012701006232,SIFC,28,34,100,136.00,"13,600.00"
2019-01-27,2019012701006717,SKBBL,16,32,125,860.00,"107,500.00"
2019-01-27,2019012701006659,SLBBL,46,57,180,530.00,"95,400.00"
2019-01-27,2019012701006658,SLBBL,46,35,100,529.00,"52,900.00"
2019-01-27,2019012701006682,SLICL,49,44,200,547.00,"109,400.00"
2019-01-27,2019012701006677,SLICL,39,44,10,547.00,"5,470.00"
2019-01-27,2019012701006627,SLICL,28,25,250,544.00,"136,000.00"
2019-01-27,2019012701006554,SLICL,28,25,250,544.00,"136,000.00"
2019-01-27,2019012701006471,SLICL,28,25,190,544.00,"103,360.00"
2019-01-27,2019012701006470,SLICL,53,25,10,545.00,"5,450.00"
2019-01-27,2019012701006439,SMB,17,19,20,635.00,"12,700.00"
2019-01-27,2019012701006282,SMB,17,21,10,635.00,"6,350.00"
2019-01-27,2019012701006277,SMFDB,34,44,55,700.00,"38,500.00"
2019-01-27,2019012701006276,SMFDB,22,44,20,701.00,"14,020.00"
2019-01-27,2019012701006275,SMFDB,33,44,50,701.00,"35,050.00"
2019-01-27,2019012701006559,SRBL,21,48,91,212.00,"19,292.00"
2019-01-27,2019012701006346,SRBL,21,11,475,212.00,"100,700.00"
2019-01-27,2019012701006611,UMHL,58,45,14,120.00,"1,680.00"
2019-01-27,2019012701006711,UPPER,22,7,50,267.00,"13,350.00"
2019-01-27,2019012701006687,UPPER,22,7,40,267.00,"10,680.00"
2019-01-27,2019012701006686,UPPER,22,8,50,267.00,"13,350.00"
2019-01-27,2019012701006678,UPPER,49,56,20,268.00,"5,360.00"
2019-01-27,2019012701006256,UPPER,19,56,40,268.00,"10,720.00"
2019-01-27,2019012701006255,UPPER,19,19,247,268.00,"66,196.00"
2019-01-27,2019012701006253,UPPER,22,51,50,267.00,"13,350.00"
2019-01-27,2019012701006236,UPPER,22,8,50,267.00,"13,350.00"
2019-01-27,2019012701006234,UPPER,22,38,50,267.00,"13,350.00"
2019-01-27,2019012701006264,UPPER,19,20,50,268.00,"13,400.00"
2019-01-27,2019012701006261,UPPER,19,38,40,268.00,"10,720.00"
2019-01-27,2019012701006260,UPPER,19,49,50,268.00,"13,400.00"
2019-01-27,2019012701006259,UPPER,19,56,50,268.00,"13,400.00"
2019-01-27,2019012701006258,UPPER,19,45,200,268.00,"53,600.00"
2019-01-27,2019012701006257,UPPER,19,40,50,268.00,"13,400.00"
2019-01-27,2019012701006288,UPPER,19,28,40,268.00,"10,720.00"
2019-01-27,2019012701006285,UPPER,19,20,50,268.00,"13,400.00"
2019-01-27,2019012701006284,UPPER,19,52,40,268.00,"10,720.00"
2019-01-27,2019012701006270,UPPER,19,46,50,268.00,"13,400.00"
2019-01-27,2019012701006265,UPPER,19,38,50,268.00,"13,400.00"
2019-01-27,2019012701006320,UPPER,38,7,30,268.00,"8,040.00"
2019-01-27,2019012701006311,UPPER,38,55,50,268.00,"13,400.00"
2019-01-27,2019012701006301,UPPER,38,51,40,268.00,"10,720.00"
2019-01-27,2019012701006299,UPPER,38,38,50,268.00,"13,400.00"
2019-01-27,2019012701006297,UPPER,37,8,7,268.00,"1,876.00"
2019-01-27,2019012701006296,UPPER,19,8,43,268.00,"11,524.00"
2019-01-27,2019012701006325,UPPER,29,45,100,268.00,"26,800.00"
2019-01-27,2019012701006324,UPPER,29,38,700,268.00,"187,600.00"
2019-01-27,2019012701006323,UPPER,29,38,50,268.00,"13,400.00"
2019-01-27,2019012701006322,UPPER,29,20,50,268.00,"13,400.00"
2019-01-27,2019012701006321,UPPER,29,7,10,268.00,"2,680.00"
2019-01-27,2019012701006345,UPPER,29,1,50,268.00,"13,400.00"
2019-01-27,2019012701006344,UPPER,29,46,50,268.00,"13,400.00"
2019-01-27,2019012701006342,UPPER,29,40,50,268.00,"13,400.00"
2019-01-27,2019012701006337,UPPER,29,1,50,268.00,"13,400.00"
2019-01-27,2019012701006333,UPPER,29,8,40,268.00,"10,720.00"
2019-01-27,2019012701006328,UPPER,29,41,40,268.00,"10,720.00"
2019-01-27,2019012701006418,UPPER,29,49,40,268.00,"10,720.00"
2019-01-27,2019012701006416,UPPER,29,11,50,268.00,"13,400.00"
2019-01-27,2019012701006410,UPPER,52,44,10,269.00,"2,690.00"
2019-01-27,2019012701006364,UPPER,38,44,50,269.00,"13,450.00"
2019-01-27,2019012701006361,UPPER,29,8,40,268.00,"10,720.00"
2019-01-27,2019012701006349,UPPER,29,8,40,268.00,"10,720.00"
2019-01-27,2019012701006437,UPPER,29,49,50,268.00,"13,400.00"
2019-01-27,2019012701006433,UPPER,29,8,50,268.00,"13,400.00"
2019-01-27,2019012701006431,UPPER,29,7,40,268.00,"10,720.00"
2019-01-27,2019012701006430,UPPER,29,49,50,268.00,"13,400.00"
2019-01-27,2019012701006427,UPPER,29,41,40,268.00,"10,720.00"
2019-01-27,2019012701006419,UPPER,38,44,175,269.00,"47,075.00"
2019-01-27,2019012701006479,UPPER,29,58,30,268.00,"8,040.00"
2019-01-27,2019012701006472,UPPER,29,52,50,268.00,"13,400.00"
2019-01-27,2019012701006449,UPPER,38,44,40,269.00,"10,760.00"
2019-01-27,2019012701006445,UPPER,29,42,40,268.00,"10,720.00"
2019-01-27,2019012701006440,UPPER,29,40,40,268.00,"10,720.00"
2019-01-27,2019012701006438,UPPER,29,41,40,268.00,"10,720.00"
2019-01-27,2019012701006511,UPPER,29,52,50,268.00,"13,400.00"
2019-01-27,2019012701006504,UPPER,29,42,50,268.00,"13,400.00"
2019-01-27,2019012701006494,UPPER,29,52,50,268.00,"13,400.00"
2019-01-27,2019012701006491,UPPER,29,42,50,268.00,"13,400.00"
2019-01-27,2019012701006490,UPPER,29,8,40,268.00,"10,720.00"
2019-01-27,2019012701006489,UPPER,38,44,40,269.00,"10,760.00"
2019-01-27,2019012701006543,UPPER,29,13,50,268.00,"13,400.00"
2019-01-27,2019012701006532,UPPER,29,7,40,268.00,"10,720.00"
2019-01-27,2019012701006531,UPPER,29,40,40,268.00,"10,720.00"
2019-01-27,2019012701006530,UPPER,29,52,50,268.00,"13,400.00"
2019-01-27,2019012701006529,UPPER,29,42,50,268.00,"13,400.00"
2019-01-27,2019012701006523,UPPER,29,44,50,268.00,"13,400.00"
2019-01-27,2019012701006567,UPPER,58,13,30,268.00,"8,040.00"
2019-01-27,2019012701006566,UPPER,29,13,10,268.00,"2,680.00"
2019-01-27,2019012701006564,UPPER,29,34,50,268.00,"13,400.00"
2019-01-27,2019012701006558,UPPER,29,44,40,268.00,"10,720.00"
2019-01-27,2019012701006557,UPPER,29,56,40,268.00,"10,720.00"
2019-01-27,2019012701006550,UPPER,29,34,50,268.00,"13,400.00"
2019-01-27,2019012701006594,UPPER,41,52,10,268.00,"2,680.00"
2019-01-27,2019012701006585,UPPER,41,42,20,268.00,"5,360.00"
2019-01-27,2019012701006584,UPPER,33,42,30,268.00,"8,040.00"
2019-01-27,2019012701006582,UPPER,33,52,40,268.00,"10,720.00"
2019-01-27,2019012701006575,UPPER,33,44,930,268.00,"249,240.00"
2019-01-27,2019012701006574,UPPER,58,44,70,268.00,"18,760.00"
2019-01-27,2019012701006609,UPPER,41,56,250,268.00,"67,000.00"
2019-01-27,2019012701006608,UPPER,41,52,40,268.00,"10,720.00"
2019-01-27,2019012701006602,UPPER,41,56,40,268.00,"10,720.00"
2019-01-27,2019012701006601,UPPER,41,46,40,268.00,"10,720.00"
2019-01-27,2019012701006599,UPPER,41,40,50,268.00,"13,400.00"
2019-01-27,2019012701006598,UPPER,41,7,50,268.00,"13,400.00"
2019-01-27,2019012701006657,UPPER,49,8,30,268.00,"8,040.00"
2019-01-27,2019012701006656,UPPER,38,8,20,268.00,"5,360.00"
2019-01-27,2019012701006650,UPPER,38,7,40,268.00,"10,720.00"
2019-01-27,2019012701006635,UPPER,38,8,40,268.00,"10,720.00"
2019-01-27,2019012701006628,UPPER,38,7,40,268.00,"10,720.00"
2019-01-27,2019012701006610,UPPER,38,56,50,268.00,"13,400.00"
2019-01-27,2019012701006691,WOMI,33,25,10,"1,125.00","11,250.00"
2019-01-27,2019012701006464,WOMI,54,22,19,"1,120.00","21,280.00"
2019-01-27,2019012701006463,WOMI,35,22,100,"1,120.00","112,000.00"
2019-01-27,2019012701006444,WOMI,33,22,151,"1,121.00","169,271.00"
2019-01-27,2019012701006336,WOMI,33,7,33,"1,121.00","36,993.00"
2019-01-27,2019012701006121,ADBL,6,33,446,339.00,"151,194.00"
2019-01-27,2019012701006017,ADBL,6,6,83,339.00,"28,137.00"
2019-01-27,2019012701005747,ADBL,6,19,400,339.00,"135,600.00"
2019-01-27,2019012701005774,AHPC,55,44,150,104.00,"15,600.00"
2019-01-27,2019012701005773,AHPC,55,56,50,104.00,"5,200.00"
2019-01-27,2019012701005932,AKJCL,42,57,20,86.00,"1,720.00"
2019-01-27,2019012701005920,AKJCL,42,57,10,86.00,860.00
2019-01-27,2019012701005871,AKJCL,42,57,10,86.00,860.00
2019-01-27,2019012701005842,AKJCL,42,57,20,86.00,"1,720.00"
2019-01-27,2019012701005820,AKJCL,42,57,10,86.00,860.00
2019-01-27,2019012701005781,AKJCL,42,57,10,86.00,860.00
2019-01-27,2019012701005780,AKJCL,51,57,10,86.00,860.00
2019-01-27,2019012701005766,AKJCL,44,44,20,87.00,"1,740.00"
2019-01-27,2019012701005756,AKJCL,44,57,20,87.00,"1,740.00"
2019-01-27,2019012701005969,AKPL,22,46,13,180.00,"2,340.00"
2019-01-27,2019012701006051,ALICL,42,58,14,618.00,"8,652.00"
2019-01-27,2019012701006050,ALICL,42,45,88,615.00,"54,120.00"
2019-01-27,2019012701005961,ALICL,25,44,21,612.00,"12,852.00"
2019-01-27,2019012701005808,ALICL,25,46,41,612.00,"25,092.00"
2019-01-27,2019012701006043,AMFI,1,32,10,711.00,"7,110.00"
2019-01-27,2019012701005909,AMFI,45,58,10,720.00,"7,200.00"
2019-01-27,2019012701005903,AMFI,1,7,10,711.00,"7,110.00"
2019-01-27,2019012701005751,AMFI,1,25,10,711.00,"7,110.00"
2019-01-27,2019012701006149,API,28,26,50,143.00,"7,150.00"
2019-01-27,2019012701006008,API,25,26,150,143.00,"21,450.00"
2019-01-27,2019012701005979,API,34,46,17,141.00,"2,397.00"
2019-01-27,2019012701005977,API,34,51,658,142.00,"93,436.00"
2019-01-27,2019012701005941,API,39,51,300,142.00,"42,600.00"
2019-01-27,2019012701005837,API,34,51,500,142.00,"71,000.00"
2019-01-27,2019012701005772,API,53,51,20,142.00,"2,840.00"
2019-01-27,2019012701005771,API,45,51,50,142.00,"7,100.00"
2019-01-27,2019012701005770,API,37,51,100,142.00,"14,200.00"
2019-01-27,2019012701005769,API,36,51,74,142.00,"10,508.00"
2019-01-27,2019012701006122,BARUN,39,7,10,103.00,"1,030.00"
2019-01-27,2019012701005927,BOKL,50,50,475,254.00,"120,650.00"
2019-01-27,2019012701005899,BOKL,28,50,18,255.00,"4,590.00"
2019-01-27,2019012701005847,BOKL,50,11,670,254.00,"170,180.00"
2019-01-27,2019012701005846,BOKL,50,17,123,254.00,"31,242.00"
2019-01-27,2019012701005845,BOKL,50,32,55,254.00,"13,970.00"
2019-01-27,2019012701005824,BOKL,56,32,71,254.00,"18,034.00"
2019-01-27,2019012701005823,BOKL,56,32,25,254.00,"6,350.00"
2019-01-27,2019012701005805,BOKL,42,32,50,254.00,"12,700.00"
2019-01-27,2019012701005778,BOKL,6,16,100,252.00,"25,200.00"
2019-01-27,2019012701006114,BPCL,49,32,10,364.00,"3,640.00"
2019-01-27,2019012701005995,BPCL,53,7,10,365.00,"3,650.00"
2019-01-27,2019012701005986,BPCL,49,46,30,364.00,"10,920.00"
2019-01-27,2019012701005974,BPCL,6,7,10,365.00,"3,650.00"
2019-01-27,2019012701006201,CBBL,54,58,10,885.00,"8,850.00"
2019-01-27,2019012701006200,CBBL,50,58,20,885.00,"17,700.00"
2019-01-27,2019012701005896,CBBL,55,45,50,888.00,"44,400.00"
2019-01-27,2019012701006208,CBL,45,47,16,159.00,"2,544.00"
2019-01-27,2019012701006207,CBL,55,47,184,159.00,"29,256.00"
2019-01-27,2019012701006136,CBL,55,38,227,159.00,"36,093.00"
2019-01-27,2019012701005923,CBL,55,45,89,159.00,"14,151.00"
2019-01-27,2019012701005922,CBL,28,45,111,159.00,"17,649.00"
2019-01-27,2019012701005789,CBL,34,48,"1,000",160.00,"160,000.00"
2019-01-27,2019012701005788,CBL,34,32,181,160.00,"28,960.00"
2019-01-27,2019012701005787,CBL,34,42,217,160.00,"34,720.00"
2019-01-27,2019012701005786,CBL,34,49,702,160.00,"112,320.00"
2019-01-27,2019012701006093,CCBL,56,56,6,167.00,"1,002.00"
2019-01-27,2019012701006092,CCBL,17,43,100,170.00,"17,000.00"
2019-01-27,2019012701006033,CCBL,17,46,42,170.00,"7,140.00"
2019-01-27,2019012701005978,CCBL,56,56,5,167.00,835.00
2019-01-27,2019012701005844,CCBL,17,54,448,170.00,"76,160.00"
2019-01-27,2019012701005819,CCBL,17,45,23,170.00,"3,910.00"
2019-01-27,2019012701006193,CHCL,38,19,440,525.00,"231,000.00"
2019-01-27,2019012701006192,CHCL,22,19,100,526.00,"52,600.00"
2019-01-27,2019012701006124,CHCL,46,19,150,527.00,"79,050.00"
2019-01-27,2019012701006115,CHL,39,46,10,100.00,"1,000.00"
2019-01-27,2019012701006185,CZBIL,57,32,100,211.00,"21,100.00"
2019-01-27,2019012701005854,CZBIL,8,33,250,210.00,"52,500.00"
2019-01-27,2019012701005851,CZBIL,8,49,316,210.00,"66,360.00"
2019-01-27,2019012701005850,CZBIL,44,49,584,210.00,"122,640.00"
2019-01-27,2019012701005839,CZBIL,44,45,10,210.00,"2,100.00"
2019-01-27,2019012701006223,DBBL,11,32,328,125.00,"41,000.00"
2019-01-27,2019012701006204,DBBL,29,32,500,125.00,"62,500.00"
2019-01-27,2019012701006118,DBBL,11,32,300,125.00,"37,500.00"
2019-01-27,2019012701005848,DBBL,51,32,646,125.00,"80,750.00"
2019-01-27,2019012701005876,DDBL,47,32,100,574.00,"57,400.00"
2019-01-27,2019012701006132,EBL,34,36,22,522.00,"11,484.00"
2019-01-27,2019012701006013,EBL,25,6,19,523.00,"9,937.00"
2019-01-27,2019012701005895,EBL,34,44,191,522.00,"99,702.00"
2019-01-27,2019012701005888,EBL,11,44,100,522.00,"52,200.00"
2019-01-27,2019012701005887,EBL,42,44,50,522.00,"26,100.00"
2019-01-27,2019012701005886,EBL,49,44,200,522.00,"104,400.00"
2019-01-27,2019012701005885,EBL,54,44,79,522.00,"41,238.00"
2019-01-27,2019012701005894,EBL,45,44,30,522.00,"15,660.00"
2019-01-27,2019012701005893,EBL,45,44,50,522.00,"26,100.00"
2019-01-27,2019012701005892,EBL,14,44,50,522.00,"26,100.00"
2019-01-27,2019012701005891,EBL,14,44,50,522.00,"26,100.00"
2019-01-27,2019012701005890,EBL,1,44,100,522.00,"52,200.00"
2019-01-27,2019012701005889,EBL,55,44,100,522.00,"52,200.00"
2019-01-27,2019012701005816,FMDBL,14,33,190,378.00,"71,820.00"
2019-01-27,2019012701006148,FOWAD,57,32,15,"1,558.00","23,370.00"
2019-01-27,2019012701005957,FOWAD,26,59,62,"1,557.00","96,534.00"
2019-01-27,2019012701005944,GBBL,39,44,26,183.00,"4,758.00"
2019-01-27,2019012701005935,GBBL,39,22,35,183.00,"6,405.00"
2019-01-27,2019012701006086,GBIME,48,46,26,260.00,"6,760.00"
2019-01-27,2019012701005959,GBIME,22,28,300,261.00,"78,300.00"
2019-01-27,2019012701005958,GBIME,55,28,40,261.00,"10,440.00"
2019-01-27,2019012701005908,GBIME,28,7,26,262.00,"6,812.00"
2019-01-27,2019012701005904,GBIME,55,7,100,262.00,"26,200.00"
2019-01-27,2019012701006163,GBLBS,50,8,10,434.00,"4,340.00"
2019-01-27,2019012701006133,GBLBS,50,8,10,434.00,"4,340.00"
2019-01-27,2019012701006112,GBLBS,50,46,10,434.00,"4,340.00"
2019-01-27,2019012701005930,GBLBS,34,42,40,436.00,"17,440.00"
2019-01-27,2019012701005826,GBLBS,34,25,10,436.00,"4,360.00"
2019-01-27,2019012701005877,GDBL,32,17,363,185.00,"67,155.00"
2019-01-27,2019012701005798,GDBL,32,17,237,185.00,"43,845.00"
2019-01-27,2019012701005793,GDBL,32,17,200,185.00,"37,000.00"
2019-01-27,2019012701005925,GILB,39,38,82,"1,180.00","96,760.00"
2019-01-27,2019012701006038,GLICL,36,44,500,706.00,"353,000.00"
2019-01-27,2019012701006037,GLICL,29,44,100,707.00,"70,700.00"
2019-01-27,2019012701005765,GLICL,36,5,222,706.00,"156,732.00"
2019-01-27,2019012701005764,GLICL,34,5,100,706.00,"70,600.00"
2019-01-27,2019012701005763,GLICL,43,5,100,706.00,"70,600.00"
2019-01-27,2019012701005762,GLICL,55,5,78,706.00,"55,068.00"
2019-01-27,2019012701005918,HBL,28,59,22,450.00,"9,900.00"
2019-01-27,2019012701006150,HGI,45,33,25,390.00,"9,750.00"
2019-01-27,2019012701006111,HGI,51,33,20,390.00,"7,800.00"
2019-01-27,2019012701006016,HIDCL,46,8,43,143.00,"6,149.00"
2019-01-27,2019012701006015,HIDCL,28,8,13,143.00,"1,859.00"
2019-01-27,2019012701005992,HIDCL,28,7,72,143.00,"10,296.00"
2019-01-27,2019012701005946,HIDCL,28,50,15,143.00,"2,145.00"
2019-01-27,2019012701005945,HIDCL,13,50,88,143.00,"12,584.00"
2019-01-27,2019012701006125,HPPL,49,46,10,183.00,"1,830.00"
2019-01-27,2019012701005777,HPPL,6,25,20,182.00,"3,640.00"
2019-01-27,2019012701005742,HPPL,56,56,10,183.00,"1,830.00"
2019-01-27,2019012701005990,ICFC,38,34,500,152.00,"76,000.00"
2019-01-27,2019012701006079,JBBL,55,38,67,139.00,"9,313.00"
2019-01-27,2019012701005872,JBNL,17,45,100,166.00,"16,600.00"
2019-01-27,2019012701005753,JBNL,38,38,20,167.00,"3,340.00"
2019-01-27,2019012701006205,JFL,28,58,100,170.00,"17,000.00"
2019-01-27,2019012701005785,JFL,55,58,100,170.00,"17,000.00"
2019-01-27,2019012701005801,KBBL,22,17,88,212.00,"18,656.00"
2019-01-27,2019012701006078,KBL,49,46,113,244.00,"27,572.00"
2019-01-27,2019012701006077,KBL,1,46,425,245.00,"104,125.00"
2019-01-27,2019012701006076,KBL,38,46,50,245.00,"12,250.00"
2019-01-27,2019012701006075,KBL,6,46,150,245.00,"36,750.00"
2019-01-27,2019012701006074,KBL,40,46,50,245.00,"12,250.00"
2019-01-27,2019012701006073,KBL,6,46,50,245.00,"12,250.00"
2019-01-27,2019012701006072,KBL,58,46,"1,200",245.00,"294,000.00"
2019-01-27,2019012701006071,KBL,32,46,100,245.00,"24,500.00"
2019-01-27,2019012701006070,KBL,6,46,389,245.00,"95,305.00"
2019-01-27,2019012701005950,KBL,10,33,"1,000",246.00,"246,000.00"
2019-01-27,2019012701006184,KMCDB,33,19,12,872.00,"10,464.00"
2019-01-27,2019012701006094,KMCDB,48,19,10,872.00,"8,720.00"
2019-01-27,2019012701006174,KMFL,48,47,30,960.00,"28,800.00"
2019-01-27,2019012701006173,KMFL,8,47,30,960.00,"28,800.00"
2019-01-27,2019012701006172,KMFL,42,47,100,961.00,"96,100.00"
2019-01-27,2019012701006171,KMFL,56,47,20,962.00,"19,240.00"
2019-01-27,2019012701006202,KPCL,55,57,10,97.00,970.00
2019-01-27,2019012701005784,KPCL,43,44,10,97.00,970.00
2019-01-27,2019012701005880,KPCL,56,56,10,98.00,980.00
2019-01-27,2019012701005921,KPCL,56,56,10,98.00,980.00
2019-01-27,2019012701005910,KPCL,56,56,10,98.00,980.00
2019-01-27,2019012701005934,KPCL,56,56,10,98.00,980.00
2019-01-27,2019012701005960,KPCL,56,56,10,98.00,980.00
2019-01-27,2019012701005975,KPCL,56,56,10,98.00,980.00
2019-01-27,2019012701006018,KPCL,56,56,10,98.00,980.00
2019-01-27,2019012701006055,KPCL,43,57,10,97.00,970.00
2019-01-27,2019012701006048,KPCL,56,56,10,98.00,980.00
2019-01-27,2019012701006087,KPCL,55,57,10,97.00,970.00
2019-01-27,2019012701006164,KPCL,55,46,10,97.00,970.00
2019-01-27,2019012701006186,KPCL,55,57,10,97.00,970.00
2019-01-27,2019012701006176,KPCL,56,56,10,98.00,980.00
2019-01-27,2019012701006000,KRBL,11,13,190,98.00,"18,620.00"
2019-01-27,2019012701006170,LBBL,51,13,"1,000",175.00,"175,000.00"
2019-01-27,2019012701006169,LBBL,51,11,265,175.00,"46,375.00"
2019-01-27,2019012701006064,LBBL,33,11,235,175.00,"41,125.00"
2019-01-27,2019012701006063,LBBL,33,26,765,175.00,"133,875.00"
2019-01-27,2019012701006053,LBBL,44,45,53,174.00,"9,222.00"
2019-01-27,2019012701006003,LBBL,45,26,53,175.00,"9,275.00"
2019-01-27,2019012701006216,LBL,4,44,276,220.00,"60,720.00"
2019-01-27,2019012701006096,LBL,4,10,70,220.00,"15,400.00"
2019-01-27,2019012701006084,LBL,49,44,100,221.00,"22,100.00"
2019-01-27,2019012701006083,LBL,19,44,62,221.00,"13,702.00"
2019-01-27,2019012701006082,LBL,57,44,27,221.00,"5,967.00"
2019-01-27,2019012701006069,LBL,48,42,66,222.00,"14,652.00"
2019-01-27,2019012701005868,LBL,57,38,192,221.00,"42,432.00"
2019-01-27,2019012701005867,LBL,58,38,68,221.00,"15,028.00"
2019-01-27,2019012701006068,LBL,48,47,15,222.00,"3,330.00"
2019-01-27,2019012701006067,LBL,48,47,15,222.00,"3,330.00"
2019-01-27,2019012701006066,LBL,48,47,174,222.00,"38,628.00"
2019-01-27,2019012701006065,LBL,48,51,30,222.00,"6,660.00"
2019-01-27,2019012701006009,LBL,57,45,31,221.00,"6,851.00"
2019-01-27,2019012701005949,LBL,57,20,250,221.00,"55,250.00"
2019-01-27,2019012701006095,LGIL,39,50,75,528.00,"39,600.00"
2019-01-27,2019012701006046,LGIL,3,50,50,528.00,"26,400.00"
2019-01-27,2019012701006045,LGIL,34,50,50,528.00,"26,400.00"
2019-01-27,2019012701006044,LGIL,25,50,100,528.00,"52,800.00"
2019-01-27,2019012701006143,LICN,28,10,150,"1,731.00","259,650.00"
2019-01-27,2019012701006142,LICN,28,10,50,"1,731.00","86,550.00"
2019-01-27,2019012701005915,LLBS,35,3,10,803.00,"8,030.00"
2019-01-27,2019012701005914,LLBS,46,3,10,803.00,"8,030.00"
2019-01-27,2019012701005879,MBL,44,45,47,209.00,"9,823.00"
2019-01-27,2019012701005864,MBL,44,54,53,209.00,"11,077.00"
2019-01-27,2019012701005863,MBL,28,54,60,209.00,"12,540.00"
2019-01-27,2019012701006040,MEGA,56,56,8,161.00,"1,288.00"
2019-01-27,2019012701005973,MEGA,42,44,37,164.00,"6,068.00"
2019-01-27,2019012701005956,MEGA,56,56,8,162.00,"1,296.00"
2019-01-27,2019012701005931,MEGA,32,17,10,165.00,"1,650.00"
2019-01-27,2019012701005794,MEGA,39,32,51,164.00,"8,364.00"
2019-01-27,2019012701005759,MEGA,39,36,49,164.00,"8,036.00"
2019-01-27,2019012701005758,MEGA,1,36,49,164.00,"8,036.00"
2019-01-27,2019012701005900,MLBL,4,45,110,169.00,"18,590.00"
2019-01-27,2019012701005761,MLBL,4,1,190,169.00,"32,110.00"
2019-01-27,2019012701005760,MLBL,42,1,59,169.00,"9,971.00"
2019-01-27,2019012701006119,MMFDB,7,19,50,998.00,"49,900.00"
2019-01-27,2019012701006113,MNBBL,49,28,200,345.00,"69,000.00"
2019-01-27,2019012701005866,MPFL,58,26,10,158.00,"1,580.00"
2019-01-27,2019012701005741,NABIL,41,17,183,838.00,"153,354.00"
2019-01-27,2019012701005740,NABIL,41,22,17,837.00,"14,229.00"
2019-01-27,2019012701005963,NABILP,41,8,500,715.00,"357,500.00"
2019-01-27,2019012701005962,NABILP,13,8,50,716.00,"35,800.00"
2019-01-27,2019012701006147,NADEP,33,43,60,781.00,"46,860.00"
2019-01-27,2019012701006146,NADEP,36,43,100,782.00,"78,200.00"
2019-01-27,2019012701006145,NADEP,29,43,50,782.00,"39,100.00"
2019-01-27,2019012701006144,NADEP,33,43,100,783.00,"78,300.00"
2019-01-27,2019012701005981,NADEP,52,52,10,790.00,"7,900.00"
2019-01-27,2019012701005795,NADEP,35,25,10,783.00,"7,830.00"
2019-01-27,2019012701005755,NADEP,33,22,10,790.00,"7,900.00"
2019-01-27,2019012701005754,NADEP,33,26,10,789.00,"7,890.00"
2019-01-27,2019012701006117,NBB,25,47,280,184.00,"51,520.00"
2019-01-27,2019012701006020,NBB,42,47,20,185.00,"3,700.00"
2019-01-27,2019012701006227,NBBL,39,34,250,720.00,"180,000.00"
2019-01-27,2019012701006226,NBBL,51,34,100,720.00,"72,000.00"
2019-01-27,2019012701006225,NBBL,28,34,10,722.00,"7,220.00"
2019-01-27,2019012701006224,NBBL,42,34,70,723.00,"50,610.00"
2019-01-27,2019012701005929,NBBL,42,17,10,723.00,"7,230.00"
2019-01-27,2019012701005928,NBBL,28,17,20,724.00,"14,480.00"
2019-01-27,2019012701006135,NBL,20,46,190,290.00,"55,100.00"
2019-01-27,2019012701006134,NBL,20,57,10,290.00,"2,900.00"
2019-01-27,2019012701005972,NBL,38,14,30,289.00,"8,670.00"
2019-01-27,2019012701005732,NBL,48,57,500,290.00,"145,000.00"
2019-01-27,2019012701006177,NCCB,25,37,"1,332",212.00,"282,384.00"
2019-01-27,2019012701006036,NCCB,55,37,200,212.00,"42,400.00"
2019-01-27,2019012701006035,NCCB,34,37,99,212.00,"20,988.00"
2019-01-27,2019012701005997,NCCB,34,33,901,212.00,"191,012.00"
2019-01-27,2019012701005996,NCCB,21,33,99,212.00,"20,988.00"
2019-01-27,2019012701005938,NCCB,21,33,"1,000",212.00,"212,000.00"
2019-01-27,2019012701005739,NCCB,6,32,843,212.00,"178,716.00"
2019-01-27,2019012701005912,NCCB,21,45,112,212.00,"23,744.00"
2019-01-27,2019012701005884,NCCB,21,13,329,212.00,"69,748.00"
2019-01-27,2019012701005869,NCCB,21,22,10,212.00,"2,120.00"
2019-01-27,2019012701005810,NCCB,34,45,22,212.00,"4,664.00"
2019-01-27,2019012701005809,NCCB,34,58,"2,200",212.00,"466,400.00"
2019-01-27,2019012701005797,NCCB,41,58,800,212.00,"169,600.00"
2019-01-27,2019012701006039,NEF,29,8,603,7.97,"4,805.91"
2019-01-27,2019012701006194,NHPC,28,28,100,67.00,"6,700.00"
2019-01-27,2019012701006057,NHPC,39,28,500,67.00,"33,500.00"
2019-01-27,2019012701006056,NHPC,42,28,250,67.00,"16,750.00"
2019-01-27,2019012701006101,NIB,55,58,100,533.00,"53,300.00"
2019-01-27,2019012701006100,NIB,42,58,100,533.00,"53,300.00"
2019-01-27,2019012701006099,NIB,43,58,70,533.00,"37,310.00"
2019-01-27,2019012701006098,NIB,22,58,50,533.00,"26,650.00"
2019-01-27,2019012701006089,NIB,53,11,"1,000",534.00,"534,000.00"
2019-01-27,2019012701006088,NIB,53,58,114,534.00,"60,876.00"
2019-01-27,2019012701005926,NIB,28,58,18,534.00,"9,612.00"
2019-01-27,2019012701005883,NIB,50,58,406,534.00,"216,804.00"
2019-01-27,2019012701005882,NIB,50,14,340,534.00,"181,560.00"
2019-01-27,2019012701005733,NIB,47,14,30,534.00,"16,020.00"
2019-01-27,2019012701005985,NICA,26,50,100,391.00,"39,100.00"
2019-01-27,2019012701005966,NICA,51,50,100,391.00,"39,100.00"
2019-01-27,2019012701006002,NICL,44,22,131,562.00,"73,622.00"
2019-01-27,2019012701006001,NICL,44,22,369,562.00,"207,378.00"
2019-01-27,2019012701005943,NICL,44,47,52,562.00,"29,224.00"
2019-01-27,2019012701006187,NLIC,25,40,150,"1,088.00","163,200.00"
2019-01-27,2019012701006183,NLIC,39,39,17,"1,089.00","18,513.00"
2019-01-27,2019012701006182,NLIC,39,39,17,"1,089.00","18,513.00"
2019-01-27,2019012701005940,NLIC,41,43,10,"1,090.00","10,900.00"
2019-01-27,2019012701005807,NLIC,8,8,3,"1,089.00","3,267.00"
2019-01-27,2019012701005779,NLIC,25,25,17,"1,089.00","18,513.00"
2019-01-27,2019012701006196,NMB,44,13,30,317.00,"9,510.00"
2019-01-27,2019012701005916,NMB,41,13,15,317.00,"4,755.00"
2019-01-27,2019012701005907,NMB,28,49,256,316.00,"80,896.00"
2019-01-27,2019012701005906,NMB,19,49,50,316.00,"15,800.00"
2019-01-27,2019012701005905,NMB,1,49,424,316.00,"133,984.00"
2019-01-27,2019012701005862,NMB,1,49,576,316.00,"182,016.00"
2019-01-27,2019012701005828,NMB,38,49,500,316.00,"158,000.00"
2019-01-27,2019012701005827,NMB,29,49,469,316.00,"148,204.00"
2019-01-27,2019012701005811,NMB,29,45,68,316.00,"21,488.00"
2019-01-27,2019012701005834,NMB,59,49,100,316.00,"31,600.00"
2019-01-27,2019012701005833,NMB,11,49,200,316.00,"63,200.00"
2019-01-27,2019012701005832,NMB,49,49,400,316.00,"126,400.00"
2019-01-27,2019012701005831,NMB,7,49,200,316.00,"63,200.00"
2019-01-27,2019012701005830,NMB,49,49,800,316.00,"252,800.00"
2019-01-27,2019012701005829,NMB,7,49,500,316.00,"158,000.00"
2019-01-27,2019012701005861,NMB,42,49,150,316.00,"47,400.00"
2019-01-27,2019012701005860,NMB,48,49,100,316.00,"31,600.00"
2019-01-27,2019012701005859,NMB,57,49,500,316.00,"158,000.00"
2019-01-27,2019012701005858,NMB,57,49,469,316.00,"148,204.00"
2019-01-27,2019012701005836,NMB,57,49,531,316.00,"167,796.00"
2019-01-27,2019012701005835,NMB,45,49,50,316.00,"15,800.00"
2019-01-27,2019012701006030,NSEWA,34,39,10,594.00,"5,940.00"
2019-01-27,2019012701006014,NSEWA,34,39,10,594.00,"5,940.00"
2019-01-27,2019012701005999,NSEWA,34,39,10,594.00,"5,940.00"
2019-01-27,2019012701005980,NSEWA,34,35,10,594.00,"5,940.00"
2019-01-27,2019012701005852,NSEWA,42,40,10,593.00,"5,930.00"
2019-01-27,2019012701006218,NTC,13,7,100,726.00,"72,600.00"
2019-01-27,2019012701006217,NTC,6,7,718,726.00,"521,268.00"
2019-01-27,2019012701006203,NUBL,42,45,40,772.00,"30,880.00"
2019-01-27,2019012701006230,PCBL,22,51,34,325.00,"11,050.00"
2019-01-27,2019012701006229,PCBL,22,6,66,325.00,"21,450.00"
2019-01-27,2019012701005991,PCBL,53,51,500,323.00,"161,500.00"
2019-01-27,2019012701005898,PCBL,6,43,50,323.00,"16,150.00"
2019-01-27,2019012701005750,PCBL,34,36,21,322.00,"6,762.00"
2019-01-27,2019012701006181,PFL,32,45,12,133.00,"1,596.00"
2019-01-27,2019012701006180,PFL,32,45,37,133.00,"4,921.00"
2019-01-27,2019012701006179,PFL,32,45,37,133.00,"4,921.00"
2019-01-27,2019012701006085,PFL,28,45,25,133.00,"3,325.00"
2019-01-27,2019012701005748,PFL,1,42,10,131.00,"1,310.00"
2019-01-27,2019012701006081,PIC,52,52,1,"1,046.00","1,046.00"
2019-01-27,2019012701006032,PIC,52,52,1,"1,046.00","1,046.00"
2019-01-27,2019012701006027,PIC,42,32,11,"1,043.00","11,473.00"
2019-01-27,2019012701005874,PIC,52,52,1,"1,046.00","1,046.00"
2019-01-27,2019012701005843,PIC,52,52,1,"1,046.00","1,046.00"
2019-01-27,2019012701005734,PIC,52,52,1,"1,046.00","1,046.00"
2019-01-27,2019012701005813,PICL,34,36,500,706.00,"353,000.00"
2019-01-27,2019012701006141,PLIC,45,37,100,488.00,"48,800.00"
2019-01-27,2019012701006140,PLIC,58,37,30,488.00,"14,640.00"
2019-01-27,2019012701006139,PLIC,35,37,100,488.00,"48,800.00"
2019-01-27,2019012701006138,PLIC,45,37,10,488.00,"4,880.00"
2019-01-27,2019012701006137,PLIC,43,37,21,489.00,"10,269.00"
2019-01-27,2019012701006123,PLIC,51,22,20,490.00,"9,800.00"
2019-01-27,2019012701006097,PLIC,35,22,400,490.00,"196,000.00"
2019-01-27,2019012701006213,PMHPL,46,28,10,106.00,"1,060.00"
2019-01-27,2019012701006211,PMHPL,46,39,10,106.00,"1,060.00"
2019-01-27,2019012701006120,PMHPL,14,40,10,105.00,"1,050.00"
2019-01-27,2019012701006005,PMHPL,14,40,10,105.00,"1,050.00"
2019-01-27,2019012701005790,PMHPL,14,8,10,105.00,"1,050.00"
2019-01-27,2019012701006162,PRIN,45,46,"1,484",440.00,"652,960.00"
2019-01-27,2019012701006161,PRIN,17,46,100,440.00,"44,000.00"
2019-01-27,2019012701006160,PRIN,47,46,50,440.00,"22,000.00"
2019-01-27,2019012701006159,PRIN,51,46,100,441.00,"44,100.00"
2019-01-27,2019012701006158,PRIN,1,46,50,441.00,"22,050.00"
2019-01-27,2019012701006157,PRIN,32,46,150,441.00,"66,150.00"
2019-01-27,2019012701006156,PRIN,28,46,500,443.00,"221,500.00"
2019-01-27,2019012701006155,PRIN,28,46,654,443.00,"289,722.00"
2019-01-27,2019012701006154,PRIN,17,46,"1,000",444.00,"444,000.00"
2019-01-27,2019012701006153,PRIN,26,46,100,444.00,"44,400.00"
2019-01-27,2019012701006152,PRIN,34,46,980,445.00,"436,100.00"
2019-01-27,2019012701006151,PRIN,51,46,30,446.00,"13,380.00"
2019-01-27,2019012701005857,PRVU,44,41,149,240.00,"35,760.00"
2019-01-27,2019012701005856,PRVU,44,41,100,241.00,"24,100.00"
2019-01-27,2019012701005855,PRVU,13,41,26,241.00,"6,266.00"
2019-01-27,2019012701005818,PRVU,13,22,24,241.00,"5,784.00"
2019-01-27,2019012701005817,PRVU,6,22,100,241.00,"24,100.00"
2019-01-27,2019012701005937,PURBL,44,32,"1,000",150.00,"150,000.00"
2019-01-27,2019012701005936,PURBL,14,32,336,152.00,"51,072.00"
2019-01-27,2019012701006006,RADHI,13,7,11,163.00,"1,793.00"
2019-01-27,2019012701005775,RADHI,13,8,11,163.00,"1,793.00"
2019-01-27,2019012701006178,RBCL,18,37,10,"9,415.00","94,150.00"
2019-01-27,2019012701006110,RLFL,50,17,450,114.00,"51,300.00"
2019-01-27,2019012701006109,RLFL,25,17,500,114.00,"57,000.00"
2019-01-27,2019012701006108,RLFL,51,17,250,114.00,"28,500.00"
2019-01-27,2019012701006107,RLFL,1,17,"1,000",114.00,"114,000.00"
2019-01-27,2019012701006106,RLFL,34,17,200,114.00,"22,800.00"
2019-01-27,2019012701006105,RLFL,59,17,500,114.00,"57,000.00"
2019-01-27,2019012701006104,RLFL,32,17,100,115.00,"11,500.00"
2019-01-27,2019012701006103,RLFL,1,17,500,115.00,"57,500.00"
2019-01-27,2019012701006102,RLFL,50,17,500,115.00,"57,500.00"
2019-01-27,2019012701005902,RLFL,1,36,514,116.00,"59,624.00"
2019-01-27,2019012701006019,RRHP,50,40,10,99.00,990.00
2019-01-27,2019012701005911,RRHP,50,40,10,99.00,990.00
2019-01-27,2019012701005838,RRHP,50,40,10,99.00,990.00
2019-01-27,2019012701005939,SANIMA,34,44,20,301.00,"6,020.00"
2019-01-27,2019012701005965,SBI,28,17,25,387.00,"9,675.00"
2019-01-27,2019012701006054,SCB,51,8,20,562.00,"11,240.00"
2019-01-27,2019012701006042,SCB,35,33,100,563.00,"56,300.00"
2019-01-27,2019012701006215,SDESI,33,40,150,633.00,"94,950.00"
2019-01-27,2019012701006004,SDESI,52,52,1,632.00,632.00
2019-01-27,2019012701005982,SDESI,26,40,50,633.00,"31,650.00"
2019-01-27,2019012701005853,SDESI,35,22,27,630.00,"17,010.00"
2019-01-27,2019012701005840,SDESI,35,1,14,630.00,"8,820.00"
2019-01-27,2019012701005776,SDESI,35,34,50,630.00,"31,500.00"
2019-01-27,2019012701006127,SFFIL,14,57,10,227.00,"2,270.00"
2019-01-27,2019012701005875,SHPC,58,45,110,230.00,"25,300.00"
2019-01-27,2019012701006222,SKBBL,16,51,30,865.00,"25,950.00"
2019-01-27,2019012701006221,SKBBL,16,59,50,864.00,"43,200.00"
2019-01-27,2019012701006220,SKBBL,16,38,61,863.00,"52,643.00"
2019-01-27,2019012701005917,SKBBL,21,17,10,859.00,"8,590.00"
2019-01-27,2019012701005735,SLBBL,26,37,10,529.00,"5,290.00"
2019-01-27,2019012701005964,SLBBL,26,57,190,529.00,"100,510.00"
2019-01-27,2019012701006052,SLICL,28,43,116,544.00,"63,104.00"
2019-01-27,2019012701005731,SLICL,6,44,200,544.00,"108,800.00"
2019-01-27,2019012701006131,SMB,17,32,10,635.00,"6,350.00"
2019-01-27,2019012701005878,SMB,17,22,10,635.00,"6,350.00"
2019-01-27,2019012701006210,SPDL,43,58,156,92.00,"14,352.00"
2019-01-27,2019012701005822,SPDL,39,58,150,92.00,"13,800.00"
2019-01-27,2019012701006126,SRBL,21,1,200,212.00,"42,400.00"
2019-01-27,2019012701006129,SWBBL,4,42,537,845.00,"453,765.00"
2019-01-27,2019012701006128,SWBBL,32,42,50,846.00,"42,300.00"
2019-01-27,2019012701006029,SWBBL,4,38,100,845.00,"84,500.00"
2019-01-27,2019012701006012,SWBBL,4,22,300,845.00,"253,500.00"
2019-01-27,2019012701005881,UNL,58,25,20,"20,475.00","409,500.00"
2019-01-27,2019012701006228,UPPER,22,49,40,267.00,"10,680.00"
2019-01-27,2019012701006219,UPPER,22,38,50,267.00,"13,350.00"
2019-01-27,2019012701006214,UPPER,22,51,40,267.00,"10,680.00"
2019-01-27,2019012701006212,UPPER,22,21,50,267.00,"13,350.00"
2019-01-27,2019012701006209,UPPER,38,19,40,268.00,"10,720.00"
2019-01-27,2019012701005743,UPPER,39,59,12,269.00,"3,228.00"
2019-01-27,2019012701005738,UPPER,33,40,40,268.00,"10,720.00"
2019-01-27,2019012701005737,UPPER,44,59,38,269.00,"10,222.00"
2019-01-27,2019012701005736,UPPER,44,39,12,269.00,"3,228.00"
2019-01-27,2019012701005757,UPPER,19,25,"1,284",269.00,"345,396.00"
2019-01-27,2019012701005752,UPPER,33,40,40,268.00,"10,720.00"
2019-01-27,2019012701005749,UPPER,33,44,200,268.00,"53,600.00"
2019-01-27,2019012701005746,UPPER,33,8,40,268.00,"10,720.00"
2019-01-27,2019012701005745,UPPER,39,25,48,269.00,"12,912.00"
2019-01-27,2019012701005744,UPPER,39,39,40,269.00,"10,760.00"
2019-01-27,2019012701005791,UPPER,48,56,30,268.00,"8,040.00"
2019-01-27,2019012701005783,UPPER,48,39,50,268.00,"13,400.00"
2019-01-27,2019012701005782,UPPER,48,45,50,268.00,"13,400.00"
2019-01-27,2019012701005768,UPPER,48,42,20,268.00,"5,360.00"
2019-01-27,2019012701005767,UPPER,33,42,20,268.00,"5,360.00"
2019-01-27,2019012701005803,UPPER,48,48,20,268.00,"5,360.00"
2019-01-27,2019012701005802,UPPER,48,25,50,268.00,"13,400.00"
2019-01-27,2019012701005800,UPPER,48,6,30,268.00,"8,040.00"
2019-01-27,2019012701005799,UPPER,55,6,10,268.00,"2,680.00"
2019-01-27,2019012701005796,UPPER,36,25,500,269.00,"134,500.00"
2019-01-27,2019012701005792,UPPER,55,56,10,268.00,"2,680.00"
2019-01-27,2019012701005825,UPPER,14,37,50,268.00,"13,400.00"
2019-01-27,2019012701005821,UPPER,14,48,40,268.00,"10,720.00"
2019-01-27,2019012701005815,UPPER,14,40,50,268.00,"13,400.00"
2019-01-27,2019012701005812,UPPER,14,52,50,268.00,"13,400.00"
2019-01-27,2019012701005806,UPPER,14,44,40,268.00,"10,720.00"
2019-01-27,2019012701005804,UPPER,14,48,20,268.00,"5,360.00"
2019-01-27,2019012701005873,UPPER,14,48,50,268.00,"13,400.00"
2019-01-27,2019012701005870,UPPER,14,22,50,268.00,"13,400.00"
2019-01-27,2019012701005865,UPPER,14,56,40,268.00,"10,720.00"
2019-01-27,2019012701005849,UPPER,14,8,40,268.00,"10,720.00"
2019-01-27,2019012701005841,UPPER,14,11,50,268.00,"13,400.00"
2019-01-27,2019012701005919,UPPER,14,11,50,268.00,"13,400.00"
2019-01-27,2019012701005913,UPPER,14,48,40,268.00,"10,720.00"
2019-01-27,2019012701005901,UPPER,14,56,50,268.00,"13,400.00"
2019-01-27,2019012701005897,UPPER,14,40,50,268.00,"13,400.00"
2019-01-27,2019012701005952,UPPER,45,25,"2,000",268.00,"536,000.00"
2019-01-27,2019012701005951,UPPER,14,25,200,268.00,"53,600.00"
2019-01-27,2019012701005942,UPPER,14,48,40,268.00,"10,720.00"
2019-01-27,2019012701005933,UPPER,14,51,40,268.00,"10,720.00"
2019-01-27,2019012701005924,UPPER,14,48,50,268.00,"13,400.00"
2019-01-27,2019012701005967,UPPER,38,11,50,268.00,"13,400.00"
2019-01-27,2019012701005955,UPPER,13,25,500,268.00,"134,000.00"
2019-01-27,2019012701005954,UPPER,29,25,500,268.00,"134,000.00"
2019-01-27,2019012701005953,UPPER,55,25,10,268.00,"2,680.00"
2019-01-27,2019012701005984,UPPER,22,8,50,267.00,"13,350.00"
2019-01-27,2019012701005976,UPPER,22,29,40,267.00,"10,680.00"
2019-01-27,2019012701005971,UPPER,22,11,25,267.00,"6,675.00"
2019-01-27,2019012701005970,UPPER,1,11,25,268.00,"6,700.00"
2019-01-27,2019012701005968,UPPER,1,29,50,268.00,"13,400.00"
2019-01-27,2019012701005998,UPPER,51,34,50,268.00,"13,400.00"
2019-01-27,2019012701005994,UPPER,22,29,50,267.00,"13,350.00"
2019-01-27,2019012701005993,UPPER,22,40,50,267.00,"13,350.00"
2019-01-27,2019012701005989,UPPER,42,44,132,269.00,"35,508.00"
2019-01-27,2019012701005988,UPPER,42,25,168,269.00,"45,192.00"
2019-01-27,2019012701005987,UPPER,42,38,50,268.00,"13,400.00"
2019-01-27,2019012701006022,UPPER,1,34,350,268.00,"93,800.00"
2019-01-27,2019012701006021,UPPER,22,7,50,267.00,"13,350.00"
2019-01-27,2019012701006011,UPPER,17,34,100,268.00,"26,800.00"
2019-01-27,2019012701006010,UPPER,22,22,50,267.00,"13,350.00"
2019-01-27,2019012701006007,UPPER,22,48,50,267.00,"13,350.00"
2019-01-27,2019012701006034,UPPER,1,22,40,268.00,"10,720.00"
2019-01-27,2019012701006031,UPPER,1,28,40,268.00,"10,720.00"
2019-01-27,2019012701006026,UPPER,1,56,50,268.00,"13,400.00"
2019-01-27,2019012701006025,UPPER,1,51,10,268.00,"2,680.00"
2019-01-27,2019012701006024,UPPER,1,39,243,268.00,"65,124.00"
2019-01-27,2019012701006023,UPPER,1,28,50,268.00,"13,400.00"
2019-01-27,2019012701006058,UPPER,1,39,87,268.00,"23,316.00"
2019-01-27,2019012701006049,UPPER,1,22,40,268.00,"10,720.00"
2019-01-27,2019012701006047,UPPER,1,28,50,268.00,"13,400.00"
2019-01-27,2019012701006041,UPPER,1,29,40,268.00,"10,720.00"
2019-01-27,2019012701006080,UPPER,39,19,254,268.00,"68,072.00"
2019-01-27,2019012701006062,UPPER,39,38,40,268.00,"10,720.00"
2019-01-27,2019012701006061,UPPER,39,25,250,268.00,"67,000.00"
2019-01-27,2019012701006060,UPPER,39,39,116,268.00,"31,088.00"
2019-01-27,2019012701006059,UPPER,38,39,40,268.00,"10,720.00"
2019-01-27,2019012701006165,UPPER,38,19,10,268.00,"2,680.00"
2019-01-27,2019012701006130,UPPER,22,56,40,267.00,"10,680.00"
2019-01-27,2019012701006116,UPPER,22,56,40,267.00,"10,680.00"
2019-01-27,2019012701006091,UPPER,22,39,170,267.00,"45,390.00"
2019-01-27,2019012701006090,UPPER,22,56,50,267.00,"13,350.00"
2019-01-27,2019012701006175,UPPER,22,45,50,267.00,"13,350.00"
2019-01-27,2019012701006168,UPPER,22,38,50,267.00,"13,350.00"
2019-01-27,2019012701006167,UPPER,22,40,50,267.00,"13,350.00"
2019-01-27,2019012701006166,UPPER,22,48,40,267.00,"10,680.00"
2019-01-27,2019012701006199,UPPER,22,49,50,267.00,"13,350.00"
2019-01-27,2019012701006195,UPPER,22,56,50,267.00,"13,350.00"
2019-01-27,2019012701006191,UPPER,22,28,40,267.00,"10,680.00"
2019-01-27,2019012701006190,UPPER,25,19,200,268.00,"53,600.00"
2019-01-27,2019012701006189,UPPER,22,51,50,267.00,"13,350.00"
2019-01-27,2019012701006188,UPPER,38,19,40,268.00,"10,720.00"
2019-01-27,2019012701006028,WOMI,17,22,30,"1,127.00","33,810.00"
2019-01-27,2019012701005948,WOMI,33,45,16,"1,121.00","17,936.00"
2019-01-27,2019012701005947,WOMI,34,45,84,"1,121.00","94,164.00"
2019-01-27,2019012701005649,ADBL,6,41,69,339.00,"23,391.00"
2019-01-27,2019012701005648,ADBL,58,41,130,339.00,"44,070.00"
2019-01-27,2019012701005647,ADBL,21,41,10,339.00,"3,390.00"
2019-01-27,2019012701005646,ADBL,6,41,175,339.00,"59,325.00"
2019-01-27,2019012701005552,ADBL,46,6,10,340.00,"3,400.00"
2019-01-27,2019012701005507,AHPC,45,34,12,102.00,"1,224.00"
2019-01-27,2019012701005506,AHPC,28,34,88,102.00,"8,976.00"
2019-01-27,2019012701005275,AHPC,28,43,12,102.00,"1,224.00"
2019-01-27,2019012701005725,AKJCL,44,57,20,87.00,"1,740.00"
2019-01-27,2019012701005614,AKJCL,44,59,20,87.00,"1,740.00"
2019-01-27,2019012701005281,AKJCL,44,45,20,87.00,"1,740.00"
2019-01-27,2019012701005508,ALICL,25,48,500,612.00,"306,000.00"
2019-01-27,2019012701005492,ALICL,25,44,146,612.00,"89,352.00"
2019-01-27,2019012701005491,ALICL,52,44,50,613.00,"30,650.00"
2019-01-27,2019012701005548,AMFI,1,56,10,711.00,"7,110.00"
2019-01-27,2019012701005454,AMFI,58,56,10,710.00,"7,100.00"
2019-01-27,2019012701005251,API,36,43,18,142.00,"2,556.00"
2019-01-27,2019012701005337,BHBL,1,43,13,141.00,"1,833.00"
2019-01-27,2019012701005659,BOKL,6,41,386,252.00,"97,272.00"
2019-01-27,2019012701005450,BOKL,42,32,100,254.00,"25,400.00"
2019-01-27,2019012701005397,BOKL,51,11,100,253.00,"25,300.00"
2019-01-27,2019012701005396,BOKL,39,11,100,253.00,"25,300.00"
2019-01-27,2019012701005395,BOKL,10,11,200,253.00,"50,600.00"
2019-01-27,2019012701005394,BOKL,56,11,50,253.00,"12,650.00"
2019-01-27,2019012701005393,BOKL,38,11,880,253.00,"222,640.00"
2019-01-27,2019012701005515,BPCL,6,14,10,365.00,"3,650.00"
2019-01-27,2019012701005276,BPCL,6,16,30,365.00,"10,950.00"
2019-01-27,2019012701005238,BPCL,6,7,20,365.00,"7,300.00"
2019-01-27,2019012701005621,CBBL,54,58,100,885.00,"88,500.00"
2019-01-27,2019012701005596,CBBL,54,44,200,885.00,"177,000.00"
2019-01-27,2019012701005595,CBBL,35,44,50,886.00,"44,300.00"
2019-01-27,2019012701005434,CBBL,16,45,150,885.00,"132,750.00"
2019-01-27,2019012701005433,CBBL,59,45,50,885.00,"44,250.00"
2019-01-27,2019012701005432,CBBL,54,45,25,885.00,"22,125.00"
2019-01-27,2019012701005287,CBBL,54,22,75,885.00,"66,375.00"
2019-01-27,2019012701005232,CBBL,54,21,200,885.00,"177,000.00"
2019-01-27,2019012701005715,CBL,28,46,389,159.00,"61,851.00"
2019-01-27,2019012701005714,CBL,28,46,11,159.00,"1,749.00"
2019-01-27,2019012701005549,CBL,28,49,150,159.00,"23,850.00"
2019-01-27,2019012701005247,CBL,28,21,212,159.00,"33,708.00"
2019-01-27,2019012701005246,CBL,28,1,127,159.00,"20,193.00"
2019-01-27,2019012701005245,CBL,28,1,321,159.00,"51,039.00"
2019-01-27,2019012701005721,CCBL,17,1,90,170.00,"15,300.00"
2019-01-27,2019012701005720,CCBL,35,1,150,170.00,"25,500.00"
2019-01-27,2019012701005719,CCBL,14,1,35,170.00,"5,950.00"
2019-01-27,2019012701005676,CCBL,14,25,80,170.00,"13,600.00"
2019-01-27,2019012701005431,CCBL,14,25,107,170.00,"18,190.00"
2019-01-27,2019012701005343,CCBL,6,52,22,171.00,"3,762.00"
2019-01-27,2019012701005342,CCBL,6,52,13,171.00,"2,223.00"
2019-01-27,2019012701005304,CCBL,14,22,25,170.00,"4,250.00"
2019-01-27,2019012701005590,CFCL,39,22,50,112.00,"5,600.00"
2019-01-27,2019012701005678,CHCL,42,29,100,527.00,"52,700.00"
2019-01-27,2019012701005677,CHCL,42,22,69,527.00,"36,363.00"
2019-01-27,2019012701005657,CHCL,38,19,522,525.00,"274,050.00"
2019-01-27,2019012701005656,CHCL,18,19,100,525.00,"52,500.00"
2019-01-27,2019012701005655,CHCL,45,19,10,525.00,"5,250.00"
2019-01-27,2019012701005654,CHCL,45,19,100,526.00,"52,600.00"
2019-01-27,2019012701005653,CHCL,22,19,15,526.00,"7,890.00"
2019-01-27,2019012701005624,CHCL,22,22,31,527.00,"16,337.00"
2019-01-27,2019012701005623,CHCL,22,1,19,527.00,"10,013.00"
2019-01-27,2019012701005292,CHCL,22,41,45,526.00,"23,670.00"
2019-01-27,2019012701005291,CHCL,45,41,15,526.00,"7,890.00"
2019-01-27,2019012701005298,CHL,41,46,10,101.00,"1,010.00"
2019-01-27,2019012701005538,CIT,26,25,20,"2,699.00","53,980.00"
2019-01-27,2019012701005709,CZBIL,44,42,10,210.00,"2,100.00"
2019-01-27,2019012701005670,CZBIL,44,41,171,210.00,"35,910.00"
2019-01-27,2019012701005669,CZBIL,45,41,853,210.00,"179,130.00"
2019-01-27,2019012701005453,CZBIL,49,22,200,211.00,"42,200.00"
2019-01-27,2019012701005438,CZBIL,42,22,100,211.00,"21,100.00"
2019-01-27,2019012701005335,DBBL,39,49,50,126.00,"6,300.00"
2019-01-27,2019012701005280,DBBL,59,49,60,126.00,"7,560.00"
2019-01-27,2019012701005626,EBL,54,26,21,522.00,"10,962.00"
2019-01-27,2019012701005625,EBL,14,26,29,522.00,"15,138.00"
2019-01-27,2019012701005426,EBL,22,56,50,522.00,"26,100.00"
2019-01-27,2019012701005425,EBL,28,56,11,522.00,"5,742.00"
2019-01-27,2019012701005467,EBL,14,28,50,522.00,"26,100.00"
2019-01-27,2019012701005466,EBL,38,28,150,523.00,"78,450.00"
2019-01-27,2019012701005428,EBL,14,56,121,522.00,"63,162.00"
2019-01-27,2019012701005427,EBL,25,56,200,522.00,"104,400.00"
2019-01-27,2019012701005469,EDBL,17,56,370,280.00,"103,600.00"
2019-01-27,2019012701005468,EDBL,39,56,30,284.00,"8,520.00"
2019-01-27,2019012701005726,FMDBL,8,33,100,378.00,"37,800.00"
2019-01-27,2019012701005444,FMDBL,1,33,10,378.00,"3,780.00"
2019-01-27,2019012701005583,FOWAD,33,17,30,"1,555.00","46,650.00"
2019-01-27,2019012701005315,FOWAD,28,22,12,"1,548.00","18,576.00"
2019-01-27,2019012701005314,FOWAD,28,46,10,"1,548.00","15,480.00"
2019-01-27,2019012701005362,GBBL,32,46,33,182.00,"6,006.00"
2019-01-27,2019012701005551,GBLBS,45,34,10,442.00,"4,420.00"
2019-01-27,2019012701005415,GBLBS,34,22,30,436.00,"13,080.00"
2019-01-27,2019012701005414,GBLBS,19,22,10,437.00,"4,370.00"
2019-01-27,2019012701005256,GBLBS,19,7,10,437.00,"4,370.00"
2019-01-27,2019012701005233,GBLBS,13,42,120,441.00,"52,920.00"
2019-01-27,2019012701005514,GFCL,43,22,12,121.00,"1,452.00"
2019-01-27,2019012701005723,GILB,39,25,18,"1,180.00","21,240.00"
2019-01-27,2019012701005392,GLICL,55,39,75,706.00,"52,950.00"
2019-01-27,2019012701005391,GLICL,29,39,25,708.00,"17,700.00"
2019-01-27,2019012701005652,GUFL,56,51,11,104.00,"1,144.00"
2019-01-27,2019012701005651,GUFL,28,51,10,104.00,"1,040.00"
2019-01-27,2019012701005464,HBL,43,7,85,448.00,"38,080.00"
2019-01-27,2019012701005463,HBL,43,28,20,447.00,"8,940.00"
2019-01-27,2019012701005449,HBL,42,28,50,447.00,"22,350.00"
2019-01-27,2019012701005448,HBL,26,28,50,447.00,"22,350.00"
2019-01-27,2019012701005447,HBL,41,28,80,449.00,"35,920.00"
2019-01-27,2019012701005710,HGI,34,33,150,390.00,"58,500.00"
2019-01-27,2019012701005527,HGI,34,14,50,390.00,"19,500.00"
2019-01-27,2019012701005510,HGI,34,41,200,390.00,"78,000.00"
2019-01-27,2019012701005509,HGI,10,41,200,390.00,"78,000.00"
2019-01-27,2019012701005336,HGI,5,50,60,391.00,"23,460.00"
2019-01-27,2019012701005286,HGI,25,33,100,390.00,"39,000.00"
2019-01-27,2019012701005503,HIDCL,45,44,40,144.00,"5,760.00"
2019-01-27,2019012701005420,HIDCL,13,6,56,143.00,"8,008.00"
2019-01-27,2019012701005513,HPPL,6,8,10,182.00,"1,820.00"
2019-01-27,2019012701005383,HPPL,6,46,10,182.00,"1,820.00"
2019-01-27,2019012701005587,ICFC,36,58,30,153.00,"4,590.00"
2019-01-27,2019012701005520,ICFC,43,19,226,152.00,"34,352.00"
2019-01-27,2019012701005347,ICFC,13,19,20,152.00,"3,040.00"
2019-01-27,2019012701005713,JBNL,34,22,300,167.00,"50,100.00"
2019-01-27,2019012701005712,JBNL,34,46,500,167.00,"83,500.00"
2019-01-27,2019012701005711,JBNL,34,43,"1,000",167.00,"167,000.00"
2019-01-27,2019012701005615,JEFL,6,5,"1,600",129.00,"206,400.00"
2019-01-27,2019012701005411,JEFL,6,41,400,129.00,"51,600.00"
2019-01-27,2019012701005248,KADBL,59,32,572,158.00,"90,376.00"
2019-01-27,2019012701005718,KBL,10,33,900,246.00,"221,400.00"
2019-01-27,2019012701005675,KBL,46,33,100,246.00,"24,600.00"
2019-01-27,2019012701005546,KBL,54,14,100,246.00,"24,600.00"
2019-01-27,2019012701005545,KBL,52,14,137,246.00,"33,702.00"
2019-01-27,2019012701005519,KBL,52,53,50,246.00,"12,300.00"
2019-01-27,2019012701005476,KBL,49,6,69,247.00,"17,043.00"
2019-01-27,2019012701005475,KBL,49,45,31,247.00,"7,657.00"
2019-01-27,2019012701005368,KBL,52,14,20,246.00,"4,920.00"
2019-01-27,2019012701005367,KBL,18,14,480,246.00,"118,080.00"
2019-01-27,2019012701005258,KBL,18,41,20,246.00,"4,920.00"
2019-01-27,2019012701005257,KBL,28,41,50,246.00,"12,300.00"
2019-01-27,2019012701005361,KPCL,45,4,10,97.00,970.00
2019-01-27,2019012701005404,KPCL,43,46,10,97.00,970.00
2019-01-27,2019012701005617,KPCL,21,43,10,98.00,980.00
2019-01-27,2019012701005600,KPCL,43,59,10,97.00,970.00
2019-01-27,2019012701005619,KPCL,21,45,10,98.00,980.00
2019-01-27,2019012701005618,KPCL,21,43,10,98.00,980.00
2019-01-27,2019012701005681,KPCL,43,39,10,97.00,970.00
2019-01-27,2019012701005303,KRBL,14,13,135,98.00,"13,230.00"
2019-01-27,2019012701005302,KRBL,14,54,65,98.00,"6,370.00"
2019-01-27,2019012701005279,KSBBL,6,17,100,138.00,"13,800.00"
2019-01-27,2019012701005550,LBBL,35,26,200,175.00,"35,000.00"
2019-01-27,2019012701005481,LBBL,45,26,250,175.00,"43,750.00"
2019-01-27,2019012701005327,LBBL,38,26,194,175.00,"33,950.00"
2019-01-27,2019012701005326,LBBL,38,32,106,175.00,"18,550.00"
2019-01-27,2019012701005697,LBL,58,45,32,221.00,"7,072.00"
2019-01-27,2019012701005660,LBL,51,45,78,221.00,"17,238.00"
2019-01-27,2019012701005633,LBL,51,11,122,221.00,"26,962.00"
2019-01-27,2019012701005632,LBL,49,11,100,221.00,"22,100.00"
2019-01-27,2019012701005631,LBL,49,11,328,221.00,"72,488.00"
2019-01-27,2019012701005586,LBL,49,21,270,221.00,"59,670.00"
2019-01-27,2019012701005341,LBL,45,35,50,221.00,"11,050.00"
2019-01-27,2019012701005340,LBL,49,35,490,221.00,"108,290.00"
2019-01-27,2019012701005324,LBL,49,49,10,221.00,"2,210.00"
2019-01-27,2019012701005255,LBL,53,49,380,221.00,"83,980.00"
2019-01-27,2019012701005576,LBL,34,51,30,222.00,"6,660.00"
2019-01-27,2019012701005505,LBL,49,17,95,221.00,"20,995.00"
2019-01-27,2019012701005471,LBL,49,34,150,221.00,"33,150.00"
2019-01-27,2019012701005413,LBL,49,46,15,221.00,"3,315.00"
2019-01-27,2019012701005371,LBL,49,59,100,221.00,"22,100.00"
2019-01-27,2019012701005346,LBL,49,35,42,221.00,"9,282.00"
2019-01-27,2019012701005557,LGIL,45,48,422,529.00,"223,238.00"
2019-01-27,2019012701005556,LGIL,1,48,50,530.00,"26,500.00"
2019-01-27,2019012701005555,LGIL,25,48,28,530.00,"14,840.00"
2019-01-27,2019012701005524,LICN,34,42,10,"1,732.00","17,320.00"
2019-01-27,2019012701005571,MBL,17,44,329,210.00,"69,090.00"
2019-01-27,2019012701005570,MBL,17,14,200,210.00,"42,000.00"
2019-01-27,2019012701005569,MBL,17,32,350,210.00,"73,500.00"
2019-01-27,2019012701005465,MEGA,42,17,100,165.00,"16,500.00"
2019-01-27,2019012701005419,MEGA,1,48,52,164.00,"8,528.00"
2019-01-27,2019012701005418,MEGA,55,48,448,164.00,"73,472.00"
2019-01-27,2019012701005372,MEGA,55,22,10,164.00,"1,640.00"
2019-01-27,2019012701005636,MERO,58,25,75,"1,126.00","84,450.00"
2019-01-27,2019012701005635,MERO,58,25,45,"1,127.00","50,715.00"
2019-01-27,2019012701005634,MERO,13,25,80,"1,127.00","90,160.00"
2019-01-27,2019012701005533,MERO,13,41,20,"1,127.00","22,540.00"
2019-01-27,2019012701005532,MERO,52,41,10,"1,130.00","11,300.00"
2019-01-27,2019012701005489,MLBL,42,22,100,169.00,"16,900.00"
2019-01-27,2019012701005423,MLBL,42,46,41,169.00,"6,929.00"
2019-01-27,2019012701005704,MNBBL,49,25,46,345.00,"15,870.00"
2019-01-27,2019012701005703,MNBBL,41,25,50,345.00,"17,250.00"
2019-01-27,2019012701005702,MNBBL,47,25,23,345.00,"7,935.00"
2019-01-27,2019012701005687,MNBBL,47,1,27,345.00,"9,315.00"
2019-01-27,2019012701005572,MNBBL,35,28,300,346.00,"103,800.00"
2019-01-27,2019012701005333,MNBBL,49,28,178,346.00,"61,588.00"
2019-01-27,2019012701005573,MSMBS,17,22,11,542.00,"5,962.00"
2019-01-27,2019012701005387,NABIL,41,22,14,837.00,"11,718.00"
2019-01-27,2019012701005701,NADEP,56,56,10,788.00,"7,880.00"
2019-01-27,2019012701005502,NADEP,29,56,10,782.00,"7,820.00"
2019-01-27,2019012701005422,NBB,49,47,100,185.00,"18,500.00"
2019-01-27,2019012701005242,NBB,25,19,74,184.00,"13,616.00"
2019-01-27,2019012701005241,NBB,26,19,100,184.00,"18,400.00"
2019-01-27,2019012701005240,NBB,6,19,100,184.00,"18,400.00"
2019-01-27,2019012701005239,NBB,17,19,"1,697",184.00,"312,248.00"
2019-01-27,2019012701005296,NBBL,42,22,20,723.00,"14,460.00"
2019-01-27,2019012701005650,NBL,38,35,248,289.00,"71,672.00"
2019-01-27,2019012701005530,NBL,21,57,190,290.00,"55,100.00"
2019-01-27,2019012701005529,NBL,21,6,310,290.00,"89,900.00"
2019-01-27,2019012701005430,NBL,42,6,100,290.00,"29,000.00"
2019-01-27,2019012701005354,NBL,34,6,90,290.00,"26,100.00"
2019-01-27,2019012701005353,NBL,34,45,"1,000",290.00,"290,000.00"
2019-01-27,2019012701005352,NBL,34,46,"2,000",290.00,"580,000.00"
2019-01-27,2019012701005351,NBL,34,32,300,290.00,"87,000.00"
2019-01-27,2019012701005350,NBL,34,32,500,290.00,"145,000.00"
2019-01-27,2019012701005349,NBL,34,42,100,290.00,"29,000.00"
2019-01-27,2019012701005348,NBL,34,32,10,290.00,"2,900.00"
2019-01-27,2019012701005344,NBL,53,32,100,290.00,"29,000.00"
2019-01-27,2019012701005683,NCCB,47,41,442,211.00,"93,262.00"
2019-01-27,2019012701005682,NCCB,44,41,39,211.00,"8,229.00"
2019-01-27,2019012701005667,NCCB,55,32,100,212.00,"21,200.00"
2019-01-27,2019012701005594,NCCB,47,32,57,212.00,"12,084.00"
2019-01-27,2019012701005565,NCCB,44,47,57,211.00,"12,027.00"
2019-01-27,2019012701005495,NCCB,45,58,300,212.00,"63,600.00"
2019-01-27,2019012701005479,NCCB,44,28,404,211.00,"85,244.00"
2019-01-27,2019012701005478,NCCB,18,28,96,211.00,"20,256.00"
2019-01-27,2019012701005435,NCCB,18,46,14,211.00,"2,954.00"
2019-01-27,2019012701005319,NCCB,57,58,500,212.00,"106,000.00"
2019-01-27,2019012701005325,NHDL,14,22,10,131.00,"1,310.00"
2019-01-27,2019012701005644,NHPC,39,28,500,67.00,"33,500.00"
2019-01-27,2019012701005643,NHPC,41,28,100,67.00,"6,700.00"
2019-01-27,2019012701005642,NHPC,6,28,100,67.00,"6,700.00"
2019-01-27,2019012701005641,NHPC,22,28,500,67.00,"33,500.00"
2019-01-27,2019012701005640,NHPC,11,28,"1,000",67.00,"67,000.00"
2019-01-27,2019012701005639,NHPC,38,28,200,67.00,"13,400.00"
2019-01-27,2019012701005638,NHPC,35,28,100,67.00,"6,700.00"
2019-01-27,2019012701005637,NHPC,25,28,115,67.00,"7,705.00"
2019-01-27,2019012701005574,NHPC,29,48,345,67.00,"23,115.00"
2019-01-27,2019012701005559,NHPC,29,22,190,67.00,"12,730.00"
2019-01-27,2019012701005666,NIB,42,11,55,533.00,"29,315.00"
2019-01-27,2019012701005608,NIB,14,11,50,533.00,"26,650.00"
2019-01-27,2019012701005593,NIB,57,11,30,533.00,"15,990.00"
2019-01-27,2019012701005592,NIB,38,11,20,533.00,"10,660.00"
2019-01-27,2019012701005591,NIB,45,11,277,533.00,"147,641.00"
2019-01-27,2019012701005516,NIB,42,14,100,534.00,"53,400.00"
2019-01-27,2019012701005312,NIB,45,54,23,533.00,"12,259.00"
2019-01-27,2019012701005300,NIB,45,54,100,533.00,"53,300.00"
2019-01-27,2019012701005249,NIB,51,54,50,533.00,"26,650.00"
2019-01-27,2019012701005374,NIBPO,48,51,"1,000",482.00,"482,000.00"
2019-01-27,2019012701005373,NIBPO,22,51,200,483.00,"96,600.00"
2019-01-27,2019012701005488,NICA,42,50,50,391.00,"19,550.00"
2019-01-27,2019012701005487,NICA,42,50,50,391.00,"19,550.00"
2019-01-27,2019012701005386,NICA,21,59,110,391.00,"43,010.00"
2019-01-27,2019012701005385,NICA,21,11,831,391.00,"324,921.00"
2019-01-27,2019012701005364,NICA,42,48,111,390.00,"43,290.00"
2019-01-27,2019012701005363,NICA,57,48,93,390.00,"36,270.00"
2019-01-27,2019012701005295,NICA,57,48,500,390.00,"195,000.00"
2019-01-27,2019012701005554,NICL,58,55,40,563.00,"22,520.00"
2019-01-27,2019012701005436,NICL,41,55,60,563.00,"33,780.00"
2019-01-27,2019012701005521,NIL,10,41,200,531.00,"106,200.00"
2019-01-27,2019012701005405,NIL,10,22,40,531.00,"21,240.00"
2019-01-27,2019012701005403,NIL,10,45,350,531.00,"185,850.00"
2019-01-27,2019012701005402,NIL,25,45,200,531.00,"106,200.00"
2019-01-27,2019012701005401,NIL,35,45,50,531.00,"26,550.00"
2019-01-27,2019012701005400,NIL,37,45,20,532.00,"10,640.00"
2019-01-27,2019012701005698,NLIC,34,41,17,"1,086.00","18,462.00"
2019-01-27,2019012701005684,NLIC,34,38,267,"1,088.00","290,496.00"
2019-01-27,2019012701005672,NLIC,42,38,100,"1,088.00","108,800.00"
2019-01-27,2019012701005671,NLIC,34,38,300,"1,088.00","326,400.00"
2019-01-27,2019012701005663,NLIC,52,50,100,"1,087.00","108,700.00"
2019-01-27,2019012701005601,NLIC,34,45,64,"1,086.00","69,504.00"
2019-01-27,2019012701005445,NLIC,34,46,17,"1,086.00","18,462.00"
2019-01-27,2019012701005328,NLIC,22,8,3,"1,086.00","3,258.00"
2019-01-27,2019012701005310,NLIC,34,28,37,"1,086.00","40,182.00"
2019-01-27,2019012701005309,NLIC,41,28,33,"1,087.00","35,871.00"
2019-01-27,2019012701005308,NLIC,34,28,30,"1,087.00","32,610.00"
2019-01-27,2019012701005612,NLICL,54,33,42,680.00,"28,560.00"
2019-01-27,2019012701005611,NLICL,22,33,78,680.00,"53,040.00"
2019-01-27,2019012701005610,NLICL,51,33,10,681.00,"6,810.00"
2019-01-27,2019012701005236,NLICL,22,10,22,680.00,"14,960.00"
2019-01-27,2019012701005235,NLICL,44,10,50,680.00,"34,000.00"
2019-01-27,2019012701005234,NLICL,28,10,150,681.00,"102,150.00"
2019-01-27,2019012701005716,NMB,29,41,348,316.00,"109,968.00"
2019-01-27,2019012701005674,NMB,35,49,100,317.00,"31,700.00"
2019-01-27,2019012701005613,NMB,47,49,15,317.00,"4,755.00"
2019-01-27,2019012701005575,NMB,29,47,15,316.00,"4,740.00"
2019-01-27,2019012701005480,NMB,42,49,100,317.00,"31,700.00"
2019-01-27,2019012701005329,NMB,6,49,25,317.00,"7,925.00"
2019-01-27,2019012701005263,NMB,14,49,115,317.00,"36,455.00"
2019-01-27,2019012701005356,NMBMF,45,19,140,"1,098.00","153,720.00"
2019-01-27,2019012701005355,NMBMF,45,45,17,"1,097.00","18,649.00"
2019-01-27,2019012701005277,NSEWA,37,40,10,600.00,"6,000.00"
2019-01-27,2019012701005708,NTC,6,1,82,726.00,"59,532.00"
2019-01-27,2019012701005285,NTC,45,29,20,727.00,"14,540.00"
2019-01-27,2019012701005284,NTC,34,29,50,727.00,"36,350.00"
2019-01-27,2019012701005283,NTC,45,29,30,727.00,"21,810.00"
2019-01-27,2019012701005686,PCBL,43,43,121,323.00,"39,083.00"
2019-01-27,2019012701005685,PCBL,43,51,50,323.00,"16,150.00"
2019-01-27,2019012701005585,PCBL,43,14,228,323.00,"73,644.00"
2019-01-27,2019012701005584,PCBL,43,6,298,323.00,"96,254.00"
2019-01-27,2019012701005560,PCBL,34,28,410,322.00,"132,020.00"
2019-01-27,2019012701005382,PCBL,51,14,272,323.00,"87,856.00"
2019-01-27,2019012701005563,PIC,59,59,11,"1,046.00","11,506.00"
2019-01-27,2019012701005562,PIC,59,11,214,"1,046.00","223,844.00"
2019-01-27,2019012701005561,PIC,59,59,11,"1,046.00","11,506.00"
2019-01-27,2019012701005500,PIC,52,52,1,"1,045.00","1,045.00"
2019-01-27,2019012701005323,PIC,52,52,1,"1,045.00","1,045.00"
2019-01-27,2019012701005301,PIC,52,52,1,"1,045.00","1,045.00"
2019-01-27,2019012701005231,PIC,52,52,1,"1,045.00","1,045.00"
2019-01-27,2019012701005334,PLIC,38,20,200,490.00,"98,000.00"
2019-01-27,2019012701005717,PMHPL,14,40,10,105.00,"1,050.00"
2019-01-27,2019012701005664,PMHPL,14,8,10,105.00,"1,050.00"
2019-01-27,2019012701005620,PMHPL,14,8,10,105.00,"1,050.00"
2019-01-27,2019012701005598,PMHPL,14,57,10,105.00,"1,050.00"
2019-01-27,2019012701005582,PMHPL,14,57,10,105.00,"1,050.00"
2019-01-27,2019012701005566,PMHPL,14,57,10,105.00,"1,050.00"
2019-01-27,2019012701005259,PMHPL,14,43,10,105.00,"1,050.00"
2019-01-27,2019012701005564,PMHPL,14,8,10,105.00,"1,050.00"
2019-01-27,2019012701005547,PMHPL,14,57,10,105.00,"1,050.00"
2019-01-27,2019012701005537,PMHPL,14,8,10,105.00,"1,050.00"
2019-01-27,2019012701005494,PMHPL,14,8,10,105.00,"1,050.00"
2019-01-27,2019012701005320,PMHPL,14,8,10,105.00,"1,050.00"
2019-01-27,2019012701005293,PMHPL,14,16,10,105.00,"1,050.00"
2019-01-27,2019012701005543,PRIN,34,22,20,445.00,"8,900.00"
2019-01-27,2019012701005542,PRIN,6,22,50,445.00,"22,250.00"
2019-01-27,2019012701005541,PRIN,41,22,30,445.00,"13,350.00"
2019-01-27,2019012701005388,PRIN,41,50,40,445.00,"17,800.00"
2019-01-27,2019012701005493,PRVU,42,17,100,242.00,"24,200.00"
2019-01-27,2019012701005477,PRVU,6,36,100,241.00,"24,100.00"
2019-01-27,2019012701005370,PRVU,46,36,500,241.00,"120,500.00"
2019-01-27,2019012701005369,PRVU,58,36,100,241.00,"24,100.00"
2019-01-27,2019012701005490,PURBL,14,46,53,152.00,"8,056.00"
2019-01-27,2019012701005724,RADHI,13,8,11,163.00,"1,793.00"
2019-01-27,2019012701005665,RADHI,13,39,11,163.00,"1,793.00"
2019-01-27,2019012701005658,RADHI,13,8,11,163.00,"1,793.00"
2019-01-27,2019012701005602,RADHI,13,8,11,163.00,"1,793.00"
2019-01-27,2019012701005589,RADHI,56,56,11,165.00,"1,815.00"
2019-01-27,2019012701005483,RADHI,13,8,11,163.00,"1,793.00"
2019-01-27,2019012701005408,RADHI,13,16,11,163.00,"1,793.00"
2019-01-27,2019012701005290,RADHI,13,43,11,163.00,"1,793.00"
2019-01-27,2019012701005306,RBCL,6,48,20,"9,411.00","188,220.00"
2019-01-27,2019012701005498,RHPC,51,34,94,98.00,"9,212.00"
2019-01-27,2019012701005330,RHPC,45,43,18,97.00,"1,746.00"
2019-01-27,2019012701005609,RRHP,50,59,50,99.00,"4,950.00"
2019-01-27,2019012701005558,RRHP,50,52,10,99.00,990.00
2019-01-27,2019012701005539,RRHP,50,43,10,99.00,990.00
2019-01-27,2019012701005534,RRHP,50,52,10,99.00,990.00
2019-01-27,2019012701005512,RRHP,50,52,10,99.00,990.00
2019-01-27,2019012701005412,RRHP,50,52,10,99.00,990.00
2019-01-27,2019012701005384,RRHP,50,52,10,99.00,990.00
2019-01-27,2019012701005536,RSDC,1,26,29,381.00,"11,049.00"
2019-01-27,2019012701005535,RSDC,22,26,21,382.00,"8,022.00"
2019-01-27,2019012701005451,RSDC,22,25,22,382.00,"8,404.00"
2019-01-27,2019012701005485,SADBL,59,11,70,141.00,"9,870.00"
2019-01-27,2019012701005484,SADBL,25,11,130,141.00,"18,330.00"
2019-01-27,2019012701005250,SADBL,25,21,70,141.00,"9,870.00"
2019-01-27,2019012701005318,SANIMA,34,35,130,301.00,"39,130.00"
2019-01-27,2019012701005499,SBI,42,17,100,387.00,"38,700.00"
2019-01-27,2019012701005607,SBL,13,41,261,282.00,"73,602.00"
2019-01-27,2019012701005606,SBL,1,41,50,282.00,"14,100.00"
2019-01-27,2019012701005605,SBL,13,41,100,282.00,"28,200.00"
2019-01-27,2019012701005604,SBL,34,41,144,282.00,"40,608.00"
2019-01-27,2019012701005603,SBL,53,41,200,283.00,"56,600.00"
2019-01-27,2019012701005504,SBL,42,50,100,285.00,"28,500.00"
2019-01-27,2019012701005377,SBL,22,28,200,283.00,"56,600.00"
2019-01-27,2019012701005376,SBL,40,28,"1,000",284.00,"284,000.00"
2019-01-27,2019012701005496,SBL,53,28,700,283.00,"198,100.00"
2019-01-27,2019012701005421,SBL,49,28,100,284.00,"28,400.00"
2019-01-27,2019012701005381,SBL,53,28,100,283.00,"28,300.00"
2019-01-27,2019012701005380,SBL,28,28,"1,000",283.00,"283,000.00"
2019-01-27,2019012701005379,SBL,28,28,500,283.00,"141,500.00"
2019-01-27,2019012701005378,SBL,37,28,200,283.00,"56,600.00"
2019-01-27,2019012701005526,SCB,42,55,50,565.00,"28,250.00"
2019-01-27,2019012701005497,SCB,51,46,20,562.00,"11,240.00"
2019-01-27,2019012701005345,SCB,51,28,75,562.00,"42,150.00"
2019-01-27,2019012701005299,SCB,37,28,75,562.00,"42,150.00"
2019-01-27,2019012701005254,SCB,58,35,20,562.00,"11,240.00"
2019-01-27,2019012701005253,SCB,37,35,85,563.00,"47,855.00"
2019-01-27,2019012701005252,SCB,45,35,20,564.00,"11,280.00"
2019-01-27,2019012701005673,SDESI,35,1,14,630.00,"8,820.00"
2019-01-27,2019012701005645,SDESI,33,43,58,633.00,"36,714.00"
2019-01-27,2019012701005597,SDESI,33,55,10,634.00,"6,340.00"
2019-01-27,2019012701005528,SDESI,33,48,50,633.00,"31,650.00"
2019-01-27,2019012701005390,SDESI,33,41,50,633.00,"31,650.00"
2019-01-27,2019012701005389,SDESI,49,41,50,633.00,"31,650.00"
2019-01-27,2019012701005237,SDESI,33,48,275,632.00,"173,800.00"
2019-01-27,2019012701005707,SHINE,28,32,68,247.00,"16,796.00"
2019-01-27,2019012701005706,SHINE,6,32,100,247.00,"24,700.00"
2019-01-27,2019012701005705,SHINE,26,32,100,248.00,"24,800.00"
2019-01-27,2019012701005360,SICL,34,22,38,912.00,"34,656.00"
2019-01-27,2019012701005359,SICL,35,22,20,912.00,"18,240.00"
2019-01-27,2019012701005358,SICL,42,22,50,913.00,"45,650.00"
2019-01-27,2019012701005357,SICL,42,22,12,915.00,"10,980.00"
2019-01-27,2019012701005375,SIL,38,55,450,642.00,"288,900.00"
2019-01-27,2019012701005730,SLICL,25,44,100,544.00,"54,400.00"
2019-01-27,2019012701005729,SLICL,45,44,50,544.00,"27,200.00"
2019-01-27,2019012701005728,SLICL,58,44,50,544.00,"27,200.00"
2019-01-27,2019012701005727,SLICL,16,44,11,544.00,"5,984.00"
2019-01-27,2019012701005518,SMATA,39,13,10,"1,264.00","12,640.00"
2019-01-27,2019012701005517,SMATA,39,41,10,"1,240.00","12,400.00"
2019-01-27,2019012701005540,SMB,34,39,10,636.00,"6,360.00"
2019-01-27,2019012701005417,SMB,34,8,10,636.00,"6,360.00"
2019-01-27,2019012701005525,SMB,34,39,10,636.00,"6,360.00"
2019-01-27,2019012701005511,SMB,34,39,10,636.00,"6,360.00"
2019-01-27,2019012701005630,SRBL,21,41,69,211.00,"14,559.00"
2019-01-27,2019012701005629,SRBL,42,41,100,211.00,"21,100.00"
2019-01-27,2019012701005409,SRBL,18,37,58,212.00,"12,296.00"
2019-01-27,2019012701005622,SWBBL,4,26,40,845.00,"33,800.00"
2019-01-27,2019012701005439,SWBBL,4,44,23,845.00,"19,435.00"
2019-01-27,2019012701005616,UMHL,35,39,27,120.00,"3,240.00"
2019-01-27,2019012701005462,UMHL,35,11,11,120.00,"1,320.00"
2019-01-27,2019012701005461,UMHL,35,54,10,120.00,"1,200.00"
2019-01-27,2019012701005460,UMHL,35,41,14,120.00,"1,680.00"
2019-01-27,2019012701005459,UMHL,35,22,14,120.00,"1,680.00"
2019-01-27,2019012701005458,UMHL,35,42,14,120.00,"1,680.00"
2019-01-27,2019012701005457,UMHL,35,10,10,119.00,"1,190.00"
2019-01-27,2019012701005244,UMHL,18,39,200,118.00,"23,600.00"
2019-01-27,2019012701005243,UMHL,13,39,130,118.00,"15,340.00"
2019-01-27,2019012701005722,UPPER,33,39,40,268.00,"10,720.00"
2019-01-27,2019012701005700,UPPER,33,40,40,268.00,"10,720.00"
2019-01-27,2019012701005699,UPPER,33,39,40,268.00,"10,720.00"
2019-01-27,2019012701005696,UPPER,33,8,40,268.00,"10,720.00"
2019-01-27,2019012701005695,UPPER,33,26,50,268.00,"13,400.00"
2019-01-27,2019012701005693,UPPER,33,56,50,268.00,"13,400.00"
2019-01-27,2019012701005262,UPPER,45,52,40,268.00,"10,720.00"
2019-01-27,2019012701005269,UPPER,42,37,50,269.00,"13,450.00"
2019-01-27,2019012701005268,UPPER,42,37,50,269.00,"13,450.00"
2019-01-27,2019012701005267,UPPER,42,37,50,269.00,"13,450.00"
2019-01-27,2019012701005266,UPPER,42,37,50,269.00,"13,450.00"
2019-01-27,2019012701005265,UPPER,42,51,50,269.00,"13,450.00"
2019-01-27,2019012701005264,UPPER,42,37,40,269.00,"10,760.00"
2019-01-27,2019012701005278,UPPER,45,7,40,268.00,"10,720.00"
2019-01-27,2019012701005274,UPPER,42,22,20,269.00,"5,380.00"
2019-01-27,2019012701005273,UPPER,42,59,50,269.00,"13,450.00"
2019-01-27,2019012701005272,UPPER,42,37,50,269.00,"13,450.00"
2019-01-27,2019012701005271,UPPER,42,22,40,269.00,"10,760.00"
2019-01-27,2019012701005270,UPPER,42,22,50,269.00,"13,450.00"
2019-01-27,2019012701005307,UPPER,38,44,525,269.00,"141,225.00"
2019-01-27,2019012701005305,UPPER,38,16,50,269.00,"13,450.00"
2019-01-27,2019012701005297,UPPER,38,51,40,269.00,"10,760.00"
2019-01-27,2019012701005289,UPPER,38,51,50,269.00,"13,450.00"
2019-01-27,2019012701005288,UPPER,38,22,30,269.00,"8,070.00"
2019-01-27,2019012701005282,UPPER,45,49,50,268.00,"13,400.00"
2019-01-27,2019012701005322,UPPER,38,22,40,269.00,"10,760.00"
2019-01-27,2019012701005321,UPPER,38,51,40,269.00,"10,760.00"
2019-01-27,2019012701005317,UPPER,38,45,50,269.00,"13,450.00"
2019-01-27,2019012701005316,UPPER,38,40,50,269.00,"13,450.00"
2019-01-27,2019012701005313,UPPER,38,39,50,269.00,"13,450.00"
2019-01-27,2019012701005311,UPPER,38,8,50,269.00,"13,450.00"
2019-01-27,2019012701005365,UPPER,45,48,10,269.00,"2,690.00"
2019-01-27,2019012701005339,UPPER,45,51,40,269.00,"10,760.00"
2019-01-27,2019012701005338,UPPER,45,48,50,269.00,"13,450.00"
2019-01-27,2019012701005332,UPPER,45,40,25,268.00,"6,700.00"
2019-01-27,2019012701005331,UPPER,38,40,25,269.00,"6,725.00"
2019-01-27,2019012701005407,UPPER,57,48,50,269.00,"13,450.00"
2019-01-27,2019012701005406,UPPER,57,6,50,269.00,"13,450.00"
2019-01-27,2019012701005399,UPPER,57,48,40,269.00,"10,760.00"
2019-01-27,2019012701005398,UPPER,57,8,50,269.00,"13,450.00"
2019-01-27,2019012701005366,UPPER,45,48,25,269.00,"6,725.00"
2019-01-27,2019012701005440,UPPER,57,6,40,269.00,"10,760.00"
2019-01-27,2019012701005437,UPPER,57,8,40,269.00,"10,760.00"
2019-01-27,2019012701005429,UPPER,57,48,50,269.00,"13,450.00"
2019-01-27,2019012701005424,UPPER,45,48,20,270.00,"5,400.00"
2019-01-27,2019012701005416,UPPER,57,56,112,269.00,"30,128.00"
2019-01-27,2019012701005410,UPPER,57,8,50,269.00,"13,450.00"
2019-01-27,2019012701005455,UPPER,45,48,40,269.00,"10,760.00"
2019-01-27,2019012701005452,UPPER,45,48,32,269.00,"8,608.00"
2019-01-27,2019012701005446,UPPER,45,8,50,268.00,"13,400.00"
2019-01-27,2019012701005443,UPPER,45,48,18,269.00,"4,842.00"
2019-01-27,2019012701005442,UPPER,45,56,22,269.00,"5,918.00"
2019-01-27,2019012701005441,UPPER,57,56,18,269.00,"4,842.00"
2019-01-27,2019012701005482,UPPER,51,56,40,269.00,"10,760.00"
2019-01-27,2019012701005474,UPPER,51,25,12,269.00,"3,228.00"
2019-01-27,2019012701005473,UPPER,45,25,28,269.00,"7,532.00"
2019-01-27,2019012701005472,UPPER,45,17,20,269.00,"5,380.00"
2019-01-27,2019012701005470,UPPER,45,8,40,269.00,"10,760.00"
2019-01-27,2019012701005456,UPPER,45,56,40,269.00,"10,760.00"
2019-01-27,2019012701005544,UPPER,45,46,40,268.00,"10,720.00"
2019-01-27,2019012701005531,UPPER,45,45,40,268.00,"10,720.00"
2019-01-27,2019012701005523,UPPER,55,47,10,269.00,"2,690.00"
2019-01-27,2019012701005522,UPPER,55,34,40,269.00,"10,760.00"
2019-01-27,2019012701005501,UPPER,45,8,50,268.00,"13,400.00"
2019-01-27,2019012701005486,UPPER,51,48,48,269.00,"12,912.00"
2019-01-27,2019012701005579,UPPER,45,34,200,269.00,"53,800.00"
2019-01-27,2019012701005578,UPPER,45,47,50,269.00,"13,450.00"
2019-01-27,2019012701005577,UPPER,45,34,72,269.00,"19,368.00"
2019-01-27,2019012701005568,UPPER,45,48,40,269.00,"10,760.00"
2019-01-27,2019012701005567,UPPER,45,47,30,269.00,"8,070.00"
2019-01-27,2019012701005553,UPPER,45,8,50,268.00,"13,400.00"
2019-01-27,2019012701005599,UPPER,45,56,50,268.00,"13,400.00"
2019-01-27,2019012701005588,UPPER,45,8,50,268.00,"13,400.00"
2019-01-27,2019012701005581,UPPER,45,35,38,269.00,"10,222.00"
2019-01-27,2019012701005580,UPPER,45,47,40,269.00,"10,760.00"
2019-01-27,2019012701005680,UPPER,45,26,35,268.00,"9,380.00"
2019-01-27,2019012701005679,UPPER,45,8,40,268.00,"10,720.00"
2019-01-27,2019012701005628,UPPER,45,39,38,269.00,"10,222.00"
2019-01-27,2019012701005627,UPPER,45,35,12,269.00,"3,228.00"
2019-01-27,2019012701005692,UPPER,33,51,400,268.00,"107,200.00"
2019-01-27,2019012701005691,UPPER,14,51,"1,000",268.00,"268,000.00"
2019-01-27,2019012701005690,UPPER,19,51,100,268.00,"26,800.00"
2019-01-27,2019012701005689,UPPER,38,51,"1,000",268.00,"268,000.00"
2019-01-27,2019012701005688,UPPER,53,51,500,268.00,"134,000.00"
2019-01-27,2019012701005662,WOMI,34,1,16,"1,121.00","17,936.00"
2019-01-27,2019012701005661,WOMI,14,1,16,"1,121.00","17,936.00"
2019-01-27,2019012701005294,WOMI,14,41,154,"1,121.00","172,634.00"
2019-01-27,2019012701005261,WOMI,33,41,200,"1,122.00","224,400.00"
2019-01-27,2019012701005260,WOMI,26,41,60,"1,123.00","67,380.00"
2019-01-27,2019012701005202,ADBL,6,7,25,339.00,"8,475.00"
2019-01-27,2019012701005138,ADBL,47,49,100,340.00,"34,000.00"
2019-01-27,2019012701005137,ADBL,17,49,240,340.00,"81,600.00"
2019-01-27,2019012701005131,ADBL,17,28,60,340.00,"20,400.00"
2019-01-27,2019012701005130,ADBL,19,28,10,340.00,"3,400.00"
2019-01-27,2019012701005109,ADBL,41,28,30,340.00,"10,200.00"
2019-01-27,2019012701005108,ADBL,40,28,50,340.00,"17,000.00"
2019-01-27,2019012701005107,ADBL,49,28,82,340.00,"27,880.00"
2019-01-27,2019012701005187,ALICL,25,37,47,612.00,"28,764.00"
2019-01-27,2019012701004935,ALICL,40,40,1,613.00,613.00
2019-01-27,2019012701005222,AMFI,58,7,10,710.00,"7,100.00"
2019-01-27,2019012701005010,AMFI,28,28,10,711.00,"7,110.00"
2019-01-27,2019012701004805,AMFI,29,29,10,710.00,"7,100.00"
2019-01-27,2019012701004804,AMFI,29,29,10,710.00,"7,100.00"
2019-01-27,2019012701004803,AMFI,29,29,10,710.00,"7,100.00"
2019-01-27,2019012701005039,API,36,22,26,142.00,"3,692.00"
2019-01-27,2019012701005027,BHBL,34,43,328,143.00,"46,904.00"
2019-01-27,2019012701004922,BHBL,34,59,900,143.00,"128,700.00"
2019-01-27,2019012701004757,BHBL,34,38,80,143.00,"11,440.00"
2019-01-27,2019012701005144,BOKL,42,57,96,254.00,"24,384.00"
2019-01-27,2019012701004958,BOKL,38,45,100,253.00,"25,300.00"
2019-01-27,2019012701004912,BOKL,38,45,20,253.00,"5,060.00"
2019-01-27,2019012701004826,BOKL,42,57,100,254.00,"25,400.00"
2019-01-27,2019012701005160,BPCL,6,1,500,365.00,"182,500.00"
2019-01-27,2019012701005049,BPCL,6,46,30,365.00,"10,950.00"
2019-01-27,2019012701005045,BPCL,6,43,10,365.00,"3,650.00"
2019-01-27,2019012701004949,BPCL,6,7,20,365.00,"7,300.00"
2019-01-27,2019012701005195,CBBL,54,58,200,885.00,"177,000.00"
2019-01-27,2019012701005100,CBBL,54,58,300,885.00,"265,500.00"
2019-01-27,2019012701005099,CBBL,21,58,200,885.00,"177,000.00"
2019-01-27,2019012701005011,CBBL,21,58,300,885.00,"265,500.00"
2019-01-27,2019012701005127,CBL,28,39,679,159.00,"107,961.00"
2019-01-27,2019012701005126,CBL,14,39,500,159.00,"79,500.00"
2019-01-27,2019012701005125,CBL,56,39,100,159.00,"15,900.00"
2019-01-27,2019012701005124,CBL,29,39,761,159.00,"120,999.00"
2019-01-27,2019012701004997,CBL,42,49,40,160.00,"6,400.00"
2019-01-27,2019012701005097,CCBL,14,47,66,170.00,"11,220.00"
2019-01-27,2019012701005067,CCBL,14,46,42,170.00,"7,140.00"
2019-01-27,2019012701004851,CCBL,35,52,31,171.00,"5,301.00"
2019-01-27,2019012701004850,CCBL,35,42,119,171.00,"20,349.00"
2019-01-27,2019012701004761,CCBL,14,13,145,170.00,"24,650.00"
2019-01-27,2019012701005023,CHCL,22,1,10,526.00,"5,260.00"
2019-01-27,2019012701005022,CHCL,38,1,100,526.00,"52,600.00"
2019-01-27,2019012701005021,CHCL,45,1,50,526.00,"26,300.00"
2019-01-27,2019012701005020,CHCL,35,1,20,526.00,"10,520.00"
2019-01-27,2019012701005019,CHCL,56,1,50,527.00,"26,350.00"
2019-01-27,2019012701005018,CHCL,10,1,100,527.00,"52,700.00"
2019-01-27,2019012701005017,CHCL,14,1,151,527.00,"79,577.00"
2019-01-27,2019012701004783,CHL,41,17,10,103.00,"1,030.00"
2019-01-27,2019012701005183,CIT,4,45,200,"2,690.00","538,000.00"
2019-01-27,2019012701005182,CIT,4,19,50,"2,690.00","134,500.00"
2019-01-27,2019012701004795,CIT,32,19,40,"2,667.00","106,680.00"
2019-01-27,2019012701004788,CIT,51,19,30,"2,683.00","80,490.00"
2019-01-27,2019012701005168,CZBIL,13,22,200,211.00,"42,200.00"
2019-01-27,2019012701005111,CZBIL,10,33,500,211.00,"105,500.00"
2019-01-27,2019012701005110,CZBIL,44,33,250,211.00,"52,750.00"
2019-01-27,2019012701004921,CZBIL,34,35,70,212.00,"14,840.00"
2019-01-27,2019012701004763,CZBIL,45,49,137,210.00,"28,770.00"
2019-01-27,2019012701004762,CZBIL,5,49,374,211.00,"78,914.00"
2019-01-27,2019012701005210,DBBL,51,38,204,125.00,"25,500.00"
2019-01-27,2019012701005092,DBBL,51,42,150,125.00,"18,750.00"
2019-01-27,2019012701004846,DBBL,58,18,83,124.00,"10,292.00"
2019-01-27,2019012701005186,EBL,41,44,100,524.00,"52,400.00"
2019-01-27,2019012701004933,EBL,48,8,130,523.00,"67,990.00"
2019-01-27,2019012701004816,EBL,45,8,50,523.00,"26,150.00"
2019-01-27,2019012701004815,EBL,58,8,90,523.00,"47,070.00"
2019-01-27,2019012701004769,EBL,58,49,10,523.00,"5,230.00"
2019-01-27,2019012701004768,EBL,36,49,290,523.00,"151,670.00"
2019-01-27,2019012701004957,FMDBL,16,33,200,378.00,"75,600.00"
2019-01-27,2019012701005150,GBBL,32,28,185,182.00,"33,670.00"
2019-01-27,2019012701004937,GBBL,39,13,449,183.00,"82,167.00"
2019-01-27,2019012701005194,GBIME,55,49,260,261.00,"67,860.00"
2019-01-27,2019012701005193,GBIME,52,49,50,261.00,"13,050.00"
2019-01-27,2019012701005192,GBIME,21,49,20,261.00,"5,220.00"
2019-01-27,2019012701005151,GBIME,21,22,100,261.00,"26,100.00"
2019-01-27,2019012701005005,GBIME,28,7,50,262.00,"13,100.00"
2019-01-27,2019012701005004,GBIME,58,7,59,262.00,"15,458.00"
2019-01-27,2019012701004738,GBIME,48,39,807,263.00,"212,241.00"
2019-01-27,2019012701005000,GBIME,58,44,41,262.00,"10,742.00"
2019-01-27,2019012701004999,GBIME,16,44,59,262.00,"15,458.00"
2019-01-27,2019012701004782,GBIME,16,49,241,262.00,"63,142.00"
2019-01-27,2019012701004781,GBIME,28,49,100,262.00,"26,200.00"
2019-01-27,2019012701004740,GBIME,48,52,493,263.00,"129,659.00"
2019-01-27,2019012701004739,GBIME,48,16,100,263.00,"26,300.00"
2019-01-27,2019012701005044,GBLBS,29,29,10,440.00,"4,400.00"
2019-01-27,2019012701005043,GBLBS,29,48,10,440.00,"4,400.00"
2019-01-27,2019012701005013,GBLBS,34,58,10,438.00,"4,380.00"
2019-01-27,2019012701005012,GBLBS,34,29,10,437.00,"4,370.00"
2019-01-27,2019012701005008,GBLBS,6,52,90,435.00,"39,150.00"
2019-01-27,2019012701005002,GBLBS,6,59,10,435.00,"4,350.00"
2019-01-27,2019012701005083,GDBL,6,17,200,185.00,"37,000.00"
2019-01-27,2019012701004876,GDBL,47,17,"1,000",185.00,"185,000.00"
2019-01-27,2019012701004929,GILB,39,17,19,"1,180.00","22,420.00"
2019-01-27,2019012701004928,GILB,39,44,50,"1,179.00","58,950.00"
2019-01-27,2019012701004950,GLICL,55,52,49,706.00,"34,594.00"
2019-01-27,2019012701004911,GLICL,55,58,98,706.00,"69,188.00"
2019-01-27,2019012701004910,GLICL,21,58,10,707.00,"7,070.00"
2019-01-27,2019012701004884,GLICL,21,29,200,707.00,"141,400.00"
2019-01-27,2019012701004883,GLICL,34,29,100,708.00,"70,800.00"
2019-01-27,2019012701004858,GRDBL,3,28,130,105.00,"13,650.00"
2019-01-27,2019012701005164,HGI,34,19,77,389.00,"29,953.00"
2019-01-27,2019012701005163,HGI,25,19,200,389.00,"77,800.00"
2019-01-27,2019012701005162,HGI,34,19,100,389.00,"38,900.00"
2019-01-27,2019012701005161,HGI,20,19,100,389.00,"38,900.00"
2019-01-27,2019012701005042,HGI,34,33,200,390.00,"78,000.00"
2019-01-27,2019012701005041,HGI,41,33,135,390.00,"52,650.00"
2019-01-27,2019012701005040,HGI,34,33,110,390.00,"42,900.00"
2019-01-27,2019012701004976,HGI,34,52,90,390.00,"35,100.00"
2019-01-27,2019012701005052,HIDCL,13,22,145,143.00,"20,735.00"
2019-01-27,2019012701004879,HIDCL,13,37,56,143.00,"8,008.00"
2019-01-27,2019012701004814,HIDCL,55,22,56,144.00,"8,064.00"
2019-01-27,2019012701004793,HIDCL,13,17,56,143.00,"8,008.00"
2019-01-27,2019012701005219,HPPL,6,33,10,182.00,"1,820.00"
2019-01-27,2019012701005135,HPPL,6,37,10,182.00,"1,820.00"
2019-01-27,2019012701005076,HPPL,6,46,10,182.00,"1,820.00"
2019-01-27,2019012701004972,HPPL,6,43,10,182.00,"1,820.00"
2019-01-27,2019012701004887,ICFC,35,49,350,150.00,"52,500.00"
2019-01-27,2019012701004863,IGI,19,5,30,444.00,"13,320.00"
2019-01-27,2019012701004862,IGI,54,5,50,444.00,"22,200.00"
2019-01-27,2019012701004844,JBBL,8,8,3,138.00,414.00
2019-01-27,2019012701005181,JBNL,17,14,159,166.00,"26,394.00"
2019-01-27,2019012701005087,JBNL,32,14,100,166.00,"16,600.00"
2019-01-27,2019012701005086,JBNL,14,14,230,166.00,"38,180.00"
2019-01-27,2019012701005085,JBNL,48,14,83,166.00,"13,778.00"
2019-01-27,2019012701005071,JBNL,48,14,57,166.00,"9,462.00"
2019-01-27,2019012701005006,JBNL,48,45,30,166.00,"4,980.00"
2019-01-27,2019012701004822,JBNL,57,49,494,166.00,"82,004.00"
2019-01-27,2019012701004821,JBNL,29,49,23,166.00,"3,818.00"
2019-01-27,2019012701004941,JBNL,48,43,830,166.00,"137,780.00"
2019-01-27,2019012701004940,JBNL,19,43,170,166.00,"28,220.00"
2019-01-27,2019012701004893,JBNL,19,43,330,166.00,"54,780.00"
2019-01-27,2019012701004892,JBNL,50,43,"1,000",166.00,"166,000.00"
2019-01-27,2019012701004891,JBNL,59,43,70,166.00,"11,620.00"
2019-01-27,2019012701004890,JBNL,43,43,100,166.00,"16,600.00"
2019-01-27,2019012701004943,JEFL,6,49,"1,477",129.00,"190,533.00"
2019-01-27,2019012701004915,JEFL,4,28,"1,000",130.00,"130,000.00"
2019-01-27,2019012701004824,JEFL,6,17,289,130.00,"37,570.00"
2019-01-27,2019012701004823,JEFL,6,17,"1,390",130.00,"180,700.00"
2019-01-27,2019012701004942,KBL,49,45,94,247.00,"23,218.00"
2019-01-27,2019012701004936,KBL,49,45,500,247.00,"123,500.00"
