Date,Transact. No.,Symbol,Buyer,Seller,Quantity,Rate,Amount
2019-02-04,2019020401005470,ADBL,49,43,30,339.00,"10,170.00"
2019-02-04,2019020401005408,AHPC,47,34,20,100.00,"2,000.00"
2019-02-04,2019020401005690,AHPC,19,28,48,100.00,"4,800.00"
2019-02-04,2019020401005689,AHPC,47,28,500,100.00,"50,000.00"
2019-02-04,2019020401005688,AHPC,47,28,452,100.00,"45,200.00"
2019-02-04,2019020401005493,AHPC,17,32,50,102.00,"5,100.00"
2019-02-04,2019020401005797,ALICL,48,50,50,603.00,"30,150.00"
2019-02-04,2019020401005322,ALICL,8,50,300,599.00,"179,700.00"
2019-02-04,2019020401005321,ALICL,25,50,100,599.00,"59,900.00"
2019-02-04,2019020401005320,ALICL,25,50,100,599.00,"59,900.00"
2019-02-04,2019020401005544,AMFI,42,40,10,718.00,"7,180.00"
2019-02-04,2019020401005468,AMFI,42,39,10,718.00,"7,180.00"
2019-02-04,2019020401005436,AMFI,42,39,10,718.00,"7,180.00"
2019-02-04,2019020401005416,AMFI,42,39,10,718.00,"7,180.00"
2019-02-04,2019020401005747,API,16,25,"1,000",139.00,"139,000.00"
2019-02-04,2019020401005722,API,29,29,29,138.00,"4,002.00"
2019-02-04,2019020401005547,API,25,25,21,139.00,"2,919.00"
2019-02-04,2019020401005536,API,40,25,23,137.00,"3,151.00"
2019-02-04,2019020401005535,API,48,25,200,137.00,"27,400.00"
2019-02-04,2019020401005534,API,17,25,200,137.00,"27,400.00"
2019-02-04,2019020401005533,API,21,25,50,137.00,"6,850.00"
2019-02-04,2019020401005532,API,4,25,827,137.00,"113,299.00"
2019-02-04,2019020401005531,API,32,25,200,138.00,"27,600.00"
2019-02-04,2019020401005353,API,19,25,50,139.00,"6,950.00"
2019-02-04,2019020401005720,BARUN,19,44,"1,000",104.00,"104,000.00"
2019-02-04,2019020401005571,BARUN,19,19,52,103.00,"5,356.00"
2019-02-04,2019020401005305,BARUN,19,13,10,102.00,"1,020.00"
2019-02-04,2019020401005789,BHBL,38,38,10,142.00,"1,420.00"
2019-02-04,2019020401005652,BOKL,22,11,101,247.00,"24,947.00"
2019-02-04,2019020401005651,BOKL,56,11,100,247.00,"24,700.00"
2019-02-04,2019020401005650,BOKL,56,11,20,247.00,"4,940.00"
2019-02-04,2019020401005649,BOKL,42,11,90,247.00,"22,230.00"
2019-02-04,2019020401005648,BOKL,45,11,139,247.00,"34,333.00"
2019-02-04,2019020401005435,BPCL,41,14,20,350.00,"7,000.00"
2019-02-04,2019020401005707,CBBL,7,58,41,868.00,"35,588.00"
2019-02-04,2019020401005706,CBBL,54,58,200,869.00,"173,800.00"
2019-02-04,2019020401005705,CBBL,33,58,100,870.00,"87,000.00"
2019-02-04,2019020401005553,CBBL,14,58,324,871.00,"282,204.00"
2019-02-04,2019020401005540,CBBL,14,58,176,871.00,"153,296.00"
2019-02-04,2019020401005704,CBBL,34,58,50,870.00,"43,500.00"
2019-02-04,2019020401005703,CBBL,35,58,50,870.00,"43,500.00"
2019-02-04,2019020401005541,CBL,57,34,100,158.00,"15,800.00"
2019-02-04,2019020401005481,CBL,58,56,270,156.00,"42,120.00"
2019-02-04,2019020401005420,CBL,51,34,100,158.00,"15,800.00"
2019-02-04,2019020401005331,CBL,53,13,117,157.00,"18,369.00"
2019-02-04,2019020401005314,CBL,3,13,22,157.00,"3,454.00"
2019-02-04,2019020401005794,CCBL,46,50,73,166.00,"12,118.00"
2019-02-04,2019020401005793,CCBL,25,50,100,166.00,"16,600.00"
2019-02-04,2019020401005792,CCBL,21,50,30,166.00,"4,980.00"
2019-02-04,2019020401005791,CCBL,47,50,200,166.00,"33,200.00"
2019-02-04,2019020401005790,CCBL,7,50,97,166.00,"16,102.00"
2019-02-04,2019020401005445,CCBL,7,13,68,166.00,"11,288.00"
2019-02-04,2019020401005401,CCBL,51,43,100,167.00,"16,700.00"
2019-02-04,2019020401005675,CEFL,18,44,10,108.00,"1,080.00"
2019-02-04,2019020401005660,CFCL,40,28,"1,000",113.00,"113,000.00"
2019-02-04,2019020401005659,CFCL,40,32,200,113.00,"22,600.00"
2019-02-04,2019020401005658,CFCL,40,11,100,112.00,"11,200.00"
2019-02-04,2019020401005657,CFCL,40,29,500,112.00,"56,000.00"
2019-02-04,2019020401005518,CHCL,13,28,200,510.00,"102,000.00"
2019-02-04,2019020401005751,CIT,16,5,10,"2,707.00","27,070.00"
2019-02-04,2019020401005582,CIT,40,40,1,"2,708.00","2,708.00"
2019-02-04,2019020401005428,CIT,32,58,64,"2,708.00","173,312.00"
2019-02-04,2019020401005427,CIT,4,58,216,"2,715.00","586,440.00"
2019-02-04,2019020401005339,CIT,40,40,10,"2,716.00","27,160.00"
2019-02-04,2019020401005726,DDBL,51,42,36,577.00,"20,772.00"
2019-02-04,2019020401005467,DDBL,58,18,67,570.00,"38,190.00"
2019-02-04,2019020401005466,DDBL,32,18,100,570.00,"57,000.00"
2019-02-04,2019020401005465,DDBL,42,18,50,570.00,"28,500.00"
2019-02-04,2019020401005464,DDBL,52,18,50,571.00,"28,550.00"
2019-02-04,2019020401005463,DDBL,58,18,300,572.00,"171,600.00"
2019-02-04,2019020401005462,DDBL,35,18,20,573.00,"11,460.00"
2019-02-04,2019020401005449,EBL,6,25,525,517.00,"271,425.00"
2019-02-04,2019020401005327,EBL,6,13,975,517.00,"504,075.00"
2019-02-04,2019020401005326,EBL,49,13,200,517.00,"103,400.00"
2019-02-04,2019020401005325,EBL,14,13,200,518.00,"103,600.00"
2019-02-04,2019020401005324,EBL,56,13,200,518.00,"103,600.00"
2019-02-04,2019020401005323,EBL,38,13,480,518.00,"248,640.00"
2019-02-04,2019020401005315,EBL,40,28,10,520.00,"5,200.00"
2019-02-04,2019020401005538,EDBL,36,42,100,281.00,"28,100.00"
2019-02-04,2019020401005361,EIC,40,43,10,814.00,"8,140.00"
2019-02-04,2019020401005676,FMDBL,33,33,147,369.00,"54,243.00"
2019-02-04,2019020401005528,FMDBL,51,44,600,370.00,"222,000.00"
2019-02-04,2019020401005527,FMDBL,14,44,150,370.00,"55,500.00"
2019-02-04,2019020401005502,FMDBL,14,41,50,370.00,"18,500.00"
2019-02-04,2019020401005415,FOWAD,26,45,100,"1,581.00","158,100.00"
2019-02-04,2019020401005637,GBBL,35,33,97,184.00,"17,848.00"
2019-02-04,2019020401005373,GBBL,48,33,100,184.00,"18,400.00"
2019-02-04,2019020401005372,GBBL,28,33,97,184.00,"17,848.00"
2019-02-04,2019020401005381,GBIME,4,16,11,264.00,"2,904.00"
2019-02-04,2019020401005634,GBLBS,39,48,10,444.00,"4,440.00"
2019-02-04,2019020401005627,GBLBS,32,34,60,448.00,"26,880.00"
2019-02-04,2019020401005421,GDBL,28,28,"2,190",180.00,"394,200.00"
2019-02-04,2019020401005387,GDBL,6,28,150,180.00,"27,000.00"
2019-02-04,2019020401005393,GDBL,1,28,50,180.00,"9,000.00"
2019-02-04,2019020401005392,GDBL,6,28,"2,000",180.00,"360,000.00"
2019-02-04,2019020401005391,GDBL,41,28,100,180.00,"18,000.00"
2019-02-04,2019020401005390,GDBL,32,28,300,180.00,"54,000.00"
2019-02-04,2019020401005389,GDBL,32,28,200,180.00,"36,000.00"
2019-02-04,2019020401005388,GDBL,32,28,300,180.00,"54,000.00"
2019-02-04,2019020401005399,GDBL,28,28,"1,000",180.00,"180,000.00"
2019-02-04,2019020401005398,GDBL,28,28,200,180.00,"36,000.00"
2019-02-04,2019020401005397,GDBL,48,28,100,180.00,"18,000.00"
2019-02-04,2019020401005396,GDBL,14,28,200,180.00,"36,000.00"
2019-02-04,2019020401005395,GDBL,38,28,200,180.00,"36,000.00"
2019-02-04,2019020401005394,GDBL,20,28,10,180.00,"1,800.00"
2019-02-04,2019020401005567,GLICL,25,13,350,701.00,"245,350.00"
2019-02-04,2019020401005566,GLICL,25,13,200,702.00,"140,400.00"
2019-02-04,2019020401005565,GLICL,17,13,50,703.00,"35,150.00"
2019-02-04,2019020401005684,GRDBL,35,42,100,103.00,"10,300.00"
2019-02-04,2019020401005306,GUFL,47,13,20,106.00,"2,120.00"
2019-02-04,2019020401005677,HDL,42,13,10,"1,390.00","13,900.00"
2019-02-04,2019020401005788,HGI,22,34,10,390.00,"3,900.00"
2019-02-04,2019020401005500,HIDCL,57,44,85,138.00,"11,730.00"
2019-02-04,2019020401005499,HIDCL,54,44,50,138.00,"6,900.00"
2019-02-04,2019020401005498,HIDCL,40,44,500,138.00,"69,000.00"
2019-02-04,2019020401005497,HIDCL,56,44,"1,000",138.00,"138,000.00"
2019-02-04,2019020401005496,HIDCL,38,44,50,138.00,"6,900.00"
2019-02-04,2019020401005495,HIDCL,8,44,"1,000",138.00,"138,000.00"
2019-02-04,2019020401005494,HIDCL,41,44,315,138.00,"43,470.00"
2019-02-04,2019020401005375,HIDCL,41,13,15,138.00,"2,070.00"
2019-02-04,2019020401005666,IGI,22,41,10,435.00,"4,350.00"
2019-02-04,2019020401005632,JBBL,57,43,100,138.00,"13,800.00"
2019-02-04,2019020401005725,JBNL,4,14,20,163.00,"3,260.00"
2019-02-04,2019020401005700,JBNL,38,19,"1,400",161.00,"225,400.00"
2019-02-04,2019020401005678,JBNL,57,19,100,161.00,"16,100.00"
2019-02-04,2019020401005647,JBNL,22,8,500,161.00,"80,500.00"
2019-02-04,2019020401005646,JBNL,47,8,100,161.00,"16,100.00"
2019-02-04,2019020401005645,JBNL,45,8,"2,000",161.00,"322,000.00"
2019-02-04,2019020401005521,JBNL,5,8,300,162.00,"48,600.00"
2019-02-04,2019020401005520,JBNL,59,8,50,162.00,"8,100.00"
2019-02-04,2019020401005519,JBNL,38,8,394,162.00,"63,828.00"
2019-02-04,2019020401005433,JBNL,55,14,20,163.00,"3,260.00"
2019-02-04,2019020401005638,JBNL,32,8,80,161.00,"12,880.00"
2019-02-04,2019020401005562,JBNL,32,13,20,161.00,"3,220.00"
2019-02-04,2019020401005525,JBNL,34,8,"3,000",162.00,"486,000.00"
2019-02-04,2019020401005524,JBNL,53,8,500,162.00,"81,000.00"
2019-02-04,2019020401005523,JBNL,42,8,250,162.00,"40,500.00"
2019-02-04,2019020401005522,JBNL,56,8,"1,000",162.00,"162,000.00"
2019-02-04,2019020401005644,JBNL,34,8,500,161.00,"80,500.00"
2019-02-04,2019020401005643,JBNL,32,8,"1,000",161.00,"161,000.00"
2019-02-04,2019020401005642,JBNL,45,8,500,161.00,"80,500.00"
2019-02-04,2019020401005641,JBNL,35,8,200,161.00,"32,200.00"
2019-02-04,2019020401005640,JBNL,1,8,150,161.00,"24,150.00"
2019-02-04,2019020401005639,JBNL,56,8,50,161.00,"8,050.00"
2019-02-04,2019020401005501,KBBL,13,47,22,208.00,"4,576.00"
2019-02-04,2019020401005721,KBL,4,25,370,242.00,"89,540.00"
2019-02-04,2019020401005448,KBL,4,52,980,242.00,"237,160.00"
2019-02-04,2019020401005447,KBL,48,52,20,243.00,"4,860.00"
2019-02-04,2019020401005377,KMCDB,49,26,70,845.00,"59,150.00"
2019-02-04,2019020401005570,KMFL,28,42,10,994.00,"9,940.00"
2019-02-04,2019020401005513,KMFL,17,10,200,976.00,"195,200.00"
2019-02-04,2019020401005507,KPCL,34,37,10,93.00,930.00
2019-02-04,2019020401005543,KPCL,34,37,10,93.00,930.00
2019-02-04,2019020401005550,KPCL,34,13,10,93.00,930.00
2019-02-04,2019020401005616,KPCL,34,37,10,93.00,930.00
2019-02-04,2019020401005662,KPCL,34,37,10,93.00,930.00
2019-02-04,2019020401005680,KPCL,34,37,10,93.00,930.00
2019-02-04,2019020401005560,KSBBL,57,55,300,136.00,"40,800.00"
2019-02-04,2019020401005483,KSBBL,57,26,105,136.00,"14,280.00"
2019-02-04,2019020401005410,LBBL,33,4,530,173.00,"91,690.00"
2019-02-04,2019020401005407,LBL,16,42,100,198.00,"19,800.00"
2019-02-04,2019020401005330,LBL,4,17,260,197.00,"51,220.00"
2019-02-04,2019020401005681,LGIL,43,18,10,528.00,"5,280.00"
2019-02-04,2019020401005413,LGIL,22,14,105,525.00,"55,125.00"
2019-02-04,2019020401005385,LGIL,49,14,120,525.00,"63,000.00"
2019-02-04,2019020401005384,LGIL,6,14,100,525.00,"52,500.00"
2019-02-04,2019020401005383,LGIL,32,14,175,525.00,"91,875.00"
2019-02-04,2019020401005556,LICN,47,49,100,"1,695.00","169,500.00"
2019-02-04,2019020401005432,MBL,45,36,111,208.00,"23,088.00"
2019-02-04,2019020401005431,MBL,11,36,489,208.00,"101,712.00"
2019-02-04,2019020401005317,MBL,34,28,217,209.00,"45,353.00"
2019-02-04,2019020401005573,MEGA,57,39,100,162.00,"16,200.00"
2019-02-04,2019020401005476,MEGA,51,39,100,162.00,"16,200.00"
2019-02-04,2019020401005580,MNBBL,13,14,252,344.00,"86,688.00"
2019-02-04,2019020401005344,MNBBL,29,58,95,344.00,"32,680.00"
2019-02-04,2019020401005787,MSMBS,41,49,28,543.00,"15,204.00"
2019-02-04,2019020401005796,NABIL,45,37,80,829.00,"66,320.00"
2019-02-04,2019020401005795,NABIL,22,37,20,829.00,"16,580.00"
2019-02-04,2019020401005539,NABIL,11,17,100,830.00,"83,000.00"
2019-02-04,2019020401005490,NABIL,49,17,30,830.00,"24,900.00"
2019-02-04,2019020401005454,NABIL,57,17,10,830.00,"8,300.00"
2019-02-04,2019020401005379,NABIL,57,17,22,830.00,"18,260.00"
2019-02-04,2019020401005338,NABIL,26,17,50,830.00,"41,500.00"
2019-02-04,2019020401005337,NABIL,14,17,10,830.00,"8,300.00"
2019-02-04,2019020401005336,NABIL,37,17,20,830.00,"16,600.00"
2019-02-04,2019020401005335,NABIL,58,17,20,830.00,"16,600.00"
2019-02-04,2019020401005767,NABILP,19,32,170,724.00,"123,080.00"
2019-02-04,2019020401005766,NABILP,13,32,30,724.00,"21,720.00"
2019-02-04,2019020401005359,NABILP,19,57,449,726.00,"325,974.00"
2019-02-04,2019020401005316,NABILP,17,57,201,726.00,"145,926.00"
2019-02-04,2019020401005505,NADEP,19,22,90,783.00,"70,470.00"
2019-02-04,2019020401005504,NADEP,49,22,10,783.00,"7,830.00"
2019-02-04,2019020401005446,NADEP,49,45,10,783.00,"7,830.00"
2019-02-04,2019020401005713,NBB,41,28,367,178.00,"65,326.00"
2019-02-04,2019020401005712,NBB,17,28,904,178.00,"160,912.00"
2019-02-04,2019020401005429,NBB,41,28,19,179.00,"3,401.00"
2019-02-04,2019020401005614,NBB,17,33,"3,667",178.00,"652,726.00"
2019-02-04,2019020401005569,NBB,17,37,112,178.00,"19,936.00"
2019-02-04,2019020401005430,NBB,6,28,200,179.00,"35,800.00"
2019-02-04,2019020401005581,NBBL,8,35,30,710.00,"21,300.00"
2019-02-04,2019020401005511,NBBL,8,17,80,710.00,"56,800.00"
2019-02-04,2019020401005475,NBBL,8,35,25,710.00,"17,750.00"
2019-02-04,2019020401005453,NBBL,25,51,50,713.00,"35,650.00"
2019-02-04,2019020401005741,NBL,42,36,624,288.00,"179,712.00"
2019-02-04,2019020401005740,NBL,8,36,"2,000",288.00,"576,000.00"
2019-02-04,2019020401005739,NBL,6,36,500,288.00,"144,000.00"
2019-02-04,2019020401005738,NBL,43,36,100,288.00,"28,800.00"
2019-02-04,2019020401005737,NBL,45,36,600,288.00,"172,800.00"
2019-02-04,2019020401005736,NBL,6,36,"2,176",288.00,"626,688.00"
2019-02-04,2019020401005629,NBL,47,36,950,289.00,"274,550.00"
2019-02-04,2019020401005628,NBL,47,36,50,289.00,"14,450.00"
2019-02-04,2019020401005345,NBL,16,36,350,289.00,"101,150.00"
2019-02-04,2019020401005765,NCCB,25,46,12,212.00,"2,544.00"
2019-02-04,2019020401005699,NCCB,40,46,20,212.00,"4,240.00"
2019-02-04,2019020401005382,NCCB,19,33,53,211.00,"11,183.00"
2019-02-04,2019020401005352,NCCB,19,50,102,211.00,"21,522.00"
2019-02-04,2019020401005351,NCCB,32,50,100,211.00,"21,100.00"
2019-02-04,2019020401005350,NCCB,50,50,100,211.00,"21,100.00"
2019-02-04,2019020401005349,NCCB,26,50,198,211.00,"41,778.00"
2019-02-04,2019020401005780,NIB,45,57,45,525.00,"23,625.00"
2019-02-04,2019020401005779,NIB,42,57,100,525.00,"52,500.00"
2019-02-04,2019020401005778,NIB,51,57,100,525.00,"52,500.00"
2019-02-04,2019020401005777,NIB,13,57,100,525.00,"52,500.00"
2019-02-04,2019020401005776,NIB,29,57,50,525.00,"26,250.00"
2019-02-04,2019020401005775,NIB,57,57,50,525.00,"26,250.00"
2019-02-04,2019020401005404,NIB,43,43,10,525.00,"5,250.00"
2019-02-04,2019020401005403,NIB,49,43,135,525.00,"70,875.00"
2019-02-04,2019020401005402,NIB,45,43,211,525.00,"110,775.00"
2019-02-04,2019020401005768,NIB,43,57,56,525.00,"29,400.00"
2019-02-04,2019020401005731,NIB,42,57,249,526.00,"130,974.00"
2019-02-04,2019020401005620,NIB,42,39,40,526.00,"21,040.00"
2019-02-04,2019020401005619,NIB,42,36,31,526.00,"16,306.00"
2019-02-04,2019020401005618,NIB,42,36,180,526.00,"94,680.00"
2019-02-04,2019020401005405,NIB,43,43,144,525.00,"75,600.00"
2019-02-04,2019020401005774,NIB,49,57,10,525.00,"5,250.00"
2019-02-04,2019020401005773,NIB,19,57,50,525.00,"26,250.00"
2019-02-04,2019020401005772,NIB,41,57,100,525.00,"52,500.00"
2019-02-04,2019020401005771,NIB,25,57,100,525.00,"52,500.00"
2019-02-04,2019020401005770,NIB,6,57,500,525.00,"262,500.00"
2019-02-04,2019020401005769,NIB,49,57,60,525.00,"31,500.00"
2019-02-04,2019020401005764,NIBPO,38,53,10,480.00,"4,800.00"
2019-02-04,2019020401005612,NIBPO,6,10,48,471.00,"22,608.00"
2019-02-04,2019020401005611,NIBPO,28,10,50,471.00,"23,550.00"
2019-02-04,2019020401005610,NIBPO,42,10,200,472.00,"94,400.00"
2019-02-04,2019020401005609,NIBPO,14,10,100,472.00,"47,200.00"
2019-02-04,2019020401005608,NIBPO,36,10,85,472.00,"40,120.00"
2019-02-04,2019020401005682,NICA,38,43,150,389.00,"58,350.00"
2019-02-04,2019020401005551,NICA,49,59,20,390.00,"7,800.00"
2019-02-04,2019020401005517,NICA,10,59,76,390.00,"29,640.00"
2019-02-04,2019020401005516,NICA,10,22,24,390.00,"9,360.00"
2019-02-04,2019020401005346,NICA,18,22,100,390.00,"39,000.00"
2019-02-04,2019020401005328,NICA,51,22,46,390.00,"17,940.00"
2019-02-04,2019020401005728,NICL,58,13,200,556.00,"111,200.00"
2019-02-04,2019020401005727,NICL,40,13,100,556.00,"55,600.00"
2019-02-04,2019020401005711,NICL,43,13,10,558.00,"5,580.00"
2019-02-04,2019020401005621,NICL,5,46,100,556.00,"55,600.00"
2019-02-04,2019020401005452,NICL,46,44,100,557.00,"55,700.00"
2019-02-04,2019020401005451,NICL,58,44,500,557.00,"278,500.00"
2019-02-04,2019020401005450,NICL,36,44,100,558.00,"55,800.00"
2019-02-04,2019020401005625,NICL,40,46,900,556.00,"500,400.00"
2019-02-04,2019020401005624,NICL,38,46,100,556.00,"55,600.00"
2019-02-04,2019020401005623,NICL,58,46,300,556.00,"166,800.00"
2019-02-04,2019020401005622,NICL,48,46,100,556.00,"55,600.00"
2019-02-04,2019020401005459,NLBBL,49,26,20,468.00,"9,360.00"
2019-02-04,2019020401005458,NLBBL,49,26,100,468.00,"46,800.00"
2019-02-04,2019020401005546,NLG,25,35,200,840.00,"168,000.00"
2019-02-04,2019020401005334,NLG,25,42,100,840.00,"84,000.00"
2019-02-04,2019020401005714,NLIC,46,25,200,"1,075.00","215,000.00"
2019-02-04,2019020401005631,NLIC,40,40,1,"1,072.00","1,072.00"
2019-02-04,2019020401005597,NLIC,40,40,1,"1,072.00","1,072.00"
2019-02-04,2019020401005477,NLIC,25,17,14,"1,072.00","15,008.00"
2019-02-04,2019020401005304,NLIC,25,54,51,"1,072.00","54,672.00"
2019-02-04,2019020401005303,NLIC,45,54,49,"1,073.00","52,577.00"
2019-02-04,2019020401005702,NLICL,45,47,400,660.00,"264,000.00"
2019-02-04,2019020401005318,NLICL,42,47,100,660.00,"66,000.00"
2019-02-04,2019020401005673,NMB,40,14,30,316.00,"9,480.00"
2019-02-04,2019020401005672,NMB,4,48,345,315.00,"108,675.00"
2019-02-04,2019020401005469,NMB,5,14,200,316.00,"63,200.00"
2019-02-04,2019020401005444,NMB,4,36,137,315.00,"43,155.00"
2019-02-04,2019020401005443,NMB,56,36,10,315.00,"3,150.00"
2019-02-04,2019020401005343,NMB,58,14,50,316.00,"15,800.00"
2019-02-04,2019020401005461,NMFBS,34,34,40,"1,676.00","67,040.00"
2019-02-04,2019020401005460,NMFBS,22,34,10,"1,677.00","16,770.00"
2019-02-04,2019020401005357,NMFBS,22,28,30,"1,677.00","50,310.00"
2019-02-04,2019020401005341,NMFBS,22,45,10,"1,677.00","16,770.00"
2019-02-04,2019020401005313,NMFBS,48,45,20,"1,680.00","33,600.00"
2019-02-04,2019020401005753,NSEWA,11,50,70,628.00,"43,960.00"
2019-02-04,2019020401005752,NSEWA,11,51,35,625.00,"21,875.00"
2019-02-04,2019020401005719,NSEWA,11,51,90,625.00,"56,250.00"
2019-02-04,2019020401005630,NSEWA,59,32,20,620.00,"12,400.00"
2019-02-04,2019020401005749,NTC,42,28,870,708.00,"615,960.00"
2019-02-04,2019020401005748,NTC,42,28,110,708.00,"77,880.00"
2019-02-04,2019020401005730,NTC,43,32,10,710.00,"7,100.00"
2019-02-04,2019020401005710,NTC,42,28,890,708.00,"630,120.00"
2019-02-04,2019020401005709,NTC,22,28,10,709.00,"7,090.00"
2019-02-04,2019020401005708,NTC,6,28,735,709.00,"521,115.00"
2019-02-04,2019020401005583,NTC,6,52,350,709.00,"248,150.00"
2019-02-04,2019020401005762,NUBL,20,18,10,756.00,"7,560.00"
2019-02-04,2019020401005761,NUBL,54,18,400,756.00,"302,400.00"
2019-02-04,2019020401005760,NUBL,32,18,100,757.00,"75,700.00"
2019-02-04,2019020401005759,NUBL,53,18,50,757.00,"37,850.00"
2019-02-04,2019020401005758,NUBL,7,18,15,757.00,"11,355.00"
2019-02-04,2019020401005757,NUBL,19,18,13,758.00,"9,854.00"
2019-02-04,2019020401005743,PCBL,53,50,142,316.00,"44,872.00"
2019-02-04,2019020401005742,PCBL,34,50,200,316.00,"63,200.00"
2019-02-04,2019020401005526,PCBL,11,50,500,317.00,"158,500.00"
2019-02-04,2019020401005564,PFL,25,32,71,131.00,"9,301.00"
2019-02-04,2019020401005732,PIC,42,36,50,"1,030.00","51,500.00"
2019-02-04,2019020401005423,PIC,32,37,11,"1,026.00","11,286.00"
2019-02-04,2019020401005754,PICL,37,57,100,698.00,"69,800.00"
2019-02-04,2019020401005783,PLIC,35,34,10,477.00,"4,770.00"
2019-02-04,2019020401005607,PLIC,22,51,475,470.00,"223,250.00"
2019-02-04,2019020401005606,PLIC,43,51,100,470.00,"47,000.00"
2019-02-04,2019020401005605,PLIC,39,51,200,470.00,"94,000.00"
2019-02-04,2019020401005604,PLIC,56,51,10,470.00,"4,700.00"
2019-02-04,2019020401005603,PLIC,25,51,200,471.00,"94,200.00"
2019-02-04,2019020401005342,PLIC,55,46,50,476.00,"23,800.00"
2019-02-04,2019020401005602,PLIC,14,51,"1,000",472.00,"472,000.00"
2019-02-04,2019020401005601,PLIC,16,51,50,473.00,"23,650.00"
2019-02-04,2019020401005600,PLIC,42,51,50,473.00,"23,650.00"
2019-02-04,2019020401005599,PLIC,58,51,15,473.00,"7,095.00"
2019-02-04,2019020401005542,PLIC,58,34,15,477.00,"7,155.00"
2019-02-04,2019020401005386,PLIC,55,46,50,476.00,"23,800.00"
2019-02-04,2019020401005561,PMHPL,10,45,10,108.00,"1,080.00"
2019-02-04,2019020401005555,PMHPL,10,37,10,107.00,"1,070.00"
2019-02-04,2019020401005554,PMHPL,10,37,10,107.00,"1,070.00"
2019-02-04,2019020401005488,PMHPL,49,37,10,105.00,"1,050.00"
2019-02-04,2019020401005473,PMHPL,49,45,10,105.00,"1,050.00"
2019-02-04,2019020401005455,PMHPL,49,37,10,105.00,"1,050.00"
2019-02-04,2019020401005374,PMHPL,49,37,10,105.00,"1,050.00"
2019-02-04,2019020401005578,PRIN,46,45,100,430.00,"43,000.00"
2019-02-04,2019020401005577,PRIN,4,45,105,430.00,"45,150.00"
2019-02-04,2019020401005576,PRIN,17,45,50,430.00,"21,500.00"
2019-02-04,2019020401005575,PRIN,47,45,79,430.00,"33,970.00"
2019-02-04,2019020401005574,PRIN,51,45,50,431.00,"21,550.00"
2019-02-04,2019020401005510,PRIN,42,39,10,432.00,"4,320.00"
2019-02-04,2019020401005371,PRIN,42,39,10,432.00,"4,320.00"
2019-02-04,2019020401005782,PRVU,34,1,300,241.00,"72,300.00"
2019-02-04,2019020401005781,PRVU,34,53,87,241.00,"20,967.00"
2019-02-04,2019020401005636,PRVU,1,53,13,241.00,"3,133.00"
2019-02-04,2019020401005635,PRVU,1,13,87,241.00,"20,967.00"
2019-02-04,2019020401005633,PRVU,58,14,140,240.00,"33,600.00"
2019-02-04,2019020401005340,PURBL,57,45,105,160.00,"16,800.00"
2019-02-04,2019020401005422,RADHI,22,14,11,158.00,"1,738.00"
2019-02-04,2019020401005358,RADHI,25,13,11,161.00,"1,771.00"
2019-02-04,2019020401005366,RBCLPO,28,33,490,"8,550.00","4,189,500.00"
2019-02-04,2019020401005365,RBCLPO,59,33,30,"8,600.00","258,000.00"
2019-02-04,2019020401005364,RBCLPO,59,33,10,"8,650.00","86,500.00"
2019-02-04,2019020401005363,RBCLPO,59,33,10,"8,650.00","86,500.00"
2019-02-04,2019020401005489,RHPC,45,13,17,95.00,"1,615.00"
2019-02-04,2019020401005348,RMDC,56,43,190,545.00,"103,550.00"
2019-02-04,2019020401005746,RSDC,33,59,75,394.00,"29,550.00"
2019-02-04,2019020401005745,RSDC,33,59,75,394.00,"29,550.00"
2019-02-04,2019020401005697,RSDC,51,14,18,392.00,"7,056.00"
2019-02-04,2019020401005696,RSDC,51,14,18,392.00,"7,056.00"
2019-02-04,2019020401005695,RSDC,51,14,18,392.00,"7,056.00"
2019-02-04,2019020401005694,RSDC,51,14,18,392.00,"7,056.00"
2019-02-04,2019020401005693,RSDC,51,14,18,392.00,"7,056.00"
2019-02-04,2019020401005692,RSDC,51,14,18,392.00,"7,056.00"
2019-02-04,2019020401005786,SADBL,17,55,99,136.00,"13,464.00"
2019-02-04,2019020401005785,SADBL,59,55,78,136.00,"10,608.00"
2019-02-04,2019020401005734,SADBL,59,55,157,136.00,"21,352.00"
2019-02-04,2019020401005733,SADBL,28,55,20,139.00,"2,780.00"
2019-02-04,2019020401005529,SADBL,14,26,99,137.00,"13,563.00"
2019-02-04,2019020401005414,SADBL,40,26,10,137.00,"1,370.00"
2019-02-04,2019020401005380,SADBL,37,26,76,137.00,"10,412.00"
2019-02-04,2019020401005717,SANIMA,26,50,160,299.00,"47,840.00"
2019-02-04,2019020401005716,SANIMA,53,50,30,299.00,"8,970.00"
2019-02-04,2019020401005715,SANIMA,41,50,331,299.00,"98,969.00"
2019-02-04,2019020401005686,SANIMA,41,50,669,299.00,"200,031.00"
2019-02-04,2019020401005685,SANIMA,54,50,331,299.00,"98,969.00"
2019-02-04,2019020401005665,SANIMA,54,50,44,299.00,"13,156.00"
2019-02-04,2019020401005378,SANIMA,44,50,500,300.00,"150,000.00"
2019-02-04,2019020401005312,SANIMA,28,11,546,300.00,"163,800.00"
2019-02-04,2019020401005664,SANIMA,56,50,200,299.00,"59,800.00"
2019-02-04,2019020401005663,SANIMA,29,50,756,299.00,"226,044.00"
2019-02-04,2019020401005596,SANIMA,46,50,949,300.00,"284,700.00"
2019-02-04,2019020401005595,SANIMA,46,14,51,300.00,"15,300.00"
2019-02-04,2019020401005472,SANIMA,29,36,244,299.00,"72,956.00"
2019-02-04,2019020401005471,SANIMA,10,36,223,299.00,"66,677.00"
2019-02-04,2019020401005656,SBI,8,45,634,377.00,"239,018.00"
2019-02-04,2019020401005655,SBI,8,45,247,377.00,"93,119.00"
2019-02-04,2019020401005654,SBI,42,45,50,378.00,"18,900.00"
2019-02-04,2019020401005653,SBI,1,45,50,378.00,"18,900.00"
2019-02-04,2019020401005486,SBL,4,36,280,281.00,"78,680.00"
2019-02-04,2019020401005485,SBL,28,36,200,282.00,"56,400.00"
2019-02-04,2019020401005484,SBL,48,36,20,282.00,"5,640.00"
2019-02-04,2019020401005376,SBL,40,46,10,283.00,"2,830.00"
2019-02-04,2019020401005598,SCB,13,6,50,557.00,"27,850.00"
2019-02-04,2019020401005434,SCB,25,6,50,557.00,"27,850.00"
2019-02-04,2019020401005400,SHPC,41,13,22,228.00,"5,016.00"
2019-02-04,2019020401005701,SIC,47,42,20,"1,298.00","25,960.00"
2019-02-04,2019020401005442,SIC,25,33,61,"1,292.00","78,812.00"
2019-02-04,2019020401005441,SIC,16,33,30,"1,292.00","38,760.00"
2019-02-04,2019020401005691,SICL,42,43,150,911.00,"136,650.00"
2019-02-04,2019020401005723,SIL,22,49,10,630.00,"6,300.00"
2019-02-04,2019020401005309,SIL,22,17,40,624.00,"24,960.00"
2019-02-04,2019020401005412,SKBBL,42,14,12,860.00,"10,320.00"
2019-02-04,2019020401005356,SLBBL,43,51,15,510.00,"7,650.00"
2019-02-04,2019020401005355,SLBBL,25,51,200,510.00,"102,000.00"
2019-02-04,2019020401005354,SLBBL,25,51,100,510.00,"51,000.00"
2019-02-04,2019020401005437,SLBBL,40,54,10,515.00,"5,150.00"
2019-02-04,2019020401005307,SLBS,5,45,36,"1,015.00","36,540.00"
2019-02-04,2019020401005615,SLICL,49,42,193,534.00,"103,062.00"
2019-02-04,2019020401005588,SLICL,45,42,100,536.00,"53,600.00"
2019-02-04,2019020401005587,SLICL,25,42,200,538.00,"107,600.00"
2019-02-04,2019020401005586,SLICL,6,42,500,539.00,"269,500.00"
2019-02-04,2019020401005585,SLICL,25,42,229,540.00,"123,660.00"
2019-02-04,2019020401005308,SLICL,25,48,50,540.00,"27,000.00"
2019-02-04,2019020401005298,SLICL,25,25,21,540.00,"11,340.00"
2019-02-04,2019020401005593,SLICL,53,42,500,535.00,"267,500.00"
2019-02-04,2019020401005592,SLICL,25,42,50,535.00,"26,750.00"
2019-02-04,2019020401005591,SLICL,43,42,20,535.00,"10,700.00"
2019-02-04,2019020401005590,SLICL,26,42,100,535.00,"53,500.00"
2019-02-04,2019020401005589,SLICL,39,42,500,535.00,"267,500.00"
2019-02-04,2019020401005613,SMATA,28,58,18,"1,275.00","22,950.00"
2019-02-04,2019020401005492,SMB,49,33,10,709.00,"7,090.00"
2019-02-04,2019020401005671,SRBL,49,36,878,209.00,"183,502.00"
2019-02-04,2019020401005670,SRBL,34,36,136,209.00,"28,424.00"
2019-02-04,2019020401005669,SRBL,17,36,100,210.00,"21,000.00"
2019-02-04,2019020401005668,SRBL,38,36,386,210.00,"81,060.00"
2019-02-04,2019020401005409,SRBL,17,19,50,211.00,"10,550.00"
2019-02-04,2019020401005360,SRBL,40,19,50,211.00,"10,550.00"
2019-02-04,2019020401005425,SWBBL,4,33,130,832.00,"108,160.00"
2019-02-04,2019020401005369,TRH,5,34,220,242.00,"53,240.00"
2019-02-04,2019020401005368,TRH,45,34,250,242.00,"60,500.00"
2019-02-04,2019020401005367,TRH,54,34,30,242.00,"7,260.00"
2019-02-04,2019020401005419,UIC,25,58,200,770.00,"154,000.00"
2019-02-04,2019020401005784,UPPER,20,56,50,246.00,"12,300.00"
2019-02-04,2019020401005763,UPPER,20,18,10,246.00,"2,460.00"
2019-02-04,2019020401005750,UPPER,20,56,50,246.00,"12,300.00"
2019-02-04,2019020401005744,UPPER,20,35,40,246.00,"9,840.00"
2019-02-04,2019020401005735,UPPER,20,56,40,246.00,"9,840.00"
2019-02-04,2019020401005724,UPPER,20,45,50,246.00,"12,300.00"
2019-02-04,2019020401005301,UPPER,16,39,40,247.00,"9,880.00"
2019-02-04,2019020401005300,UPPER,16,39,50,247.00,"12,350.00"
2019-02-04,2019020401005299,UPPER,16,55,50,247.00,"12,350.00"
2019-02-04,2019020401005332,UPPER,16,56,50,247.00,"12,350.00"
2019-02-04,2019020401005329,UPPER,16,49,50,247.00,"12,350.00"
2019-02-04,2019020401005319,UPPER,16,29,40,247.00,"9,880.00"
2019-02-04,2019020401005311,UPPER,16,56,40,247.00,"9,880.00"
2019-02-04,2019020401005310,UPPER,16,39,50,247.00,"12,350.00"
2019-02-04,2019020401005302,UPPER,16,39,40,247.00,"9,880.00"
2019-02-04,2019020401005362,UPPER,7,1,50,246.00,"12,300.00"
2019-02-04,2019020401005347,UPPER,16,39,40,247.00,"9,880.00"
2019-02-04,2019020401005333,UPPER,16,39,50,247.00,"12,350.00"
2019-02-04,2019020401005424,UPPER,49,52,40,246.00,"9,840.00"
2019-02-04,2019020401005418,UPPER,49,56,30,246.00,"7,380.00"
2019-02-04,2019020401005417,UPPER,7,56,10,246.00,"2,460.00"
2019-02-04,2019020401005411,UPPER,7,52,40,246.00,"9,840.00"
2019-02-04,2019020401005406,UPPER,7,56,40,246.00,"9,840.00"
2019-02-04,2019020401005370,UPPER,7,57,50,246.00,"12,300.00"
2019-02-04,2019020401005457,UPPER,49,56,40,246.00,"9,840.00"
2019-02-04,2019020401005456,UPPER,49,56,10,246.00,"2,460.00"
2019-02-04,2019020401005440,UPPER,49,56,40,246.00,"9,840.00"
2019-02-04,2019020401005438,UPPER,49,52,40,246.00,"9,840.00"
2019-02-04,2019020401005426,UPPER,49,56,40,246.00,"9,840.00"
2019-02-04,2019020401005506,UPPER,49,56,40,246.00,"9,840.00"
2019-02-04,2019020401005503,UPPER,49,17,50,246.00,"12,300.00"
2019-02-04,2019020401005491,UPPER,49,56,50,246.00,"12,300.00"
2019-02-04,2019020401005487,UPPER,49,45,40,246.00,"9,840.00"
2019-02-04,2019020401005482,UPPER,49,56,50,246.00,"12,300.00"
2019-02-04,2019020401005474,UPPER,49,17,50,246.00,"12,300.00"
2019-02-04,2019020401005515,UPPER,49,18,40,246.00,"9,840.00"
2019-02-04,2019020401005514,UPPER,49,49,40,246.00,"9,840.00"
2019-02-04,2019020401005512,UPPER,49,56,50,246.00,"12,300.00"
2019-02-04,2019020401005509,UPPER,49,18,40,246.00,"9,840.00"
2019-02-04,2019020401005508,UPPER,49,33,50,246.00,"12,300.00"
2019-02-04,2019020401005549,UPPER,32,22,60,247.00,"14,820.00"
2019-02-04,2019020401005548,UPPER,32,39,40,247.00,"9,880.00"
2019-02-04,2019020401005545,UPPER,49,56,40,246.00,"9,840.00"
2019-02-04,2019020401005537,UPPER,49,56,40,246.00,"9,840.00"
2019-02-04,2019020401005530,UPPER,49,40,293,246.00,"72,078.00"
2019-02-04,2019020401005568,UPPER,20,18,50,246.00,"12,300.00"
2019-02-04,2019020401005559,UPPER,20,56,23,246.00,"5,658.00"
2019-02-04,2019020401005558,UPPER,49,56,17,246.00,"4,182.00"
2019-02-04,2019020401005557,UPPER,49,33,40,246.00,"9,840.00"
2019-02-04,2019020401005552,UPPER,49,18,30,246.00,"7,380.00"
2019-02-04,2019020401005617,UPPER,20,56,50,246.00,"12,300.00"
2019-02-04,2019020401005594,UPPER,20,56,50,246.00,"12,300.00"
2019-02-04,2019020401005584,UPPER,20,58,50,246.00,"12,300.00"
2019-02-04,2019020401005579,UPPER,20,18,40,246.00,"9,840.00"
2019-02-04,2019020401005572,UPPER,20,56,50,246.00,"12,300.00"
2019-02-04,2019020401005674,UPPER,42,22,40,247.00,"9,880.00"
2019-02-04,2019020401005667,UPPER,20,56,40,246.00,"9,840.00"
2019-02-04,2019020401005661,UPPER,20,56,40,246.00,"9,840.00"
2019-02-04,2019020401005626,UPPER,20,18,50,246.00,"12,300.00"
2019-02-04,2019020401005718,UPPER,20,56,50,246.00,"12,300.00"
2019-02-04,2019020401005698,UPPER,20,18,40,246.00,"9,840.00"
2019-02-04,2019020401005687,UPPER,20,56,50,246.00,"12,300.00"
2019-02-04,2019020401005683,UPPER,34,22,100,247.00,"24,700.00"
2019-02-04,2019020401005679,UPPER,20,56,50,246.00,"12,300.00"
2019-02-04,2019020401005563,VLBS,37,22,12,695.00,"8,340.00"
2019-02-04,2019020401005756,WOMI,45,50,23,"1,155.00","26,565.00"
2019-02-04,2019020401005755,WOMI,45,45,20,"1,145.00","22,900.00"
2019-02-04,2019020401005480,WOMI,25,50,67,"1,155.00","77,385.00"
2019-02-04,2019020401005479,WOMI,25,36,33,"1,151.00","37,983.00"
2019-02-04,2019020401005478,WOMI,25,45,100,"1,150.00","115,000.00"
2019-02-04,2019020401005439,WOMI,57,1,13,"1,145.00","14,885.00"
2019-02-04,2019020401004953,ADBL,5,52,50,338.00,"16,900.00"
2019-02-04,2019020401005011,ALICL,32,10,20,600.00,"12,000.00"
2019-02-04,2019020401005010,ALICL,25,10,78,600.00,"46,800.00"
2019-02-04,2019020401005058,AMFI,42,39,10,718.00,"7,180.00"
2019-02-04,2019020401005223,API,4,25,"1,173",137.00,"160,701.00"
2019-02-04,2019020401005222,API,56,25,133,137.00,"18,221.00"
2019-02-04,2019020401005221,API,22,25,194,138.00,"26,772.00"
2019-02-04,2019020401005076,API,22,25,738,138.00,"101,844.00"
2019-02-04,2019020401004986,API,29,25,29,139.00,"4,031.00"
2019-02-04,2019020401004969,API,22,29,29,138.00,"4,002.00"
2019-02-04,2019020401004968,API,22,17,39,138.00,"5,382.00"
2019-02-04,2019020401004833,API,56,5,29,137.00,"3,973.00"
2019-02-04,2019020401005236,BOKL,17,11,50,248.00,"12,400.00"
2019-02-04,2019020401005211,BOKL,42,11,10,248.00,"2,480.00"
2019-02-04,2019020401004889,BOKL,16,10,100,249.00,"24,900.00"
2019-02-04,2019020401005089,BPCL,13,55,270,350.00,"94,500.00"
2019-02-04,2019020401005079,BPCL,41,39,20,349.00,"6,980.00"
2019-02-04,2019020401005052,BPCL,41,55,50,350.00,"17,500.00"
2019-02-04,2019020401005051,BPCL,21,55,100,350.00,"35,000.00"
2019-02-04,2019020401005266,CBBL,6,58,100,870.00,"87,000.00"
2019-02-04,2019020401005265,CBBL,57,58,500,870.00,"435,000.00"
2019-02-04,2019020401005264,CBBL,41,58,100,870.00,"87,000.00"
2019-02-04,2019020401005263,CBBL,28,58,350,870.00,"304,500.00"
2019-02-04,2019020401005262,CBBL,29,58,30,870.00,"26,100.00"
2019-02-04,2019020401005261,CBBL,17,58,80,870.00,"69,600.00"
2019-02-04,2019020401005248,CBBL,41,58,300,874.00,"262,200.00"
2019-02-04,2019020401005247,CBBL,42,58,200,875.00,"175,000.00"
2019-02-04,2019020401005246,CBBL,38,58,100,875.00,"87,500.00"
2019-02-04,2019020401005254,CBBL,14,58,100,872.00,"87,200.00"
2019-02-04,2019020401005253,CBBL,39,58,200,872.00,"174,400.00"
2019-02-04,2019020401005252,CBBL,42,58,50,872.00,"43,600.00"
2019-02-04,2019020401005251,CBBL,29,58,270,873.00,"235,710.00"
2019-02-04,2019020401005250,CBBL,6,58,53,873.00,"46,269.00"
2019-02-04,2019020401005249,CBBL,33,58,100,874.00,"87,400.00"
2019-02-04,2019020401005260,CBBL,42,58,20,870.00,"17,400.00"
2019-02-04,2019020401005259,CBBL,52,58,20,870.00,"17,400.00"
2019-02-04,2019020401005258,CBBL,42,58,100,870.00,"87,000.00"
2019-02-04,2019020401005257,CBBL,54,58,152,870.00,"132,240.00"
2019-02-04,2019020401005256,CBBL,35,58,10,871.00,"8,710.00"
2019-02-04,2019020401005255,CBBL,46,58,400,872.00,"348,800.00"
2019-02-04,2019020401005095,CBL,3,13,128,157.00,"20,096.00"
2019-02-04,2019020401005094,CBL,42,13,100,157.00,"15,700.00"
2019-02-04,2019020401005127,CCBL,7,46,85,166.00,"14,110.00"
2019-02-04,2019020401005126,CCBL,3,46,300,166.00,"49,800.00"
2019-02-04,2019020401005125,CCBL,59,46,56,166.00,"9,296.00"
2019-02-04,2019020401005102,CCBL,59,13,44,166.00,"7,304.00"
2019-02-04,2019020401005273,CFCL,28,29,500,112.00,"56,000.00"
2019-02-04,2019020401004830,CHCL,16,6,36,510.00,"18,360.00"
2019-02-04,2019020401004829,CHCL,16,36,69,510.00,"35,190.00"
2019-02-04,2019020401005296,CIT,4,45,200,"2,715.00","543,000.00"
2019-02-04,2019020401005154,CIT,4,34,20,"2,715.00","54,300.00"
2019-02-04,2019020401005120,CIT,4,35,50,"2,715.00","135,750.00"
2019-02-04,2019020401005110,CIT,4,44,130,"2,715.00","352,950.00"
2019-02-04,2019020401005109,CIT,4,25,60,"2,715.00","162,900.00"
2019-02-04,2019020401005107,CIT,4,10,100,"2,715.00","271,500.00"
2019-02-04,2019020401004957,CIT,32,32,1,"2,706.00","2,706.00"
2019-02-04,2019020401004941,CIT,25,42,20,"2,710.00","54,200.00"
2019-02-04,2019020401004835,CIT,32,1,25,"2,706.00","67,650.00"
2019-02-04,2019020401004828,CIT,38,56,13,"2,707.00","35,191.00"
2019-02-04,2019020401005071,CIT,4,34,171,"2,712.00","463,752.00"
2019-02-04,2019020401005070,CIT,4,49,216,"2,711.00","585,576.00"
2019-02-04,2019020401005041,CIT,25,52,18,"2,711.00","48,798.00"
2019-02-04,2019020401004987,CIT,25,28,50,"2,711.00","135,550.00"
2019-02-04,2019020401004979,CIT,25,40,112,"2,711.00","303,632.00"
2019-02-04,2019020401004977,CIT,25,11,50,"2,711.00","135,550.00"
2019-02-04,2019020401005100,CIT,18,17,10,"2,718.00","27,180.00"
2019-02-04,2019020401005099,CIT,18,44,46,"2,717.00","124,982.00"
2019-02-04,2019020401005098,CIT,18,16,10,"2,716.00","27,160.00"
2019-02-04,2019020401005074,CIT,4,34,180,"2,715.00","488,700.00"
2019-02-04,2019020401005073,CIT,4,52,50,"2,715.00","135,750.00"
2019-02-04,2019020401005072,CIT,4,28,207,"2,713.00","561,591.00"
2019-02-04,2019020401005219,CZBIL,17,42,16,207.00,"3,312.00"
2019-02-04,2019020401005218,CZBIL,28,42,91,207.00,"18,837.00"
2019-02-04,2019020401004836,CZBIL,28,54,117,207.00,"24,219.00"
2019-02-04,2019020401005197,DBBL,57,58,100,125.00,"12,500.00"
2019-02-04,2019020401005174,DDBL,53,18,100,574.00,"57,400.00"
2019-02-04,2019020401005173,DDBL,35,18,20,575.00,"11,500.00"
2019-02-04,2019020401005172,DDBL,42,18,20,575.00,"11,500.00"
2019-02-04,2019020401005171,DDBL,39,18,50,575.00,"28,750.00"
2019-02-04,2019020401005170,DDBL,48,18,16,575.00,"9,200.00"
2019-02-04,2019020401005169,DDBL,47,18,200,576.00,"115,200.00"
2019-02-04,2019020401005168,DDBL,14,18,20,576.00,"11,520.00"
2019-02-04,2019020401005167,DDBL,26,18,10,576.00,"5,760.00"
2019-02-04,2019020401005166,DDBL,35,18,10,577.00,"5,770.00"
2019-02-04,2019020401004989,DDBL,25,18,850,580.00,"493,000.00"
2019-02-04,2019020401004988,DDBL,25,59,150,579.00,"86,850.00"
2019-02-04,2019020401005032,EBL,35,28,30,520.00,"15,600.00"
2019-02-04,2019020401004936,EBL,38,28,50,520.00,"26,000.00"
2019-02-04,2019020401005056,FMDBL,57,41,199,370.00,"73,630.00"
2019-02-04,2019020401005055,FMDBL,43,41,105,370.00,"38,850.00"
2019-02-04,2019020401005028,FOWAD,26,32,50,"1,580.00","79,000.00"
2019-02-04,2019020401005293,GBBL,28,8,110,184.00,"20,240.00"
2019-02-04,2019020401005288,GBBL,37,42,88,185.00,"16,280.00"
2019-02-04,2019020401005286,GBIME,5,5,1,260.00,260.00
2019-02-04,2019020401005269,GBIME,4,42,100,265.00,"26,500.00"
2019-02-04,2019020401005188,GBIME,4,54,117,264.00,"30,888.00"
2019-02-04,2019020401005019,GBIME,25,38,200,265.00,"53,000.00"
2019-02-04,2019020401004841,GBIME,4,5,192,264.00,"50,688.00"
2019-02-04,2019020401004832,GFCL,59,21,150,118.00,"17,700.00"
2019-02-04,2019020401004831,GFCL,38,21,100,119.00,"11,900.00"
2019-02-04,2019020401004821,GFCL,11,21,50,120.00,"6,000.00"
2019-02-04,2019020401004820,GFCL,11,21,50,120.00,"6,000.00"
2019-02-04,2019020401005093,GLICL,25,34,20,701.00,"14,020.00"
2019-02-04,2019020401005092,GLICL,21,34,200,702.00,"140,400.00"
2019-02-04,2019020401005014,GLICL,21,39,300,703.00,"210,900.00"
2019-02-04,2019020401005013,GLICL,43,39,100,704.00,"70,400.00"
2019-02-04,2019020401004951,GLICL,17,17,25,704.00,"17,600.00"
2019-02-04,2019020401005283,HBL,22,4,10,442.00,"4,420.00"
2019-02-04,2019020401004822,HBL,41,28,25,440.00,"11,000.00"
2019-02-04,2019020401005121,HIDCL,34,44,45,139.00,"6,255.00"
2019-02-04,2019020401005113,HIDCL,41,13,15,138.00,"2,070.00"
2019-02-04,2019020401004972,HIDCL,4,44,338,139.00,"46,982.00"
2019-02-04,2019020401004834,HIDCL,41,48,251,138.00,"34,638.00"
2019-02-04,2019020401004827,HIDCL,41,18,253,138.00,"34,914.00"
2019-02-04,2019020401004811,HIDCL,41,5,145,138.00,"20,010.00"
2019-02-04,2019020401005292,HPPL,17,13,10,180.00,"1,800.00"
2019-02-04,2019020401004877,HPPL,17,5,10,180.00,"1,800.00"
2019-02-04,2019020401005096,IGI,4,51,25,430.00,"10,750.00"
2019-02-04,2019020401005277,JBBL,58,43,160,138.00,"22,080.00"
2019-02-04,2019020401005080,JBNL,48,13,20,163.00,"3,260.00"
2019-02-04,2019020401005045,JBNL,48,4,179,163.00,"29,177.00"
2019-02-04,2019020401005128,KBL,38,36,281,244.00,"68,564.00"
2019-02-04,2019020401005112,KBL,38,37,69,244.00,"16,836.00"
2019-02-04,2019020401005111,KBL,38,17,150,243.00,"36,450.00"
2019-02-04,2019020401004978,KBL,32,17,100,243.00,"24,300.00"
2019-02-04,2019020401004956,KBL,59,49,91,242.00,"22,022.00"
2019-02-04,2019020401004955,KBL,28,49,500,242.00,"121,000.00"
2019-02-04,2019020401004954,KBL,26,49,286,242.00,"69,212.00"
2019-02-04,2019020401005210,KMCDB,58,26,50,861.00,"43,050.00"
2019-02-04,2019020401004982,KPCL,34,22,10,93.00,930.00
2019-02-04,2019020401005012,KPCL,34,33,10,93.00,930.00
2019-02-04,2019020401004960,KRBL,57,38,40,97.00,"3,880.00"
2019-02-04,2019020401004959,KRBL,59,38,700,97.00,"67,900.00"
2019-02-04,2019020401004958,KRBL,8,38,542,97.00,"52,574.00"
2019-02-04,2019020401005217,LBBL,22,4,20,173.00,"3,460.00"
2019-02-04,2019020401005216,LBBL,26,4,50,173.00,"8,650.00"
2019-02-04,2019020401005196,LBL,34,42,250,198.00,"49,500.00"
2019-02-04,2019020401005195,LBL,40,42,80,198.00,"15,840.00"
2019-02-04,2019020401005206,LGIL,32,26,75,525.00,"39,375.00"
2019-02-04,2019020401005205,LGIL,32,26,50,526.00,"26,300.00"
2019-02-04,2019020401005274,LICN,4,49,28,"1,700.00","47,600.00"
2019-02-04,2019020401004962,LICN,25,18,400,"1,705.00","682,000.00"
2019-02-04,2019020401004961,LICN,25,34,100,"1,703.00","170,300.00"
2019-02-04,2019020401005285,LLBS,37,5,40,764.00,"30,560.00"
2019-02-04,2019020401005284,LLBS,35,5,10,765.00,"7,650.00"
2019-02-04,2019020401005088,LLBS,35,18,20,775.00,"15,500.00"
2019-02-04,2019020401005087,LLBS,5,18,100,776.00,"77,600.00"
2019-02-04,2019020401005086,LLBS,48,18,300,777.00,"233,100.00"
2019-02-04,2019020401005085,LLBS,29,18,70,778.00,"54,460.00"
2019-02-04,2019020401005084,LLBS,55,18,50,778.00,"38,900.00"
2019-02-04,2019020401005031,LLBS,43,7,200,778.00,"155,600.00"
2019-02-04,2019020401005030,LLBS,21,7,50,779.00,"38,950.00"
2019-02-04,2019020401005029,LLBS,55,7,50,779.00,"38,950.00"
2019-02-04,2019020401004872,MBL,11,46,511,208.00,"106,288.00"
2019-02-04,2019020401004871,MBL,47,46,"1,000",208.00,"208,000.00"
2019-02-04,2019020401004870,MBL,29,46,"1,000",208.00,"208,000.00"
2019-02-04,2019020401004869,MBL,34,46,300,208.00,"62,400.00"
2019-02-04,2019020401004868,MBL,10,46,500,208.00,"104,000.00"
2019-02-04,2019020401004867,MBL,52,46,100,208.00,"20,800.00"
2019-02-04,2019020401004854,MBL,47,46,200,208.00,"41,600.00"
2019-02-04,2019020401004853,MBL,47,46,300,208.00,"62,400.00"
2019-02-04,2019020401004852,MBL,5,46,200,208.00,"41,600.00"
2019-02-04,2019020401004851,MBL,34,46,989,208.00,"205,712.00"
2019-02-04,2019020401004860,MBL,47,46,200,208.00,"41,600.00"
2019-02-04,2019020401004859,MBL,47,46,200,208.00,"41,600.00"
2019-02-04,2019020401004858,MBL,47,46,300,208.00,"62,400.00"
2019-02-04,2019020401004857,MBL,47,46,200,208.00,"41,600.00"
2019-02-04,2019020401004856,MBL,57,46,"1,000",208.00,"208,000.00"
2019-02-04,2019020401004855,MBL,47,46,200,208.00,"41,600.00"
2019-02-04,2019020401004866,MBL,34,46,500,208.00,"104,000.00"
2019-02-04,2019020401004865,MBL,22,46,500,208.00,"104,000.00"
2019-02-04,2019020401004864,MBL,26,46,250,208.00,"52,000.00"
2019-02-04,2019020401004863,MBL,13,46,150,208.00,"31,200.00"
2019-02-04,2019020401004862,MBL,54,46,300,208.00,"62,400.00"
2019-02-04,2019020401004861,MBL,35,46,100,208.00,"20,800.00"
2019-02-04,2019020401005081,MERO,32,32,3,"1,125.00","3,375.00"
2019-02-04,2019020401005053,MERO,5,32,70,"1,123.00","78,610.00"
2019-02-04,2019020401005036,MERO,5,45,30,"1,123.00","33,690.00"
2019-02-04,2019020401004807,MERO,51,25,10,"1,125.00","11,250.00"
2019-02-04,2019020401005035,MERO,39,45,100,"1,124.00","112,400.00"
2019-02-04,2019020401005034,MERO,25,45,20,"1,125.00","22,500.00"
2019-02-04,2019020401005033,MERO,45,45,49,"1,125.00","55,125.00"
2019-02-04,2019020401004813,MERO,45,25,16,"1,125.00","18,000.00"
2019-02-04,2019020401004809,MERO,45,37,15,"1,125.00","16,875.00"
2019-02-04,2019020401004808,MERO,45,25,20,"1,125.00","22,500.00"
2019-02-04,2019020401005048,MLBL,33,41,59,168.00,"9,912.00"
2019-02-04,2019020401005047,MLBL,48,41,100,169.00,"16,900.00"
2019-02-04,2019020401005046,MLBL,51,41,54,169.00,"9,126.00"
2019-02-04,2019020401005049,MMFDB,25,51,10,"1,019.00","10,190.00"
2019-02-04,2019020401005024,MMFDB,25,40,20,"1,010.00","20,200.00"
2019-02-04,2019020401004994,MNBBL,16,58,500,344.00,"172,000.00"
2019-02-04,2019020401004993,MNBBL,16,58,300,344.00,"103,200.00"
2019-02-04,2019020401004992,MNBBL,52,58,100,344.00,"34,400.00"
2019-02-04,2019020401004991,MNBBL,42,58,500,344.00,"172,000.00"
2019-02-04,2019020401004882,MNBBL,42,28,50,345.00,"17,250.00"
2019-02-04,2019020401004881,MNBBL,54,28,75,345.00,"25,875.00"
2019-02-04,2019020401004880,MNBBL,34,28,160,345.00,"55,200.00"
2019-02-04,2019020401004879,MNBBL,42,28,100,346.00,"34,600.00"
2019-02-04,2019020401004878,MNBBL,25,28,60,346.00,"20,760.00"
2019-02-04,2019020401004990,MNBBL,7,58,200,344.00,"68,800.00"
2019-02-04,2019020401004887,MNBBL,32,28,100,345.00,"34,500.00"
2019-02-04,2019020401004886,MNBBL,56,28,50,345.00,"17,250.00"
2019-02-04,2019020401004885,MNBBL,35,28,300,345.00,"103,500.00"
2019-02-04,2019020401004884,MNBBL,29,28,180,345.00,"62,100.00"
2019-02-04,2019020401004883,MNBBL,35,28,500,345.00,"172,500.00"
2019-02-04,2019020401004934,NABIL,5,50,100,830.00,"83,000.00"
2019-02-04,2019020401004981,NABILP,39,39,"2,050",725.00,"1,486,250.00"
2019-02-04,2019020401004964,NABILP,39,39,"2,000",725.00,"1,450,000.00"
2019-02-04,2019020401004825,NABILP,22,5,120,723.00,"86,760.00"
2019-02-04,2019020401004824,NABILP,35,5,30,724.00,"21,720.00"
2019-02-04,2019020401004823,NABILP,39,5,40,724.00,"28,960.00"
2019-02-04,2019020401005267,NADEP,49,46,10,783.00,"7,830.00"
2019-02-04,2019020401005181,NADEP,49,28,10,783.00,"7,830.00"
2019-02-04,2019020401005209,NBB,41,28,50,180.00,"9,000.00"
2019-02-04,2019020401005117,NBB,43,28,460,180.00,"82,800.00"
2019-02-04,2019020401005116,NBB,43,57,40,180.00,"7,200.00"
2019-02-04,2019020401005090,NBB,42,57,50,180.00,"9,000.00"
2019-02-04,2019020401005059,NBB,41,13,151,179.00,"27,029.00"
2019-02-04,2019020401005021,NBB,41,51,830,179.00,"148,570.00"
2019-02-04,2019020401005020,NBB,32,51,170,179.00,"30,430.00"
2019-02-04,2019020401005290,NBL,53,36,50,289.00,"14,450.00"
2019-02-04,2019020401005224,NBL,57,36,500,289.00,"144,500.00"
2019-02-04,2019020401004975,NCCB,48,46,20,212.00,"4,240.00"
2019-02-04,2019020401004942,NCCB,16,46,100,212.00,"21,200.00"
2019-02-04,2019020401004888,NCCB,26,52,50,211.00,"10,550.00"
2019-02-04,2019020401005276,NIB,13,36,200,526.00,"105,200.00"
2019-02-04,2019020401005157,NIB,45,44,39,525.00,"20,475.00"
2019-02-04,2019020401005156,NIB,42,44,10,525.00,"5,250.00"
2019-02-04,2019020401005155,NIB,45,44,451,525.00,"236,775.00"
2019-02-04,2019020401004948,NIB,45,4,175,527.00,"92,225.00"
2019-02-04,2019020401004947,NIB,45,25,325,526.00,"170,950.00"
2019-02-04,2019020401004938,NIB,39,25,150,526.00,"78,900.00"
2019-02-04,2019020401004937,NIB,32,25,25,526.00,"13,150.00"
2019-02-04,2019020401004840,NIB,16,4,85,527.00,"44,795.00"
2019-02-04,2019020401004839,NIB,16,42,15,527.00,"7,905.00"
2019-02-04,2019020401005114,NICA,51,22,100,390.00,"39,000.00"
2019-02-04,2019020401005069,NICA,38,41,120,389.00,"46,680.00"
2019-02-04,2019020401005068,NICA,38,46,705,389.00,"274,245.00"
2019-02-04,2019020401005067,NICA,39,46,50,389.00,"19,450.00"
2019-02-04,2019020401005066,NICA,49,46,500,389.00,"194,500.00"
2019-02-04,2019020401005065,NICA,6,46,200,389.00,"77,800.00"
2019-02-04,2019020401005064,NICA,32,46,200,389.00,"77,800.00"
2019-02-04,2019020401005063,NICA,21,46,25,389.00,"9,725.00"
2019-02-04,2019020401005062,NICA,39,46,200,389.00,"77,800.00"
2019-02-04,2019020401005061,NICA,42,46,100,389.00,"38,900.00"
2019-02-04,2019020401005060,NICA,10,46,11,389.00,"4,279.00"
2019-02-04,2019020401005176,NICL,52,25,92,556.00,"51,152.00"
2019-02-04,2019020401005175,NICL,42,25,408,557.00,"227,256.00"
2019-02-04,2019020401005106,NLBBL,25,6,150,474.00,"71,100.00"
2019-02-04,2019020401005105,NLBBL,25,38,50,473.00,"23,650.00"
2019-02-04,2019020401005018,NLBBL,25,16,200,472.00,"94,400.00"
2019-02-04,2019020401005017,NLBBL,25,52,100,470.00,"47,000.00"
2019-02-04,2019020401005044,NLG,25,35,100,840.00,"84,000.00"
2019-02-04,2019020401005043,NLG,25,28,100,835.00,"83,500.00"
2019-02-04,2019020401004850,NLG,35,1,20,831.00,"16,620.00"
2019-02-04,2019020401005214,NLIC,45,34,17,"1,073.00","18,241.00"
2019-02-04,2019020401005118,NLIC,45,39,17,"1,073.00","18,241.00"
2019-02-04,2019020401005097,NLIC,45,22,17,"1,073.00","18,241.00"
2019-02-04,2019020401005077,NLIC,45,5,100,"1,073.00","107,300.00"
2019-02-04,2019020401005007,NLIC,6,1,50,"1,071.00","53,550.00"
2019-02-04,2019020401004804,NLIC,57,45,18,"1,070.00","19,260.00"
2019-02-04,2019020401004803,NLIC,42,45,200,"1,070.00","214,000.00"
2019-02-04,2019020401004802,NLIC,6,45,56,"1,070.00","59,920.00"
2019-02-04,2019020401004801,NLIC,57,45,17,"1,071.00","18,207.00"
2019-02-04,2019020401004800,NLIC,13,45,16,"1,071.00","17,136.00"
2019-02-04,2019020401005270,NLICL,58,47,450,660.00,"297,000.00"
2019-02-04,2019020401005183,NLICL,46,47,50,660.00,"33,000.00"
2019-02-04,2019020401004874,NLICL,34,21,50,659.00,"32,950.00"
2019-02-04,2019020401005057,NMB,16,14,100,316.00,"31,600.00"
2019-02-04,2019020401004932,NMB,11,5,117,314.00,"36,738.00"
2019-02-04,2019020401004931,NMB,19,5,100,315.00,"31,500.00"
2019-02-04,2019020401005282,NMFBS,43,45,100,"1,681.00","168,100.00"
2019-02-04,2019020401005124,NMFBS,42,37,11,"1,682.00","18,502.00"
2019-02-04,2019020401005003,NTC,11,28,176,711.00,"125,136.00"
2019-02-04,2019020401005002,NTC,11,28,24,710.00,"17,040.00"
2019-02-04,2019020401004963,NTC,4,28,66,710.00,"46,860.00"
2019-02-04,2019020401005272,NUBL,19,52,52,758.00,"39,416.00"
2019-02-04,2019020401005271,NUBL,45,52,15,758.00,"11,370.00"
2019-02-04,2019020401005240,NUBL,14,18,200,760.00,"152,000.00"
2019-02-04,2019020401005239,NUBL,1,18,50,761.00,"38,050.00"
2019-02-04,2019020401005238,NUBL,52,18,30,761.00,"22,830.00"
2019-02-04,2019020401005237,NUBL,28,18,27,761.00,"20,547.00"
2019-02-04,2019020401005122,PCBL,53,28,382,317.00,"121,094.00"
2019-02-04,2019020401005015,PCBL,6,28,200,317.00,"63,400.00"
2019-02-04,2019020401005208,PIC,46,17,190,"1,030.00","195,700.00"
2019-02-04,2019020401005103,PIC,32,22,11,"1,026.00","11,286.00"
2019-02-04,2019020401005004,PIC,32,22,11,"1,026.00","11,286.00"
2019-02-04,2019020401005161,PICL,53,39,92,692.00,"63,664.00"
2019-02-04,2019020401005160,PICL,53,39,41,692.00,"28,372.00"
2019-02-04,2019020401005159,PICL,4,39,67,695.00,"46,565.00"
2019-02-04,2019020401005091,PMHPL,49,39,10,105.00,"1,050.00"
2019-02-04,2019020401005022,PMHPL,57,33,10,105.00,"1,050.00"
2019-02-04,2019020401005016,PMHPL,57,22,10,105.00,"1,050.00"
2019-02-04,2019020401004971,PRIN,51,37,50,431.00,"21,550.00"
2019-02-04,2019020401004970,PRIN,17,37,50,431.00,"21,550.00"
2019-02-04,2019020401004946,PRVU,58,5,28,240.00,"6,720.00"
2019-02-04,2019020401004945,PRVU,14,5,500,240.00,"120,000.00"
2019-02-04,2019020401004944,PRVU,41,5,16,240.00,"3,840.00"
2019-02-04,2019020401004943,PRVU,58,13,250,241.00,"60,250.00"
2019-02-04,2019020401005233,RBCLPO,33,33,20,"8,670.00","173,400.00"
2019-02-04,2019020401005050,RHPC,34,13,17,94.00,"1,598.00"
2019-02-04,2019020401005040,RRHP,19,33,10,97.00,970.00
2019-02-04,2019020401004805,RRHP,19,8,10,97.00,970.00
2019-02-04,2019020401005281,RSDC,34,14,18,392.00,"7,056.00"
2019-02-04,2019020401005245,RSDC,42,14,18,392.00,"7,056.00"
2019-02-04,2019020401005244,RSDC,42,14,18,392.00,"7,056.00"
2019-02-04,2019020401005243,RSDC,42,14,18,392.00,"7,056.00"
2019-02-04,2019020401005242,RSDC,42,14,18,392.00,"7,056.00"
2019-02-04,2019020401005229,RSDC,41,14,18,392.00,"7,056.00"
2019-02-04,2019020401004893,RSDC,34,14,18,392.00,"7,056.00"
2019-02-04,2019020401004892,RSDC,34,45,167,392.00,"65,464.00"
2019-02-04,2019020401004891,RSDC,37,45,100,392.00,"39,200.00"
2019-02-04,2019020401004890,RSDC,38,45,10,393.00,"3,930.00"
2019-02-04,2019020401004843,RSDC,37,14,18,392.00,"7,056.00"
2019-02-04,2019020401004998,RSDC,59,14,18,392.00,"7,056.00"
2019-02-04,2019020401004997,RSDC,59,14,18,392.00,"7,056.00"
2019-02-04,2019020401004996,RSDC,59,14,18,392.00,"7,056.00"
2019-02-04,2019020401004995,RSDC,59,14,18,392.00,"7,056.00"
2019-02-04,2019020401004940,RSDC,5,22,85,391.00,"33,235.00"
2019-02-04,2019020401004939,RSDC,34,22,15,392.00,"5,880.00"
2019-02-04,2019020401005228,RSDC,41,14,18,392.00,"7,056.00"
2019-02-04,2019020401005227,RSDC,41,14,18,392.00,"7,056.00"
2019-02-04,2019020401005226,RSDC,41,14,18,392.00,"7,056.00"
2019-02-04,2019020401005225,RSDC,41,22,22,391.00,"8,602.00"
2019-02-04,2019020401005198,RSDC,5,22,415,391.00,"162,265.00"
2019-02-04,2019020401004999,RSDC,59,14,18,392.00,"7,056.00"
2019-02-04,2019020401005234,SADBL,37,4,24,137.00,"3,288.00"
2019-02-04,2019020401005108,SADBL,1,4,300,137.00,"41,100.00"
2019-02-04,2019020401005294,SANIMA,44,11,100,300.00,"30,000.00"
2019-02-04,2019020401005280,SANIMA,13,11,300,300.00,"90,000.00"
2019-02-04,2019020401005119,SANIMA,10,58,100,299.00,"29,900.00"
2019-02-04,2019020401005082,SANIMA,10,4,87,299.00,"26,013.00"
2019-02-04,2019020401005075,SANIMA,10,50,373,299.00,"111,527.00"
2019-02-04,2019020401005026,SBL,38,46,500,282.00,"141,000.00"
2019-02-04,2019020401005025,SBL,38,46,400,282.00,"112,800.00"
2019-02-04,2019020401004967,SBL,38,54,100,282.00,"28,200.00"
2019-02-04,2019020401005235,SCB,57,14,966,557.00,"538,062.00"
2019-02-04,2019020401005186,SCB,57,25,100,556.00,"55,600.00"
2019-02-04,2019020401005008,SCB,35,14,30,557.00,"16,710.00"
2019-02-04,2019020401005291,SDESI,35,21,12,621.00,"7,452.00"
2019-02-04,2019020401005201,SDESI,35,26,73,621.00,"45,333.00"
2019-02-04,2019020401004980,SHL,4,1,167,203.00,"33,901.00"
2019-02-04,2019020401005182,SHPC,49,41,200,228.00,"45,600.00"
2019-02-04,2019020401004935,SHPC,39,41,100,228.00,"22,800.00"
2019-02-04,2019020401004817,SIC,16,10,120,"1,292.00","155,040.00"
2019-02-04,2019020401004816,SIC,11,10,20,"1,293.00","25,860.00"
2019-02-04,2019020401004815,SIC,55,10,10,"1,295.00","12,950.00"
2019-02-04,2019020401004814,SIC,42,10,50,"1,296.00","64,800.00"
2019-02-04,2019020401004842,SIL,52,49,125,630.00,"78,750.00"
2019-02-04,2019020401004819,SKBBL,10,1,50,859.00,"42,950.00"
2019-02-04,2019020401005297,SLICL,26,25,15,540.00,"8,100.00"
2019-02-04,2019020401005287,SLICL,41,25,64,541.00,"34,624.00"
2019-02-04,2019020401005190,SLICL,41,26,31,541.00,"16,771.00"
2019-02-04,2019020401005189,SLICL,49,26,47,541.00,"25,427.00"
2019-02-04,2019020401005042,SLICL,49,6,50,541.00,"27,050.00"
2019-02-04,2019020401005230,SMB,49,55,10,709.00,"7,090.00"
2019-02-04,2019020401005241,SRBL,38,13,49,210.00,"10,290.00"
2019-02-04,2019020401005203,SRBL,38,43,52,210.00,"10,920.00"
2019-02-04,2019020401005184,SRBL,38,26,23,210.00,"4,830.00"
2019-02-04,2019020401005027,SRBL,38,13,50,210.00,"10,500.00"
2019-02-04,2019020401005279,SWBBL,4,26,200,832.00,"166,400.00"
2019-02-04,2019020401005194,SWBBL,4,33,170,832.00,"141,440.00"
2019-02-04,2019020401005193,SWBBL,52,33,30,833.00,"24,990.00"
2019-02-04,2019020401005192,SWBBL,51,33,50,834.00,"41,700.00"
2019-02-04,2019020401005191,SWBBL,32,33,100,835.00,"83,500.00"
2019-02-04,2019020401005289,UPPER,7,56,40,246.00,"9,840.00"
2019-02-04,2019020401005278,UPPER,7,56,50,246.00,"12,300.00"
2019-02-04,2019020401005275,UPPER,7,56,40,246.00,"9,840.00"
2019-02-04,2019020401005268,UPPER,7,56,50,246.00,"12,300.00"
2019-02-04,2019020401005232,UPPER,7,56,50,246.00,"12,300.00"
2019-02-04,2019020401005231,UPPER,7,29,40,246.00,"9,840.00"
2019-02-04,2019020401004799,UPPER,41,26,50,246.00,"12,300.00"
2019-02-04,2019020401004798,UPPER,41,7,40,246.00,"9,840.00"
2019-02-04,2019020401004837,UPPER,41,37,40,246.00,"9,840.00"
2019-02-04,2019020401004826,UPPER,41,8,40,246.00,"9,840.00"
2019-02-04,2019020401004818,UPPER,41,37,40,246.00,"9,840.00"
2019-02-04,2019020401004812,UPPER,41,22,40,246.00,"9,840.00"
2019-02-04,2019020401004810,UPPER,41,39,50,246.00,"12,300.00"
2019-02-04,2019020401004806,UPPER,41,58,50,246.00,"12,300.00"
2019-02-04,2019020401004848,UPPER,19,57,200,246.00,"49,200.00"
2019-02-04,2019020401004847,UPPER,43,57,50,246.00,"12,300.00"
2019-02-04,2019020401004846,UPPER,11,57,100,246.00,"24,600.00"
2019-02-04,2019020401004845,UPPER,54,57,150,246.00,"36,900.00"
2019-02-04,2019020401004844,UPPER,41,57,456,246.00,"112,176.00"
2019-02-04,2019020401004838,UPPER,41,7,40,246.00,"9,840.00"
2019-02-04,2019020401004895,UPPER,11,25,200,245.00,"49,000.00"
2019-02-04,2019020401004894,UPPER,19,25,87,245.00,"21,315.00"
2019-02-04,2019020401004876,UPPER,54,48,50,246.00,"12,300.00"
2019-02-04,2019020401004875,UPPER,26,48,56,246.00,"13,776.00"
2019-02-04,2019020401004873,UPPER,26,1,50,246.00,"12,300.00"
2019-02-04,2019020401004849,UPPER,26,57,44,246.00,"10,824.00"
2019-02-04,2019020401004901,UPPER,29,25,200,245.00,"49,000.00"
2019-02-04,2019020401004900,UPPER,22,25,500,245.00,"122,500.00"
2019-02-04,2019020401004899,UPPER,40,25,300,245.00,"73,500.00"
2019-02-04,2019020401004898,UPPER,14,25,110,245.00,"26,950.00"
2019-02-04,2019020401004897,UPPER,10,25,300,245.00,"73,500.00"
2019-02-04,2019020401004896,UPPER,22,25,50,245.00,"12,250.00"
2019-02-04,2019020401004907,UPPER,29,25,500,245.00,"122,500.00"
2019-02-04,2019020401004906,UPPER,19,25,200,245.00,"49,000.00"
2019-02-04,2019020401004905,UPPER,49,25,"1,000",245.00,"245,000.00"
2019-02-04,2019020401004904,UPPER,19,25,500,245.00,"122,500.00"
2019-02-04,2019020401004903,UPPER,48,25,100,245.00,"24,500.00"
2019-02-04,2019020401004902,UPPER,52,25,100,245.00,"24,500.00"
2019-02-04,2019020401004913,UPPER,58,25,200,245.00,"49,000.00"
2019-02-04,2019020401004912,UPPER,48,25,500,245.00,"122,500.00"
2019-02-04,2019020401004911,UPPER,29,25,300,245.00,"73,500.00"
2019-02-04,2019020401004910,UPPER,8,25,230,245.00,"56,350.00"
2019-02-04,2019020401004909,UPPER,50,25,400,245.00,"98,000.00"
2019-02-04,2019020401004908,UPPER,34,25,100,245.00,"24,500.00"
2019-02-04,2019020401004919,UPPER,22,25,50,245.00,"12,250.00"
2019-02-04,2019020401004918,UPPER,22,25,200,245.00,"49,000.00"
2019-02-04,2019020401004917,UPPER,19,25,500,245.00,"122,500.00"
2019-02-04,2019020401004916,UPPER,34,25,200,245.00,"49,000.00"
2019-02-04,2019020401004915,UPPER,43,25,500,245.00,"122,500.00"
2019-02-04,2019020401004914,UPPER,59,25,200,245.00,"49,000.00"
2019-02-04,2019020401004925,UPPER,11,25,40,245.00,"9,800.00"
2019-02-04,2019020401004924,UPPER,59,25,500,245.00,"122,500.00"
2019-02-04,2019020401004923,UPPER,40,25,50,245.00,"12,250.00"
2019-02-04,2019020401004922,UPPER,43,25,500,245.00,"122,500.00"
2019-02-04,2019020401004921,UPPER,4,25,100,245.00,"24,500.00"
2019-02-04,2019020401004920,UPPER,25,25,500,245.00,"122,500.00"
2019-02-04,2019020401004933,UPPER,29,37,50,245.00,"12,250.00"
2019-02-04,2019020401004930,UPPER,29,25,33,245.00,"8,085.00"
2019-02-04,2019020401004929,UPPER,53,25,50,245.00,"12,250.00"
2019-02-04,2019020401004928,UPPER,45,25,200,245.00,"49,000.00"
2019-02-04,2019020401004927,UPPER,42,25,300,245.00,"73,500.00"
2019-02-04,2019020401004926,UPPER,43,25,200,245.00,"49,000.00"
2019-02-04,2019020401004976,UPPER,29,26,40,245.00,"9,800.00"
2019-02-04,2019020401004974,UPPER,29,5,10,245.00,"2,450.00"
2019-02-04,2019020401004966,UPPER,29,26,40,245.00,"9,800.00"
2019-02-04,2019020401004965,UPPER,29,17,40,245.00,"9,800.00"
2019-02-04,2019020401004952,UPPER,29,37,50,245.00,"12,250.00"
2019-02-04,2019020401005005,UPPER,29,47,46,245.00,"11,270.00"
2019-02-04,2019020401005001,UPPER,29,33,40,245.00,"9,800.00"
2019-02-04,2019020401005000,UPPER,1,48,250,246.00,"61,500.00"
2019-02-04,2019020401004985,UPPER,29,5,10,245.00,"2,450.00"
2019-02-04,2019020401004984,UPPER,29,26,40,245.00,"9,800.00"
2019-02-04,2019020401004983,UPPER,29,56,101,245.00,"24,745.00"
2019-02-04,2019020401005038,UPPER,54,22,20,245.00,"4,900.00"
2019-02-04,2019020401005037,UPPER,54,56,55,245.00,"13,475.00"
2019-02-04,2019020401005023,UPPER,54,5,10,245.00,"2,450.00"
2019-02-04,2019020401005009,UPPER,54,56,55,245.00,"13,475.00"
2019-02-04,2019020401005006,UPPER,54,5,10,245.00,"2,450.00"
2019-02-04,2019020401005101,UPPER,13,56,40,245.00,"9,800.00"
2019-02-04,2019020401005083,UPPER,13,56,50,245.00,"12,250.00"
2019-02-04,2019020401005078,UPPER,13,56,50,245.00,"12,250.00"
2019-02-04,2019020401005054,UPPER,13,56,50,245.00,"12,250.00"
2019-02-04,2019020401005039,UPPER,13,22,20,245.00,"4,900.00"
2019-02-04,2019020401005131,UPPER,46,1,50,246.00,"12,300.00"
2019-02-04,2019020401005130,UPPER,46,25,50,246.00,"12,300.00"
2019-02-04,2019020401005129,UPPER,46,48,145,246.00,"35,670.00"
2019-02-04,2019020401005123,UPPER,13,56,55,245.00,"13,475.00"
2019-02-04,2019020401005115,UPPER,13,56,40,245.00,"9,800.00"
2019-02-04,2019020401005104,UPPER,13,56,40,245.00,"9,800.00"
2019-02-04,2019020401005137,UPPER,46,44,50,247.00,"12,350.00"
2019-02-04,2019020401005136,UPPER,46,48,40,247.00,"9,880.00"
2019-02-04,2019020401005135,UPPER,46,49,146,246.00,"35,916.00"
2019-02-04,2019020401005134,UPPER,46,37,40,246.00,"9,840.00"
2019-02-04,2019020401005133,UPPER,46,42,50,246.00,"12,300.00"
2019-02-04,2019020401005132,UPPER,46,36,403,246.00,"99,138.00"
2019-02-04,2019020401005143,UPPER,46,44,50,247.00,"12,350.00"
2019-02-04,2019020401005142,UPPER,46,46,"1,010",247.00,"249,470.00"
2019-02-04,2019020401005141,UPPER,46,44,40,247.00,"9,880.00"
2019-02-04,2019020401005140,UPPER,46,44,40,247.00,"9,880.00"
2019-02-04,2019020401005139,UPPER,46,57,500,247.00,"123,500.00"
2019-02-04,2019020401005138,UPPER,46,44,50,247.00,"12,350.00"
2019-02-04,2019020401005149,UPPER,46,37,50,247.00,"12,350.00"
2019-02-04,2019020401005148,UPPER,46,44,50,247.00,"12,350.00"
2019-02-04,2019020401005147,UPPER,46,37,50,247.00,"12,350.00"
2019-02-04,2019020401005146,UPPER,46,44,50,247.00,"12,350.00"
2019-02-04,2019020401005145,UPPER,46,44,50,247.00,"12,350.00"
2019-02-04,2019020401005144,UPPER,46,37,40,247.00,"9,880.00"
2019-02-04,2019020401005162,UPPER,13,28,20,245.00,"4,900.00"
2019-02-04,2019020401005158,UPPER,13,56,55,245.00,"13,475.00"
2019-02-04,2019020401005153,UPPER,13,22,40,245.00,"9,800.00"
2019-02-04,2019020401005152,UPPER,13,56,40,245.00,"9,800.00"
2019-02-04,2019020401005151,UPPER,21,42,4,247.00,988.00
2019-02-04,2019020401005150,UPPER,46,42,46,247.00,"11,362.00"
2019-02-04,2019020401005179,UPPER,26,56,40,245.00,"9,800.00"
2019-02-04,2019020401005178,UPPER,26,26,40,245.00,"9,800.00"
2019-02-04,2019020401005177,UPPER,26,48,50,245.00,"12,250.00"
2019-02-04,2019020401005165,UPPER,26,56,10,245.00,"2,450.00"
2019-02-04,2019020401005164,UPPER,28,56,30,245.00,"7,350.00"
2019-02-04,2019020401005163,UPPER,28,28,20,245.00,"4,900.00"
2019-02-04,2019020401005202,UPPER,7,17,40,246.00,"9,840.00"
2019-02-04,2019020401005200,UPPER,7,56,40,246.00,"9,840.00"
2019-02-04,2019020401005199,UPPER,7,13,50,246.00,"12,300.00"
2019-02-04,2019020401005187,UPPER,7,17,40,246.00,"9,840.00"
2019-02-04,2019020401005185,UPPER,26,56,50,245.00,"12,250.00"
2019-02-04,2019020401005180,UPPER,26,56,55,245.00,"13,475.00"
2019-02-04,2019020401005220,UPPER,7,7,140,246.00,"34,440.00"
2019-02-04,2019020401005215,UPPER,7,29,40,246.00,"9,840.00"
2019-02-04,2019020401005213,UPPER,7,56,40,246.00,"9,840.00"
2019-02-04,2019020401005212,UPPER,7,56,55,246.00,"13,530.00"
2019-02-04,2019020401005207,UPPER,7,56,40,246.00,"9,840.00"
2019-02-04,2019020401005204,UPPER,7,56,55,246.00,"13,530.00"
2019-02-04,2019020401004389,ADBL,1,1,214,340.00,"72,760.00"
2019-02-04,2019020401004334,AHPC,49,49,"2,044",101.00,"206,444.00"
2019-02-04,2019020401004496,AKPL,58,55,206,182.00,"37,492.00"
2019-02-04,2019020401004359,AKPL,58,42,20,182.00,"3,640.00"
2019-02-04,2019020401004747,ALICL,25,10,122,600.00,"73,200.00"
2019-02-04,2019020401004746,ALICL,4,10,78,603.00,"47,034.00"
2019-02-04,2019020401004691,ALICL,34,51,50,600.00,"30,000.00"
2019-02-04,2019020401004690,ALICL,45,51,100,600.00,"60,000.00"
2019-02-04,2019020401004689,ALICL,11,51,"1,000",600.00,"600,000.00"
2019-02-04,2019020401004634,ALICL,34,10,100,601.00,"60,100.00"
2019-02-04,2019020401004596,ALICL,4,10,10,605.00,"6,050.00"
2019-02-04,2019020401004580,ALICL,25,34,62,606.00,"37,572.00"
2019-02-04,2019020401004633,ALICL,22,10,500,601.00,"300,500.00"
2019-02-04,2019020401004632,ALICL,25,10,100,601.00,"60,100.00"
2019-02-04,2019020401004631,ALICL,8,10,300,601.00,"180,300.00"
2019-02-04,2019020401004630,ALICL,50,10,30,602.00,"18,060.00"
2019-02-04,2019020401004629,ALICL,33,10,33,602.00,"19,866.00"
2019-02-04,2019020401004628,ALICL,4,10,75,605.00,"45,375.00"
2019-02-04,2019020401004768,BOKL,42,13,20,248.00,"4,960.00"
2019-02-04,2019020401004767,BOKL,55,13,40,248.00,"9,920.00"
2019-02-04,2019020401004480,BOKL,55,28,10,248.00,"2,480.00"
2019-02-04,2019020401004479,BOKL,52,28,50,248.00,"12,400.00"
2019-02-04,2019020401004585,BPCL,41,54,140,350.00,"49,000.00"
2019-02-04,2019020401004578,BPCL,43,54,150,350.00,"52,500.00"
2019-02-04,2019020401004576,BPCL,41,54,10,349.00,"3,490.00"
2019-02-04,2019020401004489,BPCL,41,28,90,349.00,"31,410.00"
2019-02-04,2019020401004299,BPCL,41,39,20,349.00,"6,980.00"
2019-02-04,2019020401004307,CBBL,43,51,40,874.00,"34,960.00"
2019-02-04,2019020401004456,CCBL,40,21,81,166.00,"13,446.00"
2019-02-04,2019020401004429,CCBL,40,21,10,166.00,"1,660.00"
2019-02-04,2019020401004428,CCBL,45,21,63,166.00,"10,458.00"
2019-02-04,2019020401004521,CFCL,40,14,90,111.00,"9,990.00"
2019-02-04,2019020401004593,CHCL,4,38,350,508.00,"177,800.00"
2019-02-04,2019020401004588,CHCL,4,57,350,508.00,"177,800.00"
2019-02-04,2019020401004587,CHCL,42,57,50,508.00,"25,400.00"
2019-02-04,2019020401004566,CHCL,43,38,150,509.00,"76,350.00"
2019-02-04,2019020401004766,CIT,14,28,43,"2,713.00","116,659.00"
2019-02-04,2019020401004765,CIT,14,36,160,"2,712.00","433,920.00"
2019-02-04,2019020401004764,CIT,14,39,22,"2,712.00","59,664.00"
2019-02-04,2019020401004650,CIT,45,32,20,"2,709.00","54,180.00"
2019-02-04,2019020401004646,CIT,45,16,100,"2,705.00","270,500.00"
2019-02-04,2019020401004478,CIT,57,58,93,"2,704.00","251,472.00"
2019-02-04,2019020401004339,CIT,38,45,41,"2,706.00","110,946.00"
2019-02-04,2019020401004475,CIT,4,58,500,"2,704.00","1,352,000.00"
2019-02-04,2019020401004474,CIT,10,58,100,"2,705.00","270,500.00"
2019-02-04,2019020401004473,CIT,32,58,100,"2,705.00","270,500.00"
2019-02-04,2019020401004472,CIT,10,58,200,"2,706.00","541,200.00"
2019-02-04,2019020401004411,CIT,16,16,250,"2,707.00","676,750.00"
2019-02-04,2019020401004363,CIT,10,1,160,"2,709.00","433,440.00"
2019-02-04,2019020401004477,CLBSL,39,21,15,686.00,"10,290.00"
2019-02-04,2019020401004594,CMF1,47,54,500,9.02,"4,510.00"
2019-02-04,2019020401004347,CMF1,22,55,"1,500",9.10,"13,650.00"
2019-02-04,2019020401004346,CMF1,22,6,"1,250",9.10,"11,375.00"
2019-02-04,2019020401004675,CZBIL,17,52,200,208.00,"41,600.00"
2019-02-04,2019020401004674,CZBIL,17,13,46,208.00,"9,568.00"
2019-02-04,2019020401004669,CZBIL,28,45,200,207.00,"41,400.00"
2019-02-04,2019020401004574,CZBIL,28,28,92,207.00,"19,044.00"
2019-02-04,2019020401004467,CZBIL,45,28,35,207.00,"7,245.00"
2019-02-04,2019020401004466,CZBIL,42,28,108,207.00,"22,356.00"
2019-02-04,2019020401004404,CZBIL,42,16,22,207.00,"4,554.00"
2019-02-04,2019020401004476,DBBL,56,47,165,124.00,"20,460.00"
2019-02-04,2019020401004321,DBBL,56,39,49,124.00,"6,076.00"
2019-02-04,2019020401004311,DBBL,1,58,100,125.00,"12,500.00"
2019-02-04,2019020401004310,DBBL,4,58,25,125.00,"3,125.00"
2019-02-04,2019020401004645,DDBL,26,50,10,576.00,"5,760.00"
2019-02-04,2019020401004739,EBL,4,28,90,520.00,"46,800.00"
2019-02-04,2019020401004738,EBL,48,28,200,520.00,"104,000.00"
2019-02-04,2019020401004737,EBL,53,28,100,520.00,"52,000.00"
2019-02-04,2019020401004736,EBL,4,28,55,520.00,"28,600.00"
2019-02-04,2019020401004735,EBL,32,28,20,521.00,"10,420.00"
2019-02-04,2019020401004511,EBL,4,49,20,520.00,"10,400.00"
2019-02-04,2019020401004348,EIC,48,43,100,814.00,"81,400.00"
2019-02-04,2019020401004794,FOWAD,16,35,78,"1,574.00","122,772.00"
2019-02-04,2019020401004575,FOWAD,14,34,120,"1,580.00","189,600.00"
2019-02-04,2019020401004734,GBBL,4,42,262,185.00,"48,470.00"
2019-02-04,2019020401004418,GBBL,28,47,60,184.00,"11,040.00"
2019-02-04,2019020401004303,GBBL,28,38,133,184.00,"24,472.00"
2019-02-04,2019020401004302,GBBL,26,38,180,184.00,"33,120.00"
2019-02-04,2019020401004301,GBBL,45,38,200,184.00,"36,800.00"
2019-02-04,2019020401004300,GBBL,58,38,24,184.00,"4,416.00"
2019-02-04,2019020401004568,GBIME,4,44,139,265.00,"36,835.00"
2019-02-04,2019020401004567,GBIME,4,44,19,265.00,"5,035.00"
2019-02-04,2019020401004514,GBIME,4,39,565,264.00,"149,160.00"
2019-02-04,2019020401004685,GBLBS,13,47,10,443.00,"4,430.00"
2019-02-04,2019020401004543,GBLBS,32,57,200,443.00,"88,600.00"
2019-02-04,2019020401004542,GBLBS,13,57,160,444.00,"71,040.00"
2019-02-04,2019020401004522,GBLBS,13,41,10,444.00,"4,440.00"
2019-02-04,2019020401004501,GBLBS,13,26,120,446.00,"53,520.00"
2019-02-04,2019020401004356,GILB,50,39,19,"1,170.00","22,230.00"
2019-02-04,2019020401004668,GLICL,17,51,25,704.00,"17,600.00"
2019-02-04,2019020401004667,GLICL,21,51,100,704.00,"70,400.00"
2019-02-04,2019020401004666,GLICL,21,51,50,704.00,"35,200.00"
2019-02-04,2019020401004665,GLICL,53,51,200,705.00,"141,000.00"
2019-02-04,2019020401004664,GLICL,14,51,100,705.00,"70,500.00"
2019-02-04,2019020401004663,GLICL,11,51,25,705.00,"17,625.00"
2019-02-04,2019020401004625,GRDBL,57,20,100,102.00,"10,200.00"
2019-02-04,2019020401004624,GRDBL,43,20,200,103.00,"20,600.00"
2019-02-04,2019020401004614,GRDBL,43,20,300,103.00,"30,900.00"
2019-02-04,2019020401004409,GRDBL,43,13,10,104.00,"1,040.00"
2019-02-04,2019020401004408,GRDBL,43,42,600,103.00,"61,800.00"
2019-02-04,2019020401004357,GRDBL,57,17,50,102.00,"5,100.00"
2019-02-04,2019020401004754,GUFL,57,5,120,104.00,"12,480.00"
2019-02-04,2019020401004453,HBL,47,28,50,440.00,"22,000.00"
2019-02-04,2019020401004452,HBL,4,28,175,440.00,"77,000.00"
2019-02-04,2019020401004652,HIDCL,41,34,17,138.00,"2,346.00"
2019-02-04,2019020401004505,HIDCL,57,44,100,139.00,"13,900.00"
2019-02-04,2019020401004485,HIDCL,41,21,56,138.00,"7,728.00"
2019-02-04,2019020401004433,HIDCL,41,21,56,138.00,"7,728.00"
2019-02-04,2019020401004383,HIDCL,41,42,73,138.00,"10,074.00"
2019-02-04,2019020401004305,HIDCL,41,42,73,138.00,"10,074.00"
2019-02-04,2019020401004721,HPPL,17,6,10,180.00,"1,800.00"
2019-02-04,2019020401004379,HPPL,17,42,10,180.00,"1,800.00"
2019-02-04,2019020401004304,HPPL,17,32,10,180.00,"1,800.00"
2019-02-04,2019020401004705,JBBL,4,43,340,138.00,"46,920.00"
2019-02-04,2019020401004471,JBNL,59,25,766,163.00,"124,858.00"
2019-02-04,2019020401004419,JBNL,38,57,500,162.00,"81,000.00"
2019-02-04,2019020401004333,JBNL,38,13,20,162.00,"3,240.00"
2019-02-04,2019020401004332,JBNL,38,47,86,162.00,"13,932.00"
2019-02-04,2019020401004331,JBNL,38,47,14,162.00,"2,268.00"
2019-02-04,2019020401004740,JSLBB,48,42,10,"2,508.00","25,080.00"
2019-02-04,2019020401004586,JSLBB,33,26,14,"2,460.00","34,440.00"
2019-02-04,2019020401004490,KBL,26,49,214,242.00,"51,788.00"
2019-02-04,2019020401004393,KBL,53,49,50,242.00,"12,100.00"
2019-02-04,2019020401004392,KBL,1,49,80,242.00,"19,360.00"
2019-02-04,2019020401004391,KBL,41,49,400,242.00,"96,800.00"
2019-02-04,2019020401004390,KBL,49,49,122,242.00,"29,524.00"
2019-02-04,2019020401004308,KKHC,28,29,39,91.00,"3,549.00"
2019-02-04,2019020401004601,KMFL,17,49,30,957.00,"28,710.00"
2019-02-04,2019020401004722,KNBL,51,36,20,121.00,"2,420.00"
2019-02-04,2019020401004779,KPCL,34,8,10,93.00,930.00
2019-02-04,2019020401004398,KPCL,52,39,10,93.00,930.00
2019-02-04,2019020401004515,KPCL,52,36,10,93.00,930.00
2019-02-04,2019020401004613,KPCL,58,36,10,93.00,930.00
2019-02-04,2019020401004591,KPCL,52,36,10,93.00,930.00
2019-02-04,2019020401004338,KSBBL,57,42,"1,200",136.00,"163,200.00"
2019-02-04,2019020401004793,LBL,40,59,300,198.00,"59,400.00"
2019-02-04,2019020401004792,LBL,40,43,400,198.00,"79,200.00"
2019-02-04,2019020401004791,LBL,40,41,150,198.00,"29,700.00"
2019-02-04,2019020401004790,LBL,40,57,70,198.00,"13,860.00"
2019-02-04,2019020401004577,LICN,25,49,50,"1,695.00","84,750.00"
2019-02-04,2019020401004733,MBL,34,6,11,208.00,"2,288.00"
2019-02-04,2019020401004730,MBL,11,28,"1,000",209.00,"209,000.00"
2019-02-04,2019020401004729,MBL,45,28,100,209.00,"20,900.00"
2019-02-04,2019020401004728,MBL,56,28,"1,000",209.00,"209,000.00"
2019-02-04,2019020401004727,MBL,49,28,118,209.00,"24,662.00"
2019-02-04,2019020401004726,MBL,49,28,"4,565",209.00,"954,085.00"
2019-02-04,2019020401004725,MBL,11,39,53,210.00,"11,130.00"
2019-02-04,2019020401004724,MBL,11,42,20,210.00,"4,200.00"
2019-02-04,2019020401004723,MBL,11,45,27,210.00,"5,670.00"
2019-02-04,2019020401004327,MBL,44,45,54,210.00,"11,340.00"
2019-02-04,2019020401004326,MBL,44,42,195,210.00,"40,950.00"
2019-02-04,2019020401004325,MBL,44,25,251,210.00,"52,710.00"
2019-02-04,2019020401004523,MDB,51,55,100,275.00,"27,500.00"
2019-02-04,2019020401004741,MEGA,45,6,100,161.00,"16,100.00"
2019-02-04,2019020401004494,MEGA,57,21,100,160.00,"16,000.00"
2019-02-04,2019020401004493,MEGA,34,21,100,161.00,"16,100.00"
2019-02-04,2019020401004492,MEGA,57,21,30,161.00,"4,830.00"
2019-02-04,2019020401004491,MEGA,22,21,20,162.00,"3,240.00"
2019-02-04,2019020401004415,MEGA,57,22,470,161.00,"75,670.00"
2019-02-04,2019020401004414,MEGA,39,22,100,161.00,"16,100.00"
2019-02-04,2019020401004413,MEGA,47,22,430,161.00,"69,230.00"
2019-02-04,2019020401004316,MEGA,47,13,70,161.00,"11,270.00"
2019-02-04,2019020401004752,MLBL,51,59,54,169.00,"9,126.00"
2019-02-04,2019020401004732,MLBL,51,35,96,169.00,"16,224.00"
2019-02-04,2019020401004670,MMFDB,25,35,100,998.00,"99,800.00"
2019-02-04,2019020401004602,MMFDB,25,49,45,"1,000.00","45,000.00"
2019-02-04,2019020401004487,MMFDB,50,37,25,"1,000.00","25,000.00"
2019-02-04,2019020401004422,MSMBS,41,39,22,543.00,"11,946.00"
2019-02-04,2019020401004509,NADEP,49,46,10,783.00,"7,830.00"
2019-02-04,2019020401004686,NBB,11,57,10,180.00,"1,800.00"
2019-02-04,2019020401004676,NBB,11,46,91,180.00,"16,380.00"
2019-02-04,2019020401004378,NBB,32,47,330,179.00,"59,070.00"
2019-02-04,2019020401004377,NBB,17,47,70,179.00,"12,530.00"
2019-02-04,2019020401004376,NBB,45,47,100,179.00,"17,900.00"
2019-02-04,2019020401004324,NBB,41,46,30,180.00,"5,400.00"
2019-02-04,2019020401004318,NBB,55,38,47,179.00,"8,413.00"
2019-02-04,2019020401004317,NBB,10,38,359,179.00,"64,261.00"
2019-02-04,2019020401004785,NBL,5,36,50,289.00,"14,450.00"
2019-02-04,2019020401004649,NBL,6,36,"10,000",288.00,"2,880,000.00"
2019-02-04,2019020401004572,NBL,5,7,550,289.00,"158,950.00"
2019-02-04,2019020401004571,NBL,42,7,300,289.00,"86,700.00"
2019-02-04,2019020401004548,NBL,6,4,824,288.00,"237,312.00"
2019-02-04,2019020401004547,NBL,47,4,500,288.00,"144,000.00"
2019-02-04,2019020401004546,NBL,6,4,"2,000",288.00,"576,000.00"
2019-02-04,2019020401004545,NBL,25,4,"1,000",288.00,"288,000.00"
2019-02-04,2019020401004544,NBL,56,4,76,288.00,"21,888.00"
2019-02-04,2019020401004508,NBL,45,7,150,289.00,"43,350.00"
2019-02-04,2019020401004502,NBL,45,45,450,289.00,"130,050.00"
2019-02-04,2019020401004449,NBL,53,45,50,289.00,"14,450.00"
2019-02-04,2019020401004757,NCCB,26,41,50,211.00,"10,550.00"
2019-02-04,2019020401004744,NCCB,36,46,"1,000",212.00,"212,000.00"
2019-02-04,2019020401004595,NCCB,26,51,252,211.00,"53,172.00"
2019-02-04,2019020401004314,NCCB,50,45,150,210.00,"31,500.00"
2019-02-04,2019020401004313,NCCB,57,45,500,210.00,"105,000.00"
2019-02-04,2019020401004312,NCCB,47,45,350,211.00,"73,850.00"
2019-02-04,2019020401004781,NHDL,34,26,10,131.00,"1,310.00"
2019-02-04,2019020401004770,NHDL,34,26,10,131.00,"1,310.00"
2019-02-04,2019020401004758,NHDL,34,26,10,131.00,"1,310.00"
2019-02-04,2019020401004351,NHPC,55,40,200,67.00,"13,400.00"
2019-02-04,2019020401004784,NIB,32,50,95,526.00,"49,970.00"
2019-02-04,2019020401004700,NIB,45,34,37,525.00,"19,425.00"
2019-02-04,2019020401004598,NIB,4,50,90,526.00,"47,340.00"
2019-02-04,2019020401004564,NIB,45,37,32,525.00,"16,800.00"
2019-02-04,2019020401004516,NIB,41,50,15,526.00,"7,890.00"
2019-02-04,2019020401004412,NIB,26,43,150,526.00,"78,900.00"
2019-02-04,2019020401004385,NIB,44,43,50,526.00,"26,300.00"
2019-02-04,2019020401004504,NIB,56,42,35,527.00,"18,445.00"
2019-02-04,2019020401004503,NIB,56,57,115,527.00,"60,605.00"
2019-02-04,2019020401004427,NIB,45,16,113,525.00,"59,325.00"
2019-02-04,2019020401004426,NIB,42,16,37,526.00,"19,462.00"
2019-02-04,2019020401004425,NIB,42,13,37,526.00,"19,462.00"
2019-02-04,2019020401004424,NIB,42,19,100,526.00,"52,600.00"
2019-02-04,2019020401004362,NIBPO,36,37,15,472.00,"7,080.00"
2019-02-04,2019020401004651,NICA,49,22,"1,000",390.00,"390,000.00"
2019-02-04,2019020401004627,NICA,4,22,90,390.00,"35,100.00"
2019-02-04,2019020401004454,NICA,10,47,65,389.00,"25,285.00"
2019-02-04,2019020401004322,NICA,10,32,24,389.00,"9,336.00"
2019-02-04,2019020401004323,NICGF,22,55,"2,000",9.25,"18,500.00"
2019-02-04,2019020401004778,NICL,42,49,92,557.00,"51,244.00"
2019-02-04,2019020401004777,NICL,21,49,63,557.00,"35,091.00"
2019-02-04,2019020401004776,NICL,48,49,100,557.00,"55,700.00"
2019-02-04,2019020401004775,NICL,55,49,10,557.00,"5,570.00"
2019-02-04,2019020401004774,NICL,25,49,10,557.00,"5,570.00"
2019-02-04,2019020401004773,NICL,58,49,500,558.00,"279,000.00"
2019-02-04,2019020401004626,NICL,57,44,100,559.00,"55,900.00"
2019-02-04,2019020401004541,NICL,1,44,"1,000",559.00,"559,000.00"
2019-02-04,2019020401004540,NICL,49,10,50,560.00,"28,000.00"
2019-02-04,2019020401004539,NICL,45,10,60,560.00,"33,600.00"
2019-02-04,2019020401004772,NICL,1,49,25,558.00,"13,950.00"
2019-02-04,2019020401004745,NICL,1,16,100,558.00,"55,800.00"
2019-02-04,2019020401004661,NICL,1,44,75,558.00,"41,850.00"
2019-02-04,2019020401004660,NICL,42,44,500,558.00,"279,000.00"
2019-02-04,2019020401004659,NICL,19,44,25,558.00,"13,950.00"
2019-02-04,2019020401004658,NICL,16,44,100,558.00,"55,800.00"
2019-02-04,2019020401004718,NLBBL,41,35,72,463.00,"33,336.00"
2019-02-04,2019020401004717,NLBBL,44,35,50,463.00,"23,150.00"
2019-02-04,2019020401004716,NLBBL,28,35,28,464.00,"12,992.00"
2019-02-04,2019020401004697,NLG,1,10,50,830.00,"41,500.00"
2019-02-04,2019020401004696,NLG,26,10,50,831.00,"41,550.00"
2019-02-04,2019020401004620,NLG,53,36,27,834.00,"22,518.00"
2019-02-04,2019020401004761,NLIC,6,34,17,"1,070.00","18,190.00"
2019-02-04,2019020401004706,NLIC,54,36,500,"1,071.00","535,500.00"
2019-02-04,2019020401004671,NLIC,6,34,17,"1,070.00","18,190.00"
2019-02-04,2019020401004573,NLIC,6,49,60,"1,076.00","64,560.00"
2019-02-04,2019020401004555,NLIC,14,36,29,"1,070.00","31,030.00"
2019-02-04,2019020401004554,NLIC,38,36,150,"1,070.00","160,500.00"
2019-02-04,2019020401004364,NLIC,45,36,30,"1,077.00","32,310.00"
2019-02-04,2019020401004370,NLIC,35,36,20,"1,075.00","21,500.00"
2019-02-04,2019020401004369,NLIC,51,36,17,"1,075.00","18,275.00"
2019-02-04,2019020401004368,NLIC,34,36,373,"1,075.00","400,975.00"
2019-02-04,2019020401004367,NLIC,50,36,20,"1,076.00","21,520.00"
2019-02-04,2019020401004366,NLIC,14,36,20,"1,076.00","21,520.00"
2019-02-04,2019020401004365,NLIC,55,36,41,"1,076.00","44,116.00"
2019-02-04,2019020401004386,NLIC,19,36,471,"1,072.00","504,912.00"
2019-02-04,2019020401004375,NLIC,19,36,229,"1,072.00","245,488.00"
2019-02-04,2019020401004374,NLIC,26,36,20,"1,072.00","21,440.00"
2019-02-04,2019020401004373,NLIC,8,36,30,"1,073.00","32,190.00"
2019-02-04,2019020401004372,NLIC,51,36,100,"1,075.00","107,500.00"
2019-02-04,2019020401004371,NLIC,25,36,100,"1,075.00","107,500.00"
2019-02-04,2019020401004402,NLIC,39,36,20,"1,070.00","21,400.00"
2019-02-04,2019020401004401,NLIC,59,36,171,"1,071.00","183,141.00"
2019-02-04,2019020401004399,NLIC,59,36,29,"1,071.00","31,059.00"
2019-02-04,2019020401004397,NLIC,22,22,100,"1,070.00","107,000.00"
2019-02-04,2019020401004388,NLIC,55,36,200,"1,071.00","214,200.00"
2019-02-04,2019020401004387,NLIC,38,36,100,"1,071.00","107,100.00"
2019-02-04,2019020401004553,NLIC,53,36,100,"1,070.00","107,000.00"
2019-02-04,2019020401004552,NLIC,1,36,200,"1,070.00","214,000.00"
2019-02-04,2019020401004551,NLIC,10,36,500,"1,070.00","535,000.00"
2019-02-04,2019020401004550,NLIC,11,36,10,"1,070.00","10,700.00"
2019-02-04,2019020401004549,NLIC,20,36,211,"1,070.00","225,770.00"
2019-02-04,2019020401004403,NLIC,20,36,289,"1,070.00","309,230.00"
2019-02-04,2019020401004762,NLICL,34,16,50,659.00,"32,950.00"
2019-02-04,2019020401004623,NLICL,34,51,723,659.00,"476,457.00"
2019-02-04,2019020401004622,NLICL,11,51,50,660.00,"33,000.00"
2019-02-04,2019020401004621,NLICL,35,51,74,660.00,"48,840.00"
2019-02-04,2019020401004484,NLICL,35,25,126,660.00,"83,160.00"
2019-02-04,2019020401004483,NLICL,34,25,100,660.00,"66,000.00"
2019-02-04,2019020401004482,NLICL,14,25,10,661.00,"6,610.00"
2019-02-04,2019020401004481,NLICL,26,25,56,662.00,"37,072.00"
2019-02-04,2019020401004436,NLICL,26,16,24,662.00,"15,888.00"
2019-02-04,2019020401004435,NLICL,55,16,56,662.00,"37,072.00"
2019-02-04,2019020401004320,NLICL,55,17,44,662.00,"29,128.00"
2019-02-04,2019020401004319,NLICL,42,17,56,662.00,"37,072.00"
2019-02-04,2019020401004749,NMB,19,42,100,315.00,"31,500.00"
2019-02-04,2019020401004714,NMB,57,40,100,315.00,"31,500.00"
2019-02-04,2019020401004662,NMB,57,42,100,315.00,"31,500.00"
2019-02-04,2019020401004608,NMB,57,14,291,315.00,"91,665.00"
2019-02-04,2019020401004607,NMB,54,14,50,315.00,"15,750.00"
2019-02-04,2019020401004606,NMB,54,14,"1,000",315.00,"315,000.00"
2019-02-04,2019020401004605,NMB,16,14,50,315.00,"15,750.00"
2019-02-04,2019020401004604,NMB,47,14,20,315.00,"6,300.00"
2019-02-04,2019020401004603,NMB,47,14,589,315.00,"185,535.00"
2019-02-04,2019020401004589,NMB,4,14,190,316.00,"60,040.00"
2019-02-04,2019020401004557,NTC,6,5,250,709.00,"177,250.00"
2019-02-04,2019020401004648,OHL,45,8,169,430.00,"72,670.00"
2019-02-04,2019020401004644,OHL,26,8,500,431.00,"215,500.00"
2019-02-04,2019020401004643,OHL,59,8,10,432.00,"4,320.00"
2019-02-04,2019020401004642,OHL,6,8,100,432.00,"43,200.00"
2019-02-04,2019020401004641,OHL,38,8,15,432.00,"6,480.00"
2019-02-04,2019020401004712,PCBL,41,28,100,317.00,"31,700.00"
2019-02-04,2019020401004711,PCBL,19,28,200,317.00,"63,400.00"
2019-02-04,2019020401004710,PCBL,21,28,300,317.00,"95,100.00"
2019-02-04,2019020401004709,PCBL,45,28,100,317.00,"31,700.00"
2019-02-04,2019020401004708,PCBL,51,28,500,317.00,"158,500.00"
2019-02-04,2019020401004707,PCBL,4,28,178,317.00,"56,426.00"
2019-02-04,2019020401004407,PCBL,35,50,50,318.00,"15,900.00"
2019-02-04,2019020401004590,PCBL,4,25,"1,000",317.00,"317,000.00"
2019-02-04,2019020401004579,PCBL,22,50,50,318.00,"15,900.00"
2019-02-04,2019020401004525,PCBL,4,39,393,317.00,"124,581.00"
2019-02-04,2019020401004510,PCBL,47,50,50,318.00,"15,900.00"
2019-02-04,2019020401004455,PCBL,4,16,100,317.00,"31,700.00"
2019-02-04,2019020401004410,PCBL,4,17,117,317.00,"37,089.00"
2019-02-04,2019020401004343,PFL,59,32,16,131.00,"2,096.00"
2019-02-04,2019020401004506,PIC,41,26,40,"1,026.00","41,040.00"
2019-02-04,2019020401004430,PIC,41,39,11,"1,026.00","11,286.00"
2019-02-04,2019020401004683,PICL,53,26,50,691.00,"34,550.00"
2019-02-04,2019020401004439,PICL,53,53,259,692.00,"179,228.00"
2019-02-04,2019020401004438,PICL,53,53,42,692.00,"29,064.00"
2019-02-04,2019020401004437,PICL,4,53,110,695.00,"76,450.00"
2019-02-04,2019020401004789,PMHPL,57,8,10,105.00,"1,050.00"
2019-02-04,2019020401004616,PMHPL,57,36,10,105.00,"1,050.00"
2019-02-04,2019020401004597,PMHPL,57,36,10,105.00,"1,050.00"
2019-02-04,2019020401004524,PMHPL,57,36,10,105.00,"1,050.00"
2019-02-04,2019020401004486,PMHPL,57,26,10,105.00,"1,050.00"
2019-02-04,2019020401004434,PMHPL,57,39,10,105.00,"1,050.00"
2019-02-04,2019020401004358,PMHPL,57,32,10,105.00,"1,050.00"
2019-02-04,2019020401004520,PRIN,47,49,121,430.00,"52,030.00"
2019-02-04,2019020401004519,PRIN,19,49,25,430.00,"10,750.00"
2019-02-04,2019020401004760,PRVU,41,5,131,240.00,"31,440.00"
2019-02-04,2019020401004443,PRVU,44,14,55,240.00,"13,200.00"
2019-02-04,2019020401004442,PRVU,33,14,172,240.00,"41,280.00"
2019-02-04,2019020401004612,PRVU,49,13,50,241.00,"12,050.00"
2019-02-04,2019020401004609,PRVU,43,13,100,241.00,"24,100.00"
2019-02-04,2019020401004447,PRVU,41,14,153,240.00,"36,720.00"
2019-02-04,2019020401004446,PRVU,57,14,"1,000",240.00,"240,000.00"
2019-02-04,2019020401004445,PRVU,34,14,300,240.00,"72,000.00"
2019-02-04,2019020401004444,PRVU,14,14,"1,000",240.00,"240,000.00"
2019-02-04,2019020401004400,PRVUPO,45,42,"71,000",150.00,"10,650,000.00"
2019-02-04,2019020401004355,PRVUPO,42,45,"71,000",150.00,"10,650,000.00"
2019-02-04,2019020401004698,RADHI,22,47,11,158.00,"1,738.00"
2019-02-04,2019020401004498,RADHI,22,36,11,158.00,"1,738.00"
2019-02-04,2019020401004497,RADHI,22,42,11,158.00,"1,738.00"
2019-02-04,2019020401004713,RHPC,34,43,49,94.00,"4,606.00"
2019-02-04,2019020401004647,RHPC,1,39,18,94.00,"1,692.00"
2019-02-04,2019020401004512,RHPC,1,25,100,94.00,"9,400.00"
2019-02-04,2019020401004350,RHPC,41,43,82,95.00,"7,790.00"
2019-02-04,2019020401004337,RHPC,41,43,118,95.00,"11,210.00"
2019-02-04,2019020401004336,RHPC,34,43,875,95.00,"83,125.00"
2019-02-04,2019020401004335,RHPC,1,43,82,96.00,"7,872.00"
2019-02-04,2019020401004507,RMDC,59,43,10,545.00,"5,450.00"
2019-02-04,2019020401004495,RRHP,19,36,10,97.00,970.00
2019-02-04,2019020401004465,RRHP,19,39,18,97.00,"1,746.00"
2019-02-04,2019020401004423,RRHP,19,17,10,97.00,970.00
2019-02-04,2019020401004618,RSDC,37,50,15,392.00,"5,880.00"
2019-02-04,2019020401004617,RSDC,22,50,35,392.00,"13,720.00"
2019-02-04,2019020401004592,RSDC,39,39,10,393.00,"3,930.00"
2019-02-04,2019020401004537,RSDC,22,49,65,392.00,"25,480.00"
2019-02-04,2019020401004536,RSDC,39,49,100,392.00,"39,200.00"
2019-02-04,2019020401004464,SADBL,59,10,465,136.00,"63,240.00"
2019-02-04,2019020401004440,SADBL,45,10,400,137.00,"54,800.00"
2019-02-04,2019020401004384,SADBL,45,32,100,137.00,"13,700.00"
2019-02-04,2019020401004657,SANIMA,10,50,217,299.00,"64,883.00"
2019-02-04,2019020401004656,SANIMA,17,50,25,299.00,"7,475.00"
2019-02-04,2019020401004655,SANIMA,56,50,500,299.00,"149,500.00"
2019-02-04,2019020401004654,SANIMA,6,50,50,299.00,"14,950.00"
2019-02-04,2019020401004653,SANIMA,13,50,208,299.00,"62,192.00"
2019-02-04,2019020401004636,SANIMA,13,50,292,299.00,"87,308.00"
2019-02-04,2019020401004635,SANIMA,34,50,708,299.00,"211,692.00"
2019-02-04,2019020401004448,SANIMA,34,5,100,299.00,"29,900.00"
2019-02-04,2019020401004349,SANIMA,57,50,36,300.00,"10,800.00"
2019-02-04,2019020401004688,SBI,4,52,95,379.00,"36,005.00"
2019-02-04,2019020401004748,SBL,4,46,20,283.00,"5,660.00"
2019-02-04,2019020401004695,SBL,4,38,"3,291",283.00,"931,353.00"
2019-02-04,2019020401004694,SBL,4,33,58,283.00,"16,414.00"
2019-02-04,2019020401004693,SBL,4,5,100,282.00,"28,200.00"
2019-02-04,2019020401004692,SBL,4,40,322,282.00,"90,804.00"
2019-02-04,2019020401004615,SBL,13,46,300,282.00,"84,600.00"
2019-02-04,2019020401004538,SBL,55,46,500,282.00,"141,000.00"
2019-02-04,2019020401004328,SBL,4,37,161,281.00,"45,241.00"
2019-02-04,2019020401004788,SCB,57,25,100,556.00,"55,600.00"
2019-02-04,2019020401004610,SCB,29,14,30,557.00,"16,710.00"
2019-02-04,2019020401004395,SCB,42,32,18,556.00,"10,008.00"
2019-02-04,2019020401004352,SCB,42,13,10,556.00,"5,560.00"
2019-02-04,2019020401004701,SEF,43,47,500,9.10,"4,550.00"
2019-02-04,2019020401004582,SHINE,29,55,450,241.00,"108,450.00"
2019-02-04,2019020401004581,SHINE,21,55,100,241.00,"24,100.00"
2019-02-04,2019020401004782,SHPC,53,41,100,228.00,"22,800.00"
2019-02-04,2019020401004459,SHPC,42,13,899,227.00,"204,073.00"
2019-02-04,2019020401004458,SHPC,42,13,150,227.00,"34,050.00"
2019-02-04,2019020401004457,SHPC,35,13,151,227.00,"34,277.00"
2019-02-04,2019020401004780,SICL,58,5,28,907.00,"25,396.00"
2019-02-04,2019020401004382,SICL,45,10,73,905.00,"66,065.00"
2019-02-04,2019020401004381,SICL,46,10,15,906.00,"13,590.00"
2019-02-04,2019020401004380,SICL,25,10,12,907.00,"10,884.00"
2019-02-04,2019020401004344,SICL,25,37,26,907.00,"23,582.00"
2019-02-04,2019020401004682,SIL,22,10,184,624.00,"114,816.00"
2019-02-04,2019020401004681,SIL,25,10,15,624.00,"9,360.00"
2019-02-04,2019020401004611,SIL,38,49,260,626.00,"162,760.00"
2019-02-04,2019020401004530,SLBBL,14,28,20,511.00,"10,220.00"
2019-02-04,2019020401004529,SLBBL,47,28,300,512.00,"153,600.00"
2019-02-04,2019020401004528,SLBBL,39,28,20,512.00,"10,240.00"
2019-02-04,2019020401004527,SLBBL,22,28,90,513.00,"46,170.00"
2019-02-04,2019020401004526,SLBBL,28,28,200,513.00,"102,600.00"
2019-02-04,2019020401004533,SLBBL,1,28,100,511.00,"51,100.00"
2019-02-04,2019020401004532,SLBBL,46,28,200,511.00,"102,200.00"
2019-02-04,2019020401004531,SLBBL,51,28,30,511.00,"15,330.00"
2019-02-04,2019020401004500,SLBS,5,51,250,"1,015.00","253,750.00"
2019-02-04,2019020401004298,SLBS,5,11,18,"1,015.00","18,270.00"
2019-02-04,2019020401004703,SLICL,49,42,103,541.00,"55,723.00"
2019-02-04,2019020401004702,SLICL,1,42,30,541.00,"16,230.00"
2019-02-04,2019020401004684,SPDL,45,34,15,91.00,"1,365.00"
2019-02-04,2019020401004441,SPDL,49,36,15,92.00,"1,380.00"
2019-02-04,2019020401004396,SPDL,49,42,29,92.00,"2,668.00"
2019-02-04,2019020401004340,SPDL,49,42,29,92.00,"2,668.00"
2019-02-04,2019020401004673,SRBL,38,17,240,210.00,"50,400.00"
2019-02-04,2019020401004560,UIC,5,36,300,758.00,"227,400.00"
2019-02-04,2019020401004559,UIC,25,36,200,758.00,"151,600.00"
2019-02-04,2019020401004558,UIC,33,36,300,760.00,"228,000.00"
2019-02-04,2019020401004463,UMHL,59,36,14,113.00,"1,582.00"
2019-02-04,2019020401004345,UMHL,59,42,23,113.00,"2,599.00"
2019-02-04,2019020401004797,UPPER,41,5,50,246.00,"12,300.00"
2019-02-04,2019020401004796,UPPER,41,50,268,246.00,"65,928.00"
2019-02-04,2019020401004795,UPPER,41,42,35,246.00,"8,610.00"
2019-02-04,2019020401004787,UPPER,41,5,40,246.00,"9,840.00"
2019-02-04,2019020401004783,UPPER,41,49,40,246.00,"9,840.00"
2019-02-04,2019020401004315,UPPER,43,45,50,246.00,"12,300.00"
2019-02-04,2019020401004309,UPPER,43,21,40,246.00,"9,840.00"
2019-02-04,2019020401004306,UPPER,43,51,50,246.00,"12,300.00"
2019-02-04,2019020401004354,UPPER,37,21,21,246.00,"5,166.00"
2019-02-04,2019020401004353,UPPER,37,21,29,246.00,"7,134.00"
2019-02-04,2019020401004342,UPPER,37,21,11,246.00,"2,706.00"
2019-02-04,2019020401004341,UPPER,37,21,29,246.00,"7,134.00"
2019-02-04,2019020401004330,UPPER,37,21,11,246.00,"2,706.00"
2019-02-04,2019020401004329,UPPER,43,21,29,246.00,"7,134.00"
2019-02-04,2019020401004406,UPPER,6,32,21,246.00,"5,166.00"
2019-02-04,2019020401004405,UPPER,55,32,29,246.00,"7,134.00"
2019-02-04,2019020401004394,UPPER,55,49,40,246.00,"9,840.00"
2019-02-04,2019020401004361,UPPER,55,49,31,246.00,"7,626.00"
2019-02-04,2019020401004360,UPPER,37,49,19,246.00,"4,674.00"
2019-02-04,2019020401004432,UPPER,26,49,40,247.00,"9,880.00"
2019-02-04,2019020401004431,UPPER,6,45,50,246.00,"12,300.00"
2019-02-04,2019020401004421,UPPER,42,44,33,247.00,"8,151.00"
2019-02-04,2019020401004420,UPPER,6,21,50,246.00,"12,300.00"
2019-02-04,2019020401004417,UPPER,6,49,50,246.00,"12,300.00"
2019-02-04,2019020401004416,UPPER,6,45,50,246.00,"12,300.00"
2019-02-04,2019020401004468,UPPER,41,59,50,247.00,"12,350.00"
2019-02-04,2019020401004462,UPPER,19,49,100,246.00,"24,600.00"
2019-02-04,2019020401004461,UPPER,6,49,139,246.00,"34,194.00"
2019-02-04,2019020401004460,UPPER,6,49,50,246.00,"12,300.00"
2019-02-04,2019020401004451,UPPER,6,21,40,246.00,"9,840.00"
2019-02-04,2019020401004450,UPPER,6,45,50,246.00,"12,300.00"
2019-02-04,2019020401004517,UPPER,8,45,25,246.00,"6,150.00"
2019-02-04,2019020401004499,UPPER,8,21,25,246.00,"6,150.00"
2019-02-04,2019020401004488,UPPER,8,49,50,246.00,"12,300.00"
2019-02-04,2019020401004470,UPPER,41,48,10,247.00,"2,470.00"
2019-02-04,2019020401004469,UPPER,41,59,50,247.00,"12,350.00"
2019-02-04,2019020401004518,UPPER,50,45,25,246.00,"6,150.00"
2019-02-04,2019020401004556,UPPER,48,49,40,246.00,"9,840.00"
2019-02-04,2019020401004535,UPPER,48,49,25,246.00,"6,150.00"
2019-02-04,2019020401004534,UPPER,50,49,25,246.00,"6,150.00"
2019-02-04,2019020401004584,UPPER,40,49,35,246.00,"8,610.00"
2019-02-04,2019020401004583,UPPER,48,49,15,246.00,"3,690.00"
2019-02-04,2019020401004570,UPPER,48,54,40,246.00,"9,840.00"
2019-02-04,2019020401004569,UPPER,50,48,100,247.00,"24,700.00"
2019-02-04,2019020401004565,UPPER,48,49,40,246.00,"9,840.00"
2019-02-04,2019020401004561,UPPER,48,44,40,246.00,"9,840.00"
2019-02-04,2019020401004639,UPPER,39,49,22,246.00,"5,412.00"
2019-02-04,2019020401004619,UPPER,39,38,50,246.00,"12,300.00"
2019-02-04,2019020401004600,UPPER,39,21,28,246.00,"6,888.00"
2019-02-04,2019020401004599,UPPER,40,21,165,246.00,"40,590.00"
2019-02-04,2019020401004680,UPPER,49,40,28,246.00,"6,888.00"
2019-02-04,2019020401004679,UPPER,43,40,50,246.00,"12,300.00"
2019-02-04,2019020401004678,UPPER,57,40,40,246.00,"9,840.00"
2019-02-04,2019020401004677,UPPER,37,40,32,246.00,"7,872.00"
2019-02-04,2019020401004672,UPPER,34,48,100,247.00,"24,700.00"
2019-02-04,2019020401004640,UPPER,37,49,18,246.00,"4,428.00"
2019-02-04,2019020401004743,UPPER,49,57,500,246.00,"123,000.00"
2019-02-04,2019020401004742,UPPER,49,17,40,246.00,"9,840.00"
2019-02-04,2019020401004731,UPPER,49,25,40,246.00,"9,840.00"
2019-02-04,2019020401004715,UPPER,49,25,40,246.00,"9,840.00"
2019-02-04,2019020401004704,UPPER,49,25,50,246.00,"12,300.00"
2019-02-04,2019020401004699,UPPER,49,25,50,246.00,"12,300.00"
2019-02-04,2019020401004771,UPPER,41,47,50,246.00,"12,300.00"
2019-02-04,2019020401004763,UPPER,41,42,40,246.00,"9,840.00"
2019-02-04,2019020401004759,UPPER,41,22,40,246.00,"9,840.00"
2019-02-04,2019020401004753,UPPER,41,47,50,246.00,"12,300.00"
2019-02-04,2019020401004751,UPPER,41,13,41,246.00,"10,086.00"
2019-02-04,2019020401004750,UPPER,49,13,252,246.00,"61,992.00"
2019-02-04,2019020401004786,VLBS,39,22,88,695.00,"61,160.00"
2019-02-04,2019020401004756,VLBS,39,44,160,695.00,"111,200.00"
2019-02-04,2019020401004687,VLBS,39,39,12,695.00,"8,340.00"
2019-02-04,2019020401004720,WOMI,41,53,53,"1,138.00","60,314.00"
2019-02-04,2019020401004719,WOMI,17,53,27,"1,140.00","30,780.00"
2019-02-04,2019020401004638,WOMI,17,45,23,"1,140.00","26,220.00"
2019-02-04,2019020401004637,WOMI,13,45,82,"1,140.00","93,480.00"
2019-02-04,2019020401004563,WOMI,13,49,70,"1,140.00","79,800.00"
2019-02-04,2019020401004562,WOMI,33,49,50,"1,141.00","57,050.00"
2019-02-04,2019020401004513,WOMI,13,37,23,"1,140.00","26,220.00"
2019-02-04,2019020401003858,ADBL,4,49,"1,000",340.00,"340,000.00"
2019-02-04,2019020401003857,ADBL,4,1,"1,000",340.00,"340,000.00"
2019-02-04,2019020401003856,ADBL,4,1,23,340.00,"7,820.00"
2019-02-04,2019020401003855,ADBL,4,49,640,340.00,"217,600.00"
2019-02-04,2019020401003854,ADBL,4,22,150,339.00,"50,850.00"
2019-02-04,2019020401003853,ADBL,4,13,34,338.00,"11,492.00"
2019-02-04,2019020401003852,ADBL,4,14,32,338.00,"10,816.00"
2019-02-04,2019020401003851,ADBL,4,57,53,338.00,"17,914.00"
2019-02-04,2019020401003850,ADBL,4,13,52,337.00,"17,524.00"
2019-02-04,2019020401003849,ADBL,4,40,"1,000",337.00,"337,000.00"
2019-02-04,2019020401003848,ADBL,4,43,500,337.00,"168,500.00"
2019-02-04,2019020401004127,AHPC,29,49,50,101.00,"5,050.00"
2019-02-04,2019020401004266,AKJCL,41,39,10,81.00,810.00
2019-02-04,2019020401004072,AKJCL,25,11,200,82.00,"16,400.00"
2019-02-04,2019020401004032,AKJCL,39,11,10,82.00,820.00
2019-02-04,2019020401003973,AKJCL,41,49,20,81.00,"1,620.00"
2019-02-04,2019020401003899,AKJCL,41,49,10,81.00,810.00
2019-02-04,2019020401003845,AKJCL,17,49,10,81.00,810.00
2019-02-04,2019020401003806,AKJCL,17,49,10,81.00,810.00
2019-02-04,2019020401004277,AKPL,58,42,20,182.00,"3,640.00"
2019-02-04,2019020401004211,AKPL,14,42,10,181.00,"1,810.00"
2019-02-04,2019020401004210,AKPL,37,42,10,182.00,"1,820.00"
2019-02-04,2019020401003906,ALICL,33,45,400,603.00,"241,200.00"
2019-02-04,2019020401003813,AMFI,42,34,10,718.00,"7,180.00"
2019-02-04,2019020401004281,API,56,39,18,137.00,"2,466.00"
2019-02-04,2019020401004209,API,57,57,255,138.00,"35,190.00"
2019-02-04,2019020401004061,API,57,57,500,138.00,"69,000.00"
2019-02-04,2019020401003990,API,43,57,245,138.00,"33,810.00"
2019-02-04,2019020401003833,API,43,38,26,138.00,"3,588.00"
2019-02-04,2019020401003820,API,50,28,38,140.00,"5,320.00"
2019-02-04,2019020401003801,API,38,38,26,139.00,"3,614.00"
2019-02-04,2019020401004246,BARUN,19,38,10,102.00,"1,020.00"
2019-02-04,2019020401004232,BARUN,19,38,10,102.00,"1,020.00"
2019-02-04,2019020401004115,BBC,4,1,10,"1,717.00","17,170.00"
2019-02-04,2019020401004045,BOKL,52,11,50,248.00,"12,400.00"
2019-02-04,2019020401003864,BOKL,45,50,50,247.00,"12,350.00"
2019-02-04,2019020401004195,BPCL,41,36,290,349.00,"101,210.00"
2019-02-04,2019020401004194,BPCL,13,36,100,349.00,"34,900.00"
2019-02-04,2019020401004193,BPCL,47,36,200,350.00,"70,000.00"
2019-02-04,2019020401004192,BPCL,1,36,300,350.00,"105,000.00"
2019-02-04,2019020401004191,BPCL,35,36,10,351.00,"3,510.00"
2019-02-04,2019020401003984,CBBL,6,45,47,873.00,"41,031.00"
2019-02-04,2019020401003983,CBBL,17,45,100,873.00,"87,300.00"
2019-02-04,2019020401003982,CBBL,55,45,100,873.00,"87,300.00"
2019-02-04,2019020401003981,CBBL,58,45,67,874.00,"58,558.00"
2019-02-04,2019020401003980,CBBL,42,45,30,874.00,"26,220.00"
2019-02-04,2019020401003979,CBBL,45,45,76,874.00,"66,424.00"
2019-02-04,2019020401003978,CBBL,29,45,30,875.00,"26,250.00"
2019-02-04,2019020401003977,CBBL,33,45,50,875.00,"43,750.00"
2019-02-04,2019020401004294,CBL,57,34,30,158.00,"4,740.00"
2019-02-04,2019020401004293,CBL,57,51,30,158.00,"4,740.00"
2019-02-04,2019020401004108,CBL,58,16,15,156.00,"2,340.00"
2019-02-04,2019020401004107,CBL,11,16,10,157.00,"1,570.00"
2019-02-04,2019020401003868,CBL,47,59,81,157.00,"12,717.00"
2019-02-04,2019020401003847,CBL,58,33,27,156.00,"4,212.00"
2019-02-04,2019020401004057,CCBL,45,43,409,166.00,"67,894.00"
2019-02-04,2019020401004056,CCBL,45,52,28,166.00,"4,648.00"
2019-02-04,2019020401003866,CCBL,57,33,17,165.00,"2,805.00"
2019-02-04,2019020401003891,CFCL,28,10,251,110.00,"27,610.00"
2019-02-04,2019020401004203,CHCL,26,38,100,509.00,"50,900.00"
2019-02-04,2019020401004202,CHCL,32,38,100,509.00,"50,900.00"
2019-02-04,2019020401004053,CHCL,10,33,50,509.00,"25,450.00"
2019-02-04,2019020401004052,CHCL,10,33,50,509.00,"25,450.00"
2019-02-04,2019020401003863,CHCL,7,33,50,509.00,"25,450.00"
2019-02-04,2019020401004014,CHL,58,49,50,99.00,"4,950.00"
2019-02-04,2019020401004187,CIT,32,1,10,"2,709.00","27,090.00"
2019-02-04,2019020401004113,CZBIL,42,16,10,207.00,"2,070.00"
2019-02-04,2019020401004102,CZBIL,42,45,100,207.00,"20,700.00"
2019-02-04,2019020401004060,CZBIL,49,49,390,206.00,"80,340.00"
2019-02-04,2019020401004059,CZBIL,28,49,"1,000",207.00,"207,000.00"
2019-02-04,2019020401004037,CZBIL,41,13,10,208.00,"2,080.00"
2019-02-04,2019020401003957,CZBIL,55,41,300,207.00,"62,100.00"
2019-02-04,2019020401003956,CZBIL,55,37,10,207.00,"2,070.00"
2019-02-04,2019020401003955,CZBIL,55,37,10,207.00,"2,070.00"
2019-02-04,2019020401003819,CZBIL,49,40,883,206.00,"181,898.00"
2019-02-04,2019020401003818,CZBIL,47,40,117,206.00,"24,102.00"
2019-02-04,2019020401004028,DBBL,4,45,585,125.00,"73,125.00"
2019-02-04,2019020401003888,DBBL,56,10,258,124.00,"31,992.00"
2019-02-04,2019020401003887,DBBL,6,10,30,124.00,"3,720.00"
2019-02-04,2019020401003886,DBBL,1,10,56,124.00,"6,944.00"
2019-02-04,2019020401003836,DBBL,1,11,144,124.00,"17,856.00"
2019-02-04,2019020401004008,DDBL,21,50,40,577.00,"23,080.00"
2019-02-04,2019020401003916,DDBL,16,59,100,577.00,"57,700.00"
2019-02-04,2019020401004099,EBL,48,6,20,521.00,"10,420.00"
2019-02-04,2019020401004098,EBL,48,52,300,521.00,"156,300.00"
2019-02-04,2019020401004017,EBL,4,1,70,520.00,"36,400.00"
2019-02-04,2019020401003970,EBL,45,1,20,520.00,"10,400.00"
2019-02-04,2019020401003963,EBL,19,18,100,519.00,"51,900.00"
2019-02-04,2019020401003839,EBL,56,18,30,520.00,"15,600.00"
2019-02-04,2019020401003969,EBL,38,18,420,518.00,"217,560.00"
2019-02-04,2019020401003968,EBL,6,18,500,518.00,"259,000.00"
2019-02-04,2019020401003967,EBL,45,18,50,518.00,"25,900.00"
2019-02-04,2019020401003966,EBL,28,18,200,519.00,"103,800.00"
2019-02-04,2019020401003965,EBL,54,18,100,519.00,"51,900.00"
2019-02-04,2019020401003964,EBL,58,18,20,519.00,"10,380.00"
2019-02-04,2019020401003895,EDBL,44,43,200,280.00,"56,000.00"
2019-02-04,2019020401004177,GBIME,4,10,580,264.00,"153,120.00"
2019-02-04,2019020401004154,GBIME,50,50,3,264.00,792.00
2019-02-04,2019020401004091,GBIME,55,44,100,265.00,"26,500.00"
2019-02-04,2019020401004004,GBIME,4,37,68,264.00,"17,952.00"
2019-02-04,2019020401003860,GBIME,4,11,127,264.00,"33,528.00"
2019-02-04,2019020401004252,GBLBS,13,38,10,444.00,"4,440.00"
2019-02-04,2019020401003994,GBLBS,13,47,10,444.00,"4,440.00"
2019-02-04,2019020401004163,GDBL,16,10,100,181.00,"18,100.00"
2019-02-04,2019020401004162,GDBL,43,10,300,181.00,"54,300.00"
2019-02-04,2019020401004161,GDBL,32,10,50,181.00,"9,050.00"
2019-02-04,2019020401004160,GDBL,47,10,100,181.00,"18,100.00"
2019-02-04,2019020401004159,GDBL,42,10,196,181.00,"35,476.00"
2019-02-04,2019020401004104,GDBL,42,51,14,181.00,"2,534.00"
2019-02-04,2019020401004087,GDBL,42,47,90,181.00,"16,290.00"
2019-02-04,2019020401004086,GDBL,39,47,100,181.00,"18,100.00"
2019-02-04,2019020401004085,GDBL,45,47,20,181.00,"3,620.00"
2019-02-04,2019020401004084,GDBL,53,47,70,182.00,"12,740.00"
2019-02-04,2019020401004083,GDBL,53,47,70,182.00,"12,740.00"
2019-02-04,2019020401003903,GLICL,53,25,300,706.00,"211,800.00"
2019-02-04,2019020401004259,GRDBL,17,42,100,103.00,"10,300.00"
2019-02-04,2019020401004164,GRDBL,57,16,50,102.00,"5,100.00"
2019-02-04,2019020401003999,HBL,4,37,45,440.00,"19,800.00"
2019-02-04,2019020401004297,HIDCL,41,13,56,138.00,"7,728.00"
2019-02-04,2019020401004237,HIDCL,41,42,73,138.00,"10,074.00"
2019-02-04,2019020401004069,HIDCL,4,44,540,139.00,"75,060.00"
2019-02-04,2019020401004043,HIDCL,57,44,200,139.00,"27,800.00"
2019-02-04,2019020401003921,HIDCL,45,44,100,139.00,"13,900.00"
2019-02-04,2019020401003870,HIDCL,41,11,200,138.00,"27,600.00"
2019-02-04,2019020401004290,HPPL,17,42,10,180.00,"1,800.00"
