Date,Transact. No.,Symbol,Buyer,Seller,Quantity,Rate,Amount
2020-01-21,2020012101013770,ADBL,52,44,43,389.00,"16,727.00"
2020-01-21,2020012101013717,ADBL,5,44,10,389.00,"3,890.00"
2020-01-21,2020012101013575,ADBL,57,36,100,388.00,"38,800.00"
2020-01-21,2020012101013549,ADBL,57,35,185,388.00,"71,780.00"
2020-01-21,2020012101013548,ADBL,49,35,25,388.00,"9,700.00"
2020-01-21,2020012101013547,ADBL,22,35,125,388.00,"48,500.00"
2020-01-21,2020012101013381,ADBL,28,44,37,389.00,"14,393.00"
2020-01-21,2020012101013380,ADBL,28,25,63,389.00,"24,507.00"
2020-01-21,2020012101013337,ADBL,22,25,20,389.00,"7,780.00"
2020-01-21,2020012101013660,AHPC,39,55,950,98.00,"93,100.00"
2020-01-21,2020012101013313,AKPL,26,58,10,127.00,"1,270.00"
2020-01-21,2020012101013705,ALICL,50,35,833,484.00,"403,172.00"
2020-01-21,2020012101013691,ALICL,51,44,100,485.00,"48,500.00"
2020-01-21,2020012101013683,ALICL,20,44,50,485.00,"24,250.00"
2020-01-21,2020012101013682,ALICL,20,16,50,485.00,"24,250.00"
2020-01-21,2020012101013650,ALICL,50,37,167,484.00,"80,828.00"
2020-01-21,2020012101013625,ALICL,33,37,333,484.00,"161,172.00"
2020-01-21,2020012101013624,ALICL,33,57,167,484.00,"80,828.00"
2020-01-21,2020012101013500,ALICL,44,57,80,484.00,"38,720.00"
2020-01-21,2020012101013338,ALICL,44,53,20,484.00,"9,680.00"
2020-01-21,2020012101013583,API,25,14,50,127.00,"6,350.00"
2020-01-21,2020012101013563,API,1,25,100,125.00,"12,500.00"
2020-01-21,2020012101013388,API,25,14,50,127.00,"6,350.00"
2020-01-21,2020012101013376,API,1,25,150,125.00,"18,750.00"
2020-01-21,2020012101013375,API,34,25,200,125.00,"25,000.00"
2020-01-21,2020012101013783,BBC,3,39,12,"1,939.00","23,268.00"
2020-01-21,2020012101013608,BBC,10,48,100,"1,901.00","190,100.00"
2020-01-21,2020012101013607,BBC,3,48,100,"1,902.00","190,200.00"
2020-01-21,2020012101013697,BFC,17,46,450,107.00,"48,150.00"
2020-01-21,2020012101013696,BFC,17,14,200,107.00,"21,400.00"
2020-01-21,2020012101013695,BFC,17,39,350,107.00,"37,450.00"
2020-01-21,2020012101013628,BPCL,33,43,10,327.00,"3,270.00"
2020-01-21,2020012101013349,BPCL,22,58,22,324.00,"7,128.00"
2020-01-21,2020012101013326,BPCL,22,58,22,324.00,"7,128.00"
2020-01-21,2020012101013311,BPCL,22,44,10,324.00,"3,240.00"
2020-01-21,2020012101013447,BPCL,34,49,10,322.00,"3,220.00"
2020-01-21,2020012101013446,BPCL,41,49,300,323.00,"96,900.00"
2020-01-21,2020012101013445,BPCL,47,49,17,323.00,"5,491.00"
2020-01-21,2020012101013444,BPCL,22,49,191,324.00,"61,884.00"
2020-01-21,2020012101013402,BPCL,22,58,22,324.00,"7,128.00"
2020-01-21,2020012101013781,CBBL,49,4,10,903.00,"9,030.00"
2020-01-21,2020012101013522,CBBL,34,39,10,890.00,"8,900.00"
2020-01-21,2020012101013521,CBBL,34,39,50,890.00,"44,500.00"
2020-01-21,2020012101013520,CBBL,28,39,343,890.00,"305,270.00"
2020-01-21,2020012101013519,CBBL,35,39,414,891.00,"368,874.00"
2020-01-21,2020012101013454,CBBL,35,4,86,891.00,"76,626.00"
2020-01-21,2020012101013726,CBL,34,38,100,148.00,"14,800.00"
2020-01-21,2020012101013554,CBL,43,37,10,149.00,"1,490.00"
2020-01-21,2020012101013681,CCBL,45,28,60,184.00,"11,040.00"
2020-01-21,2020012101013477,CHCL,28,4,50,427.00,"21,350.00"
2020-01-21,2020012101013315,CHCL,28,37,100,427.00,"42,700.00"
2020-01-21,2020012101013590,CHL,55,34,10,93.00,930.00
2020-01-21,2020012101013769,CIT,19,37,50,"2,233.00","111,650.00"
2020-01-21,2020012101013704,CIT,17,7,50,"2,222.00","111,100.00"
2020-01-21,2020012101013703,CIT,5,7,50,"2,223.00","111,150.00"
2020-01-21,2020012101013740,CLBSL,13,42,11,875.00,"9,625.00"
2020-01-21,2020012101013739,CLBSL,13,7,10,875.00,"8,750.00"
2020-01-21,2020012101013738,CLBSL,13,39,42,875.00,"36,750.00"
2020-01-21,2020012101013737,CLBSL,13,56,90,870.00,"78,300.00"
2020-01-21,2020012101013736,CLBSL,13,17,17,865.00,"14,705.00"
2020-01-21,2020012101013449,CLBSL,25,51,11,860.00,"9,460.00"
2020-01-21,2020012101013678,CZBIL,57,50,50,201.00,"10,050.00"
2020-01-21,2020012101013493,CZBIL,28,50,200,201.00,"40,200.00"
2020-01-21,2020012101013711,DDBL,35,42,100,"1,030.00","103,000.00"
2020-01-21,2020012101013434,DDBL,49,49,"1,388","1,029.00","1,428,252.00"
2020-01-21,2020012101013305,DDBL,42,42,100,"1,030.00","103,000.00"
2020-01-21,2020012101013304,DDBL,21,42,20,"1,030.00","20,600.00"
2020-01-21,2020012101013303,DDBL,42,42,20,"1,031.00","20,620.00"
2020-01-21,2020012101013302,DDBL,53,42,23,"1,033.00","23,759.00"
2020-01-21,2020012101013301,DDBL,19,42,200,"1,033.00","206,600.00"
2020-01-21,2020012101013300,DDBL,33,42,28,"1,035.00","28,980.00"
2020-01-21,2020012101013299,DDBL,11,42,50,"1,035.00","51,750.00"
2020-01-21,2020012101013728,EBL,26,42,14,628.00,"8,792.00"
2020-01-21,2020012101013794,EDBL,52,36,100,335.00,"33,500.00"
2020-01-21,2020012101013504,EIC,45,17,100,354.00,"35,400.00"
2020-01-21,2020012101013462,EIC,38,33,389,348.00,"135,372.00"
2020-01-21,2020012101013461,EIC,21,33,50,349.00,"17,450.00"
2020-01-21,2020012101013460,EIC,18,33,21,349.00,"7,329.00"
2020-01-21,2020012101013459,EIC,32,33,40,350.00,"14,000.00"
2020-01-21,2020012101013436,EIC,32,33,460,350.00,"161,000.00"
2020-01-21,2020012101013435,EIC,5,33,40,350.00,"14,000.00"
2020-01-21,2020012101013395,EIC,38,17,10,354.00,"3,540.00"
2020-01-21,2020012101013394,EIC,38,43,10,353.00,"3,530.00"
2020-01-21,2020012101013333,EIC,46,43,190,353.00,"67,070.00"
2020-01-21,2020012101013761,FMDBL,22,53,350,416.00,"145,600.00"
2020-01-21,2020012101013486,FMDBL,45,53,50,418.00,"20,900.00"
2020-01-21,2020012101013485,FMDBL,45,36,100,418.00,"41,800.00"
2020-01-21,2020012101013443,FMDBL,26,53,200,417.00,"83,400.00"
2020-01-21,2020012101013348,FMDBL,28,6,100,418.00,"41,800.00"
2020-01-21,2020012101013550,FOWAD,50,43,50,"1,251.00","62,550.00"
2020-01-21,2020012101013341,FOWAD,50,42,42,"1,251.00","52,542.00"
2020-01-21,2020012101013340,FOWAD,17,42,10,"1,251.00","12,510.00"
2020-01-21,2020012101013339,FOWAD,38,42,190,"1,251.00","237,690.00"
2020-01-21,2020012101013772,GBBL,39,13,48,233.00,"11,184.00"
2020-01-21,2020012101013698,GBBL,28,13,100,233.00,"23,300.00"
2020-01-21,2020012101013474,GBIME,34,58,"1,802",304.00,"547,808.00"
2020-01-21,2020012101013453,GBIME,34,58,901,304.00,"273,904.00"
2020-01-21,2020012101013374,GBIME,34,58,"2,770",304.00,"842,080.00"
2020-01-21,2020012101013373,GBIME,14,58,500,304.00,"152,000.00"
2020-01-21,2020012101013372,GBIME,1,58,250,304.00,"76,000.00"
2020-01-21,2020012101013371,GBIME,55,58,500,304.00,"152,000.00"
2020-01-21,2020012101013358,GBIME,33,58,100,304.00,"30,400.00"
2020-01-21,2020012101013357,GBIME,39,58,300,304.00,"91,200.00"
2020-01-21,2020012101013356,GBIME,59,58,"2,302",304.00,"699,808.00"
2020-01-21,2020012101013364,GBIME,7,58,"1,000",304.00,"304,000.00"
2020-01-21,2020012101013363,GBIME,35,58,"1,000",304.00,"304,000.00"
2020-01-21,2020012101013362,GBIME,26,58,500,304.00,"152,000.00"
2020-01-21,2020012101013361,GBIME,11,58,100,304.00,"30,400.00"
2020-01-21,2020012101013360,GBIME,26,58,"1,000",304.00,"304,000.00"
2020-01-21,2020012101013359,GBIME,47,58,450,304.00,"136,800.00"
2020-01-21,2020012101013370,GBIME,26,58,"1,000",304.00,"304,000.00"
2020-01-21,2020012101013369,GBIME,45,58,"1,000",304.00,"304,000.00"
2020-01-21,2020012101013368,GBIME,48,58,20,304.00,"6,080.00"
2020-01-21,2020012101013367,GBIME,7,58,500,304.00,"152,000.00"
2020-01-21,2020012101013366,GBIME,35,58,100,304.00,"30,400.00"
2020-01-21,2020012101013365,GBIME,42,58,"1,000",304.00,"304,000.00"
2020-01-21,2020012101013759,GBLBS,46,34,290,412.00,"119,480.00"
2020-01-21,2020012101013733,GBLBS,13,34,10,412.00,"4,120.00"
2020-01-21,2020012101013532,GBLBS,44,46,500,410.00,"205,000.00"
2020-01-21,2020012101013518,GILB,34,41,10,"1,310.00","13,100.00"
2020-01-21,2020012101013439,GILB,34,34,10,"1,285.00","12,850.00"
2020-01-21,2020012101013713,GLBSL,47,58,35,660.00,"23,100.00"
2020-01-21,2020012101013712,GLBSL,47,56,15,655.00,"9,825.00"
2020-01-21,2020012101013780,GLICL,16,38,166,682.00,"113,212.00"
2020-01-21,2020012101013677,GLICL,50,53,28,683.00,"19,124.00"
2020-01-21,2020012101013676,GLICL,50,6,172,683.00,"117,476.00"
2020-01-21,2020012101013667,GLICL,14,6,50,683.00,"34,150.00"
2020-01-21,2020012101013639,GLICL,16,34,50,682.00,"34,100.00"
2020-01-21,2020012101013638,GLICL,16,7,36,682.00,"24,552.00"
2020-01-21,2020012101013533,GLICL,7,57,100,680.00,"68,000.00"
2020-01-21,2020012101013516,GLICL,7,5,271,679.00,"184,009.00"
2020-01-21,2020012101013515,GLICL,7,43,800,679.00,"543,200.00"
2020-01-21,2020012101013514,GLICL,7,57,32,675.00,"21,600.00"
2020-01-21,2020012101013513,GLICL,7,8,450,674.00,"303,300.00"
2020-01-21,2020012101013562,GLICL,21,26,250,683.00,"170,750.00"
2020-01-21,2020012101013558,GLICL,48,26,100,683.00,"68,300.00"
2020-01-21,2020012101013546,GLICL,16,19,50,682.00,"34,100.00"
2020-01-21,2020012101013545,GLICL,16,33,300,682.00,"204,600.00"
2020-01-21,2020012101013544,GLICL,16,53,36,682.00,"24,552.00"
2020-01-21,2020012101013543,GLICL,16,49,600,682.00,"409,200.00"
2020-01-21,2020012101013637,GLICL,16,7,14,682.00,"9,548.00"
2020-01-21,2020012101013582,GLICL,16,6,208,683.00,"142,064.00"
2020-01-21,2020012101013581,GLICL,16,45,100,683.00,"68,300.00"
2020-01-21,2020012101013580,GLICL,16,6,110,683.00,"75,130.00"
2020-01-21,2020012101013579,GLICL,16,42,70,683.00,"47,810.00"
2020-01-21,2020012101013578,GLICL,16,26,12,683.00,"8,196.00"
2020-01-21,2020012101013510,GMFBS,28,17,15,786.00,"11,790.00"
2020-01-21,2020012101013509,GMFBS,28,55,65,784.00,"50,960.00"
2020-01-21,2020012101013508,GMFBS,28,55,50,783.00,"39,150.00"
2020-01-21,2020012101013397,GMFBS,28,55,35,784.00,"27,440.00"
2020-01-21,2020012101013386,GMFBS,28,21,40,781.00,"31,240.00"
2020-01-21,2020012101013385,GMFBS,28,43,50,780.00,"39,000.00"
2020-01-21,2020012101013384,GMFBS,28,47,50,779.00,"38,950.00"
2020-01-21,2020012101013383,GMFBS,28,56,25,778.00,"19,450.00"
2020-01-21,2020012101013382,GMFBS,28,47,50,777.00,"38,850.00"
2020-01-21,2020012101013602,GUFL,34,18,290,134.00,"38,860.00"
2020-01-21,2020012101013767,HDL,16,28,10,"1,274.00","12,740.00"
2020-01-21,2020012101013714,HDL,54,58,50,"1,266.00","63,300.00"
2020-01-21,2020012101013635,HDL,41,21,40,"1,270.00","50,800.00"
2020-01-21,2020012101013600,HDL,54,21,10,"1,270.00","12,700.00"
2020-01-21,2020012101013731,HGI,17,6,100,360.00,"36,000.00"
2020-01-21,2020012101013707,HIDCL,56,34,10,142.00,"1,420.00"
2020-01-21,2020012101013706,HIDCL,56,48,136,141.00,"19,176.00"
2020-01-21,2020012101013438,HIDCL,26,56,"1,000",140.00,"140,000.00"
2020-01-21,2020012101013437,HIDCL,8,56,581,140.00,"81,340.00"
2020-01-21,2020012101013542,HURJA,17,14,20,112.00,"2,240.00"
2020-01-21,2020012101013541,HURJA,17,34,20,109.00,"2,180.00"
2020-01-21,2020012101013425,ILBS,57,29,200,825.00,"165,000.00"
2020-01-21,2020012101013387,ILBS,53,29,200,825.00,"165,000.00"
2020-01-21,2020012101013793,JBBL,49,19,178,178.00,"31,684.00"
2020-01-21,2020012101013792,JBBL,19,19,22,178.00,"3,916.00"
2020-01-21,2020012101013760,JBBL,14,49,10,179.00,"1,790.00"
2020-01-21,2020012101013720,JFL,42,6,10,189.00,"1,890.00"
2020-01-21,2020012101013630,JSLBB,42,19,28,"1,385.00","38,780.00"
2020-01-21,2020012101013629,JSLBB,7,19,72,"1,390.00","100,080.00"
2020-01-21,2020012101013584,JSLBB,7,34,22,"1,390.00","30,580.00"
2020-01-21,2020012101013451,JSLBB,7,42,14,"1,390.00","19,460.00"
2020-01-21,2020012101013670,KBL,52,19,184,200.00,"36,800.00"
2020-01-21,2020012101013659,KBL,52,45,279,200.00,"55,800.00"
2020-01-21,2020012101013658,KBL,39,45,50,200.00,"10,000.00"
2020-01-21,2020012101013657,KBL,38,45,23,200.00,"4,600.00"
2020-01-21,2020012101013442,KPCL,56,52,10,96.00,960.00
2020-01-21,2020012101013661,KSBBL,44,1,10,157.00,"1,570.00"
2020-01-21,2020012101013457,KSBBL,16,26,"1,610",156.00,"251,160.00"
2020-01-21,2020012101013613,LBBL,42,19,40,193.00,"7,720.00"
2020-01-21,2020012101013612,LBBL,32,19,500,193.00,"96,500.00"
2020-01-21,2020012101013538,LBBL,59,16,100,194.00,"19,400.00"
2020-01-21,2020012101013692,LBBL,57,19,100,193.00,"19,300.00"
2020-01-21,2020012101013614,LBBL,44,19,100,193.00,"19,300.00"
2020-01-21,2020012101013755,LBL,58,52,235,215.00,"50,525.00"
2020-01-21,2020012101013719,LBL,45,52,100,216.00,"21,600.00"
2020-01-21,2020012101013718,LBL,52,52,200,216.00,"43,200.00"
2020-01-21,2020012101013673,LGIL,33,41,300,440.00,"132,000.00"
2020-01-21,2020012101013627,LGIL,38,34,500,437.00,"218,500.00"
2020-01-21,2020012101013626,LGIL,38,50,200,436.00,"87,200.00"
2020-01-21,2020012101013597,LGIL,33,50,200,434.00,"86,800.00"
2020-01-21,2020012101013587,LGIL,43,26,191,433.00,"82,703.00"
2020-01-21,2020012101013672,MBL,56,49,100,237.00,"23,700.00"
2020-01-21,2020012101013671,MBL,28,49,700,237.00,"165,900.00"
2020-01-21,2020012101013325,MBL,34,37,"1,000",236.00,"236,000.00"
2020-01-21,2020012101013452,MEGA,32,10,"1,000",205.00,"205,000.00"
2020-01-21,2020012101013336,MEGA,28,49,165,206.00,"33,990.00"
2020-01-21,2020012101013335,MEGA,28,4,35,206.00,"7,210.00"
2020-01-21,2020012101013754,MERO,28,13,10,649.00,"6,490.00"
2020-01-21,2020012101013669,MERO,46,39,100,645.00,"64,500.00"
2020-01-21,2020012101013309,MERO,59,13,173,649.00,"112,277.00"
2020-01-21,2020012101013308,MERO,59,41,175,649.00,"113,575.00"
2020-01-21,2020012101013307,MERO,59,41,137,645.00,"88,365.00"
2020-01-21,2020012101013306,MERO,59,33,15,645.00,"9,675.00"
2020-01-21,2020012101013709,MFIL,3,19,50,212.00,"10,600.00"
2020-01-21,2020012101013753,MNBBL,25,58,146,321.00,"46,866.00"
2020-01-21,2020012101013748,MNBBL,47,58,200,321.00,"64,200.00"
2020-01-21,2020012101013747,MNBBL,49,58,120,321.00,"38,520.00"
2020-01-21,2020012101013746,MNBBL,25,58,40,321.00,"12,840.00"
2020-01-21,2020012101013745,MNBBL,28,58,165,321.00,"52,965.00"
2020-01-21,2020012101013744,MNBBL,28,58,100,322.00,"32,200.00"
2020-01-21,2020012101013598,MNBBL,44,28,150,324.00,"48,600.00"
2020-01-21,2020012101013743,MNBBL,57,58,300,322.00,"96,600.00"
2020-01-21,2020012101013742,MNBBL,52,58,50,323.00,"16,150.00"
2020-01-21,2020012101013741,MNBBL,8,58,500,323.00,"161,500.00"
2020-01-21,2020012101013674,MNBBL,42,28,200,324.00,"64,800.00"
2020-01-21,2020012101013569,MPFL,26,16,10,146.00,"1,460.00"
2020-01-21,2020012101013355,MSLB,42,53,10,901.00,"9,010.00"
2020-01-21,2020012101013354,MSLB,58,53,50,901.00,"45,050.00"
2020-01-21,2020012101013353,MSLB,58,53,50,901.00,"45,050.00"
2020-01-21,2020012101013352,MSLB,37,53,100,902.00,"90,200.00"
2020-01-21,2020012101013351,MSLB,45,53,20,902.00,"18,040.00"
2020-01-21,2020012101013350,MSLB,13,53,20,902.00,"18,040.00"
2020-01-21,2020012101013317,MSLB,55,33,100,917.00,"91,700.00"
2020-01-21,2020012101013316,MSLB,14,33,100,918.00,"91,800.00"
2020-01-21,2020012101013574,MSMBS,17,36,10,749.00,"7,490.00"
2020-01-21,2020012101013424,MSMBS,32,36,10,749.00,"7,490.00"
2020-01-21,2020012101013423,MSMBS,32,49,100,748.00,"74,800.00"
2020-01-21,2020012101013422,MSMBS,32,48,50,740.00,"37,000.00"
2020-01-21,2020012101013763,NABIL,43,36,457,755.00,"345,035.00"
2020-01-21,2020012101013762,NABIL,43,36,43,755.00,"32,465.00"
2020-01-21,2020012101013721,NABIL,57,36,40,755.00,"30,200.00"
2020-01-21,2020012101013588,NABIL,3,36,100,755.00,"75,500.00"
2020-01-21,2020012101013499,NABIL,55,49,86,752.00,"64,672.00"
2020-01-21,2020012101013498,NABIL,57,49,10,752.00,"7,520.00"
2020-01-21,2020012101013497,NABIL,26,49,88,752.00,"66,176.00"
2020-01-21,2020012101013496,NABIL,35,49,66,753.00,"49,698.00"
2020-01-21,2020012101013495,NABIL,43,49,50,753.00,"37,650.00"
2020-01-21,2020012101013347,NABIL,26,51,112,752.00,"84,224.00"
2020-01-21,2020012101013722,NADEP,44,25,100,620.00,"62,000.00"
2020-01-21,2020012101013419,NADEP,58,38,23,620.00,"14,260.00"
2020-01-21,2020012101013418,NADEP,58,46,400,620.00,"248,000.00"
2020-01-21,2020012101013688,NBB,52,36,150,206.00,"30,900.00"
2020-01-21,2020012101013687,NBB,56,36,"1,113",206.00,"229,278.00"
2020-01-21,2020012101013686,NBB,25,36,200,206.00,"41,200.00"
2020-01-21,2020012101013685,NBB,42,36,250,206.00,"51,500.00"
2020-01-21,2020012101013684,NBB,11,36,185,206.00,"38,110.00"
2020-01-21,2020012101013646,NBL,29,55,100,278.00,"27,800.00"
2020-01-21,2020012101013531,NBL,29,19,240,278.00,"66,720.00"
2020-01-21,2020012101013530,NBL,32,19,500,278.00,"139,000.00"
2020-01-21,2020012101013529,NBL,8,19,100,278.00,"27,800.00"
2020-01-21,2020012101013528,NBL,34,19,160,278.00,"44,480.00"
2020-01-21,2020012101013517,NBL,34,28,150,279.00,"41,850.00"
2020-01-21,2020012101013480,NBL,34,28,100,279.00,"27,900.00"
2020-01-21,2020012101013448,NBL,34,28,100,279.00,"27,900.00"
2020-01-21,2020012101013415,NBL,34,28,100,279.00,"27,900.00"
2020-01-21,2020012101013377,NBL,34,28,80,279.00,"22,320.00"
2020-01-21,2020012101013322,NBL,34,28,200,279.00,"55,800.00"
2020-01-21,2020012101013702,NCCB,33,45,10,205.00,"2,050.00"
2020-01-21,2020012101013656,NCCB,22,33,478,203.00,"97,034.00"
2020-01-21,2020012101013655,NCCB,44,33,500,203.00,"101,500.00"
2020-01-21,2020012101013654,NCCB,10,33,200,203.00,"40,600.00"
2020-01-21,2020012101013653,NCCB,41,33,500,203.00,"101,500.00"
2020-01-21,2020012101013652,NCCB,59,33,300,203.00,"60,900.00"
2020-01-21,2020012101013483,NCCB,49,49,92,203.00,"18,676.00"
2020-01-21,2020012101013475,NCCB,38,44,"1,000",205.00,"205,000.00"
2020-01-21,2020012101013441,NCCB,22,44,30,205.00,"6,150.00"
2020-01-21,2020012101013417,NCCB,38,44,48,205.00,"9,840.00"
2020-01-21,2020012101013416,NCCB,38,25,192,204.00,"39,168.00"
2020-01-21,2020012101013312,NCCB,52,25,200,204.00,"40,800.00"
2020-01-21,2020012101013651,NCCB,29,33,"1,022",203.00,"207,466.00"
2020-01-21,2020012101013596,NCCB,29,48,200,203.00,"40,600.00"
2020-01-21,2020012101013512,NCCB,29,48,778,203.00,"157,934.00"
2020-01-21,2020012101013511,NCCB,39,48,42,203.00,"8,526.00"
2020-01-21,2020012101013503,NCCB,39,4,50,203.00,"10,150.00"
2020-01-21,2020012101013484,NCCB,39,49,108,203.00,"21,924.00"
2020-01-21,2020012101013561,NHPC,33,58,22,53.00,"1,166.00"
2020-01-21,2020012101013560,NHPC,57,58,300,53.00,"15,900.00"
2020-01-21,2020012101013559,NHPC,56,58,250,53.00,"13,250.00"
2020-01-21,2020012101013430,NIB,7,4,242,400.00,"96,800.00"
2020-01-21,2020012101013329,NIB,57,4,200,400.00,"80,000.00"
2020-01-21,2020012101013328,NIB,13,4,"1,000",400.00,"400,000.00"
2020-01-21,2020012101013327,NIB,57,4,210,400.00,"84,000.00"
2020-01-21,2020012101013467,NIBPO,34,4,186,376.00,"69,936.00"
2020-01-21,2020012101013466,NIBPO,55,4,500,376.00,"188,000.00"
2020-01-21,2020012101013465,NIBPO,14,4,100,376.00,"37,600.00"
2020-01-21,2020012101013464,NIBPO,8,4,14,376.00,"5,264.00"
2020-01-21,2020012101013537,NIBPO,13,4,50,375.00,"18,750.00"
2020-01-21,2020012101013479,NIBPO,13,4,36,375.00,"13,500.00"
2020-01-21,2020012101013478,NIBPO,34,4,14,376.00,"5,264.00"
2020-01-21,2020012101013634,NIBPO,13,25,284,375.00,"106,500.00"
2020-01-21,2020012101013633,NIBPO,39,25,100,376.00,"37,600.00"
2020-01-21,2020012101013796,NICA,51,4,100,482.00,"48,200.00"
2020-01-21,2020012101013795,NICA,34,4,500,483.00,"241,500.00"
2020-01-21,2020012101013758,NICA,51,4,100,482.00,"48,200.00"
2020-01-21,2020012101013642,NICA,28,38,50,485.00,"24,250.00"
2020-01-21,2020012101013641,NICA,28,56,950,484.00,"459,800.00"
2020-01-21,2020012101013617,NICA,51,4,10,482.00,"4,820.00"
2020-01-21,2020012101013413,NICA,46,38,20,485.00,"9,700.00"
2020-01-21,2020012101013616,NICA,59,4,500,483.00,"241,500.00"
2020-01-21,2020012101013555,NICA,50,56,50,484.00,"24,200.00"
2020-01-21,2020012101013473,NICA,1,32,80,481.00,"38,480.00"
2020-01-21,2020012101013472,NICA,6,32,500,482.00,"241,000.00"
2020-01-21,2020012101013471,NICA,3,32,100,482.00,"48,200.00"
2020-01-21,2020012101013470,NICA,50,32,320,482.00,"154,240.00"
2020-01-21,2020012101013573,NICL,39,45,25,383.00,"9,575.00"
2020-01-21,2020012101013324,NICL,28,45,100,383.00,"38,300.00"
2020-01-21,2020012101013791,NIL,49,53,10,456.00,"4,560.00"
2020-01-21,2020012101013482,NIL,42,55,58,453.00,"26,274.00"
2020-01-21,2020012101013777,NLG,43,45,200,805.00,"161,000.00"
2020-01-21,2020012101013756,NLG,43,13,431,803.00,"346,093.00"
2020-01-21,2020012101013680,NLG,48,13,65,803.00,"52,195.00"
2020-01-21,2020012101013577,NLG,50,32,100,800.00,"80,000.00"
2020-01-21,2020012101013551,NLG,52,32,100,800.00,"80,000.00"
2020-01-21,2020012101013487,NLG,51,39,50,801.00,"40,050.00"
2020-01-21,2020012101013540,NLG,35,32,100,800.00,"80,000.00"
2020-01-21,2020012101013535,NLG,35,6,200,800.00,"160,000.00"
2020-01-21,2020012101013534,NLG,42,6,190,800.00,"152,000.00"
2020-01-21,2020012101013490,NLG,42,39,810,800.00,"648,000.00"
2020-01-21,2020012101013489,NLG,41,39,100,800.00,"80,000.00"
2020-01-21,2020012101013488,NLG,54,39,40,800.00,"32,000.00"
2020-01-21,2020012101013774,NLIC,34,48,100,"1,060.00","106,000.00"
2020-01-21,2020012101013694,NLIC,32,4,25,"1,056.00","26,400.00"
2020-01-21,2020012101013693,NLIC,42,4,75,"1,057.00","79,275.00"
2020-01-21,2020012101013605,NLIC,57,48,100,"1,060.00","106,000.00"
2020-01-21,2020012101013604,NLIC,36,48,100,"1,060.00","106,000.00"
2020-01-21,2020012101013576,NLIC,32,5,50,"1,056.00","52,800.00"
2020-01-21,2020012101013392,NLIC,28,34,100,"1,059.00","105,900.00"
2020-01-21,2020012101013314,NLIC,17,48,25,"1,060.00","26,500.00"
2020-01-21,2020012101013501,NLIC,32,19,22,"1,056.00","23,232.00"
2020-01-21,2020012101013469,NLIC,32,19,22,"1,056.00","23,232.00"
2020-01-21,2020012101013440,NLIC,32,19,22,"1,056.00","23,232.00"
2020-01-21,2020012101013401,NLIC,59,42,5,"1,055.00","5,275.00"
2020-01-21,2020012101013400,NLIC,49,42,10,"1,055.00","10,550.00"
2020-01-21,2020012101013393,NLIC,28,48,500,"1,060.00","530,000.00"
2020-01-21,2020012101013640,NLICL,44,39,950,627.00,"595,650.00"
2020-01-21,2020012101013782,NMB,46,45,18,368.00,"6,624.00"
2020-01-21,2020012101013725,NMB,32,51,"1,093",367.00,"401,131.00"
2020-01-21,2020012101013610,NMB,32,25,"1,437",367.00,"527,379.00"
2020-01-21,2020012101013564,NMB,57,25,250,367.00,"91,750.00"
2020-01-21,2020012101013523,NMB,53,25,500,367.00,"183,500.00"
2020-01-21,2020012101013450,NMB,28,25,100,367.00,"36,700.00"
2020-01-21,2020012101013412,NMB,32,19,121,366.00,"44,286.00"
2020-01-21,2020012101013319,NMB,32,26,500,366.00,"183,000.00"
2020-01-21,2020012101013689,NMBMF,42,57,10,850.00,"8,500.00"
2020-01-21,2020012101013723,NTC,55,32,10,627.00,"6,270.00"
2020-01-21,2020012101013621,NTC,3,28,50,634.00,"31,700.00"
2020-01-21,2020012101013391,NTC,3,6,165,626.00,"103,290.00"
2020-01-21,2020012101013390,NTC,6,6,100,626.00,"62,600.00"
2020-01-21,2020012101013346,NTC,25,6,50,627.00,"31,350.00"
2020-01-21,2020012101013345,NTC,10,6,35,627.00,"21,945.00"
2020-01-21,2020012101013481,NUBL,53,44,48,900.00,"43,200.00"
2020-01-21,2020012101013468,OHL,44,50,20,523.00,"10,460.00"
2020-01-21,2020012101013752,PCBL,5,55,10,274.00,"2,740.00"
2020-01-21,2020012101013615,PCBL,52,42,100,273.00,"27,300.00"
2020-01-21,2020012101013420,PCBL,13,32,147,271.00,"39,837.00"
2020-01-21,2020012101013344,PCBL,6,32,53,271.00,"14,363.00"
2020-01-21,2020012101013343,PCBL,41,32,500,271.00,"135,500.00"
2020-01-21,2020012101013645,PIC,38,56,400,540.00,"216,000.00"
2020-01-21,2020012101013644,PIC,38,52,46,539.00,"24,794.00"
2020-01-21,2020012101013643,PIC,38,22,50,539.00,"26,950.00"
2020-01-21,2020012101013492,PIC,43,52,100,540.00,"54,000.00"
2020-01-21,2020012101013708,PICL,57,34,10,670.00,"6,700.00"
2020-01-21,2020012101013601,PICL,41,36,700,661.00,"462,700.00"
2020-01-21,2020012101013556,PICL,41,4,100,661.00,"66,100.00"
2020-01-21,2020012101013715,PLIC,34,29,500,500.00,"250,000.00"
2020-01-21,2020012101013710,PLIC,44,41,20,507.00,"10,140.00"
2020-01-21,2020012101013649,PLIC,17,49,100,501.00,"50,100.00"
2020-01-21,2020012101013648,PLIC,53,49,100,501.00,"50,100.00"
2020-01-21,2020012101013647,PLIC,34,49,300,501.00,"150,300.00"
2020-01-21,2020012101013632,PLIC,38,41,10,507.00,"5,070.00"
2020-01-21,2020012101013599,PLIC,34,38,100,501.00,"50,100.00"
2020-01-21,2020012101013570,PLIC,34,38,100,501.00,"50,100.00"
2020-01-21,2020012101013458,PLIC,59,58,30,501.00,"15,030.00"
2020-01-21,2020012101013750,PRIN,7,45,20,425.00,"8,500.00"
2020-01-21,2020012101013749,PRIN,7,51,80,423.00,"33,840.00"
2020-01-21,2020012101013735,PRIN,57,34,100,420.00,"42,000.00"
2020-01-21,2020012101013666,PRIN,41,51,20,423.00,"8,460.00"
2020-01-21,2020012101013593,PRIN,34,11,274,420.00,"115,080.00"
2020-01-21,2020012101013592,PRIN,34,42,40,420.00,"16,800.00"
2020-01-21,2020012101013701,PRVU,32,57,200,254.00,"50,800.00"
2020-01-21,2020012101013700,PRVU,32,34,"1,555",254.00,"394,970.00"
2020-01-21,2020012101013586,PRVU,6,34,435,254.00,"110,490.00"
2020-01-21,2020012101013585,PRVU,6,1,65,254.00,"16,510.00"
2020-01-21,2020012101013456,PRVU,28,34,10,254.00,"2,540.00"
2020-01-21,2020012101013476,RHPC,26,17,46,83.00,"3,818.00"
2020-01-21,2020012101013389,RHPC,49,45,"1,000",83.00,"83,000.00"
2020-01-21,2020012101013507,RSDC,37,33,15,420.00,"6,300.00"
2020-01-21,2020012101013332,SABSL,17,45,10,810.00,"8,100.00"
2020-01-21,2020012101013331,SABSL,17,19,10,810.00,"8,100.00"
2020-01-21,2020012101013330,SABSL,17,44,10,810.00,"8,100.00"
2020-01-21,2020012101013455,SAPDBL,32,35,462,151.00,"69,762.00"
2020-01-21,2020012101013734,SBI,16,37,89,425.00,"37,825.00"
2020-01-21,2020012101013591,SBI,59,59,50,423.00,"21,150.00"
2020-01-21,2020012101013568,SBI,36,36,113,422.00,"47,686.00"
2020-01-21,2020012101013399,SBL,38,51,110,327.00,"35,970.00"
2020-01-21,2020012101013398,SBL,25,51,100,327.00,"32,700.00"
2020-01-21,2020012101013623,SCB,28,28,490,631.00,"309,190.00"
2020-01-21,2020012101013622,SCB,28,28,10,631.00,"6,310.00"
2020-01-21,2020012101013589,SCB,28,28,500,634.00,"317,000.00"
2020-01-21,2020012101013553,SCB,28,28,490,631.00,"309,190.00"
2020-01-21,2020012101013552,SCB,22,28,10,632.00,"6,320.00"
2020-01-21,2020012101013318,SCB,22,50,10,632.00,"6,320.00"
2020-01-21,2020012101013797,SDESI,46,34,10,772.00,"7,720.00"
2020-01-21,2020012101013757,SDESI,34,33,900,773.00,"695,700.00"
2020-01-21,2020012101013716,SDESI,34,33,100,773.00,"77,300.00"
2020-01-21,2020012101013557,SDESI,47,45,10,784.00,"7,840.00"
2020-01-21,2020012101013505,SDESI,46,34,10,772.00,"7,720.00"
2020-01-21,2020012101013463,SHINE,10,44,100,264.00,"26,400.00"
2020-01-21,2020012101013572,SHIVM,52,5,10,527.00,"5,270.00"
2020-01-21,2020012101013571,SHIVM,52,57,190,527.00,"100,130.00"
2020-01-21,2020012101013565,SHIVM,5,6,100,523.00,"52,300.00"
2020-01-21,2020012101013536,SHIVM,33,57,10,527.00,"5,270.00"
2020-01-21,2020012101013429,SHIVM,44,45,50,520.00,"26,000.00"
2020-01-21,2020012101013428,SHIVM,56,45,50,520.00,"26,000.00"
2020-01-21,2020012101013403,SHIVM,10,25,900,523.00,"470,700.00"
2020-01-21,2020012101013320,SHIVM,10,19,100,523.00,"52,300.00"
2020-01-21,2020012101013427,SHIVM,44,45,50,520.00,"26,000.00"
2020-01-21,2020012101013426,SHIVM,44,45,50,521.00,"26,050.00"
2020-01-21,2020012101013407,SHIVM,44,25,50,521.00,"26,050.00"
2020-01-21,2020012101013406,SHIVM,43,25,100,521.00,"52,100.00"
2020-01-21,2020012101013405,SHIVM,49,25,500,522.00,"261,000.00"
2020-01-21,2020012101013404,SHIVM,58,25,150,522.00,"78,300.00"
2020-01-21,2020012101013594,SHL,46,34,137,209.00,"28,633.00"
2020-01-21,2020012101013298,SHL,28,35,100,210.00,"21,000.00"
2020-01-21,2020012101013779,SHPC,56,25,10,212.00,"2,120.00"
2020-01-21,2020012101013766,SIC,28,6,70,675.00,"47,250.00"
2020-01-21,2020012101013765,SIC,28,21,20,675.00,"13,500.00"
2020-01-21,2020012101013764,SIC,28,25,10,674.00,"6,740.00"
2020-01-21,2020012101013414,SICL,28,34,100,980.00,"98,000.00"
2020-01-21,2020012101013323,SIFC,14,59,590,160.00,"94,400.00"
2020-01-21,2020012101013567,SIL,38,43,660,526.00,"347,160.00"
2020-01-21,2020012101013334,SIL,54,44,400,525.00,"210,000.00"
2020-01-21,2020012101013310,SJCL,44,46,10,163.00,"1,630.00"
2020-01-21,2020012101013773,SLBBL,26,3,220,754.00,"165,880.00"
2020-01-21,2020012101013432,SLBBL,14,39,40,753.00,"30,120.00"
2020-01-21,2020012101013431,SLBBL,46,39,40,754.00,"30,160.00"
2020-01-21,2020012101013379,SLBBL,46,45,80,754.00,"60,320.00"
2020-01-21,2020012101013595,SLBBL,57,38,10,760.00,"7,600.00"
2020-01-21,2020012101013433,SLBBL,34,39,20,753.00,"15,060.00"
2020-01-21,2020012101013790,SLICL,17,4,282,401.00,"113,082.00"
2020-01-21,2020012101013789,SLICL,51,4,250,401.00,"100,250.00"
2020-01-21,2020012101013788,SLICL,51,4,100,402.00,"40,200.00"
2020-01-21,2020012101013787,SLICL,6,4,100,402.00,"40,200.00"
2020-01-21,2020012101013786,SLICL,50,4,200,402.00,"80,400.00"
2020-01-21,2020012101013785,SLICL,51,4,30,402.00,"12,060.00"
2020-01-21,2020012101013410,SLICL,42,43,150,406.00,"60,900.00"
2020-01-21,2020012101013409,SLICL,42,43,150,406.00,"60,900.00"
2020-01-21,2020012101013408,SLICL,42,16,662,406.00,"268,772.00"
2020-01-21,2020012101013396,SLICL,14,33,300,405.00,"121,500.00"
2020-01-21,2020012101013378,SLICL,14,5,200,405.00,"81,000.00"
2020-01-21,2020012101013421,SLICL,5,56,100,406.00,"40,600.00"
2020-01-21,2020012101013411,SLICL,42,56,38,406.00,"15,428.00"
2020-01-21,2020012101013603,SLICL,51,4,70,402.00,"28,140.00"
2020-01-21,2020012101013506,SLICL,14,34,84,405.00,"34,020.00"
2020-01-21,2020012101013491,SLICL,14,52,100,405.00,"40,500.00"
2020-01-21,2020012101013675,SLICL,57,56,500,406.00,"203,000.00"
2020-01-21,2020012101013663,SLICL,58,17,191,405.00,"77,355.00"
2020-01-21,2020012101013662,SLICL,58,34,304,405.00,"123,120.00"
2020-01-21,2020012101013636,SLICL,49,34,200,405.00,"81,000.00"
2020-01-21,2020012101013784,SLICL,58,4,38,405.00,"15,390.00"
2020-01-21,2020012101013776,SLICL,58,59,12,405.00,"4,860.00"
2020-01-21,2020012101013775,SLICL,49,59,38,406.00,"15,428.00"
2020-01-21,2020012101013768,SLICL,49,56,162,406.00,"65,772.00"
2020-01-21,2020012101013732,SLICL,34,56,100,406.00,"40,600.00"
2020-01-21,2020012101013699,SLICL,58,16,150,405.00,"60,750.00"
2020-01-21,2020012101013778,SMATA,56,22,10,773.00,"7,730.00"
2020-01-21,2020012101013690,SPDL,53,7,690,100.00,"69,000.00"
2020-01-21,2020012101013668,SRBL,17,28,233,244.00,"56,852.00"
2020-01-21,2020012101013620,SRBL,7,29,353,245.00,"86,485.00"
2020-01-21,2020012101013619,SRBL,7,11,30,245.00,"7,350.00"
2020-01-21,2020012101013618,SRBL,7,58,917,245.00,"224,665.00"
2020-01-21,2020012101013527,SRBL,17,34,400,244.00,"97,600.00"
2020-01-21,2020012101013526,SRBL,17,58,100,244.00,"24,400.00"
2020-01-21,2020012101013525,SRBL,17,25,267,244.00,"65,148.00"
2020-01-21,2020012101013494,SRBL,33,25,500,244.00,"122,000.00"
2020-01-21,2020012101013727,STC,25,28,10,"2,459.00","24,590.00"
2020-01-21,2020012101013724,SWBBL,20,58,40,"1,037.00","41,480.00"
2020-01-21,2020012101013609,TMDBL,57,57,10,180.00,"1,800.00"
2020-01-21,2020012101013664,TRH,51,32,10,312.00,"3,120.00"
2020-01-21,2020012101013502,TRH,51,33,10,318.00,"3,180.00"
2020-01-21,2020012101013771,UIC,5,4,10,385.00,"3,850.00"
2020-01-21,2020012101013665,UPCL,57,53,200,74.00,"14,800.00"
2020-01-21,2020012101013631,UPCL,59,53,"1,000",74.00,"74,000.00"
2020-01-21,2020012101013321,UPCL,42,53,"1,000",75.00,"75,000.00"
2020-01-21,2020012101013730,UPPER,35,58,10,257.00,"2,570.00"
2020-01-21,2020012101013729,UPPER,35,1,20,256.00,"5,120.00"
2020-01-21,2020012101013679,UPPER,38,38,40,256.00,"10,240.00"
2020-01-21,2020012101013611,UPPER,37,58,100,257.00,"25,700.00"
2020-01-21,2020012101013606,UPPER,25,58,20,257.00,"5,140.00"
2020-01-21,2020012101013566,UPPER,52,46,40,255.00,"10,200.00"
2020-01-21,2020012101013539,UPPER,25,58,20,257.00,"5,140.00"
2020-01-21,2020012101013524,UPPER,38,38,40,256.00,"10,240.00"
2020-01-21,2020012101013751,WOMI,22,17,10,960.00,"9,600.00"
2020-01-21,2020012101013342,WOMI,46,26,60,951.00,"57,060.00"
2020-01-21,2020012101013206,ADBL,52,25,50,389.00,"19,450.00"
2020-01-21,2020012101013019,AHPC,28,11,100,97.00,"9,700.00"
2020-01-21,2020012101013084,AKJCL,1,6,20,58.00,"1,160.00"
2020-01-21,2020012101013070,ALICL,7,17,300,483.00,"144,900.00"
2020-01-21,2020012101013063,ALICL,36,41,11,477.00,"5,247.00"
2020-01-21,2020012101013062,ALICL,21,41,100,477.00,"47,700.00"
2020-01-21,2020012101013177,API,25,14,23,127.00,"2,921.00"
2020-01-21,2020012101013149,API,25,45,50,126.00,"6,300.00"
2020-01-21,2020012101013135,API,38,25,250,124.00,"31,000.00"
2020-01-21,2020012101013134,API,49,25,100,124.00,"12,400.00"
2020-01-21,2020012101013041,API,49,42,100,124.00,"12,400.00"
2020-01-21,2020012101013040,API,45,42,500,124.00,"62,000.00"
2020-01-21,2020012101012854,API,43,42,300,125.00,"37,500.00"
2020-01-21,2020012101012853,API,43,1,450,125.00,"56,250.00"
2020-01-21,2020012101012817,BARUN,38,46,10,92.00,920.00
2020-01-21,2020012101012800,BFC,38,41,113,107.00,"12,091.00"
2020-01-21,2020012101013015,BOKL,38,50,581,238.00,"138,278.00"
2020-01-21,2020012101012923,BOKL,38,50,923,238.00,"219,674.00"
2020-01-21,2020012101013285,BPCL,22,58,22,324.00,"7,128.00"
2020-01-21,2020012101013262,BPCL,22,58,11,324.00,"3,564.00"
2020-01-21,2020012101013239,BPCL,47,58,11,323.00,"3,553.00"
2020-01-21,2020012101013189,BPCL,47,58,11,323.00,"3,553.00"
2020-01-21,2020012101013170,BPCL,47,58,11,323.00,"3,553.00"
2020-01-21,2020012101013148,BPCL,45,43,95,327.00,"31,065.00"
2020-01-21,2020012101012881,BPCL,48,49,38,327.00,"12,426.00"
2020-01-21,2020012101012879,BPCL,43,58,11,323.00,"3,553.00"
2020-01-21,2020012101013086,BPCL,33,49,10,327.00,"3,270.00"
2020-01-21,2020012101013066,BPCL,43,58,11,323.00,"3,553.00"
2020-01-21,2020012101013023,BPCL,43,58,11,323.00,"3,553.00"
2020-01-21,2020012101013006,BPCL,43,58,11,323.00,"3,553.00"
2020-01-21,2020012101012989,BPCL,43,58,11,323.00,"3,553.00"
2020-01-21,2020012101013111,BPCL,45,51,93,327.00,"30,411.00"
2020-01-21,2020012101013110,BPCL,45,49,12,327.00,"3,924.00"
2020-01-21,2020012101013123,CCBL,6,56,"2,000",185.00,"370,000.00"
2020-01-21,2020012101013122,CCBL,17,56,88,185.00,"16,280.00"
2020-01-21,2020012101013121,CCBL,49,56,500,185.00,"92,500.00"
2020-01-21,2020012101013120,CCBL,47,56,500,185.00,"92,500.00"
2020-01-21,2020012101013119,CCBL,45,56,137,185.00,"25,345.00"
2020-01-21,2020012101013002,CCBL,45,57,"1,863",185.00,"344,655.00"
2020-01-21,2020012101013001,CCBL,41,57,200,185.00,"37,000.00"
2020-01-21,2020012101013259,CHCL,28,49,289,427.00,"123,403.00"
2020-01-21,2020012101012877,CHCL,28,17,50,427.00,"21,350.00"
2020-01-21,2020012101012818,CHCL,28,17,100,427.00,"42,700.00"
2020-01-21,2020012101012870,CIT,45,56,10,"2,222.00","22,220.00"
2020-01-21,2020012101013235,CZBIL,41,42,12,200.00,"2,400.00"
2020-01-21,2020012101013181,CZBIL,41,20,10,200.00,"2,000.00"
2020-01-21,2020012101012880,CZBIL,41,21,89,200.00,"17,800.00"
2020-01-21,2020012101013205,DDBL,38,17,50,"1,036.00","51,800.00"
2020-01-21,2020012101013169,DDBL,1,17,50,"1,036.00","51,800.00"
2020-01-21,2020012101012988,DDBL,33,56,22,"1,034.00","22,748.00"
2020-01-21,2020012101012987,DDBL,59,56,323,"1,034.00","333,982.00"
2020-01-21,2020012101013284,EBL,22,34,20,630.00,"12,600.00"
2020-01-21,2020012101012834,EBL,26,36,160,628.00,"100,480.00"
2020-01-21,2020012101013166,EIC,22,6,200,352.00,"70,400.00"
2020-01-21,2020012101012882,EIC,55,6,200,352.00,"70,400.00"
2020-01-21,2020012101012840,EIC,37,6,60,352.00,"21,120.00"
2020-01-21,2020012101013144,FOWAD,38,58,10,"1,251.00","12,510.00"
2020-01-21,2020012101013143,FOWAD,45,58,10,"1,251.00","12,510.00"
2020-01-21,2020012101013297,GBIME,59,58,"2,698",304.00,"820,192.00"
2020-01-21,2020012101013296,GBIME,56,58,500,304.00,"152,000.00"
2020-01-21,2020012101013295,GBIME,48,58,500,304.00,"152,000.00"
2020-01-21,2020012101013294,GBIME,59,58,100,304.00,"30,400.00"
2020-01-21,2020012101013293,GBIME,39,58,200,304.00,"60,800.00"
2020-01-21,2020012101013292,GBIME,47,58,100,304.00,"30,400.00"
2020-01-21,2020012101013291,GBIME,58,58,"1,000",304.00,"304,000.00"
2020-01-21,2020012101013290,GBIME,58,58,"3,226",304.00,"980,704.00"
2020-01-21,2020012101013255,GBLBS,52,46,200,410.00,"82,000.00"
2020-01-21,2020012101013228,GBLBS,37,34,10,413.00,"4,130.00"
2020-01-21,2020012101013109,GBLBS,44,7,207,409.00,"84,663.00"
2020-01-21,2020012101013108,GBLBS,4,7,93,409.00,"38,037.00"
2020-01-21,2020012101013107,GBLBS,17,7,200,410.00,"82,000.00"
2020-01-21,2020012101012993,GBLBS,4,4,307,409.00,"125,563.00"
2020-01-21,2020012101012866,GBLBS,37,46,116,410.00,"47,560.00"
2020-01-21,2020012101012865,GBLBS,1,46,250,411.00,"102,750.00"
2020-01-21,2020012101012985,GBLBS,4,4,364,409.00,"148,876.00"
2020-01-21,2020012101012984,GBLBS,36,4,436,409.00,"178,324.00"
2020-01-21,2020012101012983,GBLBS,39,4,200,410.00,"82,000.00"
2020-01-21,2020012101012927,GBLBS,36,46,15,409.00,"6,135.00"
2020-01-21,2020012101012868,GBLBS,36,46,"1,549",409.00,"633,541.00"
2020-01-21,2020012101012867,GBLBS,52,46,85,409.00,"34,765.00"
2020-01-21,2020012101012886,GFCL,43,3,500,148.00,"74,000.00"
2020-01-21,2020012101013048,GIMES1,26,17,"1,000",8.18,"8,180.00"
2020-01-21,2020012101013047,GIMES1,14,17,"1,000",8.19,"8,190.00"
2020-01-21,2020012101013128,GLBSL,34,11,100,650.00,"65,000.00"
2020-01-21,2020012101013258,GLICL,29,5,257,668.00,"171,676.00"
2020-01-21,2020012101013257,GLICL,43,5,200,669.00,"133,800.00"
2020-01-21,2020012101013256,GLICL,51,5,50,669.00,"33,450.00"
2020-01-21,2020012101013244,GLICL,38,8,50,674.00,"33,700.00"
2020-01-21,2020012101012835,GLICL,39,10,100,666.00,"66,600.00"
2020-01-21,2020012101013018,GMFBS,28,14,50,766.00,"38,300.00"
2020-01-21,2020012101012912,GMFBS,28,17,100,766.00,"76,600.00"
2020-01-21,2020012101012911,GMFBS,57,17,100,767.00,"76,700.00"
2020-01-21,2020012101012873,GMFBS,36,17,15,768.00,"11,520.00"
2020-01-21,2020012101012872,GMFBS,5,17,100,768.00,"76,800.00"
2020-01-21,2020012101012871,GMFBS,7,17,90,769.00,"69,210.00"
2020-01-21,2020012101013161,GUFL,49,57,"1,000",135.00,"135,000.00"
2020-01-21,2020012101013118,HDL,55,49,545,"1,260.00","686,700.00"
2020-01-21,2020012101013112,HDL,55,32,28,"1,261.00","35,308.00"
2020-01-21,2020012101013083,HDL,48,58,"1,603","1,260.00","2,019,780.00"
2020-01-21,2020012101013077,HDL,43,58,50,"1,260.00","63,000.00"
2020-01-21,2020012101013074,HDL,57,58,50,"1,260.00","63,000.00"
2020-01-21,2020012101013072,HDL,48,58,500,"1,260.00","630,000.00"
2020-01-21,2020012101013069,HDL,34,58,300,"1,260.00","378,000.00"
2020-01-21,2020012101013051,HDL,57,58,"1,000","1,260.00","1,260,000.00"
2020-01-21,2020012101013046,HDL,38,58,10,"1,260.00","12,600.00"
2020-01-21,2020012101012878,HDL,55,58,50,"1,259.00","62,950.00"
2020-01-21,2020012101013188,HGI,48,35,167,355.00,"59,285.00"
2020-01-21,2020012101013187,HGI,32,35,50,356.00,"17,800.00"
2020-01-21,2020012101013186,HGI,48,35,300,356.00,"106,800.00"
2020-01-21,2020012101013185,HGI,32,35,100,356.00,"35,600.00"
2020-01-21,2020012101013036,HGI,37,42,200,360.00,"72,000.00"
2020-01-21,2020012101013150,HIDCL,57,48,14,141.00,"1,974.00"
2020-01-21,2020012101012982,HIDCL,8,46,61,140.00,"8,540.00"
2020-01-21,2020012101012857,HIDCL,35,13,61,142.00,"8,662.00"
2020-01-21,2020012101012856,HIDCL,35,51,287,142.00,"40,754.00"
2020-01-21,2020012101013030,HPPL,10,46,10,155.00,"1,550.00"
2020-01-21,2020012101013029,HPPL,10,42,10,155.00,"1,550.00"
2020-01-21,2020012101013028,HPPL,10,51,10,155.00,"1,550.00"
2020-01-21,2020012101013027,HPPL,10,42,10,155.00,"1,550.00"
2020-01-21,2020012101013026,HPPL,10,17,10,155.00,"1,550.00"
2020-01-21,2020012101013025,HPPL,10,42,10,155.00,"1,550.00"
2020-01-21,2020012101013117,IGI,28,28,200,409.00,"81,800.00"
2020-01-21,2020012101012847,IGI,34,22,490,405.00,"198,450.00"
2020-01-21,2020012101012846,IGI,17,22,10,406.00,"4,060.00"
2020-01-21,2020012101012842,ILBS,53,29,10,815.00,"8,150.00"
2020-01-21,2020012101012838,ILBS,43,7,100,816.00,"81,600.00"
2020-01-21,2020012101012837,ILBS,22,7,100,816.00,"81,600.00"
2020-01-21,2020012101012813,ILBS,49,25,10,820.00,"8,200.00"
2020-01-21,2020012101013167,JBBL,19,8,78,178.00,"13,884.00"
2020-01-21,2020012101012926,JFL,51,6,100,186.00,"18,600.00"
2020-01-21,2020012101013003,JOSHI,34,58,20,64.00,"1,280.00"
2020-01-21,2020012101013155,JSLBB,7,11,100,"1,390.00","139,000.00"
2020-01-21,2020012101012888,KBL,38,1,450,200.00,"90,000.00"
2020-01-21,2020012101012869,KBL,38,1,"2,322",200.00,"464,400.00"
2020-01-21,2020012101012815,KBL,11,19,200,201.00,"40,200.00"
2020-01-21,2020012101012811,KBL,17,19,200,201.00,"40,200.00"
2020-01-21,2020012101013014,KPCL,56,46,10,95.00,950.00
2020-01-21,2020012101013131,LBBL,42,22,50,193.00,"9,650.00"
2020-01-21,2020012101013274,LGIL,42,26,200,433.00,"86,600.00"
2020-01-21,2020012101013085,LGIL,35,32,50,429.00,"21,450.00"
2020-01-21,2020012101012832,LGIL,44,57,300,422.00,"126,600.00"
2020-01-21,2020012101012831,LGIL,11,57,50,422.00,"21,100.00"
2020-01-21,2020012101012830,LGIL,44,57,250,423.00,"105,750.00"
2020-01-21,2020012101012829,LGIL,45,57,300,423.00,"126,900.00"
2020-01-21,2020012101012828,LGIL,8,57,100,424.00,"42,400.00"
2020-01-21,2020012101012827,LGIL,43,57,300,426.00,"127,800.00"
2020-01-21,2020012101012826,LGIL,13,57,100,426.00,"42,600.00"
2020-01-21,2020012101012825,LGIL,16,57,600,427.00,"256,200.00"
2020-01-21,2020012101013065,MBL,34,3,400,236.00,"94,400.00"
2020-01-21,2020012101012845,MBL,34,57,100,236.00,"23,600.00"
2020-01-21,2020012101012833,MDB,28,33,20,293.00,"5,860.00"
2020-01-21,2020012101012876,MEGA,28,51,200,205.00,"41,000.00"
2020-01-21,2020012101012875,MEGA,28,59,500,205.00,"102,500.00"
2020-01-21,2020012101012874,MEGA,28,36,90,205.00,"18,450.00"
2020-01-21,2020012101012899,MERO,55,33,45,645.00,"29,025.00"
2020-01-21,2020012101012898,MERO,55,42,55,644.00,"35,420.00"
2020-01-21,2020012101013261,MFIL,22,25,10,213.00,"2,130.00"
2020-01-21,2020012101012887,MFIL,43,42,100,210.00,"21,000.00"
2020-01-21,2020012101012812,MFIL,43,25,"1,523",210.00,"319,830.00"
2020-01-21,2020012101013035,MLBL,28,34,149,206.00,"30,694.00"
2020-01-21,2020012101013034,MLBL,4,34,500,206.00,"103,000.00"
2020-01-21,2020012101013033,MLBL,33,34,851,206.00,"175,306.00"
2020-01-21,2020012101013032,MLBL,6,34,500,207.00,"103,500.00"
2020-01-21,2020012101013136,MPFL,47,14,50,144.00,"7,200.00"
2020-01-21,2020012101012889,MSLB,52,51,10,934.00,"9,340.00"
2020-01-21,2020012101013031,MSMBS,32,28,131,737.00,"96,547.00"
2020-01-21,2020012101013253,NABIL,8,36,100,755.00,"75,500.00"
2020-01-21,2020012101013252,NABIL,3,44,200,753.00,"150,600.00"
2020-01-21,2020012101013133,NABIL,17,13,100,754.00,"75,400.00"
2020-01-21,2020012101013132,NABIL,43,13,100,754.00,"75,400.00"
2020-01-21,2020012101013013,NABIL,52,54,24,753.00,"18,072.00"
2020-01-21,2020012101013012,NABIL,29,54,100,753.00,"75,300.00"
2020-01-21,2020012101013011,NABIL,25,54,18,753.00,"13,554.00"
2020-01-21,2020012101012914,NADEP,39,46,100,620.00,"62,000.00"
2020-01-21,2020012101013283,NBB,33,25,175,207.00,"36,225.00"
2020-01-21,2020012101013265,NBB,33,25,225,207.00,"46,575.00"
2020-01-21,2020012101013165,NBB,33,51,97,207.00,"20,079.00"
2020-01-21,2020012101013269,NBL,34,28,80,279.00,"22,320.00"
2020-01-21,2020012101013236,NBL,34,28,100,279.00,"27,900.00"
2020-01-21,2020012101013195,NBL,34,28,100,279.00,"27,900.00"
2020-01-21,2020012101013194,NBL,42,28,50,279.00,"13,950.00"
2020-01-21,2020012101013164,NBL,34,28,100,279.00,"27,900.00"
2020-01-21,2020012101013163,NBL,52,28,600,279.00,"167,400.00"
2020-01-21,2020012101013147,NBL,52,56,400,279.00,"111,600.00"
2020-01-21,2020012101013145,NBL,34,1,100,280.00,"28,000.00"
2020-01-21,2020012101013071,NBL,52,35,"1,000",279.00,"279,000.00"
2020-01-21,2020012101013043,NBL,38,42,200,279.00,"55,800.00"
2020-01-21,2020012101013010,NBL,34,42,100,279.00,"27,900.00"
2020-01-21,2020012101012851,NBL,34,4,100,278.00,"27,800.00"
2020-01-21,2020012101013275,NCCB,52,25,200,204.00,"40,800.00"
2020-01-21,2020012101013242,NCCB,28,25,100,204.00,"20,400.00"
2020-01-21,2020012101013241,NCCB,51,25,100,204.00,"20,400.00"
2020-01-21,2020012101013240,NCCB,41,25,141,204.00,"28,764.00"
2020-01-21,2020012101013215,NCCB,41,41,100,204.00,"20,400.00"
2020-01-21,2020012101013127,NCCB,41,7,59,204.00,"12,036.00"
2020-01-21,2020012101012903,NCCB,37,29,55,204.00,"11,220.00"
2020-01-21,2020012101012864,NCCB,37,42,145,204.00,"29,580.00"
2020-01-21,2020012101012863,NCCB,48,42,200,204.00,"40,800.00"
2020-01-21,2020012101012862,NCCB,36,42,513,204.00,"104,652.00"
2020-01-21,2020012101012909,NCCB,51,29,59,204.00,"12,036.00"
2020-01-21,2020012101012908,NCCB,38,29,500,204.00,"102,000.00"
2020-01-21,2020012101012907,NCCB,13,29,100,204.00,"20,400.00"
2020-01-21,2020012101012906,NCCB,56,29,86,204.00,"17,544.00"
2020-01-21,2020012101012905,NCCB,34,29,100,204.00,"20,400.00"
2020-01-21,2020012101012904,NCCB,1,29,100,204.00,"20,400.00"
2020-01-21,2020012101013126,NCCB,51,7,141,204.00,"28,764.00"
2020-01-21,2020012101013057,NCCB,51,57,159,204.00,"32,436.00"
2020-01-21,2020012101013056,NCCB,46,57,441,204.00,"89,964.00"
2020-01-21,2020012101013042,NCCB,46,57,500,204.00,"102,000.00"
2020-01-21,2020012101012930,NCCB,46,57,259,204.00,"52,836.00"
2020-01-21,2020012101012929,NCCB,51,57,241,204.00,"49,164.00"
2020-01-21,2020012101012839,NGPL,34,42,13,118.00,"1,534.00"
2020-01-21,2020012101013289,NHPC,56,38,"1,000",53.00,"53,000.00"
2020-01-21,2020012101013254,NIB,28,4,100,402.00,"40,200.00"
2020-01-21,2020012101013247,NIB,57,26,40,400.00,"16,000.00"
2020-01-21,2020012101013024,NIB,22,4,300,400.00,"120,000.00"
2020-01-21,2020012101013009,NIB,58,4,30,400.00,"12,000.00"
2020-01-21,2020012101013008,NIB,8,4,100,400.00,"40,000.00"
2020-01-21,2020012101013007,NIB,49,4,100,400.00,"40,000.00"
2020-01-21,2020012101012938,NIB,42,4,115,402.00,"46,230.00"
2020-01-21,2020012101012937,NIB,33,4,100,402.00,"40,200.00"
2020-01-21,2020012101012936,NIB,42,4,100,402.00,"40,200.00"
2020-01-21,2020012101012935,NIB,20,4,59,402.00,"23,718.00"
2020-01-21,2020012101012934,NIB,10,4,31,403.00,"12,493.00"
2020-01-21,2020012101012944,NIB,42,4,30,402.00,"12,060.00"
2020-01-21,2020012101012943,NIB,45,4,350,402.00,"140,700.00"
2020-01-21,2020012101012942,NIB,49,4,100,402.00,"40,200.00"
2020-01-21,2020012101012941,NIB,6,4,200,402.00,"80,400.00"
2020-01-21,2020012101012940,NIB,56,4,"1,000",402.00,"402,000.00"
2020-01-21,2020012101012939,NIB,32,4,300,402.00,"120,600.00"
2020-01-21,2020012101012950,NIB,7,4,102,401.00,"40,902.00"
2020-01-21,2020012101012949,NIB,37,4,100,401.00,"40,100.00"
2020-01-21,2020012101012948,NIB,14,4,200,401.00,"80,200.00"
2020-01-21,2020012101012947,NIB,14,4,100,401.00,"40,100.00"
2020-01-21,2020012101012946,NIB,13,4,500,401.00,"200,500.00"
2020-01-21,2020012101012945,NIB,50,4,200,402.00,"80,400.00"
2020-01-21,2020012101012956,NIB,7,4,500,401.00,"200,500.00"
2020-01-21,2020012101012955,NIB,51,4,221,401.00,"88,621.00"
2020-01-21,2020012101012954,NIB,48,4,100,401.00,"40,100.00"
2020-01-21,2020012101012953,NIB,29,4,450,401.00,"180,450.00"
2020-01-21,2020012101012952,NIB,10,4,50,401.00,"20,050.00"
2020-01-21,2020012101012951,NIB,45,4,50,401.00,"20,050.00"
2020-01-21,2020012101012962,NIB,59,4,"1,000",400.00,"400,000.00"
2020-01-21,2020012101012961,NIB,45,4,200,400.00,"80,000.00"
2020-01-21,2020012101012960,NIB,21,4,150,400.00,"60,000.00"
2020-01-21,2020012101012959,NIB,35,4,300,400.00,"120,000.00"
2020-01-21,2020012101012958,NIB,6,4,100,400.00,"40,000.00"
2020-01-21,2020012101012957,NIB,1,4,200,401.00,"80,200.00"
2020-01-21,2020012101012968,NIB,50,4,200,400.00,"80,000.00"
2020-01-21,2020012101012967,NIB,45,4,100,400.00,"40,000.00"
2020-01-21,2020012101012966,NIB,42,4,100,400.00,"40,000.00"
2020-01-21,2020012101012965,NIB,42,4,"1,000",400.00,"400,000.00"
2020-01-21,2020012101012964,NIB,35,4,100,400.00,"40,000.00"
2020-01-21,2020012101012963,NIB,41,4,50,400.00,"20,000.00"
2020-01-21,2020012101012974,NIB,13,4,192,400.00,"76,800.00"
2020-01-21,2020012101012973,NIB,58,4,50,400.00,"20,000.00"
2020-01-21,2020012101012972,NIB,14,4,50,400.00,"20,000.00"
2020-01-21,2020012101012971,NIB,1,4,100,400.00,"40,000.00"
2020-01-21,2020012101012970,NIB,44,4,100,400.00,"40,000.00"
2020-01-21,2020012101012969,NIB,6,4,50,400.00,"20,000.00"
2020-01-21,2020012101012900,NIBPO,44,25,200,377.00,"75,400.00"
2020-01-21,2020012101013208,NICA,50,4,80,482.00,"38,560.00"
2020-01-21,2020012101013207,NICA,48,4,20,483.00,"9,660.00"
2020-01-21,2020012101013193,NICA,48,4,80,483.00,"38,640.00"
2020-01-21,2020012101013192,NICA,51,4,30,483.00,"14,490.00"
2020-01-21,2020012101013191,NICA,42,4,"3,000",483.00,"1,449,000.00"
2020-01-21,2020012101013190,NICA,17,4,90,484.00,"43,560.00"
2020-01-21,2020012101012848,NICA,32,42,96,484.00,"46,464.00"
2020-01-21,2020012101012998,NICA,28,4,851,485.00,"412,735.00"
2020-01-21,2020012101012981,NICA,28,4,152,485.00,"73,720.00"
2020-01-21,2020012101012980,NICA,28,4,51,485.00,"24,735.00"
2020-01-21,2020012101012979,NICA,28,58,500,485.00,"242,500.00"
2020-01-21,2020012101012978,NICA,28,10,297,485.00,"144,045.00"
2020-01-21,2020012101012925,NICA,28,58,"1,000",484.00,"484,000.00"
2020-01-21,2020012101013183,NICA,17,42,10,484.00,"4,840.00"
2020-01-21,2020012101013080,NICA,34,19,200,484.00,"96,800.00"
2020-01-21,2020012101013049,NICA,19,48,500,484.00,"242,000.00"
2020-01-21,2020012101013020,NICA,19,34,500,484.00,"242,000.00"
2020-01-21,2020012101013000,NICA,28,49,10,486.00,"4,860.00"
2020-01-21,2020012101012999,NICA,28,4,75,485.00,"36,375.00"
2020-01-21,2020012101013174,NIL,21,16,100,455.00,"45,500.00"
2020-01-21,2020012101013173,NIL,21,16,100,455.00,"45,500.00"
2020-01-21,2020012101013172,NIL,21,47,100,455.00,"45,500.00"
2020-01-21,2020012101013171,NIL,21,29,325,455.00,"147,875.00"
2020-01-21,2020012101013045,NIL,45,29,10,455.00,"4,550.00"
2020-01-21,2020012101013102,NLG,20,39,30,802.00,"24,060.00"
2020-01-21,2020012101013106,NLG,54,39,10,800.00,"8,000.00"
2020-01-21,2020012101013105,NLG,55,39,100,800.00,"80,000.00"
2020-01-21,2020012101013104,NLG,29,39,150,801.00,"120,150.00"
2020-01-21,2020012101013103,NLG,26,39,50,801.00,"40,050.00"
2020-01-21,2020012101013288,NLIC,49,19,12,"1,055.00","12,660.00"
2020-01-21,2020012101013287,NLIC,52,19,10,"1,055.00","10,550.00"
2020-01-21,2020012101013232,NLIC,3,25,242,"1,055.00","255,310.00"
2020-01-21,2020012101013231,NLIC,28,25,490,"1,057.00","517,930.00"
2020-01-21,2020012101013230,NLIC,57,25,168,"1,058.00","177,744.00"
2020-01-21,2020012101013229,NLIC,51,25,100,"1,059.00","105,900.00"
2020-01-21,2020012101012893,NLIC,1,34,50,"1,057.00","52,850.00"
2020-01-21,2020012101012892,NLIC,57,34,44,"1,058.00","46,552.00"
2020-01-21,2020012101013101,NLIC,57,38,32,"1,058.00","33,856.00"
2020-01-21,2020012101013100,NLIC,34,42,58,"1,062.00","61,596.00"
2020-01-21,2020012101013079,NLIC,48,42,42,"1,062.00","44,604.00"
2020-01-21,2020012101013017,NLIC,28,34,10,"1,057.00","10,570.00"
2020-01-21,2020012101012924,NLIC,56,36,400,"1,060.00","424,000.00"
2020-01-21,2020012101012910,NLIC,56,36,100,"1,060.00","106,000.00"
2020-01-21,2020012101013016,NLICL,25,6,10,632.00,"6,320.00"
2020-01-21,2020012101013237,NMB,32,19,24,366.00,"8,784.00"
2020-01-21,2020012101013204,NMB,32,46,"1,325",366.00,"484,950.00"
2020-01-21,2020012101013203,NMB,52,46,425,366.00,"155,550.00"
2020-01-21,2020012101013078,NMB,52,3,63,366.00,"23,058.00"
2020-01-21,2020012101013277,NTC,38,6,10,628.00,"6,280.00"
2020-01-21,2020012101013271,NTC,10,6,465,627.00,"291,555.00"
2020-01-21,2020012101013246,NTC,54,6,50,628.00,"31,400.00"
2020-01-21,2020012101013245,NTC,43,6,10,628.00,"6,280.00"
2020-01-21,2020012101013210,NTC,26,6,35,629.00,"22,015.00"
2020-01-21,2020012101013180,NTC,26,6,15,629.00,"9,435.00"
2020-01-21,2020012101013179,NTC,7,6,90,629.00,"56,610.00"
2020-01-21,2020012101013146,NTC,25,6,80,630.00,"50,400.00"
2020-01-21,2020012101013273,OHL,56,57,253,517.00,"130,801.00"
2020-01-21,2020012101013251,OHL,44,34,50,516.00,"25,800.00"
2020-01-21,2020012101013250,OHL,44,34,50,516.00,"25,800.00"
2020-01-21,2020012101013176,OHL,6,57,500,517.00,"258,500.00"
2020-01-21,2020012101013175,OHL,45,57,100,517.00,"51,700.00"
2020-01-21,2020012101012858,OHL,38,57,47,525.00,"24,675.00"
2020-01-21,2020012101012859,OHL,25,57,100,524.00,"52,400.00"
2020-01-21,2020012101013162,PCBL,6,50,114,271.00,"30,894.00"
2020-01-21,2020012101012806,PCBL,6,42,333,271.00,"90,243.00"
2020-01-21,2020012101012805,PCBL,22,42,"1,000",271.00,"271,000.00"
2020-01-21,2020012101012804,PCBL,26,42,100,271.00,"27,100.00"
2020-01-21,2020012101012803,PCBL,58,42,414,271.00,"112,194.00"
2020-01-21,2020012101012802,PCBL,33,42,100,272.00,"27,200.00"
2020-01-21,2020012101012801,PCBL,42,42,53,272.00,"14,416.00"
2020-01-21,2020012101012933,PFL,44,34,437,156.00,"68,172.00"
2020-01-21,2020012101012932,PFL,50,34,63,156.00,"9,828.00"
2020-01-21,2020012101013248,PIC,36,52,74,540.00,"39,960.00"
2020-01-21,2020012101013227,PIC,36,48,480,540.00,"259,200.00"
2020-01-21,2020012101013226,PIC,36,3,150,540.00,"81,000.00"
2020-01-21,2020012101013225,PIC,36,8,35,540.00,"18,900.00"
2020-01-21,2020012101013224,PIC,36,51,11,538.00,"5,918.00"
2020-01-21,2020012101013223,PIC,36,42,150,535.00,"80,250.00"
2020-01-21,2020012101013184,PIC,32,42,50,535.00,"26,750.00"
2020-01-21,2020012101013264,PLIC,34,26,"1,000",500.00,"500,000.00"
2020-01-21,2020012101013263,PLIC,34,26,700,500.00,"350,000.00"
2020-01-21,2020012101013249,PLIC,17,58,474,501.00,"237,474.00"
2020-01-21,2020012101013222,PLIC,17,58,26,501.00,"13,026.00"
2020-01-21,2020012101013221,PLIC,53,58,100,502.00,"50,200.00"
2020-01-21,2020012101012975,PLIC,34,59,40,504.00,"20,160.00"
2020-01-21,2020012101012849,PLIC,38,11,100,503.00,"50,300.00"
2020-01-21,2020012101013220,PLIC,38,58,100,502.00,"50,200.00"
2020-01-21,2020012101013219,PLIC,6,58,74,505.00,"37,370.00"
2020-01-21,2020012101013099,PLIC,6,6,126,505.00,"63,630.00"
2020-01-21,2020012101013073,PLIC,28,45,200,509.00,"101,800.00"
2020-01-21,2020012101012977,PLIC,34,59,500,506.00,"253,000.00"
2020-01-21,2020012101012976,PLIC,34,17,200,505.00,"101,000.00"
2020-01-21,2020012101013238,PMHPL,7,58,10,94.00,940.00
2020-01-21,2020012101013138,PMHPL,6,59,50,95.00,"4,750.00"
2020-01-21,2020012101013116,PPCL,6,10,10,138.00,"1,380.00"
2020-01-21,2020012101013115,PPCL,6,17,10,137.00,"1,370.00"
2020-01-21,2020012101013114,PPCL,6,43,30,137.00,"4,110.00"
2020-01-21,2020012101013113,PPCL,6,51,100,136.00,"13,600.00"
2020-01-21,2020012101013211,PRIN,57,42,50,420.00,"21,000.00"
2020-01-21,2020012101013151,PRIN,49,42,10,420.00,"4,200.00"
2020-01-21,2020012101013137,PRIN,5,26,350,419.00,"146,650.00"
2020-01-21,2020012101013076,PRIN,53,26,350,419.00,"146,650.00"
2020-01-21,2020012101013075,PRIN,53,7,50,419.00,"20,950.00"
2020-01-21,2020012101013098,PRVU,46,42,44,252.00,"11,088.00"
2020-01-21,2020012101012850,PRVU,8,1,80,254.00,"20,320.00"
2020-01-21,2020012101012996,PRVU,53,1,100,254.00,"25,400.00"
2020-01-21,2020012101012995,PRVU,28,1,500,254.00,"127,000.00"
2020-01-21,2020012101012994,PRVU,32,1,135,254.00,"34,290.00"
2020-01-21,2020012101012885,PRVU,32,34,365,254.00,"92,710.00"
2020-01-21,2020012101012884,PRVU,8,34,125,254.00,"31,750.00"
2020-01-21,2020012101013091,PRVU,25,42,200,253.00,"50,600.00"
2020-01-21,2020012101013090,PRVU,38,42,200,253.00,"50,600.00"
2020-01-21,2020012101013089,PRVU,44,42,56,253.00,"14,168.00"
2020-01-21,2020012101013088,PRVU,48,42,"1,000",253.00,"253,000.00"
2020-01-21,2020012101013087,PRVU,25,42,450,253.00,"113,850.00"
2020-01-21,2020012101012997,PRVU,6,1,200,254.00,"50,800.00"
2020-01-21,2020012101013097,PRVU,42,42,500,253.00,"126,500.00"
2020-01-21,2020012101013096,PRVU,49,42,300,253.00,"75,900.00"
2020-01-21,2020012101013095,PRVU,55,42,"1,550",253.00,"392,150.00"
2020-01-21,2020012101013094,PRVU,52,42,200,253.00,"50,600.00"
2020-01-21,2020012101013093,PRVU,22,42,"1,000",253.00,"253,000.00"
2020-01-21,2020012101013092,PRVU,32,42,500,253.00,"126,500.00"
2020-01-21,2020012101013182,RHPC,26,25,500,82.00,"41,000.00"
2020-01-21,2020012101013216,RHPL,43,46,10,173.00,"1,730.00"
2020-01-21,2020012101013058,RHPL,43,29,20,173.00,"3,460.00"
2020-01-21,2020012101013125,RLFL,48,28,482,140.00,"67,480.00"
2020-01-21,2020012101013124,RLFL,48,28,500,139.00,"69,500.00"
2020-01-21,2020012101013038,RLFL,48,28,"1,000",140.00,"140,000.00"
2020-01-21,2020012101013037,RLFL,48,28,518,140.00,"72,520.00"
2020-01-21,2020012101013243,RRHP,47,46,10,99.00,990.00
2020-01-21,2020012101013276,RSDC,28,36,100,419.00,"41,900.00"
2020-01-21,2020012101012798,RSDC,46,39,63,416.00,"26,208.00"
2020-01-21,2020012101013061,SANIMA,11,17,89,353.00,"31,417.00"
2020-01-21,2020012101013060,SANIMA,11,35,300,352.00,"105,600.00"
2020-01-21,2020012101013059,SANIMA,11,44,200,352.00,"70,400.00"
2020-01-21,2020012101013209,SAPDBL,19,10,50,151.00,"7,550.00"
2020-01-21,2020012101013168,SBI,28,37,240,425.00,"102,000.00"
2020-01-21,2020012101013130,SBI,52,50,43,421.00,"18,103.00"
2020-01-21,2020012101013129,SBI,17,50,57,421.00,"23,997.00"
2020-01-21,2020012101013281,SBL,25,28,"1,900",327.00,"621,300.00"
2020-01-21,2020012101013280,SBL,45,28,100,327.00,"32,700.00"
2020-01-21,2020012101013260,SBL,42,26,25,329.00,"8,225.00"
2020-01-21,2020012101013212,SBL,57,26,150,329.00,"49,350.00"
2020-01-21,2020012101013082,SBL,45,26,350,327.00,"114,450.00"
2020-01-21,2020012101013160,SCB,1,39,141,628.00,"88,548.00"
2020-01-21,2020012101013159,SCB,58,39,100,628.00,"62,800.00"
2020-01-21,2020012101013158,SCB,10,39,200,628.00,"125,600.00"
2020-01-21,2020012101013157,SCB,49,39,22,628.00,"13,816.00"
2020-01-21,2020012101013156,SCB,49,39,416,629.00,"261,664.00"
2020-01-21,2020012101013055,SCB,52,39,15,630.00,"9,450.00"
2020-01-21,2020012101012913,SCB,49,45,84,629.00,"52,836.00"
2020-01-21,2020012101012883,SFCL,17,29,300,103.00,"30,900.00"
2020-01-21,2020012101012808,SFCL,50,29,200,103.00,"20,600.00"
2020-01-21,2020012101012807,SFCL,17,29,500,103.00,"51,500.00"
2020-01-21,2020012101013272,SHIVM,33,56,450,524.00,"235,800.00"
2020-01-21,2020012101013268,SHIVM,44,35,100,528.00,"52,800.00"
2020-01-21,2020012101013218,SHIVM,44,49,100,525.00,"52,500.00"
2020-01-21,2020012101013217,SHIVM,49,49,500,525.00,"262,500.00"
2020-01-21,2020012101013142,SHIVM,33,50,50,524.00,"26,200.00"
2020-01-21,2020012101013141,SHIVM,49,50,100,525.00,"52,500.00"
2020-01-21,2020012101012919,SHIVM,56,4,50,527.00,"26,350.00"
2020-01-21,2020012101012918,SHIVM,56,28,250,527.00,"131,750.00"
2020-01-21,2020012101012917,SHIVM,56,45,100,527.00,"52,700.00"
2020-01-21,2020012101013140,SHIVM,8,50,50,526.00,"26,300.00"
2020-01-21,2020012101013064,SHIVM,58,35,10,529.00,"5,290.00"
2020-01-21,2020012101013021,SHIVM,58,50,190,528.00,"100,320.00"
2020-01-21,2020012101012922,SHIVM,56,53,500,528.00,"264,000.00"
2020-01-21,2020012101012921,SHIVM,56,29,200,528.00,"105,600.00"
2020-01-21,2020012101012920,SHIVM,56,33,400,528.00,"211,200.00"
2020-01-21,2020012101013282,SHPC,41,46,22,210.00,"4,620.00"
2020-01-21,2020012101012897,SICL,35,34,98,974.00,"95,452.00"
2020-01-21,2020012101012896,SICL,35,53,50,974.00,"48,700.00"
2020-01-21,2020012101012895,SICL,35,16,16,974.00,"15,584.00"
2020-01-21,2020012101013279,SIFC,11,59,100,160.00,"16,000.00"
2020-01-21,2020012101013278,SIFC,14,59,810,162.00,"131,220.00"
2020-01-21,2020012101013200,SIFC,14,42,190,162.00,"30,780.00"
2020-01-21,2020012101013199,SIFC,42,42,500,163.00,"81,500.00"
2020-01-21,2020012101013198,SIFC,29,42,50,163.00,"8,150.00"
2020-01-21,2020012101013197,SIFC,11,42,100,164.00,"16,400.00"
2020-01-21,2020012101013196,SIFC,50,42,100,164.00,"16,400.00"
2020-01-21,2020012101013005,SIFC,50,42,250,165.00,"41,250.00"
2020-01-21,2020012101012916,SIFC,14,42,10,165.00,"1,650.00"
2020-01-21,2020012101013202,SINDU,37,26,20,135.00,"2,700.00"
2020-01-21,2020012101012816,SINDU,10,17,500,133.00,"66,500.00"
2020-01-21,2020012101013068,SJCL,43,43,100,164.00,"16,400.00"
2020-01-21,2020012101013067,SJCL,56,43,10,164.00,"1,640.00"
2020-01-21,2020012101013004,SJCL,56,29,20,164.00,"3,280.00"
2020-01-21,2020012101012891,SJCL,43,32,20,165.00,"3,300.00"
2020-01-21,2020012101012890,SJCL,43,22,280,165.00,"46,200.00"
2020-01-21,2020012101012819,SJCL,56,51,10,164.00,"1,640.00"
2020-01-21,2020012101013234,SKBBL,28,42,300,930.00,"279,000.00"
2020-01-21,2020012101013286,SLICL,14,35,100,405.00,"40,500.00"
2020-01-21,2020012101013270,SLICL,14,1,127,405.00,"51,435.00"
2020-01-21,2020012101013267,SLICL,14,22,100,405.00,"40,500.00"
2020-01-21,2020012101013266,SLICL,14,10,189,405.00,"76,545.00"
2020-01-21,2020012101013214,SLICL,47,16,30,406.00,"12,180.00"
2020-01-21,2020012101013213,SLICL,47,4,59,404.00,"23,836.00"
2020-01-21,2020012101012799,SLICL,49,16,150,403.00,"60,450.00"
2020-01-21,2020012101013052,SLICL,19,34,50,401.00,"20,050.00"
2020-01-21,2020012101012915,SLICL,19,35,100,401.00,"40,100.00"
2020-01-21,2020012101012861,SLICL,39,33,150,403.00,"60,450.00"
2020-01-21,2020012101012860,SLICL,39,17,500,403.00,"201,500.00"
2020-01-21,2020012101012809,SLICL,49,33,50,403.00,"20,150.00"
2020-01-21,2020012101013201,SLICL,6,4,30,404.00,"12,120.00"
2020-01-21,2020012101013154,SLICL,59,4,911,404.00,"368,044.00"
2020-01-21,2020012101013153,SLICL,59,44,39,404.00,"15,756.00"
2020-01-21,2020012101013152,SLICL,59,5,300,404.00,"121,200.00"
2020-01-21,2020012101013054,SLICL,51,34,50,401.00,"20,050.00"
2020-01-21,2020012101013053,SLICL,6,34,100,401.00,"40,100.00"
2020-01-21,2020012101013178,SMB,32,38,10,712.00,"7,120.00"
2020-01-21,2020012101012844,SMFDB,22,50,200,690.00,"138,000.00"
2020-01-21,2020012101012843,SMFDB,46,50,200,691.00,"138,200.00"
2020-01-21,2020012101012836,SMFDB,50,55,10,700.00,"7,000.00"
2020-01-21,2020012101012814,SPDL,6,7,185,100.00,"18,500.00"
2020-01-21,2020012101013044,STC,19,38,20,"2,431.00","48,620.00"
2020-01-21,2020012101012894,STC,19,38,70,"2,431.00","170,170.00"
2020-01-21,2020012101013050,UIC,22,34,110,380.00,"41,800.00"
2020-01-21,2020012101012855,UIC,22,34,90,380.00,"34,200.00"
2020-01-21,2020012101012852,UMHL,22,42,14,106.00,"1,484.00"
2020-01-21,2020012101013039,UNHPL,51,58,50,58.00,"2,900.00"
2020-01-21,2020012101013081,UPCL,13,53,"1,000",74.00,"74,000.00"
2020-01-21,2020012101012986,UPCL,34,58,100,73.00,"7,300.00"
2020-01-21,2020012101012902,UPCL,55,53,125,74.00,"9,250.00"
2020-01-21,2020012101012901,UPCL,55,51,75,74.00,"5,550.00"
2020-01-21,2020012101012841,UPCL,43,51,45,74.00,"3,330.00"
2020-01-21,2020012101013233,UPPER,54,58,500,256.00,"128,000.00"
2020-01-21,2020012101012992,UPPER,43,1,200,256.00,"51,200.00"
2020-01-21,2020012101012991,UPPER,43,49,40,256.00,"10,240.00"
2020-01-21,2020012101012990,UPPER,43,45,70,256.00,"17,920.00"
2020-01-21,2020012101012931,UPPER,52,52,293,255.00,"74,715.00"
2020-01-21,2020012101012824,UPPER,52,1,40,255.00,"10,200.00"
2020-01-21,2020012101012810,UPPER,52,1,40,255.00,"10,200.00"
2020-01-21,2020012101013139,WOMI,48,47,198,960.00,"190,080.00"
2020-01-21,2020012101013022,WOMI,48,39,476,960.00,"456,960.00"
2020-01-21,2020012101012928,WOMI,51,38,200,964.00,"192,800.00"
2020-01-21,2020012101012823,WOMI,48,45,100,960.00,"96,000.00"
2020-01-21,2020012101012822,WOMI,48,47,50,959.00,"47,950.00"
2020-01-21,2020012101012821,WOMI,48,45,76,956.00,"72,656.00"
2020-01-21,2020012101012820,WOMI,48,57,100,955.00,"95,500.00"
2020-01-21,2020012101012634,ADBL,52,25,47,389.00,"18,283.00"
2020-01-21,2020012101012593,ADBL,38,25,10,389.00,"3,890.00"
2020-01-21,2020012101012572,ADBL,38,25,10,389.00,"3,890.00"
2020-01-21,2020012101012792,AKJCL,1,50,10,58.00,580.00
2020-01-21,2020012101012693,AKJCL,1,29,10,58.00,580.00
2020-01-21,2020012101012692,AKJCL,37,29,10,58.00,580.00
2020-01-21,2020012101012492,AKPL,46,25,10,127.00,"1,270.00"
2020-01-21,2020012101012458,AKPL,46,42,99,127.00,"12,573.00"
2020-01-21,2020012101012457,AKPL,46,46,311,127.00,"39,497.00"
2020-01-21,2020012101012456,AKPL,59,46,"1,309",127.00,"166,243.00"
2020-01-21,2020012101012455,AKPL,43,46,300,127.00,"38,100.00"
2020-01-21,2020012101012454,AKPL,18,46,90,127.00,"11,430.00"
2020-01-21,2020012101012660,ALICL,44,17,500,476.00,"238,000.00"
2020-01-21,2020012101012576,ALICL,45,4,10,474.00,"4,740.00"
2020-01-21,2020012101012575,ALICL,44,4,50,475.00,"23,750.00"
2020-01-21,2020012101012464,API,25,1,50,125.00,"6,250.00"
2020-01-21,2020012101012459,API,25,22,397,124.00,"49,228.00"
2020-01-21,2020012101012402,API,50,22,500,124.00,"62,000.00"
2020-01-21,2020012101012384,API,29,22,200,124.00,"24,800.00"
2020-01-21,2020012101012383,API,1,22,200,124.00,"24,800.00"
2020-01-21,2020012101012382,API,25,22,200,124.00,"24,800.00"
2020-01-21,2020012101012381,API,25,22,875,124.00,"108,500.00"
2020-01-21,2020012101012778,BFC,38,41,231,107.00,"24,717.00"
2020-01-21,2020012101012772,BFC,38,25,100,107.00,"10,700.00"
2020-01-21,2020012101012766,BFC,38,28,"2,000",107.00,"214,000.00"
2020-01-21,2020012101012765,BFC,38,33,500,107.00,"53,500.00"
2020-01-21,2020012101012764,BFC,38,51,100,107.00,"10,700.00"
2020-01-21,2020012101012763,BFC,38,58,"1,350",106.00,"143,100.00"
2020-01-21,2020012101012762,BFC,38,26,106,106.00,"11,236.00"
2020-01-21,2020012101012761,BFC,38,59,300,106.00,"31,800.00"
2020-01-21,2020012101012760,BFC,38,22,200,106.00,"21,200.00"
2020-01-21,2020012101012732,BFC,38,17,175,105.00,"18,375.00"
2020-01-21,2020012101012648,BFC,57,46,"1,000",103.00,"103,000.00"
2020-01-21,2020012101012581,BNT,58,52,10,"6,263.00","62,630.00"
2020-01-21,2020012101012328,BNT,57,21,10,"6,265.00","62,650.00"
2020-01-21,2020012101012754,BOKL,38,36,77,238.00,"18,326.00"
2020-01-21,2020012101012753,BOKL,1,36,30,238.00,"7,140.00"
2020-01-21,2020012101012676,BOKL,52,55,16,239.00,"3,824.00"
2020-01-21,2020012101012675,BOKL,38,55,88,239.00,"21,032.00"
2020-01-21,2020012101012657,BOKL,38,55,500,239.00,"119,500.00"
2020-01-21,2020012101012796,BPCL,58,43,33,323.00,"10,659.00"
2020-01-21,2020012101012781,BPCL,58,43,61,323.00,"19,703.00"
2020-01-21,2020012101012780,BPCL,29,43,39,326.00,"12,714.00"
2020-01-21,2020012101012767,BPCL,29,16,11,326.00,"3,586.00"
2020-01-21,2020012101012741,BPCL,58,43,201,323.00,"64,923.00"
2020-01-21,2020012101012608,BPCL,21,58,11,325.00,"3,575.00"
2020-01-21,2020012101012585,BPCL,50,16,39,326.00,"12,714.00"
2020-01-21,2020012101012582,BPCL,50,58,11,326.00,"3,586.00"
2020-01-21,2020012101012740,BPCL,43,43,22,323.00,"7,106.00"
2020-01-21,2020012101012739,BPCL,43,43,11,323.00,"3,553.00"
2020-01-21,2020012101012738,BPCL,52,43,19,325.00,"6,175.00"
2020-01-21,2020012101012731,BPCL,21,58,11,325.00,"3,575.00"
2020-01-21,2020012101012706,BPCL,21,58,11,325.00,"3,575.00"
2020-01-21,2020012101012650,BPCL,21,58,11,325.00,"3,575.00"
2020-01-21,2020012101012633,CBBL,28,4,60,890.00,"53,400.00"
2020-01-21,2020012101012620,CBBL,42,4,40,890.00,"35,600.00"
2020-01-21,2020012101012613,CBBL,42,45,60,890.00,"53,400.00"
2020-01-21,2020012101012653,CBL,34,34,"1,047",148.00,"154,956.00"
2020-01-21,2020012101012652,CBL,57,34,134,148.00,"19,832.00"
2020-01-21,2020012101012560,CCBL,28,26,245,186.00,"45,570.00"
2020-01-21,2020012101012462,CCBL,21,19,143,187.00,"26,741.00"
2020-01-21,2020012101012395,CCBL,21,17,57,187.00,"10,659.00"
2020-01-21,2020012101012665,CHCL,28,4,50,427.00,"21,350.00"
2020-01-21,2020012101012467,CHCL,28,51,150,427.00,"64,050.00"
2020-01-21,2020012101012400,CHCL,28,25,10,427.00,"4,270.00"
2020-01-21,2020012101012755,CHL,55,41,19,93.00,"1,767.00"
2020-01-21,2020012101012745,CHL,55,45,210,92.00,"19,320.00"
2020-01-21,2020012101012394,CHL,56,45,100,92.00,"9,200.00"
2020-01-21,2020012101012564,CIT,38,14,20,"2,221.00","44,420.00"
2020-01-21,2020012101012769,CZBIL,32,21,220,200.00,"44,000.00"
2020-01-21,2020012101012768,CZBIL,32,38,280,200.00,"56,000.00"
2020-01-21,2020012101012651,CZBIL,13,38,200,200.00,"40,000.00"
2020-01-21,2020012101012527,CZBIL,52,35,49,200.00,"9,800.00"
2020-01-21,2020012101012526,CZBIL,43,35,200,200.00,"40,000.00"
2020-01-21,2020012101012525,CZBIL,43,35,100,200.00,"20,000.00"
2020-01-21,2020012101012512,CZBIL,17,35,74,200.00,"14,800.00"
2020-01-21,2020012101012437,CZBIL,56,50,100,201.00,"20,100.00"
2020-01-21,2020012101012518,CZBIL,5,35,300,200.00,"60,000.00"
2020-01-21,2020012101012517,CZBIL,32,35,500,200.00,"100,000.00"
2020-01-21,2020012101012516,CZBIL,50,35,"2,000",200.00,"400,000.00"
2020-01-21,2020012101012515,CZBIL,51,35,47,200.00,"9,400.00"
2020-01-21,2020012101012514,CZBIL,51,35,300,200.00,"60,000.00"
2020-01-21,2020012101012513,CZBIL,10,35,100,200.00,"20,000.00"
2020-01-21,2020012101012524,CZBIL,55,35,100,200.00,"20,000.00"
2020-01-21,2020012101012523,CZBIL,57,35,180,200.00,"36,000.00"
2020-01-21,2020012101012522,CZBIL,22,35,500,200.00,"100,000.00"
2020-01-21,2020012101012521,CZBIL,1,35,350,200.00,"70,000.00"
2020-01-21,2020012101012520,CZBIL,25,35,100,200.00,"20,000.00"
2020-01-21,2020012101012519,CZBIL,38,35,100,200.00,"20,000.00"
2020-01-21,2020012101012774,DDBL,59,22,177,"1,034.00","183,018.00"
2020-01-21,2020012101012750,DDBL,22,22,147,"1,035.00","152,145.00"
2020-01-21,2020012101012749,DDBL,11,22,50,"1,035.00","51,750.00"
2020-01-21,2020012101012725,DDBL,32,22,50,"1,036.00","51,800.00"
2020-01-21,2020012101012702,DDBL,39,33,100,"1,037.00","103,700.00"
2020-01-21,2020012101012777,EIC,37,33,40,352.00,"14,080.00"
2020-01-21,2020012101012573,EIC,6,6,40,353.00,"14,120.00"
2020-01-21,2020012101012390,EIC,5,6,460,350.00,"161,000.00"
2020-01-21,2020012101012389,EIC,41,6,300,350.00,"105,000.00"
2020-01-21,2020012101012388,EIC,49,6,40,350.00,"14,000.00"
2020-01-21,2020012101012387,EIC,41,6,200,352.00,"70,400.00"
2020-01-21,2020012101012317,EIC,49,17,50,350.00,"17,500.00"
2020-01-21,2020012101012590,GBBL,26,16,200,231.00,"46,200.00"
2020-01-21,2020012101012510,GBBL,4,1,"1,944",232.00,"451,008.00"
2020-01-21,2020012101012508,GBLBS,37,55,90,410.00,"36,900.00"
2020-01-21,2020012101012507,GBLBS,39,55,50,412.00,"20,600.00"
2020-01-21,2020012101012641,GFCL,17,59,200,151.00,"30,200.00"
2020-01-21,2020012101012704,GGBSL,7,25,10,863.00,"8,630.00"
2020-01-21,2020012101012668,GLBSL,39,51,100,660.00,"66,000.00"
2020-01-21,2020012101012737,GLICL,45,50,100,675.00,"67,500.00"
2020-01-21,2020012101012736,GLICL,45,56,75,673.00,"50,475.00"
2020-01-21,2020012101012735,GLICL,45,45,100,672.00,"67,200.00"
2020-01-21,2020012101012734,GLICL,45,17,17,672.00,"11,424.00"
2020-01-21,2020012101012720,GLICL,45,17,373,672.00,"250,656.00"
2020-01-21,2020012101012719,GLICL,45,8,500,671.00,"335,500.00"
2020-01-21,2020012101012452,GLICL,5,3,200,666.00,"133,200.00"
2020-01-21,2020012101012366,GLICL,5,19,200,666.00,"133,200.00"
2020-01-21,2020012101012343,GLICL,5,35,70,666.00,"46,620.00"
2020-01-21,2020012101012718,GLICL,45,57,30,670.00,"20,100.00"
2020-01-21,2020012101012717,GLICL,45,46,140,670.00,"93,800.00"
2020-01-21,2020012101012716,GLICL,45,58,157,669.00,"105,033.00"
2020-01-21,2020012101012678,GLICL,39,58,100,669.00,"66,900.00"
2020-01-21,2020012101012535,GLICL,39,17,10,672.00,"6,720.00"
2020-01-21,2020012101012531,GLICL,5,41,196,666.00,"130,536.00"
2020-01-21,2020012101012690,GMFBS,7,43,10,769.00,"7,690.00"
2020-01-21,2020012101012640,GMFBS,7,7,50,774.00,"38,700.00"
2020-01-21,2020012101012655,HDL,55,58,50,"1,261.00","63,050.00"
2020-01-21,2020012101012571,HDL,11,58,50,"1,262.00","63,100.00"
2020-01-21,2020012101012487,HDL,1,33,30,"1,257.00","37,710.00"
2020-01-21,2020012101012486,HDL,33,33,50,"1,257.00","62,850.00"
2020-01-21,2020012101012485,HDL,1,33,20,"1,258.00","25,160.00"
2020-01-21,2020012101012484,HDL,34,33,100,"1,258.00","125,800.00"
2020-01-21,2020012101012438,HDL,36,58,100,"1,262.00","126,200.00"
2020-01-21,2020012101012361,HDL,10,58,"1,000","1,259.00","1,259,000.00"
2020-01-21,2020012101012360,HDL,5,58,30,"1,259.00","37,770.00"
2020-01-21,2020012101012359,HDL,57,58,720,"1,260.00","907,200.00"
2020-01-21,2020012101012358,HDL,19,58,50,"1,261.00","63,050.00"
2020-01-21,2020012101012646,HIDCL,8,51,82,140.00,"11,480.00"
2020-01-21,2020012101012626,HIDCL,8,34,376,140.00,"52,640.00"
2020-01-21,2020012101012625,HIDCL,34,34,200,140.00,"28,000.00"
2020-01-21,2020012101012624,HIDCL,43,34,"1,963",140.00,"274,820.00"
2020-01-21,2020012101012623,HIDCL,52,34,287,141.00,"40,467.00"
2020-01-21,2020012101012622,HIDCL,34,34,500,141.00,"70,500.00"
2020-01-21,2020012101012621,HIDCL,48,34,182,141.00,"25,662.00"
2020-01-21,2020012101012570,HIDCL,48,34,33,141.00,"4,653.00"
2020-01-21,2020012101012537,HIDCL,48,45,200,141.00,"28,200.00"
2020-01-21,2020012101012356,HIDCL,48,45,96,141.00,"13,536.00"
2020-01-21,2020012101012793,IGI,56,28,125,407.00,"50,875.00"
2020-01-21,2020012101012308,IGI,34,29,126,405.00,"51,030.00"
2020-01-21,2020012101012320,ILBS,22,49,30,820.00,"24,600.00"
2020-01-21,2020012101012689,KADBL,59,42,100,266.00,"26,600.00"
2020-01-21,2020012101012771,KBL,38,45,228,200.00,"45,600.00"
2020-01-21,2020012101012616,KBL,38,56,977,200.00,"195,400.00"
2020-01-21,2020012101012615,KBL,29,56,23,200.00,"4,600.00"
2020-01-21,2020012101012506,KBL,29,25,77,200.00,"15,400.00"
2020-01-21,2020012101012503,KBL,29,25,200,200.00,"40,000.00"
2020-01-21,2020012101012502,KBL,29,25,200,200.00,"40,000.00"
2020-01-21,2020012101012501,KBL,34,25,23,200.00,"4,600.00"
2020-01-21,2020012101012726,KPCL,56,52,10,94.00,940.00
2020-01-21,2020012101012631,KPCL,56,49,10,93.00,930.00
2020-01-21,2020012101012391,KRBL,17,51,70,116.00,"8,120.00"
2020-01-21,2020012101012691,LBL,14,52,665,217.00,"144,305.00"
2020-01-21,2020012101012649,LBL,14,32,565,217.00,"122,605.00"
2020-01-21,2020012101012323,LBL,17,32,235,218.00,"51,230.00"
2020-01-21,2020012101012461,LEMF,22,8,300,8.00,"2,400.00"
2020-01-21,2020012101012436,LEMF,22,8,300,8.00,"2,400.00"
2020-01-21,2020012101012368,LEMF,22,8,300,8.00,"2,400.00"
2020-01-21,2020012101012357,LEMF,22,8,300,8.00,"2,400.00"
2020-01-21,2020012101012329,LEMF,22,8,200,8.00,"1,600.00"
2020-01-21,2020012101012483,LGIL,21,32,150,429.00,"64,350.00"
2020-01-21,2020012101012363,LGIL,21,39,50,429.00,"21,450.00"
2020-01-21,2020012101012342,LICN,25,46,10,"1,225.00","12,250.00"
2020-01-21,2020012101012325,LICN,59,25,60,"1,207.00","72,420.00"
2020-01-21,2020012101012619,MBL,16,34,"1,000",236.00,"236,000.00"
2020-01-21,2020012101012618,MBL,16,34,"1,000",236.00,"236,000.00"
2020-01-21,2020012101012617,MBL,1,34,200,236.00,"47,200.00"
2020-01-21,2020012101012413,MBL,25,55,90,237.00,"21,330.00"
2020-01-21,2020012101012412,MBL,56,55,100,237.00,"23,700.00"
2020-01-21,2020012101012411,MBL,47,55,90,237.00,"21,330.00"
2020-01-21,2020012101012373,MBL,47,3,10,237.00,"2,370.00"
2020-01-21,2020012101012372,MBL,17,3,90,237.00,"21,330.00"
2020-01-21,2020012101012415,MEGA,45,36,210,205.00,"43,050.00"
2020-01-21,2020012101012414,MEGA,45,45,40,205.00,"8,200.00"
2020-01-21,2020012101012324,MEGA,48,50,200,204.00,"40,800.00"
2020-01-21,2020012101012703,MERO,42,34,150,640.00,"96,000.00"
2020-01-21,2020012101012599,MERO,34,45,11,642.00,"7,062.00"
2020-01-21,2020012101012338,MFIL,43,45,351,210.00,"73,710.00"
2020-01-21,2020012101012337,MFIL,56,45,380,210.00,"79,800.00"
2020-01-21,2020012101012336,MFIL,8,45,20,211.00,"4,220.00"
2020-01-21,2020012101012335,MFIL,58,45,200,212.00,"42,400.00"
2020-01-21,2020012101012334,MFIL,17,45,200,212.00,"42,400.00"
2020-01-21,2020012101012569,MNBBL,16,42,"1,000",321.00,"321,000.00"
2020-01-21,2020012101012568,MNBBL,49,42,"1,000",321.00,"321,000.00"
2020-01-21,2020012101012567,MNBBL,25,42,"1,700",322.00,"547,400.00"
2020-01-21,2020012101012553,MNBBL,25,42,"3,300",322.00,"1,062,600.00"
2020-01-21,2020012101012552,MNBBL,57,42,200,322.00,"64,400.00"
2020-01-21,2020012101012551,MNBBL,16,42,500,322.00,"161,000.00"
2020-01-21,2020012101012538,MNBBL,52,28,250,324.00,"81,000.00"
2020-01-21,2020012101012488,MNBBL,52,22,50,324.00,"16,200.00"
2020-01-21,2020012101012319,MNBBL,28,58,500,325.00,"162,500.00"
2020-01-21,2020012101012318,MNBBL,49,58,10,325.00,"3,250.00"
2020-01-21,2020012101012550,MNBBL,44,42,100,322.00,"32,200.00"
2020-01-21,2020012101012549,MNBBL,13,42,100,322.00,"32,200.00"
2020-01-21,2020012101012548,MNBBL,28,42,300,323.00,"96,900.00"
2020-01-21,2020012101012547,MNBBL,36,42,500,323.00,"161,500.00"
2020-01-21,2020012101012540,MNBBL,57,28,200,324.00,"64,800.00"
2020-01-21,2020012101012539,MNBBL,48,28,50,324.00,"16,200.00"
2020-01-21,2020012101012316,NABIL,25,4,32,753.00,"24,096.00"
2020-01-21,2020012101012315,NABIL,20,4,25,753.00,"18,825.00"
2020-01-21,2020012101012314,NABIL,43,4,110,753.00,"82,830.00"
2020-01-21,2020012101012313,NABIL,45,4,100,754.00,"75,400.00"
2020-01-21,2020012101012312,NABIL,55,4,100,754.00,"75,400.00"
2020-01-21,2020012101012669,NADEP,3,7,53,617.00,"32,701.00"
2020-01-21,2020012101012330,NADEP,26,7,150,616.00,"92,400.00"
2020-01-21,2020012101012321,NADEP,26,50,23,616.00,"14,168.00"
2020-01-21,2020012101012685,NBB,11,4,115,206.00,"23,690.00"
2020-01-21,2020012101012684,NBB,58,4,85,206.00,"17,510.00"
2020-01-21,2020012101012587,NBB,58,50,215,206.00,"44,290.00"
2020-01-21,2020012101012586,NBB,56,50,500,206.00,"103,000.00"
2020-01-21,2020012101012377,NBB,56,50,50,207.00,"10,350.00"
2020-01-21,2020012101012376,NBB,52,50,50,207.00,"10,350.00"
2020-01-21,2020012101012790,NBL,39,42,200,279.00,"55,800.00"
2020-01-21,2020012101012635,NBL,59,35,400,279.00,"111,600.00"
2020-01-21,2020012101012610,NBL,38,1,10,280.00,"2,800.00"
2020-01-21,2020012101012656,NCCB,36,16,"1,000",204.00,"204,000.00"
2020-01-21,2020012101012470,NCCB,36,1,487,204.00,"99,348.00"
2020-01-21,2020012101012469,NCCB,32,1,13,204.00,"2,652.00"
2020-01-21,2020012101012403,NCCB,32,57,100,204.00,"20,400.00"
2020-01-21,2020012101012385,NCCB,59,44,200,205.00,"41,000.00"
2020-01-21,2020012101012410,NGPL,34,7,70,118.00,"8,260.00"
2020-01-21,2020012101012752,NHPC,45,6,400,54.00,"21,600.00"
2020-01-21,2020012101012545,NIB,49,55,150,404.00,"60,600.00"
2020-01-21,2020012101012494,NIB,10,50,269,403.00,"108,407.00"
2020-01-21,2020012101012398,NIB,56,50,200,403.00,"80,600.00"
2020-01-21,2020012101012397,NIB,55,50,150,403.00,"60,450.00"
2020-01-21,2020012101012396,NIB,6,50,60,404.00,"24,240.00"
2020-01-21,2020012101012434,NIBPO,8,1,250,376.00,"94,000.00"
2020-01-21,2020012101012433,NIBPO,1,1,50,377.00,"18,850.00"
2020-01-21,2020012101012611,NICA,16,42,50,483.00,"24,150.00"
2020-01-21,2020012101012607,NICA,1,4,30,481.00,"14,430.00"
2020-01-21,2020012101012606,NICA,51,4,30,482.00,"14,460.00"
2020-01-21,2020012101012605,NICA,8,4,440,482.00,"212,080.00"
2020-01-21,2020012101012592,NICA,39,42,100,483.00,"48,300.00"
2020-01-21,2020012101012500,NICA,8,28,60,482.00,"28,920.00"
2020-01-21,2020012101012416,NICA,10,26,470,483.00,"227,010.00"
2020-01-21,2020012101012406,NICA,10,1,30,483.00,"14,490.00"
2020-01-21,2020012101012405,NICA,51,1,17,483.00,"8,211.00"
2020-01-21,2020012101012332,NICA,51,58,50,483.00,"24,150.00"
2020-01-21,2020012101012331,NICA,33,42,49,484.00,"23,716.00"
2020-01-21,2020012101012422,NICA,42,26,500,482.00,"241,000.00"
2020-01-21,2020012101012421,NICA,1,26,500,482.00,"241,000.00"
2020-01-21,2020012101012420,NICA,14,26,300,482.00,"144,600.00"
2020-01-21,2020012101012419,NICA,1,26,50,482.00,"24,100.00"
2020-01-21,2020012101012418,NICA,36,26,250,483.00,"120,750.00"
2020-01-21,2020012101012417,NICA,51,26,100,483.00,"48,300.00"
2020-01-21,2020012101012428,NICA,4,26,200,482.00,"96,400.00"
2020-01-21,2020012101012427,NICA,4,26,200,482.00,"96,400.00"
2020-01-21,2020012101012426,NICA,48,26,500,482.00,"241,000.00"
2020-01-21,2020012101012425,NICA,52,26,50,482.00,"24,100.00"
2020-01-21,2020012101012424,NICA,14,26,200,482.00,"96,400.00"
2020-01-21,2020012101012423,NICA,34,26,500,482.00,"241,000.00"
2020-01-21,2020012101012499,NICA,41,28,20,482.00,"9,640.00"
2020-01-21,2020012101012498,NICA,6,28,120,482.00,"57,840.00"
2020-01-21,2020012101012466,NICA,6,28,200,482.00,"96,400.00"
2020-01-21,2020012101012431,NICA,6,26,180,482.00,"86,760.00"
2020-01-21,2020012101012430,NICA,51,26,500,482.00,"241,000.00"
2020-01-21,2020012101012429,NICA,49,26,500,482.00,"241,000.00"
2020-01-21,2020012101012565,NICL,45,44,116,376.00,"43,616.00"
2020-01-21,2020012101012563,NICL,45,14,150,380.00,"57,000.00"
2020-01-21,2020012101012489,NICL,45,42,37,376.00,"13,912.00"
2020-01-21,2020012101012460,NICL,45,10,600,376.00,"225,600.00"
2020-01-21,2020012101012375,NICL,45,39,370,376.00,"139,120.00"
2020-01-21,2020012101012341,NICL,45,49,700,376.00,"263,200.00"
2020-01-21,2020012101012340,NICL,42,49,200,377.00,"75,400.00"
2020-01-21,2020012101012339,NICL,46,49,100,377.00,"37,700.00"
2020-01-21,2020012101012715,NIL,49,45,700,450.00,"315,000.00"
2020-01-21,2020012101012714,NIL,34,45,100,450.00,"45,000.00"
2020-01-21,2020012101012713,NIL,21,45,200,450.00,"90,000.00"
2020-01-21,2020012101012712,NIL,47,45,200,450.00,"90,000.00"
2020-01-21,2020012101012584,NIL,52,45,100,451.00,"45,100.00"
2020-01-21,2020012101012566,NIL,21,45,50,453.00,"22,650.00"
2020-01-21,2020012101012759,NLG,11,45,100,805.00,"80,500.00"
2020-01-21,2020012101012770,NLIC,57,51,136,"1,058.00","143,888.00"
2020-01-21,2020012101012748,NLIC,56,34,100,"1,059.00","105,900.00"
2020-01-21,2020012101012747,NLIC,22,34,150,"1,059.00","158,850.00"
2020-01-21,2020012101012730,NLIC,45,4,27,"1,059.00","28,593.00"
2020-01-21,2020012101012729,NLIC,45,4,20,"1,060.00","21,200.00"
2020-01-21,2020012101012728,NLIC,20,4,100,"1,060.00","106,000.00"
2020-01-21,2020012101012727,NLIC,8,4,53,"1,060.00","56,180.00"
2020-01-21,2020012101012680,NLIC,8,51,24,"1,060.00","25,440.00"
2020-01-21,2020012101012557,NLIC,8,4,123,"1,060.00","130,380.00"
2020-01-21,2020012101012556,NLIC,52,4,47,"1,060.00","49,820.00"
2020-01-21,2020012101012555,NLIC,51,4,30,"1,061.00","31,830.00"
2020-01-21,2020012101012367,NLIC,34,17,36,"1,065.00","38,340.00"
2020-01-21,2020012101012482,NLICL,56,6,200,621.00,"124,200.00"
2020-01-21,2020012101012481,NLICL,44,6,244,621.00,"151,524.00"
2020-01-21,2020012101012453,NLICL,44,50,756,621.00,"469,476.00"
2020-01-21,2020012101012758,NMB,52,42,512,366.00,"187,392.00"
2020-01-21,2020012101012757,NMB,32,42,200,366.00,"73,200.00"
2020-01-21,2020012101012744,NMB,52,42,20,367.00,"7,340.00"
2020-01-21,2020012101012743,NMB,45,42,441,367.00,"161,847.00"
2020-01-21,2020012101012701,NMB,45,42,59,367.00,"21,653.00"
2020-01-21,2020012101012700,NMB,1,42,100,367.00,"36,700.00"
2020-01-21,2020012101012699,NMB,32,42,"2,841",367.00,"1,042,647.00"
2020-01-21,2020012101012654,NMB,37,45,50,368.00,"18,400.00"
2020-01-21,2020012101012639,NMB,45,45,100,368.00,"36,800.00"
2020-01-21,2020012101012583,NMB,19,45,100,368.00,"36,800.00"
2020-01-21,2020012101012310,NMB,32,56,275,367.00,"100,925.00"
2020-01-21,2020012101012309,NMB,34,56,25,368.00,"9,200.00"
2020-01-21,2020012101012710,NMBMF,46,45,12,835.00,"10,020.00"
2020-01-21,2020012101012709,NMBMF,46,45,18,835.00,"15,030.00"
2020-01-21,2020012101012708,NMBMF,17,45,50,835.00,"41,750.00"
2020-01-21,2020012101012707,NMBMF,38,45,10,836.00,"8,360.00"
2020-01-21,2020012101012562,NTC,38,28,20,634.00,"12,680.00"
2020-01-21,2020012101012664,NUBL,10,58,42,896.00,"37,632.00"
2020-01-21,2020012101012497,OHL,38,10,100,525.00,"52,500.00"
2020-01-21,2020012101012662,PCBL,42,53,447,272.00,"121,584.00"
2020-01-21,2020012101012661,PCBL,41,53,253,272.00,"68,816.00"
2020-01-21,2020012101012638,PCBL,41,4,10,272.00,"2,720.00"
2020-01-21,2020012101012637,PCBL,32,4,990,273.00,"270,270.00"
2020-01-21,2020012101012491,PCBL,5,55,10,274.00,"2,740.00"
2020-01-21,2020012101012536,PIC,36,8,65,540.00,"35,100.00"
2020-01-21,2020012101012493,PIC,36,3,200,540.00,"108,000.00"
2020-01-21,2020012101012480,PIC,36,4,32,539.00,"17,248.00"
2020-01-21,2020012101012479,PIC,36,28,203,534.00,"108,402.00"
2020-01-21,2020012101012355,PIC,38,43,50,530.00,"26,500.00"
2020-01-21,2020012101012354,PIC,57,43,50,530.00,"26,500.00"
2020-01-21,2020012101012353,PIC,16,43,100,530.00,"53,000.00"
2020-01-21,2020012101012698,PICL,45,4,25,660.00,"16,500.00"
2020-01-21,2020012101012697,PICL,45,4,100,660.00,"66,000.00"
2020-01-21,2020012101012696,PICL,34,4,25,662.00,"16,550.00"
2020-01-21,2020012101012647,PICL,34,3,100,662.00,"66,200.00"
2020-01-21,2020012101012476,PICL,21,5,100,665.00,"66,500.00"
2020-01-21,2020012101012475,PICL,59,5,100,665.00,"66,500.00"
2020-01-21,2020012101012474,PICL,21,5,100,666.00,"66,600.00"
2020-01-21,2020012101012473,PICL,43,5,100,666.00,"66,600.00"
2020-01-21,2020012101012614,PLIC,6,50,300,503.00,"150,900.00"
2020-01-21,2020012101012463,PLIC,34,17,300,500.00,"150,000.00"
2020-01-21,2020012101012401,PLIC,17,58,300,500.00,"150,000.00"
2020-01-21,2020012101012352,PLIC,17,33,100,500.00,"50,000.00"
2020-01-21,2020012101012751,PMHPL,6,51,10,95.00,950.00
2020-01-21,2020012101012674,PRIN,11,44,209,417.00,"87,153.00"
2020-01-21,2020012101012673,PRIN,28,44,22,417.00,"9,174.00"
2020-01-21,2020012101012672,PRIN,48,44,50,417.00,"20,850.00"
2020-01-21,2020012101012671,PRIN,56,44,200,418.00,"83,600.00"
2020-01-21,2020012101012670,PRIN,59,44,19,419.00,"7,961.00"
2020-01-21,2020012101012379,PRIN,58,58,"1,000",420.00,"420,000.00"
2020-01-21,2020012101012378,PRIN,7,58,100,421.00,"42,100.00"
2020-01-21,2020012101012795,PRVU,36,43,300,255.00,"76,500.00"
2020-01-21,2020012101012789,PRVU,8,34,"1,595",254.00,"405,130.00"
2020-01-21,2020012101012788,PRVU,8,34,"1,800",254.00,"457,200.00"
2020-01-21,2020012101012787,PRVU,35,34,"1,605",254.00,"407,670.00"
2020-01-21,2020012101012784,PRVU,46,43,500,255.00,"127,500.00"
2020-01-21,2020012101012594,PRVU,19,43,81,255.00,"20,655.00"
2020-01-21,2020012101012478,PRVU,19,50,19,255.00,"4,845.00"
2020-01-21,2020012101012477,PRVU,45,50,737,255.00,"187,935.00"
2020-01-21,2020012101012468,PRVU,49,42,400,256.00,"102,400.00"
2020-01-21,2020012101012435,PRVU,45,35,200,255.00,"51,000.00"
2020-01-21,2020012101012632,RBCL,25,13,10,"9,163.00","91,630.00"
2020-01-21,2020012101012351,RBCL,25,49,10,"9,163.00","91,630.00"
2020-01-21,2020012101012374,RHPC,45,45,50,83.00,"4,150.00"
2020-01-21,2020012101012775,RHPL,56,51,40,172.00,"6,880.00"
2020-01-21,2020012101012451,RHPL,22,34,"1,210",171.00,"206,910.00"
2020-01-21,2020012101012450,RHPL,22,34,500,171.00,"85,500.00"
2020-01-21,2020012101012449,RHPL,45,34,"2,000",171.00,"342,000.00"
2020-01-21,2020012101012448,RHPL,37,34,500,171.00,"85,500.00"
2020-01-21,2020012101012447,RHPL,29,34,200,171.00,"34,200.00"
2020-01-21,2020012101012440,RHPL,38,34,690,173.00,"119,370.00"
2020-01-21,2020012101012439,RHPL,6,34,80,174.00,"13,920.00"
2020-01-21,2020012101012446,RHPL,16,34,500,172.00,"86,000.00"
2020-01-21,2020012101012445,RHPL,57,34,380,172.00,"65,360.00"
2020-01-21,2020012101012444,RHPL,38,34,"1,000",172.00,"172,000.00"
2020-01-21,2020012101012443,RHPL,1,34,300,172.00,"51,600.00"
2020-01-21,2020012101012442,RHPL,56,34,10,172.00,"1,720.00"
2020-01-21,2020012101012441,RHPL,58,34,500,173.00,"86,500.00"
2020-01-21,2020012101012496,RLFL,48,50,182,140.00,"25,480.00"
2020-01-21,2020012101012465,RLFL,48,3,"1,300",140.00,"182,000.00"
2020-01-21,2020012101012386,RRHP,47,42,10,99.00,990.00
2020-01-21,2020012101012490,RSDC,46,45,300,416.00,"124,800.00"
2020-01-21,2020012101012362,SADBL,32,57,300,165.00,"49,500.00"
2020-01-21,2020012101012333,SADBL,26,10,200,167.00,"33,400.00"
2020-01-21,2020012101012679,SAPDBL,49,10,41,152.00,"6,232.00"
2020-01-21,2020012101012794,SBI,17,33,78,422.00,"32,916.00"
2020-01-21,2020012101012776,SBI,52,33,15,422.00,"6,330.00"
2020-01-21,2020012101012785,SBL,36,26,300,329.00,"98,700.00"
2020-01-21,2020012101012543,SBL,45,51,50,327.00,"16,350.00"
2020-01-21,2020012101012542,SBL,13,51,50,327.00,"16,350.00"
2020-01-21,2020012101012797,SCB,49,51,28,628.00,"17,584.00"
2020-01-21,2020012101012407,SCB,49,50,50,628.00,"31,400.00"
2020-01-21,2020012101012544,SDESI,25,38,11,787.00,"8,657.00"
2020-01-21,2020012101012409,SEF,43,3,"5,000",9.67,"48,350.00"
2020-01-21,2020012101012408,SEF,43,16,500,9.67,"4,835.00"
2020-01-21,2020012101012393,SEF,43,4,"10,000",9.55,"95,500.00"
2020-01-21,2020012101012347,SFFIL,43,42,200,203.00,"40,600.00"
2020-01-21,2020012101012346,SFFIL,25,42,279,203.00,"56,637.00"
2020-01-21,2020012101012345,SFFIL,18,42,500,204.00,"102,000.00"
2020-01-21,2020012101012344,SFFIL,42,42,14,205.00,"2,870.00"
2020-01-21,2020012101012365,SFFIL,17,42,492,202.00,"99,384.00"
2020-01-21,2020012101012364,SFFIL,10,42,189,202.00,"38,178.00"
2020-01-21,2020012101012348,SFFIL,48,42,150,203.00,"30,450.00"
2020-01-21,2020012101012578,SHINE,34,13,100,265.00,"26,500.00"
2020-01-21,2020012101012577,SHINE,34,1,288,265.00,"76,320.00"
2020-01-21,2020012101012791,SHIVM,6,5,100,525.00,"52,500.00"
2020-01-21,2020012101012667,SHIVM,56,44,300,525.00,"157,500.00"
2020-01-21,2020012101012666,SHIVM,56,38,290,524.00,"151,960.00"
2020-01-21,2020012101012561,SHIVM,49,49,"3,000",520.00,"1,560,000.00"
2020-01-21,2020012101012554,SHIVM,44,46,50,520.00,"26,000.00"
2020-01-21,2020012101012371,SHIVM,56,50,100,520.00,"52,000.00"
2020-01-21,2020012101012303,SHIVM,58,49,"2,000",521.00,"1,042,000.00"
2020-01-21,2020012101012302,SHIVM,56,49,200,521.00,"104,200.00"
2020-01-21,2020012101012301,SHIVM,13,49,20,521.00,"10,420.00"
2020-01-21,2020012101012300,SHIVM,56,49,200,522.00,"104,400.00"
2020-01-21,2020012101012299,SHIVM,46,49,100,522.00,"52,200.00"
2020-01-21,2020012101012298,SHIVM,8,49,10,523.00,"5,230.00"
2020-01-21,2020012101012327,SHIVM,56,49,180,520.00,"93,600.00"
2020-01-21,2020012101012326,SHIVM,56,49,"2,820",520.00,"1,466,400.00"
2020-01-21,2020012101012307,SHIVM,25,49,100,520.00,"52,000.00"
2020-01-21,2020012101012306,SHIVM,51,49,100,520.00,"52,000.00"
2020-01-21,2020012101012305,SHIVM,33,49,450,520.00,"234,000.00"
2020-01-21,2020012101012304,SHIVM,58,49,"1,000",521.00,"521,000.00"
2020-01-21,2020012101012779,SIC,21,57,37,663.00,"24,531.00"
2020-01-21,2020012101012574,SICL,43,33,900,970.00,"873,000.00"
2020-01-21,2020012101012683,SIL,50,25,28,521.00,"14,588.00"
2020-01-21,2020012101012663,SIL,50,45,90,521.00,"46,890.00"
2020-01-21,2020012101012588,SIL,50,25,20,521.00,"10,420.00"
2020-01-21,2020012101012370,SIL,50,47,120,521.00,"62,520.00"
2020-01-21,2020012101012369,SIL,42,47,80,522.00,"41,760.00"
2020-01-21,2020012101012705,SINDU,10,49,200,133.00,"26,600.00"
2020-01-21,2020012101012645,SINDU,10,42,91,133.00,"12,103.00"
2020-01-21,2020012101012644,SINDU,34,42,400,133.00,"53,200.00"
2020-01-21,2020012101012643,SINDU,4,42,80,133.00,"10,640.00"
2020-01-21,2020012101012642,SINDU,29,42,40,133.00,"5,320.00"
2020-01-21,2020012101012630,SINDU,29,42,182,134.00,"24,388.00"
2020-01-21,2020012101012629,SINDU,38,42,200,134.00,"26,800.00"
2020-01-21,2020012101012628,SINDU,41,42,100,134.00,"13,400.00"
2020-01-21,2020012101012627,SINDU,41,42,500,135.00,"67,500.00"
2020-01-21,2020012101012682,SJCL,56,18,20,164.00,"3,280.00"
2020-01-21,2020012101012559,SKBBL,34,36,10,940.00,"9,400.00"
2020-01-21,2020012101012558,SKBBL,34,21,12,935.00,"11,220.00"
2020-01-21,2020012101012530,SKBBL,28,34,"1,200",930.00,"1,116,000.00"
2020-01-21,2020012101012529,SKBBL,25,34,200,931.00,"186,200.00"
2020-01-21,2020012101012380,SLBSL,47,44,50,789.00,"39,450.00"
2020-01-21,2020012101012783,SLICL,49,22,200,403.00,"80,600.00"
2020-01-21,2020012101012782,SLICL,49,25,100,403.00,"40,300.00"
2020-01-21,2020012101012721,SLICL,39,57,850,402.00,"341,700.00"
2020-01-21,2020012101012688,SLICL,34,4,10,399.00,"3,990.00"
2020-01-21,2020012101012687,SLICL,49,4,400,400.00,"160,000.00"
2020-01-21,2020012101012686,SLICL,58,4,900,400.00,"360,000.00"
2020-01-21,2020012101012350,SLICL,42,4,25,399.00,"9,975.00"
2020-01-21,2020012101012349,SLICL,50,4,75,400.00,"30,000.00"
2020-01-21,2020012101012322,SLICL,50,42,25,400.00,"10,000.00"
2020-01-21,2020012101012311,SLICL,42,4,156,400.00,"62,400.00"
2020-01-21,2020012101012495,SLICL,45,45,300,401.00,"120,300.00"
2020-01-21,2020012101012472,SLICL,34,4,325,399.00,"129,675.00"
2020-01-21,2020012101012471,SLICL,42,4,175,399.00,"69,825.00"
2020-01-21,2020012101012404,SLICL,29,33,300,400.00,"120,000.00"
2020-01-21,2020012101012681,SLICL,58,4,100,400.00,"40,000.00"
2020-01-21,2020012101012598,SLICL,8,46,403,401.00,"161,603.00"
2020-01-21,2020012101012597,SLICL,8,45,500,401.00,"200,500.00"
2020-01-21,2020012101012596,SLICL,8,35,50,400.00,"20,000.00"
2020-01-21,2020012101012595,SLICL,8,3,176,400.00,"70,400.00"
2020-01-21,2020012101012579,SLICL,34,17,210,399.00,"83,790.00"
2020-01-21,2020012101012541,SMB,32,42,20,712.00,"14,240.00"
2020-01-21,2020012101012677,SPDL,48,42,15,99.00,"1,485.00"
2020-01-21,2020012101012612,SPDL,48,17,15,99.00,"1,485.00"
2020-01-21,2020012101012392,SPDL,6,42,15,98.00,"1,470.00"
2020-01-21,2020012101012534,TMDBL,57,50,256,177.00,"45,312.00"
2020-01-21,2020012101012533,TMDBL,47,50,200,177.00,"35,400.00"
2020-01-21,2020012101012532,TMDBL,59,50,210,177.00,"37,170.00"
2020-01-21,2020012101012746,UIC,3,4,55,385.00,"21,175.00"
2020-01-21,2020012101012695,UIC,22,35,40,387.00,"15,480.00"
2020-01-21,2020012101012659,UIC,22,34,10,387.00,"3,870.00"
2020-01-21,2020012101012658,UIC,36,34,40,387.00,"15,480.00"
2020-01-21,2020012101012609,UIC,36,42,10,387.00,"3,870.00"
2020-01-21,2020012101012591,UIC,36,17,400,387.00,"154,800.00"
2020-01-21,2020012101012509,UIC,36,14,50,387.00,"19,350.00"
2020-01-21,2020012101012505,UIC,3,45,70,385.00,"26,950.00"
2020-01-21,2020012101012504,UIC,42,45,55,386.00,"21,230.00"
2020-01-21,2020012101012432,UIC,42,49,12,387.00,"4,644.00"
2020-01-21,2020012101012636,UMHL,22,42,309,106.00,"32,754.00"
2020-01-21,2020012101012600,UMHL,49,42,200,107.00,"21,400.00"
2020-01-21,2020012101012589,UMHL,38,42,10,108.00,"1,080.00"
2020-01-21,2020012101012694,UPCL,52,14,100,75.00,"7,500.00"
2020-01-21,2020012101012604,UPCL,43,53,195,74.00,"14,430.00"
2020-01-21,2020012101012603,UPCL,8,53,"2,200",74.00,"162,800.00"
2020-01-21,2020012101012602,UPCL,36,53,105,74.00,"7,770.00"
2020-01-21,2020012101012601,UPCL,6,53,200,74.00,"14,800.00"
2020-01-21,2020012101012528,UPCL,58,17,50,75.00,"3,750.00"
2020-01-21,2020012101012786,UPPER,52,1,50,255.00,"12,750.00"
2020-01-21,2020012101012773,UPPER,52,1,50,255.00,"12,750.00"
2020-01-21,2020012101012756,UPPER,52,1,50,255.00,"12,750.00"
2020-01-21,2020012101012742,UPPER,52,1,50,255.00,"12,750.00"
2020-01-21,2020012101012733,UPPER,52,29,40,255.00,"10,200.00"
2020-01-21,2020012101012546,UPPER,52,45,40,255.00,"10,200.00"
2020-01-21,2020012101012511,UPPER,34,45,20,256.00,"5,120.00"
2020-01-21,2020012101012724,UPPER,52,29,25,255.00,"6,375.00"
2020-01-21,2020012101012723,UPPER,52,34,10,255.00,"2,550.00"
2020-01-21,2020012101012722,UPPER,52,1,50,255.00,"12,750.00"
2020-01-21,2020012101012580,UPPER,38,45,10,256.00,"2,560.00"
2020-01-21,2020012101012711,WOMI,38,10,133,952.00,"126,616.00"
2020-01-21,2020012101012399,WOMI,38,34,67,955.00,"63,985.00"
2020-01-21,2020012101011971,AKPL,58,52,300,128.00,"38,400.00"
2020-01-21,2020012101012123,ALICL,42,45,100,475.00,"47,500.00"
2020-01-21,2020012101012075,ALICL,36,45,100,475.00,"47,500.00"
2020-01-21,2020012101012074,ALICL,25,45,"1,000",475.00,"475,000.00"
2020-01-21,2020012101012073,ALICL,50,45,111,475.00,"52,725.00"
2020-01-21,2020012101012072,ALICL,50,45,500,476.00,"238,000.00"
2020-01-21,2020012101012071,ALICL,37,45,200,477.00,"95,400.00"
2020-01-21,2020012101012070,ALICL,53,45,500,479.00,"239,500.00"
2020-01-21,2020012101012069,ALICL,13,45,50,481.00,"24,050.00"
2020-01-21,2020012101011845,ALICL,49,16,250,480.00,"120,000.00"
2020-01-21,2020012101011841,ALICL,49,6,150,480.00,"72,000.00"
2020-01-21,2020012101011840,ALICL,44,6,50,481.00,"24,050.00"
2020-01-21,2020012101012217,API,25,42,50,126.00,"6,300.00"
2020-01-21,2020012101012142,API,25,51,"1,000",124.00,"124,000.00"
2020-01-21,2020012101011998,API,25,38,"1,125",124.00,"139,500.00"
2020-01-21,2020012101011997,API,22,38,20,124.00,"2,480.00"
2020-01-21,2020012101011996,API,49,38,100,124.00,"12,400.00"
2020-01-21,2020012101011995,API,14,38,714,124.00,"88,536.00"
2020-01-21,2020012101011994,API,25,38,41,125.00,"5,125.00"
2020-01-21,2020012101011882,API,25,42,150,126.00,"18,900.00"
2020-01-21,2020012101011870,API,25,51,29,125.00,"3,625.00"
2020-01-21,2020012101011855,API,25,57,930,125.00,"116,250.00"
2020-01-21,2020012101011829,API,25,57,81,125.00,"10,125.00"
2020-01-21,2020012101011927,BARUN,38,51,10,92.00,920.00
2020-01-21,2020012101011838,BFC,42,6,10,105.00,"1,050.00"
2020-01-21,2020012101012166,BNT,57,5,20,"6,300.00","126,000.00"
2020-01-21,2020012101012288,BOKL,38,39,200,239.00,"47,800.00"
2020-01-21,2020012101012149,BOKL,38,50,212,239.00,"50,668.00"
2020-01-21,2020012101012026,BOKL,1,22,27,238.00,"6,426.00"
2020-01-21,2020012101012197,BPCL,29,58,11,328.00,"3,608.00"
2020-01-21,2020012101012196,BPCL,29,58,11,328.00,"3,608.00"
2020-01-21,2020012101012195,BPCL,29,58,11,328.00,"3,608.00"
2020-01-21,2020012101012194,BPCL,29,58,11,328.00,"3,608.00"
2020-01-21,2020012101012193,BPCL,29,58,11,328.00,"3,608.00"
2020-01-21,2020012101012192,BPCL,29,58,11,328.00,"3,608.00"
2020-01-21,2020012101012191,BPCL,29,58,11,328.00,"3,608.00"
2020-01-21,2020012101012190,BPCL,29,58,11,328.00,"3,608.00"
2020-01-21,2020012101012189,BPCL,29,58,11,328.00,"3,608.00"
2020-01-21,2020012101011977,CBBL,28,13,97,889.00,"86,233.00"
2020-01-21,2020012101011826,CBBL,34,56,32,890.00,"28,480.00"
2020-01-21,2020012101011825,CBBL,41,56,66,890.00,"58,740.00"
2020-01-21,2020012101012210,CBL,44,34,10,149.00,"1,490.00"
2020-01-21,2020012101012138,CBL,21,34,200,149.00,"29,800.00"
2020-01-21,2020012101012117,CBL,21,34,300,149.00,"44,700.00"
2020-01-21,2020012101012175,CCBL,26,29,101,187.00,"18,887.00"
2020-01-21,2020012101012065,CCBL,28,36,147,186.00,"27,342.00"
2020-01-21,2020012101012055,CCBL,28,45,90,186.00,"16,740.00"
2020-01-21,2020012101012012,CCBL,28,51,18,186.00,"3,348.00"
2020-01-21,2020012101012011,CCBL,47,51,25,186.00,"4,650.00"
2020-01-21,2020012101012010,CCBL,29,51,156,186.00,"29,016.00"
2020-01-21,2020012101011918,CCBL,29,26,69,186.00,"12,834.00"
2020-01-21,2020012101011917,CCBL,45,26,11,186.00,"2,046.00"
2020-01-21,2020012101011804,CCBL,25,29,277,187.00,"51,799.00"
2020-01-21,2020012101012039,CHL,19,51,10,91.00,910.00
2020-01-21,2020012101012148,CIT,38,7,12,"2,221.00","26,652.00"
2020-01-21,2020012101012147,CIT,5,7,10,"2,221.00","22,210.00"
2020-01-21,2020012101012146,CIT,32,7,100,"2,222.00","222,200.00"
2020-01-21,2020012101012145,CIT,38,7,26,"2,222.00","57,772.00"
2020-01-21,2020012101012062,CZBIL,17,35,10,200.00,"2,000.00"
2020-01-21,2020012101012009,CZBIL,17,45,16,200.00,"3,200.00"
2020-01-21,2020012101012008,CZBIL,13,45,190,200.00,"38,000.00"
2020-01-21,2020012101011812,CZBIL,13,50,50,201.00,"10,050.00"
2020-01-21,2020012101012236,DDBL,49,49,"6,400","1,036.00","6,630,400.00"
2020-01-21,2020012101012235,DDBL,49,8,186,"1,036.00","192,696.00"
2020-01-21,2020012101012184,DDBL,37,8,250,"1,036.00","259,000.00"
2020-01-21,2020012101012183,DDBL,32,8,63,"1,036.00","65,268.00"
2020-01-21,2020012101012082,DDBL,32,33,37,"1,036.00","38,332.00"
2020-01-21,2020012101012081,DDBL,41,33,63,"1,036.00","65,268.00"
2020-01-21,2020012101012003,DDBL,58,45,200,"1,037.00","207,400.00"
2020-01-21,2020012101011847,DDBL,49,22,50,"1,038.00","51,900.00"
2020-01-21,2020012101012047,DHPL,59,57,11,56.00,616.00
2020-01-21,2020012101012275,EBL,26,8,258,628.00,"162,024.00"
2020-01-21,2020012101012281,EIC,56,33,300,352.00,"105,600.00"
2020-01-21,2020012101012280,EIC,38,33,500,352.00,"176,000.00"
2020-01-21,2020012101012279,EIC,17,33,500,352.00,"176,000.00"
2020-01-21,2020012101012278,EIC,56,33,200,352.00,"70,400.00"
2020-01-21,2020012101012223,EIC,52,17,100,353.00,"35,300.00"
2020-01-21,2020012101012222,EIC,1,17,300,353.00,"105,900.00"
2020-01-21,2020012101012221,EIC,21,17,200,354.00,"70,800.00"
2020-01-21,2020012101012220,EIC,21,11,300,354.00,"106,200.00"
2020-01-21,2020012101011956,FMDBL,42,33,366,421.00,"154,086.00"
2020-01-21,2020012101011955,FMDBL,42,57,200,420.00,"84,000.00"
2020-01-21,2020012101011954,FMDBL,42,46,200,420.00,"84,000.00"
2020-01-21,2020012101011953,FMDBL,42,10,234,418.00,"97,812.00"
2020-01-21,2020012101011819,FMDBL,35,5,100,414.00,"41,400.00"
2020-01-21,2020012101011818,FMDBL,45,5,100,415.00,"41,500.00"
2020-01-21,2020012101011817,FMDBL,42,5,100,418.00,"41,800.00"
2020-01-21,2020012101012268,FOWAD,50,1,99,"1,250.00","123,750.00"
2020-01-21,2020012101012267,FOWAD,17,1,10,"1,251.00","12,510.00"
2020-01-21,2020012101012022,GBBL,26,8,701,231.00,"161,931.00"
2020-01-21,2020012101012182,GBLBS,39,46,450,412.00,"185,400.00"
2020-01-21,2020012101012181,GBLBS,42,46,50,412.00,"20,600.00"
2020-01-21,2020012101011808,GGBSL,3,32,10,862.00,"8,620.00"
2020-01-21,2020012101012297,GILB,19,46,41,"1,260.00","51,660.00"
2020-01-21,2020012101012296,GILB,6,46,70,"1,260.00","88,200.00"
2020-01-21,2020012101012295,GILB,19,46,50,"1,260.00","63,000.00"
2020-01-21,2020012101012228,GILB,21,55,50,"1,280.00","64,000.00"
2020-01-21,2020012101012227,GILB,29,55,50,"1,280.00","64,000.00"
2020-01-21,2020012101012214,GILB,33,55,100,"1,285.00","128,500.00"
2020-01-21,2020012101012034,GILB,17,55,50,"1,310.00","65,500.00"
2020-01-21,2020012101012213,GILB,41,55,50,"1,285.00","64,250.00"
2020-01-21,2020012101012212,GILB,45,55,50,"1,289.00","64,450.00"
2020-01-21,2020012101012198,GILB,17,34,30,"1,290.00","38,700.00"
2020-01-21,2020012101012154,GILB,37,34,90,"1,300.00","117,000.00"
2020-01-21,2020012101012053,GILB,37,49,10,"1,300.00","13,000.00"
2020-01-21,2020012101012234,GLICL,56,43,150,667.00,"100,050.00"
2020-01-21,2020012101012215,GLICL,56,43,150,667.00,"100,050.00"
2020-01-21,2020012101012143,GLICL,37,43,200,679.00,"135,800.00"
2020-01-21,2020012101011976,GLICL,44,6,100,671.00,"67,100.00"
2020-01-21,2020012101011975,GLICL,37,6,100,671.00,"67,100.00"
2020-01-21,2020012101011974,GLICL,47,6,32,675.00,"21,600.00"
2020-01-21,2020012101011946,GLICL,47,5,150,675.00,"101,250.00"
2020-01-21,2020012101011879,GLICL,47,5,495,675.00,"334,125.00"
2020-01-21,2020012101011876,GLICL,47,5,300,675.00,"202,500.00"
