Date,Transact. No.,Symbol,Buyer,Seller,Quantity,Rate,Amount
2020-09-06,2020090601034749,ACLBSL,38,16,10,702.00,"7,020.00"
2020-09-06,2020090601034621,ADBL,11,59,134,429.00,"57,486.00"
2020-09-06,2020090601034551,ADBL,50,58,500,430.00,"215,000.00"
2020-09-06,2020090601034664,AHPC,39,17,850,123.00,"104,550.00"
2020-09-06,2020090601034663,AHPC,57,17,300,123.00,"36,900.00"
2020-09-06,2020090601034662,AHPC,56,17,350,123.00,"43,050.00"
2020-09-06,2020090601034786,AIL,35,45,50,515.00,"25,750.00"
2020-09-06,2020090601034758,AIL,42,29,10,512.00,"5,120.00"
2020-09-06,2020090601034489,AIL,58,45,30,516.00,"15,480.00"
2020-09-06,2020090601034488,AIL,58,45,10,516.00,"5,160.00"
2020-09-06,2020090601034400,AIL,58,45,380,515.00,"195,700.00"
2020-09-06,2020090601034856,AKJCL,45,32,"1,000",63.00,"63,000.00"
2020-09-06,2020090601034857,AKPL,58,6,100,177.00,"17,700.00"
2020-09-06,2020090601034385,AKPL,42,40,500,174.00,"87,000.00"
2020-09-06,2020090601034628,AKPL,42,42,500,174.00,"87,000.00"
2020-09-06,2020090601034567,AKPL,45,42,160,174.00,"27,840.00"
2020-09-06,2020090601034566,AKPL,45,40,840,174.00,"146,160.00"
2020-09-06,2020090601034698,AKPL,58,42,"1,340",174.00,"233,160.00"
2020-09-06,2020090601034665,AKPL,58,58,"15,000",173.00,"2,595,000.00"
2020-09-06,2020090601034648,AKPL,58,41,"21,723",173.00,"3,758,080.00"
2020-09-06,2020090601034647,AKPL,36,41,200,173.00,"34,600.00"
2020-09-06,2020090601034646,AKPL,17,41,"1,000",173.00,"173,000.00"
2020-09-06,2020090601034645,AKPL,58,41,"2,584",173.00,"447,032.00"
2020-09-06,2020090601034704,AKPL,58,58,"1,000",175.00,"175,000.00"
2020-09-06,2020090601034703,AKPL,58,58,50,175.00,"8,750.00"
2020-09-06,2020090601034702,AKPL,58,37,500,174.00,"87,000.00"
2020-09-06,2020090601034701,AKPL,58,48,13,174.00,"2,262.00"
2020-09-06,2020090601034700,AKPL,58,40,"4,000",174.00,"696,000.00"
2020-09-06,2020090601034699,AKPL,58,41,536,174.00,"93,264.00"
2020-09-06,2020090601034710,AKPL,58,28,"2,000",176.00,"352,000.00"
2020-09-06,2020090601034709,AKPL,58,41,900,176.00,"158,400.00"
2020-09-06,2020090601034708,AKPL,58,34,"1,000",175.00,"175,000.00"
2020-09-06,2020090601034707,AKPL,58,58,"5,000",175.00,"875,000.00"
2020-09-06,2020090601034706,AKPL,58,43,10,175.00,"1,750.00"
2020-09-06,2020090601034705,AKPL,58,58,50,175.00,"8,750.00"
2020-09-06,2020090601034716,AKPL,58,6,500,176.00,"88,000.00"
2020-09-06,2020090601034715,AKPL,58,21,"3,000",176.00,"528,000.00"
2020-09-06,2020090601034714,AKPL,58,16,20,176.00,"3,520.00"
2020-09-06,2020090601034713,AKPL,58,42,100,176.00,"17,600.00"
2020-09-06,2020090601034712,AKPL,58,56,300,176.00,"52,800.00"
2020-09-06,2020090601034711,AKPL,58,48,500,176.00,"88,000.00"
2020-09-06,2020090601034719,AKPL,58,6,81,177.00,"14,337.00"
2020-09-06,2020090601034718,AKPL,58,21,"1,000",177.00,"177,000.00"
2020-09-06,2020090601034717,AKPL,58,45,100,177.00,"17,700.00"
2020-09-06,2020090601034824,ALBSL,28,17,100,859.00,"85,900.00"
2020-09-06,2020090601034823,ALBSL,28,38,50,858.00,"42,900.00"
2020-09-06,2020090601034822,ALBSL,28,19,11,856.00,"9,416.00"
2020-09-06,2020090601034821,ALBSL,28,16,100,856.00,"85,600.00"
2020-09-06,2020090601034820,ALBSL,28,49,50,856.00,"42,800.00"
2020-09-06,2020090601034452,ALBSL,28,45,91,827.00,"75,257.00"
2020-09-06,2020090601034451,ALBSL,28,48,11,827.00,"9,097.00"
2020-09-06,2020090601034450,ALBSL,28,19,41,827.00,"33,907.00"
2020-09-06,2020090601034449,ALBSL,28,53,211,826.00,"174,286.00"
2020-09-06,2020090601034448,ALBSL,28,16,13,826.00,"10,738.00"
2020-09-06,2020090601034458,ALBSL,28,42,51,840.00,"42,840.00"
2020-09-06,2020090601034457,ALBSL,28,32,11,840.00,"9,240.00"
2020-09-06,2020090601034456,ALBSL,28,26,177,840.00,"148,680.00"
2020-09-06,2020090601034455,ALBSL,28,57,100,839.00,"83,900.00"
2020-09-06,2020090601034454,ALBSL,28,58,11,838.00,"9,218.00"
2020-09-06,2020090601034453,ALBSL,28,58,11,835.00,"9,185.00"
2020-09-06,2020090601034550,ALBSL,43,34,11,843.00,"9,273.00"
2020-09-06,2020090601034460,ALBSL,28,32,192,842.00,"161,664.00"
2020-09-06,2020090601034459,ALBSL,28,49,80,841.00,"67,280.00"
2020-09-06,2020090601034807,ALBSL,28,25,34,848.00,"28,832.00"
2020-09-06,2020090601034806,ALBSL,28,42,11,844.00,"9,284.00"
2020-09-06,2020090601034805,ALBSL,28,6,69,844.00,"58,236.00"
2020-09-06,2020090601034813,ALBSL,28,45,33,850.00,"28,050.00"
2020-09-06,2020090601034812,ALBSL,28,45,11,850.00,"9,350.00"
2020-09-06,2020090601034811,ALBSL,28,7,20,850.00,"17,000.00"
2020-09-06,2020090601034810,ALBSL,28,16,11,849.00,"9,339.00"
2020-09-06,2020090601034809,ALBSL,28,22,100,849.00,"84,900.00"
2020-09-06,2020090601034808,ALBSL,28,5,100,849.00,"84,900.00"
2020-09-06,2020090601034819,ALBSL,28,42,11,856.00,"9,416.00"
2020-09-06,2020090601034818,ALBSL,28,20,11,856.00,"9,416.00"
2020-09-06,2020090601034817,ALBSL,28,55,11,855.00,"9,405.00"
2020-09-06,2020090601034816,ALBSL,28,17,100,855.00,"85,500.00"
2020-09-06,2020090601034815,ALBSL,28,36,50,852.00,"42,600.00"
2020-09-06,2020090601034814,ALBSL,28,25,80,851.00,"68,080.00"
2020-09-06,2020090601034688,ALICL,57,45,75,715.00,"53,625.00"
2020-09-06,2020090601034687,ALICL,57,7,250,714.00,"178,500.00"
2020-09-06,2020090601034537,ALICL,58,7,250,714.00,"178,500.00"
2020-09-06,2020090601034520,ALICL,45,45,125,715.00,"89,375.00"
2020-09-06,2020090601034525,API,49,44,500,132.00,"66,000.00"
2020-09-06,2020090601034411,API,49,7,371,132.00,"48,972.00"
2020-09-06,2020090601034410,API,13,7,100,132.00,"13,200.00"
2020-09-06,2020090601034409,API,59,7,929,132.00,"122,628.00"
2020-09-06,2020090601034382,API,34,46,136,133.00,"18,088.00"
2020-09-06,2020090601034381,API,34,21,14,133.00,"1,862.00"
2020-09-06,2020090601034574,BBC,57,29,28,"1,571.00","43,988.00"
2020-09-06,2020090601034863,BFC,36,38,145,106.00,"15,370.00"
2020-09-06,2020090601034625,BFC,47,38,20,106.00,"2,120.00"
2020-09-06,2020090601034575,BFC,38,38,135,106.00,"14,310.00"
2020-09-06,2020090601034729,BOKL,48,48,100,236.00,"23,600.00"
2020-09-06,2020090601034728,BOKL,48,34,100,236.00,"23,600.00"
2020-09-06,2020090601034594,BOKL,57,34,"2,053",236.00,"484,508.00"
2020-09-06,2020090601034828,BPCL,6,21,"1,124",379.00,"425,996.00"
2020-09-06,2020090601034652,BPCL,32,51,11,377.00,"4,147.00"
2020-09-06,2020090601034536,BPCL,35,51,15,378.00,"5,670.00"
2020-09-06,2020090601034535,BPCL,52,51,18,378.00,"6,804.00"
2020-09-06,2020090601034486,BPCL,52,59,24,378.00,"9,072.00"
2020-09-06,2020090601034846,CBBL,16,16,100,"1,098.00","109,800.00"
2020-09-06,2020090601034596,CBBL,35,16,71,"1,098.00","77,958.00"
2020-09-06,2020090601034788,CBL,16,58,100,145.00,"14,500.00"
2020-09-06,2020090601034733,CCBL,41,50,50,173.00,"8,650.00"
2020-09-06,2020090601034732,CCBL,29,50,200,173.00,"34,600.00"
2020-09-06,2020090601034731,CCBL,10,50,50,173.00,"8,650.00"
2020-09-06,2020090601034730,CCBL,29,50,151,173.00,"26,123.00"
2020-09-06,2020090601034406,CCBL,29,58,49,173.00,"8,477.00"
2020-09-06,2020090601034405,CCBL,43,58,100,173.00,"17,300.00"
2020-09-06,2020090601034404,CCBL,32,58,20,173.00,"3,460.00"
2020-09-06,2020090601034403,CCBL,58,58,12,173.00,"2,076.00"
2020-09-06,2020090601034402,CCBL,16,58,200,173.00,"34,600.00"
2020-09-06,2020090601034401,CCBL,37,58,24,173.00,"4,152.00"
2020-09-06,2020090601034483,CHCL,45,7,274,428.00,"117,272.00"
2020-09-06,2020090601034482,CHCL,52,7,50,428.00,"21,400.00"
2020-09-06,2020090601034481,CHCL,58,7,100,428.00,"42,800.00"
2020-09-06,2020090601034480,CHCL,42,7,26,428.00,"11,128.00"
2020-09-06,2020090601034479,CHCL,46,7,200,428.00,"85,600.00"
2020-09-06,2020090601034478,CHCL,52,7,50,428.00,"21,400.00"
2020-09-06,2020090601034804,CIT,38,35,45,"3,011.00","135,495.00"
2020-09-06,2020090601034803,CIT,38,35,62,"3,012.00","186,744.00"
2020-09-06,2020090601034802,CIT,19,35,62,"3,012.00","186,744.00"
2020-09-06,2020090601034801,CIT,34,35,22,"3,015.00","66,330.00"
2020-09-06,2020090601034795,CIT,20,50,32,"3,020.00","96,640.00"
2020-09-06,2020090601034794,CIT,20,43,20,"3,020.00","60,400.00"
2020-09-06,2020090601034413,CIT,58,8,10,"3,015.00","30,150.00"
2020-09-06,2020090601034412,CIT,58,18,62,"3,015.00","186,930.00"
2020-09-06,2020090601034392,CIT,49,18,38,"3,015.00","114,570.00"
2020-09-06,2020090601034391,CIT,49,43,12,"3,014.00","36,168.00"
2020-09-06,2020090601034389,CIT,58,43,33,"3,014.00","99,462.00"
2020-09-06,2020090601034388,CIT,58,54,30,"3,012.00","90,360.00"
2020-09-06,2020090601034552,CIT,19,40,50,"3,012.00","150,600.00"
2020-09-06,2020090601034518,CIT,54,40,18,"3,012.00","54,216.00"
2020-09-06,2020090601034517,CIT,54,38,27,"3,012.00","81,324.00"
2020-09-06,2020090601034496,CIT,5,38,33,"3,012.00","99,396.00"
2020-09-06,2020090601034418,CIT,58,54,100,"3,015.00","301,500.00"
2020-09-06,2020090601034414,CIT,58,45,26,"3,015.00","78,390.00"
2020-09-06,2020090601034609,CIT,55,10,50,"3,019.00","150,950.00"
2020-09-06,2020090601034608,CIT,55,40,33,"3,019.00","99,627.00"
2020-09-06,2020090601034607,CIT,55,48,50,"3,019.00","150,950.00"
2020-09-06,2020090601034606,CIT,55,16,33,"3,016.00","99,528.00"
2020-09-06,2020090601034605,CIT,55,44,10,"3,015.00","30,150.00"
2020-09-06,2020090601034585,CIT,35,40,12,"3,012.00","36,144.00"
2020-09-06,2020090601034793,CIT,20,19,100,"3,020.00","302,000.00"
2020-09-06,2020090601034792,CIT,20,57,18,"3,020.00","54,360.00"
2020-09-06,2020090601034791,CIT,20,51,20,"3,020.00","60,400.00"
2020-09-06,2020090601034790,CIT,20,11,10,"3,018.00","30,180.00"
2020-09-06,2020090601034764,CIT,51,11,10,"3,018.00","30,180.00"
2020-09-06,2020090601034610,CIT,55,51,24,"3,020.00","72,480.00"
2020-09-06,2020090601034422,CZBIL,1,58,50,195.00,"9,750.00"
2020-09-06,2020090601034615,DDBL,34,10,352,868.00,"305,536.00"
2020-09-06,2020090601034614,DDBL,39,10,10,869.00,"8,690.00"
2020-09-06,2020090601034613,DDBL,43,10,388,869.00,"337,172.00"
2020-09-06,2020090601034612,DDBL,49,10,50,872.00,"43,600.00"
2020-09-06,2020090601034611,DDBL,19,10,500,872.00,"436,000.00"
2020-09-06,2020090601034549,DHPL,42,43,250,57.00,"14,250.00"
2020-09-06,2020090601034548,DHPL,51,43,100,57.00,"5,700.00"
2020-09-06,2020090601034560,EBL,25,41,50,736.00,"36,800.00"
2020-09-06,2020090601034464,EBL,25,41,450,736.00,"331,200.00"
2020-09-06,2020090601034442,EBL,28,41,50,736.00,"36,800.00"
2020-09-06,2020090601034785,EDBL,56,14,40,299.00,"11,960.00"
2020-09-06,2020090601034415,EDBL,58,14,100,299.00,"29,900.00"
2020-09-06,2020090601034604,EIC,39,8,100,484.00,"48,400.00"
2020-09-06,2020090601034841,FMDBL,48,35,10,565.00,"5,650.00"
2020-09-06,2020090601034683,FMDBL,25,52,200,566.00,"113,200.00"
2020-09-06,2020090601034620,FMDBL,44,29,80,562.00,"44,960.00"
2020-09-06,2020090601034619,FMDBL,57,29,250,563.00,"140,750.00"
2020-09-06,2020090601034618,FMDBL,56,29,50,563.00,"28,150.00"
2020-09-06,2020090601034684,GBBL,21,25,50,237.00,"11,850.00"
2020-09-06,2020090601034387,GBBL,57,58,30,238.00,"7,140.00"
2020-09-06,2020090601034763,GBIME,39,45,200,266.00,"53,200.00"
2020-09-06,2020090601034581,GBIME,45,5,54,265.00,"14,310.00"
2020-09-06,2020090601034580,GBIME,47,5,100,265.00,"26,500.00"
2020-09-06,2020090601034579,GBIME,48,5,400,265.00,"106,000.00"
2020-09-06,2020090601034578,GBIME,26,5,71,265.00,"18,815.00"
2020-09-06,2020090601034519,GBIME,26,55,100,265.00,"26,500.00"
2020-09-06,2020090601034435,GBIME,26,34,79,265.00,"20,935.00"
2020-09-06,2020090601034434,GBIME,37,34,50,265.00,"13,250.00"
2020-09-06,2020090601034433,GBIME,14,34,50,265.00,"13,250.00"
2020-09-06,2020090601034432,GBIME,41,34,200,265.00,"53,000.00"
2020-09-06,2020090601034431,GBIME,55,34,23,265.00,"6,095.00"
2020-09-06,2020090601034680,GBLBS,44,10,30,540.00,"16,200.00"
2020-09-06,2020090601034603,GBLBS,34,45,50,538.00,"26,900.00"
2020-09-06,2020090601034522,GBLBS,34,36,310,538.00,"166,780.00"
2020-09-06,2020090601034521,GBLBS,5,36,30,539.00,"16,170.00"
2020-09-06,2020090601034689,GGBSL,40,47,10,801.00,"8,010.00"
2020-09-06,2020090601034778,GLICL,51,50,138,582.00,"80,316.00"
2020-09-06,2020090601034777,GLICL,51,50,162,581.00,"94,122.00"
2020-09-06,2020090601034776,GLICL,51,47,200,581.00,"116,200.00"
2020-09-06,2020090601034735,GLICL,41,56,100,580.00,"58,000.00"
2020-09-06,2020090601034734,GLICL,41,26,100,579.00,"57,900.00"
2020-09-06,2020090601034576,GLICL,48,5,100,580.00,"58,000.00"
2020-09-06,2020090601034373,GMFBS,25,57,10,805.00,"8,050.00"
2020-09-06,2020090601034372,GMFBS,25,29,10,799.00,"7,990.00"
2020-09-06,2020090601034371,GMFBS,25,25,10,799.00,"7,990.00"
2020-09-06,2020090601034839,HDHPC,39,26,40,95.00,"3,800.00"
2020-09-06,2020090601034838,HDHPC,39,52,70,95.00,"6,650.00"
2020-09-06,2020090601034675,HDL,48,45,25,"1,780.00","44,500.00"
2020-09-06,2020090601034386,HDL,42,45,10,"1,780.00","17,800.00"
2020-09-06,2020090601034423,HGI,49,5,90,463.00,"41,670.00"
2020-09-06,2020090601034591,HIDCL,46,57,61,144.00,"8,784.00"
2020-09-06,2020090601034681,ILBS,25,58,10,785.00,"7,850.00"
2020-09-06,2020090601034445,ILBS,55,45,27,781.00,"21,087.00"
2020-09-06,2020090601034781,JBBL,59,36,20,171.00,"3,420.00"
2020-09-06,2020090601034780,JBBL,49,36,500,171.00,"85,500.00"
2020-09-06,2020090601034695,KBL,38,17,45,190.00,"8,550.00"
2020-09-06,2020090601034694,KBL,38,58,55,190.00,"10,450.00"
2020-09-06,2020090601034779,KMCDB,38,6,100,754.00,"75,400.00"
2020-09-06,2020090601034740,KMCDB,5,6,20,754.00,"15,080.00"
2020-09-06,2020090601034490,KMCDB,5,55,10,753.00,"7,530.00"
2020-09-06,2020090601034855,KPCL,25,25,20,122.00,"2,440.00"
2020-09-06,2020090601034565,KPCL,25,55,10,122.00,"1,220.00"
2020-09-06,2020090601034564,KPCL,25,57,10,121.00,"1,210.00"
2020-09-06,2020090601034563,KPCL,25,28,10,121.00,"1,210.00"
2020-09-06,2020090601034562,KPCL,25,28,10,121.00,"1,210.00"
2020-09-06,2020090601034752,KSBBL,34,14,50,144.00,"7,200.00"
2020-09-06,2020090601034751,KSBBL,34,59,950,144.00,"136,800.00"
2020-09-06,2020090601034677,LGIL,29,45,425,512.00,"217,600.00"
2020-09-06,2020090601034676,LGIL,29,45,75,512.00,"38,400.00"
2020-09-06,2020090601034380,LGIL,45,32,100,514.00,"51,400.00"
2020-09-06,2020090601034601,MBL,34,6,10,229.00,"2,290.00"
2020-09-06,2020090601034477,MBL,7,53,500,228.00,"114,000.00"
2020-09-06,2020090601034476,MBL,7,45,625,228.00,"142,500.00"
2020-09-06,2020090601034651,MERO,41,34,32,700.00,"22,400.00"
2020-09-06,2020090601034650,MERO,41,56,16,700.00,"11,200.00"
2020-09-06,2020090601034524,MFIL,55,34,172,282.00,"48,504.00"
2020-09-06,2020090601034505,MFIL,7,34,28,282.00,"7,896.00"
2020-09-06,2020090601034745,MHNL,40,42,10,91.00,910.00
2020-09-06,2020090601034756,MLBL,38,16,10,194.00,"1,940.00"
2020-09-06,2020090601034860,MMFDB,1,43,20,910.00,"18,200.00"
2020-09-06,2020090601034859,MMFDB,43,43,15,910.00,"13,650.00"
2020-09-06,2020090601034832,MNBBL,29,16,100,325.00,"32,500.00"
2020-09-06,2020090601034668,MNBBL,41,16,100,325.00,"32,500.00"
2020-09-06,2020090601034441,MNBBL,48,34,370,326.00,"120,620.00"
2020-09-06,2020090601034440,MNBBL,48,8,130,325.00,"42,250.00"
2020-09-06,2020090601034584,NABIL,42,50,20,855.00,"17,100.00"
2020-09-06,2020090601034553,NABIL,14,50,74,855.00,"63,270.00"
2020-09-06,2020090601034534,NABIL,11,38,640,859.00,"549,760.00"
2020-09-06,2020090601034533,NABIL,11,10,360,858.00,"308,880.00"
2020-09-06,2020090601034427,NABIL,14,59,126,855.00,"107,730.00"
2020-09-06,2020090601034366,NABIL,57,11,30,855.00,"25,650.00"
2020-09-06,2020090601034365,NABIL,56,11,50,856.00,"42,800.00"
2020-09-06,2020090601034739,NADEP,38,57,10,679.00,"6,790.00"
2020-09-06,2020090601034738,NADEP,38,44,90,676.00,"60,840.00"
2020-09-06,2020090601034531,NADEP,38,44,10,676.00,"6,760.00"
2020-09-06,2020090601034530,NADEP,38,42,40,676.00,"27,040.00"
2020-09-06,2020090601034573,NBB,52,40,534,201.00,"107,334.00"
2020-09-06,2020090601034417,NBB,52,34,50,201.00,"10,050.00"
2020-09-06,2020090601034767,NBL,44,32,107,304.00,"32,528.00"
2020-09-06,2020090601034627,NBL,53,45,320,303.00,"96,960.00"
2020-09-06,2020090601034626,NBL,56,45,180,303.00,"54,540.00"
2020-09-06,2020090601034528,NBL,25,32,43,304.00,"13,072.00"
2020-09-06,2020090601034398,NBL,48,58,200,304.00,"60,800.00"
2020-09-06,2020090601034397,NBL,48,29,300,304.00,"91,200.00"
2020-09-06,2020090601034376,NBL,42,11,500,304.00,"152,000.00"
2020-09-06,2020090601034375,NBL,42,45,150,304.00,"45,600.00"
2020-09-06,2020090601034374,NBL,42,54,347,304.00,"105,488.00"
2020-09-06,2020090601034364,NBL,57,54,500,304.00,"152,000.00"
2020-09-06,2020090601034741,NCCB,42,49,150,196.00,"29,400.00"
2020-09-06,2020090601034720,NCCB,58,7,"2,000",195.00,"390,000.00"
2020-09-06,2020090601034653,NCCB,58,49,"5,000",195.00,"975,000.00"
2020-09-06,2020090601034399,NHDL,44,45,10,160.00,"1,600.00"
2020-09-06,2020090601034748,NHPC,58,25,"1,500",59.00,"88,500.00"
2020-09-06,2020090601034624,NHPC,6,25,30,60.00,"1,800.00"
2020-09-06,2020090601034499,NHPC,46,25,10,60.00,600.00
2020-09-06,2020090601034408,NHPC,58,25,"2,000",59.00,"118,000.00"
2020-09-06,2020090601034513,NIB,57,6,154,428.00,"65,912.00"
2020-09-06,2020090601034474,NIB,57,14,32,428.00,"13,696.00"
2020-09-06,2020090601034473,NIB,6,14,50,428.00,"21,400.00"
2020-09-06,2020090601034634,NICA,18,47,340,588.00,"199,920.00"
2020-09-06,2020090601034633,NICA,18,47,160,588.00,"94,080.00"
2020-09-06,2020090601034425,NICA,56,51,165,587.00,"96,855.00"
2020-09-06,2020090601034378,NICA,54,51,50,587.00,"29,350.00"
2020-09-06,2020090601034377,NICA,54,58,950,587.00,"557,650.00"
2020-09-06,2020090601034512,NICBF,6,19,"1,000",10.03,"10,030.00"
2020-09-06,2020090601034465,NICGF,17,50,"2,600",11.01,"28,626.00"
2020-09-06,2020090601034369,NICL,6,6,"2,000",543.00,"1,086,000.00"
2020-09-06,2020090601034368,NICL,6,55,"1,522",540.00,"821,880.00"
2020-09-06,2020090601034367,NICL,6,49,150,540.00,"81,000.00"
2020-09-06,2020090601034830,NIL,46,58,20,790.00,"15,800.00"
2020-09-06,2020090601034765,NIL,44,58,50,790.00,"39,500.00"
2020-09-06,2020090601034760,NIL,50,58,76,790.00,"60,040.00"
2020-09-06,2020090601034759,NIL,46,58,100,791.00,"79,100.00"
2020-09-06,2020090601034690,NIL,29,49,100,791.00,"79,100.00"
2020-09-06,2020090601034667,NIL,46,49,23,791.00,"18,193.00"
2020-09-06,2020090601034638,NIL,50,52,124,790.00,"97,960.00"
2020-09-06,2020090601034637,NIL,45,52,50,790.00,"39,500.00"
2020-09-06,2020090601034636,NIL,57,52,26,790.00,"20,540.00"
2020-09-06,2020090601034538,NIL,46,49,77,791.00,"60,907.00"
2020-09-06,2020090601034390,NIL,10,49,200,791.00,"158,200.00"
2020-09-06,2020090601034861,NLBBL,45,45,50,725.00,"36,250.00"
2020-09-06,2020090601034685,NLG,51,21,10,740.00,"7,400.00"
2020-09-06,2020090601034616,NLG,41,42,70,735.00,"51,450.00"
2020-09-06,2020090601034514,NLG,41,47,200,735.00,"147,000.00"
2020-09-06,2020090601034572,NLIC,32,13,11,"1,374.00","15,114.00"
2020-09-06,2020090601034571,NLIC,32,7,16,"1,373.00","21,968.00"
2020-09-06,2020090601034421,NLIC,32,40,10,"1,372.00","13,720.00"
2020-09-06,2020090601034420,NLIC,32,50,11,"1,372.00","15,092.00"
2020-09-06,2020090601034384,NLIC,45,34,25,"1,371.00","34,275.00"
2020-09-06,2020090601034383,NLIC,42,34,50,"1,371.00","68,550.00"
2020-09-06,2020090601034737,NLICL,11,36,42,771.00,"32,382.00"
2020-09-06,2020090601034725,NLICL,11,32,500,771.00,"385,500.00"
2020-09-06,2020090601034724,NLICL,11,53,58,771.00,"44,718.00"
2020-09-06,2020090601034723,NLICL,11,42,200,770.00,"154,000.00"
2020-09-06,2020090601034532,NLICL,51,16,100,769.00,"76,900.00"
2020-09-06,2020090601034447,NLICL,35,26,200,767.00,"153,400.00"
2020-09-06,2020090601034654,NMB,34,42,15,427.00,"6,405.00"
2020-09-06,2020090601034600,NMB,36,26,50,428.00,"21,400.00"
2020-09-06,2020090601034586,NMB,34,11,121,427.00,"51,667.00"
2020-09-06,2020090601034516,NMB,34,34,310,427.00,"132,370.00"
2020-09-06,2020090601034498,NMB,51,34,290,427.00,"123,830.00"
2020-09-06,2020090601034497,NMB,51,17,10,427.00,"4,270.00"
2020-09-06,2020090601034495,NMB,36,17,90,427.00,"38,430.00"
2020-09-06,2020090601034494,NMB,36,38,10,427.00,"4,270.00"
2020-09-06,2020090601034475,NMB,37,38,90,427.00,"38,430.00"
2020-09-06,2020090601034858,NMBMF,38,29,50,782.00,"39,100.00"
2020-09-06,2020090601034854,NRIC,26,52,100,871.00,"87,100.00"
2020-09-06,2020090601034853,NRIC,56,52,11,870.00,"9,570.00"
2020-09-06,2020090601034852,NRIC,59,52,489,870.00,"425,430.00"
2020-09-06,2020090601034851,NRIC,59,43,511,870.00,"444,570.00"
2020-09-06,2020090601034827,NRIC,59,42,100,870.00,"87,000.00"
2020-09-06,2020090601034826,NRIC,39,42,20,870.00,"17,400.00"
2020-09-06,2020090601034470,NRIC,34,45,40,872.00,"34,880.00"
2020-09-06,2020090601034443,NRIC,35,1,20,870.00,"17,400.00"
2020-09-06,2020090601034428,NRIC,19,1,10,870.00,"8,700.00"
2020-09-06,2020090601034424,NRIC,50,1,500,870.00,"435,000.00"
2020-09-06,2020090601034416,NRIC,46,1,10,870.00,"8,700.00"
2020-09-06,2020090601034379,NRIC,46,1,100,870.00,"87,000.00"
2020-09-06,2020090601034543,NRIC,58,52,330,870.00,"287,100.00"
2020-09-06,2020090601034523,NRIC,58,56,30,870.00,"26,100.00"
2020-09-06,2020090601034485,NRIC,44,45,30,869.00,"26,070.00"
2020-09-06,2020090601034484,NRIC,35,45,10,870.00,"8,700.00"
2020-09-06,2020090601034472,NRIC,34,52,120,872.00,"104,640.00"
2020-09-06,2020090601034471,NRIC,34,55,40,872.00,"34,880.00"
2020-09-06,2020090601034587,NRIC,36,52,32,870.00,"27,840.00"
2020-09-06,2020090601034582,NRIC,34,52,10,870.00,"8,700.00"
2020-09-06,2020090601034557,NRIC,19,52,50,870.00,"43,500.00"
2020-09-06,2020090601034556,NRIC,34,52,10,870.00,"8,700.00"
2020-09-06,2020090601034547,NRIC,44,14,40,869.00,"34,760.00"
2020-09-06,2020090601034544,NRIC,58,52,20,870.00,"17,400.00"
2020-09-06,2020090601034660,NRIC,1,29,20,870.00,"17,400.00"
2020-09-06,2020090601034657,NRIC,19,29,100,870.00,"87,000.00"
2020-09-06,2020090601034649,NRIC,44,55,40,869.00,"34,760.00"
2020-09-06,2020090601034635,NRIC,44,29,40,869.00,"34,760.00"
2020-09-06,2020090601034622,NRIC,57,52,48,870.00,"41,760.00"
2020-09-06,2020090601034588,NRIC,44,59,"1,000",869.00,"869,000.00"
2020-09-06,2020090601034721,NRIC,44,55,40,870.00,"34,800.00"
2020-09-06,2020090601034693,NRIC,44,35,40,870.00,"34,800.00"
2020-09-06,2020090601034692,NRIC,44,25,400,870.00,"348,000.00"
2020-09-06,2020090601034691,NRIC,44,29,380,870.00,"330,600.00"
2020-09-06,2020090601034686,NRIC,44,7,150,869.00,"130,350.00"
2020-09-06,2020090601034671,NRIC,44,58,350,869.00,"304,150.00"
2020-09-06,2020090601034825,NRIC,52,42,80,870.00,"69,600.00"
2020-09-06,2020090601034800,NRIC,52,45,20,870.00,"17,400.00"
2020-09-06,2020090601034799,NRIC,44,45,30,870.00,"26,100.00"
2020-09-06,2020090601034782,NRIC,6,59,550,871.00,"479,050.00"
2020-09-06,2020090601034762,NRIC,44,58,50,870.00,"43,500.00"
2020-09-06,2020090601034757,NRIC,44,10,40,870.00,"34,800.00"
2020-09-06,2020090601034787,NTC,6,11,10,705.00,"7,050.00"
2020-09-06,2020090601034722,NTC,34,11,10,705.00,"7,050.00"
2020-09-06,2020090601034771,PCBL,48,14,37,282.00,"10,434.00"
2020-09-06,2020090601034770,PCBL,40,14,800,282.00,"225,600.00"
2020-09-06,2020090601034769,PCBL,7,14,200,282.00,"56,400.00"
2020-09-06,2020090601034768,PCBL,26,14,963,282.00,"271,566.00"
2020-09-06,2020090601034666,PFL,8,48,12,149.00,"1,788.00"
2020-09-06,2020090601034503,PIC,45,36,80,743.00,"59,440.00"
2020-09-06,2020090601034502,PIC,45,58,20,743.00,"14,860.00"
2020-09-06,2020090601034501,PIC,45,17,100,742.00,"74,200.00"
2020-09-06,2020090601034500,PIC,45,17,100,742.00,"74,200.00"
2020-09-06,2020090601034370,PIC,57,36,150,742.00,"111,300.00"
2020-09-06,2020090601034670,PICL,45,38,30,539.00,"16,170.00"
2020-09-06,2020090601034669,PICL,42,38,40,540.00,"21,600.00"
2020-09-06,2020090601034542,PLIC,16,34,76,639.00,"48,564.00"
2020-09-06,2020090601034419,PLIC,16,36,124,635.00,"78,740.00"
2020-09-06,2020090601034755,PRIN,3,49,100,590.00,"59,000.00"
2020-09-06,2020090601034754,PRIN,3,14,"1,281",589.00,"754,509.00"
2020-09-06,2020090601034629,PRIN,52,41,400,588.00,"235,200.00"
2020-09-06,2020090601034559,PRIN,53,41,100,588.00,"58,800.00"
2020-09-06,2020090601034463,PRVU,8,48,150,233.00,"34,950.00"
2020-09-06,2020090601034504,RADHI,32,26,11,228.00,"2,508.00"
2020-09-06,2020090601034831,RBCL,52,18,10,"9,718.00","97,180.00"
2020-09-06,2020090601034642,RBCLPO,58,34,10,"8,407.00","84,070.00"
2020-09-06,2020090601034641,RBCLPO,49,34,15,"8,410.00","126,150.00"
2020-09-06,2020090601034640,RBCLPO,13,34,15,"8,412.00","126,180.00"
2020-09-06,2020090601034639,RBCLPO,50,34,10,"8,413.00","84,130.00"
2020-09-06,2020090601034491,RBCLPO,52,34,15,"8,420.00","126,300.00"
2020-09-06,2020090601034493,RBCLPO,13,34,15,"8,412.00","126,180.00"
2020-09-06,2020090601034492,RBCLPO,34,34,20,"8,415.00","168,300.00"
2020-09-06,2020090601034789,RHPC,51,29,49,103.00,"5,047.00"
2020-09-06,2020090601034527,RHPC,1,42,15,102.00,"1,530.00"
2020-09-06,2020090601034599,RHPL,51,14,40,161.00,"6,440.00"
2020-09-06,2020090601034546,RHPL,51,57,40,161.00,"6,440.00"
2020-09-06,2020090601034529,RHPL,13,34,120,162.00,"19,440.00"
2020-09-06,2020090601034436,RHPL,13,34,380,162.00,"61,560.00"
2020-09-06,2020090601034744,RMDC,55,48,50,862.00,"43,100.00"
2020-09-06,2020090601034461,RRHP,17,26,10,112.00,"1,120.00"
2020-09-06,2020090601034797,RSDC,38,26,10,525.00,"5,250.00"
2020-09-06,2020090601034796,RSDC,38,26,65,524.00,"34,060.00"
2020-09-06,2020090601034487,SANIMA,53,46,100,349.00,"34,900.00"
2020-09-06,2020090601034837,SAPDBL,55,46,30,121.00,"3,630.00"
2020-09-06,2020090601034836,SAPDBL,55,1,13,121.00,"1,573.00"
2020-09-06,2020090601034697,SBI,6,58,10,432.00,"4,320.00"
2020-09-06,2020090601034696,SBI,6,34,24,430.00,"10,320.00"
2020-09-06,2020090601034656,SBI,51,14,150,428.00,"64,200.00"
2020-09-06,2020090601034617,SBI,18,55,236,427.00,"100,772.00"
2020-09-06,2020090601034798,SBL,8,49,50,305.00,"15,250.00"
2020-09-06,2020090601034570,SBL,48,55,105,305.00,"32,025.00"
2020-09-06,2020090601034569,SBL,48,45,110,305.00,"33,550.00"
2020-09-06,2020090601034469,SBL,48,34,51,304.00,"15,504.00"
2020-09-06,2020090601034468,SBL,4,34,100,304.00,"30,400.00"
2020-09-06,2020090601034467,SBL,42,34,200,304.00,"60,800.00"
2020-09-06,2020090601034466,SBL,45,34,149,304.00,"45,296.00"
2020-09-06,2020090601034833,SCB,57,34,10,660.00,"6,600.00"
2020-09-06,2020090601034623,SDLBSL,49,29,10,830.00,"8,300.00"
2020-09-06,2020090601034632,SFCL,29,25,30,112.00,"3,360.00"
2020-09-06,2020090601034396,SFCL,45,25,68,112.00,"7,616.00"
2020-09-06,2020090601034395,SFCL,45,22,100,112.00,"11,200.00"
2020-09-06,2020090601034394,SFCL,45,32,375,112.00,"42,000.00"
2020-09-06,2020090601034393,SFCL,45,41,243,112.00,"27,216.00"
2020-09-06,2020090601034761,SHINE,40,10,500,238.00,"119,000.00"
2020-09-06,2020090601034862,SHIVM,35,10,50,704.00,"35,200.00"
2020-09-06,2020090601034845,SHIVM,35,52,50,704.00,"35,200.00"
2020-09-06,2020090601034775,SHIVM,34,45,400,703.00,"281,200.00"
2020-09-06,2020090601034743,SHIVM,49,59,250,705.00,"176,250.00"
2020-09-06,2020090601034742,SHIVM,49,59,250,704.00,"176,000.00"
2020-09-06,2020090601034736,SHIVM,39,59,50,704.00,"35,200.00"
2020-09-06,2020090601034437,SHIVM,45,51,150,705.00,"105,750.00"
2020-09-06,2020090601034644,SHIVM,39,48,50,704.00,"35,200.00"
2020-09-06,2020090601034643,SHIVM,1,48,50,704.00,"35,200.00"
2020-09-06,2020090601034589,SHIVM,6,59,100,705.00,"70,500.00"
2020-09-06,2020090601034583,SHIVM,41,59,100,705.00,"70,500.00"
2020-09-06,2020090601034577,SHIVM,1,45,50,704.00,"35,200.00"
2020-09-06,2020090601034568,SHIVM,38,51,50,705.00,"35,250.00"
2020-09-06,2020090601034747,SHPC,34,10,395,260.00,"102,700.00"
2020-09-06,2020090601034631,SHPC,34,22,105,260.00,"27,300.00"
2020-09-06,2020090601034630,SHPC,48,22,500,260.00,"130,000.00"
2020-09-06,2020090601034545,SHPC,49,56,200,260.00,"52,000.00"
2020-09-06,2020090601034783,SIC,45,14,68,878.00,"59,704.00"
2020-09-06,2020090601034541,SIC,14,14,12,878.00,"10,536.00"
2020-09-06,2020090601034540,SIC,14,17,150,875.00,"131,250.00"
2020-09-06,2020090601034539,SIC,14,7,148,875.00,"129,500.00"
2020-09-06,2020090601034840,SICL,25,25,129,"1,353.00","174,537.00"
2020-09-06,2020090601034766,SICL,36,38,41,"1,349.00","55,309.00"
2020-09-06,2020090601034658,SICL,4,46,10,"1,353.00","13,530.00"
2020-09-06,2020090601034655,SICL,36,58,420,"1,349.00","566,580.00"
2020-09-06,2020090601034844,SIL,6,44,149,750.00,"111,750.00"
2020-09-06,2020090601034843,SIL,6,41,200,749.00,"149,800.00"
2020-09-06,2020090601034674,SIL,55,44,51,750.00,"38,250.00"
2020-09-06,2020090601034673,SIL,55,29,99,750.00,"74,250.00"
2020-09-06,2020090601034672,SIL,55,14,50,747.00,"37,350.00"
2020-09-06,2020090601034661,SIL,17,14,100,747.00,"74,700.00"
2020-09-06,2020090601034598,SIL,44,37,100,750.00,"75,000.00"
2020-09-06,2020090601034750,SJCL,14,49,20,146.00,"2,920.00"
2020-09-06,2020090601034602,SJCL,59,57,20,147.00,"2,940.00"
2020-09-06,2020090601034746,SLBSL,26,48,20,800.00,"16,000.00"
2020-09-06,2020090601034727,SLBSL,41,48,10,800.00,"8,000.00"
2020-09-06,2020090601034774,SLICL,26,38,"1,000",574.00,"574,000.00"
2020-09-06,2020090601034773,SLICL,26,34,200,574.00,"114,800.00"
2020-09-06,2020090601034772,SLICL,26,35,10,574.00,"5,740.00"
2020-09-06,2020090601034753,SLICL,6,35,500,573.00,"286,500.00"
2020-09-06,2020090601034679,SLICL,6,35,50,573.00,"28,650.00"
2020-09-06,2020090601034678,SLICL,7,35,450,573.00,"257,850.00"
2020-09-06,2020090601034597,SLICL,6,35,10,574.00,"5,740.00"
2020-09-06,2020090601034430,SLICL,7,29,30,573.00,"17,190.00"
2020-09-06,2020090601034429,SLICL,7,34,20,573.00,"11,460.00"
2020-09-06,2020090601034555,SPARS,20,6,20,942.00,"18,840.00"
2020-09-06,2020090601034554,SPARS,53,6,100,942.00,"94,200.00"
2020-09-06,2020090601034726,SPDL,46,36,490,134.00,"65,660.00"
2020-09-06,2020090601034526,SPDL,48,36,10,134.00,"1,340.00"
2020-09-06,2020090601034462,SPDL,29,1,15,132.00,"1,980.00"
2020-09-06,2020090601034835,SRBL,44,19,200,232.00,"46,400.00"
2020-09-06,2020090601034834,SRBL,44,19,100,232.00,"23,200.00"
2020-09-06,2020090601034784,SWBBL,34,41,100,"1,254.00","125,400.00"
2020-09-06,2020090601034595,SWBBL,34,14,100,"1,254.00","125,400.00"
2020-09-06,2020090601034842,TRH,19,45,500,211.00,"105,500.00"
2020-09-06,2020090601034850,UIC,54,50,220,420.00,"92,400.00"
2020-09-06,2020090601034849,UIC,34,50,30,420.00,"12,600.00"
2020-09-06,2020090601034848,UIC,5,50,170,420.00,"71,400.00"
2020-09-06,2020090601034847,UIC,35,50,80,420.00,"33,600.00"
2020-09-06,2020090601034659,UIC,35,36,170,420.00,"71,400.00"
2020-09-06,2020090601034590,UIC,39,36,80,420.00,"33,600.00"
2020-09-06,2020090601034444,UIC,18,36,100,420.00,"42,000.00"
2020-09-06,2020090601034439,UIC,44,49,50,419.00,"20,950.00"
2020-09-06,2020090601034682,UMHL,51,1,14,113.00,"1,582.00"
2020-09-06,2020090601034446,UMHL,51,38,14,113.00,"1,582.00"
2020-09-06,2020090601034561,UMHL,51,49,14,113.00,"1,582.00"
2020-09-06,2020090601034829,UNHPL,13,37,270,67.00,"18,090.00"
2020-09-06,2020090601034593,UPPER,19,34,167,250.00,"41,750.00"
2020-09-06,2020090601034592,UPPER,19,6,33,250.00,"8,250.00"
2020-09-06,2020090601034506,UPPER,40,6,93,250.00,"23,250.00"
2020-09-06,2020090601034438,UPPER,32,45,40,249.00,"9,960.00"
2020-09-06,2020090601034426,UPPER,28,6,50,250.00,"12,500.00"
2020-09-06,2020090601034407,UPPER,32,55,132,249.00,"32,868.00"
2020-09-06,2020090601034511,UPPER,40,6,967,250.00,"241,750.00"
2020-09-06,2020090601034510,UPPER,40,38,40,250.00,"10,000.00"
2020-09-06,2020090601034509,UPPER,40,1,100,250.00,"25,000.00"
2020-09-06,2020090601034508,UPPER,40,38,50,250.00,"12,500.00"
2020-09-06,2020090601034507,UPPER,40,25,50,250.00,"12,500.00"
2020-09-06,2020090601034558,USLB,38,54,28,999.00,"27,972.00"
2020-09-06,2020090601034515,WOMI,21,38,20,883.00,"17,660.00"
2020-09-06,2020090601034162,ADBL,11,57,230,429.00,"98,670.00"
2020-09-06,2020090601034161,ADBL,46,57,11,429.00,"4,719.00"
2020-09-06,2020090601033874,AHPC,56,39,232,123.00,"28,536.00"
2020-09-06,2020090601034250,AIL,58,50,20,515.00,"10,300.00"
2020-09-06,2020090601034249,AIL,36,50,80,515.00,"41,200.00"
2020-09-06,2020090601034233,AIL,36,14,10,515.00,"5,150.00"
2020-09-06,2020090601034144,AIL,36,48,10,515.00,"5,150.00"
2020-09-06,2020090601034048,AIL,36,35,10,515.00,"5,150.00"
2020-09-06,2020090601034310,AKJCL,34,32,100,63.00,"6,300.00"
2020-09-06,2020090601034353,AKPL,45,40,"2,500",174.00,"435,000.00"
2020-09-06,2020090601034343,AKPL,14,40,160,174.00,"27,840.00"
2020-09-06,2020090601034342,AKPL,14,42,840,174.00,"146,160.00"
2020-09-06,2020090601034288,AKPL,58,7,600,173.00,"103,800.00"
2020-09-06,2020090601033989,AKPL,59,42,400,174.00,"69,600.00"
2020-09-06,2020090601034014,AKPL,49,42,50,174.00,"8,700.00"
2020-09-06,2020090601034000,AKPL,45,42,10,174.00,"1,740.00"
2020-09-06,2020090601034284,ALBSL,11,16,10,826.00,"8,260.00"
2020-09-06,2020090601034283,ALBSL,48,16,20,826.00,"16,520.00"
2020-09-06,2020090601034282,ALBSL,40,16,154,826.00,"127,204.00"
2020-09-06,2020090601034224,ALBSL,40,1,180,826.00,"148,680.00"
2020-09-06,2020090601034100,ALBSL,40,36,11,826.00,"9,086.00"
2020-09-06,2020090601033994,ALBSL,40,45,100,826.00,"82,600.00"
2020-09-06,2020090601034243,ALICL,45,58,15,715.00,"10,725.00"
2020-09-06,2020090601034189,ALICL,49,55,50,716.00,"35,800.00"
2020-09-06,2020090601034151,ALICL,4,55,300,716.00,"214,800.00"
2020-09-06,2020090601034150,ALICL,4,16,210,716.00,"150,360.00"
2020-09-06,2020090601033993,ALICL,45,14,10,715.00,"7,150.00"
2020-09-06,2020090601033992,ALICL,45,16,30,716.00,"21,480.00"
2020-09-06,2020090601033898,ALICL,57,25,900,715.00,"643,500.00"
2020-09-06,2020090601033897,ALICL,57,17,100,715.00,"71,500.00"
2020-09-06,2020090601034046,API,6,21,430,133.00,"57,190.00"
2020-09-06,2020090601034045,API,6,44,70,133.00,"9,310.00"
2020-09-06,2020090601033935,API,59,38,71,132.00,"9,372.00"
2020-09-06,2020090601033934,API,45,38,200,132.00,"26,400.00"
2020-09-06,2020090601033933,API,8,38,70,132.00,"9,240.00"
2020-09-06,2020090601034209,BARUN,18,7,11,109.00,"1,199.00"
2020-09-06,2020090601033901,BBC,1,29,20,"1,571.00","31,420.00"
2020-09-06,2020090601033900,BBC,45,29,10,"1,572.00","15,720.00"
2020-09-06,2020090601033899,BBC,48,29,12,"1,573.00","18,876.00"
2020-09-06,2020090601034084,BFC,38,34,25,106.00,"2,650.00"
2020-09-06,2020090601034083,BFC,38,49,90,106.00,"9,540.00"
2020-09-06,2020090601033973,BFC,39,49,60,106.00,"6,360.00"
2020-09-06,2020090601034352,BPCL,43,21,500,379.00,"189,500.00"
2020-09-06,2020090601034277,BPCL,11,21,200,379.00,"75,800.00"
2020-09-06,2020090601033866,BPCL,52,44,24,378.00,"9,072.00"
2020-09-06,2020090601034253,CCBL,37,11,300,173.00,"51,900.00"
2020-09-06,2020090601034088,CCBL,37,34,176,173.00,"30,448.00"
2020-09-06,2020090601034087,CCBL,52,34,500,173.00,"86,500.00"
2020-09-06,2020090601034086,CCBL,26,34,10,173.00,"1,730.00"
2020-09-06,2020090601034085,CCBL,55,34,14,173.00,"2,422.00"
2020-09-06,2020090601033904,CCBL,55,56,800,173.00,"138,400.00"
2020-09-06,2020090601034002,CHCL,58,17,14,429.00,"6,006.00"
2020-09-06,2020090601034308,CIT,49,43,50,"3,014.00","150,700.00"
2020-09-06,2020090601034307,CIT,49,57,50,"3,010.00","150,500.00"
2020-09-06,2020090601034194,CIT,48,51,50,"3,010.00","150,500.00"
2020-09-06,2020090601034015,CIT,45,16,100,"3,015.00","301,500.00"
2020-09-06,2020090601033918,CIT,17,45,35,"3,014.00","105,490.00"
2020-09-06,2020090601033917,CIT,17,38,65,"3,010.00","195,650.00"
2020-09-06,2020090601033886,CIT,40,40,20,"3,012.00","60,240.00"
2020-09-06,2020090601033885,CIT,40,41,20,"3,011.00","60,220.00"
2020-09-06,2020090601033881,CIT,58,35,87,"3,005.00","261,435.00"
2020-09-06,2020090601034095,CLBSL,43,58,10,692.00,"6,920.00"
2020-09-06,2020090601034223,CMF1,21,34,500,10.25,"5,125.00"
2020-09-06,2020090601034174,CZBIL,34,58,261,195.00,"50,895.00"
2020-09-06,2020090601033967,CZBIL,47,58,100,195.00,"19,500.00"
2020-09-06,2020090601034158,DDBL,35,26,100,872.00,"87,200.00"
2020-09-06,2020090601034296,FMDBL,35,52,100,566.00,"56,600.00"
2020-09-06,2020090601034241,FMDBL,52,52,100,566.00,"56,600.00"
2020-09-06,2020090601034169,FMDBL,56,52,20,566.00,"11,320.00"
2020-09-06,2020090601034202,FOWAD,34,56,20,"1,585.00","31,700.00"
2020-09-06,2020090601033955,FOWAD,34,59,65,"1,585.00","103,025.00"
2020-09-06,2020090601034136,GBBL,1,58,50,238.00,"11,900.00"
2020-09-06,2020090601034128,GBBL,21,55,209,237.00,"49,533.00"
2020-09-06,2020090601034346,GBIME,34,45,200,266.00,"53,200.00"
2020-09-06,2020090601034266,GBIME,49,45,32,266.00,"8,512.00"
2020-09-06,2020090601034265,GBIME,49,41,200,266.00,"53,200.00"
2020-09-06,2020090601034264,GBIME,49,45,268,266.00,"71,288.00"
2020-09-06,2020090601034173,GBIME,55,7,27,265.00,"7,155.00"
2020-09-06,2020090601034172,GBIME,56,7,73,265.00,"19,345.00"
2020-09-06,2020090601033907,GBIME,39,8,100,265.00,"26,500.00"
2020-09-06,2020090601033906,GBIME,58,8,100,265.00,"26,500.00"
2020-09-06,2020090601033905,GBIME,37,8,338,265.00,"89,570.00"
2020-09-06,2020090601033926,GBIME,49,42,"1,000",265.00,"265,000.00"
2020-09-06,2020090601033925,GBIME,45,42,88,265.00,"23,320.00"
2020-09-06,2020090601033911,GBIME,45,8,112,265.00,"29,680.00"
2020-09-06,2020090601033910,GBIME,44,8,150,265.00,"39,750.00"
2020-09-06,2020090601033909,GBIME,10,8,100,265.00,"26,500.00"
2020-09-06,2020090601033908,GBIME,42,8,100,265.00,"26,500.00"
2020-09-06,2020090601034057,GBIME,45,34,11,266.00,"2,926.00"
2020-09-06,2020090601034056,GBIME,45,57,58,266.00,"15,428.00"
2020-09-06,2020090601034055,GBIME,45,51,169,266.00,"44,954.00"
2020-09-06,2020090601033991,GBIME,4,51,10,266.00,"2,660.00"
2020-09-06,2020090601033928,GBIME,56,42,15,265.00,"3,975.00"
2020-09-06,2020090601033927,GBIME,52,42,500,265.00,"132,500.00"
2020-09-06,2020090601034101,GBIME,56,44,12,265.00,"3,180.00"
2020-09-06,2020090601034099,GBIME,47,45,22,266.00,"5,852.00"
2020-09-06,2020090601034098,GBIME,47,5,28,266.00,"7,448.00"
2020-09-06,2020090601034060,GBIME,45,5,22,266.00,"5,852.00"
2020-09-06,2020090601034059,GBIME,45,33,50,266.00,"13,300.00"
2020-09-06,2020090601034058,GBIME,45,58,190,266.00,"50,540.00"
2020-09-06,2020090601034313,GBLBS,5,41,170,539.00,"91,630.00"
2020-09-06,2020090601034165,GBLBS,37,41,30,539.00,"16,170.00"
2020-09-06,2020090601034164,GBLBS,37,54,20,539.00,"10,780.00"
2020-09-06,2020090601033975,GBLBS,57,59,100,538.00,"53,800.00"
2020-09-06,2020090601034230,GGBSL,49,56,60,791.00,"47,460.00"
2020-09-06,2020090601034135,GILB,45,16,20,"1,173.00","23,460.00"
2020-09-06,2020090601034341,GLICL,47,5,50,580.00,"29,000.00"
2020-09-06,2020090601034160,GLICL,25,18,45,579.00,"26,055.00"
2020-09-06,2020090601034159,GLICL,50,18,55,579.00,"31,845.00"
2020-09-06,2020090601034147,GLICL,25,5,61,580.00,"35,380.00"
2020-09-06,2020090601034028,GLICL,52,5,175,580.00,"101,500.00"
2020-09-06,2020090601034027,GLICL,52,22,100,580.00,"58,000.00"
2020-09-06,2020090601034026,GLICL,52,57,225,580.00,"130,500.00"
2020-09-06,2020090601034328,GUFL,25,16,136,124.00,"16,864.00"
2020-09-06,2020090601034327,GUFL,25,59,20,124.00,"2,480.00"
2020-09-06,2020090601034326,GUFL,25,18,500,124.00,"62,000.00"
2020-09-06,2020090601034017,HBL,45,40,126,568.00,"71,568.00"
2020-09-06,2020090601034016,HBL,45,10,74,559.00,"41,366.00"
2020-09-06,2020090601034247,HGI,14,29,100,460.00,"46,000.00"
2020-09-06,2020090601034246,HGI,49,29,100,460.00,"46,000.00"
2020-09-06,2020090601034119,HGI,49,5,10,463.00,"4,630.00"
2020-09-06,2020090601033932,HGI,38,55,60,460.00,"27,600.00"
2020-09-06,2020090601033931,HGI,38,52,40,460.00,"18,400.00"
2020-09-06,2020090601034295,HIDCL,44,34,30,145.00,"4,350.00"
2020-09-06,2020090601034294,HIDCL,44,42,20,145.00,"2,900.00"
2020-09-06,2020090601034142,HIDCL,6,42,41,145.00,"5,945.00"
2020-09-06,2020090601034141,HIDCL,6,7,959,145.00,"139,055.00"
2020-09-06,2020090601034109,HIDCL,46,44,61,144.00,"8,784.00"
2020-09-06,2020090601033896,HIDCL,46,44,12,144.00,"1,728.00"
2020-09-06,2020090601034350,HPPL,41,58,20,170.00,"3,400.00"
2020-09-06,2020090601034349,HPPL,41,57,10,170.00,"1,700.00"
2020-09-06,2020090601034348,HPPL,41,58,10,170.00,"1,700.00"
2020-09-06,2020090601034347,HPPL,41,1,105,170.00,"17,850.00"
2020-09-06,2020090601034229,HPPL,41,25,10,169.00,"1,690.00"
2020-09-06,2020090601034228,HPPL,41,32,10,169.00,"1,690.00"
2020-09-06,2020090601033912,HPPL,33,38,10,166.00,"1,660.00"
2020-09-06,2020090601034252,HURJA,25,36,10,103.00,"1,030.00"
2020-09-06,2020090601033864,IGI,7,57,16,515.00,"8,240.00"
2020-09-06,2020090601034255,ILBS,32,57,11,785.00,"8,635.00"
2020-09-06,2020090601034319,JBBL,39,1,31,171.00,"5,301.00"
2020-09-06,2020090601034318,JBBL,44,1,18,171.00,"3,078.00"
2020-09-06,2020090601034245,JBBL,44,46,12,171.00,"2,052.00"
2020-09-06,2020090601034218,JBBL,7,46,238,171.00,"40,698.00"
2020-09-06,2020090601034219,KBL,37,19,250,189.00,"47,250.00"
2020-09-06,2020090601034065,KBL,34,1,11,189.00,"2,079.00"
2020-09-06,2020090601034064,KBL,34,45,562,189.00,"106,218.00"
2020-09-06,2020090601033976,KBL,39,45,100,189.00,"18,900.00"
2020-09-06,2020090601033959,KBL,41,45,400,189.00,"75,600.00"
2020-09-06,2020090601033953,KBL,55,45,54,189.00,"10,206.00"
2020-09-06,2020090601033954,KKHC,50,44,10,57.00,570.00
2020-09-06,2020090601034251,KMCDB,38,6,10,752.00,"7,520.00"
2020-09-06,2020090601034156,LBBL,7,10,"1,000",185.00,"185,000.00"
2020-09-06,2020090601034155,LBBL,7,35,331,185.00,"61,235.00"
2020-09-06,2020090601034154,LBBL,7,41,40,185.00,"7,400.00"
2020-09-06,2020090601033966,LBBL,42,37,100,184.00,"18,400.00"
2020-09-06,2020090601033965,LBBL,42,38,160,184.00,"29,440.00"
2020-09-06,2020090601034050,LBL,50,58,358,238.00,"85,204.00"
2020-09-06,2020090601034292,LGIL,25,52,80,513.00,"41,040.00"
2020-09-06,2020090601034188,LGIL,11,52,25,513.00,"12,825.00"
2020-09-06,2020090601034187,LGIL,57,52,100,513.00,"51,300.00"
2020-09-06,2020090601034186,LGIL,16,52,87,513.00,"44,631.00"
2020-09-06,2020090601034185,LGIL,32,52,300,513.00,"153,900.00"
2020-09-06,2020090601034184,LGIL,45,52,50,514.00,"25,700.00"
2020-09-06,2020090601034183,LGIL,32,52,200,514.00,"102,800.00"
2020-09-06,2020090601034182,LGIL,6,52,300,514.00,"154,200.00"
2020-09-06,2020090601034145,LICN,35,58,200,"1,474.00","294,800.00"
2020-09-06,2020090601034291,MBL,34,45,150,228.00,"34,200.00"
2020-09-06,2020090601034203,MBL,58,45,500,228.00,"114,000.00"
2020-09-06,2020090601034082,MBL,34,45,150,228.00,"34,200.00"
2020-09-06,2020090601034011,MEGA,11,11,171,223.00,"38,133.00"
2020-09-06,2020090601034010,MEGA,14,11,50,223.00,"11,150.00"
2020-09-06,2020090601034009,MEGA,13,11,200,223.00,"44,600.00"
2020-09-06,2020090601034008,MEGA,11,11,79,223.00,"17,617.00"
2020-09-06,2020090601033970,MEGA,34,26,77,224.00,"17,248.00"
2020-09-06,2020090601033889,MERO,37,56,34,700.00,"23,800.00"
2020-09-06,2020090601033888,MERO,37,8,116,700.00,"81,200.00"
2020-09-06,2020090601034075,MFIL,57,26,50,283.00,"14,150.00"
2020-09-06,2020090601033988,MLBBL,6,37,100,750.00,"75,000.00"
2020-09-06,2020090601033987,MLBBL,56,37,50,750.00,"37,500.00"
2020-09-06,2020090601033986,MLBBL,39,37,10,751.00,"7,510.00"
2020-09-06,2020090601033924,MLBL,34,57,17,193.00,"3,281.00"
2020-09-06,2020090601033903,MLBL,34,6,233,193.00,"44,969.00"
2020-09-06,2020090601034001,MMFDB,21,34,17,905.00,"15,385.00"
2020-09-06,2020090601034097,MNBBL,6,8,500,325.00,"162,500.00"
2020-09-06,2020090601034013,MNBBL,56,55,100,323.00,"32,300.00"
2020-09-06,2020090601034012,MNBBL,45,55,100,324.00,"32,400.00"
2020-09-06,2020090601033972,MNBBL,58,8,300,325.00,"97,500.00"
2020-09-06,2020090601033977,MSMBS,58,57,11,709.00,"7,799.00"
2020-09-06,2020090601033974,MSMBS,58,38,11,702.00,"7,722.00"
2020-09-06,2020090601034329,NABIL,47,10,40,858.00,"34,320.00"
2020-09-06,2020090601034301,NABIL,16,10,100,858.00,"85,800.00"
2020-09-06,2020090601034051,NABIL,45,44,16,854.00,"13,664.00"
2020-09-06,2020090601034049,NABIL,42,38,10,859.00,"8,590.00"
2020-09-06,2020090601034335,NADEP,38,49,17,676.00,"11,492.00"
2020-09-06,2020090601034140,NADEP,38,35,100,676.00,"67,600.00"
2020-09-06,2020090601034139,NADEP,38,52,23,675.00,"15,525.00"
2020-09-06,2020090601034111,NADEP,38,57,500,675.00,"337,500.00"
2020-09-06,2020090601034110,NADEP,38,54,13,675.00,"8,775.00"
2020-09-06,2020090601034339,NBB,44,58,100,202.00,"20,200.00"
2020-09-06,2020090601034267,NBB,52,45,87,201.00,"17,487.00"
2020-09-06,2020090601034287,NBL,56,42,320,303.00,"96,960.00"
2020-09-06,2020090601034286,NBL,48,42,380,303.00,"115,140.00"
2020-09-06,2020090601034239,NBL,57,54,500,304.00,"152,000.00"
2020-09-06,2020090601033960,NBL,48,49,300,303.00,"90,900.00"
2020-09-06,2020090601033879,NBL,48,38,"1,623",303.00,"491,769.00"
2020-09-06,2020090601033878,NBL,58,38,100,303.00,"30,300.00"
2020-09-06,2020090601033877,NBL,52,38,277,303.00,"83,931.00"
2020-09-06,2020090601034227,NCCB,58,49,500,196.00,"98,000.00"
2020-09-06,2020090601034176,NCCB,34,49,500,196.00,"98,000.00"
2020-09-06,2020090601034143,NCCB,1,49,100,196.00,"19,600.00"
2020-09-06,2020090601034124,NCCB,1,49,100,196.00,"19,600.00"
2020-09-06,2020090601034123,NCCB,58,49,100,196.00,"19,600.00"
2020-09-06,2020090601033958,NCCB,7,29,200,196.00,"39,200.00"
2020-09-06,2020090601033957,NCCB,7,57,191,196.00,"37,436.00"
2020-09-06,2020090601034204,NFS,25,14,110,179.00,"19,690.00"
2020-09-06,2020090601034260,NGPL,44,17,10,138.00,"1,380.00"
2020-09-06,2020090601034066,NHDL,44,38,10,160.00,"1,600.00"
2020-09-06,2020090601034025,NHDL,44,44,10,160.00,"1,600.00"
2020-09-06,2020090601033930,NHPC,16,25,500,60.00,"30,000.00"
2020-09-06,2020090601033887,NHPC,46,25,10,60.00,600.00
2020-09-06,2020090601034107,NIB,45,38,49,428.00,"20,972.00"
2020-09-06,2020090601034081,NIB,45,32,134,428.00,"57,352.00"
2020-09-06,2020090601034080,NIB,45,58,20,428.00,"8,560.00"
2020-09-06,2020090601034079,NIB,45,26,39,428.00,"16,692.00"
2020-09-06,2020090601034078,NIB,45,1,50,427.00,"21,350.00"
2020-09-06,2020090601034201,NICA,43,58,50,587.00,"29,350.00"
2020-09-06,2020090601034200,NICA,43,32,400,587.00,"234,800.00"
2020-09-06,2020090601034199,NICA,43,47,50,587.00,"29,350.00"
2020-09-06,2020090601034190,NICA,57,45,290,586.00,"169,940.00"
2020-09-06,2020090601034171,NICA,1,45,30,586.00,"17,580.00"
2020-09-06,2020090601034170,NICA,54,45,450,586.00,"263,700.00"
2020-09-06,2020090601034077,NICA,54,49,500,586.00,"293,000.00"
2020-09-06,2020090601033871,NICA,54,14,50,586.00,"29,300.00"
2020-09-06,2020090601033870,NICA,56,47,20,587.00,"11,740.00"
2020-09-06,2020090601034274,NICGF,17,50,"5,000",11.01,"55,050.00"
2020-09-06,2020090601034076,NICGF,35,55,"1,000",11.00,"11,000.00"
2020-09-06,2020090601034363,NICL,36,49,200,540.00,"108,000.00"
2020-09-06,2020090601034163,NICL,20,49,100,540.00,"54,000.00"
2020-09-06,2020090601034094,NICL,16,49,500,540.00,"270,000.00"
2020-09-06,2020090601034093,NICL,6,49,20,542.00,"10,840.00"
2020-09-06,2020090601034092,NICL,51,49,30,542.00,"16,260.00"
2020-09-06,2020090601034304,NIL,46,49,23,792.00,"18,216.00"
2020-09-06,2020090601034280,NIL,46,38,77,792.00,"60,984.00"
2020-09-06,2020090601034279,NIL,45,38,23,792.00,"18,216.00"
2020-09-06,2020090601034120,NIL,48,45,800,791.00,"632,800.00"
2020-09-06,2020090601033867,NIL,48,45,500,791.00,"395,500.00"
2020-09-06,2020090601034197,NLG,10,44,100,733.00,"73,300.00"
2020-09-06,2020090601033964,NLG,51,36,16,734.00,"11,744.00"
2020-09-06,2020090601034338,NLIC,26,56,25,"1,371.00","34,275.00"
2020-09-06,2020090601034306,NLIC,25,50,50,"1,372.00","68,600.00"
2020-09-06,2020090601034272,NLIC,16,50,40,"1,372.00","54,880.00"
2020-09-06,2020090601034208,NLIC,17,29,19,"1,370.00","26,030.00"
2020-09-06,2020090601034207,NLIC,45,29,18,"1,370.00","24,660.00"
2020-09-06,2020090601034206,NLIC,19,29,39,"1,370.00","53,430.00"
2020-09-06,2020090601034022,NLIC,1,50,50,"1,372.00","68,600.00"
2020-09-06,2020090601034004,NLIC,45,50,30,"1,372.00","41,160.00"
2020-09-06,2020090601033962,NLIC,28,7,200,"1,370.00","274,000.00"
2020-09-06,2020090601033961,NLIC,52,7,800,"1,371.00","1,096,800.00"
2020-09-06,2020090601033923,NLIC,16,50,100,"1,372.00","137,200.00"
2020-09-06,2020090601034205,NLIC,37,29,100,"1,371.00","137,100.00"
2020-09-06,2020090601034181,NLIC,13,50,90,"1,372.00","123,480.00"
2020-09-06,2020090601034153,NLIC,19,29,11,"1,370.00","15,070.00"
2020-09-06,2020090601034152,NLIC,28,29,59,"1,370.00","80,830.00"
2020-09-06,2020090601034149,NLIC,53,50,60,"1,372.00","82,320.00"
2020-09-06,2020090601034137,NLIC,28,38,22,"1,370.00","30,140.00"
2020-09-06,2020090601034225,NLICL,35,56,300,767.00,"230,100.00"
2020-09-06,2020090601034090,NLICL,51,29,600,766.00,"459,600.00"
2020-09-06,2020090601034089,NLICL,6,29,200,768.00,"153,600.00"
2020-09-06,2020090601034302,NMB,49,38,100,427.00,"42,700.00"
2020-09-06,2020090601034042,NMB,55,38,100,427.00,"42,700.00"
2020-09-06,2020090601034041,NMB,25,38,200,427.00,"85,400.00"
2020-09-06,2020090601034192,NMB50,5,8,200,9.34,"1,868.00"
2020-09-06,2020090601034362,NRIC,11,1,50,870.00,"43,500.00"
2020-09-06,2020090601034359,NRIC,43,1,100,870.00,"87,000.00"
2020-09-06,2020090601034358,NRIC,14,1,100,870.00,"87,000.00"
2020-09-06,2020090601034357,NRIC,16,1,300,870.00,"261,000.00"
2020-09-06,2020090601034356,NRIC,37,1,350,870.00,"304,500.00"
2020-09-06,2020090601034355,NRIC,45,1,290,870.00,"252,300.00"
2020-09-06,2020090601033894,NRIC,34,57,30,872.00,"26,160.00"
2020-09-06,2020090601033869,NRIC,34,16,20,872.00,"17,440.00"
2020-09-06,2020090601033868,NRIC,34,16,20,872.00,"17,440.00"
2020-09-06,2020090601033950,NRIC,45,41,100,872.00,"87,200.00"
2020-09-06,2020090601033949,NRIC,6,29,100,873.00,"87,300.00"
2020-09-06,2020090601033929,NRIC,45,44,40,872.00,"34,880.00"
2020-09-06,2020090601033919,NRIC,57,29,100,873.00,"87,300.00"
2020-09-06,2020090601033902,NRIC,10,29,200,873.00,"174,600.00"
2020-09-06,2020090601033895,NRIC,45,57,10,872.00,"8,720.00"
2020-09-06,2020090601033998,NRIC,45,41,200,871.00,"174,200.00"
2020-09-06,2020090601033997,NRIC,6,41,10,871.00,"8,710.00"
2020-09-06,2020090601033996,NRIC,36,41,220,871.00,"191,620.00"
2020-09-06,2020090601033995,NRIC,49,41,545,871.00,"474,695.00"
2020-09-06,2020090601033990,NRIC,49,55,50,871.00,"43,550.00"
2020-09-06,2020090601033963,NRIC,49,16,45,871.00,"39,195.00"
2020-09-06,2020090601034031,NRIC,38,52,200,870.00,"174,000.00"
2020-09-06,2020090601034030,NRIC,52,52,130,870.00,"113,100.00"
2020-09-06,2020090601034029,NRIC,52,52,95,870.00,"82,650.00"
2020-09-06,2020090601034019,NRIC,40,29,460,873.00,"401,580.00"
2020-09-06,2020090601034018,NRIC,40,16,40,871.00,"34,840.00"
2020-09-06,2020090601033999,NRIC,52,41,95,870.00,"82,650.00"
2020-09-06,2020090601034037,NRIC,35,52,50,870.00,"43,500.00"
2020-09-06,2020090601034036,NRIC,57,52,200,870.00,"174,000.00"
2020-09-06,2020090601034035,NRIC,29,52,100,870.00,"87,000.00"
2020-09-06,2020090601034034,NRIC,48,52,130,870.00,"113,100.00"
2020-09-06,2020090601034033,NRIC,57,52,700,870.00,"609,000.00"
2020-09-06,2020090601034032,NRIC,36,52,100,870.00,"87,000.00"
2020-09-06,2020090601034068,NRIC,35,44,40,869.00,"34,760.00"
2020-09-06,2020090601034044,NRIC,48,44,35,870.00,"30,450.00"
2020-09-06,2020090601034043,NRIC,48,52,65,870.00,"56,550.00"
2020-09-06,2020090601034040,NRIC,43,52,200,870.00,"174,000.00"
2020-09-06,2020090601034039,NRIC,6,52,20,870.00,"17,400.00"
2020-09-06,2020090601034038,NRIC,58,52,10,870.00,"8,700.00"
2020-09-06,2020090601034074,NRIC,18,42,30,872.00,"26,160.00"
2020-09-06,2020090601034073,NRIC,18,50,100,872.00,"87,200.00"
2020-09-06,2020090601034072,NRIC,18,1,10,872.00,"8,720.00"
2020-09-06,2020090601034071,NRIC,18,52,40,871.00,"34,840.00"
2020-09-06,2020090601034070,NRIC,18,49,100,871.00,"87,100.00"
2020-09-06,2020090601034069,NRIC,18,44,15,870.00,"13,050.00"
2020-09-06,2020090601034115,NRIC,44,48,30,869.00,"26,070.00"
2020-09-06,2020090601034114,NRIC,35,48,10,869.00,"8,690.00"
2020-09-06,2020090601034113,NRIC,41,59,10,870.00,"8,700.00"
2020-09-06,2020090601034108,NRIC,35,52,10,869.00,"8,690.00"
2020-09-06,2020090601034102,NRIC,35,57,40,869.00,"34,760.00"
2020-09-06,2020090601034096,NRIC,32,59,30,870.00,"26,100.00"
2020-09-06,2020090601034146,NRIC,16,59,100,870.00,"87,000.00"
2020-09-06,2020090601034138,NRIC,32,59,200,870.00,"174,000.00"
2020-09-06,2020090601034130,NRIC,18,59,100,870.00,"87,000.00"
2020-09-06,2020090601034129,NRIC,44,44,40,869.00,"34,760.00"
2020-09-06,2020090601034122,NRIC,29,59,400,870.00,"348,000.00"
2020-09-06,2020090601034117,NRIC,41,59,30,870.00,"26,100.00"
2020-09-06,2020090601034193,NRIC,59,13,50,870.00,"43,500.00"
2020-09-06,2020090601034168,NRIC,59,42,30,870.00,"26,100.00"
2020-09-06,2020090601034167,NRIC,59,16,40,870.00,"34,800.00"
2020-09-06,2020090601034166,NRIC,59,59,440,870.00,"382,800.00"
2020-09-06,2020090601034157,NRIC,17,59,40,870.00,"34,800.00"
2020-09-06,2020090601034148,NRIC,49,59,650,870.00,"565,500.00"
2020-09-06,2020090601034238,NRIC,29,58,15,870.00,"13,050.00"
2020-09-06,2020090601034237,NRIC,45,58,15,870.00,"13,050.00"
2020-09-06,2020090601034236,NRIC,59,58,20,870.00,"17,400.00"
2020-09-06,2020090601034222,NRIC,59,26,650,870.00,"565,500.00"
2020-09-06,2020090601034212,NRIC,42,48,20,872.00,"17,440.00"
2020-09-06,2020090601034210,NRIC,59,16,40,870.00,"34,800.00"
2020-09-06,2020090601034293,NRIC,50,58,80,872.00,"69,760.00"
2020-09-06,2020090601034281,NRIC,45,29,10,870.00,"8,700.00"
2020-09-06,2020090601034276,NRIC,57,48,20,872.00,"17,440.00"
2020-09-06,2020090601034273,NRIC,45,55,50,870.00,"43,500.00"
2020-09-06,2020090601034261,NRIC,45,52,10,870.00,"8,700.00"
2020-09-06,2020090601034248,NRIC,45,44,40,870.00,"34,800.00"
2020-09-06,2020090601034354,NRIC,50,1,170,872.00,"148,240.00"
2020-09-06,2020090601034345,NRIC,50,42,40,872.00,"34,880.00"
2020-09-06,2020090601034337,NRIC,50,26,100,872.00,"87,200.00"
2020-09-06,2020090601034336,NRIC,44,29,40,873.00,"34,920.00"
2020-09-06,2020090601034321,NRIC,50,6,70,872.00,"61,040.00"
2020-09-06,2020090601034311,NRIC,50,25,40,872.00,"34,880.00"
2020-09-06,2020090601034320,NRN,41,54,500,484.00,"242,000.00"
2020-09-06,2020090601034305,NSEWA,58,8,50,709.00,"35,450.00"
2020-09-06,2020090601034195,NSEWA,49,38,10,702.00,"7,020.00"
2020-09-06,2020090601034312,NTC,6,51,220,701.00,"154,220.00"
2020-09-06,2020090601034256,NTC,13,51,25,701.00,"17,525.00"
2020-09-06,2020090601034116,NTC,58,51,20,701.00,"14,020.00"
2020-09-06,2020090601033883,OHL,58,50,100,343.00,"34,300.00"
2020-09-06,2020090601033882,OHL,45,50,50,343.00,"17,150.00"
2020-09-06,2020090601034067,PIC,57,3,350,742.00,"259,700.00"
2020-09-06,2020090601034309,PLIC,16,34,500,639.00,"319,500.00"
2020-09-06,2020090601034133,PLIC,16,13,"1,000",638.00,"638,000.00"
2020-09-06,2020090601033985,PLIC,16,36,25,637.00,"15,925.00"
2020-09-06,2020090601033984,PLIC,16,34,404,637.00,"257,348.00"
2020-09-06,2020090601033880,PPCL,32,8,10,134.00,"1,340.00"
2020-09-06,2020090601034106,PRIN,44,17,100,586.00,"58,600.00"
2020-09-06,2020090601034105,PRIN,44,16,106,586.00,"62,116.00"
2020-09-06,2020090601034235,RADHI,39,38,11,225.00,"2,475.00"
2020-09-06,2020090601033971,RADHI,43,26,11,224.00,"2,464.00"
2020-09-06,2020090601034275,RHPC,44,29,500,103.00,"51,500.00"
2020-09-06,2020090601034175,RHPC,1,59,31,102.00,"3,162.00"
2020-09-06,2020090601034131,RHPC,1,1,18,102.00,"1,836.00"
2020-09-06,2020090601034316,RHPL,44,38,300,162.00,"48,600.00"
2020-09-06,2020090601034315,RHPL,14,38,70,162.00,"11,340.00"
2020-09-06,2020090601034314,RHPL,46,38,10,162.00,"1,620.00"
2020-09-06,2020090601034104,RHPL,46,44,10,162.00,"1,620.00"
2020-09-06,2020090601034217,RMDC,35,7,450,856.00,"385,200.00"
2020-09-06,2020090601034216,RMDC,34,7,50,857.00,"42,850.00"
2020-09-06,2020090601034132,RRHP,47,44,10,110.00,"1,100.00"
2020-09-06,2020090601034196,RSDC,42,44,17,518.00,"8,806.00"
2020-09-06,2020090601034047,RSDC,14,49,16,517.00,"8,272.00"
2020-09-06,2020090601034091,SABSL,42,57,11,812.00,"8,932.00"
2020-09-06,2020090601034053,SABSL,44,45,120,815.00,"97,800.00"
2020-09-06,2020090601034052,SABSL,44,36,11,815.00,"8,965.00"
2020-09-06,2020090601034054,SADBL,59,59,320,143.00,"45,760.00"
2020-09-06,2020090601033872,SANIMA,11,46,50,349.00,"17,450.00"
2020-09-06,2020090601034290,SAPDBL,55,38,63,119.00,"7,497.00"
2020-09-06,2020090601034270,SBI,18,17,264,427.00,"112,728.00"
2020-09-06,2020090601034215,SBI,22,17,500,427.00,"213,500.00"
2020-09-06,2020090601034214,SBI,18,17,184,427.00,"78,568.00"
2020-09-06,2020090601034213,SBI,35,17,52,428.00,"22,256.00"
2020-09-06,2020090601034127,SBI,35,59,48,428.00,"20,544.00"
2020-09-06,2020090601034126,SBI,45,59,50,428.00,"21,400.00"
2020-09-06,2020090601034125,SBI,51,59,13,429.00,"5,577.00"
2020-09-06,2020090601034333,SBL,45,57,51,304.00,"15,504.00"
2020-09-06,2020090601034332,SBL,47,57,50,304.00,"15,200.00"
2020-09-06,2020090601034331,SBL,32,57,50,304.00,"15,200.00"
2020-09-06,2020090601034322,SBL,1,45,50,305.00,"15,250.00"
2020-09-06,2020090601034191,SBL,1,45,50,305.00,"15,250.00"
2020-09-06,2020090601034351,SCB,41,55,400,659.00,"263,600.00"
2020-09-06,2020090601034344,SCB,41,38,20,659.00,"13,180.00"
2020-09-06,2020090601034289,SCB,50,17,100,660.00,"66,000.00"
2020-09-06,2020090601034271,SCB,42,17,10,660.00,"6,600.00"
2020-09-06,2020090601034198,SCB,41,59,50,659.00,"32,950.00"
2020-09-06,2020090601033936,SCB,44,17,940,660.00,"620,400.00"
2020-09-06,2020090601033921,SCB,1,34,200,661.00,"132,200.00"
2020-09-06,2020090601033865,SCB,1,55,50,662.00,"33,100.00"
2020-09-06,2020090601033942,SCB,45,17,10,660.00,"6,600.00"
2020-09-06,2020090601033941,SCB,49,17,35,660.00,"23,100.00"
2020-09-06,2020090601033940,SCB,14,17,144,660.00,"95,040.00"
2020-09-06,2020090601033939,SCB,47,17,30,660.00,"19,800.00"
2020-09-06,2020090601033938,SCB,57,17,100,660.00,"66,000.00"
2020-09-06,2020090601033937,SCB,35,17,10,660.00,"6,600.00"
2020-09-06,2020090601033948,SCB,59,17,50,660.00,"33,000.00"
2020-09-06,2020090601033947,SCB,32,17,100,660.00,"66,000.00"
2020-09-06,2020090601033946,SCB,52,17,100,660.00,"66,000.00"
2020-09-06,2020090601033945,SCB,52,17,50,660.00,"33,000.00"
2020-09-06,2020090601033944,SCB,58,17,10,660.00,"6,600.00"
2020-09-06,2020090601033943,SCB,1,17,100,660.00,"66,000.00"
2020-09-06,2020090601034112,SCB,51,17,100,660.00,"66,000.00"
2020-09-06,2020090601033956,SCB,1,17,50,660.00,"33,000.00"
2020-09-06,2020090601034317,SDLBSL,38,1,10,830.00,"8,300.00"
2020-09-06,2020090601034007,SDLBSL,38,10,150,830.00,"124,500.00"
2020-09-06,2020090601034006,SDLBSL,38,34,10,830.00,"8,300.00"
2020-09-06,2020090601034005,SDLBSL,38,41,10,830.00,"8,300.00"
2020-09-06,2020090601034234,SFCL,45,41,60,111.00,"6,660.00"
2020-09-06,2020090601034180,SHINE,38,55,52,237.00,"12,324.00"
2020-09-06,2020090601034179,SHINE,43,55,100,237.00,"23,700.00"
2020-09-06,2020090601034178,SHINE,35,55,300,237.00,"71,100.00"
2020-09-06,2020090601034177,SHINE,13,55,248,237.00,"58,776.00"
2020-09-06,2020090601034300,SHIVM,4,14,10,708.00,"7,080.00"
2020-09-06,2020090601034299,SHIVM,4,43,90,708.00,"63,720.00"
2020-09-06,2020090601034298,SHIVM,49,28,"1,780",702.00,"1,249,560.00"
2020-09-06,2020090601034297,SHIVM,18,28,200,703.00,"140,600.00"
2020-09-06,2020090601034242,SHIVM,38,55,200,705.00,"141,000.00"
2020-09-06,2020090601034134,SHIVM,38,38,300,705.00,"211,500.00"
2020-09-06,2020090601033916,SHIVM,49,45,50,702.00,"35,100.00"
2020-09-06,2020090601033915,SHIVM,7,45,200,702.00,"140,400.00"
2020-09-06,2020090601033914,SHIVM,55,45,50,703.00,"35,150.00"
2020-09-06,2020090601033913,SHIVM,56,45,200,703.00,"140,600.00"
2020-09-06,2020090601034118,SHIVM,25,56,40,703.00,"28,120.00"
2020-09-06,2020090601034103,SHIVM,49,56,55,702.00,"38,610.00"
2020-09-06,2020090601034063,SHIVM,50,56,100,703.00,"70,300.00"
2020-09-06,2020090601034062,SHIVM,44,56,600,703.00,"421,800.00"
2020-09-06,2020090601034061,SHIVM,50,56,70,703.00,"49,210.00"
2020-09-06,2020090601033920,SHIVM,59,56,500,705.00,"352,500.00"
2020-09-06,2020090601034254,SHL,34,37,437,158.00,"69,046.00"
2020-09-06,2020090601034259,SHPC,49,35,20,260.00,"5,200.00"
2020-09-06,2020090601034258,SHPC,49,58,30,260.00,"7,800.00"
2020-09-06,2020090601034257,SHPC,49,45,250,260.00,"65,000.00"
2020-09-06,2020090601034211,SHPC,18,45,250,260.00,"65,000.00"
2020-09-06,2020090601033952,SIC,14,58,300,871.00,"261,300.00"
2020-09-06,2020090601033951,SIC,43,58,200,872.00,"174,400.00"
2020-09-06,2020090601034330,SICL,36,34,39,"1,349.00","52,611.00"
2020-09-06,2020090601034121,SICL,40,34,128,"1,353.00","173,184.00"
2020-09-06,2020090601033892,SICL,40,46,386,"1,354.00","522,644.00"
2020-09-06,2020090601033891,SICL,40,34,500,"1,354.00","677,000.00"
2020-09-06,2020090601033890,SICL,40,36,114,"1,354.00","154,356.00"
2020-09-06,2020090601034361,SJCL,59,14,20,147.00,"2,940.00"
2020-09-06,2020090601034240,SJCL,59,44,10,147.00,"1,470.00"
2020-09-06,2020090601033876,SJCL,48,38,10,145.00,"1,450.00"
2020-09-06,2020090601033873,SJCL,48,58,10,145.00,"1,450.00"
2020-09-06,2020090601034278,SKBBL,6,49,26,"1,333.00","34,658.00"
2020-09-06,2020090601034263,SLBS,51,29,30,922.00,"27,660.00"
2020-09-06,2020090601034262,SLBS,42,29,20,923.00,"18,460.00"
2020-09-06,2020090601034340,SLBSL,41,48,10,800.00,"8,000.00"
2020-09-06,2020090601034226,SLBSL,41,48,10,800.00,"8,000.00"
2020-09-06,2020090601034325,SLICL,16,35,480,574.00,"275,520.00"
2020-09-06,2020090601034324,SLICL,16,35,500,574.00,"287,000.00"
2020-09-06,2020090601034323,SLICL,16,52,20,573.00,"11,460.00"
2020-09-06,2020090601034232,SLICL,29,47,210,572.00,"120,120.00"
2020-09-06,2020090601034231,SLICL,16,47,20,573.00,"11,460.00"
2020-09-06,2020090601034220,SLICL,35,58,212,574.00,"121,688.00"
2020-09-06,2020090601034003,SLICL,45,58,131,574.00,"75,194.00"
2020-09-06,2020090601033884,SLICL,45,29,300,574.00,"172,200.00"
2020-09-06,2020090601034024,SPARS,34,19,100,943.00,"94,300.00"
2020-09-06,2020090601033983,SPDL,48,7,311,130.00,"40,430.00"
2020-09-06,2020090601033982,SPDL,36,7,500,130.00,"65,000.00"
2020-09-06,2020090601033981,SPDL,58,7,"1,000",130.00,"130,000.00"
2020-09-06,2020090601033980,SPDL,49,7,398,130.00,"51,740.00"
2020-09-06,2020090601033979,SPDL,44,7,500,131.00,"65,500.00"
2020-09-06,2020090601033978,SPDL,41,7,100,131.00,"13,100.00"
2020-09-06,2020090601033875,SPDL,48,44,10,132.00,"1,320.00"
2020-09-06,2020090601034244,SWBBL,34,58,368,"1,254.00","461,472.00"
2020-09-06,2020090601033969,SWBBL,42,58,50,"1,255.00","62,750.00"
2020-09-06,2020090601033968,SWBBL,34,58,22,"1,255.00","27,610.00"
2020-09-06,2020090601034021,TRH,42,45,40,211.00,"8,440.00"
2020-09-06,2020090601034020,TRH,46,45,400,211.00,"84,400.00"
2020-09-06,2020090601034334,UIC,38,36,50,420.00,"21,000.00"
2020-09-06,2020090601034221,UIC,1,36,100,420.00,"42,000.00"
2020-09-06,2020090601033922,UIC,5,10,270,420.00,"113,400.00"
2020-09-06,2020090601034269,UNHPL,58,58,30,71.00,"2,130.00"
2020-09-06,2020090601034268,UNHPL,46,58,200,71.00,"14,200.00"
2020-09-06,2020090601034360,UPCL,17,45,240,92.00,"22,080.00"
2020-09-06,2020090601034303,UPPER,11,6,400,250.00,"100,000.00"
2020-09-06,2020090601034285,UPPER,13,6,150,250.00,"37,500.00"
2020-09-06,2020090601034023,UPPER,16,6,187,250.00,"46,750.00"
2020-09-06,2020090601033893,WOMI,6,7,10,885.00,"8,850.00"
2020-09-06,2020090601033768,ACLBSL,34,29,10,697.00,"6,970.00"
2020-09-06,2020090601033620,ACLBSL,45,38,300,700.00,"210,000.00"
2020-09-06,2020090601033619,ACLBSL,45,29,300,700.00,"210,000.00"
2020-09-06,2020090601033436,ACLBSL,34,38,10,697.00,"6,970.00"
2020-09-06,2020090601033783,ADBL,46,57,120,429.00,"51,480.00"
2020-09-06,2020090601033591,ADBL,46,45,74,429.00,"31,746.00"
2020-09-06,2020090601033396,ADBL,46,56,295,429.00,"126,555.00"
2020-09-06,2020090601033805,AHPC,56,34,"2,930",123.00,"360,390.00"
2020-09-06,2020090601033778,AHPC,56,55,396,123.00,"48,708.00"
2020-09-06,2020090601033736,AHPC,56,45,235,123.00,"28,905.00"
2020-09-06,2020090601033850,AIL,29,6,50,517.00,"25,850.00"
2020-09-06,2020090601033826,AIL,36,59,10,515.00,"5,150.00"
2020-09-06,2020090601033782,AIL,36,37,250,515.00,"128,750.00"
2020-09-06,2020090601033772,AIL,29,34,10,517.00,"5,170.00"
2020-09-06,2020090601033771,AIL,29,1,10,517.00,"5,170.00"
2020-09-06,2020090601033770,AIL,29,3,10,517.00,"5,170.00"
2020-09-06,2020090601033769,AIL,29,3,10,517.00,"5,170.00"
2020-09-06,2020090601033728,AIL,36,42,10,515.00,"5,150.00"
2020-09-06,2020090601033576,AIL,36,38,10,515.00,"5,150.00"
2020-09-06,2020090601033489,AIL,36,29,10,515.00,"5,150.00"
2020-09-06,2020090601033558,AKJCL,49,32,100,63.00,"6,300.00"
2020-09-06,2020090601033487,AKJCL,42,35,20,62.00,"1,240.00"
2020-09-06,2020090601033486,AKJCL,42,17,80,62.00,"4,960.00"
2020-09-06,2020090601033485,AKJCL,42,39,100,62.00,"6,200.00"
2020-09-06,2020090601033857,AKPL,10,42,"2,000",174.00,"348,000.00"
2020-09-06,2020090601033806,AKPL,58,40,"2,000",173.00,"346,000.00"
2020-09-06,2020090601033797,AKPL,58,48,13,174.00,"2,262.00"
2020-09-06,2020090601033796,AKPL,58,40,"2,759",174.00,"480,066.00"
2020-09-06,2020090601033726,AKPL,58,38,13,173.00,"2,249.00"
2020-09-06,2020090601033708,AKPL,29,40,241,174.00,"41,934.00"
2020-09-06,2020090601033707,AKPL,29,41,759,174.00,"132,066.00"
2020-09-06,2020090601033644,AKPL,58,43,10,173.00,"1,730.00"
2020-09-06,2020090601033587,AKPL,14,41,300,174.00,"52,200.00"
2020-09-06,2020090601033584,AKPL,58,43,10,173.00,"1,730.00"
2020-09-06,2020090601033858,ALICL,46,17,100,715.00,"71,500.00"
2020-09-06,2020090601033464,ALICL,50,54,100,713.00,"71,300.00"
2020-09-06,2020090601033687,API,49,44,30,133.00,"3,990.00"
2020-09-06,2020090601033483,API,6,44,400,133.00,"53,200.00"
2020-09-06,2020090601033482,API,6,51,500,133.00,"66,500.00"
2020-09-06,2020090601033624,API,49,44,500,133.00,"66,500.00"
2020-09-06,2020090601033835,BARUN,37,1,14,110.00,"1,540.00"
2020-09-06,2020090601033834,BARUN,37,45,50,110.00,"5,500.00"
2020-09-06,2020090601033833,BARUN,37,36,10,109.00,"1,090.00"
2020-09-06,2020090601033673,BARUN,37,7,76,109.00,"8,284.00"
2020-09-06,2020090601033439,BBC,17,26,33,"1,575.00","51,975.00"
2020-09-06,2020090601033755,BOKL,38,34,85,236.00,"20,060.00"
2020-09-06,2020090601033452,BOKL,45,34,500,236.00,"118,000.00"
2020-09-06,2020090601033406,BPCL,57,21,50,379.00,"18,950.00"
2020-09-06,2020090601033767,CCBL,55,38,98,173.00,"16,954.00"
2020-09-06,2020090601033609,CHCL,45,17,70,429.00,"30,030.00"
2020-09-06,2020090601033608,CHCL,45,22,30,429.00,"12,870.00"
2020-09-06,2020090601033683,CIT,16,50,10,"3,004.00","30,040.00"
2020-09-06,2020090601033674,CIT,16,50,36,"3,004.00","108,144.00"
2020-09-06,2020090601033625,CIT,3,44,10,"3,005.00","30,050.00"
2020-09-06,2020090601033590,CIT,40,52,17,"3,001.00","51,017.00"
2020-09-06,2020090601033589,CIT,10,52,33,"3,002.00","99,066.00"
2020-09-06,2020090601033572,CIT,5,45,36,"3,004.00","108,144.00"
2020-09-06,2020090601033490,CIT,52,8,20,"3,011.00","60,220.00"
2020-09-06,2020090601033431,CIT,49,48,43,"3,010.00","129,430.00"
2020-09-06,2020090601033430,CIT,49,54,10,"3,005.00","30,050.00"
2020-09-06,2020090601033429,CIT,49,4,12,"3,001.00","36,012.00"
2020-09-06,2020090601033427,CIT,40,4,18,"3,001.00","54,018.00"
2020-09-06,2020090601033403,CIT,19,38,10,"3,000.00","30,000.00"
2020-09-06,2020090601033551,CIT,40,52,13,"3,001.00","39,013.00"
2020-09-06,2020090601033495,CIT,52,5,50,"3,015.00","150,750.00"
2020-09-06,2020090601033494,CIT,52,5,20,"3,015.00","60,300.00"
2020-09-06,2020090601033493,CIT,52,58,40,"3,015.00","120,600.00"
2020-09-06,2020090601033492,CIT,52,47,249,"3,014.00","750,486.00"
2020-09-06,2020090601033491,CIT,52,52,20,"3,011.00","60,220.00"
2020-09-06,2020090601033539,CLBSL,11,17,20,684.00,"13,680.00"
2020-09-06,2020090601033538,CLBSL,46,17,25,685.00,"17,125.00"
2020-09-06,2020090601033732,DHPL,58,43,100,56.00,"5,600.00"
2020-09-06,2020090601033645,DHPL,38,43,100,57.00,"5,700.00"
2020-09-06,2020090601033448,EBL,41,19,100,736.00,"73,600.00"
2020-09-06,2020090601033447,EBL,41,17,100,736.00,"73,600.00"
2020-09-06,2020090601033364,EBL,33,17,120,735.00,"88,200.00"
2020-09-06,2020090601033446,EBL,41,17,17,735.00,"12,495.00"
2020-09-06,2020090601033369,EBL,41,17,50,735.00,"36,750.00"
2020-09-06,2020090601033368,EBL,41,17,50,735.00,"36,750.00"
2020-09-06,2020090601033367,EBL,40,17,"1,000",735.00,"735,000.00"
2020-09-06,2020090601033366,EBL,58,17,99,735.00,"72,765.00"
2020-09-06,2020090601033365,EBL,52,17,20,735.00,"14,700.00"
2020-09-06,2020090601033730,EDBL,19,38,10,298.00,"2,980.00"
2020-09-06,2020090601033729,EDBL,17,38,40,298.00,"11,920.00"
2020-09-06,2020090601033426,EDBL,6,14,100,299.00,"29,900.00"
2020-09-06,2020090601033798,EIC,57,36,10,484.00,"4,840.00"
2020-09-06,2020090601033583,EIC,57,34,100,483.00,"48,300.00"
2020-09-06,2020090601033582,EIC,57,21,100,483.00,"48,300.00"
2020-09-06,2020090601033593,FMDBL,36,11,200,560.00,"112,000.00"
2020-09-06,2020090601033842,GBIME,37,37,110,265.00,"29,150.00"
2020-09-06,2020090601033839,GBIME,37,8,"1,000",265.00,"265,000.00"
2020-09-06,2020090601033795,GBIME,37,55,352,265.00,"93,280.00"
2020-09-06,2020090601033794,GBIME,34,55,250,265.00,"66,250.00"
2020-09-06,2020090601033793,GBIME,58,55,50,265.00,"13,250.00"
2020-09-06,2020090601033792,GBIME,43,55,50,265.00,"13,250.00"
2020-09-06,2020090601033648,GBIME,42,37,10,265.00,"2,650.00"
2020-09-06,2020090601033647,GBIME,52,37,100,265.00,"26,500.00"
2020-09-06,2020090601033646,GBIME,57,37,153,265.00,"40,545.00"
2020-09-06,2020090601033597,GBIME,57,57,15,265.00,"3,975.00"
2020-09-06,2020090601033442,GBIME,55,51,165,266.00,"43,890.00"
2020-09-06,2020090601033694,GBIME,6,52,43,265.00,"11,395.00"
2020-09-06,2020090601033653,GBIME,6,37,57,265.00,"15,105.00"
2020-09-06,2020090601033652,GBIME,45,37,500,265.00,"132,500.00"
2020-09-06,2020090601033651,GBIME,17,37,80,265.00,"21,200.00"
2020-09-06,2020090601033650,GBIME,8,37,"1,000",265.00,"265,000.00"
2020-09-06,2020090601033649,GBIME,35,37,100,265.00,"26,500.00"
2020-09-06,2020090601033700,GBIME,48,52,170,265.00,"45,050.00"
2020-09-06,2020090601033699,GBIME,32,52,500,265.00,"132,500.00"
2020-09-06,2020090601033698,GBIME,58,52,80,265.00,"21,200.00"
2020-09-06,2020090601033697,GBIME,16,52,100,265.00,"26,500.00"
2020-09-06,2020090601033696,GBIME,49,52,500,265.00,"132,500.00"
2020-09-06,2020090601033695,GBIME,58,52,45,265.00,"11,925.00"
2020-09-06,2020090601033791,GBIME,47,55,100,265.00,"26,500.00"
2020-09-06,2020090601033790,GBIME,59,55,198,265.00,"52,470.00"
2020-09-06,2020090601033704,GBIME,59,52,302,265.00,"80,030.00"
2020-09-06,2020090601033703,GBIME,57,52,150,265.00,"39,750.00"
2020-09-06,2020090601033702,GBIME,45,52,60,265.00,"15,900.00"
2020-09-06,2020090601033701,GBIME,45,52,50,265.00,"13,250.00"
2020-09-06,2020090601033776,GBLBS,52,42,10,538.00,"5,380.00"
2020-09-06,2020090601033717,GBLBS,50,14,150,537.00,"80,550.00"
2020-09-06,2020090601033705,GBLBS,26,42,20,538.00,"10,760.00"
2020-09-06,2020090601033676,GBLBS,13,42,30,538.00,"16,140.00"
2020-09-06,2020090601033675,GBLBS,13,22,110,538.00,"59,180.00"
2020-09-06,2020090601033488,GBLBS,44,22,30,538.00,"16,140.00"
2020-09-06,2020090601033581,GLICL,50,34,100,579.00,"57,900.00"
2020-09-06,2020090601033580,GLICL,50,51,45,579.00,"26,055.00"
2020-09-06,2020090601033803,HBL,1,28,50,559.00,"27,950.00"
2020-09-06,2020090601033766,HBL,42,28,45,559.00,"25,155.00"
2020-09-06,2020090601033401,HDHPC,51,52,20,95.00,"1,900.00"
2020-09-06,2020090601033553,HDL,43,39,140,"1,770.00","247,800.00"
2020-09-06,2020090601033552,HDL,45,39,10,"1,770.00","17,700.00"
2020-09-06,2020090601033821,HGI,13,52,50,460.00,"23,000.00"
2020-09-06,2020090601033827,HIDCL,46,38,61,144.00,"8,784.00"
2020-09-06,2020090601033689,HIDCL,46,25,240,144.00,"34,560.00"
2020-09-06,2020090601033688,HIDCL,34,25,500,144.00,"72,000.00"
2020-09-06,2020090601033863,IGI,7,11,246,515.00,"126,690.00"
2020-09-06,2020090601033844,ILBS,46,57,28,785.00,"21,980.00"
2020-09-06,2020090601033843,ILBS,46,54,11,784.00,"8,624.00"
2020-09-06,2020090601033852,JBBL,49,19,80,171.00,"13,680.00"
2020-09-06,2020090601033434,JFL,17,34,100,170.00,"17,000.00"
2020-09-06,2020090601033853,KBL,59,45,100,189.00,"18,900.00"
2020-09-06,2020090601033786,KBL,49,45,100,189.00,"18,900.00"
2020-09-06,2020090601033757,KBL,29,38,37,188.00,"6,956.00"
2020-09-06,2020090601033682,KBL,29,37,92,188.00,"17,296.00"
2020-09-06,2020090601033681,KBL,41,37,30,188.00,"5,640.00"
2020-09-06,2020090601033680,KBL,51,37,100,188.00,"18,800.00"
2020-09-06,2020090601033412,KBL,42,45,300,189.00,"56,700.00"
2020-09-06,2020090601033679,KBL,25,37,55,188.00,"10,340.00"
2020-09-06,2020090601033678,KBL,21,37,127,188.00,"23,876.00"
2020-09-06,2020090601033677,KBL,6,37,96,188.00,"18,048.00"
2020-09-06,2020090601033618,KBL,39,45,530,189.00,"100,170.00"
2020-09-06,2020090601033578,KBL,44,45,500,189.00,"94,500.00"
2020-09-06,2020090601033432,KBL,25,45,100,189.00,"18,900.00"
2020-09-06,2020090601033547,KMCDB,53,14,10,751.00,"7,510.00"
2020-09-06,2020090601033404,KMCDB,53,54,10,751.00,"7,510.00"
2020-09-06,2020090601033838,KPCL,59,42,10,119.00,"1,190.00"
2020-09-06,2020090601033837,KPCL,59,25,790,119.00,"94,010.00"
2020-09-06,2020090601033606,KPCL,14,1,10,118.00,"1,180.00"
2020-09-06,2020090601033603,KPCL,17,25,100,119.00,"11,900.00"
2020-09-06,2020090601033557,KPCL,41,25,100,119.00,"11,900.00"
2020-09-06,2020090601033654,KRBL,38,43,50,108.00,"5,400.00"
2020-09-06,2020090601033831,LBL,11,57,139,239.00,"33,221.00"
2020-09-06,2020090601033830,LBL,11,50,300,239.00,"71,700.00"
2020-09-06,2020090601033829,LBL,11,34,561,239.00,"134,079.00"
2020-09-06,2020090601033566,LBL,38,34,100,239.00,"23,900.00"
2020-09-06,2020090601033543,LBL,50,42,500,238.00,"119,000.00"
2020-09-06,2020090601033466,LBL,50,11,18,238.00,"4,284.00"
2020-09-06,2020090601033418,LBL,50,34,50,238.00,"11,900.00"
2020-09-06,2020090601033417,LBL,22,34,10,238.00,"2,380.00"
2020-09-06,2020090601033416,LBL,32,34,642,238.00,"152,796.00"
2020-09-06,2020090601033433,LBL,50,34,78,238.00,"18,564.00"
2020-09-06,2020090601033423,LBL,38,34,100,238.00,"23,800.00"
2020-09-06,2020090601033422,LBL,47,34,500,238.00,"119,000.00"
2020-09-06,2020090601033421,LBL,34,34,200,238.00,"47,600.00"
2020-09-06,2020090601033420,LBL,34,34,100,238.00,"23,800.00"
2020-09-06,2020090601033419,LBL,32,34,25,238.00,"5,950.00"
2020-09-06,2020090601033525,LICN,35,58,30,"1,465.00","43,950.00"
2020-09-06,2020090601033428,LICN,32,55,91,"1,464.00","133,224.00"
2020-09-06,2020090601033722,MBL,7,39,300,227.00,"68,100.00"
2020-09-06,2020090601033721,MBL,8,39,400,227.00,"90,800.00"
2020-09-06,2020090601033720,MBL,38,39,100,227.00,"22,700.00"
2020-09-06,2020090601033719,MBL,7,39,200,227.00,"45,400.00"
2020-09-06,2020090601033460,MBL,6,45,50,228.00,"11,400.00"
2020-09-06,2020090601033424,MBL,7,53,150,227.00,"34,050.00"
2020-09-06,2020090601033862,MEGA,11,48,701,223.00,"156,323.00"
2020-09-06,2020090601033861,MEGA,11,57,150,223.00,"33,450.00"
2020-09-06,2020090601033860,MEGA,34,57,113,223.00,"25,199.00"
2020-09-06,2020090601033859,MEGA,56,57,87,223.00,"19,401.00"
2020-09-06,2020090601033785,MEGA,56,11,113,223.00,"25,199.00"
2020-09-06,2020090601033556,MEGA,13,49,12,223.00,"2,676.00"
2020-09-06,2020090601033555,MEGA,45,49,88,223.00,"19,624.00"
2020-09-06,2020090601033440,MEGA,45,5,12,223.00,"2,676.00"
2020-09-06,2020090601033670,MEGA,13,26,423,224.00,"94,752.00"
2020-09-06,2020090601033669,MEGA,13,17,77,224.00,"17,248.00"
2020-09-06,2020090601033716,MEGA,38,11,79,223.00,"17,617.00"
2020-09-06,2020090601033715,MEGA,41,11,200,223.00,"44,600.00"
2020-09-06,2020090601033714,MEGA,10,11,30,223.00,"6,690.00"
2020-09-06,2020090601033713,MEGA,41,11,420,223.00,"93,660.00"
2020-09-06,2020090601033712,MEGA,13,11,88,223.00,"19,624.00"
2020-09-06,2020090601033731,MERO,49,48,95,700.00,"66,500.00"
2020-09-06,2020090601033459,MERO,36,48,65,700.00,"45,500.00"
2020-09-06,2020090601033458,MERO,36,55,35,698.00,"24,430.00"
2020-09-06,2020090601033774,MLBBL,6,37,20,752.00,"15,040.00"
2020-09-06,2020090601033773,MLBBL,48,37,40,752.00,"30,080.00"
2020-09-06,2020090601033509,MLBBL,48,37,60,752.00,"45,120.00"
2020-09-06,2020090601033508,MLBBL,51,37,100,752.00,"75,200.00"
2020-09-06,2020090601033507,MLBBL,20,37,50,753.00,"37,650.00"
2020-09-06,2020090601033506,MLBBL,40,37,10,753.00,"7,530.00"
2020-09-06,2020090601033517,MNBBL,56,39,250,323.00,"80,750.00"
2020-09-06,2020090601033516,MNBBL,51,39,100,323.00,"32,300.00"
2020-09-06,2020090601033515,MNBBL,35,39,150,323.00,"48,450.00"
2020-09-06,2020090601033819,MSMBS,58,42,20,708.00,"14,160.00"
2020-09-06,2020090601033592,NABIL,57,38,40,859.00,"34,360.00"
2020-09-06,2020090601033573,NABIL,58,38,10,859.00,"8,590.00"
2020-09-06,2020090601033435,NABIL,56,38,100,859.00,"85,900.00"
2020-09-06,2020090601033735,NADEP,25,45,20,665.00,"13,300.00"
2020-09-06,2020090601033611,NADEP,25,18,50,665.00,"33,250.00"
2020-09-06,2020090601033610,NADEP,26,18,50,668.00,"33,400.00"
2020-09-06,2020090601033614,NBB,52,7,126,201.00,"25,326.00"
2020-09-06,2020090601033613,NBB,19,7,74,201.00,"14,874.00"
2020-09-06,2020090601033373,NBB,19,11,126,201.00,"25,326.00"
2020-09-06,2020090601033841,NBL,52,45,73,303.00,"22,119.00"
2020-09-06,2020090601033762,NBL,52,45,650,303.00,"196,950.00"
2020-09-06,2020090601033761,NBL,14,45,138,303.00,"41,814.00"
2020-09-06,2020090601033760,NBL,44,45,"1,062",303.00,"321,786.00"
2020-09-06,2020090601033498,NBL,44,1,100,303.00,"30,300.00"
2020-09-06,2020090601033638,NCCB,6,57,50,196.00,"9,800.00"
2020-09-06,2020090601033529,NFS,45,29,"1,000",176.00,"176,000.00"
2020-09-06,2020090601033528,NFS,34,29,40,176.00,"7,040.00"
2020-09-06,2020090601033527,NFS,38,29,200,176.00,"35,200.00"
2020-09-06,2020090601033443,NFS,32,29,50,177.00,"8,850.00"
2020-09-06,2020090601033764,NGPL,44,1,11,138.00,"1,518.00"
2020-09-06,2020090601033727,NHDL,44,38,10,160.00,"1,600.00"
2020-09-06,2020090601033405,NHPC,58,47,250,59.00,"14,750.00"
2020-09-06,2020090601033465,NIB,55,58,300,426.00,"127,800.00"
2020-09-06,2020090601033397,NIB,55,4,49,426.00,"20,874.00"
2020-09-06,2020090601033706,NICA,19,47,100,587.00,"58,700.00"
2020-09-06,2020090601033410,NICA,44,40,79,584.00,"46,136.00"
2020-09-06,2020090601033409,NICA,48,40,200,584.00,"116,800.00"
2020-09-06,2020090601033408,NICA,16,40,50,585.00,"29,250.00"
2020-09-06,2020090601033407,NICA,14,40,171,585.00,"100,035.00"
2020-09-06,2020090601033526,NICBF,6,47,"1,000",10.03,"10,030.00"
2020-09-06,2020090601033602,NICGF,57,50,"2,400",11.01,"26,424.00"
2020-09-06,2020090601033801,NICL,6,51,30,543.00,"16,290.00"
2020-09-06,2020090601033438,NICL,39,51,10,543.00,"5,430.00"
2020-09-06,2020090601033823,NIL,57,58,200,790.00,"158,000.00"
2020-09-06,2020090601033586,NIL,57,45,350,790.00,"276,500.00"
2020-09-06,2020090601033585,NIL,53,45,150,791.00,"118,650.00"
2020-09-06,2020090601033734,NLG,51,18,224,733.00,"164,192.00"
2020-09-06,2020090601033756,NLIC,13,50,18,"1,372.00","24,696.00"
2020-09-06,2020090601033718,NLIC,50,50,10,"1,372.00","13,720.00"
2020-09-06,2020090601033709,NLIC,28,6,100,"1,370.00","137,000.00"
2020-09-06,2020090601033671,NLIC,48,5,22,"1,371.00","30,162.00"
2020-09-06,2020090601033522,NLIC,28,49,119,"1,370.00","163,030.00"
2020-09-06,2020090601033521,NLIC,42,49,27,"1,370.00","36,990.00"
2020-09-06,2020090601033520,NLIC,6,49,100,"1,371.00","137,100.00"
2020-09-06,2020090601033519,NLIC,58,49,50,"1,371.00","68,550.00"
2020-09-06,2020090601033518,NLIC,58,49,28,"1,371.00","38,388.00"
2020-09-06,2020090601033692,NLICL,51,7,895,766.00,"685,570.00"
2020-09-06,2020090601033691,NLICL,34,7,105,767.00,"80,535.00"
2020-09-06,2020090601033668,NLICL,34,46,200,767.00,"153,400.00"
2020-09-06,2020090601033667,NLICL,34,16,220,767.00,"168,740.00"
2020-09-06,2020090601033666,NLICL,34,45,475,767.00,"364,325.00"
2020-09-06,2020090601033481,NLICL,17,45,25,767.00,"19,175.00"
2020-09-06,2020090601033457,NMB,32,40,200,426.00,"85,200.00"
2020-09-06,2020090601033456,NMB,38,40,100,426.00,"42,600.00"
2020-09-06,2020090601033455,NMB,17,40,390,426.00,"166,140.00"
2020-09-06,2020090601033454,NMB,38,40,300,427.00,"128,100.00"
2020-09-06,2020090601033441,NMBMF,33,45,60,779.00,"46,740.00"
2020-09-06,2020090601033847,NRIC,14,29,110,873.00,"96,030.00"
2020-09-06,2020090601033846,NRIC,34,38,240,872.00,"209,280.00"
2020-09-06,2020090601033836,NRIC,34,57,50,872.00,"43,600.00"
2020-09-06,2020090601033828,NRIC,52,29,100,873.00,"87,300.00"
2020-09-06,2020090601033820,NRIC,45,29,40,873.00,"34,920.00"
2020-09-06,2020090601033816,NRIC,49,38,40,871.00,"34,840.00"
2020-09-06,2020090601033402,NRIC,58,38,100,870.00,"87,000.00"
2020-09-06,2020090601033370,NRIC,35,44,40,869.00,"34,760.00"
2020-09-06,2020090601033471,NRIC,44,28,40,871.00,"34,840.00"
2020-09-06,2020090601033470,NRIC,44,5,240,871.00,"209,040.00"
2020-09-06,2020090601033467,NRIC,49,16,40,870.00,"34,800.00"
2020-09-06,2020090601033453,NRIC,49,44,40,870.00,"34,800.00"
2020-09-06,2020090601033425,NRIC,49,38,"1,200",870.00,"1,044,000.00"
2020-09-06,2020090601033411,NRIC,35,3,40,869.00,"34,760.00"
2020-09-06,2020090601033477,NRIC,44,28,50,872.00,"43,600.00"
2020-09-06,2020090601033476,NRIC,44,35,40,872.00,"34,880.00"
2020-09-06,2020090601033475,NRIC,44,50,100,872.00,"87,200.00"
2020-09-06,2020090601033474,NRIC,44,10,40,872.00,"34,880.00"
2020-09-06,2020090601033473,NRIC,44,32,510,872.00,"444,720.00"
2020-09-06,2020090601033472,NRIC,44,16,30,871.00,"26,130.00"
2020-09-06,2020090601033500,NRIC,38,42,40,870.00,"34,800.00"
2020-09-06,2020090601033497,NRIC,38,57,20,870.00,"17,400.00"
2020-09-06,2020090601033496,NRIC,49,57,20,870.00,"17,400.00"
2020-09-06,2020090601033480,NRIC,44,36,10,872.00,"8,720.00"
2020-09-06,2020090601033479,NRIC,44,26,40,872.00,"34,880.00"
2020-09-06,2020090601033478,NRIC,44,50,200,872.00,"174,400.00"
2020-09-06,2020090601033533,NRIC,49,26,50,872.00,"43,600.00"
2020-09-06,2020090601033532,NRIC,49,36,30,872.00,"26,160.00"
2020-09-06,2020090601033514,NRIC,36,42,20,870.00,"17,400.00"
2020-09-06,2020090601033513,NRIC,49,42,10,870.00,"8,700.00"
2020-09-06,2020090601033512,NRIC,8,42,10,870.00,"8,700.00"
2020-09-06,2020090601033503,NRIC,8,5,40,870.00,"34,800.00"
2020-09-06,2020090601033554,NRIC,49,16,40,873.00,"34,920.00"
2020-09-06,2020090601033540,NRIC,49,44,40,873.00,"34,920.00"
2020-09-06,2020090601033537,NRIC,49,32,250,873.00,"218,250.00"
2020-09-06,2020090601033536,NRIC,49,4,400,873.00,"349,200.00"
2020-09-06,2020090601033535,NRIC,49,57,40,873.00,"34,920.00"
2020-09-06,2020090601033534,NRIC,49,33,40,873.00,"34,920.00"
2020-09-06,2020090601033565,NRIC,59,58,30,871.00,"26,130.00"
2020-09-06,2020090601033563,NRIC,52,52,10,870.00,"8,700.00"
2020-09-06,2020090601033562,NRIC,36,52,480,870.00,"417,600.00"
2020-09-06,2020090601033561,NRIC,56,52,300,870.00,"261,000.00"
2020-09-06,2020090601033560,NRIC,44,52,100,871.00,"87,100.00"
2020-09-06,2020090601033559,NRIC,49,52,110,873.00,"96,030.00"
2020-09-06,2020090601033623,NRIC,49,44,30,871.00,"26,130.00"
2020-09-06,2020090601033622,NRIC,59,44,10,871.00,"8,710.00"
2020-09-06,2020090601033588,NRIC,59,5,10,871.00,"8,710.00"
2020-09-06,2020090601033579,NRIC,59,42,40,871.00,"34,840.00"
2020-09-06,2020090601033577,NRIC,59,45,10,871.00,"8,710.00"
2020-09-06,2020090601033575,NRIC,59,45,10,874.00,"8,740.00"
2020-09-06,2020090601033637,NRIC,49,41,30,871.00,"26,130.00"
2020-09-06,2020090601033631,NRIC,49,16,40,871.00,"34,840.00"
2020-09-06,2020090601033629,NRIC,49,39,130,871.00,"113,230.00"
2020-09-06,2020090601033628,NRIC,19,39,50,871.00,"43,550.00"
2020-09-06,2020090601033627,NRIC,49,39,120,871.00,"104,520.00"
2020-09-06,2020090601033626,NRIC,36,14,20,873.00,"17,460.00"
2020-09-06,2020090601033711,NRIC,49,44,10,871.00,"8,710.00"
2020-09-06,2020090601033710,NRIC,35,44,30,873.00,"26,190.00"
2020-09-06,2020090601033684,NRIC,51,45,20,874.00,"17,480.00"
2020-09-06,2020090601033672,NRIC,35,32,50,873.00,"43,650.00"
2020-09-06,2020090601033640,NRIC,44,32,150,873.00,"130,950.00"
2020-09-06,2020090601033639,NRIC,44,14,20,873.00,"17,460.00"
2020-09-06,2020090601033808,NRIC,48,57,20,873.00,"17,460.00"
2020-09-06,2020090601033807,NRIC,48,59,40,872.00,"34,880.00"
2020-09-06,2020090601033802,NRIC,49,55,50,871.00,"43,550.00"
2020-09-06,2020090601033780,NRIC,51,16,40,872.00,"34,880.00"
2020-09-06,2020090601033775,NRIC,51,5,10,872.00,"8,720.00"
2020-09-06,2020090601033724,NRIC,38,57,20,873.00,"17,460.00"
2020-09-06,2020090601033815,NRIC,49,42,40,871.00,"34,840.00"
2020-09-06,2020090601033814,NRIC,49,44,20,871.00,"17,420.00"
2020-09-06,2020090601033813,NRIC,36,44,20,872.00,"17,440.00"
2020-09-06,2020090601033812,NRIC,48,29,30,874.00,"26,220.00"
2020-09-06,2020090601033810,NRIC,48,45,10,874.00,"8,740.00"
2020-09-06,2020090601033809,NRIC,48,42,30,873.00,"26,190.00"
2020-09-06,2020090601033788,NTC,57,51,25,701.00,"17,525.00"
2020-09-06,2020090601033599,NTC,45,51,40,701.00,"28,040.00"
2020-09-06,2020090601033598,NTC,50,51,20,701.00,"14,020.00"
2020-09-06,2020090601033549,NTC,16,53,50,704.00,"35,200.00"
2020-09-06,2020090601033548,NTC,34,53,"2,920",704.00,"2,055,680.00"
2020-09-06,2020090601033600,PPCL,32,36,10,134.00,"1,340.00"
2020-09-06,2020090601033822,PRIN,36,39,250,585.00,"146,250.00"
2020-09-06,2020090601033789,PRIN,5,44,250,584.00,"146,000.00"
2020-09-06,2020090601033616,PRIN,5,6,115,580.00,"66,700.00"
2020-09-06,2020090601033605,PRIN,34,6,100,580.00,"58,000.00"
2020-09-06,2020090601033574,PRIN,7,6,50,580.00,"29,000.00"
2020-09-06,2020090601033825,PRVU,8,14,234,233.00,"54,522.00"
2020-09-06,2020090601033824,PRVU,6,14,18,233.00,"4,194.00"
2020-09-06,2020090601033596,PRVU,6,43,182,233.00,"42,406.00"
2020-09-06,2020090601033595,PRVU,29,43,500,233.00,"116,500.00"
2020-09-06,2020090601033594,PRVU,46,43,318,233.00,"74,094.00"
2020-09-06,2020090601033415,PRVU,46,46,182,233.00,"42,406.00"
2020-09-06,2020090601033414,PRVU,29,46,300,233.00,"69,900.00"
2020-09-06,2020090601033413,PRVU,57,46,18,233.00,"4,194.00"
2020-09-06,2020090601033484,RADHI,43,4,11,224.00,"2,464.00"
2020-09-06,2020090601033391,RADHI,32,51,12,228.00,"2,736.00"
2020-09-06,2020090601033390,RADHI,32,1,12,228.00,"2,736.00"
2020-09-06,2020090601033389,RADHI,32,57,11,228.00,"2,508.00"
2020-09-06,2020090601033388,RADHI,32,50,243,228.00,"55,404.00"
2020-09-06,2020090601033387,RADHI,32,50,200,228.00,"45,600.00"
2020-09-06,2020090601033374,RADHI,32,36,334,228.00,"76,152.00"
2020-09-06,2020090601033380,RADHI,32,52,12,228.00,"2,736.00"
2020-09-06,2020090601033379,RADHI,32,39,298,228.00,"67,944.00"
2020-09-06,2020090601033378,RADHI,32,26,11,228.00,"2,508.00"
2020-09-06,2020090601033377,RADHI,32,40,12,228.00,"2,736.00"
2020-09-06,2020090601033376,RADHI,32,29,100,228.00,"22,800.00"
2020-09-06,2020090601033375,RADHI,32,25,11,228.00,"2,508.00"
2020-09-06,2020090601033386,RADHI,32,49,11,228.00,"2,508.00"
2020-09-06,2020090601033385,RADHI,32,21,21,228.00,"4,788.00"
2020-09-06,2020090601033384,RADHI,32,34,10,228.00,"2,280.00"
2020-09-06,2020090601033383,RADHI,32,41,79,228.00,"18,012.00"
2020-09-06,2020090601033382,RADHI,32,29,26,228.00,"5,928.00"
2020-09-06,2020090601033381,RADHI,32,34,22,228.00,"5,016.00"
2020-09-06,2020090601033571,RBCLPO,3,56,50,"8,414.00","420,700.00"
2020-09-06,2020090601033570,RBCLPO,7,56,50,"8,415.00","420,750.00"
2020-09-06,2020090601033569,RBCLPO,7,56,70,"8,420.00","589,400.00"
2020-09-06,2020090601033550,RHPC,26,29,500,103.00,"51,500.00"
2020-09-06,2020090601033800,RHPL,46,58,30,162.00,"4,860.00"
2020-09-06,2020090601033733,RHPL,46,38,10,162.00,"1,620.00"
2020-09-06,2020090601033643,RHPL,46,14,40,162.00,"6,480.00"
2020-09-06,2020090601033604,RHPL,46,38,40,162.00,"6,480.00"
2020-09-06,2020090601033542,RHPL,46,4,20,162.00,"3,240.00"
2020-09-06,2020090601033541,RHPL,38,4,20,162.00,"3,240.00"
2020-09-06,2020090601033630,RLFL,58,57,50,129.00,"6,450.00"
2020-09-06,2020090601033811,RSDC,41,49,10,517.00,"5,170.00"
2020-09-06,2020090601033765,RSDC,45,49,44,517.00,"22,748.00"
2020-09-06,2020090601033845,SABSL,42,55,24,812.00,"19,488.00"
2020-09-06,2020090601033787,SABSL,49,45,100,811.00,"81,100.00"
2020-09-06,2020090601033445,SANIMA,32,46,200,349.00,"69,800.00"
2020-09-06,2020090601033840,SBL,38,45,30,305.00,"9,150.00"
2020-09-06,2020090601033546,SBL,34,45,260,305.00,"79,300.00"
2020-09-06,2020090601033818,SCB,44,11,20,660.00,"13,200.00"
2020-09-06,2020090601033621,SCB,41,34,245,661.00,"161,945.00"
2020-09-06,2020090601033612,SCB,44,4,20,660.00,"13,200.00"
2020-09-06,2020090601033504,SCB,44,48,20,660.00,"13,200.00"
2020-09-06,2020090601033469,SCB,38,34,100,661.00,"66,100.00"
2020-09-06,2020090601033451,SCB,42,34,155,661.00,"102,455.00"
2020-09-06,2020090601033394,SCB,33,38,19,661.00,"12,559.00"
2020-09-06,2020090601033564,SDLBSL,59,58,10,827.00,"8,270.00"
2020-09-06,2020090601033444,SDLBSL,59,14,10,827.00,"8,270.00"
2020-09-06,2020090601033399,SDLBSL,59,14,10,827.00,"8,270.00"
2020-09-06,2020090601033855,SHINE,45,55,200,238.00,"47,600.00"
2020-09-06,2020090601033505,SHINE,19,55,50,238.00,"11,900.00"
2020-09-06,2020090601033854,SHIVM,34,56,200,705.00,"141,000.00"
2020-09-06,2020090601033848,SHIVM,1,56,90,705.00,"63,450.00"
2020-09-06,2020090601033804,SHIVM,44,57,400,703.00,"281,200.00"
2020-09-06,2020090601033754,SHIVM,29,57,500,703.00,"351,500.00"
2020-09-06,2020090601033753,SHIVM,38,57,500,703.00,"351,500.00"
2020-09-06,2020090601033752,SHIVM,54,57,50,703.00,"35,150.00"
2020-09-06,2020090601033462,SHIVM,44,40,100,706.00,"70,600.00"
2020-09-06,2020090601033461,SHIVM,44,40,100,706.00,"70,600.00"
2020-09-06,2020090601033372,SHIVM,1,42,100,705.00,"70,500.00"
2020-09-06,2020090601033371,SHIVM,1,40,90,705.00,"63,450.00"
2020-09-06,2020090601033739,SHIVM,45,57,300,707.00,"212,100.00"
2020-09-06,2020090601033738,SHIVM,44,57,500,707.00,"353,500.00"
2020-09-06,2020090601033693,SHIVM,52,43,100,708.00,"70,800.00"
2020-09-06,2020090601033567,SHIVM,44,10,500,707.00,"353,500.00"
2020-09-06,2020090601033463,SHIVM,44,40,100,706.00,"70,600.00"
2020-09-06,2020090601033745,SHIVM,34,57,20,705.00,"14,100.00"
2020-09-06,2020090601033744,SHIVM,57,57,68,705.00,"47,940.00"
2020-09-06,2020090601033743,SHIVM,26,57,200,705.00,"141,000.00"
2020-09-06,2020090601033742,SHIVM,50,57,"1,000",705.00,"705,000.00"
2020-09-06,2020090601033741,SHIVM,1,57,810,705.00,"571,050.00"
2020-09-06,2020090601033740,SHIVM,50,57,100,706.00,"70,600.00"
2020-09-06,2020090601033751,SHIVM,52,57,200,703.00,"140,600.00"
2020-09-06,2020090601033750,SHIVM,5,57,100,703.00,"70,300.00"
2020-09-06,2020090601033749,SHIVM,45,57,10,703.00,"7,030.00"
2020-09-06,2020090601033748,SHIVM,34,57,50,703.00,"35,150.00"
2020-09-06,2020090601033747,SHIVM,38,57,50,703.00,"35,150.00"
2020-09-06,2020090601033746,SHIVM,58,57,140,705.00,"98,700.00"
2020-09-06,2020090601033779,SHPC,44,56,415,259.00,"107,485.00"
2020-09-06,2020090601033511,SHPC,6,56,85,259.00,"22,015.00"
2020-09-06,2020090601033510,SHPC,6,26,415,258.00,"107,070.00"
2020-09-06,2020090601033450,SHPC,38,26,300,258.00,"77,400.00"
2020-09-06,2020090601033449,SHPC,38,40,200,258.00,"51,600.00"
2020-09-06,2020090601033655,SIC,6,38,15,875.00,"13,125.00"
2020-09-06,2020090601033817,SICL,40,17,250,"1,353.00","338,250.00"
2020-09-06,2020090601033633,SICL,40,55,452,"1,350.00","610,200.00"
2020-09-06,2020090601033632,SICL,40,39,170,"1,348.00","229,160.00"
2020-09-06,2020090601033615,SICL,50,39,500,"1,348.00","674,000.00"
2020-09-06,2020090601033545,SICL,40,55,350,"1,350.00","472,500.00"
2020-09-06,2020090601033544,SICL,40,55,50,"1,350.00","67,500.00"
2020-09-06,2020090601033523,SIL,44,28,100,746.00,"74,600.00"
2020-09-06,2020090601033849,SINDU,46,38,152,126.00,"19,152.00"
2020-09-06,2020090601033781,SJCL,48,48,20,145.00,"2,900.00"
2020-09-06,2020090601033636,SJCL,50,59,20,146.00,"2,920.00"
2020-09-06,2020090601033635,SJCL,50,59,20,146.00,"2,920.00"
2020-09-06,2020090601033634,SJCL,50,28,260,146.00,"37,960.00"
2020-09-06,2020090601033568,SJCL,48,38,20,145.00,"2,900.00"
2020-09-06,2020090601033686,SJCL,48,4,20,145.00,"2,900.00"
2020-09-06,2020090601033832,SKBBL,35,49,100,"1,333.00","133,300.00"
2020-09-06,2020090601033784,SKBBL,6,49,100,"1,333.00","133,300.00"
2020-09-06,2020090601033763,SLBBL,35,10,200,848.00,"169,600.00"
2020-09-06,2020090601033665,SLBSL,50,56,37,790.00,"29,230.00"
2020-09-06,2020090601033664,SLBSL,6,56,13,790.00,"10,270.00"
2020-09-06,2020090601033663,SLBSL,52,56,100,791.00,"79,100.00"
2020-09-06,2020090601033662,SLBSL,35,56,200,794.00,"158,800.00"
2020-09-06,2020090601033661,SLBSL,38,56,10,794.00,"7,940.00"
2020-09-06,2020090601033437,SLBSL,34,38,13,800.00,"10,400.00"
2020-09-06,2020090601033660,SLBSL,35,56,100,795.00,"79,500.00"
2020-09-06,2020090601033659,SLBSL,50,56,10,796.00,"7,960.00"
2020-09-06,2020090601033658,SLBSL,32,56,100,796.00,"79,600.00"
2020-09-06,2020090601033657,SLBSL,38,56,10,797.00,"7,970.00"
2020-09-06,2020090601033656,SLBSL,58,56,20,797.00,"15,940.00"
2020-09-06,2020090601033856,SLICL,45,48,149,574.00,"85,526.00"
2020-09-06,2020090601033851,SLICL,45,52,20,574.00,"11,480.00"
2020-09-06,2020090601033685,SLICL,45,16,400,574.00,"229,600.00"
2020-09-06,2020090601033642,SLICL,46,16,100,574.00,"57,400.00"
2020-09-06,2020090601033641,SLICL,46,48,100,574.00,"57,400.00"
2020-09-06,2020090601033502,SLICL,16,3,200,573.00,"114,600.00"
2020-09-06,2020090601033501,SLICL,16,17,150,573.00,"85,950.00"
2020-09-06,2020090601033499,SLICL,19,17,20,573.00,"11,460.00"
2020-09-06,2020090601033398,SLICL,36,17,100,573.00,"57,300.00"
2020-09-06,2020090601033759,SMB,34,49,10,869.00,"8,690.00"
2020-09-06,2020090601033601,SMB,5,29,10,854.00,"8,540.00"
2020-09-06,2020090601033393,SRBL,35,57,296,232.00,"68,672.00"
2020-09-06,2020090601033392,SRBL,50,57,50,232.00,"11,600.00"
2020-09-06,2020090601033725,STC,17,7,10,"2,995.00","29,950.00"
2020-09-06,2020090601033524,SWBBL,34,41,100,"1,255.00","125,500.00"
2020-09-06,2020090601033468,SWBBL,34,55,12,"1,255.00","15,060.00"
2020-09-06,2020090601033799,UIC,44,26,300,419.00,"125,700.00"
2020-09-06,2020090601033737,UIC,44,39,25,419.00,"10,475.00"
2020-09-06,2020090601033723,UIC,45,10,50,420.00,"21,000.00"
2020-09-06,2020090601033617,UIC,44,7,290,419.00,"121,510.00"
2020-09-06,2020090601033607,UPCL,17,7,360,92.00,"33,120.00"
2020-09-06,2020090601033777,UPPER,39,6,20,250.00,"5,000.00"
2020-09-06,2020090601033758,UPPER,32,4,40,249.00,"9,960.00"
2020-09-06,2020090601033395,UPPER,59,42,10,249.00,"2,490.00"
2020-09-06,2020090601033531,UPPER,32,38,10,249.00,"2,490.00"
2020-09-06,2020090601033530,UPPER,59,38,30,249.00,"7,470.00"
2020-09-06,2020090601033400,UPPER,59,45,200,249.00,"49,800.00"
2020-09-06,2020090601033690,VLBS,45,16,40,935.00,"37,400.00"
2020-09-06,2020090601033076,ACLBSL,34,29,10,697.00,"6,970.00"
2020-09-06,2020090601033006,ACLBSL,34,50,20,697.00,"13,940.00"
2020-09-06,2020090601033005,ACLBSL,14,50,100,697.00,"69,700.00"
2020-09-06,2020090601033285,ADBL,25,56,100,429.00,"42,900.00"
2020-09-06,2020090601033284,ADBL,58,56,15,429.00,"6,435.00"
2020-09-06,2020090601033274,ADBL,36,58,100,430.00,"43,000.00"
2020-09-06,2020090601033051,ADBL,58,58,80,430.00,"34,400.00"
2020-09-06,2020090601032941,ADBL,48,36,50,429.00,"21,450.00"
2020-09-06,2020090601032940,ADBL,44,36,50,429.00,"21,450.00"
2020-09-06,2020090601032939,ADBL,32,36,41,429.00,"17,589.00"
2020-09-06,2020090601032877,ADBL,57,58,300,430.00,"129,000.00"
2020-09-06,2020090601032869,ADBL,32,38,53,429.00,"22,737.00"
2020-09-06,2020090601033158,AIL,36,36,100,515.00,"51,500.00"
2020-09-06,2020090601033157,AIL,36,36,200,515.00,"103,000.00"
2020-09-06,2020090601033128,AIL,36,38,10,515.00,"5,150.00"
2020-09-06,2020090601033066,AIL,36,42,10,515.00,"5,150.00"
2020-09-06,2020090601033050,AIL,36,4,10,515.00,"5,150.00"
2020-09-06,2020090601032873,AIL,36,58,10,515.00,"5,150.00"
2020-09-06,2020090601033155,AKJCL,25,26,10,61.00,610.00
2020-09-06,2020090601032895,AKJCL,25,51,10,61.00,610.00
2020-09-06,2020090601033357,AKPL,58,34,"2,500",173.00,"432,500.00"
2020-09-06,2020090601033283,AKPL,49,41,300,174.00,"52,200.00"
2020-09-06,2020090601033228,AKPL,39,41,100,174.00,"17,400.00"
2020-09-06,2020090601033227,AKPL,34,41,58,174.00,"10,092.00"
2020-09-06,2020090601033125,AKPL,34,43,10,174.00,"1,740.00"
2020-09-06,2020090601033072,AKPL,44,41,483,175.00,"84,525.00"
2020-09-06,2020090601033071,AKPL,44,53,117,175.00,"20,475.00"
2020-09-06,2020090601033019,AKPL,34,40,"1,932",174.00,"336,168.00"
2020-09-06,2020090601033018,AKPL,29,40,68,174.00,"11,832.00"
2020-09-06,2020090601033007,AKPL,38,53,250,175.00,"43,750.00"
2020-09-06,2020090601032865,AKPL,29,1,13,174.00,"2,262.00"
2020-09-06,2020090601032864,AKPL,29,48,13,174.00,"2,262.00"
2020-09-06,2020090601033362,ALICL,58,58,30,712.00,"21,360.00"
2020-09-06,2020090601033361,ALICL,57,58,100,713.00,"71,300.00"
2020-09-06,2020090601033360,ALICL,49,58,200,714.00,"142,800.00"
2020-09-06,2020090601033331,ALICL,49,16,100,714.00,"71,400.00"
2020-09-06,2020090601032992,API,8,44,18,132.00,"2,376.00"
2020-09-06,2020090601032946,API,8,1,17,132.00,"2,244.00"
2020-09-06,2020090601033254,BARUN,37,7,"1,000",109.00,"109,000.00"
2020-09-06,2020090601033112,BARUN,37,7,"1,924",109.00,"209,716.00"
2020-09-06,2020090601033111,BARUN,37,51,10,108.00,"1,080.00"
2020-09-06,2020090601033110,BARUN,37,59,66,108.00,"7,128.00"
2020-09-06,2020090601032893,BARUN,37,59,400,108.00,"43,200.00"
2020-09-06,2020090601033338,BBC,17,48,67,"1,575.00","105,525.00"
2020-09-06,2020090601033085,BFC,10,58,10,104.00,"1,040.00"
2020-09-06,2020090601033251,BOKL,48,34,200,236.00,"47,200.00"
2020-09-06,2020090601033250,BOKL,48,34,100,236.00,"23,600.00"
2020-09-06,2020090601033249,BOKL,58,34,25,236.00,"5,900.00"
2020-09-06,2020090601033248,BOKL,51,34,37,236.00,"8,732.00"
2020-09-06,2020090601033211,BOKL,51,6,463,236.00,"109,268.00"
2020-09-06,2020090601033136,BOKL,51,21,500,236.00,"118,000.00"
2020-09-06,2020090601033127,BPCL,52,4,12,378.00,"4,536.00"
2020-09-06,2020090601032924,BPCL,50,21,50,379.00,"18,950.00"
2020-09-06,2020090601033291,CHCL,16,35,500,425.00,"212,500.00"
2020-09-06,2020090601033290,CHCL,16,29,244,425.00,"103,700.00"
2020-09-06,2020090601033081,CHCL,52,11,32,422.00,"13,504.00"
2020-09-06,2020090601033080,CHCL,45,11,10,422.00,"4,220.00"
2020-09-06,2020090601033079,CHCL,6,11,10,423.00,"4,230.00"
2020-09-06,2020090601033188,CHL,38,1,10,101.00,"1,010.00"
2020-09-06,2020090601033324,CIT,1,36,5,"3,000.00","15,000.00"
2020-09-06,2020090601033323,CIT,1,25,15,"3,000.00","45,000.00"
2020-09-06,2020090601033322,CIT,58,25,10,"3,000.00","30,000.00"
2020-09-06,2020090601033321,CIT,16,25,15,"3,001.00","45,015.00"
2020-09-06,2020090601033246,CIT,5,42,15,"3,001.00","45,015.00"
2020-09-06,2020090601033190,CIT,58,36,20,"3,000.00","60,000.00"
2020-09-06,2020090601032866,CIT,26,45,20,"3,008.00","60,160.00"
2020-09-06,2020090601032975,CIT,40,42,13,"3,001.00","39,013.00"
2020-09-06,2020090601032960,CIT,58,48,50,"3,000.00","150,000.00"
2020-09-06,2020090601032881,CIT,38,42,30,"3,001.00","90,030.00"
2020-09-06,2020090601032871,CIT,16,58,10,"3,002.00","30,020.00"
2020-09-06,2020090601032868,CIT,26,18,61,"3,010.00","183,610.00"
2020-09-06,2020090601032867,CIT,26,22,19,"3,010.00","57,190.00"
2020-09-06,2020090601033048,CIT,58,52,20,"3,000.00","60,000.00"
2020-09-06,2020090601032980,CIT,40,45,20,"3,010.00","60,200.00"
2020-09-06,2020090601032979,CIT,40,41,50,"3,010.00","150,500.00"
2020-09-06,2020090601032978,CIT,40,18,39,"3,010.00","117,390.00"
2020-09-06,2020090601032977,CIT,40,48,50,"3,005.00","150,250.00"
2020-09-06,2020090601032976,CIT,40,58,20,"3,002.00","60,040.00"
2020-09-06,2020090601033185,DDBL,35,57,100,874.00,"87,400.00"
2020-09-06,2020090601033017,DDBL,43,39,112,866.00,"96,992.00"
2020-09-06,2020090601033016,DDBL,35,39,30,866.00,"25,980.00"
2020-09-06,2020090601033015,DDBL,44,39,50,866.00,"43,300.00"
2020-09-06,2020090601033014,DDBL,58,39,100,866.00,"86,600.00"
2020-09-06,2020090601033013,DDBL,35,39,30,866.00,"25,980.00"
2020-09-06,2020090601033012,DDBL,35,39,20,866.00,"17,320.00"
2020-09-06,2020090601033011,DDBL,35,39,30,866.00,"25,980.00"
2020-09-06,2020090601033010,DDBL,35,39,50,866.00,"43,300.00"
2020-09-06,2020090601033009,DDBL,35,39,20,866.00,"17,320.00"
2020-09-06,2020090601033008,DDBL,35,39,30,866.00,"25,980.00"
2020-09-06,2020090601033255,EBL,14,17,100,736.00,"73,600.00"
2020-09-06,2020090601033356,EDBL,45,14,250,299.00,"74,750.00"
2020-09-06,2020090601033241,EDBL,58,14,500,299.00,"149,500.00"
2020-09-06,2020090601033196,EIC,59,34,360,474.00,"170,640.00"
2020-09-06,2020090601033149,EIC,34,34,"1,000",474.00,"474,000.00"
2020-09-06,2020090601033148,EIC,38,34,300,474.00,"142,200.00"
2020-09-06,2020090601033147,EIC,55,34,100,475.00,"47,500.00"
2020-09-06,2020090601033146,EIC,46,34,50,475.00,"23,750.00"
2020-09-06,2020090601033145,EIC,41,34,200,475.00,"95,000.00"
2020-09-06,2020090601033144,EIC,22,34,50,475.00,"23,750.00"
2020-09-06,2020090601033143,EIC,52,34,100,476.00,"47,600.00"
2020-09-06,2020090601033142,EIC,32,34,105,478.00,"50,190.00"
2020-09-06,2020090601033141,EIC,34,34,200,478.00,"95,600.00"
2020-09-06,2020090601032907,EIC,38,13,100,483.00,"48,300.00"
2020-09-06,2020090601033123,FMDBL,59,56,22,560.00,"12,320.00"
2020-09-06,2020090601033122,FMDBL,25,56,10,560.00,"5,600.00"
2020-09-06,2020090601033121,FMDBL,45,56,30,560.00,"16,800.00"
2020-09-06,2020090601033120,FMDBL,45,56,250,560.00,"140,000.00"
2020-09-06,2020090601033119,FMDBL,57,56,142,560.00,"79,520.00"
2020-09-06,2020090601032900,FOWAD,34,54,30,"1,585.00","47,550.00"
2020-09-06,2020090601033116,GBIME,57,46,70,265.00,"18,550.00"
2020-09-06,2020090601033049,GBIME,58,51,11,266.00,"2,926.00"
2020-09-06,2020090601033004,GBIME,17,51,100,266.00,"26,600.00"
2020-09-06,2020090601032985,GBIME,57,38,200,265.00,"53,000.00"
2020-09-06,2020090601032958,GBIME,57,45,62,265.00,"16,430.00"
2020-09-06,2020090601032957,GBIME,48,45,13,265.00,"3,445.00"
2020-09-06,2020090601032956,GBIME,32,45,200,265.00,"53,000.00"
