Date,Transact. No.,Symbol,Buyer,Seller,Quantity,Rate,Amount
2020-01-28,2020012801014517,ADBL,5,4,10,386.00,"3,860.00"
2020-01-28,2020012801014114,ADBL,58,57,23,385.00,"8,855.00"
2020-01-28,2020012801014113,ADBL,58,57,77,385.00,"29,645.00"
2020-01-28,2020012801014370,AHPC,43,21,10,95.00,950.00
2020-01-28,2020012801014344,AKJCL,47,39,100,56.00,"5,600.00"
2020-01-28,2020012801014501,ALBSL,45,51,10,679.00,"6,790.00"
2020-01-28,2020012801014500,ALBSL,45,5,20,675.00,"13,500.00"
2020-01-28,2020012801014395,ALBSL,57,5,10,675.00,"6,750.00"
2020-01-28,2020012801014362,ALBSL,57,45,20,672.00,"13,440.00"
2020-01-28,2020012801014546,ALICL,52,58,50,533.00,"26,650.00"
2020-01-28,2020012801014532,ALICL,49,5,10,527.00,"5,270.00"
2020-01-28,2020012801014385,ALICL,5,29,10,534.00,"5,340.00"
2020-01-28,2020012801014503,BARUN,13,42,10,92.00,920.00
2020-01-28,2020012801014483,BFC,8,21,300,99.00,"29,700.00"
2020-01-28,2020012801014269,BOKL,40,49,500,229.00,"114,500.00"
2020-01-28,2020012801014268,BOKL,49,49,300,229.00,"68,700.00"
2020-01-28,2020012801014267,BOKL,34,49,100,229.00,"22,900.00"
2020-01-28,2020012801014266,BOKL,38,49,100,229.00,"22,900.00"
2020-01-28,2020012801014237,BOKL,34,55,250,230.00,"57,500.00"
2020-01-28,2020012801014195,BOKL,34,44,42,230.00,"9,660.00"
2020-01-28,2020012801014160,BOKL,34,44,58,230.00,"13,340.00"
2020-01-28,2020012801014137,BOKL,34,17,42,230.00,"9,660.00"
2020-01-28,2020012801014136,BOKL,44,17,58,230.00,"13,340.00"
2020-01-28,2020012801014468,BPCL,11,3,100,317.00,"31,700.00"
2020-01-28,2020012801014455,BPCL,29,33,100,317.00,"31,700.00"
2020-01-28,2020012801014437,CBBL,52,13,10,935.00,"9,350.00"
2020-01-28,2020012801014475,CBL,44,41,103,147.00,"15,141.00"
2020-01-28,2020012801014474,CBL,44,59,138,147.00,"20,286.00"
2020-01-28,2020012801014404,CCBL,32,32,50,181.00,"9,050.00"
2020-01-28,2020012801014119,CCBL,37,14,500,180.00,"90,000.00"
2020-01-28,2020012801014429,CHCL,45,39,26,420.00,"10,920.00"
2020-01-28,2020012801014088,CHCL,45,39,48,420.00,"20,160.00"
2020-01-28,2020012801014087,CHCL,45,39,84,420.00,"35,280.00"
2020-01-28,2020012801014086,CHCL,45,35,190,420.00,"79,800.00"
2020-01-28,2020012801014085,CHCL,45,29,120,420.00,"50,400.00"
2020-01-28,2020012801014551,CIT,8,22,10,"2,325.00","23,250.00"
2020-01-28,2020012801014478,CIT,5,57,40,"2,316.00","92,640.00"
2020-01-28,2020012801014423,CIT,40,57,10,"2,316.00","23,160.00"
2020-01-28,2020012801014308,CIT,5,22,10,"2,310.00","23,100.00"
2020-01-28,2020012801014303,CIT,33,34,50,"2,300.00","115,000.00"
2020-01-28,2020012801014302,CIT,33,37,50,"2,300.00","115,000.00"
2020-01-28,2020012801014283,CIT,33,51,10,"2,300.00","23,000.00"
2020-01-28,2020012801014204,CIT,33,52,100,"2,300.00","230,000.00"
2020-01-28,2020012801014203,CIT,33,22,10,"2,300.00","23,000.00"
2020-01-28,2020012801014422,CLBSL,45,45,10,870.00,"8,700.00"
2020-01-28,2020012801014425,DDBL,14,49,15,834.00,"12,510.00"
2020-01-28,2020012801014415,DDBL,13,39,20,830.00,"16,600.00"
2020-01-28,2020012801014414,DDBL,39,39,50,830.00,"41,500.00"
2020-01-28,2020012801014413,DDBL,1,39,30,830.00,"24,900.00"
2020-01-28,2020012801014219,DDBL,14,7,70,829.00,"58,030.00"
2020-01-28,2020012801014194,DDBL,35,7,19,830.00,"15,770.00"
2020-01-28,2020012801014193,DDBL,36,7,171,830.00,"141,930.00"
2020-01-28,2020012801014192,DDBL,7,7,10,831.00,"8,310.00"
2020-01-28,2020012801014467,EBL,34,58,100,616.00,"61,600.00"
2020-01-28,2020012801014466,EBL,42,58,100,616.00,"61,600.00"
2020-01-28,2020012801014271,EBL,16,16,20,617.00,"12,340.00"
2020-01-28,2020012801014255,EBL,16,20,10,617.00,"6,170.00"
2020-01-28,2020012801014552,EIC,56,5,10,364.00,"3,640.00"
2020-01-28,2020012801014523,EIC,36,22,176,362.00,"63,712.00"
2020-01-28,2020012801014487,EIC,4,22,24,362.00,"8,688.00"
2020-01-28,2020012801014463,EIC,56,5,16,364.00,"5,824.00"
2020-01-28,2020012801014462,EIC,56,26,24,363.00,"8,712.00"
2020-01-28,2020012801014433,EIC,56,26,176,363.00,"63,888.00"
2020-01-28,2020012801014234,EIC,56,49,400,360.00,"144,000.00"
2020-01-28,2020012801014233,EIC,56,29,800,360.00,"288,000.00"
2020-01-28,2020012801014232,EIC,56,8,200,360.00,"72,000.00"
2020-01-28,2020012801014231,EIC,56,59,100,359.00,"35,900.00"
2020-01-28,2020012801014230,EIC,56,38,100,359.00,"35,900.00"
2020-01-28,2020012801014115,EIC,49,1,300,357.00,"107,100.00"
2020-01-28,2020012801014380,EIC,38,35,100,362.00,"36,200.00"
2020-01-28,2020012801014360,EIC,56,35,10,362.00,"3,620.00"
2020-01-28,2020012801014282,EIC,38,16,"1,200",361.00,"433,200.00"
2020-01-28,2020012801014281,EIC,38,29,34,361.00,"12,274.00"
2020-01-28,2020012801014236,EIC,56,52,200,360.00,"72,000.00"
2020-01-28,2020012801014235,EIC,56,45,200,360.00,"72,000.00"
2020-01-28,2020012801014432,EIC,56,34,100,362.00,"36,200.00"
2020-01-28,2020012801014431,EIC,56,36,24,361.00,"8,664.00"
2020-01-28,2020012801014384,EIC,38,41,50,362.00,"18,100.00"
2020-01-28,2020012801014383,EIC,38,38,500,362.00,"181,000.00"
2020-01-28,2020012801014382,EIC,38,20,50,362.00,"18,100.00"
2020-01-28,2020012801014381,EIC,38,44,500,362.00,"181,000.00"
2020-01-28,2020012801014310,GBBL,39,21,100,231.00,"23,100.00"
2020-01-28,2020012801014309,GBBL,4,21,31,231.00,"7,161.00"
2020-01-28,2020012801014528,GBIME,56,54,500,290.00,"145,000.00"
2020-01-28,2020012801014522,GBIME,45,54,50,290.00,"14,500.00"
2020-01-28,2020012801014498,GBIME,16,54,527,290.00,"152,830.00"
2020-01-28,2020012801014497,GBIME,16,44,"1,473",290.00,"427,170.00"
2020-01-28,2020012801014495,GBIME,45,44,200,290.00,"58,000.00"
2020-01-28,2020012801014494,GBIME,55,38,"1,495",289.00,"432,055.00"
2020-01-28,2020012801014060,GBIME,34,10,"1,000",290.00,"290,000.00"
2020-01-28,2020012801014059,GBIME,16,10,65,290.00,"18,850.00"
2020-01-28,2020012801014197,GBIME,58,54,100,290.00,"29,000.00"
2020-01-28,2020012801014196,GBIME,59,54,182,290.00,"52,780.00"
2020-01-28,2020012801014127,GBIME,45,57,151,291.00,"43,941.00"
2020-01-28,2020012801014126,GBIME,45,42,99,291.00,"28,809.00"
2020-01-28,2020012801014082,GBIME,59,41,399,290.00,"115,710.00"
2020-01-28,2020012801014068,GBIME,59,10,419,290.00,"121,510.00"
2020-01-28,2020012801014224,GBIME,7,51,100,290.00,"29,000.00"
2020-01-28,2020012801014223,GBIME,48,51,734,290.00,"212,860.00"
2020-01-28,2020012801014222,GBIME,6,51,290,290.00,"84,100.00"
2020-01-28,2020012801014221,GBIME,17,51,350,290.00,"101,500.00"
2020-01-28,2020012801014220,GBIME,58,51,737,290.00,"213,730.00"
2020-01-28,2020012801014198,GBIME,58,54,263,290.00,"76,270.00"
2020-01-28,2020012801014288,GBIME,29,51,200,290.00,"58,000.00"
2020-01-28,2020012801014284,GBIME,56,51,110,290.00,"31,900.00"
2020-01-28,2020012801014228,GBIME,56,51,500,290.00,"145,000.00"
2020-01-28,2020012801014227,GBIME,34,51,20,290.00,"5,800.00"
2020-01-28,2020012801014226,GBIME,59,51,500,290.00,"145,000.00"
2020-01-28,2020012801014225,GBIME,33,51,500,290.00,"145,000.00"
2020-01-28,2020012801014341,GBIME,57,51,159,290.00,"46,110.00"
2020-01-28,2020012801014331,GBIME,42,51,500,290.00,"145,000.00"
2020-01-28,2020012801014326,GBIME,34,58,540,289.00,"156,060.00"
2020-01-28,2020012801014325,GBIME,57,58,100,289.00,"28,900.00"
2020-01-28,2020012801014324,GBIME,14,58,500,289.00,"144,500.00"
2020-01-28,2020012801014305,GBIME,35,51,300,290.00,"87,000.00"
2020-01-28,2020012801014354,GBIME,25,4,300,289.00,"86,700.00"
2020-01-28,2020012801014353,GBIME,34,4,460,289.00,"132,940.00"
2020-01-28,2020012801014350,GBIME,36,10,500,290.00,"145,000.00"
2020-01-28,2020012801014346,GBIME,25,10,100,290.00,"29,000.00"
2020-01-28,2020012801014343,GBIME,44,10,100,290.00,"29,000.00"
2020-01-28,2020012801014342,GBIME,57,10,41,290.00,"11,890.00"
2020-01-28,2020012801014396,GBIME,36,10,149,290.00,"43,210.00"
2020-01-28,2020012801014366,GBIME,25,10,10,290.00,"2,900.00"
2020-01-28,2020012801014365,GBIME,56,10,100,290.00,"29,000.00"
2020-01-28,2020012801014357,GBIME,55,4,40,289.00,"11,560.00"
2020-01-28,2020012801014356,GBIME,48,4,"1,000",289.00,"289,000.00"
2020-01-28,2020012801014355,GBIME,43,4,200,289.00,"57,800.00"
2020-01-28,2020012801014456,GBIME,29,44,150,290.00,"43,500.00"
2020-01-28,2020012801014448,GBIME,10,44,450,290.00,"130,500.00"
2020-01-28,2020012801014427,GBIME,29,44,20,290.00,"5,800.00"
2020-01-28,2020012801014426,GBIME,35,44,500,290.00,"145,000.00"
2020-01-28,2020012801014420,GBIME,34,44,156,290.00,"45,240.00"
2020-01-28,2020012801014397,GBIME,36,44,51,290.00,"14,790.00"
2020-01-28,2020012801014363,GBLBS,44,44,20,442.00,"8,840.00"
2020-01-28,2020012801014335,GBLBS,50,36,200,440.00,"88,000.00"
2020-01-28,2020012801014294,GBLBS,40,36,200,440.00,"88,000.00"
2020-01-28,2020012801014208,GBLBS,36,42,215,439.00,"94,385.00"
2020-01-28,2020012801014156,GBLBS,50,42,100,439.00,"43,900.00"
2020-01-28,2020012801014124,GBLBS,36,36,100,440.00,"44,000.00"
2020-01-28,2020012801014123,GBLBS,36,58,650,440.00,"286,000.00"
2020-01-28,2020012801014122,GBLBS,36,14,400,440.00,"176,000.00"
2020-01-28,2020012801014096,GBLBS,45,41,400,438.00,"175,200.00"
2020-01-28,2020012801014095,GBLBS,45,41,100,438.00,"43,800.00"
2020-01-28,2020012801014081,GBLBS,42,14,100,440.00,"44,000.00"
2020-01-28,2020012801014529,GLICL,58,28,10,699.00,"6,990.00"
2020-01-28,2020012801014296,GLICL,26,52,36,697.00,"25,092.00"
2020-01-28,2020012801014280,GLICL,6,49,20,691.00,"13,820.00"
2020-01-28,2020012801014100,GLICL,26,58,200,696.00,"139,200.00"
2020-01-28,2020012801014477,GMFBS,7,5,10,793.00,"7,930.00"
2020-01-28,2020012801014261,GMFBS,17,5,140,789.00,"110,460.00"
2020-01-28,2020012801014182,GMFBS,28,43,260,794.00,"206,440.00"
2020-01-28,2020012801014181,GMFBS,28,14,100,794.00,"79,400.00"
2020-01-28,2020012801014180,GMFBS,28,55,50,791.00,"39,550.00"
2020-01-28,2020012801014179,GMFBS,28,49,10,791.00,"7,910.00"
2020-01-28,2020012801014178,GMFBS,28,39,10,790.00,"7,900.00"
2020-01-28,2020012801014177,GMFBS,28,42,60,790.00,"47,400.00"
2020-01-28,2020012801014176,GMFBS,28,39,10,790.00,"7,900.00"
2020-01-28,2020012801014389,GRDBL,22,49,70,113.00,"7,910.00"
2020-01-28,2020012801014451,HBL,5,49,10,510.00,"5,100.00"
2020-01-28,2020012801014407,HBL,7,5,40,506.00,"20,240.00"
2020-01-28,2020012801014392,HBL,57,5,100,507.00,"50,700.00"
2020-01-28,2020012801014391,HBL,47,5,200,508.00,"101,600.00"
2020-01-28,2020012801014390,HBL,6,5,82,508.00,"41,656.00"
2020-01-28,2020012801014347,HBL,6,52,50,508.00,"25,400.00"
2020-01-28,2020012801014387,HDL,42,32,20,"1,243.00","24,860.00"
2020-01-28,2020012801014270,HDL,43,40,100,"1,242.00","124,200.00"
2020-01-28,2020012801014075,HDL,10,38,100,"1,232.00","123,200.00"
2020-01-28,2020012801014072,HDL,11,32,20,"1,243.00","24,860.00"
2020-01-28,2020012801014056,HDL,10,40,200,"1,232.00","246,400.00"
2020-01-28,2020012801014379,HGI,45,43,200,373.00,"74,600.00"
2020-01-28,2020012801014076,HGI,17,25,100,371.00,"37,100.00"
2020-01-28,2020012801014067,HGI,17,25,100,371.00,"37,100.00"
2020-01-28,2020012801014435,HIDCL,34,1,20,137.00,"2,740.00"
2020-01-28,2020012801014276,HURJA,17,39,20,110.00,"2,200.00"
2020-01-28,2020012801014257,HURJA,17,45,20,109.00,"2,180.00"
2020-01-28,2020012801014186,HURJA,17,33,20,108.00,"2,160.00"
2020-01-28,2020012801014491,IGI,52,55,100,397.00,"39,700.00"
2020-01-28,2020012801014292,IGI,3,42,10,401.00,"4,010.00"
2020-01-28,2020012801014153,ILBS,58,14,40,793.00,"31,720.00"
2020-01-28,2020012801014152,ILBS,10,14,100,794.00,"79,400.00"
2020-01-28,2020012801014064,ILBS,51,51,354,797.00,"282,138.00"
2020-01-28,2020012801014526,JFL,59,42,10,183.00,"1,830.00"
2020-01-28,2020012801014460,JSLBB,37,49,10,"1,448.00","14,480.00"
2020-01-28,2020012801014340,KADBL,45,14,200,260.00,"52,000.00"
2020-01-28,2020012801014339,KADBL,45,14,100,260.00,"26,000.00"
2020-01-28,2020012801014334,KBL,32,14,50,193.00,"9,650.00"
2020-01-28,2020012801014080,KBL,45,4,431,192.00,"82,752.00"
2020-01-28,2020012801014079,KBL,29,4,100,192.00,"19,200.00"
2020-01-28,2020012801014078,KBL,22,4,469,192.00,"90,048.00"
2020-01-28,2020012801014527,KKHC,37,22,100,56.00,"5,600.00"
2020-01-28,2020012801014513,LBBL,34,14,150,191.00,"28,650.00"
2020-01-28,2020012801014213,LBBL,52,52,85,190.00,"16,150.00"
2020-01-28,2020012801014406,LGIL,38,28,10,444.00,"4,440.00"
2020-01-28,2020012801014306,LGIL,5,49,50,443.00,"22,150.00"
2020-01-28,2020012801014118,LGIL,25,25,12,440.00,"5,280.00"
2020-01-28,2020012801014117,LGIL,20,25,100,440.00,"44,000.00"
2020-01-28,2020012801014063,LICN,25,58,20,"1,264.00","25,280.00"
2020-01-28,2020012801014505,MEGA,32,17,500,198.00,"99,000.00"
2020-01-28,2020012801014504,MEGA,32,57,126,198.00,"24,948.00"
2020-01-28,2020012801014488,MEGA,53,57,19,198.00,"3,762.00"
2020-01-28,2020012801014525,MERO,43,53,10,655.00,"6,550.00"
2020-01-28,2020012801014157,MERO,45,58,380,650.00,"247,000.00"
2020-01-28,2020012801014092,MERO,45,58,300,650.00,"195,000.00"
2020-01-28,2020012801014485,MFIL,16,56,"1,592",196.00,"312,032.00"
2020-01-28,2020012801014484,MFIL,11,56,408,197.00,"80,376.00"
2020-01-28,2020012801014430,MFIL,43,44,10,199.00,"1,990.00"
2020-01-28,2020012801014489,MLBBL,49,45,20,655.00,"13,100.00"
2020-01-28,2020012801014439,MLBBL,17,20,10,652.00,"6,520.00"
2020-01-28,2020012801014066,MLBBL,17,34,60,652.00,"39,120.00"
2020-01-28,2020012801014333,NABIL,50,6,127,725.00,"92,075.00"
2020-01-28,2020012801014332,NABIL,46,6,73,727.00,"53,071.00"
2020-01-28,2020012801014509,NADEP,28,57,23,693.00,"15,939.00"
2020-01-28,2020012801014508,NADEP,28,39,50,694.00,"34,700.00"
2020-01-28,2020012801014507,NADEP,38,39,50,694.00,"34,700.00"
2020-01-28,2020012801014506,NADEP,28,37,20,694.00,"13,880.00"
2020-01-28,2020012801014479,NADEP,38,6,150,690.00,"103,500.00"
2020-01-28,2020012801014065,NADEP,38,54,63,683.00,"43,029.00"
2020-01-28,2020012801014369,NADEP,34,45,50,690.00,"34,500.00"
2020-01-28,2020012801014368,NADEP,34,44,500,690.00,"345,000.00"
2020-01-28,2020012801014367,NADEP,34,34,200,690.00,"138,000.00"
2020-01-28,2020012801014301,NADEP,58,33,83,684.00,"56,772.00"
2020-01-28,2020012801014295,NADEP,39,6,197,685.00,"134,945.00"
2020-01-28,2020012801014298,NBB,40,7,200,201.00,"40,200.00"
2020-01-28,2020012801014297,NBB,41,7,550,201.00,"110,550.00"
2020-01-28,2020012801014290,NBB,41,41,450,201.00,"90,450.00"
2020-01-28,2020012801014289,NBB,45,41,50,201.00,"10,050.00"
2020-01-28,2020012801014300,NBB,38,7,50,201.00,"10,050.00"
2020-01-28,2020012801014299,NBB,55,7,200,201.00,"40,200.00"
2020-01-28,2020012801014555,NBL,36,42,400,271.00,"108,400.00"
2020-01-28,2020012801014554,NBL,32,42,100,271.00,"27,100.00"
2020-01-28,2020012801014545,NBL,32,44,900,271.00,"243,900.00"
2020-01-28,2020012801014544,NBL,43,44,"1,000",271.00,"271,000.00"
2020-01-28,2020012801014543,NBL,51,44,"1,000",271.00,"271,000.00"
2020-01-28,2020012801014542,NBL,37,44,"1,500",271.00,"406,500.00"
2020-01-28,2020012801014188,NBL,50,44,200,272.00,"54,400.00"
2020-01-28,2020012801014074,NBL,33,43,10,273.00,"2,730.00"
2020-01-28,2020012801014070,NBL,34,34,500,273.00,"136,500.00"
2020-01-28,2020012801014535,NBL,49,44,"1,500",271.00,"406,500.00"
2020-01-28,2020012801014446,NBL,32,43,130,273.00,"35,490.00"
2020-01-28,2020012801014445,NBL,32,44,170,272.00,"46,240.00"
2020-01-28,2020012801014386,NBL,14,44,"5,000",272.00,"1,360,000.00"
2020-01-28,2020012801014304,NBL,8,44,"1,000",272.00,"272,000.00"
2020-01-28,2020012801014189,NBL,48,44,50,272.00,"13,600.00"
2020-01-28,2020012801014541,NBL,28,44,200,271.00,"54,200.00"
2020-01-28,2020012801014540,NBL,43,44,100,271.00,"27,100.00"
2020-01-28,2020012801014539,NBL,1,44,200,271.00,"54,200.00"
2020-01-28,2020012801014538,NBL,38,44,200,271.00,"54,200.00"
2020-01-28,2020012801014537,NBL,42,44,100,271.00,"27,100.00"
2020-01-28,2020012801014536,NBL,45,44,300,271.00,"81,300.00"
2020-01-28,2020012801014553,NCCB,58,25,10,198.00,"1,980.00"
2020-01-28,2020012801014510,NCCB,6,29,"1,738",197.00,"342,386.00"
2020-01-28,2020012801014472,NCCB,6,42,617,197.00,"121,549.00"
2020-01-28,2020012801014471,NCCB,14,42,365,197.00,"71,905.00"
2020-01-28,2020012801014470,NCCB,37,42,20,197.00,"3,940.00"
2020-01-28,2020012801014469,NCCB,34,42,"1,000",197.00,"197,000.00"
2020-01-28,2020012801014138,NCCB,21,25,"1,000",198.00,"198,000.00"
2020-01-28,2020012801014450,NIB,29,16,20,395.00,"7,900.00"
2020-01-28,2020012801014307,NIB,29,16,200,395.00,"79,000.00"
2020-01-28,2020012801014112,NIB,51,16,100,393.00,"39,300.00"
2020-01-28,2020012801014111,NIB,40,16,50,393.00,"19,650.00"
2020-01-28,2020012801014110,NIB,42,16,200,393.00,"78,600.00"
2020-01-28,2020012801014109,NIB,41,16,500,393.00,"196,500.00"
2020-01-28,2020012801014102,NIB,41,16,200,394.00,"78,800.00"
2020-01-28,2020012801014101,NIB,59,16,560,395.00,"221,200.00"
2020-01-28,2020012801014108,NIB,45,16,20,393.00,"7,860.00"
2020-01-28,2020012801014107,NIB,16,16,200,393.00,"78,600.00"
2020-01-28,2020012801014106,NIB,45,16,25,393.00,"9,825.00"
2020-01-28,2020012801014105,NIB,10,16,50,393.00,"19,650.00"
2020-01-28,2020012801014104,NIB,49,16,200,393.00,"78,600.00"
2020-01-28,2020012801014103,NIB,42,16,200,393.00,"78,600.00"
2020-01-28,2020012801014291,NICA,46,51,12,475.00,"5,700.00"
2020-01-28,2020012801014265,NICA,49,58,195,474.00,"92,430.00"
2020-01-28,2020012801014259,NICA,49,4,"1,300",474.00,"616,200.00"
2020-01-28,2020012801014514,NICL,34,37,500,395.00,"197,500.00"
2020-01-28,2020012801014412,NICL,34,37,35,395.00,"13,825.00"
2020-01-28,2020012801014411,NICL,34,33,50,395.00,"19,750.00"
2020-01-28,2020012801014410,NICL,34,33,90,394.00,"35,460.00"
2020-01-28,2020012801014069,NICL,43,33,10,394.00,"3,940.00"
2020-01-28,2020012801014444,NIL,59,44,20,490.00,"9,800.00"
2020-01-28,2020012801014403,NIL,59,54,200,490.00,"98,000.00"
2020-01-28,2020012801014402,NIL,59,37,100,490.00,"49,000.00"
2020-01-28,2020012801014401,NIL,59,44,500,490.00,"245,000.00"
2020-01-28,2020012801014400,NIL,59,44,980,489.00,"479,220.00"
2020-01-28,2020012801014359,NIL,49,44,20,489.00,"9,780.00"
2020-01-28,2020012801014311,NIL,21,36,271,487.00,"131,977.00"
2020-01-28,2020012801014278,NLBBL,22,20,10,732.00,"7,320.00"
2020-01-28,2020012801014061,NLBBL,22,14,46,732.00,"33,672.00"
2020-01-28,2020012801014058,NLBBL,22,16,150,732.00,"109,800.00"
2020-01-28,2020012801014531,NLG,36,55,10,815.00,"8,150.00"
2020-01-28,2020012801014530,NLG,39,55,35,815.00,"28,525.00"
2020-01-28,2020012801014279,NLG,39,55,15,815.00,"12,225.00"
2020-01-28,2020012801014258,NLG,42,55,30,815.00,"24,450.00"
2020-01-28,2020012801014436,NLIC,56,33,50,"1,137.00","56,850.00"
2020-01-28,2020012801014409,NLIC,44,4,300,"1,134.00","340,200.00"
2020-01-28,2020012801014408,NLIC,46,4,200,"1,134.00","226,800.00"
2020-01-28,2020012801014394,NLIC,54,33,400,"1,137.00","454,800.00"
2020-01-28,2020012801014393,NLIC,54,58,100,"1,136.00","113,600.00"
2020-01-28,2020012801014373,NLIC,44,34,100,"1,134.00","113,400.00"
2020-01-28,2020012801014372,NLIC,44,39,23,"1,134.00","26,082.00"
2020-01-28,2020012801014338,NLIC,45,39,27,"1,134.00","30,618.00"
2020-01-28,2020012801014264,NLIC,58,14,400,"1,134.00","453,600.00"
2020-01-28,2020012801014216,NLIC,45,42,73,"1,134.00","82,782.00"
2020-01-28,2020012801014534,NLICL,44,57,200,642.00,"128,400.00"
2020-01-28,2020012801014486,NLICL,44,57,446,641.00,"285,886.00"
2020-01-28,2020012801014158,NLICL,45,57,200,641.00,"128,200.00"
2020-01-28,2020012801014089,NLICL,43,57,10,641.00,"6,410.00"
2020-01-28,2020012801014323,NMB,46,25,14,360.00,"5,040.00"
2020-01-28,2020012801014322,NMB,44,25,100,360.00,"36,000.00"
2020-01-28,2020012801014277,NMBMF,56,7,189,850.00,"160,650.00"
2020-01-28,2020012801014229,NMBMF,56,20,11,850.00,"9,350.00"
2020-01-28,2020012801014374,NMFBS,33,28,25,"1,647.00","41,175.00"
2020-01-28,2020012801014518,NTC,57,1,50,620.00,"31,000.00"
2020-01-28,2020012801014348,NTC,59,57,10,623.00,"6,230.00"
2020-01-28,2020012801014320,NTC,57,59,15,620.00,"9,300.00"
2020-01-28,2020012801014319,NTC,52,59,200,620.00,"124,000.00"
2020-01-28,2020012801014318,NTC,42,59,500,620.00,"310,000.00"
2020-01-28,2020012801014317,NTC,32,59,200,620.00,"124,000.00"
2020-01-28,2020012801014316,NTC,43,59,"1,000",620.00,"620,000.00"
2020-01-28,2020012801014315,NTC,7,59,200,620.00,"124,000.00"
2020-01-28,2020012801014314,NTC,42,59,500,621.00,"310,500.00"
2020-01-28,2020012801014313,NTC,43,59,385,621.00,"239,085.00"
2020-01-28,2020012801014521,NUBL,53,36,10,951.00,"9,510.00"
2020-01-28,2020012801014215,NUBL,50,28,100,940.00,"94,000.00"
2020-01-28,2020012801014098,NUBL,21,11,50,955.00,"47,750.00"
2020-01-28,2020012801014097,NUBL,21,26,100,955.00,"95,500.00"
2020-01-28,2020012801014084,NUBL,50,6,20,940.00,"18,800.00"
2020-01-28,2020012801014083,NUBL,6,6,10,940.00,"9,400.00"
2020-01-28,2020012801014062,NUBL,34,6,10,950.00,"9,500.00"
2020-01-28,2020012801014490,PCBL,5,53,10,275.00,"2,750.00"
2020-01-28,2020012801014377,PCBL,13,36,100,273.00,"27,300.00"
2020-01-28,2020012801014376,PCBL,13,53,371,273.00,"101,283.00"
2020-01-28,2020012801014375,PCBL,13,35,78,273.00,"21,294.00"
2020-01-28,2020012801014399,PIC,34,25,30,530.00,"15,900.00"
2020-01-28,2020012801014285,PIC,42,25,25,530.00,"13,250.00"
2020-01-28,2020012801014155,PIC,42,57,483,528.00,"255,024.00"
2020-01-28,2020012801014154,PIC,45,57,20,528.00,"10,560.00"
2020-01-28,2020012801014206,PLIC,33,41,50,540.00,"27,000.00"
2020-01-28,2020012801014205,PLIC,33,57,125,540.00,"67,500.00"
2020-01-28,2020012801014549,PRIN,48,45,14,412.00,"5,768.00"
2020-01-28,2020012801014548,PRIN,48,45,300,407.00,"122,100.00"
2020-01-28,2020012801014547,PRIN,48,44,56,407.00,"22,792.00"
2020-01-28,2020012801014262,PROFL,34,45,10,109.00,"1,090.00"
2020-01-28,2020012801014476,PRVU,58,52,100,251.00,"25,100.00"
2020-01-28,2020012801014473,PRVU,58,34,"1,874",251.00,"470,374.00"
2020-01-28,2020012801014419,PRVU,58,34,"7,630",251.00,"1,915,130.00"
2020-01-28,2020012801014418,PRVU,58,25,"1,000",251.00,"251,000.00"
2020-01-28,2020012801014417,PRVU,58,6,500,251.00,"125,500.00"
2020-01-28,2020012801014416,PRVU,58,54,870,251.00,"218,370.00"
2020-01-28,2020012801014337,PRVU,58,44,"2,000",250.00,"500,000.00"
2020-01-28,2020012801014273,PRVU,51,54,130,251.00,"32,630.00"
2020-01-28,2020012801014272,PRVU,51,45,120,251.00,"30,120.00"
2020-01-28,2020012801014345,RHPL,38,21,40,166.00,"6,640.00"
2020-01-28,2020012801014293,RHPL,38,41,40,166.00,"6,640.00"
2020-01-28,2020012801014175,RHPL,38,43,546,166.00,"90,636.00"
2020-01-28,2020012801014174,RHPL,29,43,"2,000",166.00,"332,000.00"
2020-01-28,2020012801014173,RHPL,52,43,54,166.00,"8,964.00"
2020-01-28,2020012801014172,RHPL,54,43,"1,000",166.00,"166,000.00"
2020-01-28,2020012801014121,RHPL,37,41,40,167.00,"6,680.00"
2020-01-28,2020012801014077,RHPL,37,21,40,167.00,"6,680.00"
2020-01-28,2020012801014171,RHPL,34,43,500,167.00,"83,500.00"
2020-01-28,2020012801014170,RHPL,13,43,200,167.00,"33,400.00"
2020-01-28,2020012801014169,RHPL,25,43,50,167.00,"8,350.00"
2020-01-28,2020012801014168,RHPL,42,43,50,167.00,"8,350.00"
2020-01-28,2020012801014167,RHPL,35,43,30,167.00,"5,010.00"
2020-01-28,2020012801014166,RHPL,37,43,570,167.00,"95,190.00"
2020-01-28,2020012801014512,RMDC,44,25,170,637.00,"108,290.00"
2020-01-28,2020012801014511,RMDC,29,25,30,638.00,"19,140.00"
2020-01-28,2020012801014364,RMDC,29,29,220,638.00,"140,360.00"
2020-01-28,2020012801014185,RMDC,34,6,115,644.00,"74,060.00"
2020-01-28,2020012801014184,RMDC,34,56,47,643.00,"30,221.00"
2020-01-28,2020012801014183,RMDC,34,53,138,640.00,"88,320.00"
2020-01-28,2020012801014520,RSDC,6,17,90,432.00,"38,880.00"
2020-01-28,2020012801014328,RSDC,6,20,10,427.00,"4,270.00"
2020-01-28,2020012801014480,SABSL,7,49,10,791.00,"7,910.00"
2020-01-28,2020012801014405,SABSL,7,49,10,791.00,"7,910.00"
2020-01-28,2020012801014349,SABSL,7,49,10,791.00,"7,910.00"
2020-01-28,2020012801014336,SABSL,7,41,10,791.00,"7,910.00"
2020-01-28,2020012801014159,SANIMA,14,34,69,346.00,"23,874.00"
2020-01-28,2020012801014465,SAPDBL,1,40,180,137.00,"24,660.00"
2020-01-28,2020012801014464,SAPDBL,46,40,120,137.00,"16,440.00"
2020-01-28,2020012801014212,SBI,42,52,98,410.00,"40,180.00"
2020-01-28,2020012801014211,SBI,47,52,20,410.00,"8,200.00"
2020-01-28,2020012801014116,SBI,45,42,100,413.00,"41,300.00"
2020-01-28,2020012801014516,SBL,14,38,50,310.00,"15,500.00"
2020-01-28,2020012801014428,SCB,56,11,10,609.00,"6,090.00"
2020-01-28,2020012801014398,SCB,44,45,150,609.00,"91,350.00"
2020-01-28,2020012801014452,SDESI,25,35,10,821.00,"8,210.00"
2020-01-28,2020012801014443,SDESI,17,35,320,815.00,"260,800.00"
2020-01-28,2020012801014330,SDESI,17,45,200,815.00,"163,000.00"
2020-01-28,2020012801014329,SDESI,17,21,480,815.00,"391,200.00"
2020-01-28,2020012801014274,SDESI,25,21,20,815.00,"16,300.00"
2020-01-28,2020012801014094,SDESI,16,51,500,810.00,"405,000.00"
2020-01-28,2020012801014496,SHINE,4,33,500,260.00,"130,000.00"
2020-01-28,2020012801014449,SHINE,40,38,10,261.00,"2,610.00"
2020-01-28,2020012801014120,SHINE,44,56,"1,220",258.00,"314,760.00"
2020-01-28,2020012801014073,SHINE,28,56,280,259.00,"72,520.00"
2020-01-28,2020012801014214,SHIVM,58,45,270,506.00,"136,620.00"
2020-01-28,2020012801014201,SHIVM,8,14,30,507.00,"15,210.00"
2020-01-28,2020012801014200,SHIVM,57,14,100,507.00,"50,700.00"
2020-01-28,2020012801014143,SHIVM,6,58,60,506.00,"30,360.00"
2020-01-28,2020012801014142,SHIVM,35,58,30,507.00,"15,210.00"
2020-01-28,2020012801014141,SHIVM,28,58,300,507.00,"152,100.00"
2020-01-28,2020012801014140,SHIVM,44,58,113,507.00,"57,291.00"
2020-01-28,2020012801014199,SHIVM,14,14,100,507.00,"50,700.00"
2020-01-28,2020012801014149,SHIVM,51,14,300,508.00,"152,400.00"
2020-01-28,2020012801014148,SHIVM,51,52,550,508.00,"279,400.00"
2020-01-28,2020012801014146,SHIVM,58,58,417,506.00,"211,002.00"
2020-01-28,2020012801014145,SHIVM,35,58,30,506.00,"15,180.00"
2020-01-28,2020012801014144,SHIVM,35,58,50,506.00,"25,300.00"
2020-01-28,2020012801014218,SHL,25,13,150,203.00,"30,450.00"
2020-01-28,2020012801014217,SHL,14,13,500,204.00,"102,000.00"
2020-01-28,2020012801014533,SICL,5,7,10,"1,080.00","10,800.00"
2020-01-28,2020012801014524,SICL,58,51,50,"1,080.00","54,000.00"
2020-01-28,2020012801014515,SICL,58,57,50,"1,060.00","53,000.00"
2020-01-28,2020012801014482,SICL,58,42,20,"1,080.00","21,600.00"
2020-01-28,2020012801014481,SICL,58,42,80,"1,075.00","86,000.00"
2020-01-28,2020012801014250,SICL,58,40,100,"1,060.00","106,000.00"
2020-01-28,2020012801014249,SICL,58,1,20,"1,060.00","21,200.00"
2020-01-28,2020012801014248,SICL,58,42,50,"1,060.00","53,000.00"
2020-01-28,2020012801014247,SICL,58,39,28,"1,060.00","29,680.00"
2020-01-28,2020012801014246,SICL,58,56,20,"1,060.00","21,200.00"
2020-01-28,2020012801014245,SICL,58,57,32,"1,057.00","33,824.00"
2020-01-28,2020012801014351,SICL,5,58,10,"1,067.00","10,670.00"
2020-01-28,2020012801014327,SICL,5,5,500,"1,054.00","527,000.00"
2020-01-28,2020012801014254,SICL,58,44,50,"1,066.00","53,300.00"
2020-01-28,2020012801014253,SICL,58,38,13,"1,066.00","13,858.00"
2020-01-28,2020012801014252,SICL,58,4,250,"1,065.00","266,250.00"
2020-01-28,2020012801014251,SICL,58,44,200,"1,064.00","212,800.00"
2020-01-28,2020012801014459,SICL,58,42,20,"1,075.00","21,500.00"
2020-01-28,2020012801014458,SICL,58,25,30,"1,073.00","32,190.00"
2020-01-28,2020012801014447,SICL,40,45,500,"1,070.00","535,000.00"
2020-01-28,2020012801014424,SICL,40,17,100,"1,070.00","107,000.00"
2020-01-28,2020012801014388,SICL,40,58,60,"1,067.00","64,020.00"
2020-01-28,2020012801014352,SICL,58,58,30,"1,067.00","32,010.00"
2020-01-28,2020012801014057,SIFC,14,6,133,153.00,"20,349.00"
2020-01-28,2020012801014493,SIL,45,33,500,525.00,"262,500.00"
2020-01-28,2020012801014361,SJCL,1,21,20,159.00,"3,180.00"
2020-01-28,2020012801014312,SJCL,1,41,20,159.00,"3,180.00"
2020-01-28,2020012801014151,SJCL,1,41,20,159.00,"3,180.00"
2020-01-28,2020012801014099,SJCL,1,21,20,159.00,"3,180.00"
2020-01-28,2020012801014502,SKBBL,39,16,10,940.00,"9,400.00"
2020-01-28,2020012801014461,SLBBL,26,16,10,776.00,"7,760.00"
2020-01-28,2020012801014434,SLBBL,57,16,10,776.00,"7,760.00"
2020-01-28,2020012801014190,SLBBL,26,36,100,765.00,"76,500.00"
2020-01-28,2020012801014147,SLBBL,16,29,19,769.00,"14,611.00"
2020-01-28,2020012801014202,SLBSL,25,13,15,785.00,"11,775.00"
2020-01-28,2020012801014187,SLBSL,25,39,10,775.00,"7,750.00"
2020-01-28,2020012801014550,SLICL,44,37,20,430.00,"8,600.00"
2020-01-28,2020012801014519,SLICL,50,37,10,430.00,"4,300.00"
2020-01-28,2020012801014454,SLICL,57,45,118,426.00,"50,268.00"
2020-01-28,2020012801014453,SLICL,16,45,182,429.00,"78,078.00"
2020-01-28,2020012801014438,SLICL,38,4,200,429.00,"85,800.00"
2020-01-28,2020012801014378,SLICL,58,4,45,425.00,"19,125.00"
2020-01-28,2020012801014321,SLICL,56,4,200,429.00,"85,800.00"
2020-01-28,2020012801014358,SMB,43,34,10,719.00,"7,190.00"
2020-01-28,2020012801014244,SMFBS,34,39,10,"1,018.00","10,180.00"
2020-01-28,2020012801014243,SMFBS,34,57,10,"1,008.00","10,080.00"
2020-01-28,2020012801014242,SMFBS,34,33,130,"1,007.00","130,910.00"
2020-01-28,2020012801014241,SMFBS,34,49,10,"1,006.00","10,060.00"
2020-01-28,2020012801014240,SMFBS,34,55,50,"1,003.00","50,150.00"
2020-01-28,2020012801014239,SMFBS,34,49,10,"1,003.00","10,030.00"
2020-01-28,2020012801014238,SMFBS,34,42,40,"1,000.00","40,000.00"
2020-01-28,2020012801014165,SMFBS,34,22,100,999.00,"99,900.00"
2020-01-28,2020012801014164,SMFBS,34,47,70,999.00,"69,930.00"
2020-01-28,2020012801014163,SMFBS,34,57,50,998.00,"49,900.00"
2020-01-28,2020012801014162,SMFBS,34,54,10,990.00,"9,900.00"
2020-01-28,2020012801014150,SMFBS,11,21,10,980.00,"9,800.00"
2020-01-28,2020012801014421,SPARS,1,25,10,819.00,"8,190.00"
2020-01-28,2020012801014256,SPARS,48,34,200,819.00,"163,800.00"
2020-01-28,2020012801014191,SPARS,48,34,200,819.00,"163,800.00"
2020-01-28,2020012801014135,STC,47,39,50,"2,410.00","120,500.00"
2020-01-28,2020012801014134,STC,33,39,50,"2,415.00","120,750.00"
2020-01-28,2020012801014133,STC,57,39,30,"2,416.00","72,480.00"
2020-01-28,2020012801014132,STC,34,39,10,"2,416.00","24,160.00"
2020-01-28,2020012801014131,STC,35,39,50,"2,421.00","121,050.00"
2020-01-28,2020012801014130,STC,16,39,100,"2,421.00","242,100.00"
2020-01-28,2020012801014129,STC,32,39,10,"2,421.00","24,210.00"
2020-01-28,2020012801014128,STC,34,39,10,"2,422.00","24,220.00"
2020-01-28,2020012801014457,SWBBL,50,43,10,"1,078.00","10,780.00"
2020-01-28,2020012801014499,TMDBL,17,57,10,176.00,"1,760.00"
2020-01-28,2020012801014263,UIC,34,42,250,378.00,"94,500.00"
2020-01-28,2020012801014093,UIC,34,52,330,378.00,"124,740.00"
2020-01-28,2020012801014071,UNHPL,51,33,50,58.00,"2,900.00"
2020-01-28,2020012801014287,UPCL,36,58,50,73.00,"3,650.00"
2020-01-28,2020012801014286,UPCL,13,58,850,73.00,"62,050.00"
2020-01-28,2020012801014492,UPPER,33,39,50,243.00,"12,150.00"
2020-01-28,2020012801014371,UPPER,34,28,20,245.00,"4,900.00"
2020-01-28,2020012801014090,UPPER,34,47,50,244.00,"12,200.00"
2020-01-28,2020012801014442,VLBS,49,49,100,868.00,"86,800.00"
2020-01-28,2020012801014441,VLBS,34,49,10,868.00,"8,680.00"
2020-01-28,2020012801014440,VLBS,22,49,15,877.00,"13,155.00"
2020-01-28,2020012801014275,WOMI,34,43,16,974.00,"15,584.00"
2020-01-28,2020012801014260,WOMI,38,50,30,973.00,"29,190.00"
2020-01-28,2020012801014210,WOMI,38,49,80,973.00,"77,840.00"
2020-01-28,2020012801014209,WOMI,38,39,25,973.00,"24,325.00"
2020-01-28,2020012801014207,WOMI,34,39,50,972.00,"48,600.00"
2020-01-28,2020012801014161,WOMI,34,48,200,971.00,"194,200.00"
2020-01-28,2020012801014139,WOMI,10,48,100,971.00,"97,100.00"
2020-01-28,2020012801014125,WOMI,34,53,201,971.00,"195,171.00"
2020-01-28,2020012801014091,WOMI,10,57,100,970.00,"97,000.00"
2020-01-28,2020012801013913,ADBL,29,4,20,386.00,"7,720.00"
2020-01-28,2020012801013872,ADBL,58,11,423,385.00,"162,855.00"
2020-01-28,2020012801013871,ADBL,53,11,77,385.00,"29,645.00"
2020-01-28,2020012801013685,ADBL,53,49,173,385.00,"66,605.00"
2020-01-28,2020012801013684,ADBL,45,49,50,385.00,"19,250.00"
2020-01-28,2020012801013683,ADBL,4,49,100,385.00,"38,500.00"
2020-01-28,2020012801013682,ADBL,58,49,177,385.00,"68,145.00"
2020-01-28,2020012801013614,ADBL,58,36,500,385.00,"192,500.00"
2020-01-28,2020012801013656,AHPC,41,58,10,94.00,940.00
2020-01-28,2020012801013754,AKJCL,7,39,80,56.00,"4,480.00"
2020-01-28,2020012801013962,AKPL,37,26,593,123.00,"72,939.00"
2020-01-28,2020012801013898,AKPL,58,48,10,124.00,"1,240.00"
2020-01-28,2020012801013759,AKPL,58,58,"5,793",123.00,"712,539.00"
2020-01-28,2020012801013837,ALBSL,48,7,100,665.00,"66,500.00"
2020-01-28,2020012801013836,ALBSL,59,7,80,665.00,"53,200.00"
2020-01-28,2020012801013835,ALBSL,48,7,70,666.00,"46,620.00"
2020-01-28,2020012801013728,ALBSL,48,14,20,666.00,"13,320.00"
2020-01-28,2020012801013726,ALBSL,45,45,200,667.00,"133,400.00"
2020-01-28,2020012801013955,ALICL,45,58,50,525.00,"26,250.00"
2020-01-28,2020012801013857,ALICL,58,16,200,526.00,"105,200.00"
2020-01-28,2020012801013856,ALICL,45,16,150,526.00,"78,900.00"
2020-01-28,2020012801013676,ALICL,45,58,50,526.00,"26,300.00"
2020-01-28,2020012801013589,ALICL,34,17,400,533.00,"213,200.00"
2020-01-28,2020012801013588,ALICL,34,5,200,532.00,"106,400.00"
2020-01-28,2020012801013587,ALICL,34,39,200,530.00,"106,000.00"
2020-01-28,2020012801013586,ALICL,34,16,100,529.00,"52,900.00"
2020-01-28,2020012801014040,API,25,29,50,118.00,"5,900.00"
2020-01-28,2020012801013903,API,45,26,938,117.00,"109,746.00"
2020-01-28,2020012801013902,API,1,26,200,117.00,"23,400.00"
2020-01-28,2020012801013901,API,38,26,150,117.00,"17,550.00"
2020-01-28,2020012801013900,API,28,26,12,117.00,"1,404.00"
2020-01-28,2020012801013687,BFC,25,33,500,99.00,"49,500.00"
2020-01-28,2020012801014049,BOKL,44,49,442,230.00,"101,660.00"
2020-01-28,2020012801014048,BOKL,1,49,258,230.00,"59,340.00"
2020-01-28,2020012801014047,BOKL,26,49,200,230.00,"46,000.00"
2020-01-28,2020012801014046,BOKL,44,49,50,230.00,"11,500.00"
2020-01-28,2020012801014045,BOKL,34,49,50,230.00,"11,500.00"
2020-01-28,2020012801013921,CBBL,4,47,45,925.00,"41,625.00"
2020-01-28,2020012801013758,CBBL,4,45,18,925.00,"16,650.00"
2020-01-28,2020012801013590,CBBL,4,45,100,925.00,"92,500.00"
2020-01-28,2020012801013798,CBL,13,59,362,147.00,"53,214.00"
2020-01-28,2020012801013797,CBL,13,36,500,147.00,"73,500.00"
2020-01-28,2020012801013862,CCBL,32,32,20,181.00,"3,620.00"
2020-01-28,2020012801013904,CFCL,38,26,200,140.00,"28,000.00"
2020-01-28,2020012801013975,CHCL,3,35,10,420.00,"4,200.00"
2020-01-28,2020012801013651,CHCL,45,14,200,416.00,"83,200.00"
2020-01-28,2020012801013803,CIT,48,34,22,"2,292.00","50,424.00"
2020-01-28,2020012801013675,CIT,48,38,11,"2,292.00","25,212.00"
2020-01-28,2020012801013670,CLBSL,16,34,70,859.00,"60,130.00"
2020-01-28,2020012801013618,CLBSL,14,34,30,860.00,"25,800.00"
2020-01-28,2020012801013953,CZBIL,59,6,500,190.00,"95,000.00"
2020-01-28,2020012801013952,CZBIL,36,6,10,190.00,"1,900.00"
2020-01-28,2020012801013951,CZBIL,22,6,400,190.00,"76,000.00"
2020-01-28,2020012801013950,CZBIL,34,6,10,190.00,"1,900.00"
2020-01-28,2020012801013949,CZBIL,6,6,200,190.00,"38,000.00"
2020-01-28,2020012801013948,CZBIL,55,6,50,190.00,"9,500.00"
2020-01-28,2020012801013929,CZBIL,56,6,"2,000",191.00,"382,000.00"
2020-01-28,2020012801013928,CZBIL,43,6,200,192.00,"38,400.00"
2020-01-28,2020012801013927,CZBIL,22,6,500,192.00,"96,000.00"
2020-01-28,2020012801013926,CZBIL,6,6,100,192.00,"19,200.00"
2020-01-28,2020012801013925,CZBIL,36,6,286,192.00,"54,912.00"
2020-01-28,2020012801013935,CZBIL,25,6,50,191.00,"9,550.00"
2020-01-28,2020012801013934,CZBIL,10,6,100,191.00,"19,100.00"
2020-01-28,2020012801013933,CZBIL,22,6,100,191.00,"19,100.00"
2020-01-28,2020012801013932,CZBIL,5,6,300,191.00,"57,300.00"
2020-01-28,2020012801013931,CZBIL,13,6,"1,500",191.00,"286,500.00"
2020-01-28,2020012801013930,CZBIL,1,6,350,191.00,"66,850.00"
2020-01-28,2020012801013941,CZBIL,52,6,100,190.00,"19,000.00"
2020-01-28,2020012801013940,CZBIL,49,6,500,190.00,"95,000.00"
2020-01-28,2020012801013939,CZBIL,33,6,300,190.00,"57,000.00"
2020-01-28,2020012801013938,CZBIL,1,6,70,190.00,"13,300.00"
2020-01-28,2020012801013937,CZBIL,43,6,"1,000",191.00,"191,000.00"
2020-01-28,2020012801013936,CZBIL,52,6,50,191.00,"9,550.00"
2020-01-28,2020012801013947,CZBIL,35,6,100,190.00,"19,000.00"
2020-01-28,2020012801013946,CZBIL,6,6,100,190.00,"19,000.00"
2020-01-28,2020012801013945,CZBIL,45,6,"2,600",190.00,"494,000.00"
2020-01-28,2020012801013944,CZBIL,52,6,50,190.00,"9,500.00"
2020-01-28,2020012801013943,CZBIL,7,6,50,190.00,"9,500.00"
2020-01-28,2020012801013942,CZBIL,36,6,500,190.00,"95,000.00"
2020-01-28,2020012801013853,DDBL,36,6,29,830.00,"24,070.00"
2020-01-28,2020012801013852,DDBL,26,6,50,830.00,"41,500.00"
2020-01-28,2020012801013765,DDBL,26,14,100,831.00,"83,100.00"
2020-01-28,2020012801014042,EBL,50,4,300,617.00,"185,100.00"
2020-01-28,2020012801013977,EBL,57,4,200,617.00,"123,400.00"
2020-01-28,2020012801013964,EBL,22,4,200,617.00,"123,400.00"
2020-01-28,2020012801013963,EBL,44,4,291,617.00,"179,547.00"
2020-01-28,2020012801013609,EDBL,39,45,100,333.00,"33,300.00"
2020-01-28,2020012801013989,EIC,28,49,100,358.00,"35,800.00"
2020-01-28,2020012801013988,EIC,28,57,200,358.00,"71,600.00"
2020-01-28,2020012801013577,EIC,56,44,100,357.00,"35,700.00"
2020-01-28,2020012801013579,FMDBL,45,39,95,423.00,"40,185.00"
2020-01-28,2020012801013855,FOWAD,38,49,273,"1,270.00","346,710.00"
2020-01-28,2020012801013854,FOWAD,38,22,53,"1,270.00","67,310.00"
2020-01-28,2020012801014052,GBIME,36,10,16,290.00,"4,640.00"
2020-01-28,2020012801014051,GBIME,36,4,106,290.00,"30,740.00"
2020-01-28,2020012801014027,GBIME,59,4,"1,000",290.00,"290,000.00"
2020-01-28,2020012801014024,GBIME,16,4,"1,834",290.00,"531,860.00"
2020-01-28,2020012801014023,GBIME,16,58,"2,264",290.00,"656,560.00"
2020-01-28,2020012801014022,GBIME,16,45,902,290.00,"261,580.00"
2020-01-28,2020012801013847,GBIME,17,54,200,290.00,"58,000.00"
2020-01-28,2020012801013983,GBIME,25,58,736,290.00,"213,440.00"
2020-01-28,2020012801013982,GBIME,25,38,64,290.00,"18,560.00"
2020-01-28,2020012801013976,GBIME,51,38,200,290.00,"58,000.00"
2020-01-28,2020012801013960,GBIME,58,38,31,290.00,"8,990.00"
2020-01-28,2020012801013959,GBIME,58,54,169,290.00,"49,010.00"
2020-01-28,2020012801013880,GBIME,44,54,300,290.00,"87,000.00"
2020-01-28,2020012801013984,GBLBS,29,44,"1,000",438.00,"438,000.00"
2020-01-28,2020012801013974,GBLBS,7,7,5,430.00,"2,150.00"
2020-01-28,2020012801013995,GGBSL,3,34,20,879.00,"17,580.00"
2020-01-28,2020012801013613,GGBSL,3,43,10,875.00,"8,750.00"
2020-01-28,2020012801013612,GGBSL,3,43,10,875.00,"8,750.00"
2020-01-28,2020012801013712,GILB,34,38,500,"1,303.00","651,500.00"
2020-01-28,2020012801013711,GILB,51,38,100,"1,303.00","130,300.00"
2020-01-28,2020012801013710,GILB,8,38,50,"1,303.00","65,150.00"
2020-01-28,2020012801013709,GILB,22,38,115,"1,304.00","149,960.00"
2020-01-28,2020012801013669,GILB,22,34,85,"1,304.00","110,840.00"
2020-01-28,2020012801013668,GILB,7,34,15,"1,305.00","19,575.00"
2020-01-28,2020012801013667,GILB,38,34,100,"1,305.00","130,500.00"
2020-01-28,2020012801013615,GLBSL,34,45,100,646.00,"64,600.00"
2020-01-28,2020012801014021,GLICL,7,7,200,697.00,"139,400.00"
2020-01-28,2020012801013966,GLICL,26,41,200,696.00,"139,200.00"
2020-01-28,2020012801013560,GLICL,38,47,85,695.00,"59,075.00"
2020-01-28,2020012801013912,GMFBS,17,17,230,789.00,"181,470.00"
2020-01-28,2020012801013911,GMFBS,17,8,310,789.00,"244,590.00"
2020-01-28,2020012801013910,GMFBS,17,43,40,788.00,"31,520.00"
2020-01-28,2020012801013909,GMFBS,17,33,20,782.00,"15,640.00"
2020-01-28,2020012801013908,GMFBS,17,50,100,782.00,"78,200.00"
2020-01-28,2020012801013907,GMFBS,17,58,150,780.00,"117,000.00"
2020-01-28,2020012801013906,GMFBS,17,45,10,776.00,"7,760.00"
2020-01-28,2020012801013605,GMFIL,17,43,20,132.00,"2,640.00"
2020-01-28,2020012801014053,HDL,10,29,400,"1,240.00","496,000.00"
2020-01-28,2020012801014032,HDL,10,54,30,"1,220.00","36,600.00"
2020-01-28,2020012801014019,HDL,38,54,100,"1,220.00","122,000.00"
2020-01-28,2020012801014018,HDL,35,54,100,"1,220.00","122,000.00"
2020-01-28,2020012801014017,HDL,50,54,100,"1,220.00","122,000.00"
2020-01-28,2020012801014016,HDL,34,54,200,"1,220.00","244,000.00"
2020-01-28,2020012801013584,HDL,26,26,400,"1,230.00","492,000.00"
2020-01-28,2020012801013583,HDL,40,26,100,"1,231.00","123,100.00"
2020-01-28,2020012801013775,HDL,29,54,100,"1,229.00","122,900.00"
2020-01-28,2020012801013774,HDL,57,54,75,"1,229.00","92,175.00"
2020-01-28,2020012801013773,HDL,54,54,50,"1,230.00","61,500.00"
2020-01-28,2020012801013772,HDL,35,54,100,"1,230.00","123,000.00"
2020-01-28,2020012801013771,HDL,26,54,60,"1,230.00","73,800.00"
2020-01-28,2020012801013770,HDL,41,54,30,"1,231.00","36,930.00"
2020-01-28,2020012801013781,HDL,13,54,20,"1,227.00","24,540.00"
2020-01-28,2020012801013780,HDL,34,54,200,"1,228.00","245,600.00"
2020-01-28,2020012801013779,HDL,47,54,100,"1,228.00","122,800.00"
2020-01-28,2020012801013778,HDL,39,54,100,"1,228.00","122,800.00"
2020-01-28,2020012801013777,HDL,39,54,200,"1,228.00","245,600.00"
2020-01-28,2020012801013776,HDL,44,54,500,"1,228.00","614,000.00"
2020-01-28,2020012801013787,HDL,47,54,100,"1,225.00","122,500.00"
2020-01-28,2020012801013786,HDL,34,54,100,"1,225.00","122,500.00"
2020-01-28,2020012801013785,HDL,34,54,50,"1,225.00","61,250.00"
2020-01-28,2020012801013784,HDL,54,54,500,"1,226.00","613,000.00"
2020-01-28,2020012801013783,HDL,47,54,100,"1,227.00","122,700.00"
2020-01-28,2020012801013782,HDL,4,54,30,"1,227.00","36,810.00"
2020-01-28,2020012801013793,HDL,25,54,50,"1,225.00","61,250.00"
2020-01-28,2020012801013792,HDL,52,54,50,"1,225.00","61,250.00"
2020-01-28,2020012801013791,HDL,34,54,200,"1,225.00","245,000.00"
2020-01-28,2020012801013790,HDL,29,54,50,"1,225.00","61,250.00"
2020-01-28,2020012801013789,HDL,32,54,20,"1,225.00","24,500.00"
2020-01-28,2020012801013788,HDL,47,54,50,"1,225.00","61,250.00"
2020-01-28,2020012801014003,HDL,51,54,20,"1,223.00","24,460.00"
2020-01-28,2020012801014002,HDL,35,54,20,"1,224.00","24,480.00"
2020-01-28,2020012801013861,HDL,48,52,75,"1,222.00","91,650.00"
2020-01-28,2020012801013860,HDL,39,52,25,"1,225.00","30,625.00"
2020-01-28,2020012801013795,HDL,48,54,65,"1,222.00","79,430.00"
2020-01-28,2020012801013794,HDL,58,54,100,"1,224.00","122,400.00"
2020-01-28,2020012801014009,HDL,34,54,20,"1,221.00","24,420.00"
2020-01-28,2020012801014008,HDL,38,54,50,"1,221.00","61,050.00"
2020-01-28,2020012801014007,HDL,57,54,200,"1,221.00","244,200.00"
2020-01-28,2020012801014006,HDL,56,54,50,"1,221.00","61,050.00"
2020-01-28,2020012801014005,HDL,57,54,100,"1,222.00","122,200.00"
2020-01-28,2020012801014004,HDL,48,54,110,"1,222.00","134,420.00"
2020-01-28,2020012801014015,HDL,34,54,50,"1,220.00","61,000.00"
2020-01-28,2020012801014014,HDL,52,54,300,"1,220.00","366,000.00"
2020-01-28,2020012801014013,HDL,25,54,50,"1,220.00","61,000.00"
2020-01-28,2020012801014012,HDL,10,54,500,"1,220.00","610,000.00"
2020-01-28,2020012801014011,HDL,1,54,100,"1,220.00","122,000.00"
2020-01-28,2020012801014010,HDL,10,54,200,"1,221.00","244,200.00"
2020-01-28,2020012801013859,HGI,38,36,55,371.00,"20,405.00"
2020-01-28,2020012801013986,HIDCL,57,5,59,136.00,"8,024.00"
2020-01-28,2020012801013611,HURJA,49,33,20,106.00,"2,120.00"
2020-01-28,2020012801013698,ICFC,57,14,200,175.00,"35,000.00"
2020-01-28,2020012801013557,IGI,17,28,102,400.00,"40,800.00"
2020-01-28,2020012801013559,IGI,38,28,148,396.00,"58,608.00"
2020-01-28,2020012801013558,IGI,40,28,150,396.00,"59,400.00"
2020-01-28,2020012801013652,ILBS,34,28,10,795.00,"7,950.00"
2020-01-28,2020012801013571,ILBS,25,51,50,797.00,"39,850.00"
2020-01-28,2020012801013570,ILBS,36,51,200,797.00,"159,400.00"
2020-01-28,2020012801013569,ILBS,36,51,10,797.00,"7,970.00"
2020-01-28,2020012801013568,ILBS,57,51,100,800.00,"80,000.00"
2020-01-28,2020012801013567,ILBS,45,51,50,800.00,"40,000.00"
2020-01-28,2020012801013566,ILBS,49,51,200,800.00,"160,000.00"
2020-01-28,2020012801013565,ILBS,21,51,100,801.00,"80,100.00"
2020-01-28,2020012801013564,ILBS,58,51,86,804.00,"69,144.00"
2020-01-28,2020012801013626,JBBL,45,55,"2,209",180.00,"397,620.00"
2020-01-28,2020012801013625,JBBL,45,58,200,180.00,"36,000.00"
2020-01-28,2020012801013624,JBBL,45,59,300,180.00,"54,000.00"
2020-01-28,2020012801013623,JBBL,45,11,700,180.00,"126,000.00"
2020-01-28,2020012801013961,KBL,32,14,30,193.00,"5,790.00"
2020-01-28,2020012801013674,LBL,37,5,500,213.00,"106,500.00"
2020-01-28,2020012801013594,LBL,53,39,303,211.00,"63,933.00"
2020-01-28,2020012801013593,LBL,10,39,60,211.00,"12,660.00"
2020-01-28,2020012801013848,LGIL,20,43,400,440.00,"176,000.00"
2020-01-28,2020012801013730,LGIL,34,43,365,441.00,"160,965.00"
2020-01-28,2020012801013729,LGIL,38,43,50,442.00,"22,100.00"
2020-01-28,2020012801013603,LGIL,34,43,135,441.00,"59,535.00"
2020-01-28,2020012801013602,LGIL,57,43,115,441.00,"50,715.00"
2020-01-28,2020012801013601,LGIL,28,43,30,442.00,"13,260.00"
2020-01-28,2020012801013600,LGIL,11,43,20,442.00,"8,840.00"
2020-01-28,2020012801014055,LICN,50,4,11,"1,242.00","13,662.00"
2020-01-28,2020012801014054,LICN,34,4,489,"1,245.00","608,805.00"
2020-01-28,2020012801013881,LICN,34,52,11,"1,245.00","13,695.00"
2020-01-28,2020012801013867,LICN,25,58,20,"1,264.00","25,280.00"
2020-01-28,2020012801013831,LICN,49,49,"3,000","1,260.00","3,780,000.00"
2020-01-28,2020012801013830,LICN,49,21,234,"1,260.00","294,840.00"
2020-01-28,2020012801013686,LICN,6,39,50,"1,245.00","62,250.00"
2020-01-28,2020012801013580,LICN,25,39,38,"1,245.00","47,310.00"
2020-01-28,2020012801013829,LICN,49,35,50,"1,259.00","62,950.00"
2020-01-28,2020012801013828,LICN,49,45,50,"1,258.00","62,900.00"
2020-01-28,2020012801013827,LICN,49,56,91,"1,258.00","114,478.00"
2020-01-28,2020012801013826,LICN,49,8,100,"1,257.00","125,700.00"
2020-01-28,2020012801013825,LICN,49,39,150,"1,245.00","186,750.00"
2020-01-28,2020012801013737,LICN,50,1,13,"1,242.00","16,146.00"
2020-01-28,2020012801013757,LLBS,34,18,34,"1,008.00","34,272.00"
2020-01-28,2020012801013751,MBL,26,44,100,233.00,"23,300.00"
2020-01-28,2020012801013646,MBL,26,36,60,233.00,"13,980.00"
2020-01-28,2020012801013645,MBL,41,36,65,233.00,"15,145.00"
2020-01-28,2020012801013644,MBL,26,36,200,233.00,"46,600.00"
2020-01-28,2020012801013643,MBL,39,36,200,233.00,"46,600.00"
2020-01-28,2020012801013958,MDB,28,6,118,296.00,"34,928.00"
2020-01-28,2020012801013957,MDB,11,6,165,296.00,"48,840.00"
2020-01-28,2020012801013956,MDB,39,6,217,296.00,"64,232.00"
2020-01-28,2020012801014038,MEGA,28,57,500,198.00,"99,000.00"
2020-01-28,2020012801014030,MEGA,32,57,50,198.00,"9,900.00"
2020-01-28,2020012801013896,MERO,49,58,490,654.00,"320,460.00"
2020-01-28,2020012801013895,MERO,49,28,300,654.00,"196,200.00"
2020-01-28,2020012801013894,MERO,49,50,100,652.00,"65,200.00"
2020-01-28,2020012801013893,MERO,49,42,30,650.00,"19,500.00"
2020-01-28,2020012801013892,MERO,49,57,90,650.00,"58,500.00"
2020-01-28,2020012801013585,MERO,52,34,100,646.00,"64,600.00"
2020-01-28,2020012801013850,MERO,43,57,10,650.00,"6,500.00"
2020-01-28,2020012801013747,MLBL,52,35,100,204.00,"20,400.00"
2020-01-28,2020012801013746,MLBL,33,35,250,204.00,"51,000.00"
2020-01-28,2020012801013745,MLBL,44,35,250,205.00,"51,250.00"
2020-01-28,2020012801013744,MLBL,34,35,32,206.00,"6,592.00"
2020-01-28,2020012801013610,MNBBL,14,45,50,321.00,"16,050.00"
2020-01-28,2020012801013842,NABIL,36,6,769,728.00,"559,832.00"
2020-01-28,2020012801013841,NABIL,36,39,231,728.00,"168,168.00"
2020-01-28,2020012801013716,NABIL,46,16,127,727.00,"92,329.00"
2020-01-28,2020012801013715,NABIL,57,16,50,727.00,"36,350.00"
2020-01-28,2020012801013714,NABIL,4,16,150,727.00,"109,050.00"
2020-01-28,2020012801013713,NABIL,44,16,73,727.00,"53,071.00"
2020-01-28,2020012801013596,NABIL,41,39,52,728.00,"37,856.00"
2020-01-28,2020012801013595,NABIL,8,39,30,729.00,"21,870.00"
2020-01-28,2020012801013592,NABIL,29,40,115,730.00,"83,950.00"
2020-01-28,2020012801013591,NABIL,29,45,35,729.00,"25,515.00"
2020-01-28,2020012801014020,NADEP,34,48,14,682.00,"9,548.00"
2020-01-28,2020012801013764,NADEP,17,54,20,683.00,"13,660.00"
2020-01-28,2020012801013731,NADEP,34,13,150,682.00,"102,300.00"
2020-01-28,2020012801013697,NADEP,38,54,20,683.00,"13,660.00"
2020-01-28,2020012801013868,NBB,45,4,50,201.00,"10,050.00"
2020-01-28,2020012801013924,NBL,16,13,100,272.00,"27,200.00"
2020-01-28,2020012801013923,NBL,16,57,468,272.00,"127,296.00"
2020-01-28,2020012801013845,NBL,20,57,32,272.00,"8,704.00"
2020-01-28,2020012801013844,NBL,20,35,150,272.00,"40,800.00"
2020-01-28,2020012801013843,NBL,20,34,152,272.00,"41,344.00"
2020-01-28,2020012801013834,NIB,59,44,40,395.00,"15,800.00"
2020-01-28,2020012801013833,NIB,22,44,60,396.00,"23,760.00"
2020-01-28,2020012801013719,NIB,22,1,100,396.00,"39,600.00"
2020-01-28,2020012801013822,NIBPO,13,52,150,366.00,"54,900.00"
2020-01-28,2020012801013808,NICA,49,3,100,474.00,"47,400.00"
2020-01-28,2020012801013796,NICA,49,35,200,474.00,"94,800.00"
2020-01-28,2020012801013702,NICA,49,32,942,474.00,"446,508.00"
2020-01-28,2020012801013701,NICA,38,32,13,474.00,"6,162.00"
2020-01-28,2020012801013666,NICL,34,25,325,388.00,"126,100.00"
2020-01-28,2020012801013665,NICL,5,25,100,388.00,"38,800.00"
2020-01-28,2020012801013664,NICL,57,25,"1,000",388.00,"388,000.00"
2020-01-28,2020012801013663,NICL,57,25,100,388.00,"38,800.00"
2020-01-28,2020012801013662,NICL,26,25,23,388.00,"8,924.00"
2020-01-28,2020012801013661,NICL,52,25,200,389.00,"77,800.00"
2020-01-28,2020012801013660,NICL,49,25,20,389.00,"7,780.00"
2020-01-28,2020012801013659,NICL,36,25,32,389.00,"12,448.00"
2020-01-28,2020012801013636,NIL,50,36,10,487.00,"4,870.00"
2020-01-28,2020012801014033,NLBBL,22,16,50,732.00,"36,600.00"
2020-01-28,2020012801014026,NLBBL,22,14,60,732.00,"43,920.00"
2020-01-28,2020012801014025,NLBBL,38,14,55,732.00,"40,260.00"
2020-01-28,2020012801013981,NLBBL,38,14,45,732.00,"32,940.00"
2020-01-28,2020012801013980,NLBBL,13,14,140,732.00,"102,480.00"
2020-01-28,2020012801013979,NLBBL,17,14,45,732.00,"32,940.00"
2020-01-28,2020012801013978,NLBBL,6,14,100,733.00,"73,300.00"
2020-01-28,2020012801013851,NLBBL,42,16,50,738.00,"36,900.00"
2020-01-28,2020012801014029,NLG,38,34,216,815.00,"176,040.00"
2020-01-28,2020012801013922,NLIC,48,55,100,"1,131.00","113,100.00"
2020-01-28,2020012801013905,NLIC,48,52,60,"1,131.00","67,860.00"
2020-01-28,2020012801013897,NLIC,48,26,188,"1,131.00","212,628.00"
2020-01-28,2020012801013817,NLIC,1,42,50,"1,134.00","56,700.00"
2020-01-28,2020012801013807,NLIC,42,26,520,"1,130.00","587,600.00"
2020-01-28,2020012801013806,NLIC,6,26,100,"1,130.00","113,000.00"
2020-01-28,2020012801013617,NLIC,50,32,20,"1,135.00","22,700.00"
2020-01-28,2020012801013641,NLIC,22,42,15,"1,134.00","17,010.00"
2020-01-28,2020012801013640,NLIC,22,42,15,"1,134.00","17,010.00"
2020-01-28,2020012801013639,NLIC,58,42,100,"1,134.00","113,400.00"
2020-01-28,2020012801013638,NLIC,38,42,100,"1,135.00","113,500.00"
2020-01-28,2020012801013637,NLIC,50,42,47,"1,135.00","53,345.00"
2020-01-28,2020012801013633,NLIC,7,33,50,"1,137.00","56,850.00"
2020-01-28,2020012801013805,NLIC,57,26,"1,000","1,130.00","1,130,000.00"
2020-01-28,2020012801013804,NLIC,41,26,380,"1,130.00","429,400.00"
2020-01-28,2020012801013802,NLIC,41,35,120,"1,130.00","135,600.00"
2020-01-28,2020012801013801,NLIC,6,35,30,"1,131.00","33,930.00"
2020-01-28,2020012801013671,NLIC,6,32,20,"1,131.00","22,620.00"
2020-01-28,2020012801013642,NLIC,36,42,"1,600","1,134.00","1,814,400.00"
2020-01-28,2020012801013965,NLICL,45,42,134,640.00,"85,760.00"
2020-01-28,2020012801013879,NLICL,44,57,344,641.00,"220,504.00"
2020-01-28,2020012801013878,NLICL,44,53,175,641.00,"112,175.00"
2020-01-28,2020012801013877,NLICL,44,34,481,641.00,"308,321.00"
2020-01-28,2020012801013556,NLICL,44,34,569,641.00,"364,729.00"
2020-01-28,2020012801013874,NMB,22,48,602,359.00,"216,118.00"
2020-01-28,2020012801013814,NMB,56,40,160,358.00,"57,280.00"
2020-01-28,2020012801013813,NMB,28,40,"2,000",358.00,"716,000.00"
2020-01-28,2020012801013812,NMB,48,40,200,358.00,"71,600.00"
2020-01-28,2020012801013811,NMB,35,40,100,358.00,"35,800.00"
2020-01-28,2020012801013810,NMB,34,40,50,358.00,"17,900.00"
2020-01-28,2020012801013753,NMB,54,48,300,359.00,"107,700.00"
2020-01-28,2020012801013752,NMB,17,48,38,359.00,"13,642.00"
2020-01-28,2020012801013649,NMB,17,49,62,359.00,"22,258.00"
2020-01-28,2020012801013762,NMBMF,38,26,100,847.00,"84,700.00"
2020-01-28,2020012801014041,NMFBS,48,6,15,"1,617.00","24,255.00"
2020-01-28,2020012801013622,NNLB,7,37,125,684.00,"85,500.00"
2020-01-28,2020012801013621,NNLB,20,37,20,684.00,"13,680.00"
2020-01-28,2020012801013620,NNLB,22,37,40,684.00,"27,360.00"
2020-01-28,2020012801013619,NNLB,41,37,15,685.00,"10,275.00"
2020-01-28,2020012801013750,NSEWA,42,11,100,635.00,"63,500.00"
2020-01-28,2020012801013749,NSEWA,17,11,170,635.00,"107,950.00"
2020-01-28,2020012801013748,NSEWA,29,11,50,636.00,"31,800.00"
2020-01-28,2020012801013736,NTC,43,43,115,621.00,"71,415.00"
2020-01-28,2020012801013735,NTC,59,43,50,621.00,"31,050.00"
2020-01-28,2020012801013734,NTC,7,43,200,621.00,"124,200.00"
2020-01-28,2020012801013733,NTC,35,43,30,621.00,"18,630.00"
2020-01-28,2020012801013732,NTC,7,43,100,621.00,"62,100.00"
2020-01-28,2020012801013996,NUBL,52,39,200,941.00,"188,200.00"
2020-01-28,2020012801013572,NUBL,52,16,40,944.00,"37,760.00"
2020-01-28,2020012801013582,PFL,45,57,26,156.00,"4,056.00"
2020-01-28,2020012801014035,PIC,16,25,393,530.00,"208,290.00"
2020-01-28,2020012801014034,PIC,16,29,20,530.00,"10,600.00"
2020-01-28,2020012801013899,PIC,16,17,87,528.00,"45,936.00"
2020-01-28,2020012801013763,PICL,34,37,20,665.00,"13,300.00"
2020-01-28,2020012801013707,PICL,59,7,200,657.00,"131,400.00"
2020-01-28,2020012801013657,PICL,10,10,200,658.00,"131,600.00"
2020-01-28,2020012801014031,PLIC,45,17,100,538.00,"53,800.00"
2020-01-28,2020012801013725,PLIC,26,57,543,535.00,"290,505.00"
2020-01-28,2020012801013724,PLIC,25,57,100,535.00,"53,500.00"
2020-01-28,2020012801013723,PLIC,32,57,486,535.00,"260,010.00"
2020-01-28,2020012801013722,PLIC,16,57,300,536.00,"160,800.00"
2020-01-28,2020012801013721,PLIC,49,57,284,538.00,"152,792.00"
2020-01-28,2020012801013849,PPCL,33,38,60,120.00,"7,200.00"
2020-01-28,2020012801013678,PPCL,14,38,500,122.00,"61,000.00"
2020-01-28,2020012801013677,PPCL,6,38,90,122.00,"10,980.00"
2020-01-28,2020012801013634,PRIN,10,51,200,404.00,"80,800.00"
2020-01-28,2020012801013768,PRVU,58,52,100,250.00,"25,000.00"
2020-01-28,2020012801013766,PRVU,32,45,150,251.00,"37,650.00"
2020-01-28,2020012801013696,PRVU,58,36,827,250.00,"206,750.00"
2020-01-28,2020012801013695,PRVU,55,36,"1,000",250.00,"250,000.00"
2020-01-28,2020012801013694,PRVU,47,36,"1,673",250.00,"418,250.00"
2020-01-28,2020012801013681,RBCL,6,17,20,"8,951.00","179,020.00"
2020-01-28,2020012801013680,RBCL,13,17,10,"8,952.00","89,520.00"
2020-01-28,2020012801013679,RBCL,32,17,10,"8,953.00","89,530.00"
2020-01-28,2020012801013800,RHPC,45,58,635,76.00,"48,260.00"
2020-01-28,2020012801013889,RHPL,37,43,350,167.00,"58,450.00"
2020-01-28,2020012801013888,RHPL,56,43,"1,000",167.00,"167,000.00"
2020-01-28,2020012801013887,RHPL,56,43,300,167.00,"50,100.00"
2020-01-28,2020012801013886,RHPL,52,43,"1,000",167.00,"167,000.00"
2020-01-28,2020012801013885,RHPL,34,43,"1,000",167.00,"167,000.00"
2020-01-28,2020012801013884,RHPL,3,43,90,167.00,"15,030.00"
2020-01-28,2020012801013616,RHPL,1,21,40,169.00,"6,760.00"
2020-01-28,2020012801013883,RHPL,34,43,"1,000",168.00,"168,000.00"
2020-01-28,2020012801013882,RHPL,14,43,260,168.00,"43,680.00"
2020-01-28,2020012801013873,RHPL,45,59,50,169.00,"8,450.00"
2020-01-28,2020012801013824,RHPL,14,21,40,168.00,"6,720.00"
2020-01-28,2020012801013700,RHPL,59,59,60,169.00,"10,140.00"
2020-01-28,2020012801013699,RHPL,1,59,270,169.00,"45,630.00"
2020-01-28,2020012801013816,RLFL,48,36,68,138.00,"9,384.00"
2020-01-28,2020012801013578,RLFL,48,1,200,138.00,"27,600.00"
2020-01-28,2020012801014028,RMDC,50,40,390,636.00,"248,040.00"
2020-01-28,2020012801013876,RMDC,32,40,110,637.00,"70,070.00"
2020-01-28,2020012801013875,RMDC,32,43,90,637.00,"57,330.00"
2020-01-28,2020012801013756,RSDC,4,57,192,433.00,"83,136.00"
2020-01-28,2020012801013755,RSDC,4,35,250,430.00,"107,500.00"
2020-01-28,2020012801013743,SABSL,32,48,170,791.00,"134,470.00"
2020-01-28,2020012801013742,SABSL,26,48,300,791.00,"237,300.00"
2020-01-28,2020012801013741,SABSL,49,48,140,792.00,"110,880.00"
2020-01-28,2020012801013581,SABSL,49,28,10,792.00,"7,920.00"
2020-01-28,2020012801013604,SBI,47,52,200,410.00,"82,000.00"
2020-01-28,2020012801014037,SBL,22,50,350,310.00,"108,500.00"
2020-01-28,2020012801013994,SBL,22,50,150,310.00,"46,500.00"
2020-01-28,2020012801013993,SBL,1,50,117,310.00,"36,270.00"
2020-01-28,2020012801013815,SCB,6,45,50,609.00,"30,450.00"
2020-01-28,2020012801013673,SCB,40,58,90,605.00,"54,450.00"
2020-01-28,2020012801013672,SCB,34,58,10,606.00,"6,060.00"
2020-01-28,2020012801013992,SDESI,25,35,16,821.00,"13,136.00"
2020-01-28,2020012801013991,SDESI,25,59,37,819.00,"30,303.00"
2020-01-28,2020012801013990,SDESI,25,6,27,815.00,"22,005.00"
2020-01-28,2020012801013740,SDESI,41,35,200,810.00,"162,000.00"
2020-01-28,2020012801013739,SDESI,28,35,200,811.00,"162,200.00"
2020-01-28,2020012801013738,SDESI,28,35,50,812.00,"40,600.00"
2020-01-28,2020012801013954,SHIVM,6,52,200,508.00,"101,600.00"
2020-01-28,2020012801013846,SHIVM,44,45,137,507.00,"69,459.00"
2020-01-28,2020012801013799,SHIVM,44,38,"1,000",507.00,"507,000.00"
2020-01-28,2020012801013718,SHIVM,4,45,39,508.00,"19,812.00"
2020-01-28,2020012801013717,SHIVM,44,14,400,507.00,"202,800.00"
2020-01-28,2020012801013650,SHIVM,4,45,39,508.00,"19,812.00"
2020-01-28,2020012801013648,SHIVM,44,58,350,507.00,"177,450.00"
2020-01-28,2020012801013647,SHIVM,35,58,150,507.00,"76,050.00"
2020-01-28,2020012801013985,SHL,49,13,500,204.00,"102,000.00"
2020-01-28,2020012801013563,SHL,8,13,270,205.00,"55,350.00"
2020-01-28,2020012801013562,SHL,49,13,500,205.00,"102,500.00"
2020-01-28,2020012801013820,SHPC,45,49,500,198.00,"99,000.00"
2020-01-28,2020012801013819,SHPC,42,49,96,198.00,"19,008.00"
2020-01-28,2020012801013818,SHPC,14,49,200,198.00,"39,600.00"
2020-01-28,2020012801013866,SIC,16,25,250,647.00,"161,750.00"
2020-01-28,2020012801013865,SIC,16,25,500,647.00,"323,500.00"
2020-01-28,2020012801013864,SIC,21,25,100,648.00,"64,800.00"
2020-01-28,2020012801013863,SIC,7,25,50,649.00,"32,450.00"
2020-01-28,2020012801013870,SICL,50,40,100,"1,051.00","105,100.00"
2020-01-28,2020012801013708,SICL,40,7,200,"1,052.00","210,400.00"
2020-01-28,2020012801013599,SICL,39,44,200,"1,054.00","210,800.00"
2020-01-28,2020012801013598,SICL,39,29,100,"1,054.00","105,400.00"
2020-01-28,2020012801013597,SICL,39,51,10,"1,054.00","10,540.00"
2020-01-28,2020012801013727,SICL,50,43,28,"1,051.00","29,428.00"
2020-01-28,2020012801013704,SIFC,33,14,"1,000",154.00,"154,000.00"
2020-01-28,2020012801013858,SJCL,1,21,20,159.00,"3,180.00"
2020-01-28,2020012801013635,SJCL,1,21,20,159.00,"3,180.00"
2020-01-28,2020012801013690,SLBBL,16,7,100,765.00,"76,500.00"
2020-01-28,2020012801013689,SLBBL,7,7,50,765.00,"38,250.00"
2020-01-28,2020012801013688,SLBBL,6,7,100,767.00,"76,700.00"
2020-01-28,2020012801013706,SLBBL,46,39,350,764.00,"267,400.00"
2020-01-28,2020012801013705,SLBBL,39,39,35,764.00,"26,740.00"
2020-01-28,2020012801013693,SLBBL,39,7,15,764.00,"11,460.00"
2020-01-28,2020012801013692,SLBBL,52,7,50,764.00,"38,200.00"
2020-01-28,2020012801013691,SLBBL,22,7,50,765.00,"38,250.00"
2020-01-28,2020012801014050,SLICL,49,16,10,430.00,"4,300.00"
2020-01-28,2020012801014036,SLICL,28,17,80,424.00,"33,920.00"
2020-01-28,2020012801014000,SLICL,28,33,70,424.00,"29,680.00"
2020-01-28,2020012801013999,SLICL,33,33,20,424.00,"8,480.00"
2020-01-28,2020012801013998,SLICL,33,33,20,424.00,"8,480.00"
2020-01-28,2020012801013997,SLICL,35,33,38,425.00,"16,150.00"
2020-01-28,2020012801013761,SLICL,3,16,100,430.00,"43,000.00"
2020-01-28,2020012801013760,SLICL,3,40,300,430.00,"129,000.00"
2020-01-28,2020012801013917,SLICL,56,42,100,426.00,"42,600.00"
2020-01-28,2020012801013916,SLICL,56,42,780,426.00,"332,280.00"
2020-01-28,2020012801013915,SLICL,38,42,30,428.00,"12,840.00"
2020-01-28,2020012801013914,SLICL,41,42,100,428.00,"42,800.00"
2020-01-28,2020012801013809,SLICL,44,17,20,432.00,"8,640.00"
2020-01-28,2020012801013971,SLICL,35,58,762,425.00,"323,850.00"
2020-01-28,2020012801013970,SLICL,41,58,75,425.00,"31,875.00"
2020-01-28,2020012801013969,SLICL,17,58,463,425.00,"196,775.00"
2020-01-28,2020012801013920,SLICL,17,42,537,425.00,"228,225.00"
2020-01-28,2020012801013919,SLICL,1,42,205,425.00,"87,125.00"
2020-01-28,2020012801013918,SLICL,55,42,200,426.00,"85,200.00"
2020-01-28,2020012801013561,SMB,1,38,20,707.00,"14,140.00"
2020-01-28,2020012801013891,SMFBS,11,21,10,980.00,"9,800.00"
2020-01-28,2020012801013890,SMFBS,11,21,10,980.00,"9,800.00"
2020-01-28,2020012801014001,SMFDB,6,1,100,700.00,"70,000.00"
2020-01-28,2020012801013840,SMFDB,6,20,39,700.00,"27,300.00"
2020-01-28,2020012801013839,SMFDB,42,20,10,700.00,"7,000.00"
2020-01-28,2020012801013838,SMFDB,49,20,18,700.00,"12,600.00"
2020-01-28,2020012801013720,SPARS,7,45,35,810.00,"28,350.00"
2020-01-28,2020012801013823,SPDL,13,36,500,100.00,"50,000.00"
2020-01-28,2020012801013767,SPDL,13,36,200,100.00,"20,000.00"
2020-01-28,2020012801013655,SRBL,14,45,500,233.00,"116,500.00"
2020-01-28,2020012801013654,SRBL,34,45,300,233.00,"69,900.00"
2020-01-28,2020012801013653,SRBL,10,45,200,233.00,"46,600.00"
2020-01-28,2020012801013821,STC,34,52,40,"2,422.00","96,880.00"
2020-01-28,2020012801013703,SWBBL,54,18,47,"1,073.00","50,431.00"
2020-01-28,2020012801013632,SWBBL,54,26,153,"1,073.00","164,169.00"
2020-01-28,2020012801013631,SWBBL,7,26,200,"1,073.00","214,600.00"
2020-01-28,2020012801013630,SWBBL,17,26,200,"1,073.00","214,600.00"
2020-01-28,2020012801013629,SWBBL,34,26,200,"1,073.00","214,600.00"
2020-01-28,2020012801013628,SWBBL,58,26,124,"1,074.00","133,176.00"
2020-01-28,2020012801013627,SWBBL,43,26,123,"1,075.00","132,225.00"
2020-01-28,2020012801013608,SWBBL,43,37,77,"1,075.00","82,775.00"
2020-01-28,2020012801013607,SWBBL,38,37,50,"1,075.00","53,750.00"
2020-01-28,2020012801013606,SWBBL,39,37,73,"1,076.00","78,548.00"
2020-01-28,2020012801014044,UMHL,17,39,219,107.00,"23,433.00"
2020-01-28,2020012801014043,UMHL,17,29,45,107.00,"4,815.00"
2020-01-28,2020012801013832,UPCL,13,56,50,73.00,"3,650.00"
2020-01-28,2020012801013576,UPCL,13,7,100,73.00,"7,300.00"
2020-01-28,2020012801013575,UPCL,25,7,"1,000",73.00,"73,000.00"
2020-01-28,2020012801013574,UPCL,37,7,400,73.00,"29,200.00"
2020-01-28,2020012801013573,UPCL,55,7,500,73.00,"36,500.00"
2020-01-28,2020012801014039,UPPER,33,13,192,243.00,"46,656.00"
2020-01-28,2020012801013987,UPPER,37,13,300,244.00,"73,200.00"
2020-01-28,2020012801013973,UPPER,37,26,50,244.00,"12,200.00"
2020-01-28,2020012801013968,UPPER,37,56,50,244.00,"12,200.00"
2020-01-28,2020012801013967,UPPER,37,21,50,244.00,"12,200.00"
2020-01-28,2020012801013869,UPPER,33,21,180,243.00,"43,740.00"
2020-01-28,2020012801013658,UPPER,54,21,50,244.00,"12,200.00"
2020-01-28,2020012801013769,UPPER,54,21,320,244.00,"78,080.00"
2020-01-28,2020012801013972,WOMI,33,50,10,970.00,"9,700.00"
2020-01-28,2020012801013509,ADBL,14,4,250,386.00,"96,500.00"
2020-01-28,2020012801013508,ADBL,14,4,151,386.00,"58,286.00"
2020-01-28,2020012801013539,AHPC,59,45,100,93.00,"9,300.00"
2020-01-28,2020012801013538,AHPC,59,45,700,93.00,"65,100.00"
2020-01-28,2020012801013537,AHPC,59,45,300,93.00,"27,900.00"
2020-01-28,2020012801013193,ALBSL,57,42,100,667.00,"66,700.00"
2020-01-28,2020012801013336,ALICL,5,38,235,526.00,"123,610.00"
2020-01-28,2020012801013313,ALICL,45,52,250,525.00,"131,250.00"
2020-01-28,2020012801013277,ALICL,51,38,265,526.00,"139,390.00"
2020-01-28,2020012801013232,ALICL,51,1,735,526.00,"386,610.00"
2020-01-28,2020012801013231,ALICL,56,1,100,526.00,"52,600.00"
2020-01-28,2020012801013230,ALICL,13,1,200,527.00,"105,400.00"
2020-01-28,2020012801013229,ALICL,25,1,500,527.00,"263,500.00"
2020-01-28,2020012801013228,ALICL,58,1,200,527.00,"105,400.00"
2020-01-28,2020012801013227,ALICL,53,1,100,527.00,"52,700.00"
2020-01-28,2020012801013226,ALICL,45,1,165,528.00,"87,120.00"
2020-01-28,2020012801013170,ALICL,45,28,50,528.00,"26,400.00"
2020-01-28,2020012801013300,API,25,29,50,118.00,"5,900.00"
2020-01-28,2020012801013161,BBC,40,4,50,"1,755.00","87,750.00"
2020-01-28,2020012801013139,BBC,22,4,10,"1,755.00","17,550.00"
2020-01-28,2020012801013138,BBC,18,4,100,"1,756.00","175,600.00"
2020-01-28,2020012801013137,BBC,57,4,100,"1,756.00","175,600.00"
2020-01-28,2020012801013136,BBC,38,4,10,"1,764.00","17,640.00"
2020-01-28,2020012801013135,BBC,13,4,30,"1,764.00","52,920.00"
2020-01-28,2020012801013134,BBC,34,4,90,"1,764.00","158,760.00"
2020-01-28,2020012801013133,BBC,11,4,30,"1,765.00","52,950.00"
2020-01-28,2020012801013115,BFC,1,33,500,99.00,"49,500.00"
2020-01-28,2020012801013260,BNT,57,22,10,"6,511.00","65,110.00"
2020-01-28,2020012801013259,BNT,57,14,10,"6,511.00","65,110.00"
2020-01-28,2020012801013103,BNT,57,38,30,"6,384.00","191,520.00"
2020-01-28,2020012801013102,BNT,57,52,50,"6,350.00","317,500.00"
2020-01-28,2020012801013101,BNT,57,14,10,"6,349.00","63,490.00"
2020-01-28,2020012801013128,BOKL,1,3,200,230.00,"46,000.00"
2020-01-28,2020012801013185,CBL,13,57,"2,000",147.00,"294,000.00"
2020-01-28,2020012801013184,CBL,13,38,400,147.00,"58,800.00"
2020-01-28,2020012801013183,CBL,13,28,"1,000",147.00,"147,000.00"
2020-01-28,2020012801013182,CBL,13,25,793,147.00,"116,571.00"
2020-01-28,2020012801013181,CBL,13,51,181,146.00,"26,426.00"
2020-01-28,2020012801013288,CFCL,38,40,150,138.00,"20,700.00"
2020-01-28,2020012801013269,CFCL,34,40,"1,500",138.00,"207,000.00"
2020-01-28,2020012801013268,CFCL,51,40,500,138.00,"69,000.00"
2020-01-28,2020012801013267,CFCL,38,40,500,138.00,"69,000.00"
2020-01-28,2020012801013266,CFCL,4,40,100,138.00,"13,800.00"
2020-01-28,2020012801013265,CFCL,25,40,50,138.00,"6,900.00"
2020-01-28,2020012801013264,CFCL,45,40,200,138.00,"27,600.00"
2020-01-28,2020012801013076,CHL,1,22,34,89.00,"3,026.00"
2020-01-28,2020012801013325,CIT,45,34,10,"2,300.00","23,000.00"
2020-01-28,2020012801013315,CIT,48,44,62,"2,292.00","142,104.00"
2020-01-28,2020012801013273,CIT,5,44,12,"2,291.00","27,492.00"
2020-01-28,2020012801013272,CIT,22,44,50,"2,292.00","114,600.00"
2020-01-28,2020012801013132,CIT,22,39,50,"2,292.00","114,600.00"
2020-01-28,2020012801013131,CIT,8,39,50,"2,292.00","114,600.00"
2020-01-28,2020012801013080,CIT,58,22,200,"2,292.00","458,400.00"
2020-01-28,2020012801013409,CORBL,14,52,63,127.00,"8,001.00"
2020-01-28,2020012801013408,CORBL,38,52,200,127.00,"25,400.00"
2020-01-28,2020012801013407,CORBL,41,52,90,128.00,"11,520.00"
2020-01-28,2020012801013201,CORBL,41,39,10,128.00,"1,280.00"
2020-01-28,2020012801013211,CZBIL,36,42,714,192.00,"137,088.00"
2020-01-28,2020012801013210,CZBIL,25,42,189,192.00,"36,288.00"
2020-01-28,2020012801013172,CZBIL,25,3,111,192.00,"21,312.00"
2020-01-28,2020012801013171,CZBIL,48,3,20,192.00,"3,840.00"
2020-01-28,2020012801013317,DDBL,26,16,450,830.00,"373,500.00"
2020-01-28,2020012801013316,DDBL,26,16,50,830.00,"41,500.00"
2020-01-28,2020012801013424,EIC,14,42,210,355.00,"74,550.00"
2020-01-28,2020012801013423,EIC,38,42,100,356.00,"35,600.00"
2020-01-28,2020012801013422,EIC,42,42,10,357.00,"3,570.00"
2020-01-28,2020012801013555,FMDBL,44,32,500,423.00,"211,500.00"
2020-01-28,2020012801013554,FMDBL,37,32,61,423.00,"25,803.00"
2020-01-28,2020012801013234,FMDBL,36,33,101,424.00,"42,824.00"
2020-01-28,2020012801013157,FOWAD,55,55,49,"1,266.00","62,034.00"
2020-01-28,2020012801013156,FOWAD,55,55,100,"1,266.00","126,600.00"
2020-01-28,2020012801013155,FOWAD,55,55,100,"1,266.00","126,600.00"
2020-01-28,2020012801013154,FOWAD,55,55,100,"1,267.00","126,700.00"
2020-01-28,2020012801013085,FOWAD,34,22,47,"1,270.00","59,690.00"
2020-01-28,2020012801013413,GBBL,4,32,100,231.00,"23,100.00"
2020-01-28,2020012801013521,GBIME,57,54,100,290.00,"29,000.00"
2020-01-28,2020012801013500,GBIME,11,54,200,290.00,"58,000.00"
2020-01-28,2020012801013499,GBIME,39,54,200,290.00,"58,000.00"
2020-01-28,2020012801013498,GBIME,45,54,200,290.00,"58,000.00"
2020-01-28,2020012801013497,GBIME,54,54,"1,000",290.00,"290,000.00"
2020-01-28,2020012801013496,GBIME,56,54,100,290.00,"29,000.00"
2020-01-28,2020012801013200,GBIME,34,4,"4,000",291.00,"1,164,000.00"
2020-01-28,2020012801013197,GBIME,46,4,100,291.00,"29,100.00"
2020-01-28,2020012801013345,GBIME,45,28,500,290.00,"145,000.00"
2020-01-28,2020012801013344,GBIME,36,28,36,290.00,"10,440.00"
2020-01-28,2020012801013339,GBIME,6,4,500,291.00,"145,500.00"
2020-01-28,2020012801013335,GBIME,32,4,100,291.00,"29,100.00"
2020-01-28,2020012801013286,GBIME,34,4,10,291.00,"2,910.00"
2020-01-28,2020012801013284,GBIME,57,4,500,291.00,"145,500.00"
2020-01-28,2020012801013351,GBIME,42,28,80,290.00,"23,200.00"
2020-01-28,2020012801013350,GBIME,6,28,"2,000",290.00,"580,000.00"
2020-01-28,2020012801013349,GBIME,39,28,100,290.00,"29,000.00"
2020-01-28,2020012801013348,GBIME,45,28,"1,000",290.00,"290,000.00"
2020-01-28,2020012801013347,GBIME,39,28,50,290.00,"14,500.00"
2020-01-28,2020012801013346,GBIME,25,28,100,290.00,"29,000.00"
2020-01-28,2020012801013357,GBIME,57,28,10,290.00,"2,900.00"
2020-01-28,2020012801013356,GBIME,41,28,300,290.00,"87,000.00"
2020-01-28,2020012801013355,GBIME,10,28,50,290.00,"14,500.00"
2020-01-28,2020012801013354,GBIME,14,28,500,290.00,"145,000.00"
2020-01-28,2020012801013353,GBIME,45,28,500,290.00,"145,000.00"
2020-01-28,2020012801013352,GBIME,41,28,200,290.00,"58,000.00"
2020-01-28,2020012801013363,GBIME,42,28,500,290.00,"145,000.00"
2020-01-28,2020012801013362,GBIME,52,28,106,290.00,"30,740.00"
2020-01-28,2020012801013361,GBIME,25,28,50,290.00,"14,500.00"
2020-01-28,2020012801013360,GBIME,41,28,25,290.00,"7,250.00"
2020-01-28,2020012801013359,GBIME,29,28,500,290.00,"145,000.00"
2020-01-28,2020012801013358,GBIME,52,28,200,290.00,"58,000.00"
2020-01-28,2020012801013369,GBIME,56,28,400,290.00,"116,000.00"
2020-01-28,2020012801013368,GBIME,40,28,500,290.00,"145,000.00"
2020-01-28,2020012801013367,GBIME,33,28,300,290.00,"87,000.00"
2020-01-28,2020012801013366,GBIME,33,28,200,290.00,"58,000.00"
2020-01-28,2020012801013365,GBIME,35,28,30,290.00,"8,700.00"
2020-01-28,2020012801013364,GBIME,45,28,500,290.00,"145,000.00"
2020-01-28,2020012801013443,GBIME,41,44,100,290.00,"29,000.00"
2020-01-28,2020012801013442,GBIME,52,44,50,290.00,"14,500.00"
2020-01-28,2020012801013441,GBIME,45,44,28,290.00,"8,120.00"
2020-01-28,2020012801013440,GBIME,47,44,237,290.00,"68,730.00"
2020-01-28,2020012801013371,GBIME,47,28,763,290.00,"221,270.00"
2020-01-28,2020012801013370,GBIME,53,28,500,290.00,"145,000.00"
2020-01-28,2020012801013449,GBIME,38,44,50,290.00,"14,500.00"
2020-01-28,2020012801013448,GBIME,41,44,100,290.00,"29,000.00"
2020-01-28,2020012801013447,GBIME,59,44,20,290.00,"5,800.00"
2020-01-28,2020012801013446,GBIME,22,44,50,290.00,"14,500.00"
2020-01-28,2020012801013445,GBIME,8,44,"1,000",290.00,"290,000.00"
2020-01-28,2020012801013444,GBIME,6,44,"1,000",290.00,"290,000.00"
2020-01-28,2020012801013455,GBIME,55,44,111,290.00,"32,190.00"
2020-01-28,2020012801013454,GBIME,22,44,100,290.00,"29,000.00"
2020-01-28,2020012801013453,GBIME,57,44,100,290.00,"29,000.00"
2020-01-28,2020012801013452,GBIME,59,44,100,290.00,"29,000.00"
2020-01-28,2020012801013451,GBIME,47,44,150,290.00,"43,500.00"
2020-01-28,2020012801013450,GBIME,42,44,321,290.00,"93,090.00"
2020-01-28,2020012801013471,GBIME,28,54,168,290.00,"48,720.00"
2020-01-28,2020012801013460,GBIME,28,44,383,290.00,"111,070.00"
2020-01-28,2020012801013459,GBIME,59,44,200,290.00,"58,000.00"
2020-01-28,2020012801013458,GBIME,26,44,500,290.00,"145,000.00"
2020-01-28,2020012801013457,GBIME,40,44,200,290.00,"58,000.00"
2020-01-28,2020012801013456,GBIME,11,44,200,290.00,"58,000.00"
2020-01-28,2020012801013477,GBIME,1,54,100,290.00,"29,000.00"
2020-01-28,2020012801013476,GBIME,36,54,10,290.00,"2,900.00"
2020-01-28,2020012801013475,GBIME,56,54,103,290.00,"29,870.00"
2020-01-28,2020012801013474,GBIME,22,54,200,290.00,"58,000.00"
2020-01-28,2020012801013473,GBIME,45,54,500,290.00,"145,000.00"
2020-01-28,2020012801013472,GBIME,57,54,"1,300",290.00,"377,000.00"
2020-01-28,2020012801013483,GBIME,14,54,500,290.00,"145,000.00"
2020-01-28,2020012801013482,GBIME,47,54,500,290.00,"145,000.00"
2020-01-28,2020012801013481,GBIME,57,54,100,290.00,"29,000.00"
2020-01-28,2020012801013480,GBIME,14,54,50,290.00,"14,500.00"
2020-01-28,2020012801013479,GBIME,6,54,100,290.00,"29,000.00"
2020-01-28,2020012801013478,GBIME,13,54,200,290.00,"58,000.00"
2020-01-28,2020012801013489,GBIME,59,54,100,290.00,"29,000.00"
2020-01-28,2020012801013488,GBIME,59,54,100,290.00,"29,000.00"
2020-01-28,2020012801013487,GBIME,25,54,"1,000",290.00,"290,000.00"
2020-01-28,2020012801013486,GBIME,29,54,500,290.00,"145,000.00"
2020-01-28,2020012801013485,GBIME,47,54,70,290.00,"20,300.00"
2020-01-28,2020012801013484,GBIME,22,54,200,290.00,"58,000.00"
2020-01-28,2020012801013495,GBIME,41,54,200,290.00,"58,000.00"
2020-01-28,2020012801013494,GBIME,42,54,200,290.00,"58,000.00"
2020-01-28,2020012801013493,GBIME,45,54,200,290.00,"58,000.00"
2020-01-28,2020012801013492,GBIME,36,54,10,290.00,"2,900.00"
2020-01-28,2020012801013491,GBIME,22,54,20,290.00,"5,800.00"
2020-01-28,2020012801013490,GBIME,29,54,100,290.00,"29,000.00"
2020-01-28,2020012801013524,GBLBS,40,39,350,438.00,"153,300.00"
2020-01-28,2020012801013261,GBLBS,44,44,13,442.00,"5,746.00"
2020-01-28,2020012801013127,GBLBS,40,58,150,438.00,"65,700.00"
2020-01-28,2020012801013126,GBLBS,45,58,50,439.00,"21,950.00"
2020-01-28,2020012801013098,GBLBS,57,35,150,440.00,"66,000.00"
2020-01-28,2020012801013187,GILB,32,38,25,"1,310.00","32,750.00"
2020-01-28,2020012801013095,GLBSL,34,21,10,646.00,"6,460.00"
2020-01-28,2020012801013381,GLICL,26,39,524,695.00,"364,180.00"
2020-01-28,2020012801013296,GLICL,58,39,200,695.00,"139,000.00"
2020-01-28,2020012801013256,GLICL,26,58,50,694.00,"34,700.00"
2020-01-28,2020012801013198,GLICL,14,43,100,688.00,"68,800.00"
2020-01-28,2020012801013116,GLICL,44,28,20,687.00,"13,740.00"
2020-01-28,2020012801013075,GLICL,48,43,100,688.00,"68,800.00"
2020-01-28,2020012801013295,GMFBS,39,1,20,774.00,"15,480.00"
2020-01-28,2020012801013287,HDL,55,50,200,"1,232.00","246,400.00"
2020-01-28,2020012801013205,HGI,32,36,20,371.00,"7,420.00"
2020-01-28,2020012801013204,HGI,17,36,325,371.00,"120,575.00"
2020-01-28,2020012801013106,HGI,17,11,400,371.00,"148,400.00"
2020-01-28,2020012801013146,HURJA,49,28,20,106.00,"2,120.00"
2020-01-28,2020012801013195,ICFC,57,3,28,175.00,"4,900.00"
2020-01-28,2020012801013439,IGI,17,39,900,400.00,"360,000.00"
2020-01-28,2020012801013438,IGI,17,42,"1,000",400.00,"400,000.00"
2020-01-28,2020012801013437,IGI,17,6,200,400.00,"80,000.00"
2020-01-28,2020012801013436,IGI,17,13,144,400.00,"57,600.00"
2020-01-28,2020012801013153,IGI,17,25,200,398.00,"79,600.00"
2020-01-28,2020012801013178,IGI,17,28,140,398.00,"55,720.00"
2020-01-28,2020012801013276,IGI,40,55,150,396.00,"59,400.00"
2020-01-28,2020012801013275,IGI,14,55,300,396.00,"118,800.00"
2020-01-28,2020012801013274,IGI,13,55,50,397.00,"19,850.00"
2020-01-28,2020012801013435,IGI,17,42,500,400.00,"200,000.00"
2020-01-28,2020012801013434,IGI,17,22,162,400.00,"64,800.00"
2020-01-28,2020012801013433,IGI,17,40,132,399.00,"52,668.00"
2020-01-28,2020012801013432,IGI,17,28,860,398.00,"342,280.00"
2020-01-28,2020012801013412,IGI,40,55,200,396.00,"79,200.00"
2020-01-28,2020012801013329,ILBS,58,57,14,804.00,"11,256.00"
2020-01-28,2020012801013328,ILBS,7,57,22,804.00,"17,688.00"
2020-01-28,2020012801013327,ILBS,3,57,90,804.00,"72,360.00"
2020-01-28,2020012801013203,ILBS,3,45,10,804.00,"8,040.00"
2020-01-28,2020012801013152,ILBS,22,57,20,805.00,"16,100.00"
2020-01-28,2020012801013151,ILBS,14,57,154,805.00,"123,970.00"
2020-01-28,2020012801013150,ILBS,41,57,30,805.00,"24,150.00"
2020-01-28,2020012801013149,ILBS,45,57,200,805.00,"161,000.00"
2020-01-28,2020012801013148,ILBS,28,57,140,805.00,"112,700.00"
2020-01-28,2020012801013119,ILBS,3,57,90,806.00,"72,540.00"
2020-01-28,2020012801013089,ILBS,29,57,15,808.00,"12,120.00"
2020-01-28,2020012801013088,ILBS,49,57,60,808.00,"48,480.00"
2020-01-28,2020012801013216,JOSHI,34,51,20,63.00,"1,260.00"
2020-01-28,2020012801013215,JOSHI,34,51,20,63.00,"1,260.00"
2020-01-28,2020012801013214,JOSHI,34,51,20,63.00,"1,260.00"
2020-01-28,2020012801013213,JOSHI,34,51,20,63.00,"1,260.00"
2020-01-28,2020012801013212,JOSHI,34,51,20,63.00,"1,260.00"
2020-01-28,2020012801013324,JSLBB,58,37,29,"1,440.00","41,760.00"
2020-01-28,2020012801013271,JSLBB,58,40,20,"1,440.00","28,800.00"
2020-01-28,2020012801013112,JSLBB,58,38,17,"1,440.00","24,480.00"
2020-01-28,2020012801013394,KBL,22,45,31,192.00,"5,952.00"
2020-01-28,2020012801013393,KBL,6,45,79,192.00,"15,168.00"
2020-01-28,2020012801013258,KBL,6,3,21,192.00,"4,032.00"
2020-01-28,2020012801013257,KBL,34,3,147,192.00,"28,224.00"
2020-01-28,2020012801013162,KSBBL,37,44,580,153.00,"88,740.00"
2020-01-28,2020012801013547,LBBL,43,14,"1,000",190.00,"190,000.00"
2020-01-28,2020012801013546,LBBL,43,57,368,190.00,"69,920.00"
2020-01-28,2020012801013525,LBL,16,39,"1,637",212.00,"347,044.00"
2020-01-28,2020012801013091,LBL,16,39,"1,500",212.00,"318,000.00"
2020-01-28,2020012801013090,LBL,14,39,500,213.00,"106,500.00"
2020-01-28,2020012801013461,LGIL,52,49,150,443.00,"66,450.00"
2020-01-28,2020012801013263,LGIL,34,5,10,446.00,"4,460.00"
2020-01-28,2020012801013253,LGIL,52,7,500,443.00,"221,500.00"
2020-01-28,2020012801013252,LGIL,58,7,500,443.00,"221,500.00"
2020-01-28,2020012801013222,LGIL,52,39,300,443.00,"132,900.00"
2020-01-28,2020012801013084,LGIL,52,44,50,443.00,"22,150.00"
2020-01-28,2020012801013303,LICN,50,39,100,"1,245.00","124,500.00"
2020-01-28,2020012801013302,LICN,25,39,10,"1,246.00","12,460.00"
2020-01-28,2020012801013516,LLBS,25,18,500,"1,008.00","504,000.00"
2020-01-28,2020012801013515,LLBS,41,18,66,"1,010.00","66,660.00"
2020-01-28,2020012801013402,LLBS,41,28,34,"1,010.00","34,340.00"
2020-01-28,2020012801013401,LLBS,34,28,264,"1,010.00","266,640.00"
2020-01-28,2020012801013285,MEGA,57,3,464,197.00,"91,408.00"
2020-01-28,2020012801013514,MFIL,11,11,92,197.00,"18,124.00"
2020-01-28,2020012801013513,MFIL,28,11,40,197.00,"7,880.00"
2020-01-28,2020012801013415,MHNL,40,33,30,89.00,"2,670.00"
2020-01-28,2020012801013250,MHNL,40,28,20,89.00,"1,780.00"
2020-01-28,2020012801013249,MHNL,41,28,20,90.00,"1,800.00"
2020-01-28,2020012801013544,MLBBL,17,57,570,652.00,"371,640.00"
2020-01-28,2020012801013543,MLBBL,52,57,300,654.00,"196,200.00"
2020-01-28,2020012801013542,MLBBL,52,57,44,658.00,"28,952.00"
2020-01-28,2020012801013145,MLBBL,52,58,156,658.00,"102,648.00"
2020-01-28,2020012801013144,MLBBL,5,58,300,659.00,"197,700.00"
2020-01-28,2020012801013143,MLBBL,38,58,100,659.00,"65,900.00"
2020-01-28,2020012801013319,MLBL,34,3,136,206.00,"28,016.00"
2020-01-28,2020012801013168,MNBBL,25,48,485,320.00,"155,200.00"
2020-01-28,2020012801013167,MNBBL,14,48,50,320.00,"16,000.00"
2020-01-28,2020012801013166,MNBBL,41,48,115,320.00,"36,800.00"
2020-01-28,2020012801013165,MNBBL,41,28,60,320.00,"19,200.00"
2020-01-28,2020012801013536,NADEP,34,51,195,682.00,"132,990.00"
2020-01-28,2020012801013517,NADEP,34,26,200,682.00,"136,400.00"
2020-01-28,2020012801013502,NADEP,22,6,253,685.00,"173,305.00"
2020-01-28,2020012801013501,NADEP,54,6,50,686.00,"34,300.00"
2020-01-28,2020012801013114,NADEP,18,8,10,689.00,"6,890.00"
2020-01-28,2020012801013545,NBL,35,34,100,272.00,"27,200.00"
2020-01-28,2020012801013320,NBL,40,34,400,272.00,"108,800.00"
2020-01-28,2020012801013262,NBL,21,34,500,272.00,"136,000.00"
2020-01-28,2020012801013242,NBL,59,34,100,272.00,"27,200.00"
2020-01-28,2020012801013241,NBL,39,34,118,272.00,"32,096.00"
2020-01-28,2020012801013240,NBL,55,34,200,272.00,"54,400.00"
2020-01-28,2020012801013239,NBL,36,34,20,272.00,"5,440.00"
2020-01-28,2020012801013238,NBL,44,34,80,272.00,"21,760.00"
2020-01-28,2020012801013237,NBL,56,34,30,272.00,"8,160.00"
2020-01-28,2020012801013236,NBL,35,34,200,272.00,"54,400.00"
2020-01-28,2020012801013235,NBL,59,34,100,272.00,"27,200.00"
2020-01-28,2020012801013092,NCCB,44,25,146,198.00,"28,908.00"
2020-01-28,2020012801013069,NCCB,44,33,354,198.00,"70,092.00"
2020-01-28,2020012801013068,NCCB,44,33,200,198.00,"39,600.00"
2020-01-28,2020012801013067,NCCB,57,33,500,198.00,"99,000.00"
2020-01-28,2020012801013066,NCCB,43,33,250,198.00,"49,500.00"
2020-01-28,2020012801013065,NCCB,45,33,500,198.00,"99,000.00"
2020-01-28,2020012801013058,NCCB,51,33,43,198.00,"8,514.00"
2020-01-28,2020012801013057,NCCB,8,33,500,198.00,"99,000.00"
2020-01-28,2020012801013056,NCCB,49,33,"1,234",198.00,"244,332.00"
2020-01-28,2020012801013064,NCCB,7,33,519,198.00,"102,762.00"
2020-01-28,2020012801013063,NCCB,32,33,100,198.00,"19,800.00"
2020-01-28,2020012801013062,NCCB,58,33,100,198.00,"19,800.00"
2020-01-28,2020012801013061,NCCB,34,33,50,198.00,"9,900.00"
2020-01-28,2020012801013060,NCCB,32,33,50,198.00,"9,900.00"
2020-01-28,2020012801013059,NCCB,32,33,100,198.00,"19,800.00"
2020-01-28,2020012801013462,NIB,22,32,40,396.00,"15,840.00"
2020-01-28,2020012801013550,NIBPO,13,4,99,366.00,"36,234.00"
2020-01-28,2020012801013533,NIBPO,1,4,100,366.00,"36,600.00"
2020-01-28,2020012801013532,NIBPO,44,4,250,366.00,"91,500.00"
2020-01-28,2020012801013531,NIBPO,1,4,51,368.00,"18,768.00"
2020-01-28,2020012801013340,NIBPO,1,6,49,368.00,"18,032.00"
2020-01-28,2020012801013270,NICA,38,42,330,474.00,"156,420.00"
2020-01-28,2020012801013173,NICA,38,25,500,474.00,"237,000.00"
2020-01-28,2020012801013073,NICA,38,11,157,474.00,"74,418.00"
2020-01-28,2020012801013072,NICA,42,11,93,475.00,"44,175.00"
2020-01-28,2020012801013071,NICA,18,11,300,475.00,"142,500.00"
2020-01-28,2020012801013421,NICGF,34,38,"99,000",9.45,"935,550.00"
2020-01-28,2020012801013541,NICL,36,21,118,389.00,"45,902.00"
2020-01-28,2020012801013535,NICL,57,42,500,390.00,"195,000.00"
2020-01-28,2020012801013342,NICL,26,40,177,388.00,"68,676.00"
2020-01-28,2020012801013341,NICL,26,40,23,389.00,"8,947.00"
2020-01-28,2020012801013104,NICL,26,29,200,389.00,"77,800.00"
2020-01-28,2020012801013553,NIL,59,46,214,485.00,"103,790.00"
2020-01-28,2020012801013338,NLBBL,17,50,55,732.00,"40,260.00"
2020-01-28,2020012801013321,NLBBL,37,52,500,733.00,"366,500.00"
2020-01-28,2020012801013223,NLBBL,41,25,50,734.00,"36,700.00"
2020-01-28,2020012801013504,NLG,3,34,60,815.00,"48,900.00"
2020-01-28,2020012801013164,NLG,14,49,50,813.00,"40,650.00"
2020-01-28,2020012801013163,NLG,58,49,200,813.00,"162,600.00"
2020-01-28,2020012801013105,NLG,34,34,200,815.00,"163,000.00"
2020-01-28,2020012801013176,NLIC,50,56,133,"1,135.00","150,955.00"
2020-01-28,2020012801013175,NLIC,50,56,100,"1,135.00","113,500.00"
2020-01-28,2020012801013174,NLIC,5,56,167,"1,135.00","189,545.00"
2020-01-28,2020012801013125,NLIC,5,1,57,"1,135.00","64,695.00"
2020-01-28,2020012801013083,NLIC,5,10,276,"1,135.00","313,260.00"
2020-01-28,2020012801013082,NLIC,44,10,100,"1,135.00","113,500.00"
2020-01-28,2020012801013081,NLIC,13,10,74,"1,135.00","83,990.00"
2020-01-28,2020012801013522,NLICL,44,42,66,642.00,"42,372.00"
2020-01-28,2020012801013505,NLICL,44,5,22,642.00,"14,124.00"
2020-01-28,2020012801013503,NLICL,44,10,300,642.00,"192,600.00"
2020-01-28,2020012801013326,NMB,51,25,55,360.00,"19,800.00"
2020-01-28,2020012801013312,NMB,51,58,45,360.00,"16,200.00"
2020-01-28,2020012801013311,NMB,29,58,500,360.00,"180,000.00"
2020-01-28,2020012801013310,NMB,48,58,"2,000",360.00,"720,000.00"
2020-01-28,2020012801013309,NMB,48,58,"1,455",360.00,"523,800.00"
2020-01-28,2020012801013087,NMB,48,16,18,360.00,"6,480.00"
2020-01-28,2020012801013221,NMBMF,42,7,200,850.00,"170,000.00"
2020-01-28,2020012801013511,NTC,14,57,30,623.00,"18,690.00"
2020-01-28,2020012801013510,NTC,34,57,160,623.00,"99,680.00"
2020-01-28,2020012801013380,NUBL,14,16,235,944.00,"221,840.00"
2020-01-28,2020012801013379,NUBL,13,16,25,945.00,"23,625.00"
2020-01-28,2020012801013118,NUBL,13,28,35,945.00,"33,075.00"
2020-01-28,2020012801013117,NUBL,33,28,65,950.00,"61,750.00"
2020-01-28,2020012801013282,OHL,14,13,21,512.00,"10,752.00"
2020-01-28,2020012801013281,OHL,22,13,240,512.00,"122,880.00"
2020-01-28,2020012801013280,OHL,45,13,69,513.00,"35,397.00"
2020-01-28,2020012801013245,PCBL,6,38,262,272.00,"71,264.00"
2020-01-28,2020012801013244,PCBL,53,38,152,272.00,"41,344.00"
2020-01-28,2020012801013094,PCBL,26,35,102,273.00,"27,846.00"
2020-01-28,2020012801013093,PCBL,26,37,148,273.00,"40,404.00"
2020-01-28,2020012801013111,PLIC,32,48,14,535.00,"7,490.00"
2020-01-28,2020012801013110,PLIC,21,48,100,536.00,"53,600.00"
2020-01-28,2020012801013109,PLIC,16,48,200,536.00,"107,200.00"
2020-01-28,2020012801013108,PLIC,59,48,200,536.00,"107,200.00"
2020-01-28,2020012801013107,PLIC,32,48,286,536.00,"153,296.00"
2020-01-28,2020012801013079,PRIN,10,48,300,404.00,"121,200.00"
2020-01-28,2020012801013078,PRIN,57,48,500,404.00,"202,000.00"
2020-01-28,2020012801013077,PRIN,29,48,200,404.00,"80,800.00"
2020-01-28,2020012801013529,PRVU,47,45,30,251.00,"7,530.00"
2020-01-28,2020012801013318,PRVU,47,39,50,250.00,"12,500.00"
2020-01-28,2020012801013202,PRVU,25,7,"1,000",251.00,"251,000.00"
2020-01-28,2020012801013124,PRVU,47,25,277,250.00,"69,250.00"
2020-01-28,2020012801013123,PRVU,33,25,200,250.00,"50,000.00"
2020-01-28,2020012801013122,PRVU,52,25,500,250.00,"125,000.00"
2020-01-28,2020012801013121,PRVU,25,25,523,250.00,"130,750.00"
2020-01-28,2020012801013334,RBCLPO,59,33,10,"8,500.00","85,000.00"
2020-01-28,2020012801013389,RHPC,39,59,800,77.00,"61,600.00"
2020-01-28,2020012801013224,RHPC,46,59,200,77.00,"15,400.00"
2020-01-28,2020012801013528,RHPL,1,25,190,169.00,"32,110.00"
2020-01-28,2020012801013527,RHPL,55,25,60,169.00,"10,140.00"
2020-01-28,2020012801013373,RHPL,55,21,40,169.00,"6,760.00"
2020-01-28,2020012801013177,RHPL,55,28,40,169.00,"6,760.00"
2020-01-28,2020012801013113,RHPL,55,21,40,169.00,"6,760.00"
2020-01-28,2020012801013540,RLFL,48,1,300,138.00,"41,400.00"
2020-01-28,2020012801013512,RMDC,34,43,10,637.00,"6,370.00"
2020-01-28,2020012801013233,RMDC,10,53,362,640.00,"231,680.00"
2020-01-28,2020012801013192,RMDC,10,53,10,640.00,"6,400.00"
2020-01-28,2020012801013074,RMDC,14,56,100,639.00,"63,900.00"
2020-01-28,2020012801013398,RSDC,34,39,10,429.00,"4,290.00"
2020-01-28,2020012801013397,RSDC,4,39,100,429.00,"42,900.00"
2020-01-28,2020012801013186,RSDC,41,1,100,430.00,"43,000.00"
2020-01-28,2020012801013147,RSDC,4,42,100,429.00,"42,900.00"
2020-01-28,2020012801013180,SABSL,49,45,10,792.00,"7,920.00"
2020-01-28,2020012801013396,SANIMA,14,25,300,346.00,"103,800.00"
2020-01-28,2020012801013395,SANIMA,14,25,200,346.00,"69,200.00"
2020-01-28,2020012801013378,SANIMA,13,58,16,347.00,"5,552.00"
2020-01-28,2020012801013343,SANIMA,13,3,200,347.00,"69,400.00"
2020-01-28,2020012801013086,SANIMA,42,28,10,349.00,"3,490.00"
2020-01-28,2020012801013520,SBI,47,58,10,410.00,"4,100.00"
2020-01-28,2020012801013519,SBI,37,58,80,410.00,"32,800.00"
2020-01-28,2020012801013518,SBI,55,58,10,412.00,"4,120.00"
2020-01-28,2020012801013374,SBL,1,42,80,310.00,"24,800.00"
2020-01-28,2020012801013130,SBL,59,38,100,311.00,"31,100.00"
2020-01-28,2020012801013129,SBL,6,38,100,311.00,"31,100.00"
2020-01-28,2020012801013431,SCB,40,25,115,605.00,"69,575.00"
2020-01-28,2020012801013430,SCB,5,25,50,605.00,"30,250.00"
2020-01-28,2020012801013429,SCB,38,25,100,605.00,"60,500.00"
2020-01-28,2020012801013428,SCB,29,25,35,605.00,"21,175.00"
2020-01-28,2020012801013427,SCB,45,25,200,606.00,"121,200.00"
2020-01-28,2020012801013191,SHINE,28,28,20,259.00,"5,180.00"
2020-01-28,2020012801013507,SHIVM,35,50,50,507.00,"25,350.00"
2020-01-28,2020012801013506,SHIVM,49,50,250,507.00,"126,750.00"
2020-01-28,2020012801013420,SHIVM,49,39,250,507.00,"126,750.00"
2020-01-28,2020012801013406,SHIVM,49,48,"1,500",507.00,"760,500.00"
2020-01-28,2020012801013405,SHIVM,35,48,100,507.00,"50,700.00"
2020-01-28,2020012801013404,SHIVM,3,48,500,507.00,"253,500.00"
2020-01-28,2020012801013330,SHIVM,44,39,435,508.00,"220,980.00"
2020-01-28,2020012801013097,SHIVM,44,58,365,508.00,"185,420.00"
2020-01-28,2020012801013096,SHIVM,17,58,135,509.00,"68,715.00"
2020-01-28,2020012801013403,SHIVM,51,48,400,507.00,"202,800.00"
2020-01-28,2020012801013375,SHIVM,41,45,100,508.00,"50,800.00"
2020-01-28,2020012801013372,SHIVM,57,45,185,508.00,"93,980.00"
2020-01-28,2020012801013333,SHIVM,57,39,315,508.00,"160,020.00"
2020-01-28,2020012801013332,SHIVM,56,39,680,508.00,"345,440.00"
2020-01-28,2020012801013331,SHIVM,51,39,100,508.00,"50,800.00"
2020-01-28,2020012801013248,SHL,49,58,400,205.00,"82,000.00"
2020-01-28,2020012801013247,SHL,53,58,100,205.00,"20,500.00"
2020-01-28,2020012801013530,SHPC,42,32,120,198.00,"23,760.00"
2020-01-28,2020012801013392,SHPC,42,7,84,198.00,"16,632.00"
2020-01-28,2020012801013391,SHPC,4,7,133,198.00,"26,334.00"
2020-01-28,2020012801013390,SHPC,45,7,108,199.00,"21,492.00"
2020-01-28,2020012801013526,SICL,50,43,212,"1,052.00","223,024.00"
2020-01-28,2020012801013419,SICL,50,32,70,"1,052.00","73,640.00"
2020-01-28,2020012801013418,SICL,56,32,50,"1,052.00","52,600.00"
2020-01-28,2020012801013417,SICL,54,32,160,"1,053.00","168,480.00"
2020-01-28,2020012801013416,SICL,6,32,20,"1,053.00","21,060.00"
2020-01-28,2020012801013411,SICL,6,14,10,"1,053.00","10,530.00"
2020-01-28,2020012801013243,SICL,6,1,20,"1,053.00","21,060.00"
2020-01-28,2020012801013209,SICL,6,25,50,"1,053.00","52,650.00"
2020-01-28,2020012801013551,SIL,48,28,50,524.00,"26,200.00"
2020-01-28,2020012801013299,SIL,48,44,42,524.00,"22,008.00"
2020-01-28,2020012801013298,SIL,58,44,300,524.00,"157,200.00"
2020-01-28,2020012801013470,SINDU,1,38,100,128.00,"12,800.00"
2020-01-28,2020012801013469,SINDU,34,38,"2,000",128.00,"256,000.00"
2020-01-28,2020012801013468,SINDU,29,38,"2,000",128.00,"256,000.00"
2020-01-28,2020012801013467,SINDU,59,38,150,128.00,"19,200.00"
2020-01-28,2020012801013466,SINDU,25,38,500,128.00,"64,000.00"
2020-01-28,2020012801013465,SINDU,43,38,500,129.00,"64,500.00"
2020-01-28,2020012801013464,SINDU,34,38,200,129.00,"25,800.00"
2020-01-28,2020012801013463,SINDU,49,38,204,129.00,"26,316.00"
2020-01-28,2020012801013383,SJCL,1,21,20,159.00,"3,180.00"
2020-01-28,2020012801013246,SJCL,1,28,20,159.00,"3,180.00"
2020-01-28,2020012801013179,SJCL,1,16,20,159.00,"3,180.00"
2020-01-28,2020012801013142,SJCL,1,21,20,159.00,"3,180.00"
2020-01-28,2020012801013523,SKBBL,29,34,78,932.00,"72,696.00"
2020-01-28,2020012801013308,SKBBL,29,28,220,932.00,"205,040.00"
2020-01-28,2020012801013307,SKBBL,21,28,300,932.00,"279,600.00"
2020-01-28,2020012801013306,SKBBL,45,28,10,932.00,"9,320.00"
2020-01-28,2020012801013305,SKBBL,49,28,100,933.00,"93,300.00"
2020-01-28,2020012801013304,SKBBL,41,28,200,934.00,"186,800.00"
2020-01-28,2020012801013294,SKBBL,41,28,200,940.00,"188,000.00"
2020-01-28,2020012801013293,SKBBL,28,28,100,941.00,"94,100.00"
2020-01-28,2020012801013292,SKBBL,5,28,100,941.00,"94,100.00"
2020-01-28,2020012801013291,SKBBL,17,28,200,942.00,"188,400.00"
2020-01-28,2020012801013290,SKBBL,40,28,50,944.00,"47,200.00"
2020-01-28,2020012801013289,SKBBL,42,28,20,945.00,"18,900.00"
2020-01-28,2020012801013251,SLBBL,41,25,25,772.00,"19,300.00"
2020-01-28,2020012801013208,SLBBL,42,35,30,775.00,"23,250.00"
2020-01-28,2020012801013207,SLBBL,42,35,50,775.00,"38,750.00"
2020-01-28,2020012801013206,SLBBL,4,35,125,775.00,"96,875.00"
2020-01-28,2020012801013323,SLBBL,34,16,300,770.00,"231,000.00"
2020-01-28,2020012801013322,SLBBL,41,16,75,772.00,"57,900.00"
2020-01-28,2020012801013314,SLBBL,41,22,100,772.00,"77,200.00"
2020-01-28,2020012801013410,SLBSL,17,42,130,760.00,"98,800.00"
2020-01-28,2020012801013382,SLBSL,22,42,20,762.00,"15,240.00"
2020-01-28,2020012801013254,SLBSL,7,13,390,776.00,"302,640.00"
2020-01-28,2020012801013169,SLBSL,7,21,10,776.00,"7,760.00"
2020-01-28,2020012801013070,SLBSL,7,5,100,776.00,"77,600.00"
2020-01-28,2020012801013400,SLICL,56,52,220,426.00,"93,720.00"
2020-01-28,2020012801013399,SLICL,17,52,80,430.00,"34,400.00"
2020-01-28,2020012801013279,SLICL,16,59,100,428.00,"42,800.00"
2020-01-28,2020012801013278,SLICL,16,41,13,428.00,"5,564.00"
2020-01-28,2020012801013225,SLICL,56,28,77,427.00,"32,879.00"
2020-01-28,2020012801013100,SLICL,56,45,52,427.00,"22,204.00"
2020-01-28,2020012801013099,SLICL,56,36,70,426.00,"29,820.00"
2020-01-28,2020012801013388,SLICL,17,59,"2,000",430.00,"860,000.00"
2020-01-28,2020012801013387,SLICL,17,16,500,430.00,"215,000.00"
2020-01-28,2020012801013386,SLICL,17,46,500,429.00,"214,500.00"
2020-01-28,2020012801013385,SLICL,17,40,700,429.00,"300,300.00"
2020-01-28,2020012801013384,SLICL,17,39,220,428.00,"94,160.00"
2020-01-28,2020012801013534,SMFBS,11,28,10,970.00,"9,700.00"
2020-01-28,2020012801013283,SMFDB,45,13,100,705.00,"70,500.00"
2020-01-28,2020012801013196,SRBL,44,44,100,234.00,"23,400.00"
2020-01-28,2020012801013190,SRBL,44,43,"4,900",234.00,"1,146,600.00"
2020-01-28,2020012801013189,SRBL,44,43,51,234.00,"11,934.00"
2020-01-28,2020012801013188,SRBL,44,43,49,234.00,"11,466.00"
2020-01-28,2020012801013426,SWBBL,39,28,300,"1,076.00","322,800.00"
2020-01-28,2020012801013425,SWBBL,22,28,200,"1,076.00","215,200.00"
2020-01-28,2020012801013297,SWBBL,39,5,127,"1,078.00","136,906.00"
2020-01-28,2020012801013255,SWBBL,58,57,490,"1,079.00","528,710.00"
2020-01-28,2020012801013199,SWBBL,58,34,10,"1,079.00","10,790.00"
2020-01-28,2020012801013377,TRH,49,3,250,304.00,"76,000.00"
2020-01-28,2020012801013376,TRH,5,3,390,304.00,"118,560.00"
2020-01-28,2020012801013549,UIC,34,45,120,378.00,"45,360.00"
2020-01-28,2020012801013337,UIC,34,42,300,378.00,"113,400.00"
2020-01-28,2020012801013301,UNHPL,35,5,50,59.00,"2,950.00"
2020-01-28,2020012801013158,UPCL,48,33,50,73.00,"3,650.00"
2020-01-28,2020012801013552,UPPER,54,32,50,244.00,"12,200.00"
2020-01-28,2020012801013548,UPPER,54,3,"1,850",244.00,"451,400.00"
2020-01-28,2020012801013160,UPPER,54,16,"1,890",244.00,"461,160.00"
2020-01-28,2020012801013159,UPPER,5,16,210,244.00,"51,240.00"
2020-01-28,2020012801013120,UPPER,5,33,50,244.00,"12,200.00"
2020-01-28,2020012801013194,UPPER,54,21,50,244.00,"12,200.00"
2020-01-28,2020012801013414,UPPER,54,21,50,244.00,"12,200.00"
2020-01-28,2020012801013220,WOMI,34,32,360,963.00,"346,680.00"
2020-01-28,2020012801013219,WOMI,22,32,30,963.00,"28,890.00"
2020-01-28,2020012801013218,WOMI,47,32,100,963.00,"96,300.00"
2020-01-28,2020012801013217,WOMI,57,32,10,965.00,"9,650.00"
2020-01-28,2020012801013141,WOMI,57,51,290,965.00,"279,850.00"
2020-01-28,2020012801013140,WOMI,34,51,475,966.00,"458,850.00"
2020-01-28,2020012801012858,AHPC,16,43,500,94.00,"47,000.00"
2020-01-28,2020012801012857,AHPC,52,43,500,94.00,"47,000.00"
2020-01-28,2020012801012856,AHPC,3,43,"1,000",94.00,"94,000.00"
2020-01-28,2020012801012855,AHPC,45,43,"1,000",94.00,"94,000.00"
2020-01-28,2020012801012848,AHPC,59,43,100,94.00,"9,400.00"
2020-01-28,2020012801012847,AHPC,59,43,90,94.00,"8,460.00"
2020-01-28,2020012801012846,AHPC,59,43,70,94.00,"6,580.00"
2020-01-28,2020012801012845,AHPC,59,43,60,94.00,"5,640.00"
2020-01-28,2020012801012844,AHPC,59,43,50,94.00,"4,700.00"
2020-01-28,2020012801012843,AHPC,59,43,300,94.00,"28,200.00"
2020-01-28,2020012801012854,AHPC,7,43,"1,000",94.00,"94,000.00"
2020-01-28,2020012801012853,AHPC,7,43,"1,000",94.00,"94,000.00"
2020-01-28,2020012801012852,AHPC,7,43,"1,000",94.00,"94,000.00"
2020-01-28,2020012801012851,AHPC,56,43,100,94.00,"9,400.00"
2020-01-28,2020012801012850,AHPC,16,43,200,94.00,"18,800.00"
2020-01-28,2020012801012849,AHPC,59,43,150,94.00,"14,100.00"
2020-01-28,2020012801012653,AKJCL,42,22,10,55.00,550.00
2020-01-28,2020012801012771,AKPL,37,33,13,123.00,"1,599.00"
2020-01-28,2020012801012557,ALBSL,22,29,110,667.00,"73,370.00"
2020-01-28,2020012801012556,ALBSL,59,29,90,669.00,"60,210.00"
2020-01-28,2020012801012957,ALICL,45,28,35,528.00,"18,480.00"
2020-01-28,2020012801012956,ALICL,50,28,15,528.00,"7,920.00"
2020-01-28,2020012801012911,ALICL,45,52,350,530.00,"185,500.00"
2020-01-28,2020012801012626,ALICL,36,58,"1,000",528.00,"528,000.00"
2020-01-28,2020012801012930,API,28,54,100,117.00,"11,700.00"
2020-01-28,2020012801012596,API,28,54,15,117.00,"1,755.00"
2020-01-28,2020012801012575,CBBL,34,49,294,929.00,"273,126.00"
2020-01-28,2020012801012574,CBBL,4,49,100,930.00,"93,000.00"
2020-01-28,2020012801012617,CBBL,39,36,102,928.00,"94,656.00"
2020-01-28,2020012801012841,CBBL,4,40,100,922.00,"92,200.00"
2020-01-28,2020012801012740,CBBL,6,21,100,925.00,"92,500.00"
2020-01-28,2020012801012872,CBL,33,51,50,146.00,"7,300.00"
2020-01-28,2020012801013021,CCBL,59,16,74,179.00,"13,246.00"
2020-01-28,2020012801012685,CCBL,59,38,679,179.00,"121,541.00"
2020-01-28,2020012801012684,CCBL,32,38,"1,000",179.00,"179,000.00"
2020-01-28,2020012801012652,CCBL,21,21,1,180.00,180.00
2020-01-28,2020012801012677,CCBL,45,38,"1,000",180.00,"180,000.00"
2020-01-28,2020012801012676,CCBL,45,38,450,180.00,"81,000.00"
2020-01-28,2020012801012675,CCBL,16,38,500,180.00,"90,000.00"
2020-01-28,2020012801012674,CCBL,32,38,"1,000",180.00,"180,000.00"
2020-01-28,2020012801012673,CCBL,45,38,97,180.00,"17,460.00"
2020-01-28,2020012801012672,CCBL,42,38,18,181.00,"3,258.00"
2020-01-28,2020012801012683,CCBL,44,38,"2,000",179.00,"358,000.00"
2020-01-28,2020012801012682,CCBL,25,38,190,179.00,"34,010.00"
2020-01-28,2020012801012681,CCBL,56,38,150,180.00,"27,000.00"
2020-01-28,2020012801012680,CCBL,45,38,"1,000",180.00,"180,000.00"
2020-01-28,2020012801012679,CCBL,53,38,100,180.00,"18,000.00"
2020-01-28,2020012801012678,CCBL,21,38,"1,100",180.00,"198,000.00"
2020-01-28,2020012801013034,CFCL,34,14,588,139.00,"81,732.00"
2020-01-28,2020012801012982,CFCL,34,14,170,139.00,"23,630.00"
2020-01-28,2020012801012817,CHCL,40,36,10,415.00,"4,150.00"
2020-01-28,2020012801013011,CIT,45,34,10,"2,300.00","23,000.00"
2020-01-28,2020012801013010,CIT,35,34,50,"2,300.00","115,000.00"
2020-01-28,2020012801013009,CIT,57,34,50,"2,300.00","115,000.00"
2020-01-28,2020012801012975,CIT,59,57,92,"2,300.00","211,600.00"
2020-01-28,2020012801012974,CIT,16,57,30,"2,301.00","69,030.00"
2020-01-28,2020012801012954,CIT,16,52,170,"2,301.00","391,170.00"
2020-01-28,2020012801012746,CIT,17,42,50,"2,310.00","115,500.00"
2020-01-28,2020012801012745,CIT,45,42,100,"2,310.00","231,000.00"
2020-01-28,2020012801012744,CIT,8,42,50,"2,311.00","115,550.00"
2020-01-28,2020012801012743,CIT,43,42,30,"2,311.00","69,330.00"
2020-01-28,2020012801012742,CIT,38,42,119,"2,315.00","275,485.00"
2020-01-28,2020012801012627,CIT,57,34,50,"2,316.00","115,800.00"
2020-01-28,2020012801012953,CIT,32,52,30,"2,301.00","69,030.00"
2020-01-28,2020012801012787,CIT,32,52,70,"2,301.00","161,070.00"
2020-01-28,2020012801012786,CIT,58,52,30,"2,309.00","69,270.00"
2020-01-28,2020012801012760,CIT,58,21,70,"2,309.00","161,630.00"
2020-01-28,2020012801012759,CIT,51,21,49,"2,310.00","113,190.00"
2020-01-28,2020012801012747,CIT,51,42,151,"2,310.00","348,810.00"
2020-01-28,2020012801012769,CLBSL,14,54,20,860.00,"17,200.00"
2020-01-28,2020012801012662,CLBSL,45,54,180,861.00,"154,980.00"
2020-01-28,2020012801012649,CLBSL,26,26,1,856.00,856.00
2020-01-28,2020012801012612,CLBSL,48,5,100,862.00,"86,200.00"
2020-01-28,2020012801012640,CZBIL,48,41,30,192.00,"5,760.00"
2020-01-28,2020012801012639,CZBIL,55,41,120,192.00,"23,040.00"
2020-01-28,2020012801012638,CZBIL,10,41,100,192.00,"19,200.00"
2020-01-28,2020012801012644,DDBL,21,6,20,835.00,"16,700.00"
2020-01-28,2020012801012931,EBL,44,49,30,617.00,"18,510.00"
2020-01-28,2020012801012893,EBL,44,50,28,617.00,"17,276.00"
2020-01-28,2020012801012892,EBL,16,50,20,618.00,"12,360.00"
2020-01-28,2020012801012967,EIC,51,37,50,357.00,"17,850.00"
2020-01-28,2020012801012717,FMDBL,37,36,439,423.00,"185,697.00"
2020-01-28,2020012801012716,FMDBL,59,36,120,423.00,"50,760.00"
2020-01-28,2020012801012700,FMDBL,13,51,100,425.00,"42,500.00"
2020-01-28,2020012801012671,FMDBL,42,45,100,424.00,"42,400.00"
2020-01-28,2020012801012670,FMDBL,44,45,"1,200",424.00,"508,800.00"
2020-01-28,2020012801012669,FMDBL,44,45,100,424.00,"42,400.00"
2020-01-28,2020012801012668,FMDBL,45,45,30,424.00,"12,720.00"
2020-01-28,2020012801012667,FMDBL,44,45,100,424.00,"42,400.00"
2020-01-28,2020012801012666,FMDBL,52,45,70,424.00,"29,680.00"
2020-01-28,2020012801012616,FMDBL,52,32,130,424.00,"55,120.00"
2020-01-28,2020012801012571,FMDBL,49,51,58,425.00,"24,650.00"
2020-01-28,2020012801013036,FOWAD,34,40,224,"1,270.00","284,480.00"
2020-01-28,2020012801012984,FOWAD,34,41,100,"1,270.00","127,000.00"
2020-01-28,2020012801012646,FOWAD,34,37,29,"1,270.00","36,830.00"
2020-01-28,2020012801012645,FOWAD,34,37,171,"1,270.00","217,170.00"
2020-01-28,2020012801012966,GBBL,4,28,33,231.00,"7,623.00"
2020-01-28,2020012801012722,GBBL,4,6,136,231.00,"31,416.00"
2020-01-28,2020012801012721,GBBL,22,6,364,231.00,"84,084.00"
