Date,Transact. No.,Symbol,Buyer,Seller,Quantity,Rate,Amount
2019-04-11,2019041101006610,ADBL,25,43,300,315.00,"94,500.00"
2019-04-11,2019041101006609,ADBL,29,43,400,315.00,"126,000.00"
2019-04-11,2019041101006608,ADBL,14,43,240,316.00,"75,840.00"
2019-04-11,2019041101006619,AHPC,52,26,656,102.00,"66,912.00"
2019-04-11,2019041101006618,AHPC,25,26,"1,000",102.00,"102,000.00"
2019-04-11,2019041101006617,AHPC,45,26,300,102.00,"30,600.00"
2019-04-11,2019041101006616,AHPC,55,26,244,102.00,"24,888.00"
2019-04-11,2019041101006572,AHPC,21,57,100,104.00,"10,400.00"
2019-04-11,2019041101006500,AKJCL,25,6,20,79.00,"1,580.00"
2019-04-11,2019041101006774,AKPL,41,11,10,170.00,"1,700.00"
2019-04-11,2019041101006707,AKPL,53,56,10,169.00,"1,690.00"
2019-04-11,2019041101006740,ALBSL,21,41,10,471.00,"4,710.00"
2019-04-11,2019041101006493,ALBSL,32,20,10,467.00,"4,670.00"
2019-04-11,2019041101006472,ALBSL,32,17,10,467.00,"4,670.00"
2019-04-11,2019041101006441,ALBSL,32,20,20,467.00,"9,340.00"
2019-04-11,2019041101006409,ALBSL,32,33,10,467.00,"4,670.00"
2019-04-11,2019041101006368,ALBSL,32,41,10,467.00,"4,670.00"
2019-04-11,2019041101006769,ALICL,17,43,200,409.00,"81,800.00"
2019-04-11,2019041101006768,ALICL,17,11,33,409.00,"13,497.00"
2019-04-11,2019041101006767,ALICL,17,38,105,409.00,"42,945.00"
2019-04-11,2019041101006766,ALICL,17,35,100,407.00,"40,700.00"
2019-04-11,2019041101006555,ALICL,40,36,600,405.00,"243,000.00"
2019-04-11,2019041101006367,ALICL,57,35,100,406.00,"40,600.00"
2019-04-11,2019041101006423,AMFI,54,52,10,636.00,"6,360.00"
2019-04-11,2019041101006690,API,25,44,11,135.00,"1,485.00"
2019-04-11,2019041101006689,API,25,26,149,133.00,"19,817.00"
2019-04-11,2019041101006662,API,39,26,315,133.00,"41,895.00"
2019-04-11,2019041101006643,API,25,44,50,135.00,"6,750.00"
2019-04-11,2019041101006594,API,39,3,500,133.00,"66,500.00"
2019-04-11,2019041101006439,API,25,44,14,135.00,"1,890.00"
2019-04-11,2019041101006437,API,39,54,200,133.00,"26,600.00"
2019-04-11,2019041101006782,BHBL,33,1,470,166.00,"78,020.00"
2019-04-11,2019041101006823,BOKL,6,42,79,264.00,"20,856.00"
2019-04-11,2019041101006822,BOKL,6,48,200,264.00,"52,800.00"
2019-04-11,2019041101006821,BOKL,6,21,100,264.00,"26,400.00"
2019-04-11,2019041101006820,BOKL,6,25,200,264.00,"52,800.00"
2019-04-11,2019041101006819,BOKL,6,6,200,264.00,"52,800.00"
2019-04-11,2019041101006818,BOKL,6,59,295,264.00,"77,880.00"
2019-04-11,2019041101006713,BOKL,35,59,300,264.00,"79,200.00"
2019-04-11,2019041101006558,BOKL,52,43,290,262.00,"75,980.00"
2019-04-11,2019041101006557,BOKL,1,43,210,262.00,"55,020.00"
2019-04-11,2019041101006372,BOKL,52,25,400,263.00,"105,200.00"
2019-04-11,2019041101006444,CBBL,42,19,280,903.00,"252,840.00"
2019-04-11,2019041101006749,CBL,14,42,438,160.00,"70,080.00"
2019-04-11,2019041101006748,CBL,21,42,100,160.00,"16,000.00"
2019-04-11,2019041101006747,CBL,43,42,38,160.00,"6,080.00"
2019-04-11,2019041101006732,CBL,17,25,290,161.00,"46,690.00"
2019-04-11,2019041101006693,CBL,17,43,500,161.00,"80,500.00"
2019-04-11,2019041101006483,CBL,17,17,161,161.00,"25,921.00"
2019-04-11,2019041101006806,CCBL,45,25,50,170.00,"8,500.00"
2019-04-11,2019041101006805,CCBL,51,25,200,170.00,"34,000.00"
2019-04-11,2019041101006804,CCBL,46,25,500,170.00,"85,000.00"
2019-04-11,2019041101006803,CCBL,42,25,200,170.00,"34,000.00"
2019-04-11,2019041101006802,CCBL,6,25,481,170.00,"81,770.00"
2019-04-11,2019041101006781,CCBL,6,25,19,170.00,"3,230.00"
2019-04-11,2019041101006780,CCBL,33,25,124,170.00,"21,080.00"
2019-04-11,2019041101006697,CCBL,32,25,50,171.00,"8,550.00"
2019-04-11,2019041101006639,CCBL,33,26,"1,000",170.00,"170,000.00"
2019-04-11,2019041101006536,CCBL,33,6,96,170.00,"16,320.00"
2019-04-11,2019041101006411,CCBL,46,59,500,170.00,"85,000.00"
2019-04-11,2019041101006410,CCBL,34,59,100,170.00,"17,000.00"
2019-04-11,2019041101006677,CHCL,28,17,600,505.00,"303,000.00"
2019-04-11,2019041101006669,CHCL,1,48,229,503.00,"115,187.00"
2019-04-11,2019041101006668,CHCL,42,48,50,503.00,"25,150.00"
2019-04-11,2019041101006667,CHCL,28,48,21,503.00,"10,563.00"
2019-04-11,2019041101006400,CHLBS,42,42,10,486.00,"4,860.00"
2019-04-11,2019041101006385,CHLBS,42,44,10,486.00,"4,860.00"
2019-04-11,2019041101006702,CIT,41,40,90,"2,557.00","230,130.00"
2019-04-11,2019041101006701,CIT,55,40,10,"2,557.00","25,570.00"
2019-04-11,2019041101006593,CIT,55,44,80,"2,557.00","204,560.00"
2019-04-11,2019041101006592,CIT,40,44,20,"2,557.00","51,140.00"
2019-04-11,2019041101006363,CIT,41,54,10,"2,557.00","25,570.00"
2019-04-11,2019041101006765,CZBIL,45,1,200,223.00,"44,600.00"
2019-04-11,2019041101006764,CZBIL,45,7,150,223.00,"33,450.00"
2019-04-11,2019041101006595,CZBIL,50,1,100,222.00,"22,200.00"
2019-04-11,2019041101006457,CZBIL,46,19,14,223.00,"3,122.00"
2019-04-11,2019041101006434,DBBL,45,21,600,128.00,"76,800.00"
2019-04-11,2019041101006433,DBBL,45,21,"1,000",129.00,"129,000.00"
2019-04-11,2019041101006615,DDBL,53,34,180,593.00,"106,740.00"
2019-04-11,2019041101006791,EBL,33,29,624,600.00,"374,400.00"
2019-04-11,2019041101006790,EBL,40,29,380,601.00,"228,380.00"
2019-04-11,2019041101006772,EBL,14,13,10,602.00,"6,020.00"
2019-04-11,2019041101006695,EBL,40,1,120,601.00,"72,120.00"
2019-04-11,2019041101006663,EBL,21,1,20,601.00,"12,020.00"
2019-04-11,2019041101006571,EBL,33,8,500,600.00,"300,000.00"
2019-04-11,2019041101006534,EBL,14,1,10,601.00,"6,010.00"
2019-04-11,2019041101006398,EBL,33,22,170,600.00,"102,000.00"
2019-04-11,2019041101006397,EBL,42,22,300,600.00,"180,000.00"
2019-04-11,2019041101006396,EBL,49,22,30,600.00,"18,000.00"
2019-04-11,2019041101006453,EIC,10,17,62,953.00,"59,086.00"
2019-04-11,2019041101006383,EIC,55,17,12,953.00,"11,436.00"
2019-04-11,2019041101006382,EIC,16,17,226,953.00,"215,378.00"
2019-04-11,2019041101006692,GBBL,28,35,259,195.00,"50,505.00"
2019-04-11,2019041101006691,GBBL,28,20,127,195.00,"24,765.00"
2019-04-11,2019041101006412,GBBL,32,20,50,195.00,"9,750.00"
2019-04-11,2019041101006840,GBIME,42,4,"1,000",271.00,"271,000.00"
2019-04-11,2019041101006723,GBIME,42,43,500,271.00,"135,500.00"
2019-04-11,2019041101006589,GBIME,33,25,350,272.00,"95,200.00"
2019-04-11,2019041101006588,GBIME,33,28,150,272.00,"40,800.00"
2019-04-11,2019041101006508,GBIME,42,43,500,271.00,"135,500.00"
2019-04-11,2019041101006462,GBIME,42,4,385,271.00,"104,335.00"
2019-04-11,2019041101006461,GBIME,49,4,100,271.00,"27,100.00"
2019-04-11,2019041101006460,GBIME,26,4,500,271.00,"135,500.00"
2019-04-11,2019041101006459,GBIME,35,4,15,271.00,"4,065.00"
2019-04-11,2019041101006746,GBLBS,43,49,10,446.00,"4,460.00"
2019-04-11,2019041101006745,GBLBS,43,49,10,446.00,"4,460.00"
2019-04-11,2019041101006744,GBLBS,43,49,10,446.00,"4,460.00"
2019-04-11,2019041101006699,GBLBS,43,6,40,444.00,"17,760.00"
2019-04-11,2019041101006486,GBLBS,1,42,160,443.00,"70,880.00"
2019-04-11,2019041101006485,GBLBS,17,42,140,443.00,"62,020.00"
2019-04-11,2019041101006463,GBLBS,34,49,50,445.00,"22,250.00"
2019-04-11,2019041101006392,GBLBS,39,49,50,445.00,"22,250.00"
2019-04-11,2019041101006364,GBLBS,17,51,100,443.00,"44,300.00"
2019-04-11,2019041101006837,GLICL,44,43,200,514.00,"102,800.00"
2019-04-11,2019041101006456,GLICL,5,51,100,514.00,"51,400.00"
2019-04-11,2019041101006455,GLICL,25,51,250,514.00,"128,500.00"
2019-04-11,2019041101006829,HBL,36,17,25,490.00,"12,250.00"
2019-04-11,2019041101006544,HBL,48,17,15,484.00,"7,260.00"
2019-04-11,2019041101006543,HBL,32,17,200,484.00,"96,800.00"
2019-04-11,2019041101006542,HBL,48,17,10,484.00,"4,840.00"
2019-04-11,2019041101006514,HBL,25,16,200,485.00,"97,000.00"
2019-04-11,2019041101006399,HBL,49,17,50,490.00,"24,500.00"
2019-04-11,2019041101006771,HIDCL,32,17,500,139.00,"69,500.00"
2019-04-11,2019041101006770,HIDCL,32,26,434,139.00,"60,326.00"
2019-04-11,2019041101006440,HIDCL,4,56,56,137.00,"7,672.00"
2019-04-11,2019041101006436,HIDCL,4,42,10,137.00,"1,370.00"
2019-04-11,2019041101006842,HPPL,16,42,15,180.00,"2,700.00"
2019-04-11,2019041101006612,HPPL,16,28,985,180.00,"177,300.00"
2019-04-11,2019041101006611,HPPL,45,28,115,180.00,"20,700.00"
2019-04-11,2019041101006545,HPPL,45,56,10,180.00,"1,800.00"
2019-04-11,2019041101006539,HPPL,1,42,10,182.00,"1,820.00"
2019-04-11,2019041101006538,HPPL,1,35,20,182.00,"3,640.00"
2019-04-11,2019041101006537,HPPL,1,29,10,182.00,"1,820.00"
2019-04-11,2019041101006467,HPPL,45,42,10,180.00,"1,800.00"
2019-04-11,2019041101006466,HPPL,45,42,10,181.00,"1,810.00"
2019-04-11,2019041101006817,ICFC,46,39,300,153.00,"45,900.00"
2019-04-11,2019041101006712,ICFC,46,4,200,153.00,"30,600.00"
2019-04-11,2019041101006435,IGI,7,8,250,400.00,"100,000.00"
2019-04-11,2019041101006510,JBBL,40,40,1,141.00,141.00
2019-04-11,2019041101006388,JBBL,49,11,150,140.00,"21,000.00"
2019-04-11,2019041101006795,JBNL,58,22,50,184.00,"9,200.00"
2019-04-11,2019041101006755,JBNL,47,34,"1,002",183.00,"183,366.00"
2019-04-11,2019041101006700,JBNL,26,32,100,182.00,"18,200.00"
2019-04-11,2019041101006634,JBNL,47,22,145,184.00,"26,680.00"
2019-04-11,2019041101006633,JBNL,47,56,10,184.00,"1,840.00"
2019-04-11,2019041101006632,JBNL,47,57,500,183.00,"91,500.00"
2019-04-11,2019041101006389,JBNL,26,42,138,182.00,"25,116.00"
2019-04-11,2019041101006369,JBNL,47,42,70,182.00,"12,740.00"
2019-04-11,2019041101006452,JBNL,26,51,300,182.00,"54,600.00"
2019-04-11,2019041101006449,JBNL,47,28,160,183.00,"29,280.00"
2019-04-11,2019041101006427,JBNL,47,28,75,183.00,"13,725.00"
2019-04-11,2019041101006407,JBNL,47,21,85,183.00,"15,555.00"
2019-04-11,2019041101006391,JBNL,26,45,134,182.00,"24,388.00"
2019-04-11,2019041101006390,JBNL,26,45,130,182.00,"23,660.00"
2019-04-11,2019041101006631,JBNL,47,28,145,183.00,"26,535.00"
2019-04-11,2019041101006591,JBNL,47,28,100,183.00,"18,300.00"
2019-04-11,2019041101006548,JBNL,47,28,160,183.00,"29,280.00"
2019-04-11,2019041101006524,JBNL,47,28,180,183.00,"32,940.00"
2019-04-11,2019041101006492,JBNL,47,28,60,183.00,"10,980.00"
2019-04-11,2019041101006477,JBNL,47,28,120,183.00,"21,960.00"
2019-04-11,2019041101006613,KADBL,13,59,10,159.00,"1,590.00"
2019-04-11,2019041101006751,KBL,47,32,100,259.00,"25,900.00"
2019-04-11,2019041101006698,KBL,47,4,380,259.00,"98,420.00"
2019-04-11,2019041101006681,KBL,55,4,200,259.00,"51,800.00"
2019-04-11,2019041101006659,KBL,5,4,20,259.00,"5,180.00"
2019-04-11,2019041101006658,KBL,5,39,480,259.00,"124,320.00"
2019-04-11,2019041101006496,KBL,45,39,20,259.00,"5,180.00"
2019-04-11,2019041101006495,KBL,45,54,180,259.00,"46,620.00"
2019-04-11,2019041101006487,KBL,39,5,20,258.00,"5,160.00"
2019-04-11,2019041101006374,KBL,56,54,200,259.00,"51,800.00"
2019-04-11,2019041101006387,KKHC,45,45,16,78.00,"1,248.00"
2019-04-11,2019041101006381,KPCL,55,45,490,91.00,"44,590.00"
2019-04-11,2019041101006380,KPCL,55,45,10,91.00,910.00
2019-04-11,2019041101006503,KSBBL,21,51,219,143.00,"31,317.00"
2019-04-11,2019041101006502,KSBBL,45,51,198,143.00,"28,314.00"
2019-04-11,2019041101006438,KSBBL,45,6,100,143.00,"14,300.00"
2019-04-11,2019041101006379,KSBBL,33,34,500,144.00,"72,000.00"
2019-04-11,2019041101006378,KSBBL,34,34,50,144.00,"7,200.00"
2019-04-11,2019041101006377,KSBBL,50,34,172,144.00,"24,768.00"
2019-04-11,2019041101006533,LBL,34,34,415,206.00,"85,490.00"
2019-04-11,2019041101006532,LBL,43,34,"1,000",206.00,"206,000.00"
2019-04-11,2019041101006531,LBL,53,34,100,206.00,"20,600.00"
2019-04-11,2019041101006530,LBL,32,34,25,206.00,"5,150.00"
2019-04-11,2019041101006529,LBL,39,34,460,206.00,"94,760.00"
2019-04-11,2019041101006513,LGIL,49,38,46,508.00,"23,368.00"
2019-04-11,2019041101006512,LGIL,41,38,110,508.00,"55,880.00"
2019-04-11,2019041101006511,LGIL,25,38,644,508.00,"327,152.00"
2019-04-11,2019041101006465,LGIL,28,38,200,510.00,"102,000.00"
2019-04-11,2019041101006370,LLBS,13,41,20,770.00,"15,400.00"
2019-04-11,2019041101006753,MBL,51,6,500,239.00,"119,500.00"
2019-04-11,2019041101006603,MBL,50,6,"1,000",239.00,"239,000.00"
2019-04-11,2019041101006602,MBL,50,1,100,239.00,"23,900.00"
2019-04-11,2019041101006601,MBL,50,34,50,239.00,"11,950.00"
2019-04-11,2019041101006556,MBL,50,46,200,238.00,"47,600.00"
2019-04-11,2019041101006471,MBL,32,34,50,239.00,"11,950.00"
2019-04-11,2019041101006830,MDB,26,19,10,242.00,"2,420.00"
2019-04-11,2019041101006785,MDB,26,38,400,240.00,"96,000.00"
2019-04-11,2019041101006784,MDB,26,38,355,240.00,"85,200.00"
2019-04-11,2019041101006711,MEGA,16,53,10,169.00,"1,690.00"
2019-04-11,2019041101006710,MEGA,49,53,500,169.00,"84,500.00"
2019-04-11,2019041101006709,MEGA,13,53,500,169.00,"84,500.00"
2019-04-11,2019041101006708,MEGA,52,53,47,169.00,"7,943.00"
2019-04-11,2019041101006430,MEGA,58,58,1,169.00,169.00
2019-04-11,2019041101006683,MEGAPO,14,57,"6,052",108.00,"653,616.00"
2019-04-11,2019041101006783,MERO,39,6,15,559.00,"8,385.00"
2019-04-11,2019041101006722,MERO,25,22,141,562.00,"79,242.00"
2019-04-11,2019041101006737,MLBL,21,32,195,172.00,"33,540.00"
2019-04-11,2019041101006736,MLBL,8,32,105,172.00,"18,060.00"
2019-04-11,2019041101006838,MMFDB,4,6,20,906.00,"18,120.00"
2019-04-11,2019041101006402,MMFDB,57,32,53,910.00,"48,230.00"
2019-04-11,2019041101006525,MNBBL,45,36,283,358.00,"101,314.00"
2019-04-11,2019041101006450,MNBBL,6,7,73,359.00,"26,207.00"
2019-04-11,2019041101006856,NABIL,5,29,300,736.00,"220,800.00"
2019-04-11,2019041101006855,NABIL,29,29,100,736.00,"73,600.00"
2019-04-11,2019041101006854,NABIL,52,29,100,736.00,"73,600.00"
2019-04-11,2019041101006853,NABIL,11,29,60,736.00,"44,160.00"
2019-04-11,2019041101006852,NABIL,48,29,20,737.00,"14,740.00"
2019-04-11,2019041101006851,NABIL,45,29,50,737.00,"36,850.00"
2019-04-11,2019041101006850,NABIL,6,29,300,738.00,"221,400.00"
2019-04-11,2019041101006849,NABIL,48,29,100,738.00,"73,800.00"
2019-04-11,2019041101006848,NABIL,5,29,30,738.00,"22,140.00"
2019-04-11,2019041101006847,NABIL,33,29,184,739.00,"135,976.00"
2019-04-11,2019041101006688,NABIL,33,6,16,739.00,"11,824.00"
2019-04-11,2019041101006763,NABILP,25,44,20,721.00,"14,420.00"
2019-04-11,2019041101006827,NBB,58,53,10,212.00,"2,120.00"
2019-04-11,2019041101006575,NBB,58,53,13,212.00,"2,756.00"
2019-04-11,2019041101006574,NBB,58,59,100,211.00,"21,100.00"
2019-04-11,2019041101006494,NBB,55,46,200,211.00,"42,200.00"
2019-04-11,2019041101006573,NBB,58,46,237,211.00,"50,007.00"
2019-04-11,2019041101006843,NBL,33,33,100,297.00,"29,700.00"
2019-04-11,2019041101006687,NBL,25,46,170,295.00,"50,150.00"
2019-04-11,2019041101006686,NBL,37,46,"1,000",295.00,"295,000.00"
2019-04-11,2019041101006685,NBL,17,46,830,295.00,"244,850.00"
2019-04-11,2019041101006638,NBL,13,46,"1,000",296.00,"296,000.00"
2019-04-11,2019041101006637,NBL,13,46,"1,000",296.00,"296,000.00"
2019-04-11,2019041101006522,NBL,52,45,500,295.00,"147,500.00"
2019-04-11,2019041101006521,NBL,56,45,380,295.00,"112,100.00"
2019-04-11,2019041101006401,NBL,56,43,500,295.00,"147,500.00"
2019-04-11,2019041101006636,NBL,13,46,950,296.00,"281,200.00"
2019-04-11,2019041101006630,NBL,17,29,170,295.00,"50,150.00"
2019-04-11,2019041101006629,NBL,56,29,130,295.00,"38,350.00"
2019-04-11,2019041101006624,NBL,56,33,120,295.00,"35,400.00"
2019-04-11,2019041101006623,NBL,13,33,"1,880",295.00,"554,600.00"
2019-04-11,2019041101006523,NBL,13,45,"1,120",295.00,"330,400.00"
2019-04-11,2019041101006831,NCCB,58,17,50,226.00,"11,300.00"
2019-04-11,2019041101006797,NCCB,42,34,200,225.00,"45,000.00"
2019-04-11,2019041101006796,NCCB,32,34,157,225.00,"35,325.00"
2019-04-11,2019041101006773,NCCB,33,17,100,226.00,"22,600.00"
2019-04-11,2019041101006734,NCCB,58,17,10,226.00,"2,260.00"
2019-04-11,2019041101006674,NCCB,32,34,"1,000",225.00,"225,000.00"
2019-04-11,2019041101006626,NCCB,32,44,430,225.00,"96,750.00"
2019-04-11,2019041101006559,NCCB,25,44,200,225.00,"45,000.00"
2019-04-11,2019041101006484,NCCB,52,49,50,224.00,"11,200.00"
2019-04-11,2019041101006373,NCCB,52,43,500,224.00,"112,000.00"
2019-04-11,2019041101006673,NCCB,32,11,280,225.00,"63,000.00"
2019-04-11,2019041101006672,NCCB,32,6,563,225.00,"126,675.00"
2019-04-11,2019041101006666,NCCB,33,6,455,224.00,"101,920.00"
2019-04-11,2019041101006665,NCCB,52,6,450,224.00,"100,800.00"
2019-04-11,2019041101006660,NCCB,21,6,250,225.00,"56,250.00"
2019-04-11,2019041101006627,NCCB,32,6,70,225.00,"15,750.00"
2019-04-11,2019041101006501,NGPL,1,42,13,120.00,"1,560.00"
2019-04-11,2019041101006680,NHPC,36,33,250,71.00,"17,750.00"
2019-04-11,2019041101006614,NHPC,36,1,100,71.00,"7,100.00"
2019-04-11,2019041101006527,NHPC,59,1,80,72.00,"5,760.00"
2019-04-11,2019041101006526,NHPC,59,38,20,72.00,"1,440.00"
2019-04-11,2019041101006845,NIB,54,45,100,549.00,"54,900.00"
2019-04-11,2019041101006429,NIB,34,25,20,548.00,"10,960.00"
2019-04-11,2019041101006428,NIB,44,25,80,548.00,"43,840.00"
2019-04-11,2019041101006422,NIB,44,13,300,548.00,"164,400.00"
2019-04-11,2019041101006375,NIB,44,58,500,548.00,"274,000.00"
2019-04-11,2019041101006362,NIB,44,22,120,548.00,"65,760.00"
2019-04-11,2019041101006721,NIBPO,4,6,930,510.00,"474,300.00"
2019-04-11,2019041101006720,NIBPO,4,50,475,510.00,"242,250.00"
2019-04-11,2019041101006719,NIBPO,4,26,50,510.00,"25,500.00"
2019-04-11,2019041101006718,NIBPO,4,14,365,509.00,"185,785.00"
2019-04-11,2019041101006717,NIBPO,4,22,30,508.00,"15,240.00"
2019-04-11,2019041101006716,NIBPO,4,7,50,507.00,"25,350.00"
2019-04-11,2019041101006715,NIBPO,4,55,100,507.00,"50,700.00"
2019-04-11,2019041101006800,NICA,4,41,200,469.00,"93,800.00"
2019-04-11,2019041101006777,NICA,4,45,200,469.00,"93,800.00"
2019-04-11,2019041101006762,NICA,4,6,147,469.00,"68,943.00"
2019-04-11,2019041101006761,NICA,14,6,281,469.00,"131,789.00"
2019-04-11,2019041101006760,NICA,14,28,119,469.00,"55,811.00"
2019-04-11,2019041101006758,NICA,7,28,181,469.00,"84,889.00"
2019-04-11,2019041101006446,NICA,4,57,249,468.00,"116,532.00"
2019-04-11,2019041101006583,NICA,33,54,100,469.00,"46,900.00"
2019-04-11,2019041101006582,NICA,33,43,176,469.00,"82,544.00"
2019-04-11,2019041101006540,NICA,14,38,200,468.00,"93,600.00"
2019-04-11,2019041101006507,NICA,14,43,100,469.00,"46,900.00"
2019-04-11,2019041101006448,NICA,14,57,151,468.00,"70,668.00"
2019-04-11,2019041101006447,NICA,42,57,100,468.00,"46,800.00"
2019-04-11,2019041101006730,NICA,55,44,36,468.00,"16,848.00"
2019-04-11,2019041101006729,NICA,14,44,149,468.00,"69,732.00"
2019-04-11,2019041101006705,NICA,45,13,35,469.00,"16,415.00"
2019-04-11,2019041101006586,NICA,33,13,24,469.00,"11,256.00"
2019-04-11,2019041101006585,NICA,33,20,500,469.00,"234,500.00"
2019-04-11,2019041101006584,NICA,33,22,200,469.00,"93,800.00"
2019-04-11,2019041101006682,NICGF,55,6,100,9.36,936.00
2019-04-11,2019041101006361,NICL,43,34,10,379.00,"3,790.00"
2019-04-11,2019041101006787,NIL,38,22,50,520.00,"26,000.00"
2019-04-11,2019041101006743,NIL,45,40,280,517.00,"144,760.00"
2019-04-11,2019041101006742,NIL,50,40,20,517.00,"10,340.00"
2019-04-11,2019041101006741,NIL,39,40,100,517.00,"51,700.00"
2019-04-11,2019041101006728,NIL,39,38,150,518.00,"77,700.00"
2019-04-11,2019041101006727,NIL,43,38,"1,000",518.00,"518,000.00"
2019-04-11,2019041101006726,NIL,38,38,50,518.00,"25,900.00"
2019-04-11,2019041101006725,NIL,53,38,50,518.00,"25,900.00"
2019-04-11,2019041101006651,NIL,52,34,350,518.00,"181,300.00"
2019-04-11,2019041101006605,NIL,52,45,150,518.00,"77,700.00"
2019-04-11,2019041101006826,NLIC,11,39,50,"1,095.00","54,750.00"
2019-04-11,2019041101006696,NLIC,8,42,17,"1,093.00","18,581.00"
2019-04-11,2019041101006384,NLIC,11,45,69,"1,096.00","75,624.00"
2019-04-11,2019041101006579,NLICL,28,43,200,590.00,"118,000.00"
2019-04-11,2019041101006578,NLICL,28,43,200,590.00,"118,000.00"
2019-04-11,2019041101006577,NLICL,28,53,100,590.00,"59,000.00"
2019-04-11,2019041101006576,NLICL,28,57,120,589.00,"70,680.00"
2019-04-11,2019041101006491,NLICL,28,57,340,589.00,"200,260.00"
2019-04-11,2019041101006490,NLICL,28,50,30,588.00,"17,640.00"
2019-04-11,2019041101006489,NLICL,28,25,30,588.00,"17,640.00"
2019-04-11,2019041101006488,NLICL,28,45,100,587.00,"58,700.00"
2019-04-11,2019041101006839,NMB,50,49,"1,000",356.00,"356,000.00"
2019-04-11,2019041101006834,NMB,58,49,500,356.00,"178,000.00"
2019-04-11,2019041101006833,NMB,50,49,"1,000",356.00,"356,000.00"
2019-04-11,2019041101006832,NMB,58,49,80,356.00,"28,480.00"
2019-04-11,2019041101006815,NMB,39,34,500,357.00,"178,500.00"
2019-04-11,2019041101006750,NMB,58,8,126,356.00,"44,856.00"
2019-04-11,2019041101006469,NMB,4,38,10,356.00,"3,560.00"
2019-04-11,2019041101006468,NMB,4,38,276,356.00,"98,256.00"
2019-04-11,2019041101006561,NMB,11,6,"1,000",356.00,"356,000.00"
2019-04-11,2019041101006560,NMB,11,6,186,356.00,"66,216.00"
2019-04-11,2019041101006528,NMB,11,35,100,356.00,"35,600.00"
2019-04-11,2019041101006506,NMB,32,34,50,357.00,"17,850.00"
2019-04-11,2019041101006504,NMB,8,34,200,357.00,"71,400.00"
2019-04-11,2019041101006470,NMB,11,38,214,356.00,"76,184.00"
2019-04-11,2019041101006567,NMB,51,6,300,356.00,"106,800.00"
2019-04-11,2019041101006566,NMB,55,6,50,356.00,"17,800.00"
2019-04-11,2019041101006565,NMB,14,6,500,356.00,"178,000.00"
2019-04-11,2019041101006564,NMB,33,6,500,356.00,"178,000.00"
2019-04-11,2019041101006563,NMB,52,6,50,356.00,"17,800.00"
2019-04-11,2019041101006562,NMB,17,6,200,356.00,"71,200.00"
2019-04-11,2019041101006733,NMB,7,34,200,357.00,"71,400.00"
2019-04-11,2019041101006656,NMB,58,8,794,356.00,"282,664.00"
2019-04-11,2019041101006628,NMB,25,8,206,356.00,"73,336.00"
2019-04-11,2019041101006570,NMB,25,6,294,356.00,"104,664.00"
2019-04-11,2019041101006569,NMB,40,6,100,356.00,"35,600.00"
2019-04-11,2019041101006568,NMB,50,6,62,356.00,"22,072.00"
2019-04-11,2019041101006860,NMBMF,44,21,15,"1,001.00","15,015.00"
2019-04-11,2019041101006859,NMBMF,28,21,20,"1,002.00","20,040.00"
2019-04-11,2019041101006858,NMBMF,21,21,50,"1,003.00","50,150.00"
2019-04-11,2019041101006799,NNLB,34,45,74,424.00,"31,376.00"
2019-04-11,2019041101006587,NSEWA,26,17,10,495.00,"4,950.00"
2019-04-11,2019041101006844,NTC,48,35,10,682.00,"6,820.00"
2019-04-11,2019041101006824,NTC,34,35,20,682.00,"13,640.00"
2019-04-11,2019041101006759,NTC,59,35,10,682.00,"6,820.00"
2019-04-11,2019041101006549,NTC,17,19,100,679.00,"67,900.00"
2019-04-11,2019041101006554,NTC,49,19,150,677.00,"101,550.00"
2019-04-11,2019041101006553,NTC,47,19,20,678.00,"13,560.00"
2019-04-11,2019041101006552,NTC,50,19,10,678.00,"6,780.00"
2019-04-11,2019041101006551,NTC,44,19,50,678.00,"33,900.00"
2019-04-11,2019041101006550,NTC,48,19,100,679.00,"67,900.00"
2019-04-11,2019041101006789,NUBL,45,16,10,762.00,"7,620.00"
2019-04-11,2019041101006825,PCBL,34,42,27,330.00,"8,910.00"
2019-04-11,2019041101006739,PCBL,14,26,200,331.00,"66,200.00"
2019-04-11,2019041101006607,PCBL,43,17,200,330.00,"66,000.00"
2019-04-11,2019041101006606,PCBL,1,17,100,330.00,"33,000.00"
2019-04-11,2019041101006454,PCBL,42,26,150,331.00,"49,650.00"
2019-04-11,2019041101006419,PCBL,59,26,200,331.00,"66,200.00"
2019-04-11,2019041101006418,PCBL,7,26,280,331.00,"92,680.00"
2019-04-11,2019041101006417,PCBL,44,26,930,331.00,"307,830.00"
2019-04-11,2019041101006366,PCBL,58,58,2,332.00,664.00
2019-04-11,2019041101006835,PIC,7,45,11,"1,008.00","11,088.00"
2019-04-11,2019041101006793,PIC,37,45,11,"1,009.00","11,099.00"
2019-04-11,2019041101006792,PIC,37,48,50,"1,009.00","50,450.00"
2019-04-11,2019041101006786,PIC,37,42,11,"1,009.00","11,099.00"
2019-04-11,2019041101006757,PIC,37,45,11,"1,009.00","11,099.00"
2019-04-11,2019041101006738,PIC,37,51,11,"1,009.00","11,099.00"
2019-04-11,2019041101006580,PIC,37,44,100,"1,009.00","100,900.00"
2019-04-11,2019041101006421,PIC,53,3,27,"1,010.00","27,270.00"
2019-04-11,2019041101006395,PIC,58,3,10,"1,010.00","10,100.00"
2019-04-11,2019041101006394,PIC,6,3,34,"1,010.00","34,340.00"
2019-04-11,2019041101006393,PIC,53,3,128,"1,011.00","129,408.00"
2019-04-11,2019041101006650,PICL,49,10,100,695.00,"69,500.00"
2019-04-11,2019041101006649,PICL,21,10,35,695.00,"24,325.00"
2019-04-11,2019041101006776,PLIC,28,16,15,460.00,"6,900.00"
2019-04-11,2019041101006775,PLIC,28,1,100,454.00,"45,400.00"
2019-04-11,2019041101006714,PLIC,14,1,100,454.00,"45,400.00"
2019-04-11,2019041101006365,PRIN,21,34,100,418.00,"41,800.00"
2019-04-11,2019041101006778,PRVU,16,38,10,249.00,"2,490.00"
2019-04-11,2019041101006645,PRVU,45,46,300,248.00,"74,400.00"
2019-04-11,2019041101006475,PRVU,19,38,10,249.00,"2,490.00"
2019-04-11,2019041101006451,PRVU,19,38,20,249.00,"4,980.00"
2019-04-11,2019041101006443,PRVU,6,38,100,249.00,"24,900.00"
2019-04-11,2019041101006442,PRVU,39,38,"1,627",249.00,"405,123.00"
2019-04-11,2019041101006426,PRVU,39,56,100,249.00,"24,900.00"
2019-04-11,2019041101006415,PRVU,39,7,418,249.00,"104,082.00"
2019-04-11,2019041101006414,PRVU,39,38,"1,000",249.00,"249,000.00"
2019-04-11,2019041101006413,PRVU,39,38,710,249.00,"176,790.00"
2019-04-11,2019041101006386,PRVU,32,38,200,249.00,"49,800.00"
2019-04-11,2019041101006420,RBCL,22,34,10,"9,100.00","91,000.00"
2019-04-11,2019041101006648,RSDC,39,53,171,361.00,"61,731.00"
2019-04-11,2019041101006647,RSDC,41,53,79,361.00,"28,519.00"
2019-04-11,2019041101006482,RSDC,41,22,185,361.00,"66,785.00"
2019-04-11,2019041101006481,RSDC,5,22,201,362.00,"72,762.00"
2019-04-11,2019041101006635,SADBL,40,40,4,143.00,572.00
2019-04-11,2019041101006756,SANIMA,29,43,300,318.00,"95,400.00"
2019-04-11,2019041101006464,SANIMA,29,22,200,318.00,"63,600.00"
2019-04-11,2019041101006706,SBI,49,13,100,412.00,"41,200.00"
2019-04-11,2019041101006654,SBL,22,8,185,314.00,"58,090.00"
2019-04-11,2019041101006653,SBL,49,8,15,314.00,"4,710.00"
2019-04-11,2019041101006641,SBL,49,4,85,314.00,"26,690.00"
2019-04-11,2019041101006640,SBL,26,4,178,314.00,"55,892.00"
2019-04-11,2019041101006376,SBL,58,58,1,315.00,315.00
2019-04-11,2019041101006642,SCB,40,19,62,591.00,"36,642.00"
2019-04-11,2019041101006590,SCB,52,56,20,590.00,"11,800.00"
2019-04-11,2019041101006458,SCB,52,16,100,590.00,"59,000.00"
2019-04-11,2019041101006406,SCB,26,19,70,591.00,"41,370.00"
2019-04-11,2019041101006405,SCB,21,19,100,591.00,"59,100.00"
2019-04-11,2019041101006404,SCB,10,19,68,591.00,"40,188.00"
2019-04-11,2019041101006836,SDESI,21,34,50,540.00,"27,000.00"
2019-04-11,2019041101006814,SDESI,33,34,10,540.00,"5,400.00"
2019-04-11,2019041101006735,SDESI,33,28,100,539.00,"53,900.00"
2019-04-11,2019041101006676,SDESI,33,3,114,538.00,"61,332.00"
2019-04-11,2019041101006675,SDESI,33,25,27,538.00,"14,526.00"
2019-04-11,2019041101006652,SFFIL,59,14,10,218.00,"2,180.00"
2019-04-11,2019041101006655,SHINE,28,33,16,235.00,"3,760.00"
2019-04-11,2019041101006694,SHIVM,28,17,50,306.00,"15,300.00"
2019-04-11,2019041101006541,SHIVM,22,51,100,307.00,"30,700.00"
2019-04-11,2019041101006480,SHIVM,28,51,680,306.00,"208,080.00"
2019-04-11,2019041101006479,SHIVM,49,51,300,306.00,"91,800.00"
2019-04-11,2019041101006478,SHIVM,35,51,40,306.00,"12,240.00"
2019-04-11,2019041101006704,SHPC,47,13,100,228.00,"22,800.00"
2019-04-11,2019041101006703,SHPC,47,6,500,228.00,"114,000.00"
2019-04-11,2019041101006684,SICL,11,34,50,886.00,"44,300.00"
2019-04-11,2019041101006505,SICL,19,34,190,883.00,"167,770.00"
2019-04-11,2019041101006499,SICL,19,19,255,885.00,"225,675.00"
2019-04-11,2019041101006816,SIFC,16,17,"1,000",137.00,"137,000.00"
2019-04-11,2019041101006678,SIL,14,25,100,606.00,"60,600.00"
2019-04-11,2019041101006731,SINDU,29,51,50,130.00,"6,500.00"
2019-04-11,2019041101006857,SKBBL,41,53,100,915.00,"91,500.00"
2019-04-11,2019041101006828,SKBBL,41,40,100,915.00,"91,500.00"
2019-04-11,2019041101006813,SKBBL,41,54,106,915.00,"96,990.00"
2019-04-11,2019041101006812,SKBBL,41,4,100,915.00,"91,500.00"
2019-04-11,2019041101006811,SKBBL,41,46,15,915.00,"13,725.00"
2019-04-11,2019041101006810,SKBBL,41,42,12,915.00,"10,980.00"
2019-04-11,2019041101006515,SKBBL,10,18,62,910.00,"56,420.00"
2019-04-11,2019041101006476,SKBBL,41,51,15,911.00,"13,665.00"
2019-04-11,2019041101006596,SKBBL,41,55,180,912.00,"164,160.00"
2019-04-11,2019041101006520,SKBBL,10,55,158,912.00,"144,096.00"
2019-04-11,2019041101006519,SKBBL,10,8,200,912.00,"182,400.00"
2019-04-11,2019041101006518,SKBBL,10,56,25,912.00,"22,800.00"
2019-04-11,2019041101006517,SKBBL,10,4,20,911.00,"18,220.00"
2019-04-11,2019041101006516,SKBBL,10,51,35,911.00,"31,885.00"
2019-04-11,2019041101006621,SKBBL,36,25,50,914.00,"45,700.00"
2019-04-11,2019041101006620,SKBBL,36,55,12,914.00,"10,968.00"
2019-04-11,2019041101006600,SKBBL,41,35,127,913.00,"115,951.00"
2019-04-11,2019041101006599,SKBBL,41,25,49,913.00,"44,737.00"
2019-04-11,2019041101006598,SKBBL,41,16,23,913.00,"20,999.00"
2019-04-11,2019041101006597,SKBBL,41,35,100,912.00,"91,200.00"
2019-04-11,2019041101006809,SKBBL,41,6,40,915.00,"36,600.00"
2019-04-11,2019041101006808,SKBBL,41,58,200,914.00,"182,800.00"
2019-04-11,2019041101006807,SKBBL,41,53,79,913.00,"72,127.00"
2019-04-11,2019041101006794,SKBBL,41,53,21,913.00,"19,173.00"
2019-04-11,2019041101006752,SKBBL,36,58,83,914.00,"75,862.00"
2019-04-11,2019041101006664,SKBBL,36,43,35,914.00,"31,990.00"
2019-04-11,2019041101006625,SPDL,45,56,10,100.00,"1,000.00"
2019-04-11,2019041101006788,SRBL,51,43,500,235.00,"117,500.00"
2019-04-11,2019041101006754,SRBL,51,44,"1,772",235.00,"416,420.00"
2019-04-11,2019041101006671,SRBL,35,44,300,236.00,"70,800.00"
2019-04-11,2019041101006646,SRBL,48,44,500,236.00,"118,000.00"
2019-04-11,2019041101006724,UIC,28,34,99,777.00,"76,923.00"
2019-04-11,2019041101006416,UMHL,37,42,14,111.00,"1,554.00"
2019-04-11,2019041101006846,UPCL,48,44,10,94.00,940.00
2019-04-11,2019041101006798,UPCL,40,41,170,93.00,"15,810.00"
2019-04-11,2019041101006841,UPPER,57,38,40,232.00,"9,280.00"
2019-04-11,2019041101006801,UPPER,57,38,40,232.00,"9,280.00"
2019-04-11,2019041101006779,UPPER,57,38,40,232.00,"9,280.00"
2019-04-11,2019041101006679,UPPER,57,38,40,232.00,"9,280.00"
2019-04-11,2019041101006670,UPPER,57,17,40,232.00,"9,280.00"
2019-04-11,2019041101006661,UPPER,57,56,40,232.00,"9,280.00"
2019-04-11,2019041101006408,UPPER,13,38,40,231.00,"9,240.00"
2019-04-11,2019041101006371,UPPER,13,38,40,231.00,"9,240.00"
2019-04-11,2019041101006445,UPPER,39,38,37,231.00,"8,547.00"
2019-04-11,2019041101006432,UPPER,39,38,13,231.00,"3,003.00"
2019-04-11,2019041101006431,UPPER,49,38,27,231.00,"6,237.00"
2019-04-11,2019041101006425,UPPER,49,43,273,231.00,"63,063.00"
2019-04-11,2019041101006424,UPPER,13,43,190,231.00,"43,890.00"
2019-04-11,2019041101006546,UPPER,14,42,30,231.00,"6,930.00"
2019-04-11,2019041101006535,UPPER,14,38,40,231.00,"9,240.00"
2019-04-11,2019041101006498,UPPER,14,38,30,231.00,"6,930.00"
2019-04-11,2019041101006497,UPPER,35,38,10,231.00,"2,310.00"
2019-04-11,2019041101006474,UPPER,35,44,50,231.00,"11,550.00"
2019-04-11,2019041101006473,UPPER,35,38,40,231.00,"9,240.00"
2019-04-11,2019041101006657,UPPER,57,46,40,232.00,"9,280.00"
2019-04-11,2019041101006644,UPPER,57,38,40,231.00,"9,240.00"
2019-04-11,2019041101006622,UPPER,57,45,50,231.00,"11,550.00"
2019-04-11,2019041101006604,UPPER,57,42,50,231.00,"11,550.00"
2019-04-11,2019041101006581,UPPER,57,38,40,231.00,"9,240.00"
2019-04-11,2019041101006547,UPPER,57,42,20,231.00,"4,620.00"
2019-04-11,2019041101006187,ADBL,39,16,10,319.00,"3,190.00"
2019-04-11,2019041101006170,ADBL,14,52,260,316.00,"82,160.00"
2019-04-11,2019041101006169,ADBL,19,52,30,316.00,"9,480.00"
2019-04-11,2019041101006029,ADBL,19,47,20,316.00,"6,320.00"
2019-04-11,2019041101005868,ADBL,39,52,10,318.00,"3,180.00"
2019-04-11,2019041101006292,AKPL,1,22,350,167.00,"58,450.00"
2019-04-11,2019041101006291,AKPL,22,22,293,167.00,"48,931.00"
2019-04-11,2019041101006078,AKPL,22,42,10,167.00,"1,670.00"
2019-04-11,2019041101005973,AKPL,22,42,10,167.00,"1,670.00"
2019-04-11,2019041101005929,AKPL,22,38,13,167.00,"2,171.00"
2019-04-11,2019041101006157,ALBSL,32,47,10,467.00,"4,670.00"
2019-04-11,2019041101005970,ALBSL,25,1,50,468.00,"23,400.00"
2019-04-11,2019041101005928,ALBSL,40,1,60,468.00,"28,080.00"
2019-04-11,2019041101005874,ALBSL,40,38,10,468.00,"4,680.00"
2019-04-11,2019041101005864,ALBSL,40,46,10,468.00,"4,680.00"
2019-04-11,2019041101005863,ALBSL,40,38,10,468.00,"4,680.00"
2019-04-11,2019041101006234,ALICL,57,57,207,406.00,"84,042.00"
2019-04-11,2019041101005991,ALICL,57,42,200,406.00,"81,200.00"
2019-04-11,2019041101005927,AMFI,54,46,10,636.00,"6,360.00"
2019-04-11,2019041101006354,API,39,20,200,133.00,"26,600.00"
2019-04-11,2019041101006294,API,39,45,29,133.00,"3,857.00"
2019-04-11,2019041101006028,API,46,44,336,135.00,"45,360.00"
2019-04-11,2019041101006020,BARUN,46,39,100,95.00,"9,500.00"
2019-04-11,2019041101006297,BHBL,4,1,100,166.00,"16,600.00"
2019-04-11,2019041101006343,BOKL,52,25,100,263.00,"26,300.00"
2019-04-11,2019041101006342,BOKL,52,32,"1,000",263.00,"263,000.00"
2019-04-11,2019041101006341,BOKL,52,22,200,263.00,"52,600.00"
2019-04-11,2019041101006172,BOKL,1,26,200,262.00,"52,400.00"
2019-04-11,2019041101006112,BOKL,1,25,500,262.00,"131,000.00"
2019-04-11,2019041101006055,BOKL,1,19,90,262.00,"23,580.00"
2019-04-11,2019041101006054,BOKL,16,19,"1,178",262.00,"308,636.00"
2019-04-11,2019041101006003,BOKL,16,58,822,262.00,"215,364.00"
2019-04-11,2019041101006002,BOKL,52,58,"1,000",262.00,"262,000.00"
2019-04-11,2019041101006001,BOKL,16,58,472,262.00,"123,664.00"
2019-04-11,2019041101005877,BOKL,28,19,50,263.00,"13,150.00"
2019-04-11,2019041101005876,BOKL,28,50,32,263.00,"8,416.00"
2019-04-11,2019041101006134,BPCL,26,51,178,360.00,"64,080.00"
2019-04-11,2019041101006133,BPCL,26,25,11,360.00,"3,960.00"
2019-04-11,2019041101006132,BPCL,26,21,11,360.00,"3,960.00"
2019-04-11,2019041101006262,CBBL,42,6,80,903.00,"72,240.00"
2019-04-11,2019041101006261,CBBL,5,6,20,904.00,"18,080.00"
2019-04-11,2019041101006052,CBBL,42,28,290,903.00,"261,870.00"
2019-04-11,2019041101006051,CBBL,5,28,50,904.00,"45,200.00"
2019-04-11,2019041101006050,CBBL,50,28,10,904.00,"9,040.00"
2019-04-11,2019041101006049,CBBL,42,28,50,904.00,"45,200.00"
2019-04-11,2019041101006048,CBBL,34,28,200,905.00,"181,000.00"
2019-04-11,2019041101005922,CBL,17,38,14,161.00,"2,254.00"
2019-04-11,2019041101006293,CCBL,11,59,"1,461",170.00,"248,370.00"
2019-04-11,2019041101006259,CCBL,11,25,539,170.00,"91,630.00"
2019-04-11,2019041101006211,CCBL,41,59,30,170.00,"5,100.00"
2019-04-11,2019041101006210,CCBL,33,59,509,170.00,"86,530.00"
2019-04-11,2019041101006146,CCBL,33,48,"1,000",170.00,"170,000.00"
2019-04-11,2019041101006124,CCBL,33,59,991,170.00,"168,470.00"
2019-04-11,2019041101005911,CCBL,13,48,49,171.00,"8,379.00"
2019-04-11,2019041101005910,CCBL,29,48,13,171.00,"2,223.00"
2019-04-11,2019041101006076,CCBL,10,32,30,171.00,"5,130.00"
2019-04-11,2019041101005960,CCBL,58,32,500,171.00,"85,500.00"
2019-04-11,2019041101005942,CCBL,20,32,200,171.00,"34,200.00"
2019-04-11,2019041101005923,CCBL,1,32,156,171.00,"26,676.00"
2019-04-11,2019041101005913,CCBL,1,48,188,171.00,"32,148.00"
2019-04-11,2019041101005912,CCBL,45,48,50,171.00,"8,550.00"
2019-04-11,2019041101006093,CCBL,45,59,200,170.00,"34,000.00"
2019-04-11,2019041101006092,CCBL,41,59,10,170.00,"1,700.00"
2019-04-11,2019041101006091,CCBL,17,59,71,170.00,"12,070.00"
2019-04-11,2019041101006090,CCBL,32,59,269,171.00,"45,999.00"
2019-04-11,2019041101006079,CCBL,32,1,117,171.00,"20,007.00"
2019-04-11,2019041101006077,CCBL,32,32,114,171.00,"19,494.00"
2019-04-11,2019041101006099,CCBL,29,59,200,170.00,"34,000.00"
2019-04-11,2019041101006098,CCBL,4,59,590,170.00,"100,300.00"
2019-04-11,2019041101006097,CCBL,19,59,200,170.00,"34,000.00"
2019-04-11,2019041101006096,CCBL,16,59,500,170.00,"85,000.00"
2019-04-11,2019041101006095,CCBL,33,59,500,170.00,"85,000.00"
2019-04-11,2019041101006094,CCBL,50,59,300,170.00,"51,000.00"
2019-04-11,2019041101006123,CCBL,47,59,181,170.00,"30,770.00"
2019-04-11,2019041101006110,CCBL,10,58,30,172.00,"5,160.00"
2019-04-11,2019041101006103,CCBL,47,59,419,170.00,"71,230.00"
2019-04-11,2019041101006102,CCBL,4,59,175,170.00,"29,750.00"
2019-04-11,2019041101006101,CCBL,46,59,150,170.00,"25,500.00"
2019-04-11,2019041101006100,CCBL,45,59,270,170.00,"45,900.00"
2019-04-11,2019041101006349,CEFL,17,45,100,101.00,"10,100.00"
2019-04-11,2019041101006290,CHCL,40,32,500,504.00,"252,000.00"
2019-04-11,2019041101005889,CHCL,29,50,50,504.00,"25,200.00"
2019-04-11,2019041101005906,CHL,58,38,10,101.00,"1,010.00"
2019-04-11,2019041101006280,CZBIL,46,50,500,223.00,"111,500.00"
2019-04-11,2019041101006279,CZBIL,46,51,"1,000",223.00,"223,000.00"
2019-04-11,2019041101006278,CZBIL,46,43,388,223.00,"86,524.00"
2019-04-11,2019041101006277,CZBIL,46,29,98,223.00,"21,854.00"
2019-04-11,2019041101006046,DDBL,35,48,50,594.00,"29,700.00"
2019-04-11,2019041101006045,DDBL,53,48,50,594.00,"29,700.00"
2019-04-11,2019041101006120,EBL,49,46,320,600.00,"192,000.00"
2019-04-11,2019041101006119,EBL,35,46,80,601.00,"48,080.00"
2019-04-11,2019041101006118,EBL,33,46,100,601.00,"60,100.00"
2019-04-11,2019041101006117,EBL,58,46,100,601.00,"60,100.00"
2019-04-11,2019041101005967,EBL,34,19,150,601.00,"90,150.00"
2019-04-11,2019041101005907,EBL,34,19,150,601.00,"90,150.00"
2019-04-11,2019041101005879,EBL,50,4,100,601.00,"60,100.00"
2019-04-11,2019041101005871,EBL,17,17,50,600.00,"30,000.00"
2019-04-11,2019041101006313,EIC,16,17,124,953.00,"118,172.00"
2019-04-11,2019041101006312,EIC,36,17,50,953.00,"47,650.00"
2019-04-11,2019041101006311,EIC,32,17,32,953.00,"30,496.00"
2019-04-11,2019041101006310,EIC,1,17,84,953.00,"80,052.00"
2019-04-11,2019041101006257,EIC,1,17,146,953.00,"139,138.00"
2019-04-11,2019041101006256,EIC,42,17,200,953.00,"190,600.00"
2019-04-11,2019041101006141,EIC,34,17,300,953.00,"285,900.00"
2019-04-11,2019041101006140,EIC,54,17,35,953.00,"33,355.00"
2019-04-11,2019041101006139,EIC,26,17,30,953.00,"28,590.00"
2019-04-11,2019041101006255,EIC,38,17,30,953.00,"28,590.00"
2019-04-11,2019041101006254,EIC,16,17,124,953.00,"118,172.00"
2019-04-11,2019041101006145,EIC,16,17,76,953.00,"72,428.00"
2019-04-11,2019041101006144,EIC,49,17,30,953.00,"28,590.00"
2019-04-11,2019041101006143,EIC,17,17,60,953.00,"57,180.00"
2019-04-11,2019041101006142,EIC,17,17,20,953.00,"19,060.00"
2019-04-11,2019041101006242,FOWAD,51,46,15,"1,517.00","22,755.00"
2019-04-11,2019041101005905,FOWAD,45,39,10,"1,514.00","15,140.00"
2019-04-11,2019041101006107,GBIME,54,28,100,272.00,"27,200.00"
2019-04-11,2019041101005972,GBIME,35,4,285,271.00,"77,235.00"
2019-04-11,2019041101005971,GBIME,1,4,715,271.00,"193,765.00"
2019-04-11,2019041101006318,GBLBS,17,52,10,443.00,"4,430.00"
2019-04-11,2019041101006317,GBLBS,34,52,500,444.00,"222,000.00"
2019-04-11,2019041101006316,GBLBS,13,52,90,444.00,"39,960.00"
2019-04-11,2019041101006315,GBLBS,36,52,300,445.00,"133,500.00"
2019-04-11,2019041101006314,GBLBS,50,52,100,445.00,"44,500.00"
2019-04-11,2019041101006263,GBLBS,50,52,200,445.00,"89,000.00"
2019-04-11,2019041101006239,GBLBS,50,52,50,445.00,"22,250.00"
2019-04-11,2019041101006238,GBLBS,1,52,100,445.00,"44,500.00"
2019-04-11,2019041101006152,GBLBS,45,42,10,445.00,"4,450.00"
2019-04-11,2019041101006019,GBLBS,44,13,92,446.00,"41,032.00"
2019-04-11,2019041101006227,GDBL,25,14,20,190.00,"3,800.00"
2019-04-11,2019041101006006,GDBL,28,6,500,189.00,"94,500.00"
2019-04-11,2019041101005978,GDBL,25,51,162,188.00,"30,456.00"
2019-04-11,2019041101005977,GDBL,25,43,42,188.00,"7,896.00"
2019-04-11,2019041101006024,GFCL,4,32,210,122.00,"25,620.00"
2019-04-11,2019041101006339,GLICL,11,54,90,516.00,"46,440.00"
2019-04-11,2019041101006000,GLICL,25,32,250,514.00,"128,500.00"
2019-04-11,2019041101005999,GLICL,58,32,100,515.00,"51,500.00"
2019-04-11,2019041101005915,GLICL,11,54,50,516.00,"25,800.00"
2019-04-11,2019041101005891,GRDBL,43,38,65,103.00,"6,695.00"
2019-04-11,2019041101006288,HBL,46,17,11,490.00,"5,390.00"
2019-04-11,2019041101006039,HBL,33,55,500,485.00,"242,500.00"
2019-04-11,2019041101006038,HBL,18,55,200,485.00,"97,000.00"
2019-04-11,2019041101006037,HBL,4,55,110,485.00,"53,350.00"
2019-04-11,2019041101006036,HBL,19,55,100,485.00,"48,500.00"
2019-04-11,2019041101006219,HGI,21,1,50,385.00,"19,250.00"
2019-04-11,2019041101006213,HGI,25,28,96,382.00,"36,672.00"
2019-04-11,2019041101005882,HGI,25,20,50,382.00,"19,100.00"
2019-04-11,2019041101006199,HIDCL,4,42,10,137.00,"1,370.00"
2019-04-11,2019041101006135,HIDCL,44,26,56,139.00,"7,784.00"
2019-04-11,2019041101006007,HIDCL,4,42,10,137.00,"1,370.00"
2019-04-11,2019041101005885,HIDCL,35,26,10,139.00,"1,390.00"
2019-04-11,2019041101005880,HIDCL,4,38,29,137.00,"3,973.00"
2019-04-11,2019041101006298,HPPL,45,42,10,181.00,"1,810.00"
2019-04-11,2019041101005875,HPPL,45,42,10,181.00,"1,810.00"
2019-04-11,2019041101005873,HPPL,45,38,10,181.00,"1,810.00"
2019-04-11,2019041101005933,IGI,8,44,130,396.00,"51,480.00"
2019-04-11,2019041101005932,IGI,29,44,170,397.00,"67,490.00"
2019-04-11,2019041101005925,IGI,44,34,150,398.00,"59,700.00"
2019-04-11,2019041101006087,IGI,55,34,150,398.00,"59,700.00"
2019-04-11,2019041101006058,JBBL,49,22,48,140.00,"6,720.00"
2019-04-11,2019041101006026,JBBL,28,22,100,142.00,"14,200.00"
2019-04-11,2019041101006025,JBBL,4,22,52,142.00,"7,384.00"
2019-04-11,2019041101006353,JBNL,47,42,90,182.00,"16,380.00"
2019-04-11,2019041101006340,JBNL,47,42,65,182.00,"11,830.00"
2019-04-11,2019041101006319,JBNL,47,42,100,182.00,"18,200.00"
2019-04-11,2019041101006296,JBNL,47,42,37,182.00,"6,734.00"
2019-04-11,2019041101006295,JBNL,47,58,133,182.00,"24,206.00"
2019-04-11,2019041101006251,KBL,17,54,20,259.00,"5,180.00"
2019-04-11,2019041101006218,KBL,36,54,"2,205",259.00,"571,095.00"
2019-04-11,2019041101006217,KBL,36,4,"1,000",259.00,"259,000.00"
2019-04-11,2019041101006216,KBL,36,58,500,259.00,"129,500.00"
2019-04-11,2019041101006215,KBL,36,28,"1,295",259.00,"335,405.00"
2019-04-11,2019041101006212,KBL,49,28,100,259.00,"25,900.00"
2019-04-11,2019041101006204,KBL,39,1,500,258.00,"129,000.00"
2019-04-11,2019041101005919,KBL,14,28,50,259.00,"12,950.00"
2019-04-11,2019041101006228,KNBL,32,44,40,126.00,"5,040.00"
2019-04-11,2019041101006260,KPCL,52,33,10,90.00,900.00
2019-04-11,2019041101005916,KSBBL,50,1,101,144.00,"14,544.00"
2019-04-11,2019041101005899,KSBBL,50,1,101,144.00,"14,544.00"
2019-04-11,2019041101006283,LBBL,22,32,30,174.00,"5,220.00"
2019-04-11,2019041101006183,LBL,37,59,195,207.00,"40,365.00"
2019-04-11,2019041101006182,LBL,4,59,270,207.00,"55,890.00"
2019-04-11,2019041101006175,LBL,43,59,24,207.00,"4,968.00"
2019-04-11,2019041101006181,LBL,59,59,50,207.00,"10,350.00"
2019-04-11,2019041101006180,LBL,43,59,500,207.00,"103,500.00"
2019-04-11,2019041101006179,LBL,40,59,200,207.00,"41,400.00"
2019-04-11,2019041101006178,LBL,14,59,22,207.00,"4,554.00"
2019-04-11,2019041101006177,LBL,32,59,100,207.00,"20,700.00"
2019-04-11,2019041101006176,LBL,38,59,200,207.00,"41,400.00"
2019-04-11,2019041101006282,LGIL,48,57,200,509.00,"101,800.00"
2019-04-11,2019041101006281,LGIL,21,57,100,510.00,"51,000.00"
2019-04-11,2019041101006074,LGIL,25,44,111,508.00,"56,388.00"
2019-04-11,2019041101006013,LGIL,25,10,245,508.00,"124,460.00"
2019-04-11,2019041101006012,LGIL,26,10,60,509.00,"30,540.00"
2019-04-11,2019041101006011,LGIL,39,10,110,509.00,"55,990.00"
2019-04-11,2019041101006229,LICN,11,22,100,"1,545.00","154,500.00"
2019-04-11,2019041101006156,LICN,34,14,40,"1,520.00","60,800.00"
2019-04-11,2019041101006155,LICN,4,14,30,"1,535.00","46,050.00"
2019-04-11,2019041101005934,LICN,4,35,15,"1,540.00","23,100.00"
2019-04-11,2019041101006306,MBL,50,51,937,238.00,"223,006.00"
2019-04-11,2019041101006305,MBL,58,51,386,238.00,"91,868.00"
2019-04-11,2019041101006304,MBL,32,51,560,238.00,"133,280.00"
2019-04-11,2019041101006303,MBL,26,51,117,238.00,"27,846.00"
2019-04-11,2019041101006065,MBL,33,34,100,239.00,"23,900.00"
2019-04-11,2019041101006035,MBL,26,48,541,238.00,"128,758.00"
2019-04-11,2019041101005965,MBL,34,1,350,239.00,"83,650.00"
2019-04-11,2019041101005884,MBL,34,55,150,239.00,"35,850.00"
2019-04-11,2019041101006200,MDB,26,45,48,236.00,"11,328.00"
2019-04-11,2019041101006324,MEGA,58,42,1,170.00,170.00
2019-04-11,2019041101006322,MEGA,37,42,20,170.00,"3,400.00"
2019-04-11,2019041101006309,MEGA,52,28,36,169.00,"6,084.00"
2019-04-11,2019041101006236,MEGA,14,19,15,169.00,"2,535.00"
2019-04-11,2019041101006053,MEGA,14,1,44,169.00,"7,436.00"
2019-04-11,2019041101005982,MEGA,22,42,50,170.00,"8,500.00"
2019-04-11,2019041101005947,MEGA,14,1,40,169.00,"6,760.00"
2019-04-11,2019041101005931,MEGA,11,32,"1,000",169.00,"169,000.00"
2019-04-11,2019041101005902,MEGA,17,42,380,170.00,"64,600.00"
2019-04-11,2019041101005901,MEGA,17,13,120,170.00,"20,400.00"
2019-04-11,2019041101006126,MLBL,8,42,273,172.00,"46,956.00"
2019-04-11,2019041101006230,MNBBL,6,21,27,358.00,"9,666.00"
2019-04-11,2019041101005865,MSLB,13,13,15,"1,230.00","18,450.00"
2019-04-11,2019041101006089,NABIL,7,6,50,740.00,"37,000.00"
2019-04-11,2019041101006060,NABIL,7,41,50,740.00,"37,000.00"
2019-04-11,2019041101006059,NABIL,55,41,50,740.00,"37,000.00"
2019-04-11,2019041101006005,NADEP,36,39,20,652.00,"13,040.00"
2019-04-11,2019041101006004,NADEP,46,39,500,652.00,"326,000.00"
2019-04-11,2019041101006209,NBB,58,46,"1,292",210.00,"271,320.00"
2019-04-11,2019041101006208,NBB,19,46,50,210.00,"10,500.00"
2019-04-11,2019041101006207,NBB,56,46,300,210.00,"63,000.00"
2019-04-11,2019041101006206,NBB,32,46,100,210.00,"21,000.00"
2019-04-11,2019041101006205,NBB,47,46,758,210.00,"159,180.00"
2019-04-11,2019041101006127,NBB,47,28,242,210.00,"50,820.00"
2019-04-11,2019041101006056,NBB,57,46,573,211.00,"120,903.00"
2019-04-11,2019041101005945,NBB,57,47,20,211.00,"4,220.00"
2019-04-11,2019041101005939,NBB,57,36,407,211.00,"85,877.00"
2019-04-11,2019041101005938,NBB,34,36,500,211.00,"105,500.00"
2019-04-11,2019041101005937,NBB,4,36,63,211.00,"13,293.00"
2019-04-11,2019041101006357,NBL,56,46,50,296.00,"14,800.00"
2019-04-11,2019041101006166,NBL,56,28,10,295.00,"2,950.00"
2019-04-11,2019041101006014,NBL,57,42,250,296.00,"74,000.00"
2019-04-11,2019041101005986,NBL,56,55,110,295.00,"32,450.00"
2019-04-11,2019041101005985,NBL,59,42,50,296.00,"14,800.00"
2019-04-11,2019041101006271,NCCB,49,44,387,225.00,"87,075.00"
2019-04-11,2019041101006225,NCCB,49,7,813,225.00,"182,925.00"
2019-04-11,2019041101006224,NCCB,8,7,250,225.00,"56,250.00"
2019-04-11,2019041101006223,NCCB,19,7,500,225.00,"112,500.00"
2019-04-11,2019041101006222,NCCB,7,7,150,225.00,"33,750.00"
2019-04-11,2019041101006221,NCCB,56,7,250,225.00,"56,250.00"
2019-04-11,2019041101006220,NCCB,32,7,17,225.00,"3,825.00"
2019-04-11,2019041101006075,NCCB,32,51,750,225.00,"168,750.00"
2019-04-11,2019041101006057,NCCB,32,13,500,225.00,"112,500.00"
2019-04-11,2019041101005961,NHDL,47,45,10,125.00,"1,250.00"
2019-04-11,2019041101005946,NIB,42,46,37,547.00,"20,239.00"
2019-04-11,2019041101005897,NIB,49,25,100,548.00,"54,800.00"
2019-04-11,2019041101005896,NIB,49,49,135,548.00,"73,980.00"
2019-04-11,2019041101005981,NIBPO,43,50,368,505.00,"185,840.00"
2019-04-11,2019041101005964,NIBPO,59,50,84,505.00,"42,420.00"
2019-04-11,2019041101005921,NIBPO,25,50,500,505.00,"252,500.00"
2019-04-11,2019041101005920,NIBPO,8,50,200,505.00,"101,000.00"
2019-04-11,2019041101006287,NICA,40,43,224,469.00,"105,056.00"
2019-04-11,2019041101006286,NICA,40,21,100,469.00,"46,900.00"
2019-04-11,2019041101006285,NICA,40,43,500,469.00,"234,500.00"
2019-04-11,2019041101006284,NICA,40,20,176,469.00,"82,544.00"
2019-04-11,2019041101006275,NICA,55,20,324,469.00,"151,956.00"
2019-04-11,2019041101006274,NICA,55,22,44,469.00,"20,636.00"
2019-04-11,2019041101005943,NICA,57,43,50,469.00,"23,450.00"
2019-04-11,2019041101005940,NICA,50,43,250,469.00,"117,250.00"
2019-04-11,2019041101005914,NICA,52,43,200,469.00,"93,800.00"
2019-04-11,2019041101005866,NICA,52,43,"1,500",469.00,"703,500.00"
2019-04-11,2019041101006027,NICA,52,53,100,469.00,"46,900.00"
2019-04-11,2019041101006022,NICA,33,53,200,469.00,"93,800.00"
2019-04-11,2019041101005969,NICA,1,34,200,469.00,"93,800.00"
2019-04-11,2019041101005968,NICA,1,43,250,469.00,"117,250.00"
2019-04-11,2019041101005952,NICA,36,55,50,468.00,"23,400.00"
2019-04-11,2019041101005944,NICA,57,43,250,469.00,"117,250.00"
2019-04-11,2019041101006150,NICA,55,16,50,470.00,"23,500.00"
2019-04-11,2019041101006149,NICA,55,34,200,470.00,"94,000.00"
2019-04-11,2019041101006148,NICA,55,16,300,470.00,"141,000.00"
2019-04-11,2019041101006147,NICA,55,57,169,470.00,"79,430.00"
2019-04-11,2019041101006105,NICA,55,53,132,469.00,"61,908.00"
2019-04-11,2019041101006104,NICA,36,39,500,468.00,"234,000.00"
2019-04-11,2019041101006241,NICA,52,22,100,469.00,"46,900.00"
2019-04-11,2019041101006198,NICA,35,22,150,469.00,"70,350.00"
2019-04-11,2019041101006168,NICA,46,22,200,469.00,"93,800.00"
2019-04-11,2019041101006164,NICA,4,32,251,468.00,"117,468.00"
2019-04-11,2019041101006163,NICA,36,32,249,468.00,"116,532.00"
2019-04-11,2019041101006151,NICA,55,55,281,470.00,"132,070.00"
2019-04-11,2019041101006130,NICL,11,34,10,380.00,"3,800.00"
2019-04-11,2019041101006129,NICL,11,22,90,380.00,"34,200.00"
2019-04-11,2019041101006335,NIL,38,38,500,518.00,"259,000.00"
2019-04-11,2019041101006334,NIL,38,38,300,518.00,"155,400.00"
2019-04-11,2019041101006333,NIL,38,38,"1,600",518.00,"828,800.00"
2019-04-11,2019041101006332,NIL,55,38,"1,000",518.00,"518,000.00"
2019-04-11,2019041101006331,NIL,38,38,500,518.00,"259,000.00"
2019-04-11,2019041101006330,NIL,38,38,"1,000",518.00,"518,000.00"
2019-04-11,2019041101006246,NIL,51,44,100,518.00,"51,800.00"
2019-04-11,2019041101006245,NIL,54,44,100,519.00,"51,900.00"
2019-04-11,2019041101006244,NIL,38,44,100,519.00,"51,900.00"
2019-04-11,2019041101006243,NIL,32,44,90,519.00,"46,710.00"
2019-04-11,2019041101006329,NIL,52,38,500,518.00,"259,000.00"
2019-04-11,2019041101006328,NIL,36,38,100,518.00,"51,800.00"
2019-04-11,2019041101006327,NIL,57,38,200,518.00,"103,600.00"
2019-04-11,2019041101006326,NIL,53,38,"1,000",518.00,"518,000.00"
2019-04-11,2019041101006325,NIL,28,38,32,518.00,"16,576.00"
2019-04-11,2019041101006247,NIL,28,44,168,518.00,"87,024.00"
2019-04-11,2019041101005900,NLBBL,4,45,70,455.00,"31,850.00"
2019-04-11,2019041101006138,NLG,44,39,100,859.00,"85,900.00"
2019-04-11,2019041101006114,NLG,44,53,50,850.00,"42,500.00"
2019-04-11,2019041101006113,NLG,44,48,30,850.00,"25,500.00"
2019-04-11,2019041101006086,NLG,44,21,27,835.00,"22,545.00"
2019-04-11,2019041101006085,NLG,44,58,50,830.00,"41,500.00"
2019-04-11,2019041101006084,NLG,44,55,12,828.00,"9,936.00"
2019-04-11,2019041101006083,NLG,44,19,200,827.00,"165,400.00"
2019-04-11,2019041101006082,NLG,44,25,24,826.00,"19,824.00"
2019-04-11,2019041101006352,NLIC,8,19,158,"1,093.00","172,694.00"
2019-04-11,2019041101006351,NLIC,40,19,42,"1,094.00","45,948.00"
2019-04-11,2019041101006348,NLIC,58,58,1,"1,094.00","1,094.00"
2019-04-11,2019041101006272,NLIC,40,42,17,"1,094.00","18,598.00"
2019-04-11,2019041101006250,NLIC,40,44,91,"1,094.00","99,554.00"
2019-04-11,2019041101006249,NLIC,35,45,17,"1,096.00","18,632.00"
2019-04-11,2019041101006171,NLIC,37,45,183,"1,095.00","200,385.00"
2019-04-11,2019041101006017,NLIC,45,28,30,"1,097.00","32,910.00"
2019-04-11,2019041101005998,NLIC,37,1,17,"1,095.00","18,615.00"
2019-04-11,2019041101005997,NLIC,57,1,83,"1,095.00","90,885.00"
2019-04-11,2019041101005903,NLIC,57,42,17,"1,095.00","18,615.00"
2019-04-11,2019041101006302,NLICL,45,6,100,585.00,"58,500.00"
2019-04-11,2019041101006073,NLICL,11,45,100,587.00,"58,700.00"
2019-04-11,2019041101005861,NLICL,21,45,100,582.00,"58,200.00"
2019-04-11,2019041101006359,NMB,4,38,12,356.00,"4,272.00"
2019-04-11,2019041101006337,NMB,4,38,12,356.00,"4,272.00"
2019-04-11,2019041101006321,NMB,4,6,200,356.00,"71,200.00"
2019-04-11,2019041101006301,NMB,58,38,12,356.00,"4,272.00"
2019-04-11,2019041101006111,NMB,19,34,20,357.00,"7,140.00"
2019-04-11,2019041101006043,NMB,45,34,614,357.00,"219,198.00"
2019-04-11,2019041101005959,NMB,44,6,187,357.00,"66,759.00"
2019-04-11,2019041101005958,NMB,44,45,813,357.00,"290,241.00"
2019-04-11,2019041101005950,NMB,52,6,100,357.00,"35,700.00"
2019-04-11,2019041101005930,NMB,52,58,100,357.00,"35,700.00"
2019-04-11,2019041101005890,NMB,52,29,300,357.00,"107,100.00"
2019-04-11,2019041101005872,NMB,25,57,110,357.00,"39,270.00"
2019-04-11,2019041101006042,NMB,45,54,33,357.00,"11,781.00"
2019-04-11,2019041101006041,NMB,45,17,166,357.00,"59,262.00"
2019-04-11,2019041101006018,NMB,58,13,100,356.00,"35,600.00"
2019-04-11,2019041101005988,NMB,52,17,87,357.00,"31,059.00"
2019-04-11,2019041101005987,NMB,52,6,113,357.00,"40,341.00"
2019-04-11,2019041101005963,NMB,52,6,100,357.00,"35,700.00"
2019-04-11,2019041101006358,NMFBS,58,58,5,"1,565.00","7,825.00"
2019-04-11,2019041101006320,NMFBS,57,20,15,"1,564.00","23,460.00"
2019-04-11,2019041101006347,NNLB,46,34,150,420.00,"63,000.00"
2019-04-11,2019041101006346,NNLB,32,34,50,421.00,"21,050.00"
2019-04-11,2019041101006345,NNLB,34,34,50,424.00,"21,200.00"
2019-04-11,2019041101006344,NNLB,53,34,28,425.00,"11,900.00"
2019-04-11,2019041101006062,NTC,35,56,100,680.00,"68,000.00"
2019-04-11,2019041101005951,OHL,41,17,287,440.00,"126,280.00"
2019-04-11,2019041101006350,PCBL,44,43,500,331.00,"165,500.00"
2019-04-11,2019041101006273,PCBL,19,26,20,332.00,"6,640.00"
2019-04-11,2019041101006252,PIC,53,20,11,"1,011.00","11,121.00"
2019-04-11,2019041101006233,PIC,53,7,11,"1,011.00","11,121.00"
2019-04-11,2019041101006232,PIC,6,50,11,"1,010.00","11,110.00"
2019-04-11,2019041101006197,PIC,6,7,11,"1,010.00","11,110.00"
2019-04-11,2019041101006161,PIC,6,17,11,"1,010.00","11,110.00"
2019-04-11,2019041101006131,PIC,6,42,11,"1,010.00","11,110.00"
2019-04-11,2019041101005989,PIC,14,42,10,"1,010.00","10,100.00"
2019-04-11,2019041101006185,PLIC,28,35,460,450.00,"207,000.00"
2019-04-11,2019041101006184,PLIC,45,35,40,450.00,"18,000.00"
2019-04-11,2019041101006010,PLIC,57,28,100,450.00,"45,000.00"
2019-04-11,2019041101005955,PLIC,22,28,50,450.00,"22,500.00"
2019-04-11,2019041101005954,PLIC,6,28,100,450.00,"45,000.00"
2019-04-11,2019041101005953,PLIC,56,28,48,450.00,"21,600.00"
2019-04-11,2019041101006021,PMHPL,36,38,10,111.00,"1,110.00"
2019-04-11,2019041101005975,PMHPL,36,45,10,111.00,"1,110.00"
2019-04-11,2019041101005862,PMHPL,36,48,10,111.00,"1,110.00"
2019-04-11,2019041101006174,PRIN,6,38,100,416.00,"41,600.00"
2019-04-11,2019041101006323,PRVU,39,43,500,248.00,"124,000.00"
2019-04-11,2019041101006154,PRVU,39,38,"1,090",249.00,"271,410.00"
2019-04-11,2019041101006071,PRVU,39,8,500,249.00,"124,500.00"
2019-04-11,2019041101006070,PRVU,39,45,"4,000",249.00,"996,000.00"
2019-04-11,2019041101006069,PRVU,39,22,10,249.00,"2,490.00"
2019-04-11,2019041101006068,PRVU,39,1,490,249.00,"122,010.00"
2019-04-11,2019041101005898,PRVU,40,40,1,249.00,249.00
2019-04-11,2019041101006196,RBCL,22,37,25,"9,100.00","227,500.00"
2019-04-11,2019041101006195,RBCL,45,37,15,"9,105.00","136,575.00"
2019-04-11,2019041101006061,RBCLPO,13,58,10,"8,356.00","83,560.00"
2019-04-11,2019041101005990,RRHP,47,45,10,92.00,920.00
2019-04-11,2019041101005924,RRHP,47,38,10,92.00,920.00
2019-04-11,2019041101005949,RSDC,5,58,95,362.00,"34,390.00"
2019-04-11,2019041101005878,RSDC,7,1,200,364.00,"72,800.00"
2019-04-11,2019041101006064,SADBL,39,52,13,142.00,"1,846.00"
2019-04-11,2019041101006063,SADBL,46,52,200,142.00,"28,400.00"
2019-04-11,2019041101006360,SANIMA,29,19,731,318.00,"232,458.00"
2019-04-11,2019041101006122,SANIMA,29,6,11,318.00,"3,498.00"
2019-04-11,2019041101006121,SANIMA,43,6,100,318.00,"31,800.00"
2019-04-11,2019041101006008,SANIMA,6,19,100,319.00,"31,900.00"
2019-04-11,2019041101005904,SBBLJ,36,20,129,189.00,"24,381.00"
2019-04-11,2019041101006248,SBI,49,28,91,412.00,"37,492.00"
2019-04-11,2019041101005996,SBI,25,55,500,412.00,"206,000.00"
2019-04-11,2019041101005995,SBI,42,55,50,412.00,"20,600.00"
2019-04-11,2019041101005994,SBI,16,55,35,412.00,"14,420.00"
2019-04-11,2019041101005993,SBI,34,55,50,413.00,"20,650.00"
2019-04-11,2019041101006116,SBL,45,4,500,315.00,"157,500.00"
2019-04-11,2019041101006115,SBL,50,4,237,315.00,"74,655.00"
2019-04-11,2019041101005895,SBL,50,52,152,315.00,"47,880.00"
2019-04-11,2019041101005887,SBL,50,29,100,315.00,"31,500.00"
2019-04-11,2019041101005886,SBL,50,16,11,315.00,"3,465.00"
2019-04-11,2019041101005881,SBL,42,16,150,315.00,"47,250.00"
2019-04-11,2019041101006276,SCB,10,52,100,591.00,"59,100.00"
2019-04-11,2019041101005980,SHINE,17,38,30,231.00,"6,930.00"
2019-04-11,2019041101005979,SHINE,17,10,132,231.00,"30,492.00"
2019-04-11,2019041101006226,SHIVM,35,58,50,306.00,"15,300.00"
2019-04-11,2019041101006202,SHIVM,35,58,10,306.00,"3,060.00"
2019-04-11,2019041101006201,SHIVM,22,58,90,306.00,"27,540.00"
2019-04-11,2019041101006193,SHIVM,22,32,210,306.00,"64,260.00"
2019-04-11,2019041101006192,SHIVM,43,32,200,306.00,"61,200.00"
2019-04-11,2019041101006191,SHIVM,14,32,"1,000",306.00,"306,000.00"
2019-04-11,2019041101006190,SHIVM,56,32,200,306.00,"61,200.00"
2019-04-11,2019041101006189,SHIVM,43,32,100,306.00,"30,600.00"
2019-04-11,2019041101006188,SHIVM,40,32,90,307.00,"27,630.00"
2019-04-11,2019041101006162,SHIVM,40,22,50,307.00,"15,350.00"
2019-04-11,2019041101006108,SHIVM,40,34,50,307.00,"15,350.00"
2019-04-11,2019041101006044,SHIVM,40,3,300,307.00,"92,100.00"
2019-04-11,2019041101006033,SHL,6,58,185,206.00,"38,110.00"
2019-04-11,2019041101006032,SHL,17,58,630,206.00,"129,780.00"
2019-04-11,2019041101006031,SHL,49,58,385,207.00,"79,695.00"
2019-04-11,2019041101005908,SHL,49,32,115,207.00,"23,805.00"
2019-04-11,2019041101006289,SIC,11,16,60,"1,335.00","80,100.00"
2019-04-11,2019041101006066,SIFC,16,21,200,137.00,"27,400.00"
2019-04-11,2019041101006258,SIL,25,25,20,606.00,"12,120.00"
2019-04-11,2019041101006231,SKBBL,41,40,200,910.00,"182,000.00"
2019-04-11,2019041101006160,SKBBL,41,29,200,906.00,"181,200.00"
2019-04-11,2019041101006080,SKBBL,41,7,200,910.00,"182,000.00"
2019-04-11,2019041101005957,SKBBL,40,40,1,907.00,907.00
2019-04-11,2019041101005984,SLBS,42,55,10,917.00,"9,170.00"
2019-04-11,2019041101005983,SLBS,48,55,20,918.00,"18,360.00"
2019-04-11,2019041101006355,SLBSL,52,33,10,650.00,"6,500.00"
2019-04-11,2019041101006159,SLBSL,52,45,10,650.00,"6,500.00"
2019-04-11,2019041101006009,SLBSL,6,38,10,649.00,"6,490.00"
2019-04-11,2019041101005917,SLBSL,3,38,10,650.00,"6,500.00"
2019-04-11,2019041101005894,SLBSL,3,38,10,650.00,"6,500.00"
2019-04-11,2019041101005883,SLBSL,3,38,10,650.00,"6,500.00"
2019-04-11,2019041101005974,SLBSL,5,38,10,650.00,"6,500.00"
2019-04-11,2019041101005966,SLBSL,5,38,10,650.00,"6,500.00"
2019-04-11,2019041101005962,SLBSL,5,38,10,650.00,"6,500.00"
2019-04-11,2019041101005948,SLBSL,3,38,10,650.00,"6,500.00"
2019-04-11,2019041101005941,SLBSL,3,38,10,650.00,"6,500.00"
2019-04-11,2019041101005935,SLBSL,3,38,10,650.00,"6,500.00"
2019-04-11,2019041101006270,SLICL,25,43,456,525.00,"239,400.00"
2019-04-11,2019041101006269,SLICL,55,43,100,525.00,"52,500.00"
2019-04-11,2019041101006268,SLICL,44,43,100,525.00,"52,500.00"
2019-04-11,2019041101006267,SLICL,57,43,50,527.00,"26,350.00"
2019-04-11,2019041101006266,SLICL,8,43,10,527.00,"5,270.00"
2019-04-11,2019041101006265,SLICL,55,43,70,527.00,"36,890.00"
2019-04-11,2019041101006264,SLICL,42,43,14,528.00,"7,392.00"
2019-04-11,2019041101006158,SLICL,42,59,105,528.00,"55,440.00"
2019-04-11,2019041101005926,SMATA,28,39,19,"1,200.00","22,800.00"
2019-04-11,2019041101006308,SRBL,34,44,50,236.00,"11,800.00"
2019-04-11,2019041101006307,SRBL,50,44,378,236.00,"89,208.00"
2019-04-11,2019041101006034,SRBL,40,40,1,237.00,237.00
2019-04-11,2019041101006030,SWBBL,6,39,100,827.00,"82,700.00"
2019-04-11,2019041101006081,TRH,48,28,60,231.00,"13,860.00"
2019-04-11,2019041101006067,TRH,48,28,10,233.00,"2,330.00"
2019-04-11,2019041101006237,UFL,28,28,"3,000",195.00,"585,000.00"
2019-04-11,2019041101006165,UIC,11,34,100,783.00,"78,300.00"
2019-04-11,2019041101006173,UMHL,37,42,14,111.00,"1,554.00"
2019-04-11,2019041101005888,UMHL,32,42,14,109.00,"1,526.00"
2019-04-11,2019041101006240,UPCL,40,42,100,93.00,"9,300.00"
2019-04-11,2019041101006125,UPCL,40,55,50,93.00,"4,650.00"
2019-04-11,2019041101005936,UPCL,40,20,50,93.00,"4,650.00"
2019-04-11,2019041101005867,UPCL,40,42,100,93.00,"9,300.00"
2019-04-11,2019041101006356,UPPER,13,38,40,231.00,"9,240.00"
2019-04-11,2019041101006338,UPPER,13,56,40,231.00,"9,240.00"
2019-04-11,2019041101006336,UPPER,13,38,40,231.00,"9,240.00"
2019-04-11,2019041101006300,UPPER,13,38,10,231.00,"2,310.00"
2019-04-11,2019041101006299,UPPER,40,38,30,231.00,"6,930.00"
2019-04-11,2019041101005892,UPPER,22,45,100,232.00,"23,200.00"
2019-04-11,2019041101005870,UPPER,16,41,40,232.00,"9,280.00"
2019-04-11,2019041101005869,UPPER,16,41,40,232.00,"9,280.00"
2019-04-11,2019041101005918,UPPER,33,39,40,231.00,"9,240.00"
2019-04-11,2019041101005909,UPPER,16,28,267,232.00,"61,944.00"
2019-04-11,2019041101005893,UPPER,16,45,193,232.00,"44,776.00"
2019-04-11,2019041101006023,UPPER,40,38,40,231.00,"9,240.00"
2019-04-11,2019041101006016,UPPER,40,38,20,231.00,"4,620.00"
2019-04-11,2019041101006015,UPPER,11,38,20,231.00,"4,620.00"
2019-04-11,2019041101005992,UPPER,11,38,40,231.00,"9,240.00"
2019-04-11,2019041101005976,UPPER,33,38,38,231.00,"8,778.00"
2019-04-11,2019041101005956,UPPER,16,28,13,232.00,"3,016.00"
2019-04-11,2019041101006106,UPPER,40,38,40,231.00,"9,240.00"
2019-04-11,2019041101006088,UPPER,40,38,40,231.00,"9,240.00"
2019-04-11,2019041101006072,UPPER,40,38,40,231.00,"9,240.00"
2019-04-11,2019041101006047,UPPER,40,38,40,231.00,"9,240.00"
2019-04-11,2019041101006040,UPPER,40,50,50,231.00,"11,550.00"
2019-04-11,2019041101006167,UPPER,40,38,40,231.00,"9,240.00"
2019-04-11,2019041101006153,UPPER,40,38,40,231.00,"9,240.00"
2019-04-11,2019041101006137,UPPER,49,43,80,232.00,"18,560.00"
2019-04-11,2019041101006136,UPPER,49,28,120,232.00,"27,840.00"
2019-04-11,2019041101006128,UPPER,40,38,40,231.00,"9,240.00"
2019-04-11,2019041101006109,UPPER,40,47,40,231.00,"9,240.00"
2019-04-11,2019041101006253,UPPER,40,38,40,231.00,"9,240.00"
2019-04-11,2019041101006235,UPPER,40,38,40,231.00,"9,240.00"
2019-04-11,2019041101006214,UPPER,40,38,40,231.00,"9,240.00"
2019-04-11,2019041101006203,UPPER,40,33,40,231.00,"9,240.00"
2019-04-11,2019041101006194,UPPER,40,38,40,231.00,"9,240.00"
2019-04-11,2019041101006186,UPPER,40,17,40,231.00,"9,240.00"
2019-04-11,2019041101005421,AHPC,55,6,"2,200",102.00,"224,400.00"
2019-04-11,2019041101005436,AKJCL,25,49,20,79.00,"1,580.00"
2019-04-11,2019041101005654,AKPL,22,17,41,167.00,"6,847.00"
2019-04-11,2019041101005681,AKPL,22,46,13,167.00,"2,171.00"
2019-04-11,2019041101005658,AKPL,22,17,41,167.00,"6,847.00"
2019-04-11,2019041101005853,ALBSL,40,38,10,468.00,"4,680.00"
2019-04-11,2019041101005844,ALBSL,42,38,10,468.00,"4,680.00"
2019-04-11,2019041101005826,ALBSL,42,38,10,468.00,"4,680.00"
2019-04-11,2019041101005821,ALBSL,42,38,10,468.00,"4,680.00"
2019-04-11,2019041101005820,ALBSL,25,17,10,469.00,"4,690.00"
2019-04-11,2019041101005816,ALBSL,42,17,10,468.00,"4,680.00"
2019-04-11,2019041101005486,ALBSL,52,54,10,469.00,"4,690.00"
2019-04-11,2019041101005473,ALBSL,29,38,10,470.00,"4,700.00"
2019-04-11,2019041101005472,ALBSL,29,38,10,470.00,"4,700.00"
2019-04-11,2019041101005471,ALBSL,29,38,10,470.00,"4,700.00"
2019-04-11,2019041101005401,ALBSL,52,10,10,469.00,"4,690.00"
2019-04-11,2019041101005807,ALBSL,42,38,10,468.00,"4,680.00"
2019-04-11,2019041101005796,ALBSL,52,29,10,469.00,"4,690.00"
2019-04-11,2019041101005757,ALBSL,52,29,10,469.00,"4,690.00"
2019-04-11,2019041101005712,ALBSL,52,16,10,469.00,"4,690.00"
2019-04-11,2019041101005418,API,25,40,70,136.00,"9,520.00"
2019-04-11,2019041101005414,API,25,39,150,135.00,"20,250.00"
2019-04-11,2019041101005403,API,39,25,756,133.00,"100,548.00"
2019-04-11,2019041101005402,API,44,25,90,133.00,"11,970.00"
2019-04-11,2019041101005365,API,44,38,10,133.00,"1,330.00"
2019-04-11,2019041101005480,BARUN,52,14,20,94.00,"1,880.00"
2019-04-11,2019041101005803,BHBL,4,34,527,165.00,"86,955.00"
2019-04-11,2019041101005703,BHBL,4,3,303,165.00,"49,995.00"
2019-04-11,2019041101005617,BHBL,4,55,130,165.00,"21,450.00"
2019-04-11,2019041101005819,BOKL,16,48,500,262.00,"131,000.00"
2019-04-11,2019041101005804,BOKL,16,59,23,262.00,"6,026.00"
2019-04-11,2019041101005642,BOKL,58,50,16,263.00,"4,208.00"
2019-04-11,2019041101005404,BOKL,16,57,113,262.00,"29,606.00"
2019-04-11,2019041101005809,BPCL,13,59,11,359.00,"3,949.00"
2019-04-11,2019041101005695,BPCL,13,46,33,359.00,"11,847.00"
2019-04-11,2019041101005563,BPCL,43,42,110,358.00,"39,380.00"
2019-04-11,2019041101005493,CBBL,53,46,70,906.00,"63,420.00"
2019-04-11,2019041101005482,CBBL,26,46,230,906.00,"208,380.00"
2019-04-11,2019041101005481,CBBL,26,22,120,906.00,"108,720.00"
2019-04-11,2019041101005459,CBBL,36,19,700,908.00,"635,600.00"
2019-04-11,2019041101005458,CBBL,5,19,20,909.00,"18,180.00"
2019-04-11,2019041101005363,CBBL,5,21,30,909.00,"27,270.00"
2019-04-11,2019041101005717,CBL,17,22,35,161.00,"5,635.00"
2019-04-11,2019041101005568,CBL,57,35,"1,000",161.00,"161,000.00"
2019-04-11,2019041101005567,CBL,34,35,50,161.00,"8,050.00"
2019-04-11,2019041101005566,CBL,32,35,"1,338",161.00,"215,418.00"
2019-04-11,2019041101005721,CCBL,29,16,27,171.00,"4,617.00"
2019-04-11,2019041101005616,CCBL,5,58,60,172.00,"10,320.00"
2019-04-11,2019041101005615,CCBL,5,45,72,172.00,"12,384.00"
2019-04-11,2019041101005607,CCBL,29,48,960,171.00,"164,160.00"
2019-04-11,2019041101005606,CCBL,1,48,40,171.00,"6,840.00"
2019-04-11,2019041101005592,CCBL,1,36,50,171.00,"8,550.00"
2019-04-11,2019041101005591,CCBL,33,36,300,171.00,"51,300.00"
2019-04-11,2019041101005590,CCBL,47,36,50,171.00,"8,550.00"
2019-04-11,2019041101005589,CCBL,47,36,50,171.00,"8,550.00"
2019-04-11,2019041101005588,CCBL,47,36,50,171.00,"8,550.00"
2019-04-11,2019041101005376,CCBL,33,58,"1,000",172.00,"172,000.00"
2019-04-11,2019041101005375,CCBL,33,19,90,172.00,"15,480.00"
2019-04-11,2019041101005634,CCBLPO,57,34,"3,150",140.00,"441,000.00"
2019-04-11,2019041101005734,CFCL,4,41,24,109.00,"2,616.00"
2019-04-11,2019041101005650,CFCL,4,41,24,109.00,"2,616.00"
2019-04-11,2019041101005552,CFCL,4,41,24,109.00,"2,616.00"
2019-04-11,2019041101005424,CFCL,4,42,135,109.00,"14,715.00"
2019-04-11,2019041101005824,CHCL,44,50,50,504.00,"25,200.00"
2019-04-11,2019041101005609,CHCL,49,50,200,504.00,"100,800.00"
2019-04-11,2019041101005544,CHCL,28,54,14,503.00,"7,042.00"
2019-04-11,2019041101005714,CHLBS,25,55,10,480.00,"4,800.00"
2019-04-11,2019041101005374,CHLBS,49,25,178,480.00,"85,440.00"
2019-04-11,2019041101005666,CIT,57,51,30,"2,565.00","76,950.00"
2019-04-11,2019041101005787,CZBIL,50,49,600,222.00,"133,200.00"
2019-04-11,2019041101005605,CZBIL,50,21,30,222.00,"6,660.00"
2019-04-11,2019041101005528,CZBIL,5,19,150,222.00,"33,300.00"
2019-04-11,2019041101005478,CZBIL,17,19,50,222.00,"11,100.00"
2019-04-11,2019041101005462,CZBIL,49,43,10,221.00,"2,210.00"
2019-04-11,2019041101005395,CZBIL,49,36,335,221.00,"74,035.00"
2019-04-11,2019041101005394,CZBIL,38,36,172,221.00,"38,012.00"
2019-04-11,2019041101005364,CZBIL,38,46,10,221.00,"2,210.00"
2019-04-11,2019041101005641,DBBL,49,58,"1,200",129.00,"154,800.00"
2019-04-11,2019041101005640,DBBL,49,34,290,129.00,"37,410.00"
2019-04-11,2019041101005549,DBBL,22,34,20,129.00,"2,580.00"
2019-04-11,2019041101005548,DBBL,4,34,90,129.00,"11,610.00"
2019-04-11,2019041101005850,EBL,52,4,50,601.00,"30,050.00"
2019-04-11,2019041101005702,EBL,17,48,50,600.00,"30,000.00"
2019-04-11,2019041101005648,EBL,6,4,50,601.00,"30,050.00"
2019-04-11,2019041101005647,EBL,6,40,100,601.00,"60,100.00"
2019-04-11,2019041101005450,EBL,22,19,30,600.00,"18,000.00"
2019-04-11,2019041101005449,EBL,47,19,20,600.00,"12,000.00"
2019-04-11,2019041101005448,EBL,4,19,80,600.00,"48,000.00"
2019-04-11,2019041101005447,EBL,39,19,80,600.00,"48,000.00"
2019-04-11,2019041101005489,EIC,32,11,86,953.00,"81,958.00"
2019-04-11,2019041101005488,EIC,41,11,14,953.00,"13,342.00"
2019-04-11,2019041101005750,FOWAD,50,37,50,"1,516.00","75,800.00"
2019-04-11,2019041101005396,GBBL,13,38,53,193.00,"10,229.00"
2019-04-11,2019041101005800,GBIME,22,28,200,272.00,"54,400.00"
2019-04-11,2019041101005744,GBIME,1,35,485,271.00,"131,435.00"
2019-04-11,2019041101005743,GBIME,17,35,200,271.00,"54,200.00"
2019-04-11,2019041101005742,GBIME,6,35,315,271.00,"85,365.00"
2019-04-11,2019041101005694,GBIME,6,28,10,272.00,"2,720.00"
2019-04-11,2019041101005416,GBIME,22,28,20,272.00,"5,440.00"
2019-04-11,2019041101005391,GBIME,6,21,10,271.00,"2,710.00"
2019-04-11,2019041101005390,GBIME,14,21,490,271.00,"132,790.00"
2019-04-11,2019041101005818,GBLBS,1,48,134,445.00,"59,630.00"
2019-04-11,2019041101005815,GBLBS,13,58,10,444.00,"4,440.00"
2019-04-11,2019041101005756,GBLBS,58,48,166,445.00,"73,870.00"
2019-04-11,2019041101005755,GBLBS,58,17,134,445.00,"59,630.00"
2019-04-11,2019041101005679,GBLBS,26,32,"1,044",445.00,"464,580.00"
2019-04-11,2019041101005678,GBLBS,26,1,211,443.00,"93,473.00"
2019-04-11,2019041101005440,GBLBS,47,17,16,444.00,"7,104.00"
2019-04-11,2019041101005601,GBLBS,39,1,49,443.00,"21,707.00"
2019-04-11,2019041101005539,GBLBS,13,1,100,443.00,"44,300.00"
2019-04-11,2019041101005538,GBLBS,58,1,140,443.00,"62,020.00"
2019-04-11,2019041101005508,GBLBS,34,32,500,444.00,"222,000.00"
2019-04-11,2019041101005443,GBLBS,58,52,90,443.00,"39,870.00"
2019-04-11,2019041101005442,GBLBS,42,52,10,444.00,"4,440.00"
2019-04-11,2019041101005422,GDBL,40,38,30,186.00,"5,580.00"
2019-04-11,2019041101005558,GFCL,4,51,420,122.00,"51,240.00"
2019-04-11,2019041101005562,GLICL,48,8,200,515.00,"103,000.00"
2019-04-11,2019041101005848,GRDBL,7,22,500,104.00,"52,000.00"
2019-04-11,2019041101005847,GRDBL,57,22,435,104.00,"45,240.00"
2019-04-11,2019041101005846,GRDBL,51,22,30,105.00,"3,150.00"
2019-04-11,2019041101005845,GRDBL,57,22,500,105.00,"52,500.00"
2019-04-11,2019041101005408,GRDBL,57,38,60,105.00,"6,300.00"
2019-04-11,2019041101005792,GUFL,4,41,18,111.00,"1,998.00"
2019-04-11,2019041101005604,GUFL,4,16,150,111.00,"16,650.00"
2019-04-11,2019041101005603,GUFL,22,16,50,111.00,"5,550.00"
2019-04-11,2019041101005751,HBL,16,7,238,489.00,"116,382.00"
2019-04-11,2019041101005556,HBL,36,53,22,491.00,"10,802.00"
2019-04-11,2019041101005574,HGI,51,39,50,383.00,"19,150.00"
2019-04-11,2019041101005753,HIDCL,4,48,100,137.00,"13,700.00"
2019-04-11,2019041101005653,HIDCL,4,16,183,137.00,"25,071.00"
2019-04-11,2019041101005612,HIDCL,4,41,28,137.00,"3,836.00"
2019-04-11,2019041101005433,HIDCL,4,38,29,137.00,"3,973.00"
2019-04-11,2019041101005565,HPPL,45,7,10,181.00,"1,810.00"
2019-04-11,2019041101005452,HPPL,45,38,20,181.00,"3,620.00"
2019-04-11,2019041101005398,HPPL,45,46,10,181.00,"1,810.00"
2019-04-11,2019041101005451,ICFC,58,38,15,152.00,"2,280.00"
2019-04-11,2019041101005811,IGI,17,44,200,399.00,"79,800.00"
2019-04-11,2019041101005810,IGI,17,34,300,398.00,"119,400.00"
2019-04-11,2019041101005801,IGI,29,1,380,397.00,"150,860.00"
2019-04-11,2019041101005729,IGI,29,34,450,397.00,"178,650.00"
2019-04-11,2019041101005728,IGI,5,51,462,398.00,"183,876.00"
2019-04-11,2019041101005419,JBBL,4,35,11,142.00,"1,562.00"
2019-04-11,2019041101005501,JBNL,34,57,571,182.00,"103,922.00"
2019-04-11,2019041101005388,JBNL,45,22,50,181.00,"9,050.00"
2019-04-11,2019041101005660,JBNLPO,56,40,"4,800",100.00,"480,000.00"
2019-04-11,2019041101005688,JFL,41,16,187,165.00,"30,855.00"
2019-04-11,2019041101005687,JFL,58,16,200,166.00,"33,200.00"
2019-04-11,2019041101005842,KBL,39,54,530,258.00,"136,740.00"
2019-04-11,2019041101005841,KBL,25,54,100,258.00,"25,800.00"
2019-04-11,2019041101005840,KBL,34,54,"1,000",258.00,"258,000.00"
2019-04-11,2019041101005839,KBL,33,54,"1,000",258.00,"258,000.00"
2019-04-11,2019041101005838,KBL,47,54,100,258.00,"25,800.00"
2019-04-11,2019041101005837,KBL,51,54,50,258.00,"12,900.00"
2019-04-11,2019041101005511,KBL,38,28,100,259.00,"25,900.00"
2019-04-11,2019041101005510,KBL,43,28,100,259.00,"25,900.00"
2019-04-11,2019041101005509,KBL,34,28,"1,720",259.00,"445,480.00"
2019-04-11,2019041101005492,KBL,51,54,100,260.00,"26,000.00"
2019-04-11,2019041101005484,KBL,26,54,100,260.00,"26,000.00"
2019-04-11,2019041101005397,KBL,34,20,240,259.00,"62,160.00"
2019-04-11,2019041101005517,KBL,50,28,200,259.00,"51,800.00"
2019-04-11,2019041101005516,KBL,45,28,50,259.00,"12,950.00"
2019-04-11,2019041101005515,KBL,50,28,"2,000",259.00,"518,000.00"
2019-04-11,2019041101005514,KBL,45,28,500,259.00,"129,500.00"
2019-04-11,2019041101005513,KBL,58,28,50,259.00,"12,950.00"
2019-04-11,2019041101005512,KBL,4,28,"1,000",259.00,"259,000.00"
2019-04-11,2019041101005523,KBL,41,28,200,259.00,"51,800.00"
2019-04-11,2019041101005522,KBL,1,28,100,259.00,"25,900.00"
2019-04-11,2019041101005521,KBL,16,28,100,259.00,"25,900.00"
2019-04-11,2019041101005520,KBL,42,28,300,259.00,"77,700.00"
2019-04-11,2019041101005519,KBL,13,28,100,259.00,"25,900.00"
2019-04-11,2019041101005518,KBL,47,28,500,259.00,"129,500.00"
2019-04-11,2019041101005830,KBL,13,54,100,258.00,"25,800.00"
2019-04-11,2019041101005829,KBL,53,54,200,258.00,"51,600.00"
2019-04-11,2019041101005797,KBL,41,28,"1,000",259.00,"259,000.00"
2019-04-11,2019041101005708,KBL,19,28,"1,000",259.00,"259,000.00"
2019-04-11,2019041101005613,KBL,46,28,100,259.00,"25,900.00"
2019-04-11,2019041101005525,KBL,43,28,500,259.00,"129,500.00"
2019-04-11,2019041101005836,KBL,25,54,50,258.00,"12,900.00"
2019-04-11,2019041101005835,KBL,50,54,200,258.00,"51,600.00"
2019-04-11,2019041101005834,KBL,26,54,100,258.00,"25,800.00"
2019-04-11,2019041101005833,KBL,51,54,"1,000",258.00,"258,000.00"
2019-04-11,2019041101005832,KBL,29,54,70,258.00,"18,060.00"
2019-04-11,2019041101005831,KBL,59,54,500,258.00,"129,000.00"
2019-04-11,2019041101005457,KKHC,45,46,110,79.00,"8,690.00"
2019-04-11,2019041101005446,KKHC,45,49,10,79.00,790.00
2019-04-11,2019041101005575,KPCL,52,7,10,90.00,900.00
2019-04-11,2019041101005477,KPCL,52,43,10,90.00,900.00
2019-04-11,2019041101005732,LBBL,56,29,125,173.00,"21,625.00"
2019-04-11,2019041101005731,LBBL,6,29,228,173.00,"39,444.00"
2019-04-11,2019041101005822,LBL,43,38,15,207.00,"3,105.00"
2019-04-11,2019041101005727,LGIL,39,16,90,509.00,"45,810.00"
2019-04-11,2019041101005726,LGIL,57,16,50,509.00,"25,450.00"
2019-04-11,2019041101005725,LGIL,51,16,100,509.00,"50,900.00"
2019-04-11,2019041101005724,LGIL,44,16,50,510.00,"25,500.00"
2019-04-11,2019041101005723,LGIL,35,16,10,510.00,"5,100.00"
2019-04-11,2019041101005707,LGIL,45,14,50,511.00,"25,550.00"
2019-04-11,2019041101005677,LLBS,44,28,10,780.00,"7,800.00"
2019-04-11,2019041101005614,LLBS,44,6,80,770.00,"61,600.00"
2019-04-11,2019041101005593,LLBS,44,35,10,770.00,"7,700.00"
2019-04-11,2019041101005500,LLBS,44,35,10,770.00,"7,700.00"
2019-04-11,2019041101005441,LLBS,4,45,10,754.00,"7,540.00"
2019-04-11,2019041101005827,MBL,19,17,20,240.00,"4,800.00"
2019-04-11,2019041101005825,MBL,50,22,200,239.00,"47,800.00"
2019-04-11,2019041101005594,MBL,50,50,300,239.00,"71,700.00"
2019-04-11,2019041101005573,MBL,26,35,100,238.00,"23,800.00"
2019-04-11,2019041101005495,MBL,26,38,10,238.00,"2,380.00"
2019-04-11,2019041101005461,MBL,21,56,100,239.00,"23,900.00"
2019-04-11,2019041101005460,MBL,21,50,16,239.00,"3,824.00"
2019-04-11,2019041101005843,MEGA,14,28,20,169.00,"3,380.00"
2019-04-11,2019041101005662,MEGA,22,13,30,170.00,"5,100.00"
2019-04-11,2019041101005490,MEGA,17,19,100,170.00,"17,000.00"
2019-04-11,2019041101005813,MERO,49,38,12,556.00,"6,672.00"
2019-04-11,2019041101005485,MERO,39,38,16,555.00,"8,880.00"
2019-04-11,2019041101005805,MLBL,8,38,11,172.00,"1,892.00"
2019-04-11,2019041101005498,MLBL,8,38,11,172.00,"1,892.00"
2019-04-11,2019041101005438,MMFDB,57,39,60,910.00,"54,600.00"
2019-04-11,2019041101005674,MNBBL,38,21,73,360.00,"26,280.00"
2019-04-11,2019041101005659,MNBBL,38,21,100,360.00,"36,000.00"
2019-04-11,2019041101005602,MNBBL,38,19,300,360.00,"108,000.00"
2019-04-11,2019041101005587,MNBBL,38,25,100,360.00,"36,000.00"
2019-04-11,2019041101005413,MNBBL,38,50,60,359.00,"21,540.00"
2019-04-11,2019041101005412,MNBBL,38,51,15,358.00,"5,370.00"
2019-04-11,2019041101005392,MNBBL,38,51,85,358.00,"30,430.00"
2019-04-11,2019041101005373,MNBBL,38,50,32,359.00,"11,488.00"
2019-04-11,2019041101005483,MNBBL,38,1,30,359.00,"10,770.00"
2019-04-11,2019041101005470,MNBBL,38,56,55,360.00,"19,800.00"
2019-04-11,2019041101005456,MNBBL,38,56,90,360.00,"32,400.00"
2019-04-11,2019041101005445,MNBBL,38,56,30,360.00,"10,800.00"
2019-04-11,2019041101005435,MNBBL,38,56,56,360.00,"20,160.00"
2019-04-11,2019041101005434,MNBBL,38,50,24,359.00,"8,616.00"
2019-04-11,2019041101005543,MNBBL,38,56,70,360.00,"25,200.00"
2019-04-11,2019041101005536,MNBBL,38,56,55,360.00,"19,800.00"
2019-04-11,2019041101005527,MNBBL,38,56,15,360.00,"5,400.00"
2019-04-11,2019041101005526,MNBBL,38,1,10,359.00,"3,590.00"
2019-04-11,2019041101005502,MNBBL,38,1,30,359.00,"10,770.00"
2019-04-11,2019041101005497,MNBBL,38,1,30,359.00,"10,770.00"
2019-04-11,2019041101005586,MNBBL,38,46,10,360.00,"3,600.00"
2019-04-11,2019041101005585,MNBBL,38,29,87,360.00,"31,320.00"
2019-04-11,2019041101005572,MNBBL,38,29,13,360.00,"4,680.00"
2019-04-11,2019041101005571,MNBBL,38,56,127,360.00,"45,720.00"
2019-04-11,2019041101005554,MNBBL,38,17,83,360.00,"29,880.00"
2019-04-11,2019041101005553,MNBBL,38,56,66,360.00,"23,760.00"
2019-04-11,2019041101005795,MSLB,13,13,15,"1,230.00","18,450.00"
2019-04-11,2019041101005633,MSLB,7,49,15,"1,230.00","18,450.00"
2019-04-11,2019041101005579,NABIL,43,42,50,740.00,"37,000.00"
2019-04-11,2019041101005367,NABIL,4,6,50,741.00,"37,050.00"
2019-04-11,2019041101005399,NADEP,21,42,10,652.00,"6,520.00"
2019-04-11,2019041101005578,NBB,4,41,202,211.00,"42,622.00"
2019-04-11,2019041101005577,NBB,52,41,100,211.00,"21,100.00"
2019-04-11,2019041101005576,NBB,58,41,47,211.00,"9,917.00"
2019-04-11,2019041101005453,NBB,58,57,103,211.00,"21,733.00"
2019-04-11,2019041101005368,NBB,58,14,133,211.00,"28,063.00"
2019-04-11,2019041101005387,NBL,44,25,"2,000",295.00,"590,000.00"
2019-04-11,2019041101005386,NBL,59,25,100,295.00,"29,500.00"
2019-04-11,2019041101005385,NBL,33,25,"1,000",295.00,"295,000.00"
2019-04-11,2019041101005384,NBL,28,25,300,295.00,"88,500.00"
2019-04-11,2019041101005383,NBL,22,25,300,296.00,"88,800.00"
2019-04-11,2019041101005808,NCCB,11,17,100,226.00,"22,600.00"
2019-04-11,2019041101005667,NCCB,32,22,500,225.00,"112,500.00"
2019-04-11,2019041101005628,NCCB,32,32,"1,233",225.00,"277,425.00"
2019-04-11,2019041101005627,NCCB,59,32,80,225.00,"18,000.00"
2019-04-11,2019041101005626,NCCB,6,32,687,225.00,"154,575.00"
2019-04-11,2019041101005610,NCCB,6,32,433,225.00,"97,425.00"
2019-04-11,2019041101005468,NCCB,57,56,20,225.00,"4,500.00"
2019-04-11,2019041101005437,NCCB,22,17,20,226.00,"4,520.00"
2019-04-11,2019041101005561,NCCB,6,32,880,225.00,"198,000.00"
2019-04-11,2019041101005560,NCCB,17,32,100,225.00,"22,500.00"
2019-04-11,2019041101005559,NCCB,58,32,20,225.00,"4,500.00"
2019-04-11,2019041101005545,NCCB,34,17,"1,000",226.00,"226,000.00"
2019-04-11,2019041101005529,NCCB,4,17,100,226.00,"22,600.00"
2019-04-11,2019041101005469,NCCB,58,56,480,225.00,"108,000.00"
2019-04-11,2019041101005454,NGPL,1,49,11,120.00,"1,320.00"
2019-04-11,2019041101005802,NHDL,47,48,10,125.00,"1,250.00"
2019-04-11,2019041101005854,NIB,49,49,10,548.00,"5,480.00"
2019-04-11,2019041101005794,NIB,42,38,14,547.00,"7,658.00"
2019-04-11,2019041101005788,NIB,42,49,13,548.00,"7,124.00"
2019-04-11,2019041101005524,NIB,42,14,190,547.00,"103,930.00"
2019-04-11,2019041101005503,NIB,42,38,20,547.00,"10,940.00"
2019-04-11,2019041101005828,NIBPO,8,48,300,505.00,"151,500.00"
2019-04-11,2019041101005823,NICA,35,40,150,469.00,"70,350.00"
2019-04-11,2019041101005812,NICA,52,43,500,469.00,"234,500.00"
2019-04-11,2019041101005716,NICA,29,4,100,469.00,"46,900.00"
2019-04-11,2019041101005715,NICA,29,48,500,469.00,"234,500.00"
2019-04-11,2019041101005582,NICA,18,11,28,469.00,"13,132.00"
2019-04-11,2019041101005581,NICA,18,43,500,469.00,"234,500.00"
2019-04-11,2019041101005427,NICA,55,35,500,470.00,"235,000.00"
2019-04-11,2019041101005426,NICA,55,43,232,470.00,"109,040.00"
2019-04-11,2019041101005415,NICA,36,21,20,468.00,"9,360.00"
2019-04-11,2019041101005366,NICA,36,28,23,468.00,"10,764.00"
2019-04-11,2019041101005580,NICA,18,11,50,469.00,"23,450.00"
2019-04-11,2019041101005432,NICA,55,57,888,470.00,"417,360.00"
2019-04-11,2019041101005431,NICA,55,42,15,470.00,"7,050.00"
2019-04-11,2019041101005430,NICA,55,39,70,470.00,"32,900.00"
2019-04-11,2019041101005429,NICA,55,17,385,470.00,"180,950.00"
2019-04-11,2019041101005428,NICA,55,39,110,470.00,"51,700.00"
2019-04-11,2019041101005711,NLIC,26,22,17,"1,096.00","18,632.00"
2019-04-11,2019041101005699,NLIC,26,22,17,"1,096.00","18,632.00"
2019-04-11,2019041101005698,NLIC,26,42,10,"1,096.00","10,960.00"
2019-04-11,2019041101005672,NLIC,33,42,43,"1,095.00","47,085.00"
2019-04-11,2019041101005671,NLIC,55,42,50,"1,095.00","54,750.00"
2019-04-11,2019041101005670,NLIC,17,42,10,"1,095.00","10,950.00"
2019-04-11,2019041101005669,NLIC,33,42,77,"1,095.00","84,315.00"
2019-04-11,2019041101005542,NLIC,33,42,100,"1,095.00","109,500.00"
2019-04-11,2019041101005530,NLIC,33,38,17,"1,095.00","18,615.00"
2019-04-11,2019041101005859,NMB,58,17,500,356.00,"178,000.00"
2019-04-11,2019041101005806,NMB,25,16,309,357.00,"110,313.00"
2019-04-11,2019041101005791,NMB,39,16,150,357.00,"53,550.00"
2019-04-11,2019041101005790,NMB,34,16,50,357.00,"17,850.00"
2019-04-11,2019041101005789,NMB,25,16,291,357.00,"103,887.00"
2019-04-11,2019041101005748,NMB,25,16,49,357.00,"17,493.00"
2019-04-11,2019041101005406,NMB,47,51,115,357.00,"41,055.00"
2019-04-11,2019041101005405,NMB,54,51,85,357.00,"30,345.00"
2019-04-11,2019041101005494,NMB,58,46,25,356.00,"8,900.00"
2019-04-11,2019041101005476,NMB,58,59,450,356.00,"160,200.00"
2019-04-11,2019041101005475,NMB,17,57,35,357.00,"12,495.00"
2019-04-11,2019041101005474,NMB,17,26,15,357.00,"5,355.00"
2019-04-11,2019041101005455,NMB,58,10,12,356.00,"4,272.00"
2019-04-11,2019041101005417,NMB,47,26,285,357.00,"101,745.00"
2019-04-11,2019041101005740,NMB,25,22,500,357.00,"178,500.00"
2019-04-11,2019041101005636,NMB,25,57,160,357.00,"57,120.00"
2019-04-11,2019041101005635,NMB,47,57,340,357.00,"121,380.00"
2019-04-11,2019041101005564,NMB,25,21,98,357.00,"34,986.00"
2019-04-11,2019041101005507,NMB,43,21,52,357.00,"18,564.00"
2019-04-11,2019041101005506,NMB,43,57,448,357.00,"159,936.00"
2019-04-11,2019041101005505,NMBMF,4,18,30,"1,020.00","30,600.00"
2019-04-11,2019041101005758,NMFBS,38,38,15,"1,565.00","23,475.00"
2019-04-11,2019041101005733,NMFBS,57,32,23,"1,564.00","35,972.00"
2019-04-11,2019041101005649,NTC,22,19,10,682.00,"6,820.00"
2019-04-11,2019041101005624,NTC,33,19,10,682.00,"6,820.00"
2019-04-11,2019041101005639,NUBL,41,57,200,755.00,"151,000.00"
2019-04-11,2019041101005632,NUBL,42,42,15,750.00,"11,250.00"
2019-04-11,2019041101005631,NUBL,42,42,20,750.00,"15,000.00"
2019-04-11,2019041101005630,NUBL,40,42,100,751.00,"75,100.00"
2019-04-11,2019041101005551,OHL,59,56,250,437.00,"109,250.00"
2019-04-11,2019041101005665,PCBL,44,32,570,331.00,"188,670.00"
2019-04-11,2019041101005664,PCBL,47,32,21,331.00,"6,951.00"
2019-04-11,2019041101005746,PFL,57,41,39,133.00,"5,187.00"
2019-04-11,2019041101005661,PFL,57,7,73,133.00,"9,709.00"
2019-04-11,2019041101005638,PFL,57,6,13,133.00,"1,729.00"
2019-04-11,2019041101005637,PFL,57,5,13,133.00,"1,729.00"
2019-04-11,2019041101005504,PFL,26,45,10,132.00,"1,320.00"
2019-04-11,2019041101005761,PIC,6,7,11,"1,010.00","11,110.00"
2019-04-11,2019041101005760,PIC,6,46,11,"1,010.00","11,110.00"
2019-04-11,2019041101005673,PLIC,56,16,52,450.00,"23,400.00"
2019-04-11,2019041101005706,PMHPL,36,16,10,111.00,"1,110.00"
2019-04-11,2019041101005531,PMHPL,36,46,10,111.00,"1,110.00"
2019-04-11,2019041101005411,PMHPL,36,45,10,112.00,"1,120.00"
2019-04-11,2019041101005410,PMHPL,36,41,10,112.00,"1,120.00"
2019-04-11,2019041101005409,PMHPL,36,45,10,112.00,"1,120.00"
2019-04-11,2019041101005704,PRIN,41,5,123,415.00,"51,045.00"
2019-04-11,2019041101005701,PRIN,57,56,127,414.00,"52,578.00"
2019-04-11,2019041101005700,PRIN,13,56,48,414.00,"19,872.00"
2019-04-11,2019041101005569,PRIN,33,5,670,415.00,"278,050.00"
2019-04-11,2019041101005491,PRIN,41,56,25,416.00,"10,400.00"
2019-04-11,2019041101005479,PRIN,41,45,25,416.00,"10,400.00"
2019-04-11,2019041101005849,PRVU,39,43,"1,500",248.00,"372,000.00"
2019-04-11,2019041101005730,PRVU,39,44,700,248.00,"173,600.00"
2019-04-11,2019041101005710,PRVU,39,38,445,248.00,"110,360.00"
2019-04-11,2019041101005675,PRVU,39,52,"1,000",248.00,"248,000.00"
2019-04-11,2019041101005623,PRVU,34,38,150,248.00,"37,200.00"
2019-04-11,2019041101005622,PRVU,16,38,100,248.00,"24,800.00"
2019-04-11,2019041101005499,PRVU,46,39,79,248.00,"19,592.00"
2019-04-11,2019041101005444,PRVU,46,10,65,248.00,"16,120.00"
2019-04-11,2019041101005425,PRVU,46,36,"1,000",248.00,"248,000.00"
2019-04-11,2019041101005400,PRVU,46,22,50,248.00,"12,400.00"
2019-04-11,2019041101005377,PRVU,46,1,"2,000",248.00,"496,000.00"
2019-04-11,2019041101005621,PRVU,17,38,"2,000",248.00,"496,000.00"
2019-04-11,2019041101005620,PRVU,16,38,100,248.00,"24,800.00"
2019-04-11,2019041101005619,PRVU,40,38,500,248.00,"124,000.00"
2019-04-11,2019041101005618,PRVU,46,38,166,248.00,"41,168.00"
2019-04-11,2019041101005540,PRVU,46,38,21,248.00,"5,208.00"
2019-04-11,2019041101005763,RADHI,13,50,10,166.00,"1,660.00"
2019-04-11,2019041101005697,RADHI,13,7,11,163.00,"1,793.00"
2019-04-11,2019041101005655,RADHI,13,41,11,163.00,"1,793.00"
2019-04-11,2019041101005546,RADHI,13,46,11,163.00,"1,793.00"
2019-04-11,2019041101005535,RBCL,8,26,10,"9,205.00","92,050.00"
2019-04-11,2019041101005534,RBCL,8,48,10,"9,204.00","92,040.00"
2019-04-11,2019041101005533,RBCL,8,19,10,"9,200.00","92,000.00"
2019-04-11,2019041101005532,RBCL,8,5,10,"9,200.00","92,000.00"
2019-04-11,2019041101005423,RBCL,8,17,20,"9,150.00","183,000.00"
2019-04-11,2019041101005739,RLFL,33,39,21,123.00,"2,583.00"
2019-04-11,2019041101005738,RLFL,33,19,66,122.00,"8,052.00"
2019-04-11,2019041101005737,RLFL,33,41,25,121.00,"3,025.00"
2019-04-11,2019041101005736,RLFL,33,49,18,121.00,"2,178.00"
2019-04-11,2019041101005735,RLFL,33,49,10,121.00,"1,210.00"
2019-04-11,2019041101005487,RRHP,47,43,10,92.00,920.00
2019-04-11,2019041101005793,RSDC,5,57,96,362.00,"34,752.00"
2019-04-11,2019041101005745,RSDC,5,32,82,362.00,"29,684.00"
2019-04-11,2019041101005370,RSDC,5,28,10,362.00,"3,620.00"
2019-04-11,2019041101005389,SADBL,7,4,45,141.00,"6,345.00"
2019-04-11,2019041101005382,SADBL,13,4,500,141.00,"70,500.00"
2019-04-11,2019041101005381,SADBL,1,4,200,141.00,"28,200.00"
2019-04-11,2019041101005380,SADBL,49,4,"1,000",141.00,"141,000.00"
2019-04-11,2019041101005379,SADBL,59,4,500,141.00,"70,500.00"
2019-04-11,2019041101005378,SADBL,59,4,55,141.00,"7,755.00"
2019-04-11,2019041101005852,SANIMA,50,19,257,319.00,"81,983.00"
2019-04-11,2019041101005851,SANIMA,50,57,243,319.00,"77,517.00"
2019-04-11,2019041101005759,SANIMA,43,55,100,318.00,"31,800.00"
2019-04-11,2019041101005362,SBBLJ,55,28,90,192.00,"17,280.00"
2019-04-11,2019041101005595,SBI,47,21,390,415.00,"161,850.00"
2019-04-11,2019041101005858,SBL,36,16,"2,839",315.00,"894,285.00"
2019-04-11,2019041101005857,SBL,36,52,100,315.00,"31,500.00"
2019-04-11,2019041101005856,SBL,36,50,"1,000",315.00,"315,000.00"
2019-04-11,2019041101005855,SBL,36,19,61,315.00,"19,215.00"
2019-04-11,2019041101005550,SBL,26,40,22,314.00,"6,908.00"
2019-04-11,2019041101005814,SCB,10,20,63,591.00,"37,233.00"
2019-04-11,2019041101005798,SCB,10,35,100,591.00,"59,100.00"
2019-04-11,2019041101005764,SCB,10,16,20,591.00,"11,820.00"
2019-04-11,2019041101005754,SCB,10,41,20,591.00,"11,820.00"
2019-04-11,2019041101005752,SCB,10,22,200,591.00,"118,200.00"
2019-04-11,2019041101005722,SCB,10,57,150,591.00,"88,650.00"
2019-04-11,2019041101005696,SCB,10,38,20,591.00,"11,820.00"
2019-04-11,2019041101005583,SCB,10,11,100,591.00,"59,100.00"
2019-04-11,2019041101005496,SCB,10,35,100,591.00,"59,100.00"
2019-04-11,2019041101005709,SDESI,1,22,489,536.00,"262,104.00"
2019-04-11,2019041101005625,SDESI,41,3,11,538.00,"5,918.00"
2019-04-11,2019041101005555,SDESI,1,38,11,536.00,"5,896.00"
2019-04-11,2019041101005393,SDESI,1,57,500,536.00,"268,000.00"
2019-04-11,2019041101005685,SHIVM,40,38,10,307.00,"3,070.00"
2019-04-11,2019041101005684,SHIVM,43,38,70,307.00,"21,490.00"
2019-04-11,2019041101005683,SHIVM,7,38,20,308.00,"6,160.00"
2019-04-11,2019041101005682,SHIVM,7,34,50,308.00,"15,400.00"
2019-04-11,2019041101005657,SHIVM,7,45,30,308.00,"9,240.00"
2019-04-11,2019041101005599,SHIVM,43,38,30,307.00,"9,210.00"
2019-04-11,2019041101005598,SHIVM,34,38,50,307.00,"15,350.00"
2019-04-11,2019041101005597,SHIVM,19,38,20,307.00,"6,140.00"
2019-04-11,2019041101005361,SHIVM,19,22,50,307.00,"15,350.00"
2019-04-11,2019041101005608,SHL,4,45,115,208.00,"23,920.00"
2019-04-11,2019041101005369,SICL,7,19,20,885.00,"17,700.00"
2019-04-11,2019041101005467,SIL,56,25,200,595.00,"119,000.00"
2019-04-11,2019041101005466,SIL,53,25,100,598.00,"59,800.00"
2019-04-11,2019041101005465,SIL,1,25,100,600.00,"60,000.00"
2019-04-11,2019041101005464,SIL,34,25,100,601.00,"60,100.00"
2019-04-11,2019041101005463,SIL,39,25,44,601.00,"26,444.00"
2019-04-11,2019041101005817,SKBBL,57,38,"1,453",907.00,"1,317,871.00"
2019-04-11,2019041101005719,SKBBL,41,57,136,906.00,"123,216.00"
2019-04-11,2019041101005718,SKBBL,42,57,12,906.00,"10,872.00"
2019-04-11,2019041101005646,SKBBL,41,6,100,911.00,"91,100.00"
2019-04-11,2019041101005645,SKBBL,41,39,87,911.00,"79,257.00"
2019-04-11,2019041101005644,SKBBL,41,6,50,910.00,"45,500.00"
2019-04-11,2019041101005643,SKBBL,41,51,12,910.00,"10,920.00"
2019-04-11,2019041101005691,SLICL,42,16,281,528.00,"148,368.00"
2019-04-11,2019041101005690,SLICL,1,16,71,528.00,"37,488.00"
2019-04-11,2019041101005420,SLICL,1,10,29,528.00,"15,312.00"
2019-04-11,2019041101005600,SPDL,46,38,15,101.00,"1,515.00"
2019-04-11,2019041101005720,SRBL,50,34,115,236.00,"27,140.00"
2019-04-11,2019041101005705,SRBL,50,49,338,236.00,"79,768.00"
2019-04-11,2019041101005676,SRBL,50,19,"1,000",236.00,"236,000.00"
2019-04-11,2019041101005547,SRBL,49,57,50,237.00,"11,850.00"
2019-04-11,2019041101005860,TRH,33,5,10,237.00,"2,370.00"
2019-04-11,2019041101005652,TRH,45,25,100,234.00,"23,400.00"
2019-04-11,2019041101005651,TRH,45,40,550,234.00,"128,700.00"
2019-04-11,2019041101005439,TRH,25,40,500,234.00,"117,000.00"
2019-04-11,2019041101005372,TRH,22,40,200,235.00,"47,000.00"
2019-04-11,2019041101005371,TRH,22,40,30,235.00,"7,050.00"
2019-04-11,2019041101005689,UIC,57,6,50,785.00,"39,250.00"
2019-04-11,2019041101005713,UMHL,43,32,42,110.00,"4,620.00"
2019-04-11,2019041101005686,UMHL,39,32,172,110.00,"18,920.00"
2019-04-11,2019041101005656,UMHL,40,32,10,111.00,"1,110.00"
2019-04-11,2019041101005762,UPCL,58,44,10,94.00,940.00
2019-04-11,2019041101005749,UPCL,40,33,30,93.00,"2,790.00"
2019-04-11,2019041101005747,UPCL,59,39,40,92.00,"3,680.00"
2019-04-11,2019041101005680,UPCL,6,33,150,93.00,"13,950.00"
2019-04-11,2019041101005570,UPCL,59,46,50,92.00,"4,600.00"
2019-04-11,2019041101005799,UPPER,33,41,50,231.00,"11,550.00"
2019-04-11,2019041101005786,UPPER,57,7,50,232.00,"11,600.00"
2019-04-11,2019041101005785,UPPER,57,42,50,232.00,"11,600.00"
2019-04-11,2019041101005557,UPPER,11,45,50,231.00,"11,550.00"
2019-04-11,2019041101005541,UPPER,11,45,40,231.00,"9,240.00"
2019-04-11,2019041101005537,UPPER,11,59,500,231.00,"115,500.00"
2019-04-11,2019041101005407,UPPER,16,1,50,232.00,"11,600.00"
2019-04-11,2019041101005692,UPPER,33,43,100,231.00,"23,100.00"
2019-04-11,2019041101005668,UPPER,33,38,40,231.00,"9,240.00"
2019-04-11,2019041101005663,UPPER,33,41,40,231.00,"9,240.00"
2019-04-11,2019041101005611,UPPER,33,38,40,231.00,"9,240.00"
2019-04-11,2019041101005596,UPPER,33,41,22,231.00,"5,082.00"
2019-04-11,2019041101005584,UPPER,33,46,50,231.00,"11,550.00"
2019-04-11,2019041101005766,UPPER,57,45,40,232.00,"9,280.00"
2019-04-11,2019041101005765,UPPER,57,1,180,232.00,"41,760.00"
2019-04-11,2019041101005741,UPPER,33,39,40,231.00,"9,240.00"
2019-04-11,2019041101005693,UPPER,33,39,40,231.00,"9,240.00"
2019-04-11,2019041101005772,UPPER,57,16,40,232.00,"9,280.00"
2019-04-11,2019041101005771,UPPER,57,45,50,232.00,"11,600.00"
2019-04-11,2019041101005770,UPPER,57,45,40,232.00,"9,280.00"
2019-04-11,2019041101005769,UPPER,57,45,50,232.00,"11,600.00"
2019-04-11,2019041101005768,UPPER,57,44,50,232.00,"11,600.00"
2019-04-11,2019041101005767,UPPER,57,44,50,232.00,"11,600.00"
2019-04-11,2019041101005778,UPPER,57,16,293,232.00,"67,976.00"
2019-04-11,2019041101005777,UPPER,57,16,50,232.00,"11,600.00"
2019-04-11,2019041101005776,UPPER,57,45,50,232.00,"11,600.00"
2019-04-11,2019041101005775,UPPER,57,16,40,232.00,"9,280.00"
2019-04-11,2019041101005774,UPPER,57,16,50,232.00,"11,600.00"
2019-04-11,2019041101005773,UPPER,57,16,40,232.00,"9,280.00"
2019-04-11,2019041101005784,UPPER,57,42,40,232.00,"9,280.00"
2019-04-11,2019041101005783,UPPER,57,42,40,232.00,"9,280.00"
2019-04-11,2019041101005782,UPPER,57,34,50,232.00,"11,600.00"
2019-04-11,2019041101005781,UPPER,57,55,40,232.00,"9,280.00"
2019-04-11,2019041101005780,UPPER,57,45,40,232.00,"9,280.00"
2019-04-11,2019041101005779,UPPER,57,45,40,232.00,"9,280.00"
2019-04-11,2019041101005629,VLBS,19,38,12,641.00,"7,692.00"
2019-04-11,2019041101005356,ADBL,28,55,615,315.00,"193,725.00"
2019-04-11,2019041101005355,ADBL,34,55,300,315.00,"94,500.00"
2019-04-11,2019041101005354,ADBL,17,55,300,316.00,"94,800.00"
2019-04-11,2019041101005353,ADBL,4,55,"1,500",316.00,"474,000.00"
2019-04-11,2019041101005352,ADBL,48,55,100,317.00,"31,700.00"
2019-04-11,2019041101005351,ADBL,22,55,430,317.00,"136,310.00"
2019-04-11,2019041101004935,ADBL,4,46,100,319.00,"31,900.00"
2019-04-11,2019041101005350,ADBL,22,55,50,318.00,"15,900.00"
2019-04-11,2019041101005154,ADBL,22,39,50,317.00,"15,850.00"
2019-04-11,2019041101005021,ADBL,14,21,"1,000",317.00,"317,000.00"
2019-04-11,2019041101004938,ADBL,4,59,300,319.00,"95,700.00"
2019-04-11,2019041101004937,ADBL,4,57,"1,000",319.00,"319,000.00"
2019-04-11,2019041101004936,ADBL,4,49,100,319.00,"31,900.00"
2019-04-11,2019041101005288,AKJCL,7,38,20,78.00,"1,560.00"
2019-04-11,2019041101005178,AKJCL,7,38,20,78.00,"1,560.00"
2019-04-11,2019041101005121,AKJCL,25,40,10,78.00,780.00
2019-04-11,2019041101005113,AKJCL,25,53,20,79.00,"1,580.00"
2019-04-11,2019041101005112,AKJCL,25,53,10,79.00,790.00
2019-04-11,2019041101005111,AKJCL,25,53,10,79.00,790.00
2019-04-11,2019041101004889,AKJCL,6,53,10,79.00,790.00
2019-04-11,2019041101004879,AKJCL,6,53,10,79.00,790.00
2019-04-11,2019041101004870,AKJCL,6,53,20,79.00,"1,580.00"
2019-04-11,2019041101005068,AKJCL,25,53,20,78.00,"1,560.00"
2019-04-11,2019041101005041,AKJCL,25,53,10,78.00,780.00
2019-04-11,2019041101005026,AKJCL,25,53,10,78.00,780.00
2019-04-11,2019041101005009,AKJCL,25,53,20,78.00,"1,560.00"
2019-04-11,2019041101004983,AKJCL,25,53,10,78.00,780.00
2019-04-11,2019041101004982,AKJCL,25,53,10,78.00,780.00
2019-04-11,2019041101005110,AKJCL,25,53,20,79.00,"1,580.00"
2019-04-11,2019041101005109,AKJCL,25,53,20,79.00,"1,580.00"
2019-04-11,2019041101005108,AKJCL,25,53,20,79.00,"1,580.00"
2019-04-11,2019041101005107,AKJCL,25,53,20,79.00,"1,580.00"
2019-04-11,2019041101005106,AKJCL,25,53,10,79.00,790.00
2019-04-11,2019041101005080,AKJCL,25,53,20,78.00,"1,560.00"
2019-04-11,2019041101005359,AKPL,22,38,13,167.00,"2,171.00"
2019-04-11,2019041101005277,ALBSL,59,45,10,469.00,"4,690.00"
2019-04-11,2019041101005264,ALBSL,59,45,10,469.00,"4,690.00"
2019-04-11,2019041101005194,ALBSL,59,6,10,469.00,"4,690.00"
2019-04-11,2019041101005027,ALBSL,59,46,10,469.00,"4,690.00"
2019-04-11,2019041101005007,ALBSL,59,46,10,469.00,"4,690.00"
2019-04-11,2019041101004943,ALBSL,41,39,10,470.00,"4,700.00"
2019-04-11,2019041101004942,ALBSL,41,39,10,470.00,"4,700.00"
2019-04-11,2019041101005327,ALICL,38,28,30,404.00,"12,120.00"
2019-04-11,2019041101004867,ALICL,4,38,85,409.00,"34,765.00"
2019-04-11,2019041101004866,ALICL,4,51,25,408.00,"10,200.00"
2019-04-11,2019041101004956,API,25,39,50,135.00,"6,750.00"
2019-04-11,2019041101004919,API,53,26,651,133.00,"86,583.00"
2019-04-11,2019041101005241,BARUN,52,28,10,94.00,940.00
2019-04-11,2019041101004893,BARUN,52,39,10,94.00,940.00
2019-04-11,2019041101005341,BHBL,4,45,40,165.00,"6,600.00"
2019-04-11,2019041101005338,BOKL,16,28,11,262.00,"2,882.00"
2019-04-11,2019041101005238,BOKL,52,50,145,263.00,"38,135.00"
2019-04-11,2019041101005237,BOKL,52,25,81,263.00,"21,303.00"
2019-04-11,2019041101005236,BOKL,52,28,274,263.00,"72,062.00"
2019-04-11,2019041101005185,BOKL,52,28,90,263.00,"23,670.00"
2019-04-11,2019041101005045,BOKL,16,21,550,262.00,"144,100.00"
2019-04-11,2019041101005044,BOKL,52,21,450,262.00,"117,900.00"
2019-04-11,2019041101005043,BOKL,52,39,50,262.00,"13,100.00"
2019-04-11,2019041101005039,BOKL,41,28,10,263.00,"2,630.00"
2019-04-11,2019041101005034,BOKL,52,28,126,263.00,"33,138.00"
2019-04-11,2019041101005011,BOKL,52,49,284,263.00,"74,692.00"
2019-04-11,2019041101005010,BOKL,33,49,26,263.00,"6,838.00"
2019-04-11,2019041101005345,BPCL,43,46,33,358.00,"11,814.00"
2019-04-11,2019041101004978,BPCL,43,38,11,358.00,"3,938.00"
2019-04-11,2019041101004922,CBBL,50,34,100,910.00,"91,000.00"
2019-04-11,2019041101005158,CBBL,40,51,100,909.00,"90,900.00"
2019-04-11,2019041101004923,CBBL,5,34,36,910.00,"32,760.00"
2019-04-11,2019041101005042,CBL,32,28,77,161.00,"12,397.00"
2019-04-11,2019041101004994,CBL,47,58,1,161.00,161.00
2019-04-11,2019041101004928,CBL,32,11,312,161.00,"50,232.00"
2019-04-11,2019041101005310,CCBL,6,19,36,172.00,"6,192.00"
2019-04-11,2019041101005282,CCBL,6,14,11,172.00,"1,892.00"
2019-04-11,2019041101005267,CCBL,6,14,11,172.00,"1,892.00"
2019-04-11,2019041101005257,CCBL,6,49,100,172.00,"17,200.00"
2019-04-11,2019041101005052,CCBL,6,25,342,172.00,"58,824.00"
2019-04-11,2019041101005051,CCBL,43,25,363,172.00,"62,436.00"
2019-04-11,2019041101005280,CEFL,51,21,30,100.00,"3,000.00"
2019-04-11,2019041101005223,CEFL,4,42,10,102.00,"1,020.00"
2019-04-11,2019041101004966,CFCL,4,44,100,109.00,"10,900.00"
2019-04-11,2019041101004915,CFCL,4,28,54,109.00,"5,886.00"
2019-04-11,2019041101005254,CHCL,28,13,70,503.00,"35,210.00"
2019-04-11,2019041101005153,CHCL,28,25,11,503.00,"5,533.00"
2019-04-11,2019041101005082,CHCL,41,50,10,504.00,"5,040.00"
2019-04-11,2019041101005253,CHLBS,51,38,10,479.00,"4,790.00"
2019-04-11,2019041101005243,CHLBS,58,25,50,480.00,"24,000.00"
2019-04-11,2019041101005242,CHLBS,13,25,90,480.00,"43,200.00"
2019-04-11,2019041101004980,CHLBS,13,42,10,480.00,"4,800.00"
2019-04-11,2019041101004894,CHLBS,14,45,10,481.00,"4,810.00"
2019-04-11,2019041101005219,CIT,10,51,50,"2,565.00","128,250.00"
2019-04-11,2019041101005218,CIT,10,49,50,"2,563.00","128,150.00"
2019-04-11,2019041101004975,CIT,17,34,200,"2,560.00","512,000.00"
2019-04-11,2019041101004872,CIT,10,54,20,"2,564.00","51,280.00"
2019-04-11,2019041101005286,CZBIL,52,19,23,222.00,"5,106.00"
2019-04-11,2019041101005276,CZBIL,52,4,77,222.00,"17,094.00"
2019-04-11,2019041101005275,CZBIL,17,4,103,222.00,"22,866.00"
2019-04-11,2019041101005229,CZBIL,17,35,207,222.00,"45,954.00"
2019-04-11,2019041101005024,CZBIL,17,49,190,222.00,"42,180.00"
2019-04-11,2019041101005023,CZBIL,17,49,500,222.00,"111,000.00"
2019-04-11,2019041101004882,DBBL,4,39,200,129.00,"25,800.00"
2019-04-11,2019041101004881,DBBL,4,52,60,129.00,"7,740.00"
2019-04-11,2019041101005233,DDBL,54,48,100,595.00,"59,500.00"
2019-04-11,2019041101005232,EBL,39,42,10,600.00,"6,000.00"
2019-04-11,2019041101005231,EBL,39,34,100,600.00,"60,000.00"
2019-04-11,2019041101005205,EBL,39,6,60,600.00,"36,000.00"
2019-04-11,2019041101005204,EBL,57,6,70,600.00,"42,000.00"
2019-04-11,2019041101005203,EBL,35,6,150,600.00,"90,000.00"
2019-04-11,2019041101005202,EBL,1,6,200,600.00,"120,000.00"
2019-04-11,2019041101005050,EBL,4,13,190,602.00,"114,380.00"
2019-04-11,2019041101004945,EBL,45,10,457,601.00,"274,657.00"
2019-04-11,2019041101004944,EBL,19,10,43,602.00,"25,886.00"
2019-04-11,2019041101005064,EBL,45,36,30,600.00,"18,000.00"
2019-04-11,2019041101005063,EBL,6,36,50,600.00,"30,000.00"
2019-04-11,2019041101005062,EBL,28,36,219,600.00,"131,400.00"
2019-04-11,2019041101005061,EBL,32,36,90,600.00,"54,000.00"
2019-04-11,2019041101005060,EBL,42,36,75,601.00,"45,075.00"
2019-04-11,2019041101005059,EBL,45,36,396,601.00,"237,996.00"
2019-04-11,2019041101005201,EBL,36,6,160,600.00,"96,000.00"
2019-04-11,2019041101005172,EBL,28,6,160,601.00,"96,160.00"
2019-04-11,2019041101005144,EBL,42,13,100,602.00,"60,200.00"
2019-04-11,2019041101005067,EBL,36,36,140,600.00,"84,000.00"
2019-04-11,2019041101005066,EBL,44,36,300,600.00,"180,000.00"
2019-04-11,2019041101005065,EBL,43,36,200,600.00,"120,000.00"
2019-04-11,2019041101005319,EIC,41,56,11,953.00,"10,483.00"
2019-04-11,2019041101005184,EIC,5,17,90,953.00,"85,770.00"
2019-04-11,2019041101005183,EIC,5,19,93,953.00,"88,629.00"
2019-04-11,2019041101005161,EIC,59,17,10,953.00,"9,530.00"
2019-04-11,2019041101005101,EIC,56,19,100,953.00,"95,300.00"
2019-04-11,2019041101005100,EIC,40,19,20,953.00,"19,060.00"
