Date,Transact. No.,Symbol,Buyer,Seller,Quantity,Rate,Amount
2019-06-18,2019061801005403,ADBL,49,4,709,402.00,"285,018.00"
2019-06-18,2019061801005402,ADBL,58,4,"1,000",402.00,"402,000.00"
2019-06-18,2019061801005401,ADBL,38,4,10,402.00,"4,020.00"
2019-06-18,2019061801005400,ADBL,6,4,44,402.00,"17,688.00"
2019-06-18,2019061801005086,ADBL,36,4,20,403.00,"8,060.00"
2019-06-18,2019061801005085,ADBL,48,4,100,403.00,"40,300.00"
2019-06-18,2019061801005084,ADBL,34,4,117,403.00,"47,151.00"
2019-06-18,2019061801005134,AHPC,48,7,300,107.00,"32,100.00"
2019-06-18,2019061801005044,AHPC,48,45,690,107.00,"73,830.00"
2019-06-18,2019061801005043,AHPC,45,45,300,107.00,"32,100.00"
2019-06-18,2019061801005017,AHPC,6,43,50,108.00,"5,400.00"
2019-06-18,2019061801005199,AKPL,56,39,13,180.00,"2,340.00"
2019-06-18,2019061801005152,AKPL,56,39,13,180.00,"2,340.00"
2019-06-18,2019061801005114,AKPL,25,59,13,183.00,"2,379.00"
2019-06-18,2019061801005113,AKPL,25,59,13,183.00,"2,379.00"
2019-06-18,2019061801005090,AKPL,56,39,13,180.00,"2,340.00"
2019-06-18,2019061801005088,AKPL,56,25,15,180.00,"2,700.00"
2019-06-18,2019061801005006,ALBSL,26,33,10,400.00,"4,000.00"
2019-06-18,2019061801005150,ALICL,36,26,20,394.00,"7,880.00"
2019-06-18,2019061801005303,API,25,5,50,149.00,"7,450.00"
2019-06-18,2019061801005223,API,29,39,18,147.00,"2,646.00"
2019-06-18,2019061801005186,API,25,5,50,149.00,"7,450.00"
2019-06-18,2019061801005162,API,29,39,18,147.00,"2,646.00"
2019-06-18,2019061801005159,API,25,5,50,149.00,"7,450.00"
2019-06-18,2019061801005099,API,21,39,18,147.00,"2,646.00"
2019-06-18,2019061801005032,API,25,5,50,149.00,"7,450.00"
2019-06-18,2019061801005031,API,38,39,10,147.00,"1,470.00"
2019-06-18,2019061801005258,BFC,17,38,50,105.00,"5,250.00"
2019-06-18,2019061801005257,BFC,11,38,195,105.00,"20,475.00"
2019-06-18,2019061801005209,BOKL,19,40,115,264.00,"30,360.00"
2019-06-18,2019061801005151,BOKL,19,51,100,264.00,"26,400.00"
2019-06-18,2019061801004963,BOKL,48,38,100,264.00,"26,400.00"
2019-06-18,2019061801005348,BPCL,1,37,800,403.00,"322,400.00"
2019-06-18,2019061801005340,BPCL,1,49,200,403.00,"80,600.00"
2019-06-18,2019061801005037,BPCL,25,21,22,403.00,"8,866.00"
2019-06-18,2019061801004987,BPCL,25,33,11,403.00,"4,433.00"
2019-06-18,2019061801005356,CBBL,42,4,20,930.00,"18,600.00"
2019-06-18,2019061801005301,CBBL,28,6,160,928.00,"148,480.00"
2019-06-18,2019061801005083,CBBL,28,49,200,928.00,"185,600.00"
2019-06-18,2019061801004996,CBBL,28,35,80,928.00,"74,240.00"
2019-06-18,2019061801004995,CBBL,3,35,20,929.00,"18,580.00"
2019-06-18,2019061801005219,CBL,8,6,"1,000",146.00,"146,000.00"
2019-06-18,2019061801005075,CBL,13,38,"1,001",145.00,"145,145.00"
2019-06-18,2019061801005074,CBL,56,38,"1,499",145.00,"217,355.00"
2019-06-18,2019061801005042,CBL,38,11,582,146.00,"84,972.00"
2019-06-18,2019061801005041,CBL,38,19,150,146.00,"21,900.00"
2019-06-18,2019061801005323,CCBL,8,22,"2,857",166.00,"474,262.00"
2019-06-18,2019061801005275,CCBL,28,22,300,166.00,"49,800.00"
2019-06-18,2019061801005220,CCBL,35,22,142,166.00,"23,572.00"
2019-06-18,2019061801005191,CCBL,35,6,58,166.00,"9,628.00"
2019-06-18,2019061801005087,CCBL,8,11,"1,702",166.00,"282,532.00"
2019-06-18,2019061801005070,CFCL,1,3,500,118.00,"59,000.00"
2019-06-18,2019061801005069,CFCL,59,3,405,118.00,"47,790.00"
2019-06-18,2019061801004979,CFCL,59,11,151,118.00,"17,818.00"
2019-06-18,2019061801005272,CHCL,38,32,10,515.00,"5,150.00"
2019-06-18,2019061801005350,CIT,48,51,15,"2,500.00","37,500.00"
2019-06-18,2019061801005302,CIT,52,51,10,"2,500.00","25,000.00"
2019-06-18,2019061801005208,CIT,19,43,77,"2,500.00","192,500.00"
2019-06-18,2019061801005198,CIT,19,57,23,"2,500.00","57,500.00"
2019-06-18,2019061801005007,CIT,33,32,50,"2,499.00","124,950.00"
2019-06-18,2019061801004986,CIT,40,34,100,"2,500.00","250,000.00"
2019-06-18,2019061801004985,CIT,29,34,10,"2,500.00","25,000.00"
2019-06-18,2019061801004984,CIT,43,34,50,"2,500.00","125,000.00"
2019-06-18,2019061801004983,CIT,54,34,10,"2,500.00","25,000.00"
2019-06-18,2019061801004982,CIT,19,34,154,"2,500.00","385,000.00"
2019-06-18,2019061801004981,CIT,45,34,19,"2,500.00","47,500.00"
2019-06-18,2019061801004980,CIT,45,34,22,"2,505.00","55,110.00"
2019-06-18,2019061801005241,CZBIL,43,11,15,224.00,"3,360.00"
2019-06-18,2019061801005240,CZBIL,43,29,10,224.00,"2,240.00"
2019-06-18,2019061801005239,CZBIL,43,4,71,224.00,"15,904.00"
2019-06-18,2019061801004970,CZBIL,1,33,10,223.00,"2,230.00"
2019-06-18,2019061801004936,CZBIL,1,45,500,223.00,"111,500.00"
2019-06-18,2019061801004935,CZBIL,1,55,200,223.00,"44,600.00"
2019-06-18,2019061801004934,CZBIL,1,45,100,223.00,"22,300.00"
2019-06-18,2019061801005391,DBBL,45,8,50,146.00,"7,300.00"
2019-06-18,2019061801005255,DBBL,45,8,50,146.00,"7,300.00"
2019-06-18,2019061801005139,DBBL,45,8,100,146.00,"14,600.00"
2019-06-18,2019061801005273,EBL,14,54,409,660.00,"269,940.00"
2019-06-18,2019061801005082,EBL,46,54,341,661.00,"225,401.00"
2019-06-18,2019061801005039,EBL,46,57,590,661.00,"389,990.00"
2019-06-18,2019061801004964,EBL,57,57,124,662.00,"82,088.00"
2019-06-18,2019061801005344,FMDBL,46,59,229,384.00,"87,936.00"
2019-06-18,2019061801005343,FMDBL,33,59,40,384.00,"15,360.00"
2019-06-18,2019061801005290,FMDBL,42,59,500,385.00,"192,500.00"
2019-06-18,2019061801005289,FMDBL,36,59,377,385.00,"145,145.00"
2019-06-18,2019061801004989,FMDBL,46,25,161,391.00,"62,951.00"
2019-06-18,2019061801004988,FMDBL,46,56,116,391.00,"45,356.00"
2019-06-18,2019061801005324,FOWAD,7,16,500,"1,360.00","680,000.00"
2019-06-18,2019061801005169,FOWAD,38,25,10,"1,355.00","13,550.00"
2019-06-18,2019061801005168,FOWAD,37,26,10,"1,368.00","13,680.00"
2019-06-18,2019061801005306,GBIME,49,34,200,297.00,"59,400.00"
2019-06-18,2019061801005097,GBIME,28,25,200,298.00,"59,600.00"
2019-06-18,2019061801005224,GBLBS,13,57,360,351.00,"126,360.00"
2019-06-18,2019061801005063,GBLBS,3,57,20,351.00,"7,020.00"
2019-06-18,2019061801005062,GBLBS,6,57,20,351.00,"7,020.00"
2019-06-18,2019061801005061,GBLBS,38,57,20,351.00,"7,020.00"
2019-06-18,2019061801005236,GDBL,1,1,"2,300",211.00,"485,300.00"
2019-06-18,2019061801005034,GDBL,14,6,103,210.00,"21,630.00"
2019-06-18,2019061801005033,GDBL,14,6,152,210.00,"31,920.00"
2019-06-18,2019061801004994,GDBL,14,42,48,210.00,"10,080.00"
2019-06-18,2019061801004993,GDBL,45,42,167,210.00,"35,070.00"
2019-06-18,2019061801005173,GILB,21,22,230,"1,195.00","274,850.00"
2019-06-18,2019061801005172,GILB,21,25,21,"1,194.00","25,074.00"
2019-06-18,2019061801005171,GILB,21,19,21,"1,192.00","25,032.00"
2019-06-18,2019061801005256,GLICL,13,45,300,500.00,"150,000.00"
2019-06-18,2019061801005351,GUFL,3,5,100,120.00,"12,000.00"
2019-06-18,2019061801005304,GUFL,3,5,100,120.00,"12,000.00"
2019-06-18,2019061801005228,HBL,25,11,10,560.00,"5,600.00"
2019-06-18,2019061801005197,HGI,41,49,240,365.00,"87,600.00"
2019-06-18,2019061801005196,HGI,41,10,50,364.00,"18,200.00"
2019-06-18,2019061801005115,HGI,14,38,50,363.00,"18,150.00"
2019-06-18,2019061801005252,HIDCL,51,57,13,159.00,"2,067.00"
2019-06-18,2019061801005110,HIDCL,51,40,61,159.00,"9,699.00"
2019-06-18,2019061801005366,HPPL,21,41,20,179.00,"3,580.00"
2019-06-18,2019061801005238,HPPL,43,39,10,178.00,"1,780.00"
2019-06-18,2019061801005170,HPPL,43,39,10,178.00,"1,780.00"
2019-06-18,2019061801005120,HPPL,43,39,20,178.00,"3,560.00"
2019-06-18,2019061801005056,HPPL,43,39,20,178.00,"3,560.00"
2019-06-18,2019061801005235,HURJA,49,17,20,146.00,"2,920.00"
2019-06-18,2019061801005076,HURJA,49,29,20,146.00,"2,920.00"
2019-06-18,2019061801005008,HURJA,49,57,200,146.00,"29,200.00"
2019-06-18,2019061801005004,IGI,55,6,26,381.00,"9,906.00"
2019-06-18,2019061801005003,IGI,26,6,14,381.00,"5,334.00"
2019-06-18,2019061801005002,IGI,45,6,10,383.00,"3,830.00"
2019-06-18,2019061801005359,JBBL,58,11,579,155.00,"89,745.00"
2019-06-18,2019061801005358,JBBL,56,11,468,155.00,"72,540.00"
2019-06-18,2019061801005357,JBBL,50,11,176,156.00,"27,456.00"
2019-06-18,2019061801005136,JBBL,46,41,100,157.00,"15,700.00"
2019-06-18,2019061801005135,JBBL,57,41,100,157.00,"15,700.00"
2019-06-18,2019061801005268,JBNL,41,42,32,207.00,"6,624.00"
2019-06-18,2019061801005267,JBNL,19,42,168,207.00,"34,776.00"
2019-06-18,2019061801005232,JBNL,19,21,132,207.00,"27,324.00"
2019-06-18,2019061801005231,JBNL,41,21,500,207.00,"103,500.00"
2019-06-18,2019061801005230,JBNL,57,21,368,207.00,"76,176.00"
2019-06-18,2019061801005014,JBNL,57,11,338,207.00,"69,966.00"
2019-06-18,2019061801004967,JBNL,57,22,294,207.00,"60,858.00"
2019-06-18,2019061801004966,JBNL,26,22,122,207.00,"25,254.00"
2019-06-18,2019061801005127,JOSHI,52,25,20,84.00,"1,680.00"
2019-06-18,2019061801005098,JOSHI,13,43,20,84.00,"1,680.00"
2019-06-18,2019061801005372,JSLBB,51,21,16,900.00,"14,400.00"
2019-06-18,2019061801005371,JSLBB,51,41,14,900.00,"12,600.00"
2019-06-18,2019061801005370,JSLBB,51,21,10,895.00,"8,950.00"
2019-06-18,2019061801005369,JSLBB,51,45,10,890.00,"8,900.00"
2019-06-18,2019061801005148,KBBL,32,37,"1,000",235.00,"235,000.00"
2019-06-18,2019061801005266,KBL,11,4,75,211.00,"15,825.00"
2019-06-18,2019061801005265,KBL,35,4,300,211.00,"63,300.00"
2019-06-18,2019061801005264,KBL,19,4,20,211.00,"4,220.00"
2019-06-18,2019061801005263,KBL,17,4,100,211.00,"21,100.00"
2019-06-18,2019061801005262,KBL,17,4,100,211.00,"21,100.00"
2019-06-18,2019061801005261,KBL,14,4,62,211.00,"13,082.00"
2019-06-18,2019061801005128,KPCL,22,43,10,92.00,920.00
2019-06-18,2019061801004949,KRBL,33,38,700,115.00,"80,500.00"
2019-06-18,2019061801005312,LBL,58,53,108,218.00,"23,544.00"
2019-06-18,2019061801005311,LBL,45,53,100,218.00,"21,800.00"
2019-06-18,2019061801005310,LBL,45,53,877,218.00,"191,186.00"
2019-06-18,2019061801005271,LBL,45,40,123,218.00,"26,814.00"
2019-06-18,2019061801005270,LBL,36,40,127,218.00,"27,686.00"
2019-06-18,2019061801005117,LBL,36,57,373,218.00,"81,314.00"
2019-06-18,2019061801005116,LBL,56,57,37,218.00,"8,066.00"
2019-06-18,2019061801005052,LBL,56,43,250,218.00,"54,500.00"
2019-06-18,2019061801005376,LGIL,28,43,500,445.00,"222,500.00"
2019-06-18,2019061801005375,LGIL,55,43,47,445.00,"20,915.00"
2019-06-18,2019061801005149,LGIL,55,51,431,445.00,"191,795.00"
2019-06-18,2019061801005147,LGIL,55,43,22,445.00,"9,790.00"
2019-06-18,2019061801005130,LGIL,14,51,50,446.00,"22,300.00"
2019-06-18,2019061801005129,LGIL,57,51,50,446.00,"22,300.00"
2019-06-18,2019061801004976,LGIL,37,22,100,446.00,"44,600.00"
2019-06-18,2019061801005319,LICN,28,58,385,"1,590.00","612,150.00"
2019-06-18,2019061801005318,LICN,44,58,40,"1,595.00","63,800.00"
2019-06-18,2019061801005317,LICN,25,58,200,"1,596.00","319,200.00"
2019-06-18,2019061801005250,LICN,16,58,10,"1,601.00","16,010.00"
2019-06-18,2019061801005249,LICN,22,58,10,"1,605.00","16,050.00"
2019-06-18,2019061801005248,LICN,22,58,100,"1,605.00","160,500.00"
2019-06-18,2019061801005181,LICN,29,45,24,"1,608.00","38,592.00"
2019-06-18,2019061801005180,LICN,55,45,100,"1,608.00","160,800.00"
2019-06-18,2019061801005247,LICN,28,58,50,"1,605.00","80,250.00"
2019-06-18,2019061801005246,LICN,33,58,200,"1,606.00","321,200.00"
2019-06-18,2019061801005245,LICN,19,58,30,"1,607.00","48,210.00"
2019-06-18,2019061801005244,LICN,14,58,100,"1,607.00","160,700.00"
2019-06-18,2019061801005227,LICN,28,58,200,"1,608.00","321,600.00"
2019-06-18,2019061801005226,LICN,29,58,26,"1,608.00","41,808.00"
2019-06-18,2019061801005392,MEGA,34,1,100,200.00,"20,000.00"
2019-06-18,2019061801005339,MEGA,38,34,238,199.00,"47,362.00"
2019-06-18,2019061801005338,MEGA,38,34,200,199.00,"39,800.00"
2019-06-18,2019061801005337,MEGA,36,34,500,199.00,"99,500.00"
2019-06-18,2019061801005336,MEGA,13,34,62,199.00,"12,338.00"
2019-06-18,2019061801005297,MEGA,13,37,438,199.00,"87,162.00"
2019-06-18,2019061801005296,MEGA,14,37,100,199.00,"19,900.00"
2019-06-18,2019061801005295,MEGA,26,37,100,199.00,"19,900.00"
2019-06-18,2019061801005294,MEGA,26,37,110,199.00,"21,890.00"
2019-06-18,2019061801005293,MEGA,45,37,752,199.00,"149,648.00"
2019-06-18,2019061801004975,MHNL,45,6,40,105.00,"4,200.00"
2019-06-18,2019061801005161,MLBL,59,55,100,194.00,"19,400.00"
2019-06-18,2019061801005138,MNBBL,17,28,200,369.00,"73,800.00"
2019-06-18,2019061801005079,MNBBL,45,7,20,370.00,"7,400.00"
2019-06-18,2019061801005078,MNBBL,35,7,100,370.00,"37,000.00"
2019-06-18,2019061801005077,MNBBL,16,7,350,370.00,"129,500.00"
2019-06-18,2019061801004910,MNBBL,16,21,500,370.00,"185,000.00"
2019-06-18,2019061801005234,MPFL,57,26,42,196.00,"8,232.00"
2019-06-18,2019061801005347,MSLB,58,36,20,865.00,"17,300.00"
2019-06-18,2019061801005157,MSMBS,37,34,11,426.00,"4,686.00"
2019-06-18,2019061801005322,NABIL,25,45,10,814.00,"8,140.00"
2019-06-18,2019061801005096,NABIL,51,42,100,812.00,"81,200.00"
2019-06-18,2019061801004933,NABIL,3,45,20,814.00,"16,280.00"
2019-06-18,2019061801004929,NADEP,47,56,20,417.00,"8,340.00"
2019-06-18,2019061801005176,NBB,32,51,163,221.00,"36,023.00"
2019-06-18,2019061801004992,NBB,45,4,74,220.00,"16,280.00"
2019-06-18,2019061801005406,NBL,33,19,50,323.00,"16,150.00"
2019-06-18,2019061801005274,NBL,29,4,582,322.00,"187,404.00"
2019-06-18,2019061801005251,NBL,28,4,300,322.00,"96,600.00"
2019-06-18,2019061801005164,NBL,1,43,10,321.00,"3,210.00"
2019-06-18,2019061801005145,NBL,1,40,102,321.00,"32,742.00"
2019-06-18,2019061801005144,NBL,48,40,48,321.00,"15,408.00"
2019-06-18,2019061801005092,NBL,32,4,"1,000",322.00,"322,000.00"
2019-06-18,2019061801005005,NBL,25,57,"1,300",322.00,"418,600.00"
2019-06-18,2019061801004978,NBL,25,57,700,322.00,"225,400.00"
2019-06-18,2019061801004977,NBL,25,40,300,322.00,"96,600.00"
2019-06-18,2019061801004930,NBL,48,4,50,321.00,"16,050.00"
2019-06-18,2019061801005373,NCCB,49,14,500,256.00,"128,000.00"
2019-06-18,2019061801005353,NCCB,51,57,175,255.00,"44,625.00"
2019-06-18,2019061801005352,NCCB,42,57,25,255.00,"6,375.00"
2019-06-18,2019061801005328,NCCB,38,14,16,256.00,"4,096.00"
2019-06-18,2019061801005327,NCCB,38,44,34,256.00,"8,704.00"
2019-06-18,2019061801005095,NCCB,39,44,13,256.00,"3,328.00"
2019-06-18,2019061801005094,NCCB,52,44,100,256.00,"25,600.00"
2019-06-18,2019061801005093,NCCB,52,55,100,256.00,"25,600.00"
2019-06-18,2019061801004991,NCCB,21,19,200,256.00,"51,200.00"
2019-06-18,2019061801004948,NCCB,21,32,56,255.00,"14,280.00"
2019-06-18,2019061801005011,NHDL,38,28,100,129.00,"12,900.00"
2019-06-18,2019061801005010,NHDL,42,28,30,129.00,"3,870.00"
2019-06-18,2019061801005009,NHDL,56,28,130,130.00,"16,900.00"
2019-06-18,2019061801005374,NHPC,44,57,10,68.00,680.00
2019-06-18,2019061801005364,NHPC,52,57,20,68.00,"1,360.00"
2019-06-18,2019061801005146,NHPC,17,42,50,67.00,"3,350.00"
2019-06-18,2019061801005288,NIB,28,46,300,530.00,"159,000.00"
2019-06-18,2019061801005287,NIB,28,4,102,530.00,"54,060.00"
2019-06-18,2019061801005286,NIB,28,50,28,530.00,"14,840.00"
2019-06-18,2019061801005285,NIB,28,21,44,530.00,"23,320.00"
2019-06-18,2019061801005284,NIB,28,48,500,530.00,"265,000.00"
2019-06-18,2019061801005143,NIB,28,11,10,529.00,"5,290.00"
2019-06-18,2019061801004973,NIB,28,42,50,527.00,"26,350.00"
2019-06-18,2019061801004909,NIB,28,3,30,527.00,"15,810.00"
2019-06-18,2019061801004908,NIB,45,3,68,527.00,"35,836.00"
2019-06-18,2019061801005142,NIB,28,11,608,529.00,"321,632.00"
2019-06-18,2019061801005104,NIB,28,11,392,529.00,"207,368.00"
2019-06-18,2019061801005103,NIB,28,14,108,529.00,"57,132.00"
2019-06-18,2019061801005066,NIB,28,39,86,528.00,"45,408.00"
2019-06-18,2019061801005065,NIB,28,32,66,528.00,"34,848.00"
2019-06-18,2019061801004990,NIB,56,32,100,528.00,"52,800.00"
2019-06-18,2019061801005386,NIBPO,11,4,"1,361",480.00,"653,280.00"
2019-06-18,2019061801005329,NIBPO,11,6,500,480.00,"240,000.00"
2019-06-18,2019061801005279,NICA,52,56,134,461.00,"61,774.00"
2019-06-18,2019061801005278,NICA,52,38,460,461.00,"212,060.00"
2019-06-18,2019061801005269,NICA,43,38,20,461.00,"9,220.00"
2019-06-18,2019061801005243,NICA,45,38,20,461.00,"9,220.00"
2019-06-18,2019061801005187,NICA,53,40,110,460.00,"50,600.00"
2019-06-18,2019061801005091,NICA,53,53,"1,000",460.00,"460,000.00"
2019-06-18,2019061801005040,NICA,28,44,100,461.00,"46,100.00"
2019-06-18,2019061801005016,NICA,57,42,40,460.00,"18,400.00"
2019-06-18,2019061801005015,NICA,42,42,10,460.00,"4,600.00"
2019-06-18,2019061801005013,NICA,42,43,"1,000",460.00,"460,000.00"
2019-06-18,2019061801005073,NICA,53,44,490,460.00,"225,400.00"
2019-06-18,2019061801005072,NICA,36,44,200,460.00,"92,000.00"
2019-06-18,2019061801005071,NICA,38,44,410,460.00,"188,600.00"
2019-06-18,2019061801005050,NICA,38,43,90,460.00,"41,400.00"
2019-06-18,2019061801005049,NICA,21,43,200,460.00,"92,000.00"
2019-06-18,2019061801005048,NICA,57,43,10,460.00,"4,600.00"
2019-06-18,2019061801005330,NIL,55,48,185,486.00,"89,910.00"
2019-06-18,2019061801005292,NIL,55,35,115,486.00,"55,890.00"
2019-06-18,2019061801005291,NIL,42,35,100,487.00,"48,700.00"
2019-06-18,2019061801005326,NLBBL,14,34,80,481.00,"38,480.00"
2019-06-18,2019061801005325,NLBBL,22,34,100,482.00,"48,200.00"
2019-06-18,2019061801005141,NLG,25,18,10,765.00,"7,650.00"
2019-06-18,2019061801005122,NLG,16,59,142,751.00,"106,642.00"
2019-06-18,2019061801005121,NLG,19,59,22,752.00,"16,544.00"
2019-06-18,2019061801005060,NLG,19,48,178,752.00,"133,856.00"
2019-06-18,2019061801005059,NLG,6,48,22,755.00,"16,610.00"
2019-06-18,2019061801005321,NLIC,36,6,90,903.00,"81,270.00"
2019-06-18,2019061801005320,NLIC,33,6,18,904.00,"16,272.00"
2019-06-18,2019061801005307,NLIC,33,43,17,904.00,"15,368.00"
2019-06-18,2019061801005260,NLIC,33,36,65,904.00,"58,760.00"
2019-06-18,2019061801005207,NLIC,37,36,10,904.00,"9,040.00"
2019-06-18,2019061801005206,NLIC,16,36,25,904.00,"22,600.00"
2019-06-18,2019061801005055,NLIC,37,45,48,904.00,"43,392.00"
2019-06-18,2019061801005054,NLIC,42,45,42,904.00,"37,968.00"
2019-06-18,2019061801005053,NLIC,38,45,10,905.00,"9,050.00"
2019-06-18,2019061801004972,NLIC,42,38,58,904.00,"52,432.00"
2019-06-18,2019061801004971,NLIC,41,38,100,904.00,"90,400.00"
2019-06-18,2019061801004920,NLIC,1,38,100,905.00,"90,500.00"
2019-06-18,2019061801005112,NMBMF,29,39,47,950.00,"44,650.00"
2019-06-18,2019061801005111,NMBMF,43,39,30,955.00,"28,650.00"
2019-06-18,2019061801005158,NMBSF1,36,58,"5,000",10.61,"53,050.00"
2019-06-18,2019061801005165,NMFBS,28,40,100,"1,439.00","143,900.00"
2019-06-18,2019061801005399,NNLB,39,48,251,376.00,"94,376.00"
2019-06-18,2019061801005398,NNLB,1,48,89,376.00,"33,464.00"
2019-06-18,2019061801005028,NNLB,45,7,100,377.00,"37,700.00"
2019-06-18,2019061801005030,NNLB,1,7,11,376.00,"4,136.00"
2019-06-18,2019061801005029,NNLB,50,7,30,376.00,"11,280.00"
2019-06-18,2019061801005335,NTC,34,43,70,690.00,"48,300.00"
2019-06-18,2019061801005334,NTC,34,43,60,690.00,"41,400.00"
2019-06-18,2019061801005333,NTC,45,43,30,690.00,"20,700.00"
2019-06-18,2019061801005332,NTC,28,43,50,690.00,"34,500.00"
2019-06-18,2019061801005331,NTC,10,43,300,690.00,"207,000.00"
2019-06-18,2019061801005081,NTC,44,43,42,690.00,"28,980.00"
2019-06-18,2019061801005080,NTC,29,43,225,690.00,"155,250.00"
2019-06-18,2019061801005012,NTC,34,43,"1,195",691.00,"825,745.00"
2019-06-18,2019061801005361,NUBL,53,48,500,830.00,"415,000.00"
2019-06-18,2019061801005360,NUBL,53,16,33,829.00,"27,357.00"
2019-06-18,2019061801005280,NUBL,41,16,50,829.00,"41,450.00"
2019-06-18,2019061801004924,PCBL,53,58,"1,500",286.00,"429,000.00"
2019-06-18,2019061801004923,PCBL,43,58,100,286.00,"28,600.00"
2019-06-18,2019061801004922,PCBL,54,58,100,286.00,"28,600.00"
2019-06-18,2019061801004921,PCBL,51,58,100,287.00,"28,700.00"
2019-06-18,2019061801005225,PFL,43,57,22,138.00,"3,036.00"
2019-06-18,2019061801005195,PFL,22,1,39,139.00,"5,421.00"
2019-06-18,2019061801005175,PFL,43,41,26,138.00,"3,588.00"
2019-06-18,2019061801005394,PIC,50,1,40,"1,002.00","40,080.00"
2019-06-18,2019061801005393,PIC,39,1,10,"1,004.00","10,040.00"
2019-06-18,2019061801005242,PIC,34,39,20,"1,002.00","20,040.00"
2019-06-18,2019061801005163,PIC,17,39,50,"1,002.00","50,100.00"
2019-06-18,2019061801005156,PIC,6,39,10,"1,002.00","10,020.00"
2019-06-18,2019061801005155,PIC,6,6,20,"1,001.00","20,020.00"
2019-06-18,2019061801004931,PIC,38,38,20,"1,003.00","20,060.00"
2019-06-18,2019061801005140,PIC,17,6,20,"1,001.00","20,020.00"
2019-06-18,2019061801005064,PIC,38,6,10,"1,001.00","10,010.00"
2019-06-18,2019061801005020,PIC,17,38,30,"1,000.00","30,000.00"
2019-06-18,2019061801005019,PIC,50,38,50,"1,000.00","50,000.00"
2019-06-18,2019061801005018,PIC,1,38,50,"1,001.00","50,050.00"
2019-06-18,2019061801004932,PIC,17,38,50,"1,003.00","50,150.00"
2019-06-18,2019061801005390,PLIC,51,34,200,437.00,"87,400.00"
2019-06-18,2019061801005389,PLIC,35,34,75,438.00,"32,850.00"
2019-06-18,2019061801005388,PLIC,57,34,81,438.00,"35,478.00"
2019-06-18,2019061801005387,PLIC,41,34,50,439.00,"21,950.00"
2019-06-18,2019061801005354,PMHPL,44,42,10,107.00,"1,070.00"
2019-06-18,2019061801005277,PMHPL,44,43,10,107.00,"1,070.00"
2019-06-18,2019061801005153,PMHPL,54,42,10,109.00,"1,090.00"
2019-06-18,2019061801005105,PPCL,6,43,600,136.00,"81,600.00"
2019-06-18,2019061801004947,PPCL,6,41,30,138.00,"4,140.00"
2019-06-18,2019061801004946,PPCL,6,41,30,138.00,"4,140.00"
2019-06-18,2019061801004945,PPCL,6,41,30,138.00,"4,140.00"
2019-06-18,2019061801004944,PPCL,6,41,30,138.00,"4,140.00"
2019-06-18,2019061801004943,PPCL,6,33,10,138.00,"1,380.00"
2019-06-18,2019061801004942,PPCL,6,41,30,138.00,"4,140.00"
2019-06-18,2019061801004941,PPCL,6,13,110,138.00,"15,180.00"
2019-06-18,2019061801004940,PPCL,6,56,30,138.00,"4,140.00"
2019-06-18,2019061801004939,PPCL,6,39,100,138.00,"13,800.00"
2019-06-18,2019061801005385,PRIN,41,38,25,382.00,"9,550.00"
2019-06-18,2019061801004965,PRIN,43,22,100,381.00,"38,100.00"
2019-06-18,2019061801005203,PRVU,37,43,190,265.00,"50,350.00"
2019-06-18,2019061801005202,PRVU,32,43,500,265.00,"132,500.00"
2019-06-18,2019061801005201,PRVU,57,43,260,265.00,"68,900.00"
2019-06-18,2019061801005200,PRVU,39,43,50,265.00,"13,250.00"
2019-06-18,2019061801005188,PRVU,35,7,200,266.00,"53,200.00"
2019-06-18,2019061801004955,PRVU,28,34,260,266.00,"69,160.00"
2019-06-18,2019061801004954,PRVU,28,34,260,266.00,"69,160.00"
2019-06-18,2019061801004953,PRVU,11,34,100,266.00,"26,600.00"
2019-06-18,2019061801004952,PRVU,45,34,200,266.00,"53,200.00"
2019-06-18,2019061801004951,PRVU,25,34,40,266.00,"10,640.00"
2019-06-18,2019061801004950,PRVU,38,34,172,266.00,"45,752.00"
2019-06-18,2019061801004961,PRVU,17,34,"2,000",266.00,"532,000.00"
2019-06-18,2019061801004960,PRVU,18,34,"2,000",266.00,"532,000.00"
2019-06-18,2019061801004959,PRVU,45,34,"1,000",266.00,"266,000.00"
2019-06-18,2019061801004958,PRVU,42,34,250,266.00,"66,500.00"
2019-06-18,2019061801004957,PRVU,39,34,300,266.00,"79,800.00"
2019-06-18,2019061801004956,PRVU,45,34,50,266.00,"13,300.00"
2019-06-18,2019061801005000,PRVU,29,34,"3,318",266.00,"882,588.00"
2019-06-18,2019061801004962,PRVU,56,34,50,266.00,"13,300.00"
2019-06-18,2019061801005314,RBCLPO,26,4,30,"8,900.00","267,000.00"
2019-06-18,2019061801005313,RBCLPO,41,4,10,"8,910.00","89,100.00"
2019-06-18,2019061801005047,RBCLPO,42,41,15,"8,911.00","133,665.00"
2019-06-18,2019061801005046,RBCLPO,25,41,10,"8,915.00","89,150.00"
2019-06-18,2019061801005309,RMDC,46,22,122,648.00,"79,056.00"
2019-06-18,2019061801005308,RMDC,47,22,78,648.00,"50,544.00"
2019-06-18,2019061801005349,RRHP,22,57,10,112.00,"1,120.00"
2019-06-18,2019061801004926,RRHP,7,33,10,108.00,"1,080.00"
2019-06-18,2019061801004974,RSDC,43,55,50,350.00,"17,500.00"
2019-06-18,2019061801005210,SANIMA,45,34,20,349.00,"6,980.00"
2019-06-18,2019061801005190,SANIMA,11,34,100,349.00,"34,900.00"
2019-06-18,2019061801005382,SBI,55,6,52,460.00,"23,920.00"
2019-06-18,2019061801005381,SBI,44,6,150,460.00,"69,000.00"
2019-06-18,2019061801005380,SBI,34,6,20,460.00,"9,200.00"
2019-06-18,2019061801005379,SBI,4,6,100,460.00,"46,000.00"
2019-06-18,2019061801005378,SBI,1,6,130,460.00,"59,800.00"
2019-06-18,2019061801005377,SBI,44,6,478,460.00,"219,880.00"
2019-06-18,2019061801005125,SBI,17,34,250,461.00,"115,250.00"
2019-06-18,2019061801005124,SBI,52,34,100,461.00,"46,100.00"
2019-06-18,2019061801005123,SBI,48,34,128,461.00,"59,008.00"
2019-06-18,2019061801005363,SBI,44,6,22,460.00,"10,120.00"
2019-06-18,2019061801005362,SBI,47,6,200,460.00,"92,000.00"
2019-06-18,2019061801005346,SBI,35,6,200,461.00,"92,200.00"
2019-06-18,2019061801005345,SBI,34,6,78,461.00,"35,958.00"
2019-06-18,2019061801005305,SBI,48,6,500,462.00,"231,000.00"
2019-06-18,2019061801005126,SBI,34,34,122,461.00,"56,242.00"
2019-06-18,2019061801005185,SBL,7,39,385,320.00,"123,200.00"
2019-06-18,2019061801005184,SBL,38,39,500,321.00,"160,500.00"
2019-06-18,2019061801005021,SCB,46,6,20,665.00,"13,300.00"
2019-06-18,2019061801005035,SDESI,34,22,23,540.00,"12,420.00"
2019-06-18,2019061801005177,SEF,17,39,"5,000",9.70,"48,500.00"
2019-06-18,2019061801004913,SEF,17,57,"5,000",9.71,"48,550.00"
2019-06-18,2019061801004912,SEF,17,22,"5,000",9.70,"48,500.00"
2019-06-18,2019061801005194,SHINE,19,57,285,253.00,"72,105.00"
2019-06-18,2019061801005193,SHINE,19,1,218,253.00,"55,154.00"
2019-06-18,2019061801005179,SHINE,19,51,217,252.00,"54,684.00"
2019-06-18,2019061801005178,SHINE,19,42,500,251.00,"125,500.00"
2019-06-18,2019061801005397,SHIVM,57,44,40,656.00,"26,240.00"
2019-06-18,2019061801005276,SHIVM,21,57,10,660.00,"6,600.00"
2019-06-18,2019061801005233,SHIVM,21,43,50,658.00,"32,900.00"
2019-06-18,2019061801005217,SHIVM,21,56,"1,000",658.00,"658,000.00"
2019-06-18,2019061801005216,SHIVM,21,26,350,657.00,"229,950.00"
2019-06-18,2019061801005215,SHIVM,21,57,300,657.00,"197,100.00"
2019-06-18,2019061801004937,SHIVM,58,8,20,654.00,"13,080.00"
2019-06-18,2019061801004928,SHIVM,49,8,20,654.00,"13,080.00"
2019-06-18,2019061801004925,SHIVM,49,8,280,654.00,"183,120.00"
2019-06-18,2019061801004911,SHIVM,4,21,100,653.00,"65,300.00"
2019-06-18,2019061801005051,SHIVM,4,52,500,653.00,"326,500.00"
2019-06-18,2019061801005036,SHIVM,4,52,180,653.00,"117,540.00"
2019-06-18,2019061801005022,SHIVM,4,8,660,653.00,"430,980.00"
2019-06-18,2019061801005118,SHIVM,50,38,50,652.00,"32,600.00"
2019-06-18,2019061801005107,SHIVM,45,58,20,654.00,"13,080.00"
2019-06-18,2019061801005106,SHIVM,45,7,80,653.00,"52,240.00"
2019-06-18,2019061801005102,SHIVM,14,7,100,653.00,"65,300.00"
2019-06-18,2019061801005101,SHIVM,28,7,100,653.00,"65,300.00"
2019-06-18,2019061801005100,SHIVM,4,7,220,653.00,"143,660.00"
2019-06-18,2019061801005214,SHIVM,21,17,300,656.00,"196,800.00"
2019-06-18,2019061801005213,SHIVM,21,6,40,656.00,"26,240.00"
2019-06-18,2019061801005212,SHIVM,21,48,100,655.00,"65,500.00"
2019-06-18,2019061801005211,SHIVM,21,45,350,655.00,"229,250.00"
2019-06-18,2019061801005131,SHIVM,29,58,750,654.00,"490,500.00"
2019-06-18,2019061801005119,SHIVM,10,38,150,652.00,"97,800.00"
2019-06-18,2019061801004997,SHL,29,55,100,232.00,"23,200.00"
2019-06-18,2019061801004919,SHPC,50,43,500,252.00,"126,000.00"
2019-06-18,2019061801005253,SIC,25,33,10,670.00,"6,700.00"
2019-06-18,2019061801005218,SIC,19,8,40,660.00,"26,400.00"
2019-06-18,2019061801005342,SICL,36,48,129,810.00,"104,490.00"
2019-06-18,2019061801005341,SICL,7,48,90,811.00,"72,990.00"
2019-06-18,2019061801005154,SIFC,38,38,421,154.00,"64,834.00"
2019-06-18,2019061801005368,SIL,41,38,50,442.00,"22,100.00"
2019-06-18,2019061801005367,SIL,56,38,100,442.00,"44,200.00"
2019-06-18,2019061801005222,SIL,56,52,100,445.00,"44,500.00"
2019-06-18,2019061801005045,SIL,25,38,20,446.00,"8,920.00"
2019-06-18,2019061801005404,SKBBL,53,14,91,950.00,"86,450.00"
2019-06-18,2019061801005384,SKBBL,53,14,28,950.00,"26,600.00"
2019-06-18,2019061801005383,SKBBL,53,57,172,949.00,"163,228.00"
2019-06-18,2019061801005038,SLICL,41,42,50,458.00,"22,900.00"
2019-06-18,2019061801005396,SMATA,28,39,18,"1,159.00","20,862.00"
2019-06-18,2019061801005395,SMATA,45,39,10,"1,159.00","11,590.00"
2019-06-18,2019061801005355,SMATA,41,39,10,"1,175.00","11,750.00"
2019-06-18,2019061801004999,SPARS,25,22,10,502.00,"5,020.00"
2019-06-18,2019061801004998,SPARS,25,39,10,493.00,"4,930.00"
2019-06-18,2019061801005300,SPDL,39,39,15,96.00,"1,440.00"
2019-06-18,2019061801005299,SPDL,39,39,15,96.00,"1,440.00"
2019-06-18,2019061801005137,SPDL,34,39,15,95.00,"1,425.00"
2019-06-18,2019061801005282,SRBL,43,51,115,253.00,"29,095.00"
2019-06-18,2019061801004969,SRBL,43,22,300,252.00,"75,600.00"
2019-06-18,2019061801004938,SRBL,43,43,500,253.00,"126,500.00"
2019-06-18,2019061801004927,SRBL,43,3,147,252.00,"37,044.00"
2019-06-18,2019061801005283,SWBBL,44,1,42,880.00,"36,960.00"
2019-06-18,2019061801005182,SWBBL,44,59,74,880.00,"65,120.00"
2019-06-18,2019061801005174,SWBBL,44,29,75,880.00,"66,000.00"
2019-06-18,2019061801005407,TRH,52,5,10,312.00,"3,120.00"
2019-06-18,2019061801005405,TRH,16,5,10,312.00,"3,120.00"
2019-06-18,2019061801005221,TRH,49,49,"10,000",308.00,"3,080,000.00"
2019-06-18,2019061801005204,TRH,25,6,100,310.00,"31,000.00"
2019-06-18,2019061801005189,TRH,25,6,"1,000",310.00,"310,000.00"
2019-06-18,2019061801005001,TRH,7,52,480,310.00,"148,800.00"
2019-06-18,2019061801005183,TRH,25,6,"2,000",310.00,"620,000.00"
2019-06-18,2019061801005167,TRH,52,36,390,309.00,"120,510.00"
2019-06-18,2019061801005166,TRH,43,36,200,309.00,"61,800.00"
2019-06-18,2019061801005133,TRH,25,6,300,310.00,"93,000.00"
2019-06-18,2019061801005108,TRH,57,6,600,310.00,"186,000.00"
2019-06-18,2019061801005089,TRH,57,59,100,310.00,"31,000.00"
2019-06-18,2019061801005316,UFL,50,1,200,180.00,"36,000.00"
2019-06-18,2019061801005315,UFL,17,1,200,180.00,"36,000.00"
2019-06-18,2019061801005298,UFL,40,1,100,181.00,"18,100.00"
2019-06-18,2019061801005027,UIC,17,49,35,906.00,"31,710.00"
2019-06-18,2019061801005026,UIC,40,49,50,910.00,"45,500.00"
2019-06-18,2019061801005025,UIC,6,49,15,911.00,"13,665.00"
2019-06-18,2019061801005160,UNL,25,16,90,"19,287.00","1,735,830.00"
2019-06-18,2019061801004968,UPCL,13,6,450,91.00,"40,950.00"
2019-06-18,2019061801005365,UPPER,46,33,200,267.00,"53,400.00"
2019-06-18,2019061801005259,UPPER,34,35,90,266.00,"23,940.00"
2019-06-18,2019061801005254,UPPER,6,33,500,267.00,"133,500.00"
2019-06-18,2019061801005237,UPPER,34,40,50,266.00,"13,300.00"
2019-06-18,2019061801005229,UPPER,34,58,60,266.00,"15,960.00"
2019-06-18,2019061801005205,UPPER,34,43,50,266.00,"13,300.00"
2019-06-18,2019061801004915,UPPER,34,6,167,266.00,"44,422.00"
2019-06-18,2019061801004914,UPPER,34,6,70,266.00,"18,620.00"
2019-06-18,2019061801004918,UPPER,49,6,200,266.00,"53,200.00"
2019-06-18,2019061801004917,UPPER,46,6,200,266.00,"53,200.00"
2019-06-18,2019061801004916,UPPER,11,6,100,266.00,"26,600.00"
2019-06-18,2019061801005192,UPPER,34,58,150,266.00,"39,900.00"
2019-06-18,2019061801005109,UPPER,34,28,63,266.00,"16,758.00"
2019-06-18,2019061801005058,UPPER,42,28,137,266.00,"36,442.00"
2019-06-18,2019061801005057,UPPER,42,6,63,266.00,"16,758.00"
2019-06-18,2019061801005024,UPPER,28,6,200,266.00,"53,200.00"
2019-06-18,2019061801005068,VLBS,51,22,13,475.00,"6,175.00"
2019-06-18,2019061801005067,VLBS,41,22,50,475.00,"23,750.00"
2019-06-18,2019061801005023,VLBS,34,55,39,476.00,"18,564.00"
2019-06-18,2019061801004797,ADBL,34,51,883,403.00,"355,849.00"
2019-06-18,2019061801004796,ADBL,10,51,193,403.00,"77,779.00"
2019-06-18,2019061801004795,ADBL,58,51,161,403.00,"64,883.00"
2019-06-18,2019061801004736,ADBL,58,4,"1,839",403.00,"741,117.00"
2019-06-18,2019061801004735,ADBL,59,4,161,403.00,"64,883.00"
2019-06-18,2019061801004522,ADBL,59,28,89,403.00,"35,867.00"
2019-06-18,2019061801004521,ADBL,38,28,500,403.00,"201,500.00"
2019-06-18,2019061801004520,ADBL,47,28,411,403.00,"165,633.00"
2019-06-18,2019061801004645,AHPC,45,45,10,109.00,"1,090.00"
2019-06-18,2019061801004610,AHPC,54,37,84,110.00,"9,240.00"
2019-06-18,2019061801004609,AHPC,54,26,16,110.00,"1,760.00"
2019-06-18,2019061801004600,ALBSL,28,55,10,403.00,"4,030.00"
2019-06-18,2019061801004599,ALBSL,28,57,480,403.00,"193,440.00"
2019-06-18,2019061801004409,ALICL,6,28,240,390.00,"93,600.00"
2019-06-18,2019061801004408,ALICL,57,28,200,390.00,"78,000.00"
2019-06-18,2019061801004888,API,16,43,271,148.00,"40,108.00"
2019-06-18,2019061801004852,BFC,11,25,200,105.00,"21,000.00"
2019-06-18,2019061801004851,BFC,1,25,100,106.00,"10,600.00"
2019-06-18,2019061801004567,BNT,58,36,10,"6,474.00","64,740.00"
2019-06-18,2019061801004676,BPCL,25,59,184,403.00,"74,152.00"
2019-06-18,2019061801004672,BPCL,49,37,75,402.00,"30,150.00"
2019-06-18,2019061801004671,BPCL,51,37,25,402.00,"10,050.00"
2019-06-18,2019061801004670,CBBL,45,55,38,931.00,"35,378.00"
2019-06-18,2019061801004669,CBBL,45,34,43,931.00,"40,033.00"
2019-06-18,2019061801004668,CBBL,45,4,19,930.00,"17,670.00"
2019-06-18,2019061801004493,CBBL,28,25,40,928.00,"37,120.00"
2019-06-18,2019061801004492,CBBL,13,25,10,929.00,"9,290.00"
2019-06-18,2019061801004696,CBL,48,19,100,146.00,"14,600.00"
2019-06-18,2019061801004566,CBL,33,19,200,146.00,"29,200.00"
2019-06-18,2019061801004546,CBL,49,19,350,146.00,"51,100.00"
2019-06-18,2019061801004541,CBL,49,37,150,146.00,"21,900.00"
2019-06-18,2019061801004540,CBL,28,37,850,146.00,"124,100.00"
2019-06-18,2019061801004530,CBL,37,11,10,147.00,"1,470.00"
2019-06-18,2019061801004482,CBL,38,11,608,147.00,"89,376.00"
2019-06-18,2019061801004481,CBL,38,34,21,147.00,"3,087.00"
2019-06-18,2019061801004480,CBL,38,14,221,147.00,"32,487.00"
2019-06-18,2019061801004791,CCBL,17,6,200,165.00,"33,000.00"
2019-06-18,2019061801004663,CCBL,45,37,350,164.00,"57,400.00"
2019-06-18,2019061801004662,CCBL,45,37,500,164.00,"82,000.00"
2019-06-18,2019061801004661,CCBL,13,37,"2,000",164.00,"328,000.00"
2019-06-18,2019061801004660,CCBL,45,37,50,164.00,"8,200.00"
2019-06-18,2019061801004659,CCBL,40,37,200,165.00,"33,000.00"
2019-06-18,2019061801004643,CCBL,51,22,"1,000",166.00,"166,000.00"
2019-06-18,2019061801004642,CCBL,1,22,300,166.00,"49,800.00"
2019-06-18,2019061801004641,CCBL,44,22,100,166.00,"16,600.00"
2019-06-18,2019061801004640,CCBL,48,22,301,166.00,"49,966.00"
2019-06-18,2019061801004658,CCBL,40,37,500,165.00,"82,500.00"
2019-06-18,2019061801004657,CCBL,41,37,200,165.00,"33,000.00"
2019-06-18,2019061801004656,CCBL,40,37,500,165.00,"82,500.00"
2019-06-18,2019061801004655,CCBL,38,37,400,165.00,"66,000.00"
2019-06-18,2019061801004654,CCBL,41,37,100,165.00,"16,500.00"
2019-06-18,2019061801004653,CCBL,55,37,200,165.00,"33,000.00"
2019-06-18,2019061801004846,CHCL,38,42,65,515.00,"33,475.00"
2019-06-18,2019061801004500,CHCL,53,42,76,515.00,"39,140.00"
2019-06-18,2019061801004880,CIT,45,34,58,"2,505.00","145,290.00"
2019-06-18,2019061801004858,CIT,45,55,20,"2,505.00","50,100.00"
2019-06-18,2019061801004717,CIT,40,55,50,"2,501.00","125,050.00"
2019-06-18,2019061801004419,CMF1,43,16,100,9.65,965.00
2019-06-18,2019061801004418,CMF1,45,16,400,9.66,"3,864.00"
2019-06-18,2019061801004727,CORBL,52,51,10,124.00,"1,240.00"
2019-06-18,2019061801004519,CZBIL,22,22,500,222.00,"111,000.00"
2019-06-18,2019061801004504,CZBIL,11,45,50,223.00,"11,150.00"
2019-06-18,2019061801004737,DBBL,46,4,60,145.00,"8,700.00"
2019-06-18,2019061801004652,DBBL,46,42,500,145.00,"72,500.00"
2019-06-18,2019061801004580,DDBL,13,14,10,701.00,"7,010.00"
2019-06-18,2019061801004539,DDBL,49,16,69,700.00,"48,300.00"
2019-06-18,2019061801004499,DDBL,49,16,131,700.00,"91,700.00"
2019-06-18,2019061801004495,DDBL,49,59,299,700.00,"209,300.00"
2019-06-18,2019061801004470,DDBL,49,59,191,700.00,"133,700.00"
2019-06-18,2019061801004426,DDBL,49,59,100,700.00,"70,000.00"
2019-06-18,2019061801004821,EBL,57,6,500,662.00,"331,000.00"
2019-06-18,2019061801004800,EBL,57,6,290,662.00,"191,980.00"
2019-06-18,2019061801004759,EBL,57,11,86,662.00,"56,932.00"
2019-06-18,2019061801004749,EBL,46,19,11,661.00,"7,271.00"
2019-06-18,2019061801004730,EBL,57,11,414,662.00,"274,068.00"
2019-06-18,2019061801004722,EBL,57,22,200,662.00,"132,400.00"
2019-06-18,2019061801004698,EBL,57,47,150,662.00,"99,300.00"
2019-06-18,2019061801004472,EBL,38,52,50,663.00,"33,150.00"
2019-06-18,2019061801004740,FMDBL,46,56,30,391.00,"11,730.00"
2019-06-18,2019061801004883,FOWAD,38,10,20,"1,355.00","27,100.00"
2019-06-18,2019061801004882,FOWAD,38,37,25,"1,350.00","33,750.00"
2019-06-18,2019061801004555,FOWAD,1,42,25,"1,345.00","33,625.00"
2019-06-18,2019061801004901,GBBL,59,22,51,224.00,"11,424.00"
2019-06-18,2019061801004900,GBBL,14,22,200,224.00,"44,800.00"
2019-06-18,2019061801004899,GBBL,13,22,58,224.00,"12,992.00"
2019-06-18,2019061801004850,GBBL,36,38,81,226.00,"18,306.00"
2019-06-18,2019061801004768,GBBL,36,19,11,225.00,"2,475.00"
2019-06-18,2019061801004614,GBBL,36,42,500,225.00,"112,500.00"
2019-06-18,2019061801004561,GBBL,36,55,309,225.00,"69,525.00"
2019-06-18,2019061801004537,GBBL,36,16,100,225.00,"22,500.00"
2019-06-18,2019061801004816,GBIME,49,51,27,297.00,"8,019.00"
2019-06-18,2019061801004815,GBIME,10,51,446,297.00,"132,462.00"
2019-06-18,2019061801004814,GBIME,14,51,27,297.00,"8,019.00"
2019-06-18,2019061801004807,GBIME,14,6,70,297.00,"20,790.00"
2019-06-18,2019061801004615,GBIME,44,25,50,298.00,"14,900.00"
2019-06-18,2019061801004591,GBIME,1,25,100,298.00,"29,800.00"
2019-06-18,2019061801004444,GBIME,45,34,30,298.00,"8,940.00"
2019-06-18,2019061801004425,GBIME,45,34,40,298.00,"11,920.00"
2019-06-18,2019061801004424,GBIME,45,41,60,298.00,"17,880.00"
2019-06-18,2019061801004590,GBIME,45,25,70,298.00,"20,860.00"
2019-06-18,2019061801004573,GBIME,22,34,150,299.00,"44,850.00"
2019-06-18,2019061801004545,GBIME,45,16,30,298.00,"8,940.00"
2019-06-18,2019061801004544,GBIME,22,16,70,298.00,"20,860.00"
2019-06-18,2019061801004503,GBIME,22,28,30,298.00,"8,940.00"
2019-06-18,2019061801004502,GBIME,45,28,70,298.00,"20,860.00"
2019-06-18,2019061801004799,GDBL,45,53,150,210.00,"31,500.00"
2019-06-18,2019061801004565,GDBL,45,16,30,210.00,"6,300.00"
2019-06-18,2019061801004479,GLBSL,43,33,10,385.00,"3,850.00"
2019-06-18,2019061801004848,GLICL,17,32,32,500.00,"16,000.00"
2019-06-18,2019061801004769,GRDBL,43,51,155,116.00,"17,980.00"
2019-06-18,2019061801004585,HBL,22,16,24,556.00,"13,344.00"
2019-06-18,2019061801004478,HBL,25,36,286,556.00,"159,016.00"
2019-06-18,2019061801004443,HBL,34,36,200,556.00,"111,200.00"
2019-06-18,2019061801004442,HBL,49,36,"1,000",556.00,"556,000.00"
2019-06-18,2019061801004441,HBL,1,36,100,557.00,"55,700.00"
2019-06-18,2019061801004440,HBL,28,36,100,558.00,"55,800.00"
2019-06-18,2019061801004439,HBL,45,36,91,558.00,"50,778.00"
2019-06-18,2019061801004733,HGI,10,38,25,363.00,"9,075.00"
2019-06-18,2019061801004523,HGI,19,41,300,363.00,"108,900.00"
2019-06-18,2019061801004560,HIDCL,51,41,550,159.00,"87,450.00"
2019-06-18,2019061801004558,HPPL,58,4,20,179.00,"3,580.00"
2019-06-18,2019061801004845,HURJA,49,6,20,146.00,"2,920.00"
2019-06-18,2019061801004597,IGI,26,26,28,381.00,"10,668.00"
2019-06-18,2019061801004596,IGI,14,26,20,382.00,"7,640.00"
2019-06-18,2019061801004887,JBBL,57,46,100,158.00,"15,800.00"
2019-06-18,2019061801004853,JBBL,45,50,"1,500",157.00,"235,500.00"
2019-06-18,2019061801004756,JBBL,45,38,500,157.00,"78,500.00"
2019-06-18,2019061801004755,JBBL,14,38,500,157.00,"78,500.00"
2019-06-18,2019061801004897,JBNL,26,42,100,207.00,"20,700.00"
2019-06-18,2019061801004602,JBNL,58,5,50,208.00,"10,400.00"
2019-06-18,2019061801004598,JBNL,26,16,10,207.00,"2,070.00"
2019-06-18,2019061801004583,JBNL,8,5,100,208.00,"20,800.00"
2019-06-18,2019061801004501,JBNL,26,26,200,207.00,"41,400.00"
2019-06-18,2019061801004454,JBNL,26,34,68,207.00,"14,076.00"
2019-06-18,2019061801004453,JBNL,38,34,17,207.00,"3,519.00"
2019-06-18,2019061801004435,JBNL,38,34,85,207.00,"17,595.00"
2019-06-18,2019061801004535,JFL,22,59,60,178.00,"10,680.00"
2019-06-18,2019061801004524,JOSHI,13,6,20,84.00,"1,680.00"
2019-06-18,2019061801004828,KBBL,32,37,710,235.00,"166,850.00"
2019-06-18,2019061801004616,KBBL,43,33,"1,000",235.00,"235,000.00"
2019-06-18,2019061801004765,KBL,14,4,38,211.00,"8,018.00"
2019-06-18,2019061801004764,KBL,58,4,150,211.00,"31,650.00"
2019-06-18,2019061801004763,KBL,14,4,400,211.00,"84,400.00"
2019-06-18,2019061801004762,KBL,52,4,412,211.00,"86,932.00"
2019-06-18,2019061801004613,KBL,52,16,40,211.00,"8,440.00"
2019-06-18,2019061801004608,KBL,36,4,343,212.00,"72,716.00"
2019-06-18,2019061801004607,KBL,36,1,100,212.00,"21,200.00"
2019-06-18,2019061801004606,KBL,36,4,157,212.00,"33,284.00"
2019-06-18,2019061801004477,KBL,29,4,100,212.00,"21,200.00"
2019-06-18,2019061801004896,KPCL,3,53,10,93.00,930.00
2019-06-18,2019061801004895,KRBL,39,38,300,116.00,"34,800.00"
2019-06-18,2019061801004806,KSBBL,21,16,70,153.00,"10,710.00"
2019-06-18,2019061801004794,KSBBL,21,4,100,153.00,"15,300.00"
2019-06-18,2019061801004892,LBBL,33,52,592,197.00,"116,624.00"
2019-06-18,2019061801004891,LBBL,1,52,500,197.00,"98,500.00"
2019-06-18,2019061801004890,LBBL,37,52,500,197.00,"98,500.00"
2019-06-18,2019061801004889,LBBL,33,52,408,197.00,"80,376.00"
2019-06-18,2019061801004510,LVF1,43,16,"1,500",10.07,"15,105.00"
2019-06-18,2019061801004847,MBL,44,38,285,265.00,"75,525.00"
2019-06-18,2019061801004819,MBL,4,6,800,265.00,"212,000.00"
2019-06-18,2019061801004626,MBL,4,49,200,265.00,"53,000.00"
2019-06-18,2019061801004625,MBL,57,49,100,265.00,"26,500.00"
2019-06-18,2019061801004624,MBL,50,49,"1,000",265.00,"265,000.00"
2019-06-18,2019061801004623,MBL,38,49,250,265.00,"66,250.00"
2019-06-18,2019061801004450,MBL,11,16,500,266.00,"133,000.00"
2019-06-18,2019061801004449,MBL,34,16,480,266.00,"127,680.00"
2019-06-18,2019061801004622,MBL,32,49,200,265.00,"53,000.00"
2019-06-18,2019061801004621,MBL,28,49,250,265.00,"66,250.00"
2019-06-18,2019061801004498,MBL,28,16,750,265.00,"198,750.00"
2019-06-18,2019061801004497,MBL,42,16,50,265.00,"13,250.00"
2019-06-18,2019061801004452,MBL,52,16,99,266.00,"26,334.00"
2019-06-18,2019061801004451,MBL,33,16,50,266.00,"13,300.00"
2019-06-18,2019061801004587,MDB,55,52,50,240.00,"12,000.00"
2019-06-18,2019061801004713,MEGA,45,16,11,199.00,"2,189.00"
2019-06-18,2019061801004542,MEGA,58,1,50,200.00,"10,000.00"
2019-06-18,2019061801004518,MEGA,10,1,50,200.00,"10,000.00"
2019-06-18,2019061801004505,MEGA,45,48,10,199.00,"1,990.00"
2019-06-18,2019061801004466,MEGA,45,37,25,199.00,"4,975.00"
2019-06-18,2019061801004725,MFIL,22,55,200,125.00,"25,000.00"
2019-06-18,2019061801004721,MHNL,45,40,240,105.00,"25,200.00"
2019-06-18,2019061801004720,MHNL,59,40,260,105.00,"27,300.00"
2019-06-18,2019061801004830,MLBL,59,6,121,194.00,"23,474.00"
2019-06-18,2019061801004829,MLBL,36,6,179,194.00,"34,726.00"
2019-06-18,2019061801004716,MNBBL,16,16,100,370.00,"37,000.00"
2019-06-18,2019061801004416,MNBBL,16,26,250,370.00,"92,500.00"
2019-06-18,2019061801004415,MNBBL,19,26,200,370.00,"74,000.00"
2019-06-18,2019061801004414,MNBBL,35,26,80,370.00,"29,600.00"
2019-06-18,2019061801004413,MNBBL,35,26,50,370.00,"18,500.00"
2019-06-18,2019061801004412,MNBBL,1,26,400,370.00,"148,000.00"
2019-06-18,2019061801004411,MNBBL,19,26,20,371.00,"7,420.00"
2019-06-18,2019061801004849,NABIL,51,6,170,812.00,"138,040.00"
2019-06-18,2019061801004822,NABIL,43,45,250,814.00,"203,500.00"
2019-06-18,2019061801004731,NABIL,51,52,18,812.00,"14,616.00"
2019-06-18,2019061801004724,NABIL,36,16,20,812.00,"16,240.00"
2019-06-18,2019061801004723,NABIL,50,16,25,812.00,"20,300.00"
2019-06-18,2019061801004638,NABIL,36,45,50,814.00,"40,700.00"
2019-06-18,2019061801004629,NABIL,43,51,8,813.00,"6,504.00"
2019-06-18,2019061801004628,NABIL,38,51,30,813.00,"24,390.00"
2019-06-18,2019061801004422,NABIL,3,44,20,815.00,"16,300.00"
2019-06-18,2019061801004793,NABILP,26,37,20,792.00,"15,840.00"
2019-06-18,2019061801004410,NABILP,57,37,58,795.00,"46,110.00"
2019-06-18,2019061801004832,NADEP,22,56,20,415.00,"8,300.00"
2019-06-18,2019061801004831,NADEP,22,56,20,415.00,"8,300.00"
2019-06-18,2019061801004734,NADEP,48,48,10,413.00,"4,130.00"
2019-06-18,2019061801004455,NADEP,48,48,10,411.00,"4,110.00"
2019-06-18,2019061801004666,NBB,29,49,106,221.00,"23,426.00"
2019-06-18,2019061801004639,NBB,41,49,200,221.00,"44,200.00"
2019-06-18,2019061801004589,NBB,36,49,500,221.00,"110,500.00"
2019-06-18,2019061801004584,NBB,38,49,"1,824",221.00,"403,104.00"
2019-06-18,2019061801004512,NBB,38,28,176,221.00,"38,896.00"
2019-06-18,2019061801004511,NBB,13,28,24,221.00,"5,304.00"
2019-06-18,2019061801004798,NBL,29,17,"1,500",322.00,"483,000.00"
2019-06-18,2019061801004752,NBL,48,51,402,321.00,"129,042.00"
2019-06-18,2019061801004751,NBL,35,51,"1,000",321.00,"321,000.00"
2019-06-18,2019061801004750,NBL,59,51,98,321.00,"31,458.00"
2019-06-18,2019061801004617,NBL,47,17,500,322.00,"161,000.00"
2019-06-18,2019061801004605,NBL,47,4,199,322.00,"64,078.00"
2019-06-18,2019061801004557,NBL,41,4,390,322.00,"125,580.00"
2019-06-18,2019061801004556,NBL,41,36,110,322.00,"35,420.00"
2019-06-18,2019061801004468,NBL,22,36,100,322.00,"32,200.00"
2019-06-18,2019061801004805,NCCB,7,7,"20,000",256.00,"5,120,000.00"
2019-06-18,2019061801004772,NCCB,21,58,36,255.00,"9,180.00"
2019-06-18,2019061801004771,NCCB,34,58,164,255.00,"41,820.00"
2019-06-18,2019061801004620,NCCB,29,22,"1,000",256.00,"256,000.00"
2019-06-18,2019061801004619,NCCB,29,55,300,256.00,"76,800.00"
2019-06-18,2019061801004618,NCCB,29,56,"1,100",256.00,"281,600.00"
2019-06-18,2019061801004460,NCCB,34,40,336,255.00,"85,680.00"
2019-06-18,2019061801004459,NCCB,21,40,200,255.00,"51,000.00"
2019-06-18,2019061801004458,NCCB,54,40,200,255.00,"51,000.00"
2019-06-18,2019061801004457,NCCB,48,40,100,255.00,"25,500.00"
2019-06-18,2019061801004456,NCCB,48,40,64,255.00,"16,320.00"
2019-06-18,2019061801004894,NEF,52,43,241,8.05,"1,940.05"
2019-06-18,2019061801004778,NEF,52,43,241,8.05,"1,940.05"
2019-06-18,2019061801004773,NEF,52,43,241,8.05,"1,940.05"
2019-06-18,2019061801004758,NEF,52,43,241,8.05,"1,940.05"
2019-06-18,2019061801004554,NEF,32,32,724,8.06,"5,835.44"
2019-06-18,2019061801004534,NEF,32,32,724,8.06,"5,835.44"
2019-06-18,2019061801004711,NHPC,42,56,"1,000",67.00,"67,000.00"
2019-06-18,2019061801004514,NHPC,58,51,450,67.00,"30,150.00"
2019-06-18,2019061801004434,NHPC,29,51,550,67.00,"36,850.00"
2019-06-18,2019061801004754,NIB,45,11,32,527.00,"16,864.00"
2019-06-18,2019061801004753,NIB,56,11,78,527.00,"41,106.00"
2019-06-18,2019061801004738,NIB,56,16,60,527.00,"31,620.00"
2019-06-18,2019061801004569,NIB,56,41,72,527.00,"37,944.00"
2019-06-18,2019061801004562,NIB,22,32,100,528.00,"52,800.00"
2019-06-18,2019061801004533,NIB,56,22,10,527.00,"5,270.00"
2019-06-18,2019061801004448,NIB,48,32,45,528.00,"23,760.00"
2019-06-18,2019061801004490,NIBPO,6,4,"1,000",481.00,"481,000.00"
2019-06-18,2019061801004489,NIBPO,22,4,100,481.00,"48,100.00"
2019-06-18,2019061801004488,NIBPO,44,4,50,481.00,"24,050.00"
2019-06-18,2019061801004487,NIBPO,29,4,500,481.00,"240,500.00"
2019-06-18,2019061801004486,NIBPO,22,4,20,481.00,"9,620.00"
2019-06-18,2019061801004485,NIBPO,44,4,50,482.00,"24,100.00"
2019-06-18,2019061801004484,NIBPO,22,4,10,482.00,"4,820.00"
2019-06-18,2019061801004483,NIBPO,58,4,909,482.00,"438,138.00"
2019-06-18,2019061801004432,NIBPO,44,40,50,483.00,"24,150.00"
2019-06-18,2019061801004431,NIBPO,49,40,210,483.00,"101,430.00"
2019-06-18,2019061801004898,NICA,42,38,500,460.00,"230,000.00"
2019-06-18,2019061801004826,NICA,59,44,500,461.00,"230,500.00"
2019-06-18,2019061801004748,NICA,42,16,20,460.00,"9,200.00"
2019-06-18,2019061801004729,NICA,42,28,470,460.00,"216,200.00"
2019-06-18,2019061801004728,NICA,11,28,30,460.00,"13,800.00"
2019-06-18,2019061801004650,NICA,29,58,90,461.00,"41,490.00"
2019-06-18,2019061801004649,NICA,29,28,500,461.00,"230,500.00"
2019-06-18,2019061801004817,NICL,45,58,10,353.00,"3,530.00"
2019-06-18,2019061801004789,NICL,13,58,500,360.00,"180,000.00"
2019-06-18,2019061801004788,NICL,43,58,105,360.00,"37,800.00"
2019-06-18,2019061801004787,NICL,47,58,25,360.00,"9,000.00"
2019-06-18,2019061801004786,NICL,14,58,200,360.00,"72,000.00"
2019-06-18,2019061801004785,NICL,40,58,470,361.00,"169,670.00"
2019-06-18,2019061801004531,NICL,34,6,30,365.00,"10,950.00"
2019-06-18,2019061801004784,NICL,17,58,100,362.00,"36,200.00"
2019-06-18,2019061801004783,NICL,28,58,100,362.00,"36,200.00"
2019-06-18,2019061801004782,NICL,46,58,100,363.00,"36,300.00"
2019-06-18,2019061801004781,NICL,32,58,100,363.00,"36,300.00"
2019-06-18,2019061801004780,NICL,38,58,100,363.00,"36,300.00"
2019-06-18,2019061801004779,NICL,58,58,12,364.00,"4,368.00"
2019-06-18,2019061801004844,NIL,35,34,46,487.00,"22,402.00"
2019-06-18,2019061801004843,NIL,35,34,50,487.00,"24,350.00"
2019-06-18,2019061801004842,NIL,35,34,50,487.00,"24,350.00"
2019-06-18,2019061801004841,NIL,35,34,70,487.00,"34,090.00"
2019-06-18,2019061801004840,NIL,35,34,70,487.00,"34,090.00"
2019-06-18,2019061801004839,NIL,51,34,50,488.00,"24,400.00"
2019-06-18,2019061801004838,NIL,25,34,100,488.00,"48,800.00"
2019-06-18,2019061801004837,NIL,38,34,64,488.00,"31,232.00"
2019-06-18,2019061801004835,NLBBL,42,40,47,480.00,"22,560.00"
2019-06-18,2019061801004834,NLBBL,48,40,40,480.00,"19,200.00"
2019-06-18,2019061801004833,NLBBL,19,40,13,482.00,"6,266.00"
2019-06-18,2019061801004801,NLIC,22,6,50,905.00,"45,250.00"
2019-06-18,2019061801004726,NLIC,41,34,100,904.00,"90,400.00"
2019-06-18,2019061801004715,NLIC,42,6,1,905.00,905.00
2019-06-18,2019061801004708,NLIC,42,6,24,905.00,"21,720.00"
2019-06-18,2019061801004707,NLIC,50,6,20,905.00,"18,100.00"
2019-06-18,2019061801004706,NLIC,44,6,50,905.00,"45,250.00"
2019-06-18,2019061801004563,NLIC,38,38,54,906.00,"48,924.00"
2019-06-18,2019061801004467,NLIC,6,34,50,907.00,"45,350.00"
2019-06-18,2019061801004446,NLIC,34,41,20,906.00,"18,120.00"
2019-06-18,2019061801004445,NLIC,16,41,10,906.00,"9,060.00"
2019-06-18,2019061801004423,NLIC,16,16,17,906.00,"15,402.00"
2019-06-18,2019061801004417,NLIC,16,37,17,906.00,"15,402.00"
2019-06-18,2019061801004636,NLIC,57,6,50,905.00,"45,250.00"
2019-06-18,2019061801004635,NLIC,6,6,100,905.00,"90,500.00"
2019-06-18,2019061801004634,NLIC,42,6,150,905.00,"135,750.00"
2019-06-18,2019061801004633,NLIC,38,6,50,905.00,"45,250.00"
2019-06-18,2019061801004632,NLIC,51,6,13,905.00,"11,765.00"
2019-06-18,2019061801004631,NLIC,44,6,60,906.00,"54,360.00"
2019-06-18,2019061801004705,NLIC,42,6,100,905.00,"90,500.00"
2019-06-18,2019061801004704,NLIC,54,6,30,905.00,"27,150.00"
2019-06-18,2019061801004703,NLIC,44,6,50,905.00,"45,250.00"
2019-06-18,2019061801004702,NLIC,17,6,10,905.00,"9,050.00"
2019-06-18,2019061801004701,NLIC,34,6,23,905.00,"20,815.00"
2019-06-18,2019061801004637,NLIC,34,6,77,905.00,"69,685.00"
2019-06-18,2019061801004879,NLICL,44,37,22,617.00,"13,574.00"
2019-06-18,2019061801004878,NLICL,44,37,33,617.00,"20,361.00"
2019-06-18,2019061801004877,NLICL,41,37,200,618.00,"123,600.00"
2019-06-18,2019061801004876,NLICL,50,37,25,618.00,"15,450.00"
2019-06-18,2019061801004875,NLICL,43,37,50,618.00,"30,900.00"
2019-06-18,2019061801004874,NLICL,41,37,170,619.00,"105,230.00"
2019-06-18,2019061801004854,NLICL,41,40,30,619.00,"18,570.00"
2019-06-18,2019061801004447,NMBHF1,49,16,832,9.35,"7,779.20"
2019-06-18,2019061801004507,NTC,29,26,75,690.00,"51,750.00"
2019-06-18,2019061801004506,NTC,29,26,25,690.00,"17,250.00"
2019-06-18,2019061801004428,NTC,11,43,200,691.00,"138,200.00"
2019-06-18,2019061801004427,NTC,35,43,20,691.00,"13,820.00"
2019-06-18,2019061801004873,NUBL,53,16,47,829.00,"38,963.00"
2019-06-18,2019061801004612,NUBL,49,16,"1,500",826.00,"1,239,000.00"
2019-06-18,2019061801004611,NUBL,13,16,70,826.00,"57,820.00"
2019-06-18,2019061801004568,NUBL,53,16,80,827.00,"66,160.00"
2019-06-18,2019061801004553,NUBL,22,16,10,827.00,"8,270.00"
2019-06-18,2019061801004552,NUBL,13,16,10,828.00,"8,280.00"
2019-06-18,2019061801004813,OHL,48,34,240,630.00,"151,200.00"
2019-06-18,2019061801004812,OHL,54,34,60,630.00,"37,800.00"
2019-06-18,2019061801004811,OHL,45,34,200,631.00,"126,200.00"
2019-06-18,2019061801004695,PCBL,53,58,999,286.00,"285,714.00"
2019-06-18,2019061801004694,PCBL,38,58,30,286.00,"8,580.00"
2019-06-18,2019061801004693,PCBL,32,58,200,286.00,"57,200.00"
2019-06-18,2019061801004692,PCBL,41,58,100,286.00,"28,600.00"
2019-06-18,2019061801004691,PCBL,20,58,500,286.00,"143,000.00"
2019-06-18,2019061801004690,PCBL,57,58,500,287.00,"143,500.00"
2019-06-18,2019061801004677,PCBL,14,58,47,288.00,"13,536.00"
2019-06-18,2019061801004572,PCBL,38,47,880,289.00,"254,320.00"
2019-06-18,2019061801004496,PCBL,22,47,20,289.00,"5,780.00"
2019-06-18,2019061801004683,PCBL,44,58,500,287.00,"143,500.00"
2019-06-18,2019061801004682,PCBL,22,58,400,287.00,"114,800.00"
2019-06-18,2019061801004681,PCBL,54,58,50,287.00,"14,350.00"
2019-06-18,2019061801004680,PCBL,55,58,236,287.00,"67,732.00"
2019-06-18,2019061801004679,PCBL,11,58,328,288.00,"94,464.00"
2019-06-18,2019061801004678,PCBL,14,58,100,288.00,"28,800.00"
2019-06-18,2019061801004689,PCBL,41,58,70,287.00,"20,090.00"
2019-06-18,2019061801004688,PCBL,49,58,"1,000",287.00,"287,000.00"
2019-06-18,2019061801004687,PCBL,32,58,100,287.00,"28,700.00"
2019-06-18,2019061801004686,PCBL,58,58,500,287.00,"143,500.00"
2019-06-18,2019061801004685,PCBL,29,58,300,287.00,"86,100.00"
2019-06-18,2019061801004684,PCBL,48,58,40,287.00,"11,480.00"
2019-06-18,2019061801004517,PIC,49,16,11,"1,003.00","11,033.00"
2019-06-18,2019061801004465,PIC,49,16,11,"1,003.00","11,033.00"
2019-06-18,2019061801004893,PMHPL,44,33,10,107.00,"1,070.00"
2019-06-18,2019061801004525,PMHPL,44,33,10,107.00,"1,070.00"
2019-06-18,2019061801004430,PRIN,14,21,20,384.00,"7,680.00"
2019-06-18,2019061801004761,PRVU,35,14,50,267.00,"13,350.00"
2019-06-18,2019061801004760,PRVU,26,14,250,267.00,"66,750.00"
2019-06-18,2019061801004464,PRVU,38,14,800,266.00,"212,800.00"
2019-06-18,2019061801004810,RLFL,28,14,"1,000",129.00,"129,000.00"
2019-06-18,2019061801004809,RLFL,1,14,500,129.00,"64,500.00"
2019-06-18,2019061801004808,RLFL,39,14,22,130.00,"2,860.00"
2019-06-18,2019061801004421,RLFL,39,43,478,130.00,"62,140.00"
2019-06-18,2019061801004420,RLFL,39,43,422,130.00,"54,860.00"
2019-06-18,2019061801004438,RMDC,47,37,22,648.00,"14,256.00"
2019-06-18,2019061801004437,RMDC,46,37,28,649.00,"18,172.00"
2019-06-18,2019061801004824,RRHP,22,22,500,108.00,"54,000.00"
2019-06-18,2019061801004823,RRHP,7,22,200,108.00,"21,600.00"
2019-06-18,2019061801004712,RRHP,22,38,50,110.00,"5,500.00"
2019-06-18,2019061801004648,RRHP,7,16,10,110.00,"1,100.00"
2019-06-18,2019061801004647,RRHP,7,16,10,110.00,"1,100.00"
2019-06-18,2019061801004529,RRHP,22,47,"1,000",109.00,"109,000.00"
2019-06-18,2019061801004528,RRHP,22,59,10,109.00,"1,090.00"
2019-06-18,2019061801004527,RRHP,22,59,10,109.00,"1,090.00"
2019-06-18,2019061801004526,RRHP,22,55,10,108.00,"1,080.00"
2019-06-18,2019061801004515,RRHP,19,33,10,107.00,"1,070.00"
2019-06-18,2019061801004804,SADBL,59,45,11,150.00,"1,650.00"
2019-06-18,2019061801004803,SADBL,5,45,200,150.00,"30,000.00"
2019-06-18,2019061801004802,SADBL,46,45,450,150.00,"67,500.00"
2019-06-18,2019061801004471,SAEF,58,16,"1,000",9.51,"9,510.00"
2019-06-18,2019061801004886,SANIMA,45,45,296,348.00,"103,008.00"
2019-06-18,2019061801004651,SANIMA,45,49,"2,000",348.00,"696,000.00"
2019-06-18,2019061801004710,SBBLJ,45,17,132,192.00,"25,344.00"
2019-06-18,2019061801004709,SBBLJ,32,17,30,192.00,"5,760.00"
2019-06-18,2019061801004582,SBI,48,45,313,461.00,"144,293.00"
2019-06-18,2019061801004581,SBI,45,45,187,462.00,"86,394.00"
2019-06-18,2019061801004508,SBI,45,16,13,462.00,"6,006.00"
2019-06-18,2019061801004770,SBL,48,43,465,320.00,"148,800.00"
2019-06-18,2019061801004604,SBL,49,39,"2,000",320.00,"640,000.00"
2019-06-18,2019061801004603,SBL,49,39,235,320.00,"75,200.00"
2019-06-18,2019061801004433,SBL,49,28,"1,765",320.00,"564,800.00"
2019-06-18,2019061801004818,SCB,49,56,40,662.00,"26,480.00"
2019-06-18,2019061801004673,SCB,56,34,40,663.00,"26,520.00"
2019-06-18,2019061801004646,SCB,56,4,20,663.00,"13,260.00"
2019-06-18,2019061801004551,SCB,56,17,20,663.00,"13,260.00"
2019-06-18,2019061801004550,SCB,56,6,19,663.00,"12,597.00"
2019-06-18,2019061801004549,SCB,51,6,20,663.00,"13,260.00"
2019-06-18,2019061801004548,SCB,13,6,50,663.00,"33,150.00"
2019-06-18,2019061801004547,SCB,39,6,11,663.00,"7,293.00"
2019-06-18,2019061801004757,SEF,22,45,"2,000",9.66,"19,320.00"
2019-06-18,2019061801004436,SEF,22,35,"3,000",9.66,"28,980.00"
2019-06-18,2019061801004429,SEF,22,6,"1,000",9.66,"9,660.00"
2019-06-18,2019061801004719,SHINE,19,6,300,250.00,"75,000.00"
2019-06-18,2019061801004718,SHINE,19,49,980,250.00,"245,000.00"
2019-06-18,2019061801004494,SHINE,47,16,12,249.00,"2,988.00"
2019-06-18,2019061801004907,SHIVM,38,58,230,654.00,"150,420.00"
2019-06-18,2019061801004884,SHIVM,38,47,20,654.00,"13,080.00"
2019-06-18,2019061801004881,SHIVM,4,21,100,653.00,"65,300.00"
2019-06-18,2019061801004792,SHIVM,4,25,50,653.00,"32,650.00"
2019-06-18,2019061801004774,SHIVM,36,8,500,654.00,"327,000.00"
2019-06-18,2019061801004543,SHIVM,38,36,500,653.00,"326,500.00"
2019-06-18,2019061801004476,SHIVM,38,11,40,653.00,"26,120.00"
2019-06-18,2019061801004475,SHIVM,4,11,50,653.00,"32,650.00"
2019-06-18,2019061801004474,SHIVM,50,11,100,654.00,"65,400.00"
2019-06-18,2019061801004473,SHIVM,29,11,60,654.00,"39,240.00"
2019-06-18,2019061801004714,SHIVM,16,8,490,654.00,"320,460.00"
2019-06-18,2019061801004700,SHIVM,11,8,10,654.00,"6,540.00"
2019-06-18,2019061801004699,SHIVM,42,8,200,654.00,"130,800.00"
2019-06-18,2019061801004627,SHIVM,38,6,10,656.00,"6,560.00"
2019-06-18,2019061801004574,SHIVM,38,42,150,653.00,"97,950.00"
2019-06-18,2019061801004747,SHIVM,4,38,190,653.00,"124,070.00"
2019-06-18,2019061801004746,SHIVM,56,38,100,653.00,"65,300.00"
2019-06-18,2019061801004745,SHIVM,35,38,100,653.00,"65,300.00"
2019-06-18,2019061801004744,SHIVM,35,38,100,653.00,"65,300.00"
2019-06-18,2019061801004743,SHIVM,16,38,10,654.00,"6,540.00"
2019-06-18,2019061801004776,SHL,29,43,200,232.00,"46,400.00"
2019-06-18,2019061801004775,SHL,7,43,100,232.00,"23,200.00"
2019-06-18,2019061801004697,SHL,57,37,100,233.00,"23,300.00"
2019-06-18,2019061801004906,SHPC,50,43,90,252.00,"22,680.00"
2019-06-18,2019061801004905,SHPC,42,43,500,252.00,"126,000.00"
2019-06-18,2019061801004904,SHPC,25,43,500,252.00,"126,000.00"
2019-06-18,2019061801004903,SHPC,35,43,200,252.00,"50,400.00"
2019-06-18,2019061801004902,SHPC,57,43,210,252.00,"52,920.00"
2019-06-18,2019061801004872,SHPC,57,43,190,252.00,"47,880.00"
2019-06-18,2019061801004865,SHPC,35,43,50,253.00,"12,650.00"
2019-06-18,2019061801004864,SHPC,51,43,55,253.00,"13,915.00"
2019-06-18,2019061801004857,SHPC,51,6,45,253.00,"11,385.00"
2019-06-18,2019061801004871,SHPC,59,43,500,252.00,"126,000.00"
2019-06-18,2019061801004870,SHPC,25,43,500,252.00,"126,000.00"
2019-06-18,2019061801004869,SHPC,10,43,100,252.00,"25,200.00"
2019-06-18,2019061801004868,SHPC,35,43,105,252.00,"26,460.00"
2019-06-18,2019061801004867,SHPC,13,43,400,253.00,"101,200.00"
2019-06-18,2019061801004866,SHPC,19,43,100,253.00,"25,300.00"
2019-06-18,2019061801004863,SICL,7,22,10,811.00,"8,110.00"
2019-06-18,2019061801004862,SICL,45,22,10,811.00,"8,110.00"
2019-06-18,2019061801004861,SICL,25,22,100,812.00,"81,200.00"
2019-06-18,2019061801004860,SICL,25,22,70,813.00,"56,910.00"
2019-06-18,2019061801004859,SICL,57,22,50,813.00,"40,650.00"
2019-06-18,2019061801004790,SICL,49,35,10,819.00,"8,190.00"
2019-06-18,2019061801004732,SICL,49,35,10,819.00,"8,190.00"
2019-06-18,2019061801004667,SICL,49,32,30,819.00,"24,570.00"
2019-06-18,2019061801004674,SIFC,22,25,20,155.00,"3,100.00"
2019-06-18,2019061801004644,SIL,35,38,300,441.00,"132,300.00"
2019-06-18,2019061801004579,SIL,56,38,300,440.00,"132,000.00"
2019-06-18,2019061801004578,SIL,21,38,200,440.00,"88,000.00"
2019-06-18,2019061801004577,SIL,10,38,200,440.00,"88,000.00"
2019-06-18,2019061801004576,SIL,51,38,47,440.00,"20,680.00"
2019-06-18,2019061801004575,SIL,58,38,20,441.00,"8,820.00"
2019-06-18,2019061801004675,SKBBL,7,57,140,949.00,"132,860.00"
2019-06-18,2019061801004665,SKBBL,7,21,83,948.00,"78,684.00"
2019-06-18,2019061801004664,SKBBL,7,37,27,947.00,"25,569.00"
2019-06-18,2019061801004513,SKBBL,16,37,27,947.00,"25,569.00"
2019-06-18,2019061801004856,SMATA,57,54,20,"1,165.00","23,300.00"
2019-06-18,2019061801004741,SMATA,36,54,10,"1,165.00","11,650.00"
2019-06-18,2019061801004885,SPARS,25,29,10,493.00,"4,930.00"
2019-06-18,2019061801004595,SRBL,36,52,116,254.00,"29,464.00"
2019-06-18,2019061801004594,SRBL,36,43,200,254.00,"50,800.00"
2019-06-18,2019061801004593,SRBL,36,55,82,254.00,"20,828.00"
2019-06-18,2019061801004592,SRBL,36,14,102,253.00,"25,806.00"
2019-06-18,2019061801004586,SRBL,43,32,312,252.00,"78,624.00"
2019-06-18,2019061801004538,SRBL,43,22,10,252.00,"2,520.00"
2019-06-18,2019061801004532,SWBBL,13,16,10,885.00,"8,850.00"
2019-06-18,2019061801004509,SWBBL,44,26,10,880.00,"8,800.00"
2019-06-18,2019061801004469,SWBBL,44,6,27,880.00,"23,760.00"
2019-06-18,2019061801004827,TRH,7,6,760,311.00,"236,360.00"
2019-06-18,2019061801004820,TRH,7,13,20,310.00,"6,200.00"
2019-06-18,2019061801004777,TRH,7,6,"1,000",311.00,"311,000.00"
2019-06-18,2019061801004564,TRH,29,6,"1,000",311.00,"311,000.00"
2019-06-18,2019061801004559,TRH,29,3,150,310.00,"46,500.00"
2019-06-18,2019061801004536,TRH,29,29,500,310.00,"155,000.00"
2019-06-18,2019061801004491,TRH,45,6,650,310.00,"201,500.00"
2019-06-18,2019061801004836,UPCL,58,59,100,92.00,"9,200.00"
2019-06-18,2019061801004742,UPCL,49,59,300,92.00,"27,600.00"
2019-06-18,2019061801004571,UPCL,52,38,50,92.00,"4,600.00"
2019-06-18,2019061801004570,UPCL,55,38,100,92.00,"9,200.00"
2019-06-18,2019061801004855,UPPER,34,28,300,266.00,"79,800.00"
2019-06-18,2019061801004825,UPPER,34,51,50,266.00,"13,300.00"
2019-06-18,2019061801004630,UPPER,34,22,100,266.00,"26,600.00"
2019-06-18,2019061801004601,UPPER,22,33,55,267.00,"14,685.00"
2019-06-18,2019061801004588,UPPER,34,6,40,266.00,"10,640.00"
2019-06-18,2019061801004516,UPPER,34,57,148,266.00,"39,368.00"
2019-06-18,2019061801004463,UPPER,13,33,194,267.00,"51,798.00"
2019-06-18,2019061801004462,UPPER,13,35,40,267.00,"10,680.00"
2019-06-18,2019061801004461,UPPER,13,52,266,267.00,"71,022.00"
2019-06-18,2019061801004767,VLBS,34,16,11,476.00,"5,236.00"
2019-06-18,2019061801004739,VLBS,58,51,10,478.00,"4,780.00"
2019-06-18,2019061801004766,VLBS,42,16,18,478.00,"8,604.00"
2019-06-18,2019061801004331,ADBL,47,6,89,403.00,"35,867.00"
2019-06-18,2019061801004330,ADBL,42,6,63,403.00,"25,389.00"
2019-06-18,2019061801004201,ADBL,42,54,46,403.00,"18,538.00"
2019-06-18,2019061801004170,ADBL,42,16,139,403.00,"56,017.00"
2019-06-18,2019061801004023,ADBL,58,4,700,404.00,"282,800.00"
2019-06-18,2019061801004022,ADBL,58,48,241,404.00,"97,364.00"
2019-06-18,2019061801004231,AKJCL,58,7,10,75.00,750.00
2019-06-18,2019061801004165,AKJCL,58,50,20,75.00,"1,500.00"
2019-06-18,2019061801004032,AKJCL,58,35,20,75.00,"1,500.00"
2019-06-18,2019061801004176,AKPL,28,16,10,179.00,"1,790.00"
2019-06-18,2019061801004098,AKPL,58,43,13,180.00,"2,340.00"
2019-06-18,2019061801004054,ALBSL,16,35,10,400.00,"4,000.00"
2019-06-18,2019061801004053,ALBSL,16,57,10,400.00,"4,000.00"
2019-06-18,2019061801004052,ALBSL,16,37,10,400.00,"4,000.00"
2019-06-18,2019061801004051,ALBSL,16,37,10,400.00,"4,000.00"
2019-06-18,2019061801004050,ALBSL,16,37,10,400.00,"4,000.00"
2019-06-18,2019061801004407,ALICL,16,28,60,390.00,"23,400.00"
2019-06-18,2019061801004274,API,5,42,198,148.00,"29,304.00"
2019-06-18,2019061801004273,API,5,29,200,148.00,"29,600.00"
2019-06-18,2019061801004188,API,38,16,10,147.00,"1,470.00"
2019-06-18,2019061801004099,API,29,7,10,147.00,"1,470.00"
2019-06-18,2019061801004360,BOKL,40,43,643,264.00,"169,752.00"
2019-06-18,2019061801004255,BOKL,40,16,57,264.00,"15,048.00"
2019-06-18,2019061801004143,BOKL,40,28,300,264.00,"79,200.00"
2019-06-18,2019061801003954,BOKL,18,49,16,265.00,"4,240.00"
2019-06-18,2019061801003931,BOKL,18,1,94,265.00,"24,910.00"
2019-06-18,2019061801004114,BPCL,51,7,33,402.00,"13,266.00"
2019-06-18,2019061801004087,BPCL,51,26,142,402.00,"57,084.00"
2019-06-18,2019061801004086,BPCL,28,26,58,402.00,"23,316.00"
2019-06-18,2019061801004085,BPCL,1,26,101,402.00,"40,602.00"
2019-06-18,2019061801004084,BPCL,45,26,250,403.00,"100,750.00"
2019-06-18,2019061801004028,BPCL,34,34,139,403.00,"56,017.00"
2019-06-18,2019061801004020,BPCL,25,34,250,403.00,"100,750.00"
2019-06-18,2019061801004019,BPCL,5,34,23,403.00,"9,269.00"
2019-06-18,2019061801004002,BPCL,5,58,200,403.00,"80,600.00"
2019-06-18,2019061801004237,CBBL,19,34,40,931.00,"37,240.00"
2019-06-18,2019061801004234,CBBL,19,39,470,930.00,"437,100.00"
2019-06-18,2019061801004233,CBBL,6,39,30,930.00,"27,900.00"
2019-06-18,2019061801003940,CBBL,54,54,870,930.00,"809,100.00"
2019-06-18,2019061801004319,CBL,28,38,150,146.00,"21,900.00"
2019-06-18,2019061801004318,CBL,47,38,350,146.00,"51,100.00"
2019-06-18,2019061801004207,CBL,6,34,27,147.00,"3,969.00"
2019-06-18,2019061801003997,CBL,56,38,103,145.00,"14,935.00"
2019-06-18,2019061801003985,CBL,28,56,500,146.00,"73,000.00"
2019-06-18,2019061801003984,CBL,58,56,100,146.00,"14,600.00"
2019-06-18,2019061801003958,CBL,41,44,30,146.00,"4,380.00"
2019-06-18,2019061801003927,CBL,41,59,200,146.00,"29,200.00"
2019-06-18,2019061801003983,CBL,3,56,100,146.00,"14,600.00"
2019-06-18,2019061801003982,CBL,57,56,40,146.00,"5,840.00"
2019-06-18,2019061801003981,CBL,57,56,45,146.00,"6,570.00"
2019-06-18,2019061801003980,CBL,41,56,815,146.00,"118,990.00"
2019-06-18,2019061801003969,CBL,18,34,82,147.00,"12,054.00"
2019-06-18,2019061801003967,CBL,41,8,300,146.00,"43,800.00"
2019-06-18,2019061801004298,CCBL,48,43,100,166.00,"16,600.00"
2019-06-18,2019061801004286,CCBL,48,34,87,166.00,"14,442.00"
2019-06-18,2019061801004285,CCBL,29,34,150,166.00,"24,900.00"
2019-06-18,2019061801004284,CCBL,37,34,763,166.00,"126,658.00"
2019-06-18,2019061801004279,CCBL,37,16,14,166.00,"2,324.00"
2019-06-18,2019061801004240,CCBL,37,36,136,166.00,"22,576.00"
2019-06-18,2019061801004198,CCBL,37,16,96,166.00,"15,936.00"
2019-06-18,2019061801003949,CCBL,44,44,7,164.00,"1,148.00"
2019-06-18,2019061801004216,CFCL,59,16,105,118.00,"12,390.00"
2019-06-18,2019061801004355,CHCL,53,36,460,515.00,"236,900.00"
2019-06-18,2019061801004249,CHCL,53,36,14,515.00,"7,210.00"
2019-06-18,2019061801004248,CHCL,47,36,13,515.00,"6,695.00"
2019-06-18,2019061801004169,CHL,14,50,10,93.00,930.00
2019-06-18,2019061801004024,CLBSL,49,38,10,516.00,"5,160.00"
2019-06-18,2019061801004036,CMF1,45,40,"5,000",9.66,"48,300.00"
2019-06-18,2019061801003996,CORBL,52,42,40,124.00,"4,960.00"
2019-06-18,2019061801003995,CORBL,6,42,50,125.00,"6,250.00"
2019-06-18,2019061801004296,CZBIL,22,16,50,222.00,"11,100.00"
2019-06-18,2019061801004189,CZBIL,22,17,22,222.00,"4,884.00"
2019-06-18,2019061801003925,CZBIL,22,44,100,222.00,"22,200.00"
2019-06-18,2019061801004256,DBBL,46,36,200,145.00,"29,000.00"
2019-06-18,2019061801004238,DBBL,46,16,35,145.00,"5,075.00"
2019-06-18,2019061801004025,DBBL,46,38,14,145.00,"2,030.00"
2019-06-18,2019061801004327,DDBL,49,17,60,700.00,"42,000.00"
2019-06-18,2019061801004312,DDBL,49,49,100,700.00,"70,000.00"
2019-06-18,2019061801004288,DDBL,49,48,119,700.00,"83,300.00"
2019-06-18,2019061801004287,DDBL,49,48,81,700.00,"56,700.00"
2019-06-18,2019061801003991,DHPL,47,29,25,73.00,"1,825.00"
2019-06-18,2019061801004344,EBL,50,50,38,662.00,"25,156.00"
2019-06-18,2019061801004076,EBL,46,16,100,661.00,"66,100.00"
2019-06-18,2019061801004000,EBL,49,50,162,662.00,"107,244.00"
2019-06-18,2019061801004241,FMDBL,46,45,110,391.00,"43,010.00"
2019-06-18,2019061801004091,FOWAD,37,55,10,"1,345.00","13,450.00"
2019-06-18,2019061801004029,FOWAD,34,22,49,"1,319.00","64,631.00"
2019-06-18,2019061801004016,FOWAD,55,34,19,"1,338.00","25,422.00"
2019-06-18,2019061801004015,FOWAD,55,47,30,"1,337.00","40,110.00"
2019-06-18,2019061801003994,FOWAD,55,47,10,"1,337.00","13,370.00"
2019-06-18,2019061801003987,FOWAD,37,47,10,"1,337.00","13,370.00"
2019-06-18,2019061801003957,FOWAD,37,41,238,"1,330.00","316,540.00"
2019-06-18,2019061801003948,FOWAD,37,41,19,"1,330.00","25,270.00"
2019-06-18,2019061801003947,FOWAD,37,41,19,"1,330.00","25,270.00"
2019-06-18,2019061801003946,FOWAD,37,57,200,"1,329.00","265,800.00"
2019-06-18,2019061801003945,FOWAD,37,19,19,"1,328.00","25,232.00"
2019-06-18,2019061801003944,FOWAD,37,50,64,"1,327.00","84,928.00"
2019-06-18,2019061801004323,GBIME,14,16,153,297.00,"45,441.00"
2019-06-18,2019061801004322,GBIME,45,16,505,297.00,"149,985.00"
2019-06-18,2019061801004177,GBIME,45,17,25,297.00,"7,425.00"
2019-06-18,2019061801004144,GBIME,41,34,50,298.00,"14,900.00"
2019-06-18,2019061801004142,GBIME,45,45,121,297.00,"35,937.00"
2019-06-18,2019061801003964,GBIME,6,34,13,298.00,"3,874.00"
2019-06-18,2019061801003963,GDBL,48,5,229,211.00,"48,319.00"
2019-06-18,2019061801003962,GDBL,44,5,"1,651",211.00,"348,361.00"
2019-06-18,2019061801004253,GDBL,48,42,260,211.00,"54,860.00"
2019-06-18,2019061801004314,GLICL,11,26,43,500.00,"21,500.00"
2019-06-18,2019061801004226,GLICL,28,26,17,500.00,"8,500.00"
2019-06-18,2019061801004316,GRDBL,43,17,30,116.00,"3,480.00"
2019-06-18,2019061801004315,GRDBL,22,17,20,117.00,"2,340.00"
2019-06-18,2019061801004252,GRDBL,43,16,50,116.00,"5,800.00"
2019-06-18,2019061801004007,GUFL,3,49,190,120.00,"22,800.00"
2019-06-18,2019061801004193,HBL,49,44,174,560.00,"97,440.00"
2019-06-18,2019061801004192,HBL,49,11,130,560.00,"72,800.00"
2019-06-18,2019061801004009,HBL,36,11,20,560.00,"11,200.00"
2019-06-18,2019061801004401,HGI,26,6,50,364.00,"18,200.00"
2019-06-18,2019061801004387,HGI,19,21,135,363.00,"49,005.00"
2019-06-18,2019061801004266,HGI,58,6,50,364.00,"18,200.00"
2019-06-18,2019061801004055,HGI,58,6,20,364.00,"7,280.00"
2019-06-18,2019061801003965,HGI,46,49,20,365.00,"7,300.00"
2019-06-18,2019061801004406,HIDCL,51,5,966,159.00,"153,594.00"
2019-06-18,2019061801004405,HIDCL,6,5,549,159.00,"87,291.00"
2019-06-18,2019061801004389,HIDCL,6,40,451,159.00,"71,709.00"
2019-06-18,2019061801004388,HIDCL,52,40,49,159.00,"7,791.00"
2019-06-18,2019061801004289,HIDCL,52,16,51,159.00,"8,109.00"
2019-06-18,2019061801004250,HIDCL,52,44,127,159.00,"20,193.00"
2019-06-18,2019061801004137,HIDCL,52,7,25,159.00,"3,975.00"
2019-06-18,2019061801004021,HIDCL,14,14,73,160.00,"11,680.00"
2019-06-18,2019061801003993,HIDCL,14,45,127,160.00,"20,320.00"
2019-06-18,2019061801004195,HPPL,26,5,200,179.00,"35,800.00"
2019-06-18,2019061801004172,HPPL,43,50,10,178.00,"1,780.00"
2019-06-18,2019061801004041,HURJA,11,42,20,145.00,"2,900.00"
2019-06-18,2019061801003950,HURJA,11,37,10,145.00,"1,450.00"
2019-06-18,2019061801004057,IGI,26,38,18,381.00,"6,858.00"
2019-06-18,2019061801004047,JBNL,32,22,100,208.00,"20,800.00"
2019-06-18,2019061801004046,JBNL,38,34,98,207.00,"20,286.00"
2019-06-18,2019061801004045,JBNL,38,34,200,207.00,"41,400.00"
2019-06-18,2019061801004044,JBNL,14,34,702,207.00,"145,314.00"
2019-06-18,2019061801003966,JFL,6,59,109,178.00,"19,402.00"
2019-06-18,2019061801004232,JOSHI,13,47,20,84.00,"1,680.00"
2019-06-18,2019061801004306,KBBL,43,37,500,235.00,"117,500.00"
2019-06-18,2019061801004171,KBBL,50,7,50,234.00,"11,700.00"
2019-06-18,2019061801004124,KBBL,1,37,500,235.00,"117,500.00"
2019-06-18,2019061801004123,KBBL,43,37,290,235.00,"68,150.00"
2019-06-18,2019061801003952,KBBL,45,58,430,236.00,"101,480.00"
2019-06-18,2019061801003951,KBBL,45,19,70,236.00,"16,520.00"
2019-06-18,2019061801004374,KBL,52,16,48,211.00,"10,128.00"
2019-06-18,2019061801004373,KBL,25,16,174,211.00,"36,714.00"
2019-06-18,2019061801004302,KBL,25,4,826,211.00,"174,286.00"
2019-06-18,2019061801004301,KBL,47,4,200,211.00,"42,200.00"
2019-06-18,2019061801004300,KBL,43,4,974,211.00,"205,514.00"
2019-06-18,2019061801004190,KBL,43,7,101,211.00,"21,311.00"
2019-06-18,2019061801004067,KPCL,22,38,20,92.00,"1,840.00"
2019-06-18,2019061801004175,KPCL,22,50,10,92.00,920.00
2019-06-18,2019061801003972,KRBL,41,56,14,118.00,"1,652.00"
2019-06-18,2019061801003971,KRBL,41,6,147,117.00,"17,199.00"
2019-06-18,2019061801004122,KSBBL,21,45,500,153.00,"76,500.00"
2019-06-18,2019061801004077,KSBBL,21,38,373,153.00,"57,069.00"
2019-06-18,2019061801004399,LBBL,33,16,123,197.00,"24,231.00"
2019-06-18,2019061801003968,LBBL,44,44,4,195.00,780.00
2019-06-18,2019061801004359,LBL,14,45,250,219.00,"54,750.00"
2019-06-18,2019061801004342,LICN,59,58,10,"1,640.00","16,400.00"
2019-06-18,2019061801004341,LICN,28,38,200,"1,610.00","322,000.00"
2019-06-18,2019061801004340,LICN,35,38,10,"1,611.00","16,110.00"
2019-06-18,2019061801004097,LICN,28,58,300,"1,610.00","483,000.00"
2019-06-18,2019061801004096,LICN,35,58,10,"1,610.00","16,100.00"
2019-06-18,2019061801004095,LICN,35,58,185,"1,611.00","298,035.00"
2019-06-18,2019061801004094,LICN,28,58,200,"1,615.00","323,000.00"
2019-06-18,2019061801004093,LICN,44,58,200,"1,616.00","323,200.00"
2019-06-18,2019061801004382,MBL,34,38,520,266.00,"138,320.00"
2019-06-18,2019061801004381,MBL,41,38,400,266.00,"106,400.00"
2019-06-18,2019061801004380,MBL,57,38,100,266.00,"26,600.00"
2019-06-18,2019061801004379,MBL,19,38,300,266.00,"79,800.00"
2019-06-18,2019061801004378,MBL,32,38,100,266.00,"26,600.00"
2019-06-18,2019061801004377,MBL,52,38,30,267.00,"8,010.00"
2019-06-18,2019061801004167,MBL,58,38,50,267.00,"13,350.00"
2019-06-18,2019061801004166,MBL,14,38,"1,000",267.00,"267,000.00"
2019-06-18,2019061801004069,MDB,19,34,11,237.00,"2,607.00"
2019-06-18,2019061801004402,MEGA,45,37,25,199.00,"4,975.00"
2019-06-18,2019061801004277,MEGA,45,36,177,199.00,"35,223.00"
2019-06-18,2019061801004276,MEGA,38,36,100,199.00,"19,900.00"
2019-06-18,2019061801004275,MEGA,1,36,723,199.00,"143,877.00"
2019-06-18,2019061801004254,MEGA,1,44,242,199.00,"48,158.00"
2019-06-18,2019061801004083,MEGA,1,38,35,199.00,"6,965.00"
2019-06-18,2019061801004082,MEGA,41,38,71,199.00,"14,129.00"
2019-06-18,2019061801004037,MEGA,59,1,500,200.00,"100,000.00"
2019-06-18,2019061801003934,MERO,33,49,30,548.00,"16,440.00"
2019-06-18,2019061801004208,MHNL,59,59,280,106.00,"29,680.00"
2019-06-18,2019061801004149,MHNL,59,7,30,106.00,"3,180.00"
2019-06-18,2019061801004089,MLBL,13,38,23,195.00,"4,485.00"
2019-06-18,2019061801004088,MLBL,33,38,20,195.00,"3,900.00"
2019-06-18,2019061801003943,MLBL,59,51,"1,500",197.00,"295,500.00"
2019-06-18,2019061801003942,MLBL,59,44,12,197.00,"2,364.00"
2019-06-18,2019061801003941,MLBL,59,44,100,197.00,"19,700.00"
2019-06-18,2019061801003939,MPFL,17,42,170,193.00,"32,810.00"
2019-06-18,2019061801003938,MPFL,17,46,59,193.00,"11,387.00"
2019-06-18,2019061801003937,MPFL,17,3,14,190.00,"2,660.00"
2019-06-18,2019061801004092,MSMBS,57,38,11,418.00,"4,598.00"
2019-06-18,2019061801004404,NABIL,3,6,10,814.00,"8,140.00"
2019-06-18,2019061801004329,NADEP,5,7,50,411.00,"20,550.00"
2019-06-18,2019061801004328,NADEP,58,7,10,411.00,"4,110.00"
2019-06-18,2019061801004147,NADEP,16,45,10,411.00,"4,110.00"
2019-06-18,2019061801003926,NADEP,16,35,10,411.00,"4,110.00"
2019-06-18,2019061801004313,NBB,38,17,100,222.00,"22,200.00"
2019-06-18,2019061801004251,NBB,51,17,100,222.00,"22,200.00"
2019-06-18,2019061801004220,NBB,13,7,50,221.00,"11,050.00"
2019-06-18,2019061801004013,NBB,13,11,314,221.00,"69,394.00"
2019-06-18,2019061801004012,NBB,40,11,250,221.00,"55,250.00"
2019-06-18,2019061801004011,NBB,1,11,500,221.00,"110,500.00"
2019-06-18,2019061801004010,NBB,38,11,436,221.00,"96,356.00"
2019-06-18,2019061801004157,NBB,41,17,50,222.00,"11,100.00"
2019-06-18,2019061801004079,NBB,13,58,62,221.00,"13,702.00"
2019-06-18,2019061801004398,NBL,45,36,200,322.00,"64,400.00"
2019-06-18,2019061801004386,NBL,59,4,402,321.00,"129,042.00"
2019-06-18,2019061801004385,NBL,45,4,250,321.00,"80,250.00"
2019-06-18,2019061801004384,NBL,10,4,100,321.00,"32,100.00"
2019-06-18,2019061801004370,NBL,44,36,590,322.00,"189,980.00"
2019-06-18,2019061801004365,NBL,44,36,410,322.00,"132,020.00"
2019-06-18,2019061801003913,NBL,35,49,50,322.00,"16,100.00"
2019-06-18,2019061801003912,NBL,10,49,100,322.00,"32,200.00"
2019-06-18,2019061801003911,NBL,43,49,100,322.00,"32,200.00"
2019-06-18,2019061801003910,NBL,3,49,40,322.00,"12,880.00"
2019-06-18,2019061801003909,NBL,49,49,"1,000",322.00,"322,000.00"
2019-06-18,2019061801003908,NBL,43,49,50,322.00,"16,100.00"
2019-06-18,2019061801003919,NBL,16,49,860,322.00,"276,920.00"
2019-06-18,2019061801003918,NBL,41,49,20,322.00,"6,440.00"
2019-06-18,2019061801003917,NBL,48,49,400,322.00,"128,800.00"
2019-06-18,2019061801003916,NBL,51,49,200,322.00,"64,400.00"
2019-06-18,2019061801003915,NBL,25,49,500,322.00,"161,000.00"
2019-06-18,2019061801003914,NBL,47,49,"1,000",322.00,"322,000.00"
2019-06-18,2019061801004105,NBL,29,4,100,323.00,"32,300.00"
2019-06-18,2019061801004103,NBL,6,4,50,323.00,"16,150.00"
2019-06-18,2019061801004017,NBL,28,4,768,323.00,"248,064.00"
2019-06-18,2019061801003979,NBL,28,58,"1,015",323.00,"327,845.00"
2019-06-18,2019061801003978,NBL,28,7,217,323.00,"70,091.00"
2019-06-18,2019061801003923,NBL,45,7,70,323.00,"22,610.00"
2019-06-18,2019061801004326,NBL,38,4,100,323.00,"32,300.00"
2019-06-18,2019061801004215,NBL,43,17,50,322.00,"16,100.00"
2019-06-18,2019061801004203,NBL,43,4,910,322.00,"293,020.00"
2019-06-18,2019061801004202,NBL,16,4,90,322.00,"28,980.00"
2019-06-18,2019061801004191,NBL,6,4,100,323.00,"32,300.00"
2019-06-18,2019061801004148,NBL,16,19,50,322.00,"16,100.00"
2019-06-18,2019061801004364,NBL,29,36,150,322.00,"48,300.00"
2019-06-18,2019061801004363,NBL,29,36,"3,000",322.00,"966,000.00"
2019-06-18,2019061801004362,NBL,56,36,500,322.00,"161,000.00"
2019-06-18,2019061801004361,NBL,34,36,940,322.00,"302,680.00"
2019-06-18,2019061801004335,NBL,34,55,60,322.00,"19,320.00"
2019-06-18,2019061801004334,NBL,43,55,40,322.00,"12,880.00"
2019-06-18,2019061801004271,NCCB,38,36,100,256.00,"25,600.00"
2019-06-18,2019061801004210,NCCB,29,1,203,256.00,"51,968.00"
2019-06-18,2019061801004064,NCCB,29,45,110,256.00,"28,160.00"
2019-06-18,2019061801004063,NCCB,49,45,203,256.00,"51,968.00"
2019-06-18,2019061801004039,NCCB,49,33,235,256.00,"60,160.00"
2019-06-18,2019061801004038,NCCB,49,45,62,256.00,"15,872.00"
2019-06-18,2019061801004173,NEF,32,32,724,8.06,"5,835.44"
2019-06-18,2019061801004164,NEF,32,32,724,8.06,"5,835.44"
2019-06-18,2019061801004146,NEF,32,32,724,8.03,"5,813.72"
2019-06-18,2019061801004125,NEF,32,32,724,8.03,"5,813.72"
2019-06-18,2019061801004102,NEF,32,32,724,8.03,"5,813.72"
2019-06-18,2019061801004090,NEF,32,32,724,8.10,"5,864.40"
2019-06-18,2019061801004267,NGPL,48,1,41,119.00,"4,879.00"
2019-06-18,2019061801004184,NGPL,48,50,11,119.00,"1,309.00"
2019-06-18,2019061801004141,NGPL,48,38,133,119.00,"15,827.00"
2019-06-18,2019061801004003,NHDL,42,28,10,129.00,"1,290.00"
2019-06-18,2019061801004295,NHPC,29,51,450,67.00,"30,150.00"
2019-06-18,2019061801004294,NHPC,58,51,100,67.00,"6,700.00"
2019-06-18,2019061801003921,NHPC,56,57,20,68.00,"1,360.00"
2019-06-18,2019061801004338,NIB,28,7,28,526.00,"14,728.00"
2019-06-18,2019061801004206,NIB,17,17,18,526.00,"9,468.00"
2019-06-18,2019061801004205,NIB,34,17,26,526.00,"13,676.00"
2019-06-18,2019061801004140,NIB,28,34,318,527.00,"167,586.00"
2019-06-18,2019061801004139,NIB,28,48,590,527.00,"310,930.00"
2019-06-18,2019061801004138,NIB,28,48,276,527.00,"145,452.00"
2019-06-18,2019061801003928,NIB,49,48,20,527.00,"10,540.00"
2019-06-18,2019061801004383,NICA,38,14,"1,354",461.00,"624,194.00"
2019-06-18,2019061801004345,NICA,38,44,188,461.00,"86,668.00"
2019-06-18,2019061801004325,NICA,50,44,412,461.00,"189,932.00"
2019-06-18,2019061801004324,NICA,50,17,46,461.00,"21,206.00"
2019-06-18,2019061801004292,NICA,11,49,170,460.00,"78,200.00"
2019-06-18,2019061801004291,NICA,58,49,30,460.00,"13,800.00"
2019-06-18,2019061801004152,NICA,14,4,10,460.00,"4,600.00"
2019-06-18,2019061801004151,NICA,29,4,250,460.00,"115,000.00"
2019-06-18,2019061801004150,NICA,44,4,"1,160",460.00,"533,600.00"
2019-06-18,2019061801004121,NICA,29,33,200,461.00,"92,200.00"
2019-06-18,2019061801004225,NICA,34,4,"2,790",461.00,"1,286,190.00"
2019-06-18,2019061801004204,NICA,59,4,10,461.00,"4,610.00"
2019-06-18,2019061801004197,NICA,45,4,200,461.00,"92,200.00"
2019-06-18,2019061801004155,NICA,58,4,20,460.00,"9,200.00"
2019-06-18,2019061801004154,NICA,52,4,500,460.00,"230,000.00"
2019-06-18,2019061801004153,NICA,57,4,60,460.00,"27,600.00"
2019-06-18,2019061801004185,NIL,38,50,148,490.00,"72,520.00"
2019-06-18,2019061801004113,NIL,6,50,20,490.00,"9,800.00"
2019-06-18,2019061801004112,NIL,35,50,30,490.00,"14,700.00"
2019-06-18,2019061801004111,NIL,35,50,20,490.00,"9,800.00"
2019-06-18,2019061801004110,NIL,35,50,30,490.00,"14,700.00"
2019-06-18,2019061801004109,NIL,35,50,50,490.00,"24,500.00"
2019-06-18,2019061801004108,NIL,35,50,20,490.00,"9,800.00"
2019-06-18,2019061801004107,NIL,35,50,50,490.00,"24,500.00"
2019-06-18,2019061801004106,NIL,35,50,30,490.00,"14,700.00"
2019-06-18,2019061801004305,NLBBL,42,16,20,483.00,"9,660.00"
2019-06-18,2019061801004304,NLBBL,57,16,30,484.00,"14,520.00"
2019-06-18,2019061801004317,NLIC,16,16,17,906.00,"15,402.00"
2019-06-18,2019061801004199,NLIC,6,34,30,907.00,"27,210.00"
2019-06-18,2019061801004354,NNLB,48,7,10,383.00,"3,830.00"
2019-06-18,2019061801004333,NNLB,48,48,90,383.00,"34,470.00"
2019-06-18,2019061801004332,NNLB,19,48,20,384.00,"7,680.00"
2019-06-18,2019061801004311,NTC,33,26,100,692.00,"69,200.00"
2019-06-18,2019061801004236,NTC,29,50,475,690.00,"327,750.00"
2019-06-18,2019061801004235,NTC,6,50,25,690.00,"17,250.00"
2019-06-18,2019061801004219,NTC,6,50,460,690.00,"317,400.00"
2019-06-18,2019061801004218,NTC,46,50,40,691.00,"27,640.00"
2019-06-18,2019061801004134,NTC,46,38,30,691.00,"20,730.00"
2019-06-18,2019061801004066,NTC,58,38,20,691.00,"13,820.00"
2019-06-18,2019061801004353,NUBL,22,49,20,827.00,"16,540.00"
2019-06-18,2019061801004214,NUBL,22,48,470,827.00,"388,690.00"
2019-06-18,2019061801004213,NUBL,16,48,500,828.00,"414,000.00"
2019-06-18,2019061801004212,NUBL,6,48,30,829.00,"24,870.00"
2019-06-18,2019061801004368,PCBL,14,58,71,288.00,"20,448.00"
2019-06-18,2019061801004367,PCBL,6,58,37,288.00,"10,656.00"
2019-06-18,2019061801004366,PCBL,50,58,10,288.00,"2,880.00"
2019-06-18,2019061801004337,PCBL,50,16,40,288.00,"11,520.00"
2019-06-18,2019061801003992,PFL,43,6,13,138.00,"1,794.00"
2019-06-18,2019061801004358,PIC,6,44,11,"1,005.00","11,055.00"
2019-06-18,2019061801004357,PIC,6,38,85,"1,004.00","85,340.00"
2019-06-18,2019061801004239,PIC,35,38,11,"1,004.00","11,044.00"
2019-06-18,2019061801004209,PIC,14,38,10,"1,004.00","10,040.00"
2019-06-18,2019061801004100,PIC,42,44,11,"1,005.00","11,055.00"
2019-06-18,2019061801004040,PIC,36,36,1,"1,005.00","1,005.00"
2019-06-18,2019061801004030,PIC,36,32,1,"1,005.00","1,005.00"
2019-06-18,2019061801004027,PIC,42,54,30,"1,005.00","30,150.00"
2019-06-18,2019061801003960,PIC,39,38,17,"1,007.00","17,119.00"
2019-06-18,2019061801003935,PIC,17,38,30,"1,007.00","30,210.00"
2019-06-18,2019061801004161,PICL,34,1,389,580.00,"225,620.00"
2019-06-18,2019061801004160,PICL,55,1,100,581.00,"58,100.00"
2019-06-18,2019061801004159,PICL,29,1,61,581.00,"35,441.00"
2019-06-18,2019061801004158,PICL,26,1,100,582.00,"58,200.00"
2019-06-18,2019061801004290,PLIC,10,45,43,440.00,"18,920.00"
2019-06-18,2019061801004174,PLIC,57,38,19,438.00,"8,322.00"
2019-06-18,2019061801004068,PLIC,48,45,200,439.00,"87,800.00"
2019-06-18,2019061801004035,PLIC,29,48,50,444.00,"22,200.00"
2019-06-18,2019061801004034,PLIC,29,16,50,443.00,"22,150.00"
2019-06-18,2019061801004033,PLIC,29,47,100,440.00,"44,000.00"
2019-06-18,2019061801004270,PMHPL,44,50,10,107.00,"1,070.00"
2019-06-18,2019061801004196,PMHPL,44,50,10,107.00,"1,070.00"
2019-06-18,2019061801003986,PMHPL,44,57,10,107.00,"1,070.00"
2019-06-18,2019061801003975,PMHPL,44,35,10,107.00,"1,070.00"
2019-06-18,2019061801004343,PPCL,6,50,480,140.00,"67,200.00"
2019-06-18,2019061801004321,PPCL,6,36,30,138.00,"4,140.00"
2019-06-18,2019061801004320,PPCL,6,34,10,138.00,"1,380.00"
2019-06-18,2019061801004310,PPCL,6,35,10,137.00,"1,370.00"
2019-06-18,2019061801004309,PPCL,6,43,30,137.00,"4,110.00"
2019-06-18,2019061801004297,PPCL,6,50,20,136.00,"2,720.00"
2019-06-18,2019061801004062,PPCL,29,56,10,134.00,"1,340.00"
2019-06-18,2019061801004061,PPCL,29,56,10,134.00,"1,340.00"
2019-06-18,2019061801004060,PPCL,29,56,20,134.00,"2,680.00"
2019-06-18,2019061801004059,PPCL,29,56,10,134.00,"1,340.00"
2019-06-18,2019061801004058,PPCL,29,20,10,134.00,"1,340.00"
2019-06-18,2019061801003990,PPCL,25,20,10,133.00,"1,330.00"
2019-06-18,2019061801004260,PPCL,6,42,30,136.00,"4,080.00"
2019-06-18,2019061801004259,PPCL,6,42,30,136.00,"4,080.00"
2019-06-18,2019061801004258,PPCL,6,17,10,135.00,"1,350.00"
2019-06-18,2019061801004257,PPCL,6,41,10,134.00,"1,340.00"
2019-06-18,2019061801004293,PPCL,6,41,30,136.00,"4,080.00"
2019-06-18,2019061801004283,PPCL,6,50,10,136.00,"1,360.00"
2019-06-18,2019061801004272,PPCL,6,41,30,136.00,"4,080.00"
2019-06-18,2019061801004263,PPCL,6,42,20,136.00,"2,720.00"
2019-06-18,2019061801004262,PPCL,6,42,30,136.00,"4,080.00"
2019-06-18,2019061801004261,PPCL,6,42,20,136.00,"2,720.00"
2019-06-18,2019061801004073,PRIN,22,6,50,381.00,"19,050.00"
2019-06-18,2019061801004356,PRVU,38,34,28,266.00,"7,448.00"
2019-06-18,2019061801004352,PRVU,29,34,100,266.00,"26,600.00"
2019-06-18,2019061801004351,PRVU,29,34,100,266.00,"26,600.00"
2019-06-18,2019061801004350,PRVU,40,34,700,266.00,"186,200.00"
2019-06-18,2019061801004349,PRVU,7,34,500,266.00,"133,000.00"
2019-06-18,2019061801004348,PRVU,41,34,"1,000",266.00,"266,000.00"
2019-06-18,2019061801003961,PRVU,28,14,183,267.00,"48,861.00"
2019-06-18,2019061801003924,PRVU,44,45,900,266.00,"239,400.00"
2019-06-18,2019061801003920,PRVU,3,45,16,266.00,"4,256.00"
2019-06-18,2019061801004118,PRVU,38,59,33,267.00,"8,811.00"
2019-06-18,2019061801004117,PRVU,13,59,120,267.00,"32,040.00"
2019-06-18,2019061801004116,PRVU,5,59,130,267.00,"34,710.00"
2019-06-18,2019061801004115,PRVU,28,59,67,267.00,"17,889.00"
2019-06-18,2019061801004347,PRVU,42,34,172,266.00,"45,752.00"
2019-06-18,2019061801004346,PRVU,42,16,28,266.00,"7,448.00"
2019-06-18,2019061801004135,PRVU,29,14,50,267.00,"13,350.00"
2019-06-18,2019061801004120,PRVU,25,14,100,267.00,"26,700.00"
2019-06-18,2019061801004119,PRVU,38,14,67,267.00,"17,889.00"
2019-06-18,2019061801004369,RHPC,26,16,28,90.00,"2,520.00"
2019-06-18,2019061801004247,RHPC,58,40,100,91.00,"9,100.00"
2019-06-18,2019061801004246,RHPC,54,40,100,91.00,"9,100.00"
2019-06-18,2019061801004245,RHPC,17,40,181,91.00,"16,471.00"
2019-06-18,2019061801004081,RLFL,39,6,78,130.00,"10,140.00"
2019-06-18,2019061801004403,RMDC,46,16,27,649.00,"17,523.00"
2019-06-18,2019061801004375,RMDC,46,16,15,649.00,"9,735.00"
2019-06-18,2019061801004308,RRHP,19,38,10,107.00,"1,070.00"
2019-06-18,2019061801004299,RRHP,19,50,10,107.00,"1,070.00"
2019-06-18,2019061801004390,RSDC,43,16,70,350.00,"24,500.00"
2019-06-18,2019061801004133,RSDC,43,1,17,350.00,"5,950.00"
2019-06-18,2019061801004132,RSDC,45,1,19,351.00,"6,669.00"
2019-06-18,2019061801004131,RSDC,33,1,22,352.00,"7,744.00"
2019-06-18,2019061801004130,RSDC,32,1,32,352.00,"11,264.00"
2019-06-18,2019061801004056,RSDC,32,22,28,352.00,"9,856.00"
2019-06-18,2019061801003922,RSDC,42,51,25,354.00,"8,850.00"
2019-06-18,2019061801004224,SADBL,45,42,177,151.00,"26,727.00"
2019-06-18,2019061801004101,SADBL,43,42,10,151.00,"1,510.00"
2019-06-18,2019061801003974,SADBL,49,14,246,151.00,"37,146.00"
2019-06-18,2019061801004339,SANIMA,45,49,50,348.00,"17,400.00"
2019-06-18,2019061801004179,SANIMA,45,4,678,348.00,"235,944.00"
2019-06-18,2019061801004129,SANIMA,45,28,157,348.00,"54,636.00"
2019-06-18,2019061801004128,SANIMA,5,28,100,348.00,"34,800.00"
2019-06-18,2019061801004127,SANIMA,33,28,43,348.00,"14,964.00"
2019-06-18,2019061801004072,SANIMA,32,34,166,349.00,"57,934.00"
2019-06-18,2019061801004071,SANIMA,32,38,117,349.00,"40,833.00"
2019-06-18,2019061801004070,SANIMA,32,17,217,349.00,"75,733.00"
2019-06-18,2019061801004397,SBI,48,36,259,461.00,"119,399.00"
2019-06-18,2019061801004396,SBI,3,36,20,461.00,"9,220.00"
2019-06-18,2019061801004395,SBI,21,36,100,461.00,"46,100.00"
2019-06-18,2019061801004394,SBI,14,36,208,461.00,"95,888.00"
2019-06-18,2019061801004393,SBI,14,36,358,461.00,"165,038.00"
2019-06-18,2019061801004392,SBI,49,36,138,462.00,"63,756.00"
2019-06-18,2019061801004391,SBI,45,36,19,463.00,"8,797.00"
2019-06-18,2019061801004183,SBI,45,50,213,463.00,"98,619.00"
2019-06-18,2019061801004182,SBI,45,58,243,463.00,"112,509.00"
2019-06-18,2019061801004269,SBL,7,17,"1,000",320.00,"320,000.00"
2019-06-18,2019061801004018,SBL,7,17,400,320.00,"128,000.00"
2019-06-18,2019061801003959,SBL,7,17,600,320.00,"192,000.00"
2019-06-18,2019061801004282,SCB,39,56,249,663.00,"165,087.00"
2019-06-18,2019061801004281,SCB,35,56,70,664.00,"46,480.00"
2019-06-18,2019061801004268,SCB,35,44,20,664.00,"13,280.00"
2019-06-18,2019061801004075,SCB,35,58,10,664.00,"6,640.00"
2019-06-18,2019061801004074,SCB,42,58,10,664.00,"6,640.00"
2019-06-18,2019061801004065,SCB,42,22,20,664.00,"13,280.00"
2019-06-18,2019061801004043,SEOS,49,37,"2,346",10.36,"24,304.56"
2019-06-18,2019061801004042,SEOS,42,37,"1,500",10.40,"15,600.00"
2019-06-18,2019061801004006,SHIVM,29,34,200,654.00,"130,800.00"
2019-06-18,2019061801004005,SHIVM,35,34,100,654.00,"65,400.00"
2019-06-18,2019061801004004,SHIVM,4,34,"1,700",654.00,"1,111,800.00"
2019-06-18,2019061801003988,SHIVM,4,13,800,654.00,"523,200.00"
2019-06-18,2019061801003955,SHIVM,4,45,500,654.00,"327,000.00"
2019-06-18,2019061801004230,SHL,7,43,400,232.00,"92,800.00"
2019-06-18,2019061801004229,SHL,26,43,500,232.00,"116,000.00"
2019-06-18,2019061801004228,SHL,58,43,200,233.00,"46,600.00"
2019-06-18,2019061801004227,SHL,54,43,100,233.00,"23,300.00"
2019-06-18,2019061801004303,SHPC,43,49,10,255.00,"2,550.00"
2019-06-18,2019061801004126,SICL,34,34,900,815.00,"733,500.00"
2019-06-18,2019061801003936,SIFC,45,44,250,154.00,"38,500.00"
2019-06-18,2019061801004080,SIL,51,38,153,440.00,"67,320.00"
2019-06-18,2019061801003932,SLBBL,42,49,20,410.00,"8,200.00"
2019-06-18,2019061801003999,SLBSL,45,35,10,514.00,"5,140.00"
2019-06-18,2019061801004376,SLICL,1,38,13,457.00,"5,941.00"
2019-06-18,2019061801004278,SMB,58,34,10,423.00,"4,230.00"
2019-06-18,2019061801003933,SMB,34,55,10,431.00,"4,310.00"
2019-06-18,2019061801004336,SPARS,52,14,10,485.00,"4,850.00"
2019-06-18,2019061801004008,SPARS,52,35,10,485.00,"4,850.00"
2019-06-18,2019061801003977,SPARS,10,35,10,486.00,"4,860.00"
2019-06-18,2019061801004307,SPDL,34,50,15,95.00,"1,425.00"
2019-06-18,2019061801004194,SPDL,34,48,31,95.00,"2,945.00"
2019-06-18,2019061801004181,SPDL,34,48,26,95.00,"2,470.00"
2019-06-18,2019061801004180,SPDL,29,48,34,95.00,"3,230.00"
2019-06-18,2019061801004280,SRBL,43,44,50,252.00,"12,600.00"
2019-06-18,2019061801004244,SRBL,43,51,"1,000",253.00,"253,000.00"
2019-06-18,2019061801004243,SRBL,43,59,262,253.00,"66,286.00"
2019-06-18,2019061801004242,SRBL,43,43,230,253.00,"58,190.00"
2019-06-18,2019061801004163,SRBL,43,17,159,252.00,"40,068.00"
2019-06-18,2019061801003976,SRBL,50,18,200,251.00,"50,200.00"
2019-06-18,2019061801004265,SWBBL,44,48,37,880.00,"32,560.00"
2019-06-18,2019061801004264,SWBBL,22,48,138,882.00,"121,716.00"
2019-06-18,2019061801004186,SWBBL,22,58,62,882.00,"54,684.00"
2019-06-18,2019061801004400,TRH,25,6,200,310.00,"62,000.00"
2019-06-18,2019061801004372,TRH,28,6,150,310.00,"46,500.00"
2019-06-18,2019061801004200,TRH,28,10,40,310.00,"12,400.00"
2019-06-18,2019061801003953,TRH,28,53,40,310.00,"12,400.00"
2019-06-18,2019061801004371,UIC,48,55,20,917.00,"18,340.00"
2019-06-18,2019061801003998,UNHPL,6,34,40,136.00,"5,440.00"
2019-06-18,2019061801004223,UPPER,49,52,434,267.00,"115,878.00"
2019-06-18,2019061801004222,UPPER,49,35,40,267.00,"10,680.00"
2019-06-18,2019061801004221,UPPER,49,35,26,267.00,"6,942.00"
2019-06-18,2019061801004211,UPPER,44,44,3,261.00,783.00
2019-06-18,2019061801004187,UPPER,34,34,10,266.00,"2,660.00"
2019-06-18,2019061801004178,UPPER,34,49,40,266.00,"10,640.00"
2019-06-18,2019061801003970,UPPER,34,49,50,266.00,"13,300.00"
2019-06-18,2019061801003956,UPPER,50,44,50,267.00,"13,350.00"
2019-06-18,2019061801003930,UPPER,34,40,959,266.00,"255,094.00"
2019-06-18,2019061801003929,UPPER,14,40,40,266.00,"10,640.00"
2019-06-18,2019061801004031,UPPER,6,49,40,267.00,"10,680.00"
2019-06-18,2019061801004026,UPPER,34,49,50,266.00,"13,300.00"
2019-06-18,2019061801004014,UPPER,34,49,40,266.00,"10,640.00"
2019-06-18,2019061801004001,UPPER,34,49,40,266.00,"10,640.00"
2019-06-18,2019061801003989,UPPER,34,49,40,266.00,"10,640.00"
2019-06-18,2019061801003973,UPPER,34,57,50,266.00,"13,300.00"
2019-06-18,2019061801004104,UPPER,34,49,40,266.00,"10,640.00"
2019-06-18,2019061801004078,UPPER,34,49,50,266.00,"13,300.00"
2019-06-18,2019061801004049,UPPER,34,49,40,266.00,"10,640.00"
2019-06-18,2019061801004048,UPPER,6,49,10,267.00,"2,670.00"
2019-06-18,2019061801004168,UPPER,34,35,14,267.00,"3,738.00"
2019-06-18,2019061801004162,UPPER,34,49,40,266.00,"10,640.00"
2019-06-18,2019061801004156,UPPER,34,22,593,266.00,"157,738.00"
2019-06-18,2019061801004145,UPPER,34,49,50,266.00,"13,300.00"
2019-06-18,2019061801004136,UPPER,34,41,200,266.00,"53,200.00"
2019-06-18,2019061801004217,VLBS,58,43,13,478.00,"6,214.00"
2019-06-18,2019061801003886,ADBL,4,45,300,404.00,"121,200.00"
2019-06-18,2019061801003869,ADBL,42,49,152,403.00,"61,256.00"
2019-06-18,2019061801003784,ADBL,58,26,26,404.00,"10,504.00"
2019-06-18,2019061801003556,ADBL,58,4,20,404.00,"8,080.00"
2019-06-18,2019061801003481,ADBL,36,4,20,404.00,"8,080.00"
2019-06-18,2019061801003480,ADBL,32,4,960,404.00,"387,840.00"
2019-06-18,2019061801003468,ADBL,32,29,40,404.00,"16,160.00"
2019-06-18,2019061801003467,ADBL,52,29,10,404.00,"4,040.00"
2019-06-18,2019061801003658,AHPC,45,45,90,109.00,"9,810.00"
2019-06-18,2019061801003725,AKJCL,13,20,10,74.00,740.00
2019-06-18,2019061801003700,AKJCL,36,36,20,75.00,"1,500.00"
2019-06-18,2019061801003466,AKPL,58,14,10,179.00,"1,790.00"
2019-06-18,2019061801003729,ALBSL,36,36,10,399.00,"3,990.00"
2019-06-18,2019061801003508,ALBSL,42,32,10,396.00,"3,960.00"
2019-06-18,2019061801003413,ALBSL,42,56,10,396.00,"3,960.00"
2019-06-18,2019061801003474,BARUN,48,14,10,92.00,920.00
2019-06-18,2019061801003883,BOKL,13,49,80,265.00,"21,200.00"
2019-06-18,2019061801003592,BOKL,13,56,20,265.00,"5,300.00"
2019-06-18,2019061801003555,BOKL,58,56,50,265.00,"13,250.00"
2019-06-18,2019061801003442,BOKL,52,49,171,264.00,"45,144.00"
2019-06-18,2019061801003834,BPCL,5,32,55,403.00,"22,165.00"
2019-06-18,2019061801003780,BPCL,7,34,500,404.00,"202,000.00"
2019-06-18,2019061801003779,BPCL,44,34,88,404.00,"35,552.00"
2019-06-18,2019061801003765,BPCL,44,29,22,404.00,"8,888.00"
2019-06-18,2019061801003458,BPCL,44,22,10,404.00,"4,040.00"
2019-06-18,2019061801003436,BPCL,44,28,11,404.00,"4,444.00"
2019-06-18,2019061801003435,BPCL,44,43,169,404.00,"68,276.00"
2019-06-18,2019061801003870,CBBL,42,34,25,931.00,"23,275.00"
2019-06-18,2019061801003822,CBBL,19,53,192,930.00,"178,560.00"
2019-06-18,2019061801003808,CBBL,58,53,500,930.00,"465,000.00"
2019-06-18,2019061801003807,CBBL,36,53,30,930.00,"27,900.00"
2019-06-18,2019061801003806,CBBL,45,53,20,931.00,"18,620.00"
2019-06-18,2019061801003805,CBBL,19,53,258,931.00,"240,198.00"
2019-06-18,2019061801003744,CBBL,19,44,242,931.00,"225,302.00"
2019-06-18,2019061801003502,CBBL,36,6,50,932.00,"46,600.00"
2019-06-18,2019061801003710,CBL,49,34,10,147.00,"1,470.00"
2019-06-18,2019061801003615,CBL,41,43,133,146.00,"19,418.00"
2019-06-18,2019061801003572,CBL,41,6,100,146.00,"14,600.00"
2019-06-18,2019061801003479,CBL,41,13,422,146.00,"61,612.00"
2019-06-18,2019061801003478,CBL,42,13,65,146.00,"9,490.00"
2019-06-18,2019061801003477,CBL,28,13,10,146.00,"1,460.00"
2019-06-18,2019061801003866,CCBL,44,44,7,164.00,"1,148.00"
2019-06-18,2019061801003815,CCBL,52,11,10,167.00,"1,670.00"
2019-06-18,2019061801003724,CCBL,37,32,496,166.00,"82,336.00"
2019-06-18,2019061801003586,CCBL,55,55,1,166.00,166.00
2019-06-18,2019061801003459,CCBL,37,49,65,166.00,"10,790.00"
2019-06-18,2019061801003841,CFCL,59,5,339,118.00,"40,002.00"
2019-06-18,2019061801003844,CHCL,47,59,25,515.00,"12,875.00"
2019-06-18,2019061801003814,CHCL,47,26,12,515.00,"6,180.00"
2019-06-18,2019061801003499,CHL,14,14,10,93.00,930.00
2019-06-18,2019061801003439,CIT,19,6,126,"2,500.00","315,000.00"
2019-06-18,2019061801003854,CZBIL,22,14,258,222.00,"57,276.00"
2019-06-18,2019061801003698,CZBIL,22,36,486,222.00,"107,892.00"
2019-06-18,2019061801003697,CZBIL,46,36,100,222.00,"22,200.00"
2019-06-18,2019061801003696,CZBIL,11,36,500,222.00,"111,000.00"
2019-06-18,2019061801003695,CZBIL,10,36,100,222.00,"22,200.00"
2019-06-18,2019061801003694,CZBIL,45,36,14,223.00,"3,122.00"
2019-06-18,2019061801003437,CZBIL,45,48,176,223.00,"39,248.00"
2019-06-18,2019061801003567,DBBL,46,21,15,145.00,"2,175.00"
2019-06-18,2019061801003534,DBBL,10,8,500,146.00,"73,000.00"
2019-06-18,2019061801003879,DDBL,49,49,90,700.00,"63,000.00"
2019-06-18,2019061801003577,DDBL,49,7,705,700.00,"493,500.00"
2019-06-18,2019061801003760,DHPL,28,28,10,74.00,740.00
2019-06-18,2019061801003645,DHPL,47,28,410,73.00,"29,930.00"
2019-06-18,2019061801003612,DHPL,47,43,11,73.00,803.00
2019-06-18,2019061801003598,DHPL,47,43,11,73.00,803.00
2019-06-18,2019061801003593,DHPL,47,43,11,73.00,803.00
2019-06-18,2019061801003589,DHPL,47,43,11,73.00,803.00
2019-06-18,2019061801003569,DHPL,42,28,90,74.00,"6,660.00"
2019-06-18,2019061801003716,EBL,49,45,266,662.00,"176,092.00"
2019-06-18,2019061801003715,EBL,49,48,572,662.00,"378,664.00"
2019-06-18,2019061801003611,EBL,46,26,358,661.00,"236,638.00"
2019-06-18,2019061801003626,EBL,46,32,50,661.00,"33,050.00"
2019-06-18,2019061801003619,EBL,46,38,50,661.00,"33,050.00"
2019-06-18,2019061801003781,FOWAD,28,28,3,"1,320.00","3,960.00"
2019-06-18,2019061801003579,FOWAD,34,49,144,"1,320.00","190,080.00"
2019-06-18,2019061801003469,FOWAD,49,38,19,"1,315.00","24,985.00"
2019-06-18,2019061801003457,FOWAD,28,38,19,"1,313.00","24,947.00"
2019-06-18,2019061801003434,FOWAD,34,38,19,"1,315.00","24,985.00"
2019-06-18,2019061801003845,GBBL,36,6,120,225.00,"27,000.00"
2019-06-18,2019061801003739,GBBL,36,42,211,225.00,"47,475.00"
2019-06-18,2019061801003825,GBIME,52,34,10,298.00,"2,980.00"
2019-06-18,2019061801003622,GBIME,45,47,178,297.00,"52,866.00"
2019-06-18,2019061801003491,GBIME,45,40,171,297.00,"50,787.00"
2019-06-18,2019061801003490,GBIME,5,40,100,298.00,"29,800.00"
2019-06-18,2019061801003489,GBIME,14,40,300,298.00,"89,400.00"
2019-06-18,2019061801003488,GBIME,50,40,19,298.00,"5,662.00"
2019-06-18,2019061801003675,GBIMEP,45,58,"1,016",173.00,"175,768.00"
2019-06-18,2019061801003652,GBIMEP,45,58,"1,016",173.00,"175,768.00"
2019-06-18,2019061801003644,GBIMEP,45,58,"2,032",173.00,"351,536.00"
2019-06-18,2019061801003591,GBIMEP,45,58,"2,541",171.00,"434,511.00"
2019-06-18,2019061801003585,GBIMEP,45,58,"1,016",171.00,"173,736.00"
2019-06-18,2019061801003848,GBLBS,34,1,20,353.00,"7,060.00"
2019-06-18,2019061801003660,GDBL,45,6,50,212.00,"10,600.00"
2019-06-18,2019061801003743,GDBL,44,42,200,211.00,"42,200.00"
2019-06-18,2019061801003580,GLBSL,57,22,10,378.00,"3,780.00"
2019-06-18,2019061801003726,GLICL,34,32,18,505.00,"9,090.00"
2019-06-18,2019061801003498,GMFIL,56,39,419,125.00,"52,375.00"
2019-06-18,2019061801003766,GRDBL,51,29,50,116.00,"5,800.00"
2019-06-18,2019061801003628,GRDBL,51,33,50,118.00,"5,900.00"
2019-06-18,2019061801003418,HBL,43,11,200,560.00,"112,000.00"
2019-06-18,2019061801003787,HDL,44,50,10,"1,727.00","17,270.00"
2019-06-18,2019061801003776,HGI,58,34,30,364.00,"10,920.00"
2019-06-18,2019061801003775,HGI,7,34,150,364.00,"54,600.00"
2019-06-18,2019061801003774,HGI,45,34,20,364.00,"7,280.00"
2019-06-18,2019061801003868,HIDCL,52,45,73,160.00,"11,680.00"
2019-06-18,2019061801003867,HIDCL,52,44,127,160.00,"20,320.00"
2019-06-18,2019061801003773,HIDCL,52,29,41,159.00,"6,519.00"
2019-06-18,2019061801003772,HIDCL,36,29,20,159.00,"3,180.00"
2019-06-18,2019061801003624,HIDCL,36,43,30,159.00,"4,770.00"
2019-06-18,2019061801003539,HIDCL,36,10,50,159.00,"7,950.00"
2019-06-18,2019061801003432,HIDCL,36,10,50,159.00,"7,950.00"
2019-06-18,2019061801003429,HIDCL,36,10,50,159.00,"7,950.00"
2019-06-18,2019061801003417,HIDCL,36,10,50,159.00,"7,950.00"
2019-06-18,2019061801003503,HIDCL,36,10,50,159.00,"7,950.00"
2019-06-18,2019061801003501,HIDCL,36,10,50,159.00,"7,950.00"
2019-06-18,2019061801003492,HIDCL,36,10,50,159.00,"7,950.00"
2019-06-18,2019061801003471,HIDCL,36,10,50,159.00,"7,950.00"
2019-06-18,2019061801003456,HIDCL,36,10,50,159.00,"7,950.00"
2019-06-18,2019061801003453,HIDCL,36,10,50,159.00,"7,950.00"
2019-06-18,2019061801003538,HIDCL,36,10,50,159.00,"7,950.00"
2019-06-18,2019061801003535,HIDCL,36,10,50,159.00,"7,950.00"
2019-06-18,2019061801003523,HIDCL,36,10,50,159.00,"7,950.00"
2019-06-18,2019061801003516,HIDCL,36,10,50,159.00,"7,950.00"
2019-06-18,2019061801003506,HIDCL,36,10,50,159.00,"7,950.00"
2019-06-18,2019061801003504,HIDCL,36,10,50,159.00,"7,950.00"
2019-06-18,2019061801003782,HPPL,43,29,20,178.00,"3,560.00"
