Date,Transact. No.,Symbol,Buyer,Seller,Quantity,Rate,Amount
2019-07-03,2019070301007472,ADBL,49,45,20,414.00,"8,280.00"
2019-07-03,2019070301007456,ADBL,50,22,"1,000",413.00,"413,000.00"
2019-07-03,2019070301007436,ADBL,7,45,200,414.00,"82,800.00"
2019-07-03,2019070301007369,ADBL,50,52,190,413.00,"78,470.00"
2019-07-03,2019070301007344,ADBL,5,48,25,412.00,"10,300.00"
2019-07-03,2019070301007343,ADBL,44,48,25,412.00,"10,300.00"
2019-07-03,2019070301007151,ADBL,6,52,10,413.00,"4,130.00"
2019-07-03,2019070301007140,ADBL,49,52,500,413.00,"206,500.00"
2019-07-03,2019070301007352,AHPC,51,6,63,106.00,"6,678.00"
2019-07-03,2019070301007351,AHPC,33,6,100,106.00,"10,600.00"
2019-07-03,2019070301007264,AKPL,1,54,135,190.00,"25,650.00"
2019-07-03,2019070301007256,ALICL,46,33,50,392.00,"19,600.00"
2019-07-03,2019070301007090,ALICL,16,57,900,391.00,"351,900.00"
2019-07-03,2019070301007054,BARUN,34,37,140,93.00,"13,020.00"
2019-07-03,2019070301007449,BOKL,41,52,450,265.00,"119,250.00"
2019-07-03,2019070301007448,BOKL,42,52,50,265.00,"13,250.00"
2019-07-03,2019070301007428,BOKL,42,52,50,265.00,"13,250.00"
2019-07-03,2019070301007427,BOKL,21,52,50,265.00,"13,250.00"
2019-07-03,2019070301007426,BOKL,21,52,400,266.00,"106,400.00"
2019-07-03,2019070301007406,BOKL,21,4,50,265.00,"13,250.00"
2019-07-03,2019070301007262,BOKL,21,59,450,266.00,"119,700.00"
2019-07-03,2019070301007227,BOKL,21,43,50,266.00,"13,300.00"
2019-07-03,2019070301007141,BPCL,22,52,500,407.00,"203,500.00"
2019-07-03,2019070301007370,CBBL,59,3,14,959.00,"13,426.00"
2019-07-03,2019070301007066,CBBL,45,32,10,956.00,"9,560.00"
2019-07-03,2019070301007519,CBL,48,49,500,151.00,"75,500.00"
2019-07-03,2019070301007510,CBL,48,6,923,151.00,"139,373.00"
2019-07-03,2019070301007509,CBL,42,6,307,151.00,"46,357.00"
2019-07-03,2019070301007507,CBL,42,6,193,151.00,"29,143.00"
2019-07-03,2019070301007506,CBL,34,6,200,151.00,"30,200.00"
2019-07-03,2019070301007505,CBL,40,6,200,151.00,"30,200.00"
2019-07-03,2019070301007199,CBL,39,58,450,152.00,"68,400.00"
2019-07-03,2019070301007175,CBL,39,58,350,152.00,"53,200.00"
2019-07-03,2019070301007113,CBL,41,58,200,152.00,"30,400.00"
2019-07-03,2019070301007112,CBL,41,32,800,152.00,"121,600.00"
2019-07-03,2019070301007324,CBL,14,7,200,152.00,"30,400.00"
2019-07-03,2019070301007291,CBL,14,7,500,152.00,"76,000.00"
2019-07-03,2019070301007281,CBL,6,7,20,152.00,"3,040.00"
2019-07-03,2019070301007221,CBL,32,7,105,152.00,"15,960.00"
2019-07-03,2019070301007220,CBL,32,10,895,152.00,"136,040.00"
2019-07-03,2019070301007200,CBL,39,10,50,152.00,"7,600.00"
2019-07-03,2019070301007399,CBL,28,58,"3,832",151.00,"578,632.00"
2019-07-03,2019070301007362,CBL,28,46,100,151.00,"15,100.00"
2019-07-03,2019070301007328,CBL,28,39,"1,068",151.00,"161,268.00"
2019-07-03,2019070301007327,CBL,57,39,500,151.00,"75,500.00"
2019-07-03,2019070301007326,CBL,28,39,"1,000",151.00,"151,000.00"
2019-07-03,2019070301007325,CBL,26,39,432,151.00,"65,232.00"
2019-07-03,2019070301007504,CBL,42,6,300,151.00,"45,300.00"
2019-07-03,2019070301007503,CBL,38,6,"1,107",151.00,"167,157.00"
2019-07-03,2019070301007468,CBL,38,49,500,151.00,"75,500.00"
2019-07-03,2019070301007419,CBL,37,7,500,152.00,"76,000.00"
2019-07-03,2019070301007401,CBL,38,58,393,151.00,"59,343.00"
2019-07-03,2019070301007400,CBL,42,58,500,151.00,"75,500.00"
2019-07-03,2019070301007511,CCBL,58,58,240,180.00,"43,200.00"
2019-07-03,2019070301007444,CCBL,51,58,260,180.00,"46,800.00"
2019-07-03,2019070301007435,CCBL,51,41,"1,740",180.00,"313,200.00"
2019-07-03,2019070301007434,CCBL,1,41,260,180.00,"46,800.00"
2019-07-03,2019070301007410,CCBL,1,49,240,180.00,"43,200.00"
2019-07-03,2019070301007396,CCBL,4,49,17,180.00,"3,060.00"
2019-07-03,2019070301007034,CCBL,58,36,199,179.00,"35,621.00"
2019-07-03,2019070301007032,CCBL,58,25,100,179.00,"17,900.00"
2019-07-03,2019070301007021,CCBL,58,41,104,179.00,"18,616.00"
2019-07-03,2019070301007150,CCBL,39,32,14,179.00,"2,506.00"
2019-07-03,2019070301007137,CCBL,45,32,75,180.00,"13,500.00"
2019-07-03,2019070301007136,CCBL,45,17,100,180.00,"18,000.00"
2019-07-03,2019070301007135,CCBL,45,50,17,180.00,"3,060.00"
2019-07-03,2019070301007134,CCBL,45,25,808,180.00,"145,440.00"
2019-07-03,2019070301007035,CCBL,39,36,124,179.00,"22,196.00"
2019-07-03,2019070301007269,CCBL,51,57,53,179.00,"9,487.00"
2019-07-03,2019070301007211,CCBL,58,57,62,179.00,"11,098.00"
2019-07-03,2019070301007186,CCBL,58,19,438,179.00,"78,402.00"
2019-07-03,2019070301007185,CCBL,57,19,500,179.00,"89,500.00"
2019-07-03,2019070301007184,CCBL,39,19,62,179.00,"11,098.00"
2019-07-03,2019070301007178,CCBL,22,44,100,180.00,"18,000.00"
2019-07-03,2019070301007359,CCBL,51,38,47,179.00,"8,413.00"
2019-07-03,2019070301007311,CCBL,4,44,400,180.00,"72,000.00"
2019-07-03,2019070301007299,CCBL,4,44,100,180.00,"18,000.00"
2019-07-03,2019070301007288,CCBL,4,44,95,180.00,"17,100.00"
2019-07-03,2019070301007287,CCBL,4,10,205,180.00,"36,900.00"
2019-07-03,2019070301007270,CCBL,51,43,100,179.00,"17,900.00"
2019-07-03,2019070301007395,CCBL,4,1,83,180.00,"14,940.00"
2019-07-03,2019070301007388,CCBL,21,1,117,180.00,"21,060.00"
2019-07-03,2019070301007387,CCBL,21,29,278,180.00,"50,040.00"
2019-07-03,2019070301007386,CCBL,21,44,105,180.00,"18,900.00"
2019-07-03,2019070301007384,CCBL,4,44,200,180.00,"36,000.00"
2019-07-03,2019070301007360,CCBL,33,38,11,179.00,"1,969.00"
2019-07-03,2019070301007205,CIT,14,57,20,"2,489.00","49,780.00"
2019-07-03,2019070301007447,CZBIL,21,46,300,226.00,"67,800.00"
2019-07-03,2019070301007332,CZBIL,6,13,40,225.00,"9,000.00"
2019-07-03,2019070301007232,CZBIL,48,13,100,225.00,"22,500.00"
2019-07-03,2019070301007231,CZBIL,29,13,200,225.00,"45,000.00"
2019-07-03,2019070301007230,CZBIL,50,13,160,225.00,"36,000.00"
2019-07-03,2019070301007121,CZBIL,22,46,172,226.00,"38,872.00"
2019-07-03,2019070301007053,CZBIL,21,17,13,227.00,"2,951.00"
2019-07-03,2019070301007052,CZBIL,21,1,100,227.00,"22,700.00"
2019-07-03,2019070301007051,CZBIL,21,14,87,227.00,"19,749.00"
2019-07-03,2019070301007310,DBBL,17,57,300,140.00,"42,000.00"
2019-07-03,2019070301007274,DBBL,57,57,200,140.00,"28,000.00"
2019-07-03,2019070301007149,DBBL,17,57,500,140.00,"70,000.00"
2019-07-03,2019070301007148,DBBL,17,59,500,140.00,"70,000.00"
2019-07-03,2019070301007132,DBBL,57,49,"1,848",140.00,"258,720.00"
2019-07-03,2019070301007110,DBBL,57,6,152,140.00,"21,280.00"
2019-07-03,2019070301007071,DBBL,57,6,400,140.00,"56,000.00"
2019-07-03,2019070301007425,DDBL,59,43,50,727.00,"36,350.00"
2019-07-03,2019070301007437,EBL,57,16,20,665.00,"13,300.00"
2019-07-03,2019070301007433,EBL,41,42,22,659.00,"14,498.00"
2019-07-03,2019070301007318,EBL,41,6,163,659.00,"107,417.00"
2019-07-03,2019070301007317,EBL,16,6,100,659.00,"65,900.00"
2019-07-03,2019070301007316,EBL,43,6,500,660.00,"330,000.00"
2019-07-03,2019070301007070,EBL,34,17,35,661.00,"23,135.00"
2019-07-03,2019070301007069,EBL,38,17,40,661.00,"26,440.00"
2019-07-03,2019070301007315,EBL,35,6,50,660.00,"33,000.00"
2019-07-03,2019070301007314,EBL,28,6,200,661.00,"132,200.00"
2019-07-03,2019070301007313,EBL,34,6,65,661.00,"42,965.00"
2019-07-03,2019070301007312,EBL,51,6,76,662.00,"50,312.00"
2019-07-03,2019070301007292,EBL,57,16,10,665.00,"6,650.00"
2019-07-03,2019070301007465,EIC,6,33,10,363.00,"3,630.00"
2019-07-03,2019070301007464,EIC,21,33,30,363.00,"10,890.00"
2019-07-03,2019070301007463,EIC,49,33,10,364.00,"3,640.00"
2019-07-03,2019070301007212,FOWAD,14,56,12,"1,344.00","16,128.00"
2019-07-03,2019070301007407,GBBL,43,51,10,225.00,"2,250.00"
2019-07-03,2019070301007418,GBIME,42,37,50,297.00,"14,850.00"
2019-07-03,2019070301007323,GBIME,32,4,20,294.00,"5,880.00"
2019-07-03,2019070301007322,GBIME,42,4,200,295.00,"59,000.00"
2019-07-03,2019070301007321,GBIME,47,4,30,295.00,"8,850.00"
2019-07-03,2019070301007320,GBIME,41,4,300,295.00,"88,500.00"
2019-07-03,2019070301007167,GBIME,39,37,"1,000",297.00,"297,000.00"
2019-07-03,2019070301007189,GDBL,28,49,400,214.00,"85,600.00"
2019-07-03,2019070301007188,GDBL,28,6,"1,000",213.00,"213,000.00"
2019-07-03,2019070301007187,GDBL,28,53,100,212.00,"21,200.00"
2019-07-03,2019070301007389,GLBSL,41,45,20,398.00,"7,960.00"
2019-07-03,2019070301007263,GLBSL,57,45,80,399.00,"31,920.00"
2019-07-03,2019070301007191,GLBSL,57,45,10,400.00,"4,000.00"
2019-07-03,2019070301007190,GLBSL,57,43,10,400.00,"4,000.00"
2019-07-03,2019070301007060,GLBSL,41,21,10,400.00,"4,000.00"
2019-07-03,2019070301007033,GLBSL,41,21,10,400.00,"4,000.00"
2019-07-03,2019070301007243,GLICL,44,25,10,482.00,"4,820.00"
2019-07-03,2019070301007117,GMFBS,21,1,10,460.00,"4,600.00"
2019-07-03,2019070301007084,GMFBS,34,34,60,455.00,"27,300.00"
2019-07-03,2019070301007068,GMFBS,34,13,90,455.00,"40,950.00"
2019-07-03,2019070301007067,GMFBS,26,13,10,456.00,"4,560.00"
2019-07-03,2019070301007518,GRDBL,46,17,50,117.00,"5,850.00"
2019-07-03,2019070301007421,HGI,51,33,50,363.00,"18,150.00"
2019-07-03,2019070301007379,HIDCL,14,1,200,163.00,"32,600.00"
2019-07-03,2019070301007280,HIDCL,49,1,10,163.00,"1,630.00"
2019-07-03,2019070301007279,HIDCL,49,51,220,162.00,"35,640.00"
2019-07-03,2019070301007278,HIDCL,49,8,466,162.00,"75,492.00"
2019-07-03,2019070301007277,HIDCL,49,1,100,162.00,"16,200.00"
2019-07-03,2019070301007229,HIDCL,48,57,31,160.00,"4,960.00"
2019-07-03,2019070301007145,IGI,19,32,26,361.00,"9,386.00"
2019-07-03,2019070301007146,IGI,39,32,205,360.00,"73,800.00"
2019-07-03,2019070301007480,JBBL,58,32,19,158.00,"3,002.00"
2019-07-03,2019070301007309,JBBL,58,43,100,157.00,"15,700.00"
2019-07-03,2019070301007138,JBBL,58,42,10,159.00,"1,590.00"
2019-07-03,2019070301007475,JBNL,54,21,30,215.00,"6,450.00"
2019-07-03,2019070301007474,JBNL,45,21,20,215.00,"4,300.00"
2019-07-03,2019070301007402,JBNL,45,38,812,215.00,"174,580.00"
2019-07-03,2019070301007337,JBNL,55,32,200,216.00,"43,200.00"
2019-07-03,2019070301007336,JBNL,55,34,500,216.00,"108,000.00"
2019-07-03,2019070301007306,JBNL,45,17,400,215.00,"86,000.00"
2019-07-03,2019070301007235,JBNL,45,58,915,215.00,"196,725.00"
2019-07-03,2019070301007164,JBNL,25,10,343,216.00,"74,088.00"
2019-07-03,2019070301007126,JBNL,34,10,257,216.00,"55,512.00"
2019-07-03,2019070301007089,JBNL,43,10,400,216.00,"86,400.00"
2019-07-03,2019070301007048,JBNL,43,22,"2,000",216.00,"432,000.00"
2019-07-03,2019070301007046,JBNL,43,50,"1,000",216.00,"216,000.00"
2019-07-03,2019070301007242,JOSHI,39,42,20,78.00,"1,560.00"
2019-07-03,2019070301007158,JOSHI,50,42,10,79.00,790.00
2019-07-03,2019070301007157,JOSHI,46,42,20,79.00,"1,580.00"
2019-07-03,2019070301007156,JOSHI,19,42,100,79.00,"7,900.00"
2019-07-03,2019070301007155,JOSHI,7,42,70,79.00,"5,530.00"
2019-07-03,2019070301007245,KBBL,58,58,20,240.00,"4,800.00"
2019-07-03,2019070301007244,KBBL,58,44,46,239.00,"10,994.00"
2019-07-03,2019070301007228,KBL,49,25,50,222.00,"11,100.00"
2019-07-03,2019070301007163,KBL,16,48,351,219.00,"76,869.00"
2019-07-03,2019070301007162,KBL,38,48,100,219.00,"21,900.00"
2019-07-03,2019070301007161,KBL,21,48,716,220.00,"157,520.00"
2019-07-03,2019070301007031,KBL,49,25,50,222.00,"11,100.00"
2019-07-03,2019070301007030,KBL,49,59,300,221.00,"66,300.00"
2019-07-03,2019070301007029,KBL,49,38,"1,250",221.00,"276,250.00"
2019-07-03,2019070301007047,KKHC,6,20,10,73.00,730.00
2019-07-03,2019070301007445,KSBBL,58,1,19,157.00,"2,983.00"
2019-07-03,2019070301007508,LBBL,59,32,10,198.00,"1,980.00"
2019-07-03,2019070301007422,LBBL,38,32,440,198.00,"87,120.00"
2019-07-03,2019070301007153,LBBL,28,38,500,197.00,"98,500.00"
2019-07-03,2019070301007127,LBBL,48,25,500,196.00,"98,000.00"
2019-07-03,2019070301007065,LBBL,48,45,500,196.00,"98,000.00"
2019-07-03,2019070301007492,LBL,36,55,200,227.00,"45,400.00"
2019-07-03,2019070301007491,LBL,36,39,500,227.00,"113,500.00"
2019-07-03,2019070301007490,LBL,36,13,50,227.00,"11,350.00"
2019-07-03,2019070301007489,LBL,36,34,249,227.00,"56,523.00"
2019-07-03,2019070301007488,LBL,36,46,16,227.00,"3,632.00"
2019-07-03,2019070301007061,LBL,44,53,69,225.00,"15,525.00"
2019-07-03,2019070301007383,LGIL,38,14,180,451.00,"81,180.00"
2019-07-03,2019070301007382,LGIL,14,14,20,454.00,"9,080.00"
2019-07-03,2019070301007431,LVF1,13,25,"10,000",10.12,"101,200.00"
2019-07-03,2019070301007460,MBL,34,6,300,267.00,"80,100.00"
2019-07-03,2019070301007459,MBL,32,6,"1,000",267.00,"267,000.00"
2019-07-03,2019070301007458,MBL,38,6,200,267.00,"53,400.00"
2019-07-03,2019070301007405,MBL,55,6,400,268.00,"107,200.00"
2019-07-03,2019070301007404,MBL,40,6,100,268.00,"26,800.00"
2019-07-03,2019070301007403,MBL,44,6,500,268.00,"134,000.00"
2019-07-03,2019070301007482,MEGA,34,38,500,211.00,"105,500.00"
2019-07-03,2019070301007443,MEGA,39,38,51,211.00,"10,761.00"
2019-07-03,2019070301007442,MEGA,39,56,949,211.00,"200,239.00"
2019-07-03,2019070301007364,MEGA,43,38,10,211.00,"2,110.00"
2019-07-03,2019070301007349,MEGA,38,38,358,211.00,"75,538.00"
2019-07-03,2019070301007348,MEGA,38,21,250,211.00,"52,750.00"
2019-07-03,2019070301007119,MEGA,42,7,303,211.00,"63,933.00"
2019-07-03,2019070301007116,MEGA,52,7,100,211.00,"21,100.00"
2019-07-03,2019070301007091,MEGA,41,7,50,211.00,"10,550.00"
2019-07-03,2019070301007088,MEGA,42,7,350,211.00,"73,850.00"
2019-07-03,2019070301007087,MEGA,55,7,500,211.00,"105,500.00"
2019-07-03,2019070301007086,MEGA,42,7,417,211.00,"87,987.00"
2019-07-03,2019070301007347,MEGA,38,7,392,211.00,"82,712.00"
2019-07-03,2019070301007339,MEGA,1,16,200,210.00,"42,000.00"
2019-07-03,2019070301007282,MEGA,38,38,7,208.00,"1,456.00"
2019-07-03,2019070301007160,MEGA,22,7,100,211.00,"21,100.00"
2019-07-03,2019070301007129,MEGA,4,7,"1,000",211.00,"211,000.00"
2019-07-03,2019070301007120,MEGA,8,7,"1,000",211.00,"211,000.00"
2019-07-03,2019070301007454,MERO,32,16,30,528.00,"15,840.00"
2019-07-03,2019070301007198,MLBL,38,6,24,193.00,"4,632.00"
2019-07-03,2019070301007165,MLBL,33,6,300,194.00,"58,200.00"
2019-07-03,2019070301007258,MNBBL,28,48,30,368.00,"11,040.00"
2019-07-03,2019070301007257,MNBBL,6,48,40,368.00,"14,720.00"
2019-07-03,2019070301007476,MSMBS,17,48,10,416.00,"4,160.00"
2019-07-03,2019070301007204,MSMBS,58,48,10,408.00,"4,080.00"
2019-07-03,2019070301007286,NABIL,53,32,50,795.00,"39,750.00"
2019-07-03,2019070301007285,NABIL,17,32,50,796.00,"39,800.00"
2019-07-03,2019070301007346,NABILP,14,4,50,775.00,"38,750.00"
2019-07-03,2019070301007096,NABILP,17,28,300,778.00,"233,400.00"
2019-07-03,2019070301007097,NABILP,17,16,200,779.00,"155,800.00"
2019-07-03,2019070301007154,NADEP,58,22,10,420.00,"4,200.00"
2019-07-03,2019070301007501,NAGRO,3,21,10,505.00,"5,050.00"
2019-07-03,2019070301007493,NAGRO,18,17,10,512.00,"5,120.00"
2019-07-03,2019070301007446,NAGRO,3,21,10,505.00,"5,050.00"
2019-07-03,2019070301007293,NAGRO,18,1,10,511.00,"5,110.00"
2019-07-03,2019070301007483,NBB,40,34,10,227.00,"2,270.00"
2019-07-03,2019070301007457,NBB,56,34,10,227.00,"2,270.00"
2019-07-03,2019070301007441,NBB,37,53,190,226.00,"42,940.00"
2019-07-03,2019070301007236,NBB,37,49,50,226.00,"11,300.00"
2019-07-03,2019070301007100,NBB,56,32,327,225.00,"73,575.00"
2019-07-03,2019070301007517,NBL,33,43,100,340.00,"34,000.00"
2019-07-03,2019070301007516,NBL,33,40,500,339.00,"169,500.00"
2019-07-03,2019070301007515,NBL,33,14,100,339.00,"33,900.00"
2019-07-03,2019070301007378,NBL,57,43,100,340.00,"34,000.00"
2019-07-03,2019070301007377,NBL,57,34,300,339.00,"101,700.00"
2019-07-03,2019070301007375,NBL,37,34,200,339.00,"67,800.00"
2019-07-03,2019070301007131,NBL,47,59,100,339.00,"33,900.00"
2019-07-03,2019070301007101,NBL,47,26,300,339.00,"101,700.00"
2019-07-03,2019070301007266,NBL,47,58,"1,400",339.00,"474,600.00"
2019-07-03,2019070301007265,NBL,47,58,"1,700",339.00,"576,300.00"
2019-07-03,2019070301007240,NBL,47,45,100,339.00,"33,900.00"
2019-07-03,2019070301007214,NBL,47,41,200,339.00,"67,800.00"
2019-07-03,2019070301007213,NBL,47,41,800,339.00,"271,200.00"
2019-07-03,2019070301007168,NBL,47,35,"1,200",339.00,"406,800.00"
2019-07-03,2019070301007335,NBL,47,34,500,339.00,"169,500.00"
2019-07-03,2019070301007304,NBL,47,36,500,339.00,"169,500.00"
2019-07-03,2019070301007303,NBL,47,36,500,339.00,"169,500.00"
2019-07-03,2019070301007276,NBL,34,43,630,340.00,"214,200.00"
2019-07-03,2019070301007275,NBL,34,58,370,340.00,"125,800.00"
2019-07-03,2019070301007267,NBL,47,58,900,339.00,"305,100.00"
2019-07-03,2019070301007374,NBL,34,34,300,339.00,"101,700.00"
2019-07-03,2019070301007373,NBL,26,34,200,339.00,"67,800.00"
2019-07-03,2019070301007372,NBL,47,34,500,339.00,"169,500.00"
2019-07-03,2019070301007371,NBL,47,3,300,339.00,"101,700.00"
2019-07-03,2019070301007342,NBL,47,34,600,339.00,"203,400.00"
2019-07-03,2019070301007341,NBL,47,34,400,339.00,"135,600.00"
2019-07-03,2019070301007481,NCCB,44,10,200,251.00,"50,200.00"
2019-07-03,2019070301007380,NCCB,19,10,125,251.00,"31,375.00"
2019-07-03,2019070301007376,NCCB,39,10,100,251.00,"25,100.00"
2019-07-03,2019070301007255,NCCB,44,22,250,250.00,"62,500.00"
2019-07-03,2019070301007254,NCCB,48,22,100,250.00,"25,000.00"
2019-07-03,2019070301007253,NCCB,49,22,100,250.00,"25,000.00"
2019-07-03,2019070301007111,NCCB,11,8,"1,000",251.00,"251,000.00"
2019-07-03,2019070301007252,NCCB,28,22,"1,000",250.00,"250,000.00"
2019-07-03,2019070301007251,NCCB,28,22,550,250.00,"137,500.00"
2019-07-03,2019070301007249,NCCB,11,10,300,251.00,"75,300.00"
2019-07-03,2019070301007248,NCCB,11,1,100,251.00,"25,100.00"
2019-07-03,2019070301007246,NCCB,42,1,200,251.00,"50,200.00"
2019-07-03,2019070301007222,NCCB,3,1,100,251.00,"25,100.00"
2019-07-03,2019070301007298,NHDL,42,21,10,124.00,"1,240.00"
2019-07-03,2019070301007179,NHDL,42,59,10,124.00,"1,240.00"
2019-07-03,2019070301007152,NHDL,42,59,10,124.00,"1,240.00"
2019-07-03,2019070301007238,NIB,35,17,93,523.00,"48,639.00"
2019-07-03,2019070301007237,NIB,42,17,450,524.00,"235,800.00"
2019-07-03,2019070301007206,NIB,42,49,50,524.00,"26,200.00"
2019-07-03,2019070301007142,NIB,22,17,457,525.00,"239,925.00"
2019-07-03,2019070301007133,NIB,22,22,43,525.00,"22,575.00"
2019-07-03,2019070301007514,NIBPO,49,4,50,480.00,"24,000.00"
2019-07-03,2019070301007513,NIBPO,42,4,300,481.00,"144,300.00"
2019-07-03,2019070301007361,NIBPO,42,19,200,481.00,"96,200.00"
2019-07-03,2019070301007486,NICA,33,41,500,462.00,"231,000.00"
2019-07-03,2019070301007485,NICA,16,41,360,462.00,"166,320.00"
2019-07-03,2019070301007484,NICA,40,41,128,463.00,"59,264.00"
2019-07-03,2019070301007365,NICA,28,28,200,464.00,"92,800.00"
2019-07-03,2019070301007358,NICA,40,25,72,463.00,"33,336.00"
2019-07-03,2019070301007357,NICA,55,25,228,463.00,"105,564.00"
2019-07-03,2019070301007062,NICA,34,28,580,464.00,"269,120.00"
2019-07-03,2019070301007289,NICA,25,28,100,464.00,"46,400.00"
2019-07-03,2019070301007233,NICA,55,52,300,463.00,"138,900.00"
2019-07-03,2019070301007125,NICA,55,28,800,463.00,"370,400.00"
2019-07-03,2019070301007098,NICA,55,52,500,463.00,"231,500.00"
2019-07-03,2019070301007093,NICA,55,49,72,463.00,"33,336.00"
2019-07-03,2019070301007063,NICA,34,1,100,464.00,"46,400.00"
2019-07-03,2019070301007473,NICL,43,22,10,361.00,"3,610.00"
2019-07-03,2019070301007356,NICL,29,38,590,359.00,"211,810.00"
2019-07-03,2019070301007355,NICL,14,38,10,360.00,"3,600.00"
2019-07-03,2019070301007308,NICL,43,22,10,361.00,"3,610.00"
2019-07-03,2019070301007261,NICL,29,50,65,359.00,"23,335.00"
2019-07-03,2019070301007147,NICL,29,52,120,359.00,"43,080.00"
2019-07-03,2019070301007247,NIL,1,49,100,493.00,"49,300.00"
2019-07-03,2019070301007217,NIL,14,58,75,492.00,"36,900.00"
2019-07-03,2019070301007216,NIL,33,58,75,492.00,"36,900.00"
2019-07-03,2019070301007215,NIL,17,58,50,493.00,"24,650.00"
2019-07-03,2019070301007099,NIL,1,57,20,494.00,"9,880.00"
2019-07-03,2019070301007390,NLG,25,41,10,749.00,"7,490.00"
2019-07-03,2019070301007305,NLG,25,6,14,740.00,"10,360.00"
2019-07-03,2019070301007226,NLG,43,8,20,730.00,"14,600.00"
2019-07-03,2019070301007207,NLG,25,8,14,730.00,"10,220.00"
2019-07-03,2019070301007172,NLG,35,8,106,730.00,"77,380.00"
2019-07-03,2019070301007171,NLG,58,8,30,735.00,"22,050.00"
2019-07-03,2019070301007170,NLG,21,8,30,737.00,"22,110.00"
2019-07-03,2019070301007124,NLG,58,25,20,735.00,"14,700.00"
2019-07-03,2019070301007123,NLG,44,25,80,736.00,"58,880.00"
2019-07-03,2019070301007455,NLIC,38,43,153,902.00,"138,006.00"
2019-07-03,2019070301007423,NLIC,3,28,50,908.00,"45,400.00"
2019-07-03,2019070301007412,NLIC,42,38,25,905.00,"22,625.00"
2019-07-03,2019070301007411,NLIC,19,38,240,905.00,"217,200.00"
2019-07-03,2019070301007350,NLIC,19,28,500,905.00,"452,500.00"
2019-07-03,2019070301007345,NLIC,35,43,24,909.00,"21,816.00"
2019-07-03,2019070301007334,NLIC,35,35,76,909.00,"69,084.00"
2019-07-03,2019070301007331,NLIC,19,28,260,905.00,"235,300.00"
2019-07-03,2019070301007330,NLIC,35,28,40,906.00,"36,240.00"
2019-07-03,2019070301007329,NLIC,57,28,200,907.00,"181,400.00"
2019-07-03,2019070301007173,NLIC,45,8,50,910.00,"45,500.00"
2019-07-03,2019070301007107,NLIC,35,32,10,906.00,"9,060.00"
2019-07-03,2019070301007338,NLICL,43,46,10,605.00,"6,050.00"
2019-07-03,2019070301007106,NMFBS,33,52,15,"1,485.00","22,275.00"
2019-07-03,2019070301007105,NMFBS,33,41,15,"1,480.00","22,200.00"
2019-07-03,2019070301007104,NMFBS,33,57,10,"1,475.00","14,750.00"
2019-07-03,2019070301007440,NTC,58,4,50,700.00,"35,000.00"
2019-07-03,2019070301007394,NTC,43,4,10,703.00,"7,030.00"
2019-07-03,2019070301007045,NTC,58,4,100,700.00,"70,000.00"
2019-07-03,2019070301007241,NUBL,6,13,100,849.00,"84,900.00"
2019-07-03,2019070301007026,OHL,42,58,30,622.00,"18,660.00"
2019-07-03,2019070301007025,OHL,51,58,300,623.00,"186,900.00"
2019-07-03,2019070301007024,OHL,49,58,50,623.00,"31,150.00"
2019-07-03,2019070301007023,OHL,25,58,100,624.00,"62,400.00"
2019-07-03,2019070301007022,OHL,3,58,20,624.00,"12,480.00"
2019-07-03,2019070301007041,OHL,5,58,80,621.00,"49,680.00"
2019-07-03,2019070301007040,OHL,49,58,200,621.00,"124,200.00"
2019-07-03,2019070301007039,OHL,16,58,50,621.00,"31,050.00"
2019-07-03,2019070301007038,OHL,42,58,170,622.00,"105,740.00"
2019-07-03,2019070301007174,OHL,45,58,"2,000",622.00,"1,244,000.00"
2019-07-03,2019070301007354,PCBL,55,48,"1,500",285.00,"427,500.00"
2019-07-03,2019070301007353,PCBL,49,48,40,286.00,"11,440.00"
2019-07-03,2019070301007467,PIC,55,14,24,960.00,"23,040.00"
2019-07-03,2019070301007466,PIC,48,14,76,960.00,"72,960.00"
2019-07-03,2019070301007453,PIC,48,42,11,960.00,"10,560.00"
2019-07-03,2019070301007424,PIC,48,42,11,960.00,"10,560.00"
2019-07-03,2019070301007409,PIC,48,42,11,960.00,"10,560.00"
2019-07-03,2019070301007392,PIC,48,42,11,960.00,"10,560.00"
2019-07-03,2019070301007363,PIC,48,57,50,960.00,"48,000.00"
2019-07-03,2019070301007219,PIC,55,40,11,963.00,"10,593.00"
2019-07-03,2019070301007183,PIC,55,40,11,963.00,"10,593.00"
2019-07-03,2019070301007144,PIC,55,28,21,963.00,"20,223.00"
2019-07-03,2019070301007143,PIC,55,28,100,963.00,"96,300.00"
2019-07-03,2019070301007027,PIC,48,32,11,960.00,"10,560.00"
2019-07-03,2019070301007512,PLIC,48,57,10,445.00,"4,450.00"
2019-07-03,2019070301007042,PMHPL,21,21,10,105.00,"1,050.00"
2019-07-03,2019070301007391,PRIN,48,3,70,377.00,"26,390.00"
2019-07-03,2019070301007319,PRIN,44,32,450,378.00,"170,100.00"
2019-07-03,2019070301007284,PRIN,46,32,50,378.00,"18,900.00"
2019-07-03,2019070301007500,PRVU,16,56,623,271.00,"168,833.00"
2019-07-03,2019070301007499,PRVU,38,56,500,271.00,"135,500.00"
2019-07-03,2019070301007498,PRVU,52,56,200,271.00,"54,200.00"
2019-07-03,2019070301007497,PRVU,59,56,305,271.00,"82,655.00"
2019-07-03,2019070301007496,PRVU,40,56,50,272.00,"13,600.00"
2019-07-03,2019070301007495,PRVU,38,56,100,272.00,"27,200.00"
2019-07-03,2019070301007075,PRVU,42,38,500,272.00,"136,000.00"
2019-07-03,2019070301007074,PRVU,57,38,480,272.00,"130,560.00"
2019-07-03,2019070301007180,PRVU,6,34,12,272.00,"3,264.00"
2019-07-03,2019070301007102,PRVU,47,34,10,272.00,"2,720.00"
2019-07-03,2019070301007092,PRVU,34,44,40,273.00,"10,920.00"
2019-07-03,2019070301007077,PRVU,47,38,20,272.00,"5,440.00"
2019-07-03,2019070301007076,PRVU,57,38,500,272.00,"136,000.00"
2019-07-03,2019070301007494,PRVU,40,56,222,272.00,"60,384.00"
2019-07-03,2019070301007234,PRVU,40,34,278,272.00,"75,616.00"
2019-07-03,2019070301007181,PRVU,49,34,200,272.00,"54,400.00"
2019-07-03,2019070301007272,RBCL,58,6,10,"9,570.00","95,700.00"
2019-07-03,2019070301007271,RBCL,25,6,20,"9,571.00","191,420.00"
2019-07-03,2019070301007452,RBCLPO,42,28,11,"8,999.00","98,989.00"
2019-07-03,2019070301007451,RBCLPO,42,14,10,"8,998.00","89,980.00"
2019-07-03,2019070301007367,RLFL,21,6,200,124.00,"24,800.00"
2019-07-03,2019070301007366,RLFL,34,6,300,124.00,"37,200.00"
2019-07-03,2019070301007130,RLFL,21,6,400,126.00,"50,400.00"
2019-07-03,2019070301007103,RMDC,14,13,38,664.00,"25,232.00"
2019-07-03,2019070301007340,SADBL,58,55,53,154.00,"8,162.00"
2019-07-03,2019070301007055,SADBL,52,52,200,155.00,"31,000.00"
2019-07-03,2019070301007470,SANIMA,16,51,200,350.00,"70,000.00"
2019-07-03,2019070301007469,SANIMA,14,51,"1,199",350.00,"419,650.00"
2019-07-03,2019070301007439,SANIMA,51,51,101,352.00,"35,552.00"
2019-07-03,2019070301007438,SANIMA,51,51,99,351.00,"34,749.00"
2019-07-03,2019070301007420,SANIMA,39,51,110,351.00,"38,610.00"
2019-07-03,2019070301007381,SANIMA,39,51,"1,500",351.00,"526,500.00"
2019-07-03,2019070301007296,SANIMA,39,51,390,351.00,"136,890.00"
2019-07-03,2019070301007295,SANIMA,48,51,100,351.00,"35,100.00"
2019-07-03,2019070301007294,SANIMA,32,51,"1,010",351.00,"354,510.00"
2019-07-03,2019070301007260,SANIMA,32,46,260,351.00,"91,260.00"
2019-07-03,2019070301007169,SANIMA,32,51,"1,500",351.00,"526,500.00"
2019-07-03,2019070301007118,SANIMA,10,51,"1,000",352.00,"352,000.00"
2019-07-03,2019070301007210,SBI,34,34,100,475.00,"47,500.00"
2019-07-03,2019070301007209,SBI,34,56,15,475.00,"7,125.00"
2019-07-03,2019070301007208,SBI,34,52,369,475.00,"175,275.00"
2019-07-03,2019070301007203,SBI,34,46,38,474.00,"18,012.00"
2019-07-03,2019070301007166,SBI,41,20,15,473.00,"7,095.00"
2019-07-03,2019070301007115,SBI,41,40,1,473.00,473.00
2019-07-03,2019070301007114,SBI,45,40,149,474.00,"70,626.00"
2019-07-03,2019070301007432,SBL,32,37,500,324.00,"162,000.00"
2019-07-03,2019070301007417,SBL,32,42,35,324.00,"11,340.00"
2019-07-03,2019070301007385,SBL,32,16,172,325.00,"55,900.00"
2019-07-03,2019070301007225,SBL,32,25,100,325.00,"32,500.00"
2019-07-03,2019070301007202,SBL,32,59,28,325.00,"9,100.00"
2019-07-03,2019070301007201,SBL,51,59,50,325.00,"16,250.00"
2019-07-03,2019070301007139,SBL,51,28,400,325.00,"130,000.00"
2019-07-03,2019070301007083,SBL,10,48,87,325.00,"28,275.00"
2019-07-03,2019070301007082,SBL,10,8,100,325.00,"32,500.00"
2019-07-03,2019070301007081,SBL,10,22,159,325.00,"51,675.00"
2019-07-03,2019070301007059,SBL,32,36,52,324.00,"16,848.00"
2019-07-03,2019070301007043,SBL,32,8,287,324.00,"92,988.00"
2019-07-03,2019070301007408,SCB,6,56,40,669.00,"26,760.00"
2019-07-03,2019070301007302,SCB,11,49,100,669.00,"66,900.00"
2019-07-03,2019070301007259,SCB,11,56,80,670.00,"53,600.00"
2019-07-03,2019070301007239,SCB,11,26,20,670.00,"13,400.00"
2019-07-03,2019070301007368,SFFIL,45,41,25,215.00,"5,375.00"
2019-07-03,2019070301007487,SHIVM,48,45,200,620.00,"124,000.00"
2019-07-03,2019070301007479,SHIVM,48,34,200,619.00,"123,800.00"
2019-07-03,2019070301007416,SHIVM,54,43,100,620.00,"62,000.00"
2019-07-03,2019070301007415,SHIVM,40,43,500,620.00,"310,000.00"
2019-07-03,2019070301007414,SHIVM,33,43,500,620.00,"310,000.00"
2019-07-03,2019070301007413,SHIVM,5,43,200,620.00,"124,000.00"
2019-07-03,2019070301007064,SHIVM,52,38,150,623.00,"93,450.00"
2019-07-03,2019070301007058,SHIVM,48,57,25,619.00,"15,475.00"
2019-07-03,2019070301007057,SHIVM,32,57,25,619.00,"15,475.00"
2019-07-03,2019070301007049,SHIVM,10,58,313,620.00,"194,060.00"
2019-07-03,2019070301007301,SHIVM,42,28,150,622.00,"93,300.00"
2019-07-03,2019070301007300,SHIVM,42,42,100,622.00,"62,200.00"
2019-07-03,2019070301007268,SHIVM,38,1,50,623.00,"31,150.00"
2019-07-03,2019070301007224,SHIVM,42,34,200,623.00,"124,600.00"
2019-07-03,2019070301007223,SHIVM,42,40,150,623.00,"93,450.00"
2019-07-03,2019070301007128,SHL,1,32,100,234.00,"23,400.00"
2019-07-03,2019070301007502,SHPC,16,49,10,254.00,"2,540.00"
2019-07-03,2019070301007333,SHPC,33,33,100,252.00,"25,200.00"
2019-07-03,2019070301007297,SHPC,33,49,30,252.00,"7,560.00"
2019-07-03,2019070301007398,SICL,32,21,485,761.00,"369,085.00"
2019-07-03,2019070301007397,SICL,17,21,15,762.00,"11,430.00"
2019-07-03,2019070301007194,SICL,17,28,485,762.00,"369,570.00"
2019-07-03,2019070301007193,SICL,17,28,15,765.00,"11,475.00"
2019-07-03,2019070301007080,SICL,17,56,37,765.00,"28,305.00"
2019-07-03,2019070301007079,SICL,42,56,50,765.00,"38,250.00"
2019-07-03,2019070301007078,SICL,19,56,10,765.00,"7,650.00"
2019-07-03,2019070301007072,SKBBL,14,14,200,960.00,"192,000.00"
2019-07-03,2019070301007471,SLBBL,59,22,40,489.00,"19,560.00"
2019-07-03,2019070301007273,SLBS,45,48,10,721.00,"7,210.00"
2019-07-03,2019070301007085,SLICL,41,34,40,470.00,"18,800.00"
2019-07-03,2019070301007478,SMATA,6,41,19,"1,140.00","21,660.00"
2019-07-03,2019070301007477,SMATA,6,40,19,"1,140.00","21,660.00"
2019-07-03,2019070301007159,SMATA,6,38,10,"1,129.00","11,290.00"
2019-07-03,2019070301007050,SMFDB,34,34,537,482.00,"258,834.00"
2019-07-03,2019070301007037,SPARS,21,34,10,440.00,"4,400.00"
2019-07-03,2019070301007462,SRBL,53,46,490,256.00,"125,440.00"
2019-07-03,2019070301007461,SRBL,38,46,10,257.00,"2,570.00"
2019-07-03,2019070301007450,SWBBL,10,11,435,906.00,"394,110.00"
2019-07-03,2019070301007430,TRH,14,35,10,314.00,"3,140.00"
2019-07-03,2019070301007192,TRH,45,36,69,312.00,"21,528.00"
2019-07-03,2019070301007177,TRH,45,52,200,312.00,"62,400.00"
2019-07-03,2019070301007056,TRH,45,11,16,312.00,"4,992.00"
2019-07-03,2019070301007036,TRH,45,11,16,312.00,"4,992.00"
2019-07-03,2019070301007028,TRH,45,11,10,312.00,"3,120.00"
2019-07-03,2019070301007429,UFL,36,28,10,180.00,"1,800.00"
2019-07-03,2019070301007044,UIC,37,32,10,905.00,"9,050.00"
2019-07-03,2019070301007176,UMHL,29,32,10,109.00,"1,090.00"
2019-07-03,2019070301007393,UPPER,25,18,300,270.00,"81,000.00"
2019-07-03,2019070301007307,UPPER,46,34,40,269.00,"10,760.00"
2019-07-03,2019070301007290,UPPER,46,57,40,269.00,"10,760.00"
2019-07-03,2019070301007283,UPPER,46,34,50,269.00,"13,450.00"
2019-07-03,2019070301007250,UPPER,42,8,590,270.00,"159,300.00"
2019-07-03,2019070301007122,UPPER,41,57,50,271.00,"13,550.00"
2019-07-03,2019070301007094,UPPER,29,57,50,270.00,"13,500.00"
2019-07-03,2019070301007020,UPPER,26,57,428,271.00,"115,988.00"
2019-07-03,2019070301007218,UPPER,10,8,40,270.00,"10,800.00"
2019-07-03,2019070301007197,UPPER,22,8,"2,000",270.00,"540,000.00"
2019-07-03,2019070301007196,UPPER,22,8,"1,750",270.00,"472,500.00"
2019-07-03,2019070301007195,UPPER,29,8,620,270.00,"167,400.00"
2019-07-03,2019070301007182,UPPER,29,6,40,270.00,"10,800.00"
2019-07-03,2019070301007073,VLBS,57,17,10,487.00,"4,870.00"
2019-07-03,2019070301007095,VLBS,57,34,16,489.00,"7,824.00"
2019-07-03,2019070301006864,ADBL,44,14,150,412.00,"61,800.00"
2019-07-03,2019070301006738,ADBL,44,3,25,412.00,"10,300.00"
2019-07-03,2019070301006685,ADBL,49,52,100,414.00,"41,400.00"
2019-07-03,2019070301006684,ADBL,49,42,"1,000",414.00,"414,000.00"
2019-07-03,2019070301006683,ADBL,49,43,"1,000",414.00,"414,000.00"
2019-07-03,2019070301006854,AHPC,35,38,55,106.00,"5,830.00"
2019-07-03,2019070301006538,AHPC,35,42,53,106.00,"5,618.00"
2019-07-03,2019070301006537,AHPC,44,42,47,106.00,"4,982.00"
2019-07-03,2019070301006644,AKJCL,17,55,20,72.00,"1,440.00"
2019-07-03,2019070301006643,AKJCL,17,41,20,72.00,"1,440.00"
2019-07-03,2019070301006867,AKPL,41,14,200,190.00,"38,000.00"
2019-07-03,2019070301006866,AKPL,41,44,"2,000",190.00,"380,000.00"
2019-07-03,2019070301006865,AKPL,41,38,500,190.00,"95,000.00"
2019-07-03,2019070301006868,ALBSL,33,57,10,397.00,"3,970.00"
2019-07-03,2019070301006732,ALBSL,58,25,10,404.00,"4,040.00"
2019-07-03,2019070301006688,ALBSL,33,58,10,397.00,"3,970.00"
2019-07-03,2019070301006530,ALBSL,38,21,10,400.00,"4,000.00"
2019-07-03,2019070301006629,API,25,28,50,146.00,"7,300.00"
2019-07-03,2019070301006628,API,25,52,300,145.00,"43,500.00"
2019-07-03,2019070301006608,API,36,52,"1,000",145.00,"145,000.00"
2019-07-03,2019070301006594,API,41,52,100,145.00,"14,500.00"
2019-07-03,2019070301006853,BOKL,49,11,100,265.00,"26,500.00"
2019-07-03,2019070301006761,BOKL,49,52,393,265.00,"104,145.00"
2019-07-03,2019070301006760,BOKL,44,52,50,266.00,"13,300.00"
2019-07-03,2019070301006759,BOKL,53,52,47,266.00,"12,502.00"
2019-07-03,2019070301006598,BOKL,53,4,300,266.00,"79,800.00"
2019-07-03,2019070301006722,CBBL,4,33,500,954.00,"477,000.00"
2019-07-03,2019070301006888,CBL,39,32,200,152.00,"30,400.00"
2019-07-03,2019070301006887,CBL,21,32,"1,000",152.00,"152,000.00"
2019-07-03,2019070301006816,CBL,51,32,"1,611",152.00,"244,872.00"
2019-07-03,2019070301006767,CBL,51,11,389,152.00,"59,128.00"
2019-07-03,2019070301006766,CBL,34,11,611,152.00,"92,872.00"
2019-07-03,2019070301006753,CBL,25,49,300,153.00,"45,900.00"
2019-07-03,2019070301006614,CBL,48,35,200,152.00,"30,400.00"
2019-07-03,2019070301006579,CBL,48,38,"1,000",152.00,"152,000.00"
2019-07-03,2019070301006572,CBL,48,28,760,152.00,"115,520.00"
2019-07-03,2019070301006571,CBL,1,28,100,152.00,"15,200.00"
2019-07-03,2019070301006570,CBL,49,28,140,152.00,"21,280.00"
2019-07-03,2019070301006550,CBL,49,52,"1,000",152.00,"152,000.00"
2019-07-03,2019070301006736,CBL,34,38,"2,389",152.00,"363,128.00"
2019-07-03,2019070301006735,CBL,34,38,100,152.00,"15,200.00"
2019-07-03,2019070301006734,CBL,45,38,500,152.00,"76,000.00"
2019-07-03,2019070301006733,CBL,19,38,11,152.00,"1,672.00"
2019-07-03,2019070301006682,CBL,19,11,689,152.00,"104,728.00"
2019-07-03,2019070301006681,CBL,48,11,40,152.00,"6,080.00"
2019-07-03,2019070301007019,CCBL,47,25,100,180.00,"18,000.00"
2019-07-03,2019070301007016,CCBL,58,49,50,179.00,"8,950.00"
2019-07-03,2019070301007003,CCBL,58,17,500,179.00,"89,500.00"
2019-07-03,2019070301006902,CCBL,58,6,92,179.00,"16,468.00"
2019-07-03,2019070301006882,CCBL,58,49,455,179.00,"81,445.00"
2019-07-03,2019070301006881,CCBL,34,49,100,179.00,"17,900.00"
2019-07-03,2019070301006611,CCBL,22,45,30,181.00,"5,430.00"
2019-07-03,2019070301006581,CCBL,58,45,10,181.00,"1,810.00"
2019-07-03,2019070301006573,CCBL,42,45,590,180.00,"106,200.00"
2019-07-03,2019070301006545,CCBL,42,45,60,180.00,"10,800.00"
2019-07-03,2019070301006807,CCBL,37,38,505,179.00,"90,395.00"
2019-07-03,2019070301006805,CCBL,52,25,100,179.00,"17,900.00"
2019-07-03,2019070301006804,CCBL,45,25,100,179.00,"17,900.00"
2019-07-03,2019070301006713,CCBL,51,46,100,179.00,"17,900.00"
2019-07-03,2019070301006676,CCBL,52,26,50,180.00,"9,000.00"
2019-07-03,2019070301006616,CCBL,37,25,"1,000",180.00,"180,000.00"
2019-07-03,2019070301006880,CCBL,40,49,200,179.00,"35,800.00"
2019-07-03,2019070301006879,CCBL,37,49,245,179.00,"43,855.00"
2019-07-03,2019070301006863,CCBL,6,25,92,180.00,"16,560.00"
2019-07-03,2019070301006846,CCBL,3,26,50,180.00,"9,000.00"
2019-07-03,2019070301006843,CCBL,37,21,200,179.00,"35,800.00"
2019-07-03,2019070301006817,CCBL,37,17,50,179.00,"8,950.00"
2019-07-03,2019070301006669,CFCL,28,38,250,119.00,"29,750.00"
2019-07-03,2019070301006668,CFCL,28,14,"1,117",119.00,"132,923.00"
2019-07-03,2019070301006651,CHL,45,42,200,88.00,"17,600.00"
2019-07-03,2019070301006650,CHL,6,42,450,88.00,"39,600.00"
2019-07-03,2019070301006649,CHL,39,42,100,88.00,"8,800.00"
2019-07-03,2019070301006648,CHL,39,42,56,89.00,"4,984.00"
2019-07-03,2019070301006765,CIT,6,33,150,"2,485.00","372,750.00"
2019-07-03,2019070301006883,CZBIL,22,57,10,226.00,"2,260.00"
2019-07-03,2019070301006836,CZBIL,22,40,18,226.00,"4,068.00"
2019-07-03,2019070301006835,CZBIL,43,40,25,226.00,"5,650.00"
2019-07-03,2019070301006979,DBBL,14,55,"1,000",141.00,"141,000.00"
2019-07-03,2019070301006978,DBBL,14,22,"1,120",141.00,"157,920.00"
2019-07-03,2019070301006977,DBBL,14,51,47,140.00,"6,580.00"
2019-07-03,2019070301006931,DBBL,17,51,953,140.00,"133,420.00"
2019-07-03,2019070301006697,DBBL,17,51,47,140.00,"6,580.00"
2019-07-03,2019070301006948,DDBL,28,26,200,725.00,"145,000.00"
2019-07-03,2019070301006947,DDBL,28,39,200,724.00,"144,800.00"
2019-07-03,2019070301006946,DDBL,28,36,35,720.00,"25,200.00"
2019-07-03,2019070301006561,DDBL,22,36,15,720.00,"10,800.00"
2019-07-03,2019070301006758,EBL,3,3,28,664.00,"18,592.00"
2019-07-03,2019070301006554,FMDBL,22,51,10,394.00,"3,940.00"
2019-07-03,2019070301006976,GBBL,41,21,405,222.00,"89,910.00"
2019-07-03,2019070301006975,GBBL,40,21,25,222.00,"5,550.00"
2019-07-03,2019070301006974,GBBL,52,21,400,222.00,"88,800.00"
2019-07-03,2019070301006973,GBBL,16,21,"1,000",222.00,"222,000.00"
2019-07-03,2019070301006972,GBBL,32,21,50,223.00,"11,150.00"
2019-07-03,2019070301006971,GBBL,14,21,120,223.00,"26,760.00"
2019-07-03,2019070301006970,GBBL,16,21,"1,000",223.00,"223,000.00"
2019-07-03,2019070301006903,GBBL,22,51,140,225.00,"31,500.00"
2019-07-03,2019070301006593,GBBL,58,51,10,225.00,"2,250.00"
2019-07-03,2019070301006898,GBIME,19,14,200,295.00,"59,000.00"
2019-07-03,2019070301006897,GBIME,49,14,50,295.00,"14,750.00"
2019-07-03,2019070301006896,GBIME,33,14,318,295.00,"93,810.00"
2019-07-03,2019070301006588,GBIME,33,42,182,295.00,"53,690.00"
2019-07-03,2019070301006587,GBIME,16,42,250,295.00,"73,750.00"
2019-07-03,2019070301006524,GDBL,58,21,12,212.00,"2,544.00"
2019-07-03,2019070301006909,GILB,34,49,16,"1,280.00","20,480.00"
2019-07-03,2019070301006908,GILB,34,49,22,"1,280.00","28,160.00"
2019-07-03,2019070301006907,GILB,34,57,22,"1,280.00","28,160.00"
2019-07-03,2019070301006906,GILB,34,21,20,"1,275.00","25,500.00"
2019-07-03,2019070301006878,GIMES1,7,8,"1,000",7.85,"7,850.00"
2019-07-03,2019070301006995,GLBSL,41,21,10,400.00,"4,000.00"
2019-07-03,2019070301006986,GLBSL,41,21,10,400.00,"4,000.00"
2019-07-03,2019070301006949,GLBSL,41,21,10,400.00,"4,000.00"
2019-07-03,2019070301006942,GLBSL,41,58,10,400.00,"4,000.00"
2019-07-03,2019070301006935,GLBSL,41,21,10,400.00,"4,000.00"
2019-07-03,2019070301006915,GLBSL,41,21,10,400.00,"4,000.00"
2019-07-03,2019070301006612,GLBSL,33,21,10,395.00,"3,950.00"
2019-07-03,2019070301006604,GLBSL,41,21,10,393.00,"3,930.00"
2019-07-03,2019070301006578,GLBSL,41,21,10,393.00,"3,930.00"
2019-07-03,2019070301006551,GLBSL,41,21,10,393.00,"3,930.00"
2019-07-03,2019070301006526,GLBSL,41,21,10,393.00,"3,930.00"
2019-07-03,2019070301006698,GLBSL,41,21,10,396.00,"3,960.00"
2019-07-03,2019070301006656,GLBSL,41,19,10,400.00,"4,000.00"
2019-07-03,2019070301006655,GLBSL,41,52,10,400.00,"4,000.00"
2019-07-03,2019070301006654,GLBSL,41,16,10,400.00,"4,000.00"
2019-07-03,2019070301006637,GLBSL,33,21,10,395.00,"3,950.00"
2019-07-03,2019070301006623,GLBSL,33,21,10,395.00,"3,950.00"
2019-07-03,2019070301006828,GLBSL,57,21,10,397.00,"3,970.00"
2019-07-03,2019070301006799,GLBSL,41,21,10,396.00,"3,960.00"
2019-07-03,2019070301006789,GLBSL,41,21,10,396.00,"3,960.00"
2019-07-03,2019070301006728,GLBSL,41,21,10,396.00,"3,960.00"
2019-07-03,2019070301006720,GLBSL,41,40,10,396.00,"3,960.00"
2019-07-03,2019070301006711,GLBSL,41,21,10,396.00,"3,960.00"
2019-07-03,2019070301006885,GLBSL,41,49,10,400.00,"4,000.00"
2019-07-03,2019070301006884,GLBSL,41,34,10,400.00,"4,000.00"
2019-07-03,2019070301006877,GLBSL,57,21,10,397.00,"3,970.00"
2019-07-03,2019070301006873,GLBSL,57,21,10,397.00,"3,970.00"
2019-07-03,2019070301006861,GLBSL,57,21,10,397.00,"3,970.00"
2019-07-03,2019070301006840,GLBSL,57,21,10,397.00,"3,970.00"
2019-07-03,2019070301006602,GLICL,34,6,242,475.00,"114,950.00"
2019-07-03,2019070301006996,GMFBS,46,34,20,457.00,"9,140.00"
2019-07-03,2019070301006922,GMFBS,46,57,10,457.00,"4,570.00"
2019-07-03,2019070301006834,GMFBS,37,42,10,460.00,"4,600.00"
2019-07-03,2019070301006833,GMFBS,34,42,10,460.00,"4,600.00"
2019-07-03,2019070301006742,GMFBS,34,21,10,460.00,"4,600.00"
2019-07-03,2019070301006731,GMFBS,34,41,10,460.00,"4,600.00"
2019-07-03,2019070301006660,GMFBS,34,55,10,460.00,"4,600.00"
2019-07-03,2019070301006636,GMFBS,43,36,10,461.00,"4,610.00"
2019-07-03,2019070301006630,GMFBS,43,55,10,461.00,"4,610.00"
2019-07-03,2019070301006541,GMFBS,43,6,10,461.00,"4,610.00"
2019-07-03,2019070301006520,GMFBS,43,21,10,461.00,"4,610.00"
2019-07-03,2019070301006707,GMFBS,34,34,200,460.00,"92,000.00"
2019-07-03,2019070301006703,GMFBS,34,41,10,460.00,"4,600.00"
2019-07-03,2019070301006696,GMFBS,34,22,10,460.00,"4,600.00"
2019-07-03,2019070301006680,GMFBS,34,40,10,460.00,"4,600.00"
2019-07-03,2019070301006679,GMFBS,34,52,10,460.00,"4,600.00"
2019-07-03,2019070301006662,GMFBS,34,52,10,460.00,"4,600.00"
2019-07-03,2019070301006790,HBL,58,11,50,560.00,"28,000.00"
2019-07-03,2019070301006981,HDL,49,56,10,"1,677.00","16,770.00"
2019-07-03,2019070301006671,HGI,21,42,206,362.00,"74,572.00"
2019-07-03,2019070301006605,HGI,21,42,50,362.00,"18,100.00"
2019-07-03,2019070301006666,HIDCL,20,8,34,162.00,"5,508.00"
2019-07-03,2019070301006665,HIDCL,20,14,272,162.00,"44,064.00"
2019-07-03,2019070301006664,HIDCL,20,58,44,162.00,"7,128.00"
2019-07-03,2019070301006663,HIDCL,20,42,50,161.00,"8,050.00"
2019-07-03,2019070301006601,HIDCL,48,49,157,160.00,"25,120.00"
2019-07-03,2019070301006600,HIDCL,22,49,20,160.00,"3,200.00"
2019-07-03,2019070301006599,HIDCL,34,49,123,160.00,"19,680.00"
2019-07-03,2019070301006667,HURJA,11,45,20,140.00,"2,800.00"
2019-07-03,2019070301006657,HURJA,11,45,20,140.00,"2,800.00"
2019-07-03,2019070301006893,ICFC,22,13,200,159.00,"31,800.00"
2019-07-03,2019070301006892,ICFC,41,13,40,159.00,"6,360.00"
2019-07-03,2019070301006891,ICFC,14,13,100,160.00,"16,000.00"
2019-07-03,2019070301007014,JBBL,58,6,447,157.00,"70,179.00"
2019-07-03,2019070301006838,JBBL,58,46,100,157.00,"15,700.00"
2019-07-03,2019070301006553,JBBL,29,21,838,158.00,"132,404.00"
2019-07-03,2019070301006552,JBBL,29,19,200,158.00,"31,600.00"
2019-07-03,2019070301006869,JBNL,43,37,100,216.00,"21,600.00"
2019-07-03,2019070301006852,JBNL,43,16,"1,500",216.00,"324,000.00"
2019-07-03,2019070301006851,JBNL,14,16,500,216.00,"108,000.00"
2019-07-03,2019070301006794,JBNL,44,41,37,217.00,"8,029.00"
2019-07-03,2019070301006793,JBNL,44,51,100,217.00,"21,700.00"
2019-07-03,2019070301006792,JBNL,44,26,"1,863",217.00,"404,271.00"
2019-07-03,2019070301006527,JBNL,45,17,270,215.00,"58,050.00"
2019-07-03,2019070301006607,JBNL,22,26,20,217.00,"4,340.00"
2019-07-03,2019070301006576,JBNL,39,54,272,216.00,"58,752.00"
2019-07-03,2019070301006563,JBNL,55,54,200,216.00,"43,200.00"
2019-07-03,2019070301006557,JBNL,14,54,28,216.00,"6,048.00"
2019-07-03,2019070301006543,JBNL,14,51,30,216.00,"6,480.00"
2019-07-03,2019070301006540,JBNL,39,20,58,216.00,"12,528.00"
2019-07-03,2019070301006934,KBBL,35,4,236,239.00,"56,404.00"
2019-07-03,2019070301006933,KBBL,35,25,64,239.00,"15,296.00"
2019-07-03,2019070301006839,KBBL,58,25,36,239.00,"8,604.00"
2019-07-03,2019070301006586,KBBL,34,14,100,237.00,"23,700.00"
2019-07-03,2019070301006585,KBBL,34,22,110,237.00,"26,070.00"
2019-07-03,2019070301006584,KBBL,34,1,162,237.00,"38,394.00"
2019-07-03,2019070301006857,KBL,49,38,750,221.00,"165,750.00"
2019-07-03,2019070301006856,KBL,49,58,150,221.00,"33,150.00"
2019-07-03,2019070301006855,KBL,49,39,100,221.00,"22,100.00"
2019-07-03,2019070301006842,KBL,21,59,284,220.00,"62,480.00"
2019-07-03,2019070301006806,KKHC,37,35,62,72.00,"4,464.00"
2019-07-03,2019070301006797,KKHC,37,6,16,72.00,"1,152.00"
2019-07-03,2019070301006544,KPCL,51,21,10,94.00,940.00
2019-07-03,2019070301006525,KPCL,51,21,10,94.00,940.00
2019-07-03,2019070301006603,KPCL,51,21,10,94.00,940.00
2019-07-03,2019070301006592,KPCL,51,21,10,94.00,940.00
2019-07-03,2019070301006580,KPCL,51,21,10,94.00,940.00
2019-07-03,2019070301006560,KPCL,51,21,10,94.00,940.00
2019-07-03,2019070301006558,KPCL,39,59,30,95.00,"2,850.00"
2019-07-03,2019070301006622,KPCL,51,56,50,94.00,"4,700.00"
2019-07-03,2019070301006678,KRBL,44,55,50,117.00,"5,850.00"
2019-07-03,2019070301006619,KSBBL,16,6,153,155.00,"23,715.00"
2019-07-03,2019070301006618,KSBBL,45,6,500,155.00,"77,500.00"
2019-07-03,2019070301006617,KSBBL,59,6,47,155.00,"7,285.00"
2019-07-03,2019070301006590,LBBL,22,38,500,197.00,"98,500.00"
2019-07-03,2019070301007015,LBL,42,52,50,225.00,"11,250.00"
2019-07-03,2019070301006591,LBL,58,50,169,224.00,"37,856.00"
2019-07-03,2019070301006764,LGIL,40,16,400,456.00,"182,400.00"
2019-07-03,2019070301006763,LGIL,40,7,"1,175",456.00,"535,800.00"
2019-07-03,2019070301006762,LGIL,40,45,100,455.00,"45,500.00"
2019-07-03,2019070301006565,LGIL,38,13,300,455.00,"136,500.00"
2019-07-03,2019070301006822,LICN,34,59,190,"1,660.00","315,400.00"
2019-07-03,2019070301006821,LICN,25,59,100,"1,661.00","166,100.00"
2019-07-03,2019070301006820,LICN,25,59,10,"1,661.00","16,610.00"
2019-07-03,2019070301006633,LICN,34,43,200,"1,678.00","335,600.00"
2019-07-03,2019070301006813,LVF1,47,50,"5,000",10.11,"50,550.00"
2019-07-03,2019070301006812,LVF1,47,50,"5,000",10.11,"50,550.00"
2019-07-03,2019070301006810,MBL,18,57,28,269.00,"7,532.00"
2019-07-03,2019070301006809,MBL,18,45,50,269.00,"13,450.00"
2019-07-03,2019070301006795,MBL,4,47,"1,000",269.00,"269,000.00"
2019-07-03,2019070301006641,MBL,18,35,200,268.00,"53,600.00"
2019-07-03,2019070301006639,MBL,18,55,36,268.00,"9,648.00"
2019-07-03,2019070301006609,MBL,18,3,18,268.00,"4,824.00"
2019-07-03,2019070301007002,MEGA,42,38,583,211.00,"123,013.00"
2019-07-03,2019070301007001,MEGA,8,38,"1,000",211.00,"211,000.00"
2019-07-03,2019070301007000,MEGA,22,38,240,211.00,"50,640.00"
2019-07-03,2019070301006999,MEGA,8,38,"1,177",211.00,"248,347.00"
2019-07-03,2019070301006994,MEGA,8,14,823,211.00,"173,653.00"
2019-07-03,2019070301006993,MEGA,14,14,177,211.00,"37,347.00"
2019-07-03,2019070301006569,MEGA,52,28,90,212.00,"19,080.00"
2019-07-03,2019070301006568,MEGA,52,41,10,212.00,"2,120.00"
2019-07-03,2019070301006567,MEGA,52,8,100,212.00,"21,200.00"
2019-07-03,2019070301006539,MEGA,43,47,"1,000",211.00,"211,000.00"
2019-07-03,2019070301006674,MEGA,43,39,498,211.00,"105,078.00"
2019-07-03,2019070301006673,MEGA,49,39,100,211.00,"21,100.00"
2019-07-03,2019070301006672,MEGA,43,39,402,211.00,"84,822.00"
2019-07-03,2019070301006613,MEGA,43,3,34,211.00,"7,174.00"
2019-07-03,2019070301006597,MEGA,43,45,300,211.00,"63,300.00"
2019-07-03,2019070301006575,MEGA,43,26,97,211.00,"20,467.00"
2019-07-03,2019070301006756,MEGA,44,52,500,212.00,"106,000.00"
2019-07-03,2019070301006755,MEGA,44,26,500,212.00,"106,000.00"
2019-07-03,2019070301006754,MEGA,44,28,910,212.00,"192,920.00"
2019-07-03,2019070301006710,MEGA,42,4,300,211.00,"63,300.00"
2019-07-03,2019070301006700,MEGA,43,4,500,211.00,"105,500.00"
2019-07-03,2019070301006687,MEGA,43,3,100,211.00,"21,100.00"
2019-07-03,2019070301006831,MEGA,6,7,30,212.00,"6,360.00"
2019-07-03,2019070301006796,MEGA,47,7,40,212.00,"8,480.00"
2019-07-03,2019070301006791,MEGA,33,28,"1,000",211.00,"211,000.00"
2019-07-03,2019070301006769,MEGA,33,38,300,211.00,"63,300.00"
2019-07-03,2019070301006768,MEGA,42,38,700,211.00,"147,700.00"
2019-07-03,2019070301006757,MEGA,44,7,90,212.00,"19,080.00"
2019-07-03,2019070301006914,MEGA,49,7,400,212.00,"84,800.00"
2019-07-03,2019070301006886,MEGA,14,45,223,211.00,"47,053.00"
2019-07-03,2019070301006870,MEGA,14,46,100,211.00,"21,100.00"
2019-07-03,2019070301006859,MEGA,58,54,300,211.00,"63,300.00"
2019-07-03,2019070301006844,MEGA,33,34,200,211.00,"42,200.00"
2019-07-03,2019070301006841,MEGA,49,7,148,212.00,"31,376.00"
2019-07-03,2019070301006862,MERO,28,11,13,525.00,"6,825.00"
2019-07-03,2019070301006737,MERO,1,1,1,524.00,524.00
2019-07-03,2019070301006936,MFIL,28,8,"1,000",125.00,"125,000.00"
2019-07-03,2019070301006653,MFIL,17,6,661,124.00,"81,964.00"
2019-07-03,2019070301006652,MFIL,5,6,200,124.00,"24,800.00"
2019-07-03,2019070301006548,MFIL,1,6,500,125.00,"62,500.00"
2019-07-03,2019070301006547,MFIL,59,6,139,125.00,"17,375.00"
2019-07-03,2019070301006546,MFIL,28,6,500,125.00,"62,500.00"
2019-07-03,2019070301006969,MHNL,36,57,30,106.00,"3,180.00"
2019-07-03,2019070301006987,MLBBL,10,55,10,415.00,"4,150.00"
2019-07-03,2019070301006528,MLBL,34,51,500,195.00,"97,500.00"
2019-07-03,2019070301006941,MNBBL,39,44,900,371.00,"333,900.00"
2019-07-03,2019070301006940,MNBBL,39,44,50,371.00,"18,550.00"
2019-07-03,2019070301006939,MNBBL,39,44,50,370.00,"18,500.00"
2019-07-03,2019070301006706,MNBBL,16,44,700,371.00,"259,700.00"
2019-07-03,2019070301006819,NABIL,49,5,34,799.00,"27,166.00"
2019-07-03,2019070301006783,NABIL,29,5,52,799.00,"41,548.00"
2019-07-03,2019070301006635,NABIL,54,36,200,797.00,"159,400.00"
2019-07-03,2019070301006837,NABILP,25,11,50,775.00,"38,750.00"
2019-07-03,2019070301006829,NABILP,25,3,12,775.00,"9,300.00"
2019-07-03,2019070301006659,NABILP,33,4,100,775.00,"77,500.00"
2019-07-03,2019070301006675,NADEP,48,58,10,412.00,"4,120.00"
2019-07-03,2019070301006968,NAGRO,21,3,60,505.00,"30,300.00"
2019-07-03,2019070301006910,NAGRO,21,54,90,505.00,"45,450.00"
2019-07-03,2019070301006871,NAGRO,21,57,10,505.00,"5,050.00"
2019-07-03,2019070301006847,NAGRO,21,39,10,505.00,"5,050.00"
2019-07-03,2019070301006830,NAGRO,21,39,10,505.00,"5,050.00"
2019-07-03,2019070301006811,NAGRO,21,39,10,505.00,"5,050.00"
2019-07-03,2019070301006798,NAGRO,21,39,10,505.00,"5,050.00"
2019-07-03,2019070301006658,NAGRO,18,40,10,506.00,"5,060.00"
2019-07-03,2019070301006562,NAGRO,18,54,10,512.00,"5,120.00"
2019-07-03,2019070301006559,NAGRO,18,21,10,506.00,"5,060.00"
2019-07-03,2019070301006631,NBB,56,6,29,225.00,"6,525.00"
2019-07-03,2019070301006596,NBB,56,42,20,225.00,"4,500.00"
2019-07-03,2019070301006595,NBB,52,42,50,225.00,"11,250.00"
2019-07-03,2019070301006992,NBL,34,58,100,340.00,"34,000.00"
2019-07-03,2019070301006944,NBL,47,57,500,339.00,"169,500.00"
2019-07-03,2019070301006741,NBL,4,58,"1,000",340.00,"340,000.00"
2019-07-03,2019070301006615,NBL,22,58,30,340.00,"10,200.00"
2019-07-03,2019070301006985,NCCB,28,52,450,250.00,"112,500.00"
2019-07-03,2019070301006984,NCCB,52,52,150,250.00,"37,500.00"
2019-07-03,2019070301006983,NCCB,46,52,300,251.00,"75,300.00"
2019-07-03,2019070301006982,NCCB,17,52,100,251.00,"25,100.00"
2019-07-03,2019070301006920,NCCB,57,52,500,251.00,"125,500.00"
2019-07-03,2019070301006901,NCCB,57,58,500,251.00,"125,500.00"
2019-07-03,2019070301006900,NCCB,51,58,500,251.00,"125,500.00"
2019-07-03,2019070301006894,NCCB,51,50,200,251.00,"50,200.00"
2019-07-03,2019070301006808,NCCB,51,52,600,251.00,"150,600.00"
2019-07-03,2019070301006788,NCCB,17,59,100,252.00,"25,200.00"
2019-07-03,2019070301006686,NCCB,1,59,180,252.00,"45,360.00"
2019-07-03,2019070301007018,NIB,21,22,500,525.00,"262,500.00"
2019-07-03,2019070301007017,NIB,25,22,61,525.00,"32,025.00"
2019-07-03,2019070301006997,NIB,25,46,39,525.00,"20,475.00"
2019-07-03,2019070301006577,NIB,6,17,100,525.00,"52,500.00"
2019-07-03,2019070301006874,NIBLPF,10,39,200,6.97,"1,394.00"
2019-07-03,2019070301006924,NIBPO,49,4,10,480.00,"4,800.00"
2019-07-03,2019070301006923,NIBPO,11,4,200,481.00,"96,200.00"
2019-07-03,2019070301006606,NIBPO,11,28,100,481.00,"48,100.00"
2019-07-03,2019070301006723,NIBSF1,45,32,"2,000",9.25,"18,500.00"
2019-07-03,2019070301006850,NICA,55,8,100,463.00,"46,300.00"
2019-07-03,2019070301006849,NICA,42,8,200,463.00,"92,600.00"
2019-07-03,2019070301006542,NICA,40,28,50,464.00,"23,200.00"
2019-07-03,2019070301006945,NICL,41,52,50,361.00,"18,050.00"
2019-07-03,2019070301006749,NICL,16,38,20,360.00,"7,200.00"
2019-07-03,2019070301006627,NICL,16,6,130,360.00,"46,800.00"
2019-07-03,2019070301006730,NIL,33,46,50,492.00,"24,600.00"
2019-07-03,2019070301006729,NIL,35,46,50,492.00,"24,600.00"
2019-07-03,2019070301006712,NIL,17,54,50,494.00,"24,700.00"
2019-07-03,2019070301006647,NIL,35,54,50,494.00,"24,700.00"
2019-07-03,2019070301006719,NLBBL,25,48,30,503.00,"15,090.00"
2019-07-03,2019070301006718,NLBBL,25,59,20,502.00,"10,040.00"
2019-07-03,2019070301006536,NLG,44,25,20,736.00,"14,720.00"
2019-07-03,2019070301006535,NLG,44,25,50,736.00,"36,800.00"
2019-07-03,2019070301006534,NLG,44,25,50,736.00,"36,800.00"
2019-07-03,2019070301006533,NLG,44,25,50,736.00,"36,800.00"
2019-07-03,2019070301006532,NLG,38,25,10,736.00,"7,360.00"
2019-07-03,2019070301006531,NLG,35,25,20,737.00,"14,740.00"
2019-07-03,2019070301006803,NLIC,33,34,30,912.00,"27,360.00"
2019-07-03,2019070301006802,NLIC,33,56,20,912.00,"18,240.00"
2019-07-03,2019070301006564,NLICL,54,40,309,600.00,"185,400.00"
2019-07-03,2019070301006523,NLICL,54,26,142,600.00,"85,200.00"
2019-07-03,2019070301006677,NMBHF1,35,35,"6,000",9.40,"56,400.00"
2019-07-03,2019070301006770,NMFBS,45,6,10,"1,460.00","14,600.00"
2019-07-03,2019070301006950,NTC,28,4,10,707.00,"7,070.00"
2019-07-03,2019070301006705,NTC,58,46,100,700.00,"70,000.00"
2019-07-03,2019070301006704,NTC,58,36,20,700.00,"14,000.00"
2019-07-03,2019070301006670,NTC,8,4,470,699.00,"328,530.00"
2019-07-03,2019070301006661,NTC,45,4,30,699.00,"20,970.00"
2019-07-03,2019070301006872,NUBL,53,28,36,840.00,"30,240.00"
2019-07-03,2019070301006574,OHL,22,6,10,626.00,"6,260.00"
2019-07-03,2019070301006699,PCBL,55,50,500,285.00,"142,500.00"
2019-07-03,2019070301006918,PIC,42,8,30,964.00,"28,920.00"
2019-07-03,2019070301006890,PIC,1,8,100,964.00,"96,400.00"
2019-07-03,2019070301006827,PIC,33,8,38,964.00,"36,632.00"
2019-07-03,2019070301006826,PIC,33,40,11,964.00,"10,604.00"
2019-07-03,2019070301006825,PIC,33,40,11,964.00,"10,604.00"
2019-07-03,2019070301006824,PIC,33,11,10,964.00,"9,640.00"
2019-07-03,2019070301006823,PIC,33,5,30,963.00,"28,890.00"
2019-07-03,2019070301006750,PIC,6,5,20,963.00,"19,260.00"
2019-07-03,2019070301006743,PIC,48,8,200,960.00,"192,000.00"
2019-07-03,2019070301006646,PIC,48,45,88,960.00,"84,480.00"
2019-07-03,2019070301006645,PIC,48,56,31,960.00,"29,760.00"
2019-07-03,2019070301006566,PIC,32,45,12,960.00,"11,520.00"
2019-07-03,2019070301006801,PLIC,33,3,25,440.00,"11,000.00"
2019-07-03,2019070301006800,PLIC,33,38,147,440.00,"64,680.00"
2019-07-03,2019070301006709,PLIC,11,38,50,440.00,"22,000.00"
2019-07-03,2019070301006998,PMHPL,21,57,10,105.00,"1,050.00"
2019-07-03,2019070301006967,PMHPL,39,11,10,106.00,"1,060.00"
2019-07-03,2019070301006966,PMHPL,39,11,10,106.00,"1,060.00"
2019-07-03,2019070301006965,PMHPL,39,11,10,106.00,"1,060.00"
2019-07-03,2019070301006964,PMHPL,39,11,10,106.00,"1,060.00"
2019-07-03,2019070301006963,PMHPL,39,11,10,106.00,"1,060.00"
2019-07-03,2019070301006642,PMHPL,21,21,10,105.00,"1,050.00"
2019-07-03,2019070301006626,PMHPL,21,21,10,105.00,"1,050.00"
2019-07-03,2019070301006956,PMHPL,39,39,10,106.00,"1,060.00"
2019-07-03,2019070301006955,PMHPL,39,35,10,106.00,"1,060.00"
2019-07-03,2019070301006921,PMHPL,21,21,10,105.00,"1,050.00"
2019-07-03,2019070301006848,PMHPL,21,21,10,105.00,"1,050.00"
2019-07-03,2019070301006717,PMHPL,21,21,10,105.00,"1,050.00"
2019-07-03,2019070301006702,PMHPL,21,21,10,105.00,"1,050.00"
2019-07-03,2019070301006962,PMHPL,39,11,10,106.00,"1,060.00"
2019-07-03,2019070301006961,PMHPL,39,11,10,106.00,"1,060.00"
2019-07-03,2019070301006960,PMHPL,39,28,10,106.00,"1,060.00"
2019-07-03,2019070301006959,PMHPL,39,35,10,106.00,"1,060.00"
2019-07-03,2019070301006958,PMHPL,39,39,10,106.00,"1,060.00"
2019-07-03,2019070301006957,PMHPL,39,39,10,106.00,"1,060.00"
2019-07-03,2019070301006818,PRIN,44,32,400,378.00,"151,200.00"
2019-07-03,2019070301006746,PRIN,41,32,500,377.00,"188,500.00"
2019-07-03,2019070301006745,PRIN,14,32,100,377.00,"37,700.00"
2019-07-03,2019070301006952,PRVU,57,19,20,272.00,"5,440.00"
2019-07-03,2019070301006951,PRVU,35,19,80,272.00,"21,760.00"
2019-07-03,2019070301006716,PRVU,35,14,20,272.00,"5,440.00"
2019-07-03,2019070301006905,RMDC,14,25,110,664.00,"73,040.00"
2019-07-03,2019070301006904,RMDC,14,14,10,664.00,"6,640.00"
2019-07-03,2019070301006895,RRHP,34,50,10,109.00,"1,090.00"
2019-07-03,2019070301006919,SADBL,52,56,300,155.00,"46,500.00"
2019-07-03,2019070301006529,SADBL,58,56,500,155.00,"77,500.00"
2019-07-03,2019070301006748,SAEF,35,41,"4,000",9.75,"39,000.00"
2019-07-03,2019070301006989,SANIMA,19,51,100,352.00,"35,200.00"
2019-07-03,2019070301006988,SANIMA,42,51,141,352.00,"49,632.00"
2019-07-03,2019070301006815,SANIMA,42,22,59,352.00,"20,768.00"
2019-07-03,2019070301006814,SANIMA,13,22,89,352.00,"31,328.00"
2019-07-03,2019070301006744,SANIMA,13,52,200,352.00,"70,400.00"
2019-07-03,2019070301006721,SANIMA,11,51,50,353.00,"17,650.00"
2019-07-03,2019070301006990,SBBLJ,34,41,515,193.00,"99,395.00"
2019-07-03,2019070301006932,SBI,52,52,10,475.00,"4,750.00"
2019-07-03,2019070301006917,SBI,45,16,101,474.00,"47,874.00"
2019-07-03,2019070301006876,SBI,45,16,750,474.00,"355,500.00"
2019-07-03,2019070301006875,SBI,1,16,300,474.00,"142,200.00"
2019-07-03,2019070301006860,SBI,1,22,200,474.00,"94,800.00"
2019-07-03,2019070301006740,SBI,32,52,31,475.00,"14,725.00"
2019-07-03,2019070301006701,SBI,32,13,265,475.00,"125,875.00"
2019-07-03,2019070301006787,SCB,36,28,68,675.00,"45,900.00"
2019-07-03,2019070301006786,SCB,36,19,50,675.00,"33,750.00"
2019-07-03,2019070301006785,SCB,36,47,132,675.00,"89,100.00"
2019-07-03,2019070301006784,SCB,36,46,50,674.00,"33,700.00"
2019-07-03,2019070301007013,SHIVM,40,58,100,620.00,"62,000.00"
2019-07-03,2019070301007012,SHIVM,22,58,"1,000",620.00,"620,000.00"
2019-07-03,2019070301007011,SHIVM,34,58,50,620.00,"31,000.00"
2019-07-03,2019070301007010,SHIVM,43,58,100,620.00,"62,000.00"
2019-07-03,2019070301007009,SHIVM,16,58,50,620.00,"31,000.00"
2019-07-03,2019070301007008,SHIVM,32,58,157,620.00,"97,340.00"
2019-07-03,2019070301006522,SHIVM,34,46,10,624.00,"6,240.00"
2019-07-03,2019070301006521,SHIVM,20,46,40,624.00,"24,960.00"
2019-07-03,2019070301006694,SHIVM,42,21,"1,000",623.00,"623,000.00"
2019-07-03,2019070301006693,SHIVM,16,21,100,623.00,"62,300.00"
2019-07-03,2019070301006692,SHIVM,14,21,50,623.00,"31,150.00"
2019-07-03,2019070301006691,SHIVM,34,21,100,623.00,"62,300.00"
2019-07-03,2019070301006690,SHIVM,7,21,100,624.00,"62,400.00"
2019-07-03,2019070301006689,SHIVM,34,21,590,624.00,"368,160.00"
2019-07-03,2019070301006929,SHIVM,29,21,50,622.00,"31,100.00"
2019-07-03,2019070301006928,SHIVM,25,21,100,622.00,"62,200.00"
2019-07-03,2019070301006927,SHIVM,25,21,200,622.00,"124,400.00"
2019-07-03,2019070301006926,SHIVM,5,21,100,622.00,"62,200.00"
2019-07-03,2019070301006747,SHIVM,10,52,10,627.00,"6,270.00"
2019-07-03,2019070301006695,SHIVM,5,21,60,622.00,"37,320.00"
2019-07-03,2019070301007007,SHIVM,39,58,30,621.00,"18,630.00"
2019-07-03,2019070301007006,SHIVM,29,58,"1,000",621.00,"621,000.00"
2019-07-03,2019070301007005,SHIVM,39,58,100,621.00,"62,100.00"
2019-07-03,2019070301007004,SHIVM,22,58,100,622.00,"62,200.00"
2019-07-03,2019070301006991,SHIVM,40,52,100,624.00,"62,400.00"
2019-07-03,2019070301006930,SHIVM,7,21,100,622.00,"62,200.00"
2019-07-03,2019070301006549,SHL,57,43,520,233.00,"121,160.00"
2019-07-03,2019070301006912,SHPC,40,10,"1,000",253.00,"253,000.00"
2019-07-03,2019070301006621,SHPC,58,49,10,256.00,"2,560.00"
2019-07-03,2019070301006943,SICL,1,57,50,766.00,"38,300.00"
2019-07-03,2019070301006708,SICL,19,10,40,765.00,"30,600.00"
2019-07-03,2019070301006739,SINDU,37,45,50,137.00,"6,850.00"
2019-07-03,2019070301006715,SINDU,39,45,50,137.00,"6,850.00"
2019-07-03,2019070301006954,SLBBL,59,58,180,481.00,"86,580.00"
2019-07-03,2019070301006953,SLBBL,22,58,110,482.00,"53,020.00"
2019-07-03,2019070301006925,SLBBL,38,32,100,486.00,"48,600.00"
2019-07-03,2019070301006911,SLBBL,51,49,10,485.00,"4,850.00"
2019-07-03,2019070301006913,SLBSL,40,35,20,533.00,"10,660.00"
2019-07-03,2019070301006980,SLICL,55,6,49,465.00,"22,785.00"
2019-07-03,2019070301006640,SLICL,55,6,277,465.00,"128,805.00"
2019-07-03,2019070301006899,SPARS,32,38,10,441.00,"4,410.00"
2019-07-03,2019070301006937,SRBL,38,28,490,257.00,"125,930.00"
2019-07-03,2019070301006589,SRBL,53,42,166,256.00,"42,496.00"
2019-07-03,2019070301006938,SWBBL,45,32,25,906.00,"22,650.00"
2019-07-03,2019070301006582,TRH,22,46,20,315.00,"6,300.00"
2019-07-03,2019070301006556,UFL,50,17,220,177.00,"38,940.00"
2019-07-03,2019070301006555,UFL,26,17,30,177.00,"5,310.00"
2019-07-03,2019070301006752,UMHL,34,50,200,110.00,"22,000.00"
2019-07-03,2019070301006751,UMHL,39,50,100,110.00,"11,000.00"
2019-07-03,2019070301006916,UPPER,26,45,72,271.00,"19,512.00"
2019-07-03,2019070301006889,UPPER,14,59,350,271.00,"94,850.00"
2019-07-03,2019070301006583,UPPER,57,13,50,270.00,"13,500.00"
2019-07-03,2019070301006724,UPPER,57,8,260,270.00,"70,200.00"
2019-07-03,2019070301006714,UPPER,57,59,40,270.00,"10,800.00"
2019-07-03,2019070301006638,UPPER,57,13,40,270.00,"10,800.00"
2019-07-03,2019070301006632,UPPER,57,45,50,270.00,"13,500.00"
2019-07-03,2019070301006610,UPPER,57,13,50,270.00,"13,500.00"
2019-07-03,2019070301006773,UPPER,22,7,140,271.00,"37,940.00"
2019-07-03,2019070301006772,UPPER,22,36,40,271.00,"10,840.00"
2019-07-03,2019070301006771,UPPER,22,53,355,271.00,"96,205.00"
2019-07-03,2019070301006727,UPPER,29,8,140,270.00,"37,800.00"
2019-07-03,2019070301006726,UPPER,51,8,100,270.00,"27,000.00"
2019-07-03,2019070301006725,UPPER,57,8,500,270.00,"135,000.00"
2019-07-03,2019070301006779,UPPER,22,11,72,271.00,"19,512.00"
2019-07-03,2019070301006778,UPPER,22,8,250,271.00,"67,750.00"
2019-07-03,2019070301006777,UPPER,22,58,20,271.00,"5,420.00"
2019-07-03,2019070301006776,UPPER,22,7,50,271.00,"13,550.00"
2019-07-03,2019070301006775,UPPER,22,14,250,271.00,"67,750.00"
2019-07-03,2019070301006774,UPPER,22,59,50,271.00,"13,550.00"
2019-07-03,2019070301006858,UPPER,29,41,50,270.00,"13,500.00"
2019-07-03,2019070301006845,UPPER,29,25,50,270.00,"13,500.00"
2019-07-03,2019070301006832,UPPER,29,25,50,270.00,"13,500.00"
2019-07-03,2019070301006782,UPPER,22,21,50,271.00,"13,550.00"
2019-07-03,2019070301006781,UPPER,22,50,100,271.00,"27,100.00"
2019-07-03,2019070301006780,UPPER,22,45,40,271.00,"10,840.00"
2019-07-03,2019070301006474,ADBL,50,42,"1,000",412.00,"412,000.00"
2019-07-03,2019070301006473,ADBL,49,42,"1,000",412.00,"412,000.00"
2019-07-03,2019070301006472,ADBL,16,42,"1,000",412.00,"412,000.00"
2019-07-03,2019070301006471,ADBL,50,42,"1,000",412.00,"412,000.00"
2019-07-03,2019070301006454,ADBL,21,41,430,413.00,"177,590.00"
2019-07-03,2019070301006395,ADBL,14,41,100,413.00,"41,300.00"
2019-07-03,2019070301006322,ADBL,14,10,100,413.00,"41,300.00"
2019-07-03,2019070301006204,ADBL,14,52,300,413.00,"123,900.00"
2019-07-03,2019070301006079,ADBL,21,52,100,415.00,"41,500.00"
2019-07-03,2019070301006169,AHPC,29,34,64,108.00,"6,912.00"
2019-07-03,2019070301006444,ALBSL,33,34,10,404.00,"4,040.00"
2019-07-03,2019070301006443,ALBSL,33,34,10,404.00,"4,040.00"
2019-07-03,2019070301006442,ALBSL,33,34,10,404.00,"4,040.00"
2019-07-03,2019070301006441,ALBSL,33,34,10,404.00,"4,040.00"
2019-07-03,2019070301006427,ALBSL,45,25,100,400.00,"40,000.00"
2019-07-03,2019070301006426,ALBSL,33,25,180,402.00,"72,360.00"
2019-07-03,2019070301006425,ALBSL,33,25,80,403.00,"32,240.00"
2019-07-03,2019070301006227,ALBSL,33,21,10,403.00,"4,030.00"
2019-07-03,2019070301006155,ALBSL,33,20,10,403.00,"4,030.00"
2019-07-03,2019070301006029,ALBSL,33,41,10,402.00,"4,020.00"
2019-07-03,2019070301006467,ALICL,16,25,100,391.00,"39,100.00"
2019-07-03,2019070301006482,API,35,52,400,145.00,"58,000.00"
2019-07-03,2019070301006421,API,25,52,150,145.00,"21,750.00"
2019-07-03,2019070301006072,API,25,52,29,145.00,"4,205.00"
2019-07-03,2019070301006071,API,25,26,400,144.00,"57,600.00"
2019-07-03,2019070301006448,BOKL,53,26,153,266.00,"40,698.00"
2019-07-03,2019070301006447,BOKL,16,26,100,266.00,"26,600.00"
2019-07-03,2019070301006446,BOKL,33,26,97,267.00,"25,899.00"
2019-07-03,2019070301006431,BOKL,33,25,103,267.00,"27,501.00"
2019-07-03,2019070301006272,BOKL,16,35,100,266.00,"26,600.00"
2019-07-03,2019070301006200,BOKL,1,45,52,265.00,"13,780.00"
2019-07-03,2019070301006369,BPCL,35,35,110,408.00,"44,880.00"
2019-07-03,2019070301006242,CBBL,33,3,20,959.00,"19,180.00"
2019-07-03,2019070301006439,CBL,49,21,125,152.00,"19,000.00"
2019-07-03,2019070301006354,CBL,49,32,"3,000",152.00,"456,000.00"
2019-07-03,2019070301006260,CBL,49,43,735,152.00,"111,720.00"
2019-07-03,2019070301006190,CBL,7,43,265,152.00,"40,280.00"
2019-07-03,2019070301006141,CBL,7,38,24,152.00,"3,648.00"
2019-07-03,2019070301006123,CBL,7,38,24,152.00,"3,648.00"
2019-07-03,2019070301006108,CBL,7,38,284,152.00,"43,168.00"
2019-07-03,2019070301006048,CBL,7,34,403,152.00,"61,256.00"
2019-07-03,2019070301006047,CBL,16,34,300,152.00,"45,600.00"
2019-07-03,2019070301006046,CBL,43,34,"2,000",152.00,"304,000.00"
2019-07-03,2019070301006045,CBL,52,34,100,152.00,"15,200.00"
2019-07-03,2019070301006516,CCBL,14,45,200,180.00,"36,000.00"
2019-07-03,2019070301006515,CCBL,14,45,150,180.00,"27,000.00"
2019-07-03,2019070301006508,CCBL,14,25,850,180.00,"153,000.00"
2019-07-03,2019070301006507,CCBL,41,25,100,180.00,"18,000.00"
2019-07-03,2019070301006506,CCBL,59,25,50,180.00,"9,000.00"
2019-07-03,2019070301006429,CCBL,59,51,100,180.00,"18,000.00"
2019-07-03,2019070301006197,CCBL,5,18,500,182.00,"91,000.00"
2019-07-03,2019070301006109,CCBL,17,17,117,182.00,"21,294.00"
2019-07-03,2019070301006020,CCBL,35,41,"2,000",182.00,"364,000.00"
2019-07-03,2019070301006224,CCBL,16,16,200,181.00,"36,200.00"
2019-07-03,2019070301006223,CCBL,52,16,200,181.00,"36,200.00"
2019-07-03,2019070301006222,CCBL,59,16,"1,000",181.00,"181,000.00"
2019-07-03,2019070301006221,CCBL,42,16,240,181.00,"43,440.00"
2019-07-03,2019070301006220,CCBL,45,16,800,181.00,"144,800.00"
2019-07-03,2019070301006219,CCBL,40,16,500,181.00,"90,500.00"
2019-07-03,2019070301006408,CCBL,50,36,100,181.00,"18,100.00"
2019-07-03,2019070301006373,CCBL,50,10,200,181.00,"36,200.00"
2019-07-03,2019070301006363,CCBL,28,52,300,182.00,"54,600.00"
2019-07-03,2019070301006250,CCBL,49,49,90,181.00,"16,290.00"
2019-07-03,2019070301006232,CCBL,4,28,540,183.00,"98,820.00"
2019-07-03,2019070301006231,CCBL,4,16,60,181.00,"10,860.00"
2019-07-03,2019070301006414,CCBL,59,36,850,180.00,"153,000.00"
2019-07-03,2019070301006413,CCBL,41,36,"1,000",180.00,"180,000.00"
2019-07-03,2019070301006412,CCBL,58,36,50,180.00,"9,000.00"
2019-07-03,2019070301006411,CCBL,37,36,"1,000",180.00,"180,000.00"
2019-07-03,2019070301006410,CCBL,7,36,"1,000",181.00,"181,000.00"
2019-07-03,2019070301006409,CCBL,7,36,"2,000",181.00,"362,000.00"
2019-07-03,2019070301006167,CIT,1,56,25,"2,480.00","62,000.00"
2019-07-03,2019070301006483,CLBSL,29,5,10,518.00,"5,180.00"
2019-07-03,2019070301006325,CLBSL,29,34,17,508.00,"8,636.00"
2019-07-03,2019070301006324,CLBSL,29,38,11,505.00,"5,555.00"
2019-07-03,2019070301006286,CLBSL,29,47,17,503.00,"8,551.00"
2019-07-03,2019070301006285,CLBSL,29,38,10,500.00,"5,000.00"
2019-07-03,2019070301006284,CLBSL,29,38,11,500.00,"5,500.00"
2019-07-03,2019070301006283,CLBSL,29,38,11,500.00,"5,500.00"
2019-07-03,2019070301006282,CLBSL,29,45,90,495.00,"44,550.00"
2019-07-03,2019070301006139,CLBSL,54,45,10,495.00,"4,950.00"
2019-07-03,2019070301006334,CZBIL,43,14,213,227.00,"48,351.00"
2019-07-03,2019070301006315,CZBIL,43,38,100,227.00,"22,700.00"
2019-07-03,2019070301006304,CZBIL,43,36,10,227.00,"2,270.00"
2019-07-03,2019070301006267,CZBIL,43,56,500,227.00,"113,500.00"
2019-07-03,2019070301006257,CZBIL,43,38,197,227.00,"44,719.00"
2019-07-03,2019070301006243,CZBIL,16,49,200,228.00,"45,600.00"
2019-07-03,2019070301006207,CZBIL,43,49,10,226.00,"2,260.00"
2019-07-03,2019070301006206,CZBIL,43,6,467,226.00,"105,542.00"
2019-07-03,2019070301006117,CZBIL,50,36,200,225.00,"45,000.00"
2019-07-03,2019070301006040,CZBIL,50,19,70,225.00,"15,750.00"
2019-07-03,2019070301006213,CZBIL,43,45,500,227.00,"113,500.00"
2019-07-03,2019070301006212,CZBIL,43,17,500,227.00,"113,500.00"
2019-07-03,2019070301006211,CZBIL,43,56,490,227.00,"111,230.00"
2019-07-03,2019070301006210,CZBIL,43,50,13,227.00,"2,951.00"
2019-07-03,2019070301006209,CZBIL,43,42,200,226.00,"45,200.00"
2019-07-03,2019070301006208,CZBIL,43,13,500,226.00,"113,000.00"
2019-07-03,2019070301006198,DBBL,28,22,80,141.00,"11,280.00"
2019-07-03,2019070301006178,DBBL,57,51,450,140.00,"63,000.00"
2019-07-03,2019070301006050,DBBL,57,51,50,140.00,"7,000.00"
2019-07-03,2019070301006026,DBBL,17,51,500,140.00,"70,000.00"
2019-07-03,2019070301006096,DDBL,26,29,27,715.00,"19,305.00"
2019-07-03,2019070301006372,DHPL,46,43,11,66.00,726.00
2019-07-03,2019070301006356,EBL,8,56,190,666.00,"126,540.00"
2019-07-03,2019070301006161,EBL,38,48,60,661.00,"39,660.00"
2019-07-03,2019070301006343,EIC,21,17,20,366.00,"7,320.00"
2019-07-03,2019070301006420,FOWAD,41,34,10,"1,330.00","13,300.00"
2019-07-03,2019070301006062,GBBL,32,22,230,226.00,"51,980.00"
2019-07-03,2019070301006061,GBBL,32,1,33,225.00,"7,425.00"
2019-07-03,2019070301006060,GBBL,32,56,237,225.00,"53,325.00"
2019-07-03,2019070301006059,GBBL,32,4,500,225.00,"112,500.00"
2019-07-03,2019070301006489,GBIME,41,42,300,295.00,"88,500.00"
2019-07-03,2019070301006466,GBIME,58,42,"3,000",295.00,"885,000.00"
2019-07-03,2019070301006465,GBIME,34,42,200,296.00,"59,200.00"
2019-07-03,2019070301006464,GBIME,16,42,"1,000",296.00,"296,000.00"
2019-07-03,2019070301006463,GBIME,52,42,68,297.00,"20,196.00"
2019-07-03,2019070301006392,GBIME,28,35,100,298.00,"29,800.00"
2019-07-03,2019070301006189,GBIME,48,48,50,297.00,"14,850.00"
2019-07-03,2019070301006065,GBIME,14,37,"1,000",298.00,"298,000.00"
2019-07-03,2019070301006064,GBIME,14,46,500,298.00,"149,000.00"
2019-07-03,2019070301006049,GBIME,48,37,160,297.00,"47,520.00"
2019-07-03,2019070301006333,GBIME,52,25,32,297.00,"9,504.00"
2019-07-03,2019070301006327,GBIME,16,4,50,297.00,"14,850.00"
2019-07-03,2019070301006274,GBIME,14,4,950,297.00,"282,150.00"
2019-07-03,2019070301006217,GBIME,13,35,100,298.00,"29,800.00"
2019-07-03,2019070301006193,GBIME,14,1,50,297.00,"14,850.00"
2019-07-03,2019070301006192,GBIME,48,1,60,297.00,"17,820.00"
2019-07-03,2019070301006461,GBLBS,14,22,280,352.00,"98,560.00"
2019-07-03,2019070301006505,GDBL,14,8,48,210.00,"10,080.00"
2019-07-03,2019070301006504,GDBL,59,8,200,210.00,"42,000.00"
2019-07-03,2019070301006321,GILB,34,26,10,"1,270.00","12,700.00"
2019-07-03,2019070301006400,GLBSL,41,8,10,393.00,"3,930.00"
2019-07-03,2019070301006394,GLBSL,46,21,10,398.00,"3,980.00"
2019-07-03,2019070301006390,GLBSL,46,29,10,398.00,"3,980.00"
2019-07-03,2019070301006349,GLBSL,46,38,10,398.00,"3,980.00"
2019-07-03,2019070301006340,GLBSL,46,21,10,398.00,"3,980.00"
2019-07-03,2019070301006331,GLBSL,46,21,10,398.00,"3,980.00"
2019-07-03,2019070301006229,GLBSL,42,7,10,398.00,"3,980.00"
2019-07-03,2019070301006228,GLBSL,42,20,10,398.00,"3,980.00"
2019-07-03,2019070301006452,GLICL,55,53,49,477.00,"23,373.00"
2019-07-03,2019070301006451,GLICL,55,20,31,476.00,"14,756.00"
2019-07-03,2019070301006355,GLICL,34,20,58,477.00,"27,666.00"
2019-07-03,2019070301006338,GLICL,34,53,49,477.00,"23,373.00"
2019-07-03,2019070301006205,GLICL,34,48,95,477.00,"45,315.00"
2019-07-03,2019070301006168,GLICL,34,28,423,477.00,"201,771.00"
2019-07-03,2019070301006503,GMFBS,43,34,10,461.00,"4,610.00"
2019-07-03,2019070301006490,GMFBS,58,21,10,461.00,"4,610.00"
2019-07-03,2019070301006481,GMFBS,58,21,10,461.00,"4,610.00"
2019-07-03,2019070301006470,GMFBS,58,34,10,461.00,"4,610.00"
2019-07-03,2019070301006417,GMFBS,58,21,10,461.00,"4,610.00"
2019-07-03,2019070301006377,GMFBS,58,29,10,461.00,"4,610.00"
2019-07-03,2019070301006030,GMFBS,34,20,10,460.00,"4,600.00"
2019-07-03,2019070301006370,GMFBS,36,55,20,462.00,"9,240.00"
2019-07-03,2019070301006319,GMFBS,58,21,10,461.00,"4,610.00"
2019-07-03,2019070301006288,GMFBS,58,21,10,461.00,"4,610.00"
2019-07-03,2019070301006194,GMFBS,58,6,10,461.00,"4,610.00"
2019-07-03,2019070301006097,GMFBS,58,20,10,461.00,"4,610.00"
2019-07-03,2019070301006073,GMFBS,58,20,10,461.00,"4,610.00"
2019-07-03,2019070301006160,GRDBL,32,45,30,115.00,"3,450.00"
2019-07-03,2019070301006154,GRDBL,57,45,470,115.00,"54,050.00"
2019-07-03,2019070301006031,GRDBL,46,17,20,117.00,"2,340.00"
2019-07-03,2019070301006036,HDL,58,49,75,"1,666.00","124,950.00"
2019-07-03,2019070301006035,HDL,58,49,200,"1,667.00","333,400.00"
2019-07-03,2019070301006034,HDL,34,49,100,"1,670.00","167,000.00"
2019-07-03,2019070301006033,HDL,47,49,25,"1,670.00","41,750.00"
2019-07-03,2019070301006240,HIDCL,34,41,14,160.00,"2,240.00"
2019-07-03,2019070301006039,HIDCL,34,41,58,160.00,"9,280.00"
2019-07-03,2019070301006382,HPPL,22,35,10,181.00,"1,810.00"
2019-07-03,2019070301006281,HPPL,22,35,10,178.00,"1,780.00"
2019-07-03,2019070301006216,HPPL,25,6,10,176.00,"1,760.00"
2019-07-03,2019070301006519,JBNL,35,20,200,216.00,"43,200.00"
2019-07-03,2019070301006453,JBNL,45,56,500,215.00,"107,500.00"
2019-07-03,2019070301006450,JBNL,45,51,200,215.00,"43,000.00"
2019-07-03,2019070301006344,JBNL,42,56,"1,000",216.00,"216,000.00"
2019-07-03,2019070301006320,JBNL,42,56,840,216.00,"181,440.00"
2019-07-03,2019070301006261,JBNL,16,56,200,216.00,"43,200.00"
2019-07-03,2019070301006055,JBNL,57,56,100,216.00,"21,600.00"
2019-07-03,2019070301006054,JBNL,33,56,"1,000",216.00,"216,000.00"
2019-07-03,2019070301006053,JBNL,49,56,"1,312",216.00,"283,392.00"
2019-07-03,2019070301006241,JBNL,43,43,"1,000",216.00,"216,000.00"
2019-07-03,2019070301006201,JBNL,14,20,988,216.00,"213,408.00"
2019-07-03,2019070301006179,JBNL,47,20,12,216.00,"2,592.00"
2019-07-03,2019070301006131,JBNL,47,20,700,216.00,"151,200.00"
2019-07-03,2019070301006057,JBNL,47,56,288,216.00,"62,208.00"
2019-07-03,2019070301006056,JBNL,19,56,300,216.00,"64,800.00"
2019-07-03,2019070301006480,JFL,56,39,500,179.00,"89,500.00"
2019-07-03,2019070301006479,JFL,56,6,143,179.00,"25,597.00"
2019-07-03,2019070301006457,KBL,49,49,750,221.00,"165,750.00"
2019-07-03,2019070301006456,KBL,49,21,50,221.00,"11,050.00"
2019-07-03,2019070301006455,KBL,49,59,200,220.00,"44,000.00"
2019-07-03,2019070301006153,KBL,42,46,500,221.00,"110,500.00"
2019-07-03,2019070301006152,KBL,42,41,30,221.00,"6,630.00"
2019-07-03,2019070301006151,KBL,42,42,300,221.00,"66,300.00"
2019-07-03,2019070301006144,KBL,42,52,50,221.00,"11,050.00"
2019-07-03,2019070301006143,KBL,42,58,730,221.00,"161,330.00"
2019-07-03,2019070301006142,KBL,42,28,300,220.00,"66,000.00"
2019-07-03,2019070301006022,KBL,20,36,300,220.00,"66,000.00"
2019-07-03,2019070301006150,KBL,42,29,950,221.00,"209,950.00"
2019-07-03,2019070301006149,KBL,42,55,"1,500",221.00,"331,500.00"
2019-07-03,2019070301006148,KBL,42,55,"1,500",221.00,"331,500.00"
2019-07-03,2019070301006147,KBL,42,14,200,221.00,"44,200.00"
2019-07-03,2019070301006146,KBL,42,43,100,221.00,"22,100.00"
2019-07-03,2019070301006145,KBL,42,53,200,221.00,"44,200.00"
2019-07-03,2019070301006306,KKHC,37,55,66,72.00,"4,752.00"
2019-07-03,2019070301006499,KPCL,51,21,10,94.00,940.00
2019-07-03,2019070301006386,KRBL,44,38,45,116.00,"5,220.00"
2019-07-03,2019070301006385,KRBL,44,38,45,116.00,"5,220.00"
2019-07-03,2019070301006384,KRBL,44,38,45,116.00,"5,220.00"
2019-07-03,2019070301006383,KRBL,44,38,35,116.00,"4,060.00"
2019-07-03,2019070301006021,KSBBL,58,32,16,158.00,"2,528.00"
2019-07-03,2019070301006406,LBBL,26,42,100,196.00,"19,600.00"
2019-07-03,2019070301006405,LBBL,50,42,"2,920",196.00,"572,320.00"
2019-07-03,2019070301006379,LGIL,44,7,"2,000",456.00,"912,000.00"
2019-07-03,2019070301006485,LICN,34,25,40,"1,674.00","66,960.00"
2019-07-03,2019070301006484,LICN,34,28,50,"1,670.00","83,500.00"
2019-07-03,2019070301006469,LICN,34,14,100,"1,668.00","166,800.00"
2019-07-03,2019070301006424,LICN,34,25,40,"1,674.00","66,960.00"
2019-07-03,2019070301006423,LICN,34,35,60,"1,672.00","100,320.00"
2019-07-03,2019070301006422,LICN,34,28,250,"1,671.00","417,750.00"
2019-07-03,2019070301006181,LICN,42,38,55,"1,650.00","90,750.00"
2019-07-03,2019070301006166,LICN,42,38,28,"1,650.00","46,200.00"
2019-07-03,2019070301006165,LICN,42,59,100,"1,650.00","165,000.00"
2019-07-03,2019070301006164,LICN,42,14,60,"1,640.00","98,400.00"
2019-07-03,2019070301006163,LICN,42,59,112,"1,640.00","183,680.00"
2019-07-03,2019070301006418,LICN,34,53,38,"1,670.00","63,460.00"
2019-07-03,2019070301006404,LICN,34,47,100,"1,670.00","167,000.00"
2019-07-03,2019070301006403,LICN,34,57,112,"1,670.00","187,040.00"
2019-07-03,2019070301006402,LICN,34,35,50,"1,669.00","83,450.00"
2019-07-03,2019070301006336,LICN,40,14,26,"1,661.00","43,186.00"
2019-07-03,2019070301006335,LICN,40,55,100,"1,660.00","166,000.00"
2019-07-03,2019070301006477,MBL,18,41,18,268.00,"4,824.00"
2019-07-03,2019070301006068,MBL,34,41,159,269.00,"42,771.00"
2019-07-03,2019070301006475,MEGA,43,51,100,211.00,"21,100.00"
2019-07-03,2019070301006435,MEGA,22,8,100,212.00,"21,200.00"
2019-07-03,2019070301006347,MEGA,43,52,50,211.00,"10,550.00"
2019-07-03,2019070301006329,MEGA,43,43,"1,000",211.00,"211,000.00"
2019-07-03,2019070301006328,MEGA,43,29,17,211.00,"3,587.00"
2019-07-03,2019070301006296,MEGA,42,29,20,211.00,"4,220.00"
2019-07-03,2019070301006078,MEGA,51,41,500,211.00,"105,500.00"
2019-07-03,2019070301006156,MEGA,8,28,245,211.00,"51,695.00"
2019-07-03,2019070301006113,MEGA,28,42,100,211.00,"21,100.00"
2019-07-03,2019070301006112,MEGA,28,42,404,211.00,"85,244.00"
2019-07-03,2019070301006111,MEGA,28,57,212,211.00,"44,732.00"
2019-07-03,2019070301006110,MEGA,28,41,"1,300",211.00,"274,300.00"
2019-07-03,2019070301006082,MEGA,1,41,200,211.00,"42,200.00"
2019-07-03,2019070301006265,MEGA,6,29,63,211.00,"13,293.00"
2019-07-03,2019070301006264,MEGA,34,29,145,211.00,"30,595.00"
2019-07-03,2019070301006263,MEGA,39,29,40,211.00,"8,440.00"
2019-07-03,2019070301006262,MEGA,8,29,755,211.00,"159,305.00"
2019-07-03,2019070301006230,MEGA,8,46,"1,000",211.00,"211,000.00"
2019-07-03,2019070301006199,MEGA,19,8,100,212.00,"21,200.00"
2019-07-03,2019070301006449,MERO,1,16,10,528.00,"5,280.00"
2019-07-03,2019070301006436,MERO,1,16,10,528.00,"5,280.00"
2019-07-03,2019070301006342,MERO,26,49,500,527.00,"263,500.00"
2019-07-03,2019070301006305,MERO,26,26,1,526.00,526.00
2019-07-03,2019070301006266,MERO,21,21,1,520.00,520.00
2019-07-03,2019070301006137,MHNL,36,45,10,107.00,"1,070.00"
2019-07-03,2019070301006136,MHNL,36,3,50,107.00,"5,350.00"
2019-07-03,2019070301006129,MHNL,36,42,30,106.00,"3,180.00"
2019-07-03,2019070301006337,MLBL,38,38,5,190.00,950.00
2019-07-03,2019070301006269,MLBL,38,38,5,190.00,950.00
2019-07-03,2019070301006401,MNBBL,48,44,250,371.00,"92,750.00"
2019-07-03,2019070301006280,MNBBL,6,29,60,371.00,"22,260.00"
2019-07-03,2019070301006051,MNBBL,8,44,500,371.00,"185,500.00"
2019-07-03,2019070301006512,MSLB,28,29,26,915.00,"23,790.00"
2019-07-03,2019070301006511,MSLB,28,26,26,915.00,"23,790.00"
2019-07-03,2019070301006295,NABIL,29,8,674,795.00,"535,830.00"
2019-07-03,2019070301006294,NABIL,29,42,12,794.00,"9,528.00"
2019-07-03,2019070301006293,NABIL,29,32,100,794.00,"79,400.00"
2019-07-03,2019070301006058,NABIL,32,8,326,795.00,"259,170.00"
2019-07-03,2019070301006038,NABIL,32,37,174,795.00,"138,330.00"
2019-07-03,2019070301006037,NABIL,32,57,500,794.00,"397,000.00"
2019-07-03,2019070301006024,NABIL,29,22,112,793.00,"88,816.00"
2019-07-03,2019070301006023,NABIL,29,43,50,792.00,"39,600.00"
2019-07-03,2019070301006487,NABILP,14,16,38,779.00,"29,602.00"
2019-07-03,2019070301006341,NABILP,7,16,10,779.00,"7,790.00"
2019-07-03,2019070301006434,NAGRO,37,3,180,506.00,"91,080.00"
2019-07-03,2019070301006398,NAGRO,43,29,10,507.00,"5,070.00"
2019-07-03,2019070301006259,NAGRO,43,59,10,507.00,"5,070.00"
2019-07-03,2019070301006239,NAGRO,43,21,10,507.00,"5,070.00"
2019-07-03,2019070301006218,NAGRO,43,20,10,507.00,"5,070.00"
2019-07-03,2019070301006191,NAGRO,43,20,10,507.00,"5,070.00"
2019-07-03,2019070301006118,NAGRO,41,50,130,512.00,"66,560.00"
2019-07-03,2019070301006107,NAGRO,41,39,10,512.00,"5,120.00"
2019-07-03,2019070301006025,NAGRO,41,39,10,512.00,"5,120.00"
2019-07-03,2019070301006502,NBB,59,48,300,226.00,"67,800.00"
2019-07-03,2019070301006501,NBB,26,48,100,226.00,"22,600.00"
2019-07-03,2019070301006339,NBB,28,28,"1,000",228.00,"228,000.00"
2019-07-03,2019070301006132,NBB,43,45,"1,000",228.00,"228,000.00"
2019-07-03,2019070301006104,NBB,52,45,450,225.00,"101,250.00"
2019-07-03,2019070301006103,NBB,33,45,550,225.00,"123,750.00"
2019-07-03,2019070301006407,NBL,47,49,100,339.00,"33,900.00"
2019-07-03,2019070301006301,NBL,34,58,"1,500",340.00,"510,000.00"
2019-07-03,2019070301006300,NBL,26,58,"1,000",340.00,"340,000.00"
2019-07-03,2019070301006289,NBL,26,32,500,340.00,"170,000.00"
2019-07-03,2019070301006287,NBL,5,55,200,341.00,"68,200.00"
2019-07-03,2019070301006258,NBL,26,43,500,340.00,"170,000.00"
2019-07-03,2019070301006215,NBL,11,43,"1,000",340.00,"340,000.00"
2019-07-03,2019070301006214,NBL,11,43,500,340.00,"170,000.00"
2019-07-03,2019070301006180,NBL,47,16,"1,000",339.00,"339,000.00"
2019-07-03,2019070301006106,NBL,16,43,"1,000",339.00,"339,000.00"
2019-07-03,2019070301006087,NBL,16,16,"1,000",339.00,"339,000.00"
2019-07-03,2019070301006052,NBL,25,43,500,340.00,"170,000.00"
2019-07-03,2019070301006256,NBL,42,43,500,340.00,"170,000.00"
2019-07-03,2019070301006255,NBL,42,43,500,340.00,"170,000.00"
2019-07-03,2019070301006249,NBL,1,7,50,340.00,"17,000.00"
2019-07-03,2019070301006248,NBL,1,42,200,340.00,"68,000.00"
2019-07-03,2019070301006247,NBL,1,57,150,340.00,"51,000.00"
2019-07-03,2019070301006246,NBL,1,50,400,340.00,"136,000.00"
2019-07-03,2019070301006517,NCCB,53,59,500,252.00,"126,000.00"
2019-07-03,2019070301006495,NCCB,11,59,200,252.00,"50,400.00"
2019-07-03,2019070301006486,NCCB,51,51,200,251.00,"50,200.00"
2019-07-03,2019070301006476,NCCB,58,28,50,253.00,"12,650.00"
2019-07-03,2019070301006460,NCCB,1,32,32,252.00,"8,064.00"
2019-07-03,2019070301006459,NCCB,1,35,200,252.00,"50,400.00"
2019-07-03,2019070301006115,NCCB,49,34,250,251.00,"62,750.00"
2019-07-03,2019070301006114,NCCB,38,34,576,251.00,"144,576.00"
2019-07-03,2019070301006105,NCCB,59,40,500,252.00,"126,000.00"
2019-07-03,2019070301006101,NCCB,51,40,100,252.00,"25,200.00"
2019-07-03,2019070301006100,NCCB,51,7,400,252.00,"100,800.00"
2019-07-03,2019070301006173,NCCB,43,40,"1,400",252.00,"352,800.00"
2019-07-03,2019070301006172,NCCB,43,35,500,251.00,"125,500.00"
2019-07-03,2019070301006171,NCCB,43,52,500,251.00,"125,500.00"
2019-07-03,2019070301006170,NCCB,43,34,674,251.00,"169,174.00"
2019-07-03,2019070301006138,NCCB,25,34,"1,326",251.00,"332,826.00"
2019-07-03,2019070301006116,NCCB,25,34,674,251.00,"169,174.00"
2019-07-03,2019070301006458,NCCB,1,43,74,252.00,"18,648.00"
2019-07-03,2019070301006278,NCCB,46,43,100,252.00,"25,200.00"
2019-07-03,2019070301006188,NCCB,51,43,300,252.00,"75,600.00"
2019-07-03,2019070301006176,NCCB,43,43,526,252.00,"132,552.00"
2019-07-03,2019070301006175,NCCB,43,50,200,252.00,"50,400.00"
2019-07-03,2019070301006174,NCCB,43,25,200,252.00,"50,400.00"
2019-07-03,2019070301006128,NHPC,50,28,10,67.00,670.00
2019-07-03,2019070301006498,NIB,48,11,250,525.00,"131,250.00"
2019-07-03,2019070301006494,NIB,8,40,194,522.00,"101,268.00"
2019-07-03,2019070301006493,NIB,34,40,200,523.00,"104,600.00"
2019-07-03,2019070301006492,NIB,22,40,106,524.00,"55,544.00"
2019-07-03,2019070301006462,NIB,22,41,44,524.00,"23,056.00"
2019-07-03,2019070301006330,NIB,51,11,50,525.00,"26,250.00"
2019-07-03,2019070301006133,NIB,45,17,900,525.00,"472,500.00"
2019-07-03,2019070301006254,NIBPO,28,4,500,481.00,"240,500.00"
2019-07-03,2019070301006323,NICA,42,56,100,463.00,"46,300.00"
2019-07-03,2019070301006445,NICL,26,58,950,360.00,"342,000.00"
2019-07-03,2019070301006415,NICL,32,58,50,360.00,"18,000.00"
2019-07-03,2019070301006393,NICL,32,42,100,360.00,"36,000.00"
2019-07-03,2019070301006316,NICL,29,45,44,359.00,"15,796.00"
2019-07-03,2019070301006226,NLG,51,25,50,737.00,"36,850.00"
2019-07-03,2019070301006353,NLIC,19,56,17,912.00,"15,504.00"
2019-07-03,2019070301006271,NLIC,55,48,33,906.00,"29,898.00"
2019-07-03,2019070301006270,NLIC,41,48,30,907.00,"27,210.00"
2019-07-03,2019070301006067,NLIC,56,28,317,909.00,"288,153.00"
2019-07-03,2019070301006066,NLIC,25,28,50,910.00,"45,500.00"
2019-07-03,2019070301006352,NLICL,7,46,10,605.00,"6,050.00"
2019-07-03,2019070301006043,NLICL,54,25,30,600.00,"18,000.00"
2019-07-03,2019070301006135,NMBMF,35,26,14,995.00,"13,930.00"
2019-07-03,2019070301006134,NMBMF,35,16,33,990.00,"32,670.00"
2019-07-03,2019070301006500,NTC,39,36,10,700.00,"7,000.00"
2019-07-03,2019070301006027,OHL,3,58,50,627.00,"31,350.00"
2019-07-03,2019070301006121,PCBL,53,39,50,286.00,"14,300.00"
2019-07-03,2019070301006120,PCBL,53,47,200,286.00,"57,200.00"
2019-07-03,2019070301006119,PCBL,53,7,"1,335",285.00,"380,475.00"
2019-07-03,2019070301006077,PCBL,55,7,665,285.00,"189,525.00"
2019-07-03,2019070301006076,PCBL,55,37,635,285.00,"180,975.00"
2019-07-03,2019070301006075,PCBL,55,48,100,284.00,"28,400.00"
2019-07-03,2019070301006074,PCBL,55,25,100,284.00,"28,400.00"
2019-07-03,2019070301006292,PFL,45,17,106,140.00,"14,840.00"
2019-07-03,2019070301006291,PFL,45,41,26,140.00,"3,640.00"
2019-07-03,2019070301006290,PFL,45,36,571,140.00,"79,940.00"
2019-07-03,2019070301006252,PIC,39,21,14,955.00,"13,370.00"
2019-07-03,2019070301006251,PIC,56,21,10,956.00,"9,560.00"
2019-07-03,2019070301006127,PIC,39,8,10,960.00,"9,600.00"
2019-07-03,2019070301006126,PIC,21,8,15,960.00,"14,400.00"
2019-07-03,2019070301006125,PIC,3,8,61,961.00,"58,621.00"
2019-07-03,2019070301006124,PIC,44,8,39,962.00,"37,518.00"
2019-07-03,2019070301006095,PIC,44,11,11,962.00,"10,582.00"
2019-07-03,2019070301006303,PMHPL,21,21,10,105.00,"1,050.00"
2019-07-03,2019070301006187,PMHPL,21,6,10,105.00,"1,050.00"
2019-07-03,2019070301006378,PRIN,44,41,106,376.00,"39,856.00"
2019-07-03,2019070301006518,PRVU,59,17,225,271.00,"60,975.00"
2019-07-03,2019070301006391,PRVU,14,44,750,272.00,"204,000.00"
2019-07-03,2019070301006273,PRVU,1,44,"1,000",272.00,"272,000.00"
2019-07-03,2019070301006238,PRVU,43,44,500,272.00,"136,000.00"
2019-07-03,2019070301006184,PRVU,38,45,100,272.00,"27,200.00"
2019-07-03,2019070301006237,PRVU,59,44,"1,000",272.00,"272,000.00"
2019-07-03,2019070301006236,PRVU,54,44,150,272.00,"40,800.00"
2019-07-03,2019070301006235,PRVU,21,44,500,272.00,"136,000.00"
2019-07-03,2019070301006234,PRVU,32,44,100,272.00,"27,200.00"
2019-07-03,2019070301006186,PRVU,32,45,300,272.00,"81,600.00"
2019-07-03,2019070301006185,PRVU,46,45,100,272.00,"27,200.00"
2019-07-03,2019070301006381,RADHI,16,21,11,147.00,"1,617.00"
2019-07-03,2019070301006374,RADHI,16,21,11,147.00,"1,617.00"
2019-07-03,2019070301006368,RADHI,16,21,11,147.00,"1,617.00"
2019-07-03,2019070301006387,RBCL,49,57,10,"9,570.00","95,700.00"
2019-07-03,2019070301006081,RBCL,5,38,40,"9,519.00","380,760.00"
2019-07-03,2019070301006080,RBCL,5,17,10,"9,518.00","95,180.00"
2019-07-03,2019070301006311,RLFL,17,14,250,128.00,"32,000.00"
2019-07-03,2019070301006310,RLFL,44,14,50,128.00,"6,400.00"
2019-07-03,2019070301006309,RLFL,28,14,20,128.00,"2,560.00"
2019-07-03,2019070301006177,RMDC,41,37,40,664.00,"26,560.00"
2019-07-03,2019070301006140,RMDC,39,42,30,661.00,"19,830.00"
2019-07-03,2019070301006099,RMDC,39,6,400,662.00,"264,800.00"
2019-07-03,2019070301006098,RMDC,39,45,78,660.00,"51,480.00"
2019-07-03,2019070301006396,RRHP,44,38,10,109.00,"1,090.00"
2019-07-03,2019070301006375,RRHP,44,38,10,109.00,"1,090.00"
2019-07-03,2019070301006496,SADBL,58,47,500,155.00,"77,500.00"
2019-07-03,2019070301006361,SADBL,49,56,200,155.00,"31,000.00"
2019-07-03,2019070301006497,SAEF,26,56,"2,000",9.75,"19,500.00"
2019-07-03,2019070301006510,SANIMA,32,51,"1,500",353.00,"529,500.00"
2019-07-03,2019070301006509,SANIMA,32,51,"1,500",353.00,"529,500.00"
2019-07-03,2019070301006314,SANIMA,13,48,11,352.00,"3,872.00"
2019-07-03,2019070301006313,SANIMA,14,48,100,352.00,"35,200.00"
2019-07-03,2019070301006312,SANIMA,39,48,39,352.00,"13,728.00"
2019-07-03,2019070301006203,SBBLJ,17,41,100,192.00,"19,200.00"
2019-07-03,2019070301006478,SBI,45,32,197,477.00,"93,969.00"
2019-07-03,2019070301006362,SBI,32,34,202,475.00,"95,950.00"
2019-07-03,2019070301006083,SBI,32,54,702,475.00,"333,450.00"
2019-07-03,2019070301006376,SBL,32,56,"1,008",324.00,"326,592.00"
2019-07-03,2019070301006351,SBL,5,22,41,325.00,"13,325.00"
2019-07-03,2019070301006302,SBL,5,49,170,325.00,"55,250.00"
2019-07-03,2019070301006233,SBL,5,50,170,325.00,"55,250.00"
2019-07-03,2019070301006183,SBL,5,42,30,325.00,"9,750.00"
2019-07-03,2019070301006182,SBL,5,41,90,325.00,"29,250.00"
2019-07-03,2019070301006093,SBL,32,16,130,325.00,"42,250.00"
2019-07-03,2019070301006092,SBL,32,8,500,325.00,"162,500.00"
2019-07-03,2019070301006091,SBL,32,56,36,325.00,"11,700.00"
2019-07-03,2019070301006090,SBL,32,6,200,325.00,"65,000.00"
2019-07-03,2019070301006089,SBL,32,56,300,325.00,"97,500.00"
2019-07-03,2019070301006088,SBL,32,34,300,325.00,"97,500.00"
2019-07-03,2019070301006063,SCB,34,58,"1,000",673.00,"673,000.00"
2019-07-03,2019070301006430,SDESI,26,26,1,576.00,576.00
2019-07-03,2019070301006399,SHIVM,7,52,200,627.00,"125,400.00"
2019-07-03,2019070301006366,SHIVM,38,21,500,625.00,"312,500.00"
2019-07-03,2019070301006365,SHIVM,48,21,500,625.00,"312,500.00"
2019-07-03,2019070301006364,SHIVM,25,21,10,625.00,"6,250.00"
2019-07-03,2019070301006346,SHIVM,38,21,100,626.00,"62,600.00"
2019-07-03,2019070301006345,SHIVM,5,21,200,626.00,"125,200.00"
2019-07-03,2019070301006202,SHIVM,19,52,100,627.00,"62,700.00"
2019-07-03,2019070301006432,SHL,14,43,300,233.00,"69,900.00"
2019-07-03,2019070301006371,SHL,14,43,180,233.00,"41,940.00"
2019-07-03,2019070301006299,SHL,56,32,190,234.00,"44,460.00"
2019-07-03,2019070301006298,SHL,56,40,110,234.00,"25,740.00"
2019-07-03,2019070301006297,SHL,56,40,200,234.00,"46,800.00"
2019-07-03,2019070301006195,SHL,29,14,"1,000",233.00,"233,000.00"
2019-07-03,2019070301006086,SHL,57,40,200,234.00,"46,800.00"
2019-07-03,2019070301006433,SHPC,16,11,10,258.00,"2,580.00"
2019-07-03,2019070301006360,SHPC,40,56,240,257.00,"61,680.00"
2019-07-03,2019070301006359,SHPC,40,58,200,256.00,"51,200.00"
2019-07-03,2019070301006358,SHPC,40,25,200,255.00,"51,000.00"
2019-07-03,2019070301006357,SHPC,40,56,250,255.00,"63,750.00"
2019-07-03,2019070301006102,SHPC,16,56,10,257.00,"2,570.00"
2019-07-03,2019070301006468,SIC,57,32,40,620.00,"24,800.00"
2019-07-03,2019070301006130,SICL,49,7,25,768.00,"19,200.00"
2019-07-03,2019070301006032,SIL,25,17,40,464.00,"18,560.00"
2019-07-03,2019070301006196,SINDU,25,41,105,135.00,"14,175.00"
2019-07-03,2019070301006070,SLBBL,51,42,100,485.00,"48,500.00"
2019-07-03,2019070301006162,SLBBL,46,52,100,486.00,"48,600.00"
2019-07-03,2019070301006326,SLBBL,46,32,100,486.00,"48,600.00"
2019-07-03,2019070301006348,SLICL,55,44,"1,500",470.00,"705,000.00"
2019-07-03,2019070301006279,SLICL,51,44,500,471.00,"235,500.00"
2019-07-03,2019070301006085,SLICL,6,35,10,477.00,"4,770.00"
2019-07-03,2019070301006084,SLICL,6,29,10,475.00,"4,750.00"
2019-07-03,2019070301006276,SMFDB,42,45,100,489.00,"48,900.00"
2019-07-03,2019070301006275,SMFDB,19,45,100,489.00,"48,900.00"
2019-07-03,2019070301006389,SPARS,36,7,10,450.00,"4,500.00"
2019-07-03,2019070301006367,SPARS,38,7,40,450.00,"18,000.00"
2019-07-03,2019070301006042,SRBL,53,54,73,256.00,"18,688.00"
2019-07-03,2019070301006041,SRBL,53,45,140,256.00,"35,840.00"
2019-07-03,2019070301006350,TRH,36,36,31,316.00,"9,796.00"
2019-07-03,2019070301006332,TRH,45,48,100,312.00,"31,200.00"
2019-07-03,2019070301006318,TRH,40,49,"2,000",315.00,"630,000.00"
2019-07-03,2019070301006317,TRH,40,32,288,315.00,"90,720.00"
2019-07-03,2019070301006419,UNL,3,3,10,"20,035.00","200,350.00"
2019-07-03,2019070301006514,UPPER,57,21,10,270.00,"2,700.00"
2019-07-03,2019070301006513,UPPER,52,21,30,270.00,"8,100.00"
2019-07-03,2019070301006491,UPPER,52,25,200,270.00,"54,000.00"
2019-07-03,2019070301006488,UPPER,52,13,40,270.00,"10,800.00"
2019-07-03,2019070301006440,UPPER,52,38,50,270.00,"13,500.00"
2019-07-03,2019070301006044,UPPER,59,43,588,270.00,"158,760.00"
2019-07-03,2019070301006028,UPPER,59,49,40,270.00,"10,800.00"
2019-07-03,2019070301006158,UPPER,56,43,200,271.00,"54,200.00"
2019-07-03,2019070301006157,UPPER,56,19,255,271.00,"69,105.00"
2019-07-03,2019070301006122,UPPER,6,8,293,269.00,"78,817.00"
2019-07-03,2019070301006094,UPPER,6,38,50,269.00,"13,450.00"
2019-07-03,2019070301006069,UPPER,6,38,50,269.00,"13,450.00"
2019-07-03,2019070301006253,UPPER,46,38,50,269.00,"13,450.00"
2019-07-03,2019070301006245,UPPER,6,42,7,269.00,"1,883.00"
2019-07-03,2019070301006244,UPPER,6,45,50,269.00,"13,450.00"
2019-07-03,2019070301006225,UPPER,6,45,40,269.00,"10,760.00"
2019-07-03,2019070301006159,UPPER,56,53,645,271.00,"174,795.00"
2019-07-03,2019070301006380,UPPER,17,16,50,270.00,"13,500.00"
2019-07-03,2019070301006308,UPPER,16,43,500,270.00,"135,000.00"
2019-07-03,2019070301006307,UPPER,16,6,"1,000",270.00,"270,000.00"
2019-07-03,2019070301006277,UPPER,46,38,50,269.00,"13,450.00"
2019-07-03,2019070301006268,UPPER,46,38,50,269.00,"13,450.00"
2019-07-03,2019070301006438,UPPER,52,8,180,270.00,"48,600.00"
2019-07-03,2019070301006437,UPPER,17,8,120,270.00,"32,400.00"
2019-07-03,2019070301006428,UPPER,17,38,50,270.00,"13,500.00"
2019-07-03,2019070301006416,UPPER,17,38,50,270.00,"13,500.00"
2019-07-03,2019070301006397,UPPER,17,38,50,270.00,"13,500.00"
2019-07-03,2019070301006388,UPPER,17,38,50,270.00,"13,500.00"
2019-07-03,2019070301005571,ADBL,50,46,500,415.00,"207,500.00"
2019-07-03,2019070301005570,ADBL,50,4,500,415.00,"207,500.00"
2019-07-03,2019070301005569,ADBL,50,14,"1,000",415.00,"415,000.00"
2019-07-03,2019070301005568,ADBL,50,25,200,415.00,"83,000.00"
2019-07-03,2019070301005567,ADBL,50,17,200,414.00,"82,800.00"
2019-07-03,2019070301005557,ADBL,5,17,200,414.00,"82,800.00"
2019-07-03,2019070301005544,ADBL,28,17,100,414.00,"41,400.00"
2019-07-03,2019070301005850,AHPC,53,37,36,110.00,"3,960.00"
2019-07-03,2019070301005831,AHPC,29,8,400,108.00,"43,200.00"
2019-07-03,2019070301005550,AHPC,29,28,53,108.00,"5,724.00"
2019-07-03,2019070301005541,AHPC,53,28,411,108.00,"44,388.00"
2019-07-03,2019070301005540,AHPC,53,41,53,107.00,"5,671.00"
2019-07-03,2019070301005651,AKPL,41,44,"2,000",190.00,"380,000.00"
2019-07-03,2019070301005650,AKPL,41,38,500,190.00,"95,000.00"
2019-07-03,2019070301005649,AKPL,41,22,39,190.00,"7,410.00"
2019-07-03,2019070301005629,AKPL,41,38,13,188.00,"2,444.00"
2019-07-03,2019070301005628,AKPL,41,38,13,188.00,"2,444.00"
2019-07-03,2019070301005627,AKPL,41,38,13,188.00,"2,444.00"
2019-07-03,2019070301005626,AKPL,41,38,13,188.00,"2,444.00"
2019-07-03,2019070301005625,AKPL,41,38,13,188.00,"2,444.00"
2019-07-03,2019070301005872,ALBSL,33,10,10,402.00,"4,020.00"
2019-07-03,2019070301005577,ALICL,16,57,20,390.00,"7,800.00"
2019-07-03,2019070301005564,ALICL,28,29,50,390.00,"19,500.00"
2019-07-03,2019070301005563,ALICL,28,48,50,390.00,"19,500.00"
2019-07-03,2019070301005714,API,6,26,500,144.00,"72,000.00"
2019-07-03,2019070301005685,API,39,26,100,144.00,"14,400.00"
2019-07-03,2019070301005644,API,37,26,"2,000",144.00,"288,000.00"
2019-07-03,2019070301005525,API,52,52,21,145.00,"3,045.00"
2019-07-03,2019070301005851,BARUN,34,22,10,93.00,930.00
2019-07-03,2019070301005844,BOKL,35,52,10,268.00,"2,680.00"
2019-07-03,2019070301005776,BOKL,1,13,42,265.00,"11,130.00"
2019-07-03,2019070301005691,BOKL,21,52,300,266.00,"79,800.00"
2019-07-03,2019070301005669,BOKL,1,26,144,265.00,"38,160.00"
2019-07-03,2019070301005957,CBL,45,6,1,152.00,152.00
2019-07-03,2019070301005956,CBL,45,6,70,152.00,"10,640.00"
2019-07-03,2019070301005923,CBL,45,49,83,153.00,"12,699.00"
2019-07-03,2019070301005922,CBL,45,37,917,153.00,"140,301.00"
2019-07-03,2019070301005886,CBL,34,37,700,153.00,"107,100.00"
2019-07-03,2019070301005885,CBL,45,49,929,152.00,"141,208.00"
2019-07-03,2019070301005645,CBL,42,49,100,153.00,"15,300.00"
2019-07-03,2019070301005596,CBL,20,49,200,153.00,"30,600.00"
2019-07-03,2019070301005588,CBL,41,49,183,153.00,"27,999.00"
2019-07-03,2019070301005587,CBL,41,58,817,153.00,"125,001.00"
2019-07-03,2019070301005555,CBL,32,58,150,153.00,"22,950.00"
2019-07-03,2019070301005823,CBL,34,32,"1,641",152.00,"249,432.00"
2019-07-03,2019070301005765,CBL,28,49,"1,000",153.00,"153,000.00"
2019-07-03,2019070301005749,CBL,52,49,200,153.00,"30,600.00"
2019-07-03,2019070301005724,CBL,45,49,700,153.00,"107,100.00"
2019-07-03,2019070301005688,CBL,34,55,100,152.00,"15,200.00"
2019-07-03,2019070301005661,CBL,14,49,500,153.00,"76,500.00"
2019-07-03,2019070301005860,CBL,7,37,"1,383",153.00,"211,599.00"
2019-07-03,2019070301005859,CBL,7,49,117,153.00,"17,901.00"
2019-07-03,2019070301005841,CBL,32,42,500,152.00,"76,000.00"
2019-07-03,2019070301005826,CBL,32,32,"2,359",152.00,"358,568.00"
2019-07-03,2019070301005825,CBL,45,32,500,152.00,"76,000.00"
2019-07-03,2019070301005824,CBL,45,32,500,152.00,"76,000.00"
2019-07-03,2019070301005884,CBL,14,49,200,152.00,"30,400.00"
2019-07-03,2019070301005883,CBL,40,49,100,152.00,"15,200.00"
2019-07-03,2019070301005882,CBL,49,49,330,152.00,"50,160.00"
2019-07-03,2019070301005881,CBL,32,49,"1,500",152.00,"228,000.00"
2019-07-03,2019070301005880,CBL,45,49,"1,000",152.00,"152,000.00"
2019-07-03,2019070301005879,CBL,32,49,"2,141",152.00,"325,432.00"
2019-07-03,2019070301005993,CCBL,40,28,200,183.00,"36,600.00"
2019-07-03,2019070301005955,CCBL,43,42,"2,000",184.00,"368,000.00"
2019-07-03,2019070301005954,CCBL,43,25,200,184.00,"36,800.00"
2019-07-03,2019070301005953,CCBL,43,58,"2,000",184.00,"368,000.00"
2019-07-03,2019070301005952,CCBL,43,17,500,184.00,"92,000.00"
2019-07-03,2019070301005951,CCBL,43,49,"1,000",184.00,"184,000.00"
2019-07-03,2019070301005548,CCBL,4,45,200,184.00,"36,800.00"
2019-07-03,2019070301005528,CCBL,4,16,400,184.00,"73,600.00"
2019-07-03,2019070301005523,CCBL,4,49,200,183.00,"36,600.00"
2019-07-03,2019070301005579,CCBL,59,45,100,184.00,"18,400.00"
2019-07-03,2019070301005573,CCBL,4,45,200,184.00,"36,800.00"
2019-07-03,2019070301005565,CCBL,4,45,200,184.00,"36,800.00"
2019-07-03,2019070301005560,CCBL,4,45,200,184.00,"36,800.00"
2019-07-03,2019070301005559,CCBL,4,18,20,183.00,"3,660.00"
2019-07-03,2019070301005556,CCBL,4,45,100,184.00,"18,400.00"
2019-07-03,2019070301005585,CCBL,59,58,"2,000",184.00,"368,000.00"
2019-07-03,2019070301005584,CCBL,59,52,430,184.00,"79,120.00"
2019-07-03,2019070301005583,CCBL,59,45,250,184.00,"46,000.00"
2019-07-03,2019070301005582,CCBL,59,16,200,184.00,"36,800.00"
2019-07-03,2019070301005581,CCBL,59,33,500,184.00,"92,000.00"
2019-07-03,2019070301005580,CCBL,59,32,80,184.00,"14,720.00"
2019-07-03,2019070301005595,CCBL,4,16,200,184.00,"36,800.00"
2019-07-03,2019070301005593,CCBL,59,16,200,184.00,"36,800.00"
2019-07-03,2019070301005592,CCBL,4,17,100,185.00,"18,500.00"
2019-07-03,2019070301005591,CCBL,4,8,200,185.00,"37,000.00"
2019-07-03,2019070301005590,CCBL,4,48,100,185.00,"18,500.00"
2019-07-03,2019070301005586,CCBL,59,21,200,184.00,"36,800.00"
2019-07-03,2019070301005638,CCBL,4,13,400,184.00,"73,600.00"
2019-07-03,2019070301005619,CCBL,4,46,600,184.00,"110,400.00"
2019-07-03,2019070301005618,CCBL,4,46,200,184.00,"36,800.00"
2019-07-03,2019070301005604,CCBL,4,46,199,184.00,"36,616.00"
2019-07-03,2019070301005603,CCBL,4,16,201,184.00,"36,984.00"
2019-07-03,2019070301005598,CCBL,4,16,200,184.00,"36,800.00"
2019-07-03,2019070301005707,CCBL,4,26,100,183.00,"18,300.00"
2019-07-03,2019070301005665,CCBL,42,26,"1,000",183.00,"183,000.00"
2019-07-03,2019070301005664,CCBL,25,26,300,183.00,"54,900.00"
2019-07-03,2019070301005663,CCBL,4,26,80,183.00,"14,640.00"
2019-07-03,2019070301005662,CCBL,49,8,500,184.00,"92,000.00"
2019-07-03,2019070301005647,CCBL,42,13,310,184.00,"57,040.00"
2019-07-03,2019070301005807,CCBL,51,32,"1,000",183.00,"183,000.00"
2019-07-03,2019070301005806,CCBL,51,26,"1,481",183.00,"271,023.00"
2019-07-03,2019070301005764,CCBL,43,26,380,183.00,"69,540.00"
2019-07-03,2019070301005763,CCBL,43,26,120,183.00,"21,960.00"
2019-07-03,2019070301005757,CCBL,14,1,500,182.00,"91,000.00"
2019-07-03,2019070301005730,CCBL,4,26,400,183.00,"73,200.00"
2019-07-03,2019070301005950,CCBL,43,38,290,184.00,"53,360.00"
2019-07-03,2019070301005940,CCBL,43,38,500,184.00,"92,000.00"
2019-07-03,2019070301005929,CCBL,43,38,210,184.00,"38,640.00"
2019-07-03,2019070301005928,CCBL,43,13,290,184.00,"53,360.00"
2019-07-03,2019070301005917,CCBL,28,58,200,183.00,"36,600.00"
2019-07-03,2019070301005916,CCBL,28,34,"1,000",183.00,"183,000.00"
2019-07-03,2019070301005729,CLBSL,54,38,10,500.00,"5,000.00"
2019-07-03,2019070301006000,CZBIL,50,38,10,225.00,"2,250.00"
2019-07-03,2019070301005939,CZBIL,21,6,235,226.00,"53,110.00"
2019-07-03,2019070301005938,CZBIL,21,21,10,226.00,"2,260.00"
2019-07-03,2019070301005937,CZBIL,21,45,255,226.00,"57,630.00"
2019-07-03,2019070301005748,CZBIL,54,45,150,226.00,"33,900.00"
2019-07-03,2019070301005742,CZBIL,50,13,60,225.00,"13,500.00"
2019-07-03,2019070301005741,CZBIL,49,13,440,225.00,"99,000.00"
2019-07-03,2019070301005602,CZBIL,49,22,60,225.00,"13,500.00"
2019-07-03,2019070301005792,DBBL,4,4,77,139.00,"10,703.00"
2019-07-03,2019070301005614,EBL,56,11,200,665.00,"133,000.00"
