Date,Transact. No.,Symbol,Buyer,Seller,Quantity,Rate,Amount
2020-01-05,2020010501008990,ADBL,26,32,200,363.00,"72,600.00"
2020-01-05,2020010501008846,ADBL,25,32,23,363.00,"8,349.00"
2020-01-05,2020010501008913,AKPL,25,7,"2,500",116.00,"290,000.00"
2020-01-05,2020010501009293,ALBSL,45,53,100,517.00,"51,700.00"
2020-01-05,2020010501009238,ALBSL,34,39,200,516.00,"103,200.00"
2020-01-05,2020010501009149,ALBSL,34,48,10,515.00,"5,150.00"
2020-01-05,2020010501009148,ALBSL,34,48,10,515.00,"5,150.00"
2020-01-05,2020010501009147,ALBSL,34,16,500,514.00,"257,000.00"
2020-01-05,2020010501009146,ALBSL,34,46,150,513.00,"76,950.00"
2020-01-05,2020010501009145,ALBSL,34,43,50,512.00,"25,600.00"
2020-01-05,2020010501009144,ALBSL,34,44,20,510.00,"10,200.00"
2020-01-05,2020010501009119,ALICL,14,52,50,379.00,"18,950.00"
2020-01-05,2020010501008811,ALICL,14,7,380,379.00,"144,020.00"
2020-01-05,2020010501008810,ALICL,34,7,20,380.00,"7,600.00"
2020-01-05,2020010501009088,API,25,7,100,109.00,"10,900.00"
2020-01-05,2020010501009061,API,52,52,10,108.00,"1,080.00"
2020-01-05,2020010501009262,BOKL,42,33,10,217.00,"2,170.00"
2020-01-05,2020010501009261,BOKL,42,41,850,216.00,"183,600.00"
2020-01-05,2020010501009260,BOKL,42,6,558,216.00,"120,528.00"
2020-01-05,2020010501008919,BOKL,22,13,569,215.00,"122,335.00"
2020-01-05,2020010501008918,BOKL,40,13,50,215.00,"10,750.00"
2020-01-05,2020010501008796,BOKL,39,53,161,215.00,"34,615.00"
2020-01-05,2020010501008917,BOKL,48,13,200,215.00,"43,000.00"
2020-01-05,2020010501008916,BOKL,25,13,181,215.00,"38,915.00"
2020-01-05,2020010501008898,BOKL,25,13,319,215.00,"68,585.00"
2020-01-05,2020010501008897,BOKL,22,13,200,215.00,"43,000.00"
2020-01-05,2020010501008896,BOKL,39,13,481,215.00,"103,415.00"
2020-01-05,2020010501008885,BOKL,39,38,458,215.00,"98,470.00"
2020-01-05,2020010501009222,CBBL,56,16,10,815.00,"8,150.00"
2020-01-05,2020010501008809,CBBL,34,52,20,805.00,"16,100.00"
2020-01-05,2020010501008808,CBBL,45,52,50,806.00,"40,300.00"
2020-01-05,2020010501008807,CBBL,34,52,20,807.00,"16,140.00"
2020-01-05,2020010501008806,CBBL,1,52,10,807.00,"8,070.00"
2020-01-05,2020010501009244,CBL,35,52,100,137.00,"13,700.00"
2020-01-05,2020010501009114,CBL,43,52,10,137.00,"1,370.00"
2020-01-05,2020010501009096,CBL,6,52,20,135.00,"2,700.00"
2020-01-05,2020010501008929,CBL,6,38,210,135.00,"28,350.00"
2020-01-05,2020010501008928,CBL,17,38,450,135.00,"60,750.00"
2020-01-05,2020010501008927,CBL,17,38,450,135.00,"60,750.00"
2020-01-05,2020010501008856,CBL,14,51,400,136.00,"54,400.00"
2020-01-05,2020010501008855,CBL,7,51,500,136.00,"68,000.00"
2020-01-05,2020010501008854,CBL,51,51,100,136.00,"13,600.00"
2020-01-05,2020010501008853,CBL,29,51,264,136.00,"35,904.00"
2020-01-05,2020010501008926,CBL,17,38,450,135.00,"60,750.00"
2020-01-05,2020010501008925,CBL,17,38,450,135.00,"60,750.00"
2020-01-05,2020010501008924,CBL,17,38,450,135.00,"60,750.00"
2020-01-05,2020010501008923,CBL,18,38,400,136.00,"54,400.00"
2020-01-05,2020010501008922,CBL,42,38,164,136.00,"22,304.00"
2020-01-05,2020010501008857,CBL,42,51,136,136.00,"18,496.00"
2020-01-05,2020010501009117,CCBL,38,57,"1,000",167.00,"167,000.00"
2020-01-05,2020010501008904,CCBL,17,57,50,167.00,"8,350.00"
2020-01-05,2020010501008871,CCBL,17,56,50,167.00,"8,350.00"
2020-01-05,2020010501009259,CFCL,32,59,50,119.00,"5,950.00"
2020-01-05,2020010501009127,CFCL,32,39,100,118.00,"11,800.00"
2020-01-05,2020010501008987,CHCL,25,51,20,366.00,"7,320.00"
2020-01-05,2020010501008986,CHCL,25,47,11,365.00,"4,015.00"
2020-01-05,2020010501008985,CHCL,25,28,151,365.00,"55,115.00"
2020-01-05,2020010501008984,CHCL,25,56,200,364.00,"72,800.00"
2020-01-05,2020010501009221,CIT,39,38,100,"2,089.00","208,900.00"
2020-01-05,2020010501009219,CIT,11,57,100,"2,083.00","208,300.00"
2020-01-05,2020010501009014,CIT,49,49,"1,000","2,085.00","2,085,000.00"
2020-01-05,2020010501009189,CZBIL,17,47,25,186.00,"4,650.00"
2020-01-05,2020010501008940,CZBIL,17,38,311,186.00,"57,846.00"
2020-01-05,2020010501009289,DBBL,4,44,75,146.00,"10,950.00"
2020-01-05,2020010501009288,DBBL,4,17,"1,000",145.00,"145,000.00"
2020-01-05,2020010501009287,DBBL,4,13,300,145.00,"43,500.00"
2020-01-05,2020010501009286,DBBL,4,17,500,145.00,"72,500.00"
2020-01-05,2020010501009285,DBBL,4,52,500,145.00,"72,500.00"
2020-01-05,2020010501009284,DBBL,4,58,50,145.00,"7,250.00"
2020-01-05,2020010501009071,DBBL,4,26,130,144.00,"18,720.00"
2020-01-05,2020010501008801,DBBL,6,33,700,143.00,"100,100.00"
2020-01-05,2020010501008800,DBBL,59,33,300,143.00,"42,900.00"
2020-01-05,2020010501009283,DBBL,4,59,"1,000",145.00,"145,000.00"
2020-01-05,2020010501009282,DBBL,4,25,500,145.00,"72,500.00"
2020-01-05,2020010501009281,DBBL,4,40,"2,175",145.00,"315,375.00"
2020-01-05,2020010501009074,DBBL,4,40,520,145.00,"75,400.00"
2020-01-05,2020010501009073,DBBL,4,57,250,144.00,"36,000.00"
2020-01-05,2020010501009072,DBBL,4,32,100,144.00,"14,400.00"
2020-01-05,2020010501009199,DDBL,14,28,86,906.00,"77,916.00"
2020-01-05,2020010501009100,DDBL,50,28,300,906.00,"271,800.00"
2020-01-05,2020010501009099,DDBL,50,39,100,906.00,"90,600.00"
2020-01-05,2020010501009085,DDBL,50,17,200,905.00,"181,000.00"
2020-01-05,2020010501009084,DDBL,50,58,200,904.00,"180,800.00"
2020-01-05,2020010501008978,DDBL,19,55,500,905.00,"452,500.00"
2020-01-05,2020010501008944,DDBL,26,32,20,901.00,"18,020.00"
2020-01-05,2020010501009022,DHPL,7,53,"1,690",49.98,"84,466.20"
2020-01-05,2020010501008936,EBL,16,52,106,542.00,"57,452.00"
2020-01-05,2020010501008935,EBL,16,16,44,542.00,"23,848.00"
2020-01-05,2020010501008934,EBL,16,53,50,541.00,"27,050.00"
2020-01-05,2020010501008859,EBL,45,19,50,539.00,"26,950.00"
2020-01-05,2020010501009056,EIC,42,57,100,274.00,"27,400.00"
2020-01-05,2020010501009257,FMDBL,57,59,50,342.00,"17,100.00"
2020-01-05,2020010501009256,FMDBL,57,59,50,342.00,"17,100.00"
2020-01-05,2020010501009247,FMDBL,38,59,50,342.00,"17,100.00"
2020-01-05,2020010501009130,FMDBL,42,59,50,342.00,"17,100.00"
2020-01-05,2020010501009080,FMDBL,41,5,100,340.00,"34,000.00"
2020-01-05,2020010501009079,FMDBL,41,44,500,340.00,"170,000.00"
2020-01-05,2020010501009078,FMDBL,41,43,50,340.00,"17,000.00"
2020-01-05,2020010501009008,FOWAD,8,21,10,"1,100.00","11,000.00"
2020-01-05,2020010501008844,FOWAD,56,29,50,"1,100.00","55,000.00"
2020-01-05,2020010501008823,FOWAD,56,22,40,"1,095.00","43,800.00"
2020-01-05,2020010501008977,GBBL,28,57,250,205.00,"51,250.00"
2020-01-05,2020010501008901,GBBL,28,22,500,205.00,"102,500.00"
2020-01-05,2020010501008865,GBBL,28,57,250,205.00,"51,250.00"
2020-01-05,2020010501009294,GBLBS,28,13,10,356.00,"3,560.00"
2020-01-05,2020010501009214,GBLBS,7,13,100,356.00,"35,600.00"
2020-01-05,2020010501009180,GBLBS,58,13,100,356.00,"35,600.00"
2020-01-05,2020010501009162,GBLBS,58,13,210,350.00,"73,500.00"
2020-01-05,2020010501009161,GBLBS,53,13,90,351.00,"31,590.00"
2020-01-05,2020010501009160,GBLBS,58,14,150,355.00,"53,250.00"
2020-01-05,2020010501008858,GBLBS,58,6,300,352.00,"105,600.00"
2020-01-05,2020010501008847,GBLBS,58,21,500,352.00,"176,000.00"
2020-01-05,2020010501008797,GBLBS,58,10,100,352.00,"35,200.00"
2020-01-05,2020010501009159,GBLBS,58,6,500,355.00,"177,500.00"
2020-01-05,2020010501009158,GBLBS,58,42,15,355.00,"5,325.00"
2020-01-05,2020010501009076,GBLBS,39,59,150,352.00,"52,800.00"
2020-01-05,2020010501009062,GBLBS,46,59,350,352.00,"123,200.00"
2020-01-05,2020010501008946,GBLBS,53,13,110,351.00,"38,610.00"
2020-01-05,2020010501008864,GBLBS,58,38,"1,095",352.00,"385,440.00"
2020-01-05,2020010501009278,GFCL,57,17,70,128.00,"8,960.00"
2020-01-05,2020010501009065,GGBSL,57,50,10,617.00,"6,170.00"
2020-01-05,2020010501009182,GILB,16,33,20,900.00,"18,000.00"
2020-01-05,2020010501009137,GLICL,38,50,129,461.00,"59,469.00"
2020-01-05,2020010501009136,GLICL,1,50,300,462.00,"138,600.00"
2020-01-05,2020010501009135,GLICL,39,50,100,462.00,"46,200.00"
2020-01-05,2020010501008958,GMFBS,39,28,120,593.00,"71,160.00"
2020-01-05,2020010501008957,GMFBS,39,1,50,593.00,"29,650.00"
2020-01-05,2020010501009290,HDL,45,53,100,"1,208.00","120,800.00"
2020-01-05,2020010501008979,HDL,34,57,50,"1,207.00","60,350.00"
2020-01-05,2020010501008950,HDL,7,45,50,"1,207.00","60,350.00"
2020-01-05,2020010501008869,HDL,7,39,50,"1,207.00","60,350.00"
2020-01-05,2020010501009275,HGI,34,35,"1,000",290.00,"290,000.00"
2020-01-05,2020010501009274,HGI,34,25,300,289.00,"86,700.00"
2020-01-05,2020010501009273,HGI,34,49,15,289.00,"4,335.00"
2020-01-05,2020010501009272,HGI,34,35,40,289.00,"11,560.00"
2020-01-05,2020010501009066,HGI,34,35,900,287.00,"258,300.00"
2020-01-05,2020010501009183,HIDCL,49,45,317,135.00,"42,795.00"
2020-01-05,2020010501009011,HIDCL,5,47,100,136.00,"13,600.00"
2020-01-05,2020010501009191,HPPL,5,4,20,146.00,"2,920.00"
2020-01-05,2020010501008905,HPPL,5,35,10,146.00,"1,460.00"
2020-01-05,2020010501008834,HURJA,58,41,50,107.00,"5,350.00"
2020-01-05,2020010501009143,ILBS,18,18,10,567.00,"5,670.00"
2020-01-05,2020010501009089,ILBS,33,3,10,568.00,"5,680.00"
2020-01-05,2020010501009237,JSLBB,51,45,10,"1,225.00","12,250.00"
2020-01-05,2020010501009229,KBL,58,43,10,181.00,"1,810.00"
2020-01-05,2020010501008976,KBL,40,38,64,179.00,"11,456.00"
2020-01-05,2020010501008975,KBL,14,38,122,179.00,"21,838.00"
2020-01-05,2020010501008974,KBL,42,38,300,180.00,"54,000.00"
2020-01-05,2020010501008973,KBL,17,38,154,180.00,"27,720.00"
2020-01-05,2020010501009164,KSBBL,57,38,184,135.00,"24,840.00"
2020-01-05,2020010501009194,LBBL,35,44,10,195.00,"1,950.00"
2020-01-05,2020010501009118,LBBL,19,44,20,196.00,"3,920.00"
2020-01-05,2020010501008907,LBBL,8,38,129,194.00,"25,026.00"
2020-01-05,2020010501008906,LBBL,14,38,76,195.00,"14,820.00"
2020-01-05,2020010501009121,LBL,55,52,24,195.00,"4,680.00"
2020-01-05,2020010501009120,LBL,34,52,740,195.00,"144,300.00"
2020-01-05,2020010501008812,LBL,50,17,"1,000",196.00,"196,000.00"
2020-01-05,2020010501009134,LLBS,38,33,203,740.00,"150,220.00"
2020-01-05,2020010501009006,LLBS,57,33,10,740.00,"7,400.00"
2020-01-05,2020010501009187,MBL,56,34,"3,150",220.00,"693,000.00"
2020-01-05,2020010501009132,MBL,37,49,418,221.00,"92,378.00"
2020-01-05,2020010501009060,MBL,38,49,572,221.00,"126,412.00"
2020-01-05,2020010501008825,MBL,56,58,785,220.00,"172,700.00"
2020-01-05,2020010501009151,MEGA,43,41,10,188.00,"1,880.00"
2020-01-05,2020010501009150,MEGA,43,22,100,187.00,"18,700.00"
2020-01-05,2020010501008989,MEGA,11,52,543,187.00,"101,541.00"
2020-01-05,2020010501008930,MERO,45,6,141,468.00,"65,988.00"
2020-01-05,2020010501008911,MERO,45,25,59,468.00,"27,612.00"
2020-01-05,2020010501009213,MFIL,33,6,500,141.00,"70,500.00"
2020-01-05,2020010501009212,MFIL,33,25,50,141.00,"7,050.00"
2020-01-05,2020010501009266,MLBL,14,38,898,175.00,"157,150.00"
2020-01-05,2020010501009265,MLBL,57,38,500,175.00,"87,500.00"
2020-01-05,2020010501008902,MNBBL,14,40,70,280.00,"19,600.00"
2020-01-05,2020010501008850,MNBBL,6,40,100,281.00,"28,100.00"
2020-01-05,2020010501008849,MNBBL,1,40,30,281.00,"8,430.00"
2020-01-05,2020010501009166,MSLB,7,53,10,809.00,"8,090.00"
2020-01-05,2020010501009095,MSMBS,49,49,10,580.00,"5,800.00"
2020-01-05,2020010501009063,MSMBS,28,29,12,576.00,"6,912.00"
2020-01-05,2020010501008991,MSMBS,34,49,10,580.00,"5,800.00"
2020-01-05,2020010501009233,NABIL,50,53,500,697.00,"348,500.00"
2020-01-05,2020010501009007,NABIL,47,8,100,698.00,"69,800.00"
2020-01-05,2020010501009064,NADEP,32,46,150,516.00,"77,400.00"
2020-01-05,2020010501009050,NADEP,32,46,450,516.00,"232,200.00"
2020-01-05,2020010501009049,NADEP,32,34,50,515.00,"25,750.00"
2020-01-05,2020010501009048,NADEP,32,44,100,514.00,"51,400.00"
2020-01-05,2020010501009251,NBB,56,40,"1,000",192.00,"192,000.00"
2020-01-05,2020010501009250,NBB,56,22,500,192.00,"96,000.00"
2020-01-05,2020010501009249,NBB,56,58,300,192.00,"57,600.00"
2020-01-05,2020010501009248,NBB,56,33,670,192.00,"128,640.00"
2020-01-05,2020010501009218,NBB,34,13,"1,000",191.00,"191,000.00"
2020-01-05,2020010501009113,NBB,17,25,300,191.00,"57,300.00"
2020-01-05,2020010501008910,NBB,17,34,200,191.00,"38,200.00"
2020-01-05,2020010501009270,NBL,14,32,100,270.00,"27,000.00"
2020-01-05,2020010501009269,NBL,14,50,500,269.00,"134,500.00"
2020-01-05,2020010501009268,NBL,14,32,500,269.00,"134,500.00"
2020-01-05,2020010501009167,NBL,14,32,500,269.00,"134,500.00"
2020-01-05,2020010501009126,NBL,43,32,10,270.00,"2,700.00"
2020-01-05,2020010501009097,NBL,14,46,300,268.00,"80,400.00"
2020-01-05,2020010501009081,NBL,43,32,10,270.00,"2,700.00"
2020-01-05,2020010501008996,NBL,14,32,"1,000",269.00,"269,000.00"
2020-01-05,2020010501008995,NBL,14,32,845,269.00,"227,305.00"
2020-01-05,2020010501008994,NBL,14,32,"1,500",269.00,"403,500.00"
2020-01-05,2020010501008833,NBL,14,44,200,268.00,"53,600.00"
2020-01-05,2020010501009122,NCCB,33,40,100,203.00,"20,300.00"
2020-01-05,2020010501008799,NCCB,8,41,476,202.00,"96,152.00"
2020-01-05,2020010501008798,NCCB,58,41,24,202.00,"4,848.00"
2020-01-05,2020010501009157,NEF,52,17,"1,000",7.60,"7,600.00"
2020-01-05,2020010501009156,NEF,6,17,500,7.60,"3,800.00"
2020-01-05,2020010501009155,NEF,6,17,500,7.60,"3,800.00"
2020-01-05,2020010501009154,NEF,28,17,"4,000",7.60,"30,400.00"
2020-01-05,2020010501009153,NEF,49,17,"4,000",7.60,"30,400.00"
2020-01-05,2020010501008908,NEF,8,28,"2,103",7.63,"16,045.89"
2020-01-05,2020010501009243,NIB,28,26,"1,500",393.00,"589,500.00"
2020-01-05,2020010501009193,NIB,28,47,89,393.00,"34,977.00"
2020-01-05,2020010501009192,NIB,19,47,111,393.00,"43,623.00"
2020-01-05,2020010501009188,NIB,19,16,39,393.00,"15,327.00"
2020-01-05,2020010501009075,NIB,19,28,550,393.00,"216,150.00"
2020-01-05,2020010501009013,NIB,59,50,50,394.00,"19,700.00"
2020-01-05,2020010501008939,NIBPO,28,20,391,367.00,"143,497.00"
2020-01-05,2020010501009292,NICA,48,34,500,427.00,"213,500.00"
2020-01-05,2020010501009236,NICA,52,49,17,426.00,"7,242.00"
2020-01-05,2020010501009235,NICA,52,49,10,424.00,"4,240.00"
2020-01-05,2020010501009234,NICA,38,49,20,424.00,"8,480.00"
2020-01-05,2020010501009225,NICA,7,49,183,426.00,"77,958.00"
2020-01-05,2020010501009224,NICA,7,58,17,426.00,"7,242.00"
2020-01-05,2020010501009171,NICA,42,32,50,425.00,"21,250.00"
2020-01-05,2020010501009077,NICA,47,49,100,426.00,"42,600.00"
2020-01-05,2020010501008948,NICA,54,36,110,425.00,"46,750.00"
2020-01-05,2020010501008947,NICA,54,56,"1,000",425.00,"425,000.00"
2020-01-05,2020010501008914,NICA,10,57,120,423.00,"50,760.00"
2020-01-05,2020010501009215,NICA,58,58,500,426.00,"213,000.00"
2020-01-05,2020010501009185,NICA,6,58,83,426.00,"35,358.00"
2020-01-05,2020010501009184,NICA,6,49,17,426.00,"7,242.00"
2020-01-05,2020010501009174,NICA,38,32,60,424.00,"25,440.00"
2020-01-05,2020010501009173,NICA,26,32,500,424.00,"212,000.00"
2020-01-05,2020010501009172,NICA,54,32,"1,890",424.00,"801,360.00"
2020-01-05,2020010501009138,NICL,7,34,273,309.00,"84,357.00"
2020-01-05,2020010501009091,NICL,7,56,727,314.00,"228,278.00"
2020-01-05,2020010501009057,NICL,43,56,10,314.00,"3,140.00"
2020-01-05,2020010501008867,NICL,33,52,10,308.00,"3,080.00"
2020-01-05,2020010501008866,NICL,38,52,149,308.00,"45,892.00"
2020-01-05,2020010501009264,NIL,34,22,166,425.00,"70,550.00"
2020-01-05,2020010501009142,NIL,34,57,92,425.00,"39,100.00"
2020-01-05,2020010501009141,NIL,34,49,300,425.00,"127,500.00"
2020-01-05,2020010501009140,NIL,34,38,350,425.00,"148,750.00"
2020-01-05,2020010501009139,NIL,34,16,50,424.00,"21,200.00"
2020-01-05,2020010501008895,NIL,34,38,650,425.00,"276,250.00"
2020-01-05,2020010501008888,NIL,34,32,100,422.00,"42,200.00"
2020-01-05,2020010501008887,NIL,34,54,60,422.00,"25,320.00"
2020-01-05,2020010501008852,NIL,34,55,154,421.00,"64,834.00"
2020-01-05,2020010501008829,NIL,34,22,500,420.00,"210,000.00"
2020-01-05,2020010501008894,NIL,34,38,100,425.00,"42,500.00"
2020-01-05,2020010501008893,NIL,34,45,"1,080",425.00,"459,000.00"
2020-01-05,2020010501008892,NIL,34,16,10,425.00,"4,250.00"
2020-01-05,2020010501008891,NIL,34,44,200,425.00,"85,000.00"
2020-01-05,2020010501008890,NIL,34,25,200,424.00,"84,800.00"
2020-01-05,2020010501008889,NIL,34,44,100,423.00,"42,300.00"
2020-01-05,2020010501009267,NLBBL,25,47,10,513.00,"5,130.00"
2020-01-05,2020010501009163,NLBBL,25,47,12,513.00,"6,156.00"
2020-01-05,2020010501009070,NLBBL,32,50,200,507.00,"101,400.00"
2020-01-05,2020010501009069,NLBBL,8,50,50,508.00,"25,400.00"
2020-01-05,2020010501009068,NLBBL,26,50,50,510.00,"25,500.00"
2020-01-05,2020010501009245,NLIC,49,22,10,965.00,"9,650.00"
2020-01-05,2020010501009094,NLIC,1,44,17,961.00,"16,337.00"
2020-01-05,2020010501009093,NLIC,42,44,33,961.00,"31,713.00"
2020-01-05,2020010501009092,NLIC,19,44,50,962.00,"48,100.00"
2020-01-05,2020010501009010,NLIC,6,42,200,965.00,"193,000.00"
2020-01-05,2020010501009009,NLIC,6,44,22,964.00,"21,208.00"
2020-01-05,2020010501008875,NLIC,39,55,44,962.00,"42,328.00"
2020-01-05,2020010501008832,NLIC,42,42,37,961.00,"35,557.00"
2020-01-05,2020010501008802,NLIC,42,44,22,961.00,"21,142.00"
2020-01-05,2020010501008983,NLIC,42,38,75,961.00,"72,075.00"
2020-01-05,2020010501008982,NLIC,35,38,25,962.00,"24,050.00"
2020-01-05,2020010501008949,NLIC,35,41,25,962.00,"24,050.00"
2020-01-05,2020010501008884,NLIC,46,41,25,962.00,"24,050.00"
2020-01-05,2020010501008877,NLIC,42,55,28,961.00,"26,908.00"
2020-01-05,2020010501008876,NLIC,46,55,18,962.00,"17,316.00"
2020-01-05,2020010501009280,NLICL,37,53,400,489.00,"195,600.00"
2020-01-05,2020010501009279,NLICL,26,53,500,489.00,"244,500.00"
2020-01-05,2020010501008972,NLICL,14,39,600,490.00,"294,000.00"
2020-01-05,2020010501008971,NLICL,16,39,500,490.00,"245,000.00"
2020-01-05,2020010501008970,NLICL,21,39,110,490.00,"53,900.00"
2020-01-05,2020010501008969,NLICL,38,39,20,490.00,"9,800.00"
2020-01-05,2020010501008968,NLICL,52,39,100,490.00,"49,000.00"
2020-01-05,2020010501008915,NLICL,26,39,100,491.00,"49,100.00"
2020-01-05,2020010501008851,NLICL,16,55,100,491.00,"49,100.00"
2020-01-05,2020010501009220,NMB,55,8,500,329.00,"164,500.00"
2020-01-05,2020010501009023,NMB,40,4,"1,000",327.00,"327,000.00"
2020-01-05,2020010501009021,NMB,36,8,201,329.00,"66,129.00"
2020-01-05,2020010501009020,NMB,36,14,100,329.00,"32,900.00"
2020-01-05,2020010501009019,NMB,36,45,439,329.00,"144,431.00"
2020-01-05,2020010501009018,NMB,36,38,100,328.00,"32,800.00"
2020-01-05,2020010501009017,NMB,36,35,500,328.00,"164,000.00"
2020-01-05,2020010501009016,NMB,36,38,150,328.00,"49,200.00"
2020-01-05,2020010501009015,NMB,36,26,10,328.00,"3,280.00"
2020-01-05,2020010501008981,NMB,57,26,90,328.00,"29,520.00"
2020-01-05,2020010501008980,NMB,57,41,60,328.00,"19,680.00"
2020-01-05,2020010501008903,NMB,6,41,50,328.00,"16,400.00"
2020-01-05,2020010501009258,NNLB,56,10,10,533.00,"5,330.00"
2020-01-05,2020010501009186,NNLB,56,19,50,523.00,"26,150.00"
2020-01-05,2020010501009035,NTC,4,49,60,615.00,"36,900.00"
2020-01-05,2020010501009034,NTC,4,49,50,615.00,"30,750.00"
2020-01-05,2020010501009033,NTC,4,49,50,615.00,"30,750.00"
2020-01-05,2020010501009032,NTC,4,49,50,615.00,"30,750.00"
2020-01-05,2020010501009031,NTC,4,49,80,615.00,"49,200.00"
2020-01-05,2020010501009030,NTC,43,49,10,616.00,"6,160.00"
2020-01-05,2020010501009041,NTC,4,49,50,615.00,"30,750.00"
2020-01-05,2020010501009040,NTC,4,49,70,615.00,"43,050.00"
2020-01-05,2020010501009039,NTC,4,49,50,615.00,"30,750.00"
2020-01-05,2020010501009038,NTC,4,49,40,615.00,"24,600.00"
2020-01-05,2020010501009037,NTC,4,49,60,615.00,"36,900.00"
2020-01-05,2020010501009036,NTC,4,49,40,615.00,"24,600.00"
2020-01-05,2020010501009047,NTC,4,49,110,615.00,"67,650.00"
2020-01-05,2020010501009046,NTC,4,49,50,615.00,"30,750.00"
2020-01-05,2020010501009045,NTC,4,49,50,615.00,"30,750.00"
2020-01-05,2020010501009044,NTC,4,49,90,615.00,"55,350.00"
2020-01-05,2020010501009043,NTC,4,49,40,615.00,"24,600.00"
2020-01-05,2020010501009042,NTC,4,49,50,615.00,"30,750.00"
2020-01-05,2020010501009276,NUBL,17,49,120,813.00,"97,560.00"
2020-01-05,2020010501009152,NUBL,42,43,30,812.00,"24,360.00"
2020-01-05,2020010501008937,NUBL,42,6,15,812.00,"12,180.00"
2020-01-05,2020010501008886,NUBL,42,6,35,812.00,"28,420.00"
2020-01-05,2020010501008827,NUBL,26,6,50,810.00,"40,500.00"
2020-01-05,2020010501008826,NUBL,58,6,100,810.00,"81,000.00"
2020-01-05,2020010501009263,OHL,38,7,11,478.00,"5,258.00"
2020-01-05,2020010501009217,OHL,34,7,10,478.00,"4,780.00"
2020-01-05,2020010501009216,OHL,34,26,52,474.00,"24,648.00"
2020-01-05,2020010501009129,OHL,34,49,67,473.00,"31,691.00"
2020-01-05,2020010501009128,OHL,52,49,834,474.00,"395,316.00"
2020-01-05,2020010501008932,OHL,10,55,23,474.00,"10,902.00"
2020-01-05,2020010501009083,OHL,52,46,166,474.00,"78,684.00"
2020-01-05,2020010501009082,OHL,10,46,334,474.00,"158,316.00"
2020-01-05,2020010501009051,OHL,38,7,10,478.00,"4,780.00"
2020-01-05,2020010501009053,PCBL,47,34,100,240.00,"24,000.00"
2020-01-05,2020010501009098,PFL,13,59,"1,700",134.00,"227,800.00"
2020-01-05,2020010501009232,PIC,38,33,300,414.00,"124,200.00"
2020-01-05,2020010501009231,PIC,38,41,100,414.00,"41,400.00"
2020-01-05,2020010501009059,PIC,41,52,11,414.00,"4,554.00"
2020-01-05,2020010501009090,PLIC,34,26,258,370.00,"95,460.00"
2020-01-05,2020010501008961,PLIC,34,49,200,370.00,"74,000.00"
2020-01-05,2020010501008874,PLIC,48,1,34,373.00,"12,682.00"
2020-01-05,2020010501008873,PLIC,48,53,579,372.00,"215,388.00"
2020-01-05,2020010501008872,PLIC,48,32,87,371.00,"32,277.00"
2020-01-05,2020010501008815,PLIC,43,32,200,371.00,"74,200.00"
2020-01-05,2020010501008814,PLIC,53,32,13,371.00,"4,823.00"
2020-01-05,2020010501008992,PPCL,6,35,10,111.00,"1,110.00"
2020-01-05,2020010501009200,PRVU,28,34,10,227.00,"2,270.00"
2020-01-05,2020010501008963,PRVU,25,34,208,225.00,"46,800.00"
2020-01-05,2020010501008962,PRVU,49,34,649,226.00,"146,674.00"
2020-01-05,2020010501008845,PRVU,49,42,200,226.00,"45,200.00"
2020-01-05,2020010501009002,PRVU,35,38,100,225.00,"22,500.00"
2020-01-05,2020010501009001,PRVU,1,38,357,225.00,"80,325.00"
2020-01-05,2020010501008967,PRVU,1,34,143,225.00,"32,175.00"
2020-01-05,2020010501008966,PRVU,37,34,"1,000",225.00,"225,000.00"
2020-01-05,2020010501008965,PRVU,51,34,"1,000",225.00,"225,000.00"
2020-01-05,2020010501008964,PRVU,56,34,"1,000",225.00,"225,000.00"
2020-01-05,2020010501009005,PRVU,47,38,"1,255",225.00,"282,375.00"
2020-01-05,2020010501009004,PRVU,47,38,100,225.00,"22,500.00"
2020-01-05,2020010501009003,PRVU,29,38,"1,000",225.00,"225,000.00"
2020-01-05,2020010501009241,RHPL,39,18,10,169.00,"1,690.00"
2020-01-05,2020010501009058,RHPL,39,4,10,169.00,"1,690.00"
2020-01-05,2020010501009115,RMDC,8,57,100,565.00,"56,500.00"
2020-01-05,2020010501009116,RRHP,47,35,10,97.00,970.00
2020-01-05,2020010501008860,RSDC,45,58,100,336.00,"33,600.00"
2020-01-05,2020010501009179,SABSL,52,45,150,600.00,"90,000.00"
2020-01-05,2020010501009178,SABSL,52,22,165,600.00,"99,000.00"
2020-01-05,2020010501009177,SABSL,52,14,100,600.00,"60,000.00"
2020-01-05,2020010501009176,SABSL,52,46,100,600.00,"60,000.00"
2020-01-05,2020010501009175,SABSL,52,38,10,600.00,"6,000.00"
2020-01-05,2020010501009105,SADBL,4,39,567,145.00,"82,215.00"
2020-01-05,2020010501009104,SADBL,4,26,206,144.00,"29,664.00"
2020-01-05,2020010501009103,SADBL,4,21,"2,000",144.00,"288,000.00"
2020-01-05,2020010501009102,SADBL,4,56,227,144.00,"32,688.00"
2020-01-05,2020010501008883,SADBL,4,56,773,144.00,"111,312.00"
2020-01-05,2020010501008882,SADBL,4,19,227,142.00,"32,234.00"
2020-01-05,2020010501008868,SAEF,43,6,"3,000",8.80,"26,400.00"
2020-01-05,2020010501008878,SANIMA,43,42,296,318.00,"94,128.00"
2020-01-05,2020010501009133,SBI,45,58,10,368.00,"3,680.00"
2020-01-05,2020010501009228,SBL,11,51,100,290.00,"29,000.00"
2020-01-05,2020010501009227,SBL,11,8,200,290.00,"58,000.00"
2020-01-05,2020010501009226,SBL,11,6,300,290.00,"87,000.00"
2020-01-05,2020010501008804,SBL,11,13,200,288.00,"57,600.00"
2020-01-05,2020010501008803,SBL,40,13,300,288.00,"86,400.00"
2020-01-05,2020010501009168,SCB,4,17,155,548.00,"84,940.00"
2020-01-05,2020010501009123,SCB,16,21,500,550.00,"275,000.00"
2020-01-05,2020010501008921,SCB,4,21,45,548.00,"24,660.00"
2020-01-05,2020010501008920,SCB,45,21,55,548.00,"30,140.00"
2020-01-05,2020010501009087,SDESI,8,58,50,614.00,"30,700.00"
2020-01-05,2020010501009198,SFCL,1,41,20,97.00,"1,940.00"
2020-01-05,2020010501009197,SFCL,41,41,100,98.00,"9,800.00"
2020-01-05,2020010501009054,SFFIL,47,46,800,194.00,"155,200.00"
2020-01-05,2020010501009277,SHINE,42,44,10,237.00,"2,370.00"
2020-01-05,2020010501009255,SHIVM,32,50,80,490.00,"39,200.00"
2020-01-05,2020010501009254,SHIVM,32,54,90,490.00,"44,100.00"
2020-01-05,2020010501009253,SHIVM,32,29,290,489.00,"141,810.00"
2020-01-05,2020010501009252,SHIVM,32,39,40,489.00,"19,560.00"
2020-01-05,2020010501009223,SHIVM,18,39,10,489.00,"4,890.00"
2020-01-05,2020010501009211,SHIVM,49,39,50,489.00,"24,450.00"
2020-01-05,2020010501008835,SHIVM,49,51,700,485.00,"339,500.00"
2020-01-05,2020010501008831,SHIVM,49,7,300,485.00,"145,500.00"
2020-01-05,2020010501008830,SHIVM,42,46,800,486.00,"388,800.00"
2020-01-05,2020010501008828,SHIVM,49,29,601,485.00,"291,485.00"
2020-01-05,2020010501008818,SHIVM,49,39,200,485.00,"97,000.00"
2020-01-05,2020010501008912,SHIVM,32,40,400,486.00,"194,400.00"
2020-01-05,2020010501008909,SHIVM,32,21,500,486.00,"243,000.00"
2020-01-05,2020010501008900,SHIVM,32,34,500,486.00,"243,000.00"
2020-01-05,2020010501008881,SHIVM,49,34,331,485.00,"160,535.00"
2020-01-05,2020010501008880,SHIVM,26,34,50,485.00,"24,250.00"
2020-01-05,2020010501008879,SHIVM,49,34,119,485.00,"57,715.00"
2020-01-05,2020010501009026,SHIVM,32,19,"1,100",486.00,"534,600.00"
2020-01-05,2020010501009025,SHIVM,6,51,300,487.00,"146,100.00"
2020-01-05,2020010501008998,SHIVM,36,51,100,487.00,"48,700.00"
2020-01-05,2020010501008988,SHIVM,35,51,25,487.00,"12,175.00"
2020-01-05,2020010501008945,SHIVM,32,49,500,486.00,"243,000.00"
2020-01-05,2020010501008931,SHIVM,6,51,20,487.00,"9,740.00"
2020-01-05,2020010501009125,SHIVM,16,53,100,486.00,"48,600.00"
2020-01-05,2020010501009124,SHIVM,57,53,100,486.00,"48,600.00"
2020-01-05,2020010501009086,SHIVM,37,51,55,487.00,"26,785.00"
2020-01-05,2020010501009029,SHIVM,57,19,100,486.00,"48,600.00"
2020-01-05,2020010501009028,SHIVM,38,19,100,486.00,"48,600.00"
2020-01-05,2020010501009027,SHIVM,16,19,200,486.00,"97,200.00"
2020-01-05,2020010501009210,SHIVM,49,7,200,489.00,"97,800.00"
2020-01-05,2020010501009209,SHIVM,49,45,150,489.00,"73,350.00"
2020-01-05,2020010501009208,SHIVM,49,58,50,486.00,"24,300.00"
2020-01-05,2020010501009207,SHIVM,45,58,50,486.00,"24,300.00"
2020-01-05,2020010501009196,SHIVM,49,34,950,485.00,"460,750.00"
2020-01-05,2020010501009195,SHIVM,16,34,50,486.00,"24,300.00"
2020-01-05,2020010501009240,SHL,51,50,300,198.00,"59,400.00"
2020-01-05,2020010501009239,SHL,57,50,900,198.00,"178,200.00"
2020-01-05,2020010501008837,SHL,57,6,100,198.00,"19,800.00"
2020-01-05,2020010501008822,SHPC,17,37,50,168.00,"8,400.00"
2020-01-05,2020010501008821,SHPC,53,37,50,169.00,"8,450.00"
2020-01-05,2020010501008899,SIC,6,34,100,504.00,"50,400.00"
2020-01-05,2020010501009052,SICL,43,50,20,857.00,"17,140.00"
2020-01-05,2020010501009000,SICL,14,53,20,852.00,"17,040.00"
2020-01-05,2020010501008999,SICL,45,53,10,853.00,"8,530.00"
2020-01-05,2020010501009246,SIFC,4,32,20,141.00,"2,820.00"
2020-01-05,2020010501009295,SJCL,10,18,10,156.00,"1,560.00"
2020-01-05,2020010501009181,SJCL,10,35,10,156.00,"1,560.00"
2020-01-05,2020010501009012,SJCL,11,19,45,158.00,"7,110.00"
2020-01-05,2020010501008817,SJCL,10,16,10,156.00,"1,560.00"
2020-01-05,2020010501008955,SJCL,38,21,10,158.00,"1,580.00"
2020-01-05,2020010501008954,SJCL,38,21,20,158.00,"3,160.00"
2020-01-05,2020010501008953,SJCL,38,21,20,158.00,"3,160.00"
2020-01-05,2020010501008952,SJCL,38,48,20,158.00,"3,160.00"
2020-01-05,2020010501008951,SJCL,38,54,20,158.00,"3,160.00"
2020-01-05,2020010501008824,SJCL,10,21,20,156.00,"3,120.00"
2020-01-05,2020010501008836,SKBBL,5,1,50,870.00,"43,500.00"
2020-01-05,2020010501009242,SLBBL,34,37,10,585.00,"5,850.00"
2020-01-05,2020010501009112,SLBBL,17,39,449,590.00,"264,910.00"
2020-01-05,2020010501009111,SLBBL,17,56,51,590.00,"30,090.00"
2020-01-05,2020010501009110,SLBBL,17,57,100,590.00,"59,000.00"
2020-01-05,2020010501009109,SLBBL,17,48,100,590.00,"59,000.00"
2020-01-05,2020010501008862,SLBBL,34,37,500,584.00,"292,000.00"
2020-01-05,2020010501008816,SLBBL,58,25,25,585.00,"14,625.00"
2020-01-05,2020010501009108,SLBBL,17,45,100,589.00,"58,900.00"
2020-01-05,2020010501009107,SLBBL,17,51,100,589.00,"58,900.00"
2020-01-05,2020010501009106,SLBBL,17,58,100,588.00,"58,800.00"
2020-01-05,2020010501009024,SLBBL,34,25,75,585.00,"43,875.00"
2020-01-05,2020010501009230,SLBSL,46,34,70,610.00,"42,700.00"
2020-01-05,2020010501009165,SLBSL,22,32,20,622.00,"12,440.00"
2020-01-05,2020010501009131,SLBSL,22,44,18,620.00,"11,160.00"
2020-01-05,2020010501008938,SLBSL,46,21,10,610.00,"6,100.00"
2020-01-05,2020010501008943,SLICL,50,42,91,309.00,"28,119.00"
2020-01-05,2020010501008942,SLICL,50,59,100,309.00,"30,900.00"
2020-01-05,2020010501008941,SLICL,50,48,132,309.00,"40,788.00"
2020-01-05,2020010501008848,SLICL,53,53,500,308.00,"154,000.00"
2020-01-05,2020010501008813,SLICL,57,37,113,305.00,"34,465.00"
2020-01-05,2020010501009271,SMB,21,45,10,598.00,"5,980.00"
2020-01-05,2020010501008870,SMFDB,34,57,10,573.00,"5,730.00"
2020-01-05,2020010501009101,SPARS,32,51,50,598.00,"29,900.00"
2020-01-05,2020010501008843,SPARS,32,44,10,597.00,"5,970.00"
2020-01-05,2020010501008842,SPARS,32,21,10,596.00,"5,960.00"
2020-01-05,2020010501008841,SPARS,32,48,10,592.00,"5,920.00"
2020-01-05,2020010501008840,SPARS,32,21,10,579.00,"5,790.00"
2020-01-05,2020010501008839,SPARS,32,38,10,579.00,"5,790.00"
2020-01-05,2020010501008838,SPARS,32,38,10,579.00,"5,790.00"
2020-01-05,2020010501009067,SPDL,25,45,20,95.00,"1,900.00"
2020-01-05,2020010501009055,SPDL,25,45,40,94.00,"3,760.00"
2020-01-05,2020010501008820,SPDL,29,56,147,93.00,"13,671.00"
2020-01-05,2020010501008819,SPDL,29,56,17,92.00,"1,564.00"
2020-01-05,2020010501009170,STC,46,45,90,"2,005.00","180,450.00"
2020-01-05,2020010501009169,STC,46,40,80,"2,004.00","160,320.00"
2020-01-05,2020010501008933,STC,25,45,10,"2,005.00","20,050.00"
2020-01-05,2020010501008993,SWBBL,50,22,10,889.00,"8,890.00"
2020-01-05,2020010501008956,SWBBL,50,45,200,880.00,"176,000.00"
2020-01-05,2020010501009206,TMDBL,4,59,"3,000",156.00,"468,000.00"
2020-01-05,2020010501009205,TMDBL,4,17,66,156.00,"10,296.00"
2020-01-05,2020010501009204,TMDBL,4,3,20,156.00,"3,120.00"
2020-01-05,2020010501009203,TMDBL,4,25,50,156.00,"7,800.00"
2020-01-05,2020010501009202,TMDBL,4,48,562,156.00,"87,672.00"
2020-01-05,2020010501009201,TMDBL,4,57,750,155.00,"116,250.00"
2020-01-05,2020010501008997,TRH,20,38,100,287.00,"28,700.00"
2020-01-05,2020010501009190,UIC,5,47,10,293.00,"2,930.00"
2020-01-05,2020010501009291,UPPER,48,45,10,237.00,"2,370.00"
2020-01-05,2020010501008863,UPPER,7,53,50,235.00,"11,750.00"
2020-01-05,2020010501008861,UPPER,45,42,240,235.00,"56,400.00"
2020-01-05,2020010501008805,UPPER,19,45,40,237.00,"9,480.00"
2020-01-05,2020010501008960,UPPER,7,21,40,236.00,"9,440.00"
2020-01-05,2020010501008959,UPPER,34,21,10,236.00,"2,360.00"
2020-01-05,2020010501008758,ADBL,45,32,50,363.00,"18,150.00"
2020-01-05,2020010501008600,ADBL,47,32,100,363.00,"36,300.00"
2020-01-05,2020010501008454,AKJCL,37,14,60,57.00,"3,420.00"
2020-01-05,2020010501008749,ALBSL,36,16,10,506.00,"5,060.00"
2020-01-05,2020010501008663,ALBSL,36,14,10,506.00,"5,060.00"
2020-01-05,2020010501008658,ALBSL,36,42,10,506.00,"5,060.00"
2020-01-05,2020010501008539,API,25,7,100,109.00,"10,900.00"
2020-01-05,2020010501008394,API,40,53,500,107.00,"53,500.00"
2020-01-05,2020010501008393,API,57,53,100,107.00,"10,700.00"
2020-01-05,2020010501008391,API,49,11,200,108.00,"21,600.00"
2020-01-05,2020010501008314,API,25,7,100,109.00,"10,900.00"
2020-01-05,2020010501008602,BFC,8,53,13,84.00,"1,092.00"
2020-01-05,2020010501008363,BFC,1,53,220,85.00,"18,700.00"
2020-01-05,2020010501008362,BFC,7,53,257,85.00,"21,845.00"
2020-01-05,2020010501008361,BFC,14,53,10,86.00,860.00
2020-01-05,2020010501008795,BOKL,50,53,329,215.00,"70,735.00"
2020-01-05,2020010501008472,CBBL,44,4,50,808.00,"40,400.00"
2020-01-05,2020010501008464,CBBL,19,44,50,809.00,"40,450.00"
2020-01-05,2020010501008296,CBBL,56,41,200,811.00,"162,200.00"
2020-01-05,2020010501008544,CBL,29,21,300,136.00,"40,800.00"
2020-01-05,2020010501008473,CBL,29,45,"1,200",136.00,"163,200.00"
2020-01-05,2020010501008750,CCBL,17,48,400,167.00,"66,800.00"
2020-01-05,2020010501008509,CHCL,55,51,200,362.00,"72,400.00"
2020-01-05,2020010501008477,CHCL,45,35,250,363.00,"90,750.00"
2020-01-05,2020010501008664,CHL,51,42,40,86.00,"3,440.00"
2020-01-05,2020010501008307,CIT,42,57,30,"2,095.00","62,850.00"
2020-01-05,2020010501008565,CLBSL,26,45,121,595.00,"71,995.00"
2020-01-05,2020010501008460,CLBSL,26,39,77,603.00,"46,431.00"
2020-01-05,2020010501008409,CLBSL,26,58,11,603.00,"6,633.00"
2020-01-05,2020010501008400,CLBSL,26,7,100,603.00,"60,300.00"
2020-01-05,2020010501008392,CLBSL,26,58,11,603.00,"6,633.00"
2020-01-05,2020010501008359,CLBSL,26,58,11,603.00,"6,633.00"
2020-01-05,2020010501008540,CZBIL,17,21,30,186.00,"5,580.00"
2020-01-05,2020010501008659,DBBL,6,38,123,143.00,"17,589.00"
2020-01-05,2020010501008574,DBBL,44,52,"1,000",144.00,"144,000.00"
2020-01-05,2020010501008573,DBBL,44,17,800,144.00,"115,200.00"
2020-01-05,2020010501008500,DBBL,28,17,200,144.00,"28,800.00"
2020-01-05,2020010501008335,DBBL,28,52,500,144.00,"72,000.00"
2020-01-05,2020010501008300,DBBL,28,42,300,144.00,"43,200.00"
2020-01-05,2020010501008677,DHPL,22,53,405,49.00,"19,845.00"
2020-01-05,2020010501008593,DHPL,22,53,500,49.00,"24,500.00"
2020-01-05,2020010501008592,DHPL,49,53,50,49.00,"2,450.00"
2020-01-05,2020010501008591,DHPL,34,53,10,49.00,490.00
2020-01-05,2020010501008590,DHPL,34,53,"5,000",49.00,"245,000.00"
2020-01-05,2020010501008589,DHPL,42,53,35,50.00,"1,750.00"
2020-01-05,2020010501008771,EBL,45,19,100,539.00,"53,900.00"
2020-01-05,2020010501008768,EBL,45,22,34,539.00,"18,326.00"
2020-01-05,2020010501008646,EBL,54,26,50,540.00,"27,000.00"
2020-01-05,2020010501008389,EIC,57,14,75,272.00,"20,400.00"
2020-01-05,2020010501008388,EIC,58,14,10,272.00,"2,720.00"
2020-01-05,2020010501008559,FMDBL,57,45,200,336.00,"67,200.00"
2020-01-05,2020010501008549,FMDBL,57,52,60,336.00,"20,160.00"
2020-01-05,2020010501008520,FMDBL,57,6,207,336.00,"69,552.00"
2020-01-05,2020010501008519,FMDBL,34,44,200,336.00,"67,200.00"
2020-01-05,2020010501008444,FMDBL,25,53,100,337.00,"33,700.00"
2020-01-05,2020010501008418,FMDBL,39,53,150,337.00,"50,550.00"
2020-01-05,2020010501008417,FMDBL,56,53,640,337.00,"215,680.00"
2020-01-05,2020010501008416,FMDBL,43,53,100,337.00,"33,700.00"
2020-01-05,2020010501008415,FMDBL,38,53,500,338.00,"169,000.00"
2020-01-05,2020010501008414,FMDBL,17,53,406,339.00,"137,634.00"
2020-01-05,2020010501008327,FMDBL,17,6,94,339.00,"31,866.00"
2020-01-05,2020010501008326,FMDBL,25,6,106,339.00,"35,934.00"
2020-01-05,2020010501008588,FOWAD,42,39,32,"1,090.00","34,880.00"
2020-01-05,2020010501008587,FOWAD,38,39,10,"1,091.00","10,910.00"
2020-01-05,2020010501008493,FOWAD,58,39,140,"1,091.00","152,740.00"
2020-01-05,2020010501008476,FOWAD,58,39,160,"1,091.00","174,560.00"
2020-01-05,2020010501008475,FOWAD,33,39,100,"1,093.00","109,300.00"
2020-01-05,2020010501008499,GBBL,51,13,450,205.00,"92,250.00"
2020-01-05,2020010501008442,GBBL,49,56,250,204.00,"51,000.00"
2020-01-05,2020010501008785,GBLBS,52,13,400,356.00,"142,400.00"
2020-01-05,2020010501008784,GBLBS,52,58,100,356.00,"35,600.00"
2020-01-05,2020010501008765,GBLBS,52,42,100,357.00,"35,700.00"
2020-01-05,2020010501008764,GBLBS,52,26,100,357.00,"35,700.00"
2020-01-05,2020010501008755,GBLBS,35,58,200,353.00,"70,600.00"
2020-01-05,2020010501008743,GBLBS,29,58,200,355.00,"71,000.00"
2020-01-05,2020010501008452,GBLBS,38,6,265,357.00,"94,605.00"
2020-01-05,2020010501008451,GBLBS,29,6,35,357.00,"12,495.00"
2020-01-05,2020010501008431,GBLBS,29,48,300,357.00,"107,100.00"
2020-01-05,2020010501008426,GBLBS,29,16,15,357.00,"5,355.00"
2020-01-05,2020010501008405,GBLBS,29,43,102,357.00,"36,414.00"
2020-01-05,2020010501008401,GBLBS,29,42,100,357.00,"35,700.00"
2020-01-05,2020010501008581,GBLBS,45,55,100,357.00,"35,700.00"
2020-01-05,2020010501008580,GBLBS,45,55,100,357.00,"35,700.00"
2020-01-05,2020010501008579,GBLBS,57,55,250,357.00,"89,250.00"
2020-01-05,2020010501008578,GBLBS,10,55,125,357.00,"44,625.00"
2020-01-05,2020010501008536,GBLBS,10,58,75,357.00,"26,775.00"
2020-01-05,2020010501008535,GBLBS,38,58,235,357.00,"83,895.00"
2020-01-05,2020010501008640,GBLBS,58,44,"1,000",357.00,"357,000.00"
2020-01-05,2020010501008639,GBLBS,29,44,"2,290",357.00,"817,530.00"
2020-01-05,2020010501008638,GBLBS,58,44,600,357.00,"214,200.00"
2020-01-05,2020010501008637,GBLBS,29,6,85,357.00,"30,345.00"
2020-01-05,2020010501008633,GBLBS,29,58,200,357.00,"71,400.00"
2020-01-05,2020010501008582,GBLBS,29,55,425,357.00,"151,725.00"
2020-01-05,2020010501008657,GBLBS,21,44,100,357.00,"35,700.00"
2020-01-05,2020010501008656,GBLBS,52,44,500,357.00,"178,500.00"
2020-01-05,2020010501008655,GBLBS,58,44,"1,350",357.00,"481,950.00"
2020-01-05,2020010501008654,GBLBS,58,44,500,357.00,"178,500.00"
2020-01-05,2020010501008653,GBLBS,29,44,440,357.00,"157,080.00"
2020-01-05,2020010501008641,GBLBS,29,44,60,357.00,"21,420.00"
2020-01-05,2020010501008707,GBLBS,29,6,800,355.00,"284,000.00"
2020-01-05,2020010501008706,GBLBS,58,6,40,355.00,"14,200.00"
2020-01-05,2020010501008694,GBLBS,58,6,60,355.00,"21,300.00"
2020-01-05,2020010501008693,GBLBS,52,6,140,355.00,"49,700.00"
2020-01-05,2020010501008689,GBLBS,52,29,160,355.00,"56,800.00"
2020-01-05,2020010501008688,GBLBS,44,29,100,355.00,"35,500.00"
2020-01-05,2020010501008429,GGBSL,22,37,10,606.00,"6,060.00"
2020-01-05,2020010501008428,GGBSL,48,37,10,606.00,"6,060.00"
2020-01-05,2020010501008406,GGBSL,48,36,10,606.00,"6,060.00"
2020-01-05,2020010501008347,GLBSL,58,44,120,465.00,"55,800.00"
2020-01-05,2020010501008769,HBL,37,5,72,504.00,"36,288.00"
2020-01-05,2020010501008508,HBL,37,49,162,504.00,"81,648.00"
2020-01-05,2020010501008507,HBL,22,49,25,504.00,"12,600.00"
2020-01-05,2020010501008506,HBL,51,49,50,505.00,"25,250.00"
2020-01-05,2020010501008505,HBL,49,49,70,505.00,"35,350.00"
2020-01-05,2020010501008504,HBL,36,49,50,506.00,"25,300.00"
2020-01-05,2020010501008503,HBL,46,49,168,506.00,"85,008.00"
2020-01-05,2020010501008781,HDL,54,39,55,"1,205.00","66,275.00"
2020-01-05,2020010501008739,HDL,34,52,100,"1,204.00","120,400.00"
2020-01-05,2020010501008738,HDL,44,39,50,"1,205.00","60,250.00"
2020-01-05,2020010501008732,HDL,45,39,30,"1,205.00","36,150.00"
2020-01-05,2020010501008703,HDL,45,39,70,"1,205.00","84,350.00"
2020-01-05,2020010501008682,HDL,20,11,145,"1,203.00","174,435.00"
2020-01-05,2020010501008643,HDL,45,39,200,"1,205.00","241,000.00"
2020-01-05,2020010501008623,HDL,45,39,80,"1,205.00","96,400.00"
2020-01-05,2020010501008484,HDL,6,52,50,"1,205.00","60,250.00"
2020-01-05,2020010501008483,HDL,38,52,10,"1,205.00","12,050.00"
2020-01-05,2020010501008482,HDL,32,52,200,"1,205.00","241,000.00"
2020-01-05,2020010501008681,HDL,8,11,50,"1,203.00","60,150.00"
2020-01-05,2020010501008680,HDL,18,11,20,"1,204.00","24,080.00"
2020-01-05,2020010501008679,HDL,19,11,200,"1,204.00","240,800.00"
2020-01-05,2020010501008678,HDL,44,11,10,"1,204.00","12,040.00"
2020-01-05,2020010501008675,HDL,57,39,100,"1,205.00","120,500.00"
2020-01-05,2020010501008662,HDL,34,39,50,"1,205.00","60,250.00"
2020-01-05,2020010501008756,HGI,34,47,100,287.00,"28,700.00"
2020-01-05,2020010501008780,HIDCL,49,7,300,135.00,"40,500.00"
2020-01-05,2020010501008779,HIDCL,49,42,50,135.00,"6,750.00"
2020-01-05,2020010501008778,HIDCL,49,46,11,135.00,"1,485.00"
2020-01-05,2020010501008777,HIDCL,49,17,100,135.00,"13,500.00"
2020-01-05,2020010501008763,HIDCL,41,25,271,134.00,"36,314.00"
2020-01-05,2020010501008762,HIDCL,37,25,150,134.00,"20,100.00"
2020-01-05,2020010501008761,HIDCL,43,25,79,134.00,"10,586.00"
2020-01-05,2020010501008729,HIDCL,43,6,22,134.00,"2,948.00"
2020-01-05,2020010501008358,HIDCL,43,39,61,134.00,"8,174.00"
2020-01-05,2020010501008612,HURJA,55,13,20,105.00,"2,100.00"
2020-01-05,2020010501008611,HURJA,55,13,20,105.00,"2,100.00"
2020-01-05,2020010501008610,HURJA,55,13,20,105.00,"2,100.00"
2020-01-05,2020010501008609,HURJA,55,13,20,105.00,"2,100.00"
2020-01-05,2020010501008608,HURJA,55,13,20,105.00,"2,100.00"
2020-01-05,2020010501008607,HURJA,55,13,20,105.00,"2,100.00"
2020-01-05,2020010501008606,HURJA,55,13,20,105.00,"2,100.00"
2020-01-05,2020010501008605,HURJA,55,13,20,104.00,"2,080.00"
2020-01-05,2020010501008604,HURJA,55,17,20,104.00,"2,080.00"
2020-01-05,2020010501008487,ILBS,22,49,80,564.00,"45,120.00"
2020-01-05,2020010501008480,ILBS,22,16,10,564.00,"5,640.00"
2020-01-05,2020010501008351,ILBS,34,57,300,566.00,"169,800.00"
2020-01-05,2020010501008345,ILBS,34,21,10,566.00,"5,660.00"
2020-01-05,2020010501008306,ILBS,34,52,120,566.00,"67,920.00"
2020-01-05,2020010501008305,ILBS,32,52,80,567.00,"45,360.00"
2020-01-05,2020010501008630,JBBL,49,25,200,152.00,"30,400.00"
2020-01-05,2020010501008572,JBBL,45,45,60,153.00,"9,180.00"
2020-01-05,2020010501008691,JSLBB,16,45,14,"1,204.00","16,856.00"
2020-01-05,2020010501008672,JSLBB,22,45,100,"1,205.00","120,500.00"
2020-01-05,2020010501008671,JSLBB,49,45,100,"1,206.00","120,600.00"
2020-01-05,2020010501008670,JSLBB,39,45,10,"1,210.00","12,100.00"
2020-01-05,2020010501008669,JSLBB,33,45,50,"1,212.00","60,600.00"
2020-01-05,2020010501008702,KADBL,47,36,"2,526",224.00,"565,824.00"
2020-01-05,2020010501008701,KADBL,47,50,474,224.00,"106,176.00"
2020-01-05,2020010501008492,KADBL,4,50,26,224.00,"5,824.00"
2020-01-05,2020010501008491,KADBL,4,45,24,220.00,"5,280.00"
2020-01-05,2020010501008740,KBL,17,5,21,180.00,"3,780.00"
2020-01-05,2020010501008714,KBL,17,25,146,180.00,"26,280.00"
2020-01-05,2020010501008713,KBL,40,25,500,180.00,"90,000.00"
2020-01-05,2020010501008712,KBL,34,25,500,180.00,"90,000.00"
2020-01-05,2020010501008711,KBL,34,25,354,180.00,"63,720.00"
2020-01-05,2020010501008627,KBL,47,43,100,181.00,"18,100.00"
2020-01-05,2020010501008349,KBL,21,17,189,182.00,"34,398.00"
2020-01-05,2020010501008512,KBL,43,43,500,181.00,"90,500.00"
2020-01-05,2020010501008511,KBL,40,43,50,181.00,"9,050.00"
2020-01-05,2020010501008350,KBL,21,43,61,182.00,"11,102.00"
2020-01-05,2020010501008775,KRBL,41,40,819,101.00,"82,719.00"
2020-01-05,2020010501008320,KRBL,41,58,181,101.00,"18,281.00"
2020-01-05,2020010501008319,KRBL,41,58,159,101.00,"16,059.00"
2020-01-05,2020010501008622,KSBBL,57,14,146,135.00,"19,710.00"
2020-01-05,2020010501008621,KSBBL,35,14,500,135.00,"67,500.00"
2020-01-05,2020010501008620,KSBBL,26,14,500,135.00,"67,500.00"
2020-01-05,2020010501008596,KSBBL,21,14,"1,000",136.00,"136,000.00"
2020-01-05,2020010501008595,KSBBL,45,14,900,136.00,"122,400.00"
2020-01-05,2020010501008668,LBBL,14,58,924,195.00,"180,180.00"
2020-01-05,2020010501008667,LBBL,53,58,76,195.00,"14,820.00"
2020-01-05,2020010501008576,LBBL,53,57,174,195.00,"33,930.00"
2020-01-05,2020010501008575,LBBL,49,57,126,195.00,"24,570.00"
2020-01-05,2020010501008449,LBBL,59,44,200,196.00,"39,200.00"
2020-01-05,2020010501008448,LBBL,1,44,287,196.00,"56,252.00"
2020-01-05,2020010501008310,LBBL,1,33,845,197.00,"166,465.00"
2020-01-05,2020010501008309,LBBL,1,14,500,197.00,"98,500.00"
2020-01-05,2020010501008360,LBBL,1,22,200,196.00,"39,200.00"
2020-01-05,2020010501008315,LBBL,1,55,50,196.00,"9,800.00"
2020-01-05,2020010501008651,LBL,4,4,179,196.00,"35,084.00"
2020-01-05,2020010501008650,LBL,4,4,38,196.00,"7,448.00"
2020-01-05,2020010501008471,LBL,4,35,332,196.00,"65,072.00"
2020-01-05,2020010501008470,LBL,34,35,100,196.00,"19,600.00"
2020-01-05,2020010501008469,LBL,14,35,68,196.00,"13,328.00"
2020-01-05,2020010501008745,LLBS,57,58,24,731.00,"17,544.00"
2020-01-05,2020010501008710,LLBS,57,58,24,731.00,"17,544.00"
2020-01-05,2020010501008522,LLBS,32,33,50,737.00,"36,850.00"
2020-01-05,2020010501008543,MBL,14,13,567,219.00,"124,173.00"
2020-01-05,2020010501008542,MBL,32,13,233,219.00,"51,027.00"
2020-01-05,2020010501008372,MBL,49,58,200,220.00,"44,000.00"
2020-01-05,2020010501008371,MBL,45,58,300,220.00,"66,000.00"
2020-01-05,2020010501008370,MBL,56,58,"2,000",220.00,"440,000.00"
2020-01-05,2020010501008369,MBL,56,58,"3,000",220.00,"660,000.00"
2020-01-05,2020010501008719,MDB,4,49,236,250.00,"59,000.00"
2020-01-05,2020010501008718,MDB,47,49,50,251.00,"12,550.00"
2020-01-05,2020010501008674,MEGA,11,57,50,187.00,"9,350.00"
2020-01-05,2020010501008329,MEGA,11,16,87,187.00,"16,269.00"
2020-01-05,2020010501008422,MEGA,43,41,10,188.00,"1,880.00"
2020-01-05,2020010501008331,MEGA,11,38,270,187.00,"50,490.00"
2020-01-05,2020010501008330,MEGA,11,38,50,187.00,"9,350.00"
2020-01-05,2020010501008632,MERO,13,38,158,466.00,"73,628.00"
2020-01-05,2020010501008631,MERO,57,38,185,466.00,"86,210.00"
2020-01-05,2020010501008518,MERO,57,28,15,466.00,"6,990.00"
2020-01-05,2020010501008517,MERO,58,28,190,466.00,"88,540.00"
2020-01-05,2020010501008516,MERO,34,28,200,467.00,"93,400.00"
2020-01-05,2020010501008515,MERO,13,28,95,467.00,"44,365.00"
2020-01-05,2020010501008410,MERO,13,52,10,467.00,"4,670.00"
2020-01-05,2020010501008421,MFIL,17,25,950,141.00,"133,950.00"
2020-01-05,2020010501008420,MFIL,17,1,350,141.00,"49,350.00"
2020-01-05,2020010501008419,MFIL,17,22,200,141.00,"28,200.00"
2020-01-05,2020010501008481,MHNL,1,45,40,87.00,"3,480.00"
2020-01-05,2020010501008684,MLBBL,44,55,100,486.00,"48,600.00"
2020-01-05,2020010501008683,MLBBL,33,55,50,486.00,"24,300.00"
2020-01-05,2020010501008594,MLBBL,40,16,100,486.00,"48,600.00"
2020-01-05,2020010501008402,MLBBL,54,55,100,488.00,"48,800.00"
2020-01-05,2020010501008687,MLBL,51,50,272,176.00,"47,872.00"
2020-01-05,2020010501008324,MNBBL,14,14,901,280.00,"252,280.00"
2020-01-05,2020010501008323,MNBBL,34,14,30,280.00,"8,400.00"
2020-01-05,2020010501008322,MNBBL,34,14,19,280.00,"5,320.00"
2020-01-05,2020010501008321,MNBBL,1,14,50,281.00,"14,050.00"
2020-01-05,2020010501008557,MSLB,44,39,76,796.00,"60,496.00"
2020-01-05,2020010501008665,NABIL,39,51,19,696.00,"13,224.00"
2020-01-05,2020010501008494,NABIL,39,21,81,696.00,"56,376.00"
2020-01-05,2020010501008465,NABIL,39,33,50,696.00,"34,800.00"
2020-01-05,2020010501008332,NABIL,45,34,100,696.00,"69,600.00"
2020-01-05,2020010501008301,NABIL,45,49,24,696.00,"16,704.00"
2020-01-05,2020010501008304,NADEP,36,26,240,512.00,"122,880.00"
2020-01-05,2020010501008645,NBB,33,25,500,192.00,"96,000.00"
2020-01-05,2020010501008441,NBB,11,14,130,194.00,"25,220.00"
2020-01-05,2020010501008440,NBB,11,35,500,194.00,"97,000.00"
2020-01-05,2020010501008439,NBB,11,49,500,194.00,"97,000.00"
2020-01-05,2020010501008438,NBB,11,25,270,194.00,"52,380.00"
2020-01-05,2020010501008437,NBB,11,39,500,194.00,"97,000.00"
2020-01-05,2020010501008436,NBB,11,49,100,193.00,"19,300.00"
2020-01-05,2020010501008318,NBB,50,35,500,192.00,"96,000.00"
2020-01-05,2020010501008317,NBB,34,35,500,192.00,"96,000.00"
2020-01-05,2020010501008316,NBB,8,35,100,192.00,"19,200.00"
2020-01-05,2020010501008753,NBL,41,32,500,269.00,"134,500.00"
2020-01-05,2020010501008708,NBL,21,32,800,269.00,"215,200.00"
2020-01-05,2020010501008649,NBL,47,32,100,269.00,"26,900.00"
2020-01-05,2020010501008648,NBL,28,32,300,269.00,"80,700.00"
2020-01-05,2020010501008647,NBL,28,7,"1,700",269.00,"457,300.00"
2020-01-05,2020010501008624,NBL,13,7,100,269.00,"26,900.00"
2020-01-05,2020010501008459,NBL,21,7,200,269.00,"53,800.00"
2020-01-05,2020010501008458,NBL,21,22,800,269.00,"215,200.00"
2020-01-05,2020010501008445,NBL,4,22,200,269.00,"53,800.00"
2020-01-05,2020010501008548,NBL,44,32,900,268.00,"241,200.00"
2020-01-05,2020010501008547,NBL,44,41,"1,200",268.00,"321,600.00"
2020-01-05,2020010501008541,NBL,14,56,670,268.00,"179,560.00"
2020-01-05,2020010501008463,NBL,44,56,50,268.00,"13,400.00"
2020-01-05,2020010501008462,NBL,38,56,80,268.00,"21,440.00"
2020-01-05,2020010501008461,NBL,45,56,200,268.00,"53,600.00"
2020-01-05,2020010501008486,NCCB,25,40,220,203.00,"44,660.00"
2020-01-05,2020010501008485,NCCB,17,40,332,203.00,"67,396.00"
2020-01-05,2020010501008766,NEF,57,28,100,7.65,765.00
2020-01-05,2020010501008619,NEF,57,22,"2,900",7.65,"22,185.00"
2020-01-05,2020010501008379,NGPL,41,39,11,110.00,"1,210.00"
2020-01-05,2020010501008339,NGPL,50,50,807,111.00,"89,577.00"
2020-01-05,2020010501008774,NIB,59,45,50,394.00,"19,700.00"
2020-01-05,2020010501008599,NIB,35,16,466,395.00,"184,070.00"
2020-01-05,2020010501008598,NIB,35,40,34,395.00,"13,430.00"
2020-01-05,2020010501008577,NIB,58,57,393,394.00,"154,842.00"
2020-01-05,2020010501008676,NICA,52,44,250,425.00,"106,250.00"
2020-01-05,2020010501008556,NICA,45,44,305,425.00,"129,625.00"
2020-01-05,2020010501008555,NICA,45,45,50,425.00,"21,250.00"
2020-01-05,2020010501008554,NICA,45,58,500,425.00,"212,500.00"
2020-01-05,2020010501008553,NICA,45,49,55,425.00,"23,375.00"
2020-01-05,2020010501008552,NICA,45,45,90,425.00,"38,250.00"
2020-01-05,2020010501008450,NICA,19,45,10,425.00,"4,250.00"
2020-01-05,2020010501008395,NICA,10,4,50,423.00,"21,150.00"
2020-01-05,2020010501008380,NICA,10,38,686,423.00,"290,178.00"
2020-01-05,2020010501008299,NICA,56,55,179,424.00,"75,896.00"
2020-01-05,2020010501008298,NICA,45,55,500,424.00,"212,000.00"
2020-01-05,2020010501008297,NICA,46,55,228,424.00,"96,672.00"
2020-01-05,2020010501008532,NICGF,43,13,400,8.88,"3,552.00"
2020-01-05,2020010501008531,NICGF,43,41,"1,100",8.88,"9,768.00"
2020-01-05,2020010501008794,NICL,38,37,151,308.00,"46,508.00"
2020-01-05,2020010501008514,NICL,44,56,500,308.00,"154,000.00"
2020-01-05,2020010501008513,NICL,14,56,250,309.00,"77,250.00"
2020-01-05,2020010501008489,NICL,44,56,534,310.00,"165,540.00"
2020-01-05,2020010501008488,NICL,42,56,19,312.00,"5,928.00"
2020-01-05,2020010501008479,NICL,14,14,10,316.00,"3,160.00"
2020-01-05,2020010501008387,NIL,34,37,60,420.00,"25,200.00"
2020-01-05,2020010501008625,NLBBL,1,49,83,507.00,"42,081.00"
2020-01-05,2020010501008564,NLBBL,43,49,200,507.00,"101,400.00"
2020-01-05,2020010501008563,NLBBL,46,49,300,507.00,"152,100.00"
2020-01-05,2020010501008562,NLBBL,5,49,400,508.00,"203,200.00"
2020-01-05,2020010501008561,NLBBL,55,49,17,508.00,"8,636.00"
2020-01-05,2020010501008545,NLBBL,1,35,15,512.00,"7,680.00"
2020-01-05,2020010501008408,NLBBL,55,28,83,508.00,"42,164.00"
2020-01-05,2020010501008407,NLBBL,1,28,50,508.00,"25,400.00"
2020-01-05,2020010501008378,NLBBL,5,28,100,509.00,"50,900.00"
2020-01-05,2020010501008377,NLBBL,38,28,50,509.00,"25,450.00"
2020-01-05,2020010501008376,NLBBL,32,28,117,510.00,"59,670.00"
2020-01-05,2020010501008773,NLIC,42,49,31,961.00,"29,791.00"
2020-01-05,2020010501008686,NLIC,33,57,96,962.00,"92,352.00"
2020-01-05,2020010501008685,NLIC,19,57,10,963.00,"9,630.00"
2020-01-05,2020010501008626,NLIC,49,49,69,965.00,"66,585.00"
2020-01-05,2020010501008603,NLIC,49,6,22,965.00,"21,230.00"
2020-01-05,2020010501008586,NLIC,49,46,165,965.00,"159,225.00"
2020-01-05,2020010501008585,NLIC,49,39,22,964.00,"21,208.00"
2020-01-05,2020010501008490,NLIC,49,53,20,962.00,"19,240.00"
2020-01-05,2020010501008365,NLIC,42,53,62,963.00,"59,706.00"
2020-01-05,2020010501008364,NLIC,42,53,62,963.00,"59,706.00"
2020-01-05,2020010501008341,NLIC,49,6,22,960.00,"21,120.00"
2020-01-05,2020010501008567,NLICL,7,48,52,492.00,"25,584.00"
2020-01-05,2020010501008566,NLICL,45,48,100,492.00,"49,200.00"
2020-01-05,2020010501008742,NMB,6,41,40,328.00,"13,120.00"
2020-01-05,2020010501008741,NMB,6,57,90,328.00,"29,520.00"
2020-01-05,2020010501008634,NMB,13,57,100,328.00,"32,800.00"
2020-01-05,2020010501008558,NMB,54,42,121,327.00,"39,567.00"
2020-01-05,2020010501008524,NMB,58,42,175,327.00,"57,225.00"
2020-01-05,2020010501008523,NMB,58,54,200,327.00,"65,400.00"
2020-01-05,2020010501008373,NMB,42,49,38,327.00,"12,426.00"
2020-01-05,2020010501008502,NMB,58,35,125,327.00,"40,875.00"
2020-01-05,2020010501008501,NMB,43,35,375,327.00,"122,625.00"
2020-01-05,2020010501008468,NMB,43,38,13,327.00,"4,251.00"
2020-01-05,2020010501008413,NMB,43,41,100,327.00,"32,700.00"
2020-01-05,2020010501008375,NMB,43,49,12,327.00,"3,924.00"
2020-01-05,2020010501008374,NMB,53,49,100,327.00,"32,700.00"
2020-01-05,2020010501008700,NMBMF,58,26,10,588.00,"5,880.00"
2020-01-05,2020010501008303,NMBMF,39,58,100,585.00,"58,500.00"
2020-01-05,2020010501008302,NMBMF,59,58,30,590.00,"17,700.00"
2020-01-05,2020010501008381,NNLB,56,47,50,523.00,"26,150.00"
2020-01-05,2020010501008636,NUBL,50,49,10,813.00,"8,130.00"
2020-01-05,2020010501008635,NUBL,50,53,15,813.00,"12,195.00"
2020-01-05,2020010501008446,NUBL,4,46,50,807.00,"40,350.00"
2020-01-05,2020010501008399,NUBL,58,53,85,813.00,"69,105.00"
2020-01-05,2020010501008367,NUBL,58,34,100,813.00,"81,300.00"
2020-01-05,2020010501008447,NUBL,59,46,100,806.00,"80,600.00"
2020-01-05,2020010501008731,PCBL,49,41,100,239.00,"23,900.00"
2020-01-05,2020010501008730,PCBL,49,40,673,239.00,"160,847.00"
2020-01-05,2020010501008754,PIC,25,6,11,412.00,"4,532.00"
2020-01-05,2020010501008737,PIC,25,13,23,412.00,"9,476.00"
2020-01-05,2020010501008736,PIC,34,13,42,412.00,"17,304.00"
2020-01-05,2020010501008735,PIC,58,13,100,412.00,"41,200.00"
2020-01-05,2020010501008734,PIC,5,13,111,412.00,"45,732.00"
2020-01-05,2020010501008733,PIC,41,13,446,413.00,"184,198.00"
2020-01-05,2020010501008397,PIC,34,13,68,415.00,"28,220.00"
2020-01-05,2020010501008340,PIC,34,33,964,415.00,"400,060.00"
2020-01-05,2020010501008690,PIC,41,16,11,413.00,"4,543.00"
2020-01-05,2020010501008569,PIC,41,42,43,413.00,"17,759.00"
2020-01-05,2020010501008568,PIC,34,42,107,413.00,"44,191.00"
2020-01-05,2020010501008521,PIC,34,16,11,413.00,"4,543.00"
2020-01-05,2020010501008455,PIC,34,48,20,413.00,"8,260.00"
2020-01-05,2020010501008398,PIC,29,13,10,415.00,"4,150.00"
2020-01-05,2020010501008705,PLIC,53,28,187,371.00,"69,377.00"
2020-01-05,2020010501008704,PLIC,39,28,500,371.00,"185,500.00"
2020-01-05,2020010501008467,PLIC,50,53,141,372.00,"52,452.00"
2020-01-05,2020010501008692,PRIN,37,16,29,334.00,"9,686.00"
2020-01-05,2020010501008666,PRIN,51,16,121,335.00,"40,535.00"
2020-01-05,2020010501008661,PRIN,51,49,29,335.00,"9,715.00"
2020-01-05,2020010501008660,PRIN,36,49,21,336.00,"7,056.00"
2020-01-05,2020010501008699,PRVU,49,25,151,226.00,"34,126.00"
2020-01-05,2020010501008776,RADHI,22,53,12,139.00,"1,668.00"
2020-01-05,2020010501008716,RADHI,22,16,11,139.00,"1,529.00"
2020-01-05,2020010501008772,RBCL,6,41,10,"8,500.00","85,000.00"
2020-01-05,2020010501008751,RHPL,39,16,10,169.00,"1,690.00"
2020-01-05,2020010501008584,RHPL,39,21,40,169.00,"6,760.00"
2020-01-05,2020010501008546,RHPL,19,16,10,170.00,"1,700.00"
2020-01-05,2020010501008466,RHPL,19,21,40,170.00,"6,800.00"
2020-01-05,2020010501008432,RHPL,39,39,40,169.00,"6,760.00"
2020-01-05,2020010501008352,RHPL,39,38,50,169.00,"8,450.00"
2020-01-05,2020010501008343,RHPL,29,57,40,171.00,"6,840.00"
2020-01-05,2020010501008342,RHPL,39,39,30,169.00,"5,070.00"
2020-01-05,2020010501008328,RHPL,39,38,40,169.00,"6,760.00"
2020-01-05,2020010501008430,RRHP,42,48,10,97.00,970.00
2020-01-05,2020010501008760,RSDC,38,58,500,336.00,"168,000.00"
2020-01-05,2020010501008759,RSDC,39,58,50,336.00,"16,800.00"
2020-01-05,2020010501008618,RSDC,6,16,13,337.00,"4,381.00"
2020-01-05,2020010501008312,RSDC,6,25,87,337.00,"29,319.00"
2020-01-05,2020010501008311,RSDC,19,25,63,337.00,"21,231.00"
2020-01-05,2020010501008644,SABSL,39,21,10,593.00,"5,930.00"
2020-01-05,2020010501008571,SABSL,39,7,10,593.00,"5,930.00"
2020-01-05,2020010501008560,SABSL,39,42,150,603.00,"90,450.00"
2020-01-05,2020010501008412,SABSL,19,42,50,603.00,"30,150.00"
2020-01-05,2020010501008411,SABSL,19,22,200,602.00,"120,400.00"
2020-01-05,2020010501008353,SABSL,39,52,40,593.00,"23,720.00"
2020-01-05,2020010501008338,SABSL,52,46,400,600.00,"240,000.00"
2020-01-05,2020010501008337,SABSL,52,47,50,600.00,"30,000.00"
2020-01-05,2020010501008368,SADBL,4,19,773,142.00,"109,766.00"
2020-01-05,2020010501008748,SANIMA,43,56,100,318.00,"31,800.00"
2020-01-05,2020010501008457,SANIMA,43,41,100,318.00,"31,800.00"
2020-01-05,2020010501008404,SANIMA,4,45,194,319.00,"61,886.00"
2020-01-05,2020010501008538,SBL,50,6,200,290.00,"58,000.00"
2020-01-05,2020010501008537,SBL,50,45,800,290.00,"232,000.00"
2020-01-05,2020010501008366,SBL,11,34,200,288.00,"57,600.00"
2020-01-05,2020010501008478,SDESI,25,44,30,615.00,"18,450.00"
2020-01-05,2020010501008382,SDESI,45,35,11,606.00,"6,666.00"
2020-01-05,2020010501008709,SFFIL,47,6,200,194.00,"38,800.00"
2020-01-05,2020010501008783,SHIVM,49,38,80,485.00,"38,800.00"
2020-01-05,2020010501008782,SHIVM,55,38,420,485.00,"203,700.00"
2020-01-05,2020010501008767,SHIVM,25,46,100,486.00,"48,600.00"
2020-01-05,2020010501008717,SHIVM,41,38,500,486.00,"243,000.00"
2020-01-05,2020010501008425,SHIVM,32,45,350,489.00,"171,150.00"
2020-01-05,2020010501008424,SHIVM,32,58,50,489.00,"24,450.00"
2020-01-05,2020010501008423,SHIVM,32,37,100,488.00,"48,800.00"
2020-01-05,2020010501008356,SHIVM,55,7,80,485.00,"38,800.00"
2020-01-05,2020010501008355,SHIVM,32,7,160,485.00,"77,600.00"
2020-01-05,2020010501008354,SHIVM,51,7,260,486.00,"126,360.00"
2020-01-05,2020010501008551,SHPC,25,14,100,170.00,"17,000.00"
2020-01-05,2020010501008550,SHPC,56,14,890,170.00,"151,300.00"
2020-01-05,2020010501008348,SHPC,56,35,110,171.00,"18,810.00"
2020-01-05,2020010501008313,SHPC,56,33,"1,000",171.00,"171,000.00"
2020-01-05,2020010501008757,SIC,50,34,64,508.00,"32,512.00"
2020-01-05,2020010501008456,SICL,7,40,180,858.00,"154,440.00"
2020-01-05,2020010501008793,SIL,34,22,32,420.00,"13,440.00"
2020-01-05,2020010501008792,SIL,34,53,330,420.00,"138,600.00"
2020-01-05,2020010501008791,SIL,34,22,100,419.00,"41,900.00"
2020-01-05,2020010501008790,SIL,34,44,30,419.00,"12,570.00"
2020-01-05,2020010501008789,SIL,34,34,100,419.00,"41,900.00"
2020-01-05,2020010501008788,SIL,34,44,300,415.00,"124,500.00"
2020-01-05,2020010501008787,SIL,34,34,108,415.00,"44,820.00"
2020-01-05,2020010501008744,SIL,42,34,69,415.00,"28,635.00"
2020-01-05,2020010501008583,SIL,54,44,50,419.00,"20,950.00"
2020-01-05,2020010501008474,SIL,34,34,"3,210",418.00,"1,341,780.00"
2020-01-05,2020010501008747,SINDU,52,17,31,117.00,"3,627.00"
2020-01-05,2020010501008746,SINDU,34,17,424,117.00,"49,608.00"
2020-01-05,2020010501008396,SINDU,55,13,900,118.00,"106,200.00"
2020-01-05,2020010501008325,SINDU,34,1,26,117.00,"3,042.00"
2020-01-05,2020010501008652,SJCL,10,21,20,156.00,"3,120.00"
2020-01-05,2020010501008642,SJCL,10,16,10,156.00,"1,560.00"
2020-01-05,2020010501008617,SJCL,10,21,20,156.00,"3,120.00"
2020-01-05,2020010501008453,SJCL,10,39,20,156.00,"3,120.00"
2020-01-05,2020010501008427,SJCL,10,42,20,156.00,"3,120.00"
2020-01-05,2020010501008308,SJCL,10,38,20,156.00,"3,120.00"
2020-01-05,2020010501008357,SJCL,10,39,20,156.00,"3,120.00"
2020-01-05,2020010501008346,SJCL,10,38,20,156.00,"3,120.00"
2020-01-05,2020010501008344,SJCL,10,38,20,156.00,"3,120.00"
2020-01-05,2020010501008528,SKBBL,52,58,100,866.00,"86,600.00"
2020-01-05,2020010501008527,SKBBL,25,58,90,866.00,"77,940.00"
2020-01-05,2020010501008673,SLBBL,58,45,20,585.00,"11,700.00"
2020-01-05,2020010501008597,SLBBL,58,21,15,585.00,"8,775.00"
2020-01-05,2020010501008526,SLBBL,58,34,500,585.00,"292,500.00"
2020-01-05,2020010501008525,SLBBL,34,34,500,587.00,"293,500.00"
2020-01-05,2020010501008403,SLBBL,58,4,100,585.00,"58,500.00"
2020-01-05,2020010501008770,SLBSL,46,21,10,610.00,"6,100.00"
2020-01-05,2020010501008629,SLBSL,46,18,400,610.00,"244,000.00"
2020-01-05,2020010501008628,SLBSL,14,18,100,619.00,"61,900.00"
2020-01-05,2020010501008390,SLBSL,43,34,300,620.00,"186,000.00"
2020-01-05,2020010501008336,SLBSL,46,34,100,621.00,"62,100.00"
2020-01-05,2020010501008786,SLICL,39,37,10,305.00,"3,050.00"
2020-01-05,2020010501008728,SLICL,45,37,300,305.00,"91,500.00"
2020-01-05,2020010501008727,SLICL,55,37,100,305.00,"30,500.00"
2020-01-05,2020010501008726,SLICL,34,37,100,305.00,"30,500.00"
2020-01-05,2020010501008725,SLICL,45,37,500,305.00,"152,500.00"
2020-01-05,2020010501008724,SLICL,42,37,250,305.00,"76,250.00"
2020-01-05,2020010501008696,SLICL,33,5,79,307.00,"24,253.00"
2020-01-05,2020010501008695,SLICL,35,5,27,308.00,"8,316.00"
2020-01-05,2020010501008723,SLICL,36,37,421,305.00,"128,405.00"
2020-01-05,2020010501008722,SLICL,48,37,100,306.00,"30,600.00"
2020-01-05,2020010501008721,SLICL,29,37,500,307.00,"153,500.00"
2020-01-05,2020010501008720,SLICL,43,37,106,307.00,"32,542.00"
2020-01-05,2020010501008698,SLICL,43,5,394,307.00,"120,958.00"
2020-01-05,2020010501008697,SLICL,38,5,500,307.00,"153,500.00"
2020-01-05,2020010501008435,SMATA,19,50,90,523.00,"47,070.00"
2020-01-05,2020010501008434,SMATA,56,50,200,525.00,"105,000.00"
2020-01-05,2020010501008433,SMATA,45,50,30,526.00,"15,780.00"
2020-01-05,2020010501008334,SMFBS,39,22,20,992.00,"19,840.00"
2020-01-05,2020010501008333,SMFBS,39,56,10,988.00,"9,880.00"
2020-01-05,2020010501008616,SMFDB,56,14,200,562.00,"112,400.00"
2020-01-05,2020010501008615,SMFDB,16,14,500,565.00,"282,500.00"
2020-01-05,2020010501008614,SMFDB,42,14,50,567.00,"28,350.00"
2020-01-05,2020010501008613,SMFDB,26,14,150,567.00,"85,050.00"
2020-01-05,2020010501008498,STC,33,21,149,"1,980.00","295,020.00"
2020-01-05,2020010501008497,STC,26,21,10,"1,981.00","19,810.00"
2020-01-05,2020010501008496,STC,3,21,10,"1,982.00","19,820.00"
2020-01-05,2020010501008495,STC,49,21,15,"1,983.00","29,745.00"
2020-01-05,2020010501008601,SWBBL,18,26,30,870.00,"26,100.00"
2020-01-05,2020010501008570,SWBBL,28,26,40,870.00,"34,800.00"
2020-01-05,2020010501008533,SWBBL,43,4,175,875.00,"153,125.00"
2020-01-05,2020010501008386,SWBBL,43,44,325,875.00,"284,375.00"
2020-01-05,2020010501008385,SWBBL,57,44,150,875.00,"131,250.00"
2020-01-05,2020010501008384,SWBBL,53,44,50,876.00,"43,800.00"
2020-01-05,2020010501008383,SWBBL,28,44,100,878.00,"87,800.00"
2020-01-05,2020010501008510,TMDBL,4,35,"1,269",153.00,"194,157.00"
2020-01-05,2020010501008443,TMDBL,26,35,50,154.00,"7,700.00"
2020-01-05,2020010501008752,UIC,53,54,100,290.00,"29,000.00"
2020-01-05,2020010501008530,UMHL,36,40,101,100.00,"10,100.00"
2020-01-05,2020010501008715,UPPER,45,45,40,235.00,"9,400.00"
2020-01-05,2020010501008534,UPPER,19,21,13,236.00,"3,068.00"
2020-01-05,2020010501008529,UPPER,45,21,40,235.00,"9,400.00"
2020-01-05,2020010501008131,ADBL,49,38,200,362.00,"72,400.00"
2020-01-05,2020010501008019,ADBL,26,32,300,363.00,"108,900.00"
2020-01-05,2020010501008087,AKJCL,37,58,20,57.00,"1,140.00"
2020-01-05,2020010501008063,AKJCL,37,22,10,57.00,570.00
2020-01-05,2020010501008191,AKPL,25,39,532,114.00,"60,648.00"
2020-01-05,2020010501008144,AKPL,25,39,532,114.00,"60,648.00"
2020-01-05,2020010501008119,AKPL,25,39,545,114.00,"62,130.00"
2020-01-05,2020010501008040,AKPL,25,39,545,114.00,"62,130.00"
2020-01-05,2020010501007995,AKPL,25,39,117,114.00,"13,338.00"
2020-01-05,2020010501007994,AKPL,45,39,415,114.00,"47,310.00"
2020-01-05,2020010501007954,AKPL,45,39,535,114.00,"60,990.00"
2020-01-05,2020010501007953,AKPL,45,39,10,115.00,"1,150.00"
2020-01-05,2020010501008071,ALBSL,36,55,10,506.00,"5,060.00"
2020-01-05,2020010501008034,ALBSL,36,21,10,506.00,"5,060.00"
2020-01-05,2020010501007844,ALBSL,21,16,25,510.00,"12,750.00"
2020-01-05,2020010501007814,ALBSL,21,52,105,510.00,"53,550.00"
2020-01-05,2020010501007979,ALBSL,21,46,110,510.00,"56,100.00"
2020-01-05,2020010501007856,ALBSL,21,40,10,510.00,"5,100.00"
2020-01-05,2020010501008269,ALICL,14,52,133,379.00,"50,407.00"
2020-01-05,2020010501008268,ALICL,14,52,300,379.00,"113,700.00"
2020-01-05,2020010501008249,ALICL,29,52,67,380.00,"25,460.00"
2020-01-05,2020010501008062,ALICL,29,46,333,380.00,"126,540.00"
2020-01-05,2020010501008027,ALICL,29,49,600,380.00,"228,000.00"
2020-01-05,2020010501008026,ALICL,57,49,400,380.00,"152,000.00"
2020-01-05,2020010501008226,API,44,7,"1,000",108.00,"108,000.00"
2020-01-05,2020010501008219,API,56,7,500,108.00,"54,000.00"
2020-01-05,2020010501008218,API,41,7,353,108.00,"38,124.00"
2020-01-05,2020010501008217,API,41,7,796,108.00,"85,968.00"
2020-01-05,2020010501008137,API,41,11,100,108.00,"10,800.00"
2020-01-05,2020010501008270,BARUN,17,13,50,84.00,"4,200.00"
2020-01-05,2020010501008079,BOKL,42,53,10,217.00,"2,170.00"
2020-01-05,2020010501008053,BOKL,43,5,460,216.00,"99,360.00"
2020-01-05,2020010501008052,BOKL,1,5,78,216.00,"16,848.00"
2020-01-05,2020010501008051,BOKL,14,5,500,216.00,"108,000.00"
2020-01-05,2020010501008050,BOKL,14,5,100,216.00,"21,600.00"
2020-01-05,2020010501008049,BOKL,21,5,500,216.00,"108,000.00"
2020-01-05,2020010501007921,BOKL,39,45,70,217.00,"15,190.00"
2020-01-05,2020010501007886,BOKL,39,45,80,217.00,"17,360.00"
2020-01-05,2020010501008048,BOKL,44,5,500,216.00,"108,000.00"
2020-01-05,2020010501008047,BOKL,29,5,"2,000",217.00,"434,000.00"
2020-01-05,2020010501007922,BOKL,39,49,180,218.00,"39,240.00"
2020-01-05,2020010501007947,BPCL,43,34,489,308.00,"150,612.00"
2020-01-05,2020010501007946,BPCL,25,34,100,309.00,"30,900.00"
2020-01-05,2020010501008286,CBBL,13,44,50,812.00,"40,600.00"
2020-01-05,2020010501008236,CBBL,36,44,100,814.00,"81,400.00"
2020-01-05,2020010501008235,CBBL,56,44,45,814.00,"36,630.00"
2020-01-05,2020010501008160,CBBL,56,35,955,814.00,"777,370.00"
2020-01-05,2020010501007977,CBBL,22,44,100,815.00,"81,500.00"
2020-01-05,2020010501007976,CBBL,40,44,100,815.00,"81,500.00"
2020-01-05,2020010501007972,CBL,29,40,280,136.00,"38,080.00"
2020-01-05,2020010501007865,CBL,6,52,137,137.00,"18,769.00"
2020-01-05,2020010501007864,CBL,6,25,63,137.00,"8,631.00"
2020-01-05,2020010501008285,CCBL,49,34,325,167.00,"54,275.00"
2020-01-05,2020010501008120,CCBL,45,22,31,166.00,"5,146.00"
2020-01-05,2020010501007981,CCBL,8,34,50,167.00,"8,350.00"
2020-01-05,2020010501008108,CFCL,57,39,100,118.00,"11,800.00"
2020-01-05,2020010501008148,CHCL,45,56,100,363.00,"36,300.00"
2020-01-05,2020010501007801,CHCL,45,19,650,363.00,"235,950.00"
2020-01-05,2020010501007800,CHCL,32,19,100,364.00,"36,400.00"
2020-01-05,2020010501007799,CHCL,49,19,100,364.00,"36,400.00"
2020-01-05,2020010501007798,CHCL,53,19,100,364.00,"36,400.00"
2020-01-05,2020010501007797,CHCL,13,19,50,364.00,"18,200.00"
2020-01-05,2020010501007851,CLBSL,26,26,20,603.00,"12,060.00"
2020-01-05,2020010501007824,CLBSL,26,26,20,603.00,"12,060.00"
2020-01-05,2020010501007823,CLBSL,6,26,10,603.00,"6,030.00"
2020-01-05,2020010501008070,CORBL,38,42,80,111.00,"8,880.00"
2020-01-05,2020010501008244,CZBIL,17,16,459,186.00,"85,374.00"
2020-01-05,2020010501008243,CZBIL,28,16,300,186.00,"55,800.00"
2020-01-05,2020010501008242,CZBIL,25,16,100,186.00,"18,600.00"
2020-01-05,2020010501008241,CZBIL,57,16,"1,000",186.00,"186,000.00"
2020-01-05,2020010501008240,CZBIL,32,16,500,186.00,"93,000.00"
2020-01-05,2020010501008239,CZBIL,58,16,64,186.00,"11,904.00"
2020-01-05,2020010501007857,CZBIL,32,7,34,187.00,"6,358.00"
2020-01-05,2020010501007819,CZBIL,32,49,14,187.00,"2,618.00"
2020-01-05,2020010501008085,DBBL,28,44,"1,000",144.00,"144,000.00"
2020-01-05,2020010501008084,DBBL,28,45,300,144.00,"43,200.00"
2020-01-05,2020010501008083,DBBL,28,57,845,144.00,"121,680.00"
2020-01-05,2020010501008077,DBBL,6,48,47,143.00,"6,721.00"
2020-01-05,2020010501008076,DBBL,47,48,100,143.00,"14,300.00"
2020-01-05,2020010501008075,DBBL,54,48,853,143.00,"121,979.00"
2020-01-05,2020010501008010,DBBL,6,57,"2,000",144.00,"288,000.00"
2020-01-05,2020010501008101,DDBL,33,58,310,905.00,"280,550.00"
2020-01-05,2020010501007997,EBL,45,32,30,539.00,"16,170.00"
2020-01-05,2020010501007841,EBL,16,34,200,538.00,"107,600.00"
2020-01-05,2020010501007958,EIC,59,46,15,273.00,"4,095.00"
2020-01-05,2020010501007847,EIC,54,57,60,274.00,"16,440.00"
2020-01-05,2020010501007836,EIC,54,6,140,274.00,"38,360.00"
2020-01-05,2020010501007963,FMDBL,41,57,200,340.00,"68,000.00"
2020-01-05,2020010501007918,FMDBL,25,25,394,339.00,"133,566.00"
2020-01-05,2020010501007917,FMDBL,41,25,106,339.00,"35,934.00"
2020-01-05,2020010501007908,FMDBL,41,49,100,339.00,"33,900.00"
2020-01-05,2020010501007907,FMDBL,58,49,100,339.00,"33,900.00"
2020-01-05,2020010501007960,FOWAD,47,32,37,"1,099.00","40,663.00"
2020-01-05,2020010501008133,GBLBS,29,36,400,357.00,"142,800.00"
2020-01-05,2020010501008129,GGBSL,48,56,10,606.00,"6,060.00"
2020-01-05,2020010501008032,GGBSL,34,3,50,611.00,"30,550.00"
2020-01-05,2020010501008223,GLBSL,58,38,10,465.00,"4,650.00"
2020-01-05,2020010501008132,GLBSL,58,55,10,465.00,"4,650.00"
2020-01-05,2020010501008080,GLBSL,58,21,10,465.00,"4,650.00"
2020-01-05,2020010501008168,GLICL,57,50,144,465.00,"66,960.00"
2020-01-05,2020010501008167,GLICL,57,28,58,465.00,"26,970.00"
2020-01-05,2020010501008166,GLICL,57,58,48,465.00,"22,320.00"
2020-01-05,2020010501008163,GLICL,34,10,100,462.00,"46,200.00"
2020-01-05,2020010501007829,GLICL,39,22,100,463.00,"46,300.00"
2020-01-05,2020010501007828,GLICL,14,22,100,463.00,"46,300.00"
2020-01-05,2020010501008056,GMFBS,26,45,10,584.00,"5,840.00"
2020-01-05,2020010501008002,GMFBS,26,45,10,584.00,"5,840.00"
2020-01-05,2020010501007968,GMFBS,57,38,30,589.00,"17,670.00"
2020-01-05,2020010501007967,HBL,6,47,30,512.00,"15,360.00"
2020-01-05,2020010501008179,HDL,11,53,10,"1,208.00","12,080.00"
2020-01-05,2020010501008095,HDL,22,11,20,"1,204.00","24,080.00"
2020-01-05,2020010501008094,HDL,34,11,100,"1,204.00","120,400.00"
2020-01-05,2020010501008093,HDL,42,11,20,"1,205.00","24,100.00"
2020-01-05,2020010501008092,HDL,40,11,50,"1,205.00","60,250.00"
2020-01-05,2020010501008091,HDL,54,11,150,"1,205.00","180,750.00"
2020-01-05,2020010501008090,HDL,7,11,240,"1,205.00","289,200.00"
2020-01-05,2020010501008089,HDL,8,11,200,"1,206.00","241,200.00"
2020-01-05,2020010501008088,HDL,33,11,15,"1,207.00","18,105.00"
2020-01-05,2020010501008006,HGI,34,34,209,282.00,"58,938.00"
2020-01-05,2020010501008159,HIDCL,43,40,61,134.00,"8,174.00"
2020-01-05,2020010501007916,HPPL,32,40,200,147.00,"29,400.00"
2020-01-05,2020010501007945,ICFC,53,25,100,150.00,"15,000.00"
2020-01-05,2020010501008246,ILBS,32,38,10,567.00,"5,670.00"
2020-01-05,2020010501008183,ILBS,16,48,10,570.00,"5,700.00"
2020-01-05,2020010501008028,ILBS,32,16,10,567.00,"5,670.00"
2020-01-05,2020010501008135,JBBL,56,25,100,152.00,"15,200.00"
2020-01-05,2020010501008024,JBBL,56,32,100,152.00,"15,200.00"
2020-01-05,2020010501008103,JOSHI,57,58,20,65.00,"1,300.00"
2020-01-05,2020010501007957,KBL,10,17,61,182.00,"11,102.00"
2020-01-05,2020010501007956,KBL,10,52,69,182.00,"12,558.00"
2020-01-05,2020010501007943,KBL,17,53,179,181.00,"32,399.00"
2020-01-05,2020010501007942,KBL,33,53,191,181.00,"34,571.00"
2020-01-05,2020010501007863,KBL,46,52,261,182.00,"47,502.00"
2020-01-05,2020010501007861,KBL,46,26,50,182.00,"9,100.00"
2020-01-05,2020010501007860,KBL,46,43,489,182.00,"88,998.00"
2020-01-05,2020010501007850,KBL,33,42,11,181.00,"1,991.00"
2020-01-05,2020010501007811,KBL,49,43,500,182.00,"91,000.00"
2020-01-05,2020010501007810,KBL,43,43,11,182.00,"2,002.00"
2020-01-05,2020010501008130,KPCL,6,58,10,82.00,820.00
2020-01-05,2020010501007884,KPCL,6,22,10,82.00,820.00
2020-01-05,2020010501007931,LBL,14,14,50,196.00,"9,800.00"
2020-01-05,2020010501008224,LICN,41,53,198,"1,098.00","217,404.00"
2020-01-05,2020010501008184,LICN,21,25,40,"1,101.00","44,040.00"
2020-01-05,2020010501008017,LICN,25,25,10,"1,101.00","11,010.00"
2020-01-05,2020010501007879,LICN,50,53,519,"1,095.00","568,305.00"
2020-01-05,2020010501007859,LICN,25,28,12,"1,102.00","13,224.00"
2020-01-05,2020010501007858,LICN,25,58,20,"1,100.00","22,000.00"
2020-01-05,2020010501007845,LICN,50,53,100,"1,095.00","109,500.00"
2020-01-05,2020010501007822,LICN,50,58,214,"1,095.00","234,330.00"
2020-01-05,2020010501007809,LICN,50,44,167,"1,095.00","182,865.00"
2020-01-05,2020010501007873,MBL,57,58,300,220.00,"66,000.00"
2020-01-05,2020010501007872,MBL,56,58,"3,000",220.00,"660,000.00"
2020-01-05,2020010501007871,MBL,34,58,100,220.00,"22,000.00"
2020-01-05,2020010501007870,MBL,13,58,"2,000",220.00,"440,000.00"
2020-01-05,2020010501007869,MBL,13,58,"2,000",220.00,"440,000.00"
2020-01-05,2020010501007868,MBL,56,58,100,220.00,"22,000.00"
2020-01-05,2020010501007867,MBL,56,58,200,221.00,"44,200.00"
2020-01-05,2020010501007866,MBL,58,58,15,222.00,"3,330.00"
2020-01-05,2020010501008185,MEGA,17,29,50,186.00,"9,300.00"
2020-01-05,2020010501008003,MEGA,17,40,110,186.00,"20,460.00"
2020-01-05,2020010501008033,MEGA,17,45,110,186.00,"20,460.00"
2020-01-05,2020010501007980,MERO,13,28,30,467.00,"14,010.00"
2020-01-05,2020010501007937,MERO,59,28,500,468.00,"234,000.00"
2020-01-05,2020010501007930,MFIL,3,22,300,141.00,"42,300.00"
2020-01-05,2020010501007899,MFIL,3,22,500,141.00,"70,500.00"
2020-01-05,2020010501007912,MHNL,1,22,30,86.00,"2,580.00"
2020-01-05,2020010501008068,MNBBL,38,22,500,281.00,"140,500.00"
2020-01-05,2020010501008067,MNBBL,57,22,198,281.00,"55,638.00"
2020-01-05,2020010501007885,MNBBL,14,45,50,282.00,"14,100.00"
2020-01-05,2020010501008035,MSLB,39,54,30,795.00,"23,850.00"
2020-01-05,2020010501007929,MSLB,26,39,474,796.00,"377,304.00"
2020-01-05,2020010501007928,MSLB,48,39,107,800.00,"85,600.00"
2020-01-05,2020010501008074,MSMBS,28,6,284,576.00,"163,584.00"
2020-01-05,2020010501008073,MSMBS,29,6,38,578.00,"21,964.00"
2020-01-05,2020010501008230,NADEP,36,38,150,512.00,"76,800.00"
2020-01-05,2020010501008229,NADEP,38,38,100,513.00,"51,300.00"
2020-01-05,2020010501008228,NADEP,59,38,20,513.00,"10,260.00"
2020-01-05,2020010501008227,NADEP,59,38,300,514.00,"154,200.00"
2020-01-05,2020010501008216,NADEP,16,11,200,514.00,"102,800.00"
2020-01-05,2020010501008030,NADEP,51,59,80,515.00,"41,200.00"
2020-01-05,2020010501008029,NADEP,34,59,100,516.00,"51,600.00"
2020-01-05,2020010501007985,NADEP,34,58,300,516.00,"154,800.00"
2020-01-05,2020010501008064,NADEP,50,59,20,515.00,"10,300.00"
2020-01-05,2020010501008189,NADEP,21,53,30,515.00,"15,450.00"
2020-01-05,2020010501008188,NADEP,21,40,20,515.00,"10,300.00"
2020-01-05,2020010501008263,NBL,44,32,"3,000",269.00,"807,000.00"
2020-01-05,2020010501008262,NBL,58,32,55,269.00,"14,795.00"
2020-01-05,2020010501007962,NBL,58,25,10,269.00,"2,690.00"
2020-01-05,2020010501007961,NBL,21,25,90,269.00,"24,210.00"
2020-01-05,2020010501007882,NBL,21,35,360,269.00,"96,840.00"
2020-01-05,2020010501007881,NBL,57,35,30,269.00,"8,070.00"
2020-01-05,2020010501007880,NBL,4,35,10,269.00,"2,690.00"
2020-01-05,2020010501008234,NCCB,17,14,668,203.00,"135,604.00"
2020-01-05,2020010501008233,NCCB,22,14,30,203.00,"6,090.00"
2020-01-05,2020010501008232,NCCB,51,14,100,203.00,"20,300.00"
2020-01-05,2020010501008231,NCCB,58,14,202,203.00,"41,006.00"
2020-01-05,2020010501008210,NCCB,58,56,338,203.00,"68,614.00"
2020-01-05,2020010501008209,NCCB,58,56,162,203.00,"32,886.00"
2020-01-05,2020010501008022,NCCB,58,38,50,203.00,"10,150.00"
2020-01-05,2020010501007989,NCCB,58,38,50,203.00,"10,150.00"
2020-01-05,2020010501008205,NGPL,50,50,785,111.00,"87,135.00"
2020-01-05,2020010501008187,NGPL,50,48,18,111.00,"1,998.00"
2020-01-05,2020010501008186,NGPL,41,48,49,111.00,"5,439.00"
2020-01-05,2020010501007874,NHDL,25,42,10,110.00,"1,100.00"
2020-01-05,2020010501008278,NIB,58,49,107,394.00,"42,158.00"
2020-01-05,2020010501008267,NIB,19,19,300,393.00,"117,900.00"
2020-01-05,2020010501008266,NIB,34,19,100,393.00,"39,300.00"
2020-01-05,2020010501008265,NIB,58,19,500,394.00,"197,000.00"
2020-01-05,2020010501008253,NIB,37,40,10,395.00,"3,950.00"
2020-01-05,2020010501008181,NIB,58,14,196,394.00,"77,224.00"
2020-01-05,2020010501008134,NIB,58,42,44,394.00,"17,336.00"
2020-01-05,2020010501008037,NIB,58,32,10,394.00,"3,940.00"
2020-01-05,2020010501008275,NICA,56,17,46,425.00,"19,550.00"
2020-01-05,2020010501008190,NICA,56,34,221,425.00,"93,925.00"
2020-01-05,2020010501008171,NICA,33,14,80,425.00,"34,000.00"
2020-01-05,2020010501007992,NICA,34,57,990,425.00,"420,750.00"
2020-01-05,2020010501007955,NICA,46,53,300,424.00,"127,200.00"
2020-01-05,2020010501007910,NICA,21,57,10,425.00,"4,250.00"
2020-01-05,2020010501007909,NICA,21,32,100,425.00,"42,500.00"
2020-01-05,2020010501007818,NICA,46,34,472,424.00,"200,128.00"
2020-01-05,2020010501007817,NICA,28,34,28,424.00,"11,872.00"
2020-01-05,2020010501008023,NIL,34,19,784,420.00,"329,280.00"
2020-01-05,2020010501008294,NLBBL,32,19,83,510.00,"42,330.00"
2020-01-05,2020010501007839,NLBBL,38,28,150,509.00,"76,350.00"
2020-01-05,2020010501007838,NLBBL,49,28,350,509.00,"178,150.00"
2020-01-05,2020010501007808,NLBBL,49,38,400,509.00,"203,600.00"
2020-01-05,2020010501007807,NLBBL,46,38,100,510.00,"51,000.00"
2020-01-05,2020010501007806,NLBBL,5,38,100,510.00,"51,000.00"
2020-01-05,2020010501007805,NLBBL,55,38,100,510.00,"51,000.00"
2020-01-05,2020010501007804,NLBBL,26,38,100,511.00,"51,100.00"
2020-01-05,2020010501007803,NLBBL,5,38,100,512.00,"51,200.00"
2020-01-05,2020010501008274,NLIC,49,39,100,960.00,"96,000.00"
2020-01-05,2020010501008260,NLIC,49,54,230,960.00,"220,800.00"
2020-01-05,2020010501008259,NLIC,49,54,10,961.00,"9,610.00"
2020-01-05,2020010501008258,NLIC,56,54,100,961.00,"96,100.00"
2020-01-05,2020010501008257,NLIC,29,54,50,961.00,"48,050.00"
2020-01-05,2020010501008256,NLIC,49,54,10,962.00,"9,620.00"
2020-01-05,2020010501007843,NLIC,45,33,"1,100",965.00,"1,061,500.00"
2020-01-05,2020010501008182,NLIC,16,40,21,963.00,"20,223.00"
2020-01-05,2020010501008170,NLIC,16,42,22,963.00,"21,186.00"
2020-01-05,2020010501007991,NLIC,34,52,350,964.00,"337,400.00"
2020-01-05,2020010501007988,NLIC,34,40,21,964.00,"20,244.00"
2020-01-05,2020010501007905,NLIC,34,34,103,964.00,"99,292.00"
2020-01-05,2020010501007877,NLIC,34,40,21,964.00,"20,244.00"
2020-01-05,2020010501008255,NLIC,34,54,100,962.00,"96,200.00"
2020-01-05,2020010501008208,NLIC,57,46,100,963.00,"96,300.00"
2020-01-05,2020010501008207,NLIC,13,46,100,963.00,"96,300.00"
2020-01-05,2020010501008206,NLIC,16,46,135,963.00,"130,005.00"
2020-01-05,2020010501008201,NLIC,16,57,17,963.00,"16,371.00"
2020-01-05,2020010501008192,NLIC,16,6,22,963.00,"21,186.00"
2020-01-05,2020010501008200,NMB,13,35,100,328.00,"32,800.00"
2020-01-05,2020010501008193,NMB,42,49,80,327.00,"26,160.00"
2020-01-05,2020010501008156,NMB,42,29,182,327.00,"59,514.00"
2020-01-05,2020010501008155,NMB,42,29,18,327.00,"5,886.00"
2020-01-05,2020010501008109,NMB,42,49,137,327.00,"44,799.00"
2020-01-05,2020010501008021,NMB,21,57,60,328.00,"19,680.00"
2020-01-05,2020010501008020,NMB,21,32,90,328.00,"29,520.00"
2020-01-05,2020010501008018,NMB,35,32,10,328.00,"3,280.00"
2020-01-05,2020010501007941,NMB,42,34,45,327.00,"14,715.00"
2020-01-05,2020010501007940,NMB,38,34,60,327.00,"19,620.00"
2020-01-05,2020010501007939,NMB,25,34,100,327.00,"32,700.00"
2020-01-05,2020010501007938,NMB,33,34,582,327.00,"190,314.00"
2020-01-05,2020010501008287,NMBMF,59,22,150,590.00,"88,500.00"
2020-01-05,2020010501008248,NNLB,56,47,100,523.00,"52,300.00"
2020-01-05,2020010501008136,NNLB,44,34,300,530.00,"159,000.00"
2020-01-05,2020010501008127,NNLB,44,38,200,530.00,"106,000.00"
2020-01-05,2020010501008126,NNLB,14,38,100,531.00,"53,100.00"
2020-01-05,2020010501008215,NTC,4,32,10,615.00,"6,150.00"
2020-01-05,2020010501008273,NUBL,58,4,100,813.00,"81,300.00"
2020-01-05,2020010501008086,NUBL,40,59,16,815.00,"13,040.00"
2020-01-05,2020010501007835,NUBL,58,22,250,813.00,"203,250.00"
2020-01-05,2020010501007834,NUBL,55,22,100,814.00,"81,400.00"
2020-01-05,2020010501007833,NUBL,50,22,50,814.00,"40,700.00"
2020-01-05,2020010501008178,OHL,10,54,143,474.00,"67,782.00"
2020-01-05,2020010501008177,OHL,34,54,100,474.00,"47,400.00"
2020-01-05,2020010501008176,OHL,57,54,50,475.00,"23,750.00"
2020-01-05,2020010501008175,OHL,40,54,50,475.00,"23,750.00"
2020-01-05,2020010501008174,OHL,45,54,140,475.00,"66,500.00"
2020-01-05,2020010501008000,OHL,45,34,160,475.00,"76,000.00"
2020-01-05,2020010501007999,OHL,16,34,40,476.00,"19,040.00"
2020-01-05,2020010501007821,OHL,16,34,160,476.00,"76,160.00"
2020-01-05,2020010501007820,OHL,14,34,40,476.00,"19,040.00"
2020-01-05,2020010501008100,OHL,45,49,200,475.00,"95,000.00"
2020-01-05,2020010501008247,PCBL,39,40,300,239.00,"71,700.00"
2020-01-05,2020010501008078,PFL,32,14,75,133.00,"9,975.00"
2020-01-05,2020010501008221,PIC,34,16,84,415.00,"34,860.00"
2020-01-05,2020010501008213,PIC,39,53,30,416.00,"12,480.00"
2020-01-05,2020010501008212,PIC,39,48,20,416.00,"8,320.00"
2020-01-05,2020010501008211,PIC,39,45,50,416.00,"20,800.00"
2020-01-05,2020010501008202,PIC,34,42,100,415.00,"41,500.00"
2020-01-05,2020010501008199,PIC,39,44,100,416.00,"41,600.00"
2020-01-05,2020010501007975,PIC,34,45,500,415.00,"207,500.00"
2020-01-05,2020010501008173,PLIC,50,25,37,372.00,"13,764.00"
2020-01-05,2020010501008158,PLIC,50,57,22,372.00,"8,184.00"
2020-01-05,2020010501008157,PLIC,50,57,28,372.00,"10,416.00"
2020-01-05,2020010501008001,PMHPL,59,40,10,84.00,840.00
2020-01-05,2020010501007883,PMHPL,59,21,10,84.00,840.00
2020-01-05,2020010501007852,PMHPL,16,21,10,85.00,850.00
2020-01-05,2020010501007830,PMHPL,16,21,10,85.00,850.00
2020-01-05,2020010501007812,PMHPL,16,21,10,85.00,850.00
2020-01-05,2020010501008015,PPCL,26,45,970,112.00,"108,640.00"
2020-01-05,2020010501008147,PRIN,36,45,29,336.00,"9,744.00"
2020-01-05,2020010501008146,PRIN,36,45,50,336.00,"16,800.00"
2020-01-05,2020010501008145,PRIN,58,45,221,336.00,"74,256.00"
2020-01-05,2020010501007837,PRIN,58,32,100,336.00,"33,600.00"
2020-01-05,2020010501008220,PRVU,7,40,229,226.00,"51,754.00"
2020-01-05,2020010501008142,PRVU,14,40,500,226.00,"113,000.00"
2020-01-05,2020010501008141,PRVU,32,40,375,226.00,"84,750.00"
2020-01-05,2020010501008140,PRVU,45,40,200,226.00,"45,200.00"
2020-01-05,2020010501008139,PRVU,16,40,500,226.00,"113,000.00"
2020-01-05,2020010501008138,PRVU,57,40,196,226.00,"44,296.00"
2020-01-05,2020010501007815,RADHI,22,22,11,139.00,"1,529.00"
2020-01-05,2020010501008293,RHPL,33,57,50,171.00,"8,550.00"
2020-01-05,2020010501008292,RHPL,33,21,20,171.00,"3,420.00"
2020-01-05,2020010501008290,RHPL,39,38,50,169.00,"8,450.00"
2020-01-05,2020010501008279,RHPL,39,38,40,169.00,"6,760.00"
2020-01-05,2020010501008252,RHPL,39,38,20,169.00,"3,380.00"
2020-01-05,2020010501008251,RHPL,29,38,30,170.00,"5,100.00"
2020-01-05,2020010501007796,RHPL,29,18,20,170.00,"3,400.00"
2020-01-05,2020010501008194,RHPL,29,21,40,170.00,"6,800.00"
2020-01-05,2020010501008161,RHPL,29,22,10,170.00,"1,700.00"
2020-01-05,2020010501008128,RHPL,29,21,40,170.00,"6,800.00"
2020-01-05,2020010501007974,RHPL,29,36,40,170.00,"6,800.00"
2020-01-05,2020010501007911,RHPL,29,38,40,170.00,"6,800.00"
2020-01-05,2020010501007855,RHPL,29,22,40,170.00,"6,800.00"
2020-01-05,2020010501008197,RMDC,10,40,50,563.00,"28,150.00"
2020-01-05,2020010501008162,RMDC,10,17,50,563.00,"28,150.00"
2020-01-05,2020010501008082,RMDC,10,36,333,563.00,"187,479.00"
2020-01-05,2020010501008081,RMDC,50,36,392,564.00,"221,088.00"
2020-01-05,2020010501007971,RMDC,50,36,108,564.00,"60,912.00"
2020-01-05,2020010501007897,RMDC,33,33,100,565.00,"56,500.00"
2020-01-05,2020010501007896,RMDC,6,33,86,565.00,"48,590.00"
2020-01-05,2020010501007895,RMDC,5,33,200,565.00,"113,000.00"
2020-01-05,2020010501007894,RMDC,6,33,300,565.00,"169,500.00"
2020-01-05,2020010501007893,RMDC,58,33,200,566.00,"113,200.00"
2020-01-05,2020010501007892,RMDC,50,33,100,567.00,"56,700.00"
2020-01-05,2020010501007827,RMDC,48,33,500,568.00,"284,000.00"
2020-01-05,2020010501008195,RRHP,42,40,10,97.00,970.00
2020-01-05,2020010501008016,RRHP,42,40,10,97.00,970.00
2020-01-05,2020010501007887,RRHP,42,40,10,97.00,970.00
2020-01-05,2020010501008214,RSDC,45,6,123,338.00,"41,574.00"
2020-01-05,2020010501007927,RSDC,10,6,100,338.00,"33,800.00"
2020-01-05,2020010501007926,RSDC,45,6,97,338.00,"32,786.00"
2020-01-05,2020010501007924,RSDC,25,39,100,338.00,"33,800.00"
2020-01-05,2020010501008245,SABSL,7,21,10,591.00,"5,910.00"
2020-01-05,2020010501008004,SABSL,25,16,10,589.00,"5,890.00"
2020-01-05,2020010501007935,SABSL,59,16,10,600.00,"6,000.00"
2020-01-05,2020010501007934,SABSL,59,34,10,600.00,"6,000.00"
2020-01-05,2020010501007933,SABSL,59,57,200,600.00,"120,000.00"
2020-01-05,2020010501007920,SABSL,59,7,230,598.00,"137,540.00"
2020-01-05,2020010501007919,SABSL,59,43,150,598.00,"89,700.00"
2020-01-05,2020010501007891,SABSL,59,38,10,595.00,"5,950.00"
2020-01-05,2020010501007890,SABSL,59,58,22,595.00,"13,090.00"
2020-01-05,2020010501007875,SABSL,25,21,10,589.00,"5,890.00"
2020-01-05,2020010501008295,SADBL,4,21,200,142.00,"28,400.00"
2020-01-05,2020010501008122,SADBL,4,14,200,142.00,"28,400.00"
2020-01-05,2020010501007990,SADBL,4,39,50,142.00,"7,100.00"
2020-01-05,2020010501007986,SADBL,4,32,100,142.00,"14,200.00"
2020-01-05,2020010501007842,SADBL,4,59,500,142.00,"71,000.00"
2020-01-05,2020010501008066,SANIMA,4,4,296,319.00,"94,424.00"
2020-01-05,2020010501008065,SANIMA,13,4,154,319.00,"49,126.00"
2020-01-05,2020010501008277,SBI,4,47,220,365.00,"80,300.00"
2020-01-05,2020010501008276,SBI,4,47,177,365.00,"64,605.00"
2020-01-05,2020010501008045,SBI,4,47,253,365.00,"92,345.00"
2020-01-05,2020010501008044,SBI,45,47,350,366.00,"128,100.00"
2020-01-05,2020010501008009,SBI,40,47,187,366.00,"68,442.00"
2020-01-05,2020010501007952,SBI,40,16,300,366.00,"109,800.00"
2020-01-05,2020010501007936,SBI,40,40,448,366.00,"163,968.00"
2020-01-05,2020010501008237,SBL,41,45,200,290.00,"58,000.00"
2020-01-05,2020010501007854,SBL,25,51,150,291.00,"43,650.00"
2020-01-05,2020010501007853,SBL,29,51,648,291.00,"188,568.00"
2020-01-05,2020010501007840,SBL,29,48,200,291.00,"58,200.00"
2020-01-05,2020010501008264,SCB,45,45,20,548.00,"10,960.00"
2020-01-05,2020010501007914,SCB,13,38,20,551.00,"11,020.00"
2020-01-05,2020010501007913,SCB,41,40,16,551.00,"8,816.00"
2020-01-05,2020010501007889,SCB,41,38,20,551.00,"11,020.00"
2020-01-05,2020010501007878,SCB,41,38,20,551.00,"11,020.00"
2020-01-05,2020010501007826,SCB,41,49,75,551.00,"41,325.00"
2020-01-05,2020010501007825,SCB,49,49,161,552.00,"88,872.00"
2020-01-05,2020010501007970,SCB,4,7,10,550.00,"5,500.00"
2020-01-05,2020010501007965,SCB,4,17,200,550.00,"110,000.00"
2020-01-05,2020010501007959,SCB,4,38,20,550.00,"11,000.00"
2020-01-05,2020010501007951,SCB,4,38,20,550.00,"11,000.00"
2020-01-05,2020010501007944,SCB,4,38,20,550.00,"11,000.00"
2020-01-05,2020010501007915,SCB,13,47,380,551.00,"209,380.00"
2020-01-05,2020010501008014,SCB,4,21,17,550.00,"9,350.00"
2020-01-05,2020010501008012,SCB,4,34,123,550.00,"67,650.00"
2020-01-05,2020010501008011,SCB,4,34,20,550.00,"11,000.00"
2020-01-05,2020010501008061,SCB,40,19,40,550.00,"22,000.00"
2020-01-05,2020010501008060,SCB,47,19,10,550.00,"5,500.00"
2020-01-05,2020010501008055,SCB,47,46,290,550.00,"159,500.00"
2020-01-05,2020010501008054,SCB,38,46,80,550.00,"44,000.00"
2020-01-05,2020010501008031,SCB,38,40,20,550.00,"11,000.00"
2020-01-05,2020010501008204,SCB,45,40,20,548.00,"10,960.00"
2020-01-05,2020010501008196,SCB,45,1,155,548.00,"84,940.00"
2020-01-05,2020010501008172,SCB,6,21,10,550.00,"5,500.00"
2020-01-05,2020010501008069,SCB,40,21,30,550.00,"16,500.00"
2020-01-05,2020010501008072,SDESI,45,25,17,606.00,"10,302.00"
2020-01-05,2020010501008005,SFFIL,19,6,200,194.00,"38,800.00"
2020-01-05,2020010501008125,SHINE,18,40,470,235.00,"110,450.00"
2020-01-05,2020010501008124,SHINE,32,40,500,235.00,"117,500.00"
2020-01-05,2020010501008123,SHINE,57,40,30,235.00,"7,050.00"
2020-01-05,2020010501008284,SHIVM,32,34,340,485.00,"164,900.00"
2020-01-05,2020010501008283,SHIVM,21,34,100,485.00,"48,500.00"
2020-01-05,2020010501008282,SHIVM,22,34,10,485.00,"4,850.00"
2020-01-05,2020010501008281,SHIVM,50,34,250,485.00,"121,250.00"
2020-01-05,2020010501008280,SHIVM,35,34,300,485.00,"145,500.00"
2020-01-05,2020010501008238,SHIVM,51,7,100,486.00,"48,600.00"
2020-01-05,2020010501007849,SHIVM,58,35,20,488.00,"9,760.00"
2020-01-05,2020010501007848,SHIVM,32,35,200,488.00,"97,600.00"
2020-01-05,2020010501007816,SHIVM,32,42,500,488.00,"244,000.00"
2020-01-05,2020010501007966,SHIVM,41,35,45,489.00,"22,005.00"
2020-01-05,2020010501007964,SHIVM,52,54,10,490.00,"4,900.00"
2020-01-05,2020010501007950,SHIVM,47,54,400,490.00,"196,000.00"
2020-01-05,2020010501007925,SHIVM,41,19,425,489.00,"207,825.00"
2020-01-05,2020010501007876,SHIVM,41,58,500,489.00,"244,500.00"
2020-01-05,2020010501008151,SHIVM,48,38,50,486.00,"24,300.00"
2020-01-05,2020010501008107,SHIVM,6,28,50,487.00,"24,350.00"
2020-01-05,2020010501008106,SHIVM,34,28,230,487.00,"112,010.00"
2020-01-05,2020010501008043,SHIVM,34,21,270,487.00,"131,490.00"
2020-01-05,2020010501008042,SHIVM,47,21,200,487.00,"97,400.00"
2020-01-05,2020010501008041,SHIVM,41,21,30,489.00,"14,670.00"
2020-01-05,2020010501008180,SHIVM,51,44,100,486.00,"48,600.00"
2020-01-05,2020010501008165,SHIVM,51,7,400,486.00,"194,400.00"
2020-01-05,2020010501008164,SHIVM,51,7,100,486.00,"48,600.00"
2020-01-05,2020010501008154,SHIVM,51,38,300,486.00,"145,800.00"
2020-01-05,2020010501008153,SHIVM,26,38,50,486.00,"24,300.00"
2020-01-05,2020010501008152,SHIVM,35,38,100,486.00,"48,600.00"
2020-01-05,2020010501007987,SHPC,56,25,100,171.00,"17,100.00"
2020-01-05,2020010501007949,SHPC,42,14,410,172.00,"70,520.00"
2020-01-05,2020010501007948,SHPC,44,14,500,172.00,"86,000.00"
2020-01-05,2020010501007832,SHPC,44,44,500,172.00,"86,000.00"
2020-01-05,2020010501008272,SICL,29,40,450,856.00,"385,200.00"
2020-01-05,2020010501008059,SICL,7,28,200,855.00,"171,000.00"
2020-01-05,2020010501008058,SICL,7,50,100,855.00,"85,500.00"
2020-01-05,2020010501008057,SICL,7,7,20,854.00,"17,080.00"
2020-01-05,2020010501007998,SICL,45,46,190,853.00,"162,070.00"
2020-01-05,2020010501007983,SICL,45,28,405,853.00,"345,465.00"
2020-01-05,2020010501007982,SICL,46,28,10,853.00,"8,530.00"
2020-01-05,2020010501007888,SICL,46,42,10,853.00,"8,530.00"
2020-01-05,2020010501008250,SIL,49,44,20,419.00,"8,380.00"
2020-01-05,2020010501008271,SJCL,10,38,20,156.00,"3,120.00"
2020-01-05,2020010501008261,SJCL,10,38,20,156.00,"3,120.00"
2020-01-05,2020010501008169,SJCL,10,35,10,156.00,"1,560.00"
2020-01-05,2020010501008149,SJCL,10,21,20,156.00,"3,120.00"
2020-01-05,2020010501008143,SJCL,10,22,10,156.00,"1,560.00"
2020-01-05,2020010501007973,SJCL,40,38,20,156.00,"3,120.00"
2020-01-05,2020010501007846,SJCL,44,45,"2,400",157.00,"376,800.00"
2020-01-05,2020010501007802,SJCL,44,21,10,157.00,"1,570.00"
2020-01-05,2020010501008025,SJCL,40,38,20,156.00,"3,120.00"
2020-01-05,2020010501008007,SJCL,40,38,20,156.00,"3,120.00"
2020-01-05,2020010501007993,SJCL,40,38,20,156.00,"3,120.00"
2020-01-05,2020010501007984,SJCL,40,38,20,156.00,"3,120.00"
2020-01-05,2020010501007978,SJCL,40,38,20,156.00,"3,120.00"
2020-01-05,2020010501008121,SJCL,10,45,10,156.00,"1,560.00"
2020-01-05,2020010501008105,SJCL,10,42,40,156.00,"6,240.00"
2020-01-05,2020010501008104,SJCL,40,42,80,156.00,"12,480.00"
2020-01-05,2020010501008046,SJCL,40,38,20,156.00,"3,120.00"
2020-01-05,2020010501008036,SJCL,40,38,20,156.00,"3,120.00"
2020-01-05,2020010501007813,SKBBL,25,46,10,866.00,"8,660.00"
2020-01-05,2020010501007906,SLBBL,58,35,100,585.00,"58,500.00"
2020-01-05,2020010501008102,SLBSL,46,25,10,621.00,"6,210.00"
2020-01-05,2020010501008222,SLICL,35,44,100,308.00,"30,800.00"
2020-01-05,2020010501008198,SMATA,41,58,50,530.00,"26,500.00"
2020-01-05,2020010501008013,SMATA,34,41,250,532.00,"133,000.00"
2020-01-05,2020010501007996,SMATA,44,41,310,533.00,"165,230.00"
2020-01-05,2020010501007904,SMFBS,39,51,10,990.00,"9,900.00"
2020-01-05,2020010501007903,SMFBS,39,57,30,988.00,"29,640.00"
2020-01-05,2020010501007902,SMFBS,39,38,10,987.00,"9,870.00"
2020-01-05,2020010501007901,SMFBS,39,21,10,982.00,"9,820.00"
2020-01-05,2020010501007900,SMFBS,39,21,10,980.00,"9,800.00"
2020-01-05,2020010501007831,SPARS,10,55,500,590.00,"295,000.00"
2020-01-05,2020010501008099,SRBL,34,54,626,218.00,"136,468.00"
2020-01-05,2020010501008098,SRBL,43,54,"1,274",218.00,"277,732.00"
2020-01-05,2020010501008097,SRBL,45,54,100,219.00,"21,900.00"
2020-01-05,2020010501008096,SRBL,43,54,500,219.00,"109,500.00"
2020-01-05,2020010501008203,SWBBL,16,4,10,882.00,"8,820.00"
2020-01-05,2020010501007969,SWBBL,38,4,25,883.00,"22,075.00"
2020-01-05,2020010501007923,UFL,42,44,67,166.00,"11,122.00"
2020-01-05,2020010501007862,UFL,26,44,50,169.00,"8,450.00"
2020-01-05,2020010501008118,UIC,51,40,96,290.00,"27,840.00"
2020-01-05,2020010501008117,UIC,42,40,100,290.00,"29,000.00"
2020-01-05,2020010501008116,UIC,11,40,50,290.00,"14,500.00"
2020-01-05,2020010501008115,UIC,53,40,18,290.00,"5,220.00"
2020-01-05,2020010501008114,UIC,34,40,250,290.00,"72,500.00"
2020-01-05,2020010501008113,UIC,29,40,666,291.00,"193,806.00"
2020-01-05,2020010501008112,UIC,17,40,100,292.00,"29,200.00"
2020-01-05,2020010501008111,UIC,52,40,90,292.00,"26,280.00"
2020-01-05,2020010501008110,UIC,3,40,100,293.00,"29,300.00"
2020-01-05,2020010501008289,UPCL,26,35,25,73.00,"1,825.00"
2020-01-05,2020010501008288,UPCL,42,35,75,73.00,"5,475.00"
2020-01-05,2020010501008038,UPCL,42,36,40,73.00,"2,920.00"
2020-01-05,2020010501008291,UPPER,34,21,37,236.00,"8,732.00"
2020-01-05,2020010501008254,UPPER,33,45,40,237.00,"9,480.00"
2020-01-05,2020010501008225,UPPER,34,40,40,236.00,"9,440.00"
2020-01-05,2020010501008150,UPPER,34,21,40,236.00,"9,440.00"
2020-01-05,2020010501008039,UPPER,34,40,50,236.00,"11,800.00"
2020-01-05,2020010501008008,UPPER,34,21,40,236.00,"9,440.00"
2020-01-05,2020010501007932,UPPER,34,40,40,236.00,"9,440.00"
2020-01-05,2020010501007898,VLBS,26,57,21,697.00,"14,637.00"
2020-01-05,2020010501007653,ADBL,49,48,95,363.00,"34,485.00"
2020-01-05,2020010501007468,ADBL,49,45,10,364.00,"3,640.00"
2020-01-05,2020010501007413,ADBL,49,25,54,364.00,"19,656.00"
2020-01-05,2020010501007412,ADBL,42,25,10,364.00,"3,640.00"
2020-01-05,2020010501007314,ADBL,49,32,"1,000",364.00,"364,000.00"
2020-01-05,2020010501007313,ADBL,49,28,200,364.00,"72,800.00"
2020-01-05,2020010501007421,AKJCL,37,42,10,57.00,570.00
2020-01-05,2020010501007748,ALBSL,34,16,285,511.00,"145,635.00"
2020-01-05,2020010501007705,ALBSL,37,53,50,512.00,"25,600.00"
2020-01-05,2020010501007684,ALBSL,37,5,150,512.00,"76,800.00"
2020-01-05,2020010501007683,ALBSL,34,5,200,512.00,"102,400.00"
2020-01-05,2020010501007682,ALBSL,43,5,80,512.00,"40,960.00"
2020-01-05,2020010501007585,ALBSL,43,59,10,512.00,"5,120.00"
2020-01-05,2020010501007397,ALBSL,55,44,100,518.00,"51,800.00"
2020-01-05,2020010501007329,ALBSL,46,57,10,513.00,"5,130.00"
2020-01-05,2020010501007737,ALICL,45,49,100,381.00,"38,100.00"
2020-01-05,2020010501007736,ALICL,57,49,100,381.00,"38,100.00"
2020-01-05,2020010501007735,ALICL,57,49,268,381.00,"102,108.00"
2020-01-05,2020010501007715,ALICL,57,46,232,381.00,"88,392.00"
2020-01-05,2020010501007714,ALICL,16,46,168,382.00,"64,176.00"
2020-01-05,2020010501007545,ALICL,16,39,700,382.00,"267,400.00"
2020-01-05,2020010501007544,ALICL,38,39,300,382.00,"114,600.00"
2020-01-05,2020010501007411,ALICL,34,7,100,383.00,"38,300.00"
2020-01-05,2020010501007395,ALICL,36,49,20,384.00,"7,680.00"
2020-01-05,2020010501007436,API,25,7,100,110.00,"11,000.00"
2020-01-05,2020010501007621,BOKL,43,45,"1,000",217.00,"217,000.00"
2020-01-05,2020010501007620,BOKL,1,45,69,217.00,"14,973.00"
2020-01-05,2020010501007619,BOKL,35,45,500,217.00,"108,500.00"
2020-01-05,2020010501007618,BOKL,1,45,171,217.00,"37,107.00"
2020-01-05,2020010501007399,BOKL,1,22,29,217.00,"6,293.00"
2020-01-05,2020010501007398,BOKL,50,22,271,217.00,"58,807.00"
2020-01-05,2020010501007383,BOKL,49,50,710,218.00,"154,780.00"
2020-01-05,2020010501007364,BOKL,5,50,200,218.00,"43,600.00"
2020-01-05,2020010501007505,CBBL,59,44,150,820.00,"123,000.00"
2020-01-05,2020010501007504,CBBL,4,44,120,820.00,"98,400.00"
2020-01-05,2020010501007503,CBBL,4,44,250,820.00,"205,000.00"
2020-01-05,2020010501007497,CBBL,34,44,350,821.00,"287,350.00"
2020-01-05,2020010501007489,CBBL,34,44,70,822.00,"57,540.00"
2020-01-05,2020010501007478,CBBL,34,33,430,822.00,"353,460.00"
2020-01-05,2020010501007477,CBBL,29,33,250,824.00,"206,000.00"
2020-01-05,2020010501007476,CBBL,17,33,20,824.00,"16,480.00"
2020-01-05,2020010501007441,CBBL,8,44,500,826.00,"413,000.00"
2020-01-05,2020010501007428,CBBL,38,44,200,827.00,"165,400.00"
2020-01-05,2020010501007695,CBL,42,25,42,137.00,"5,754.00"
2020-01-05,2020010501007615,CBL,29,32,100,136.00,"13,600.00"
2020-01-05,2020010501007584,CBL,6,35,300,137.00,"41,100.00"
2020-01-05,2020010501007475,CBL,5,7,"1,200",137.00,"164,400.00"
2020-01-05,2020010501007466,CBL,6,7,300,137.00,"41,100.00"
2020-01-05,2020010501007733,CCBL,34,5,446,168.00,"74,928.00"
2020-01-05,2020010501007625,CCBL,34,32,100,168.00,"16,800.00"
2020-01-05,2020010501007553,CCBL,34,34,454,168.00,"76,272.00"
2020-01-05,2020010501007552,CCBL,34,34,46,168.00,"7,728.00"
2020-01-05,2020010501007496,CCBL,29,48,50,169.00,"8,450.00"
2020-01-05,2020010501007495,CCBL,34,48,"1,456",169.00,"246,064.00"
2020-01-05,2020010501007349,CCBL,34,48,44,169.00,"7,436.00"
2020-01-05,2020010501007376,CFCL,32,39,200,118.00,"23,600.00"
2020-01-05,2020010501007308,CIT,28,58,85,"2,095.00","178,075.00"
2020-01-05,2020010501007355,CLBSL,56,21,10,607.00,"6,070.00"
2020-01-05,2020010501007606,CORBL,49,42,50,111.00,"5,550.00"
2020-01-05,2020010501007605,CORBL,38,42,200,111.00,"22,200.00"
2020-01-05,2020010501007604,CORBL,55,42,100,111.00,"11,100.00"
2020-01-05,2020010501007603,CORBL,47,42,100,111.00,"11,100.00"
2020-01-05,2020010501007602,CORBL,43,42,10,111.00,"1,110.00"
2020-01-05,2020010501007647,CZBIL,32,45,32,187.00,"5,984.00"
2020-01-05,2020010501007491,CZBIL,55,7,200,189.00,"37,800.00"
2020-01-05,2020010501007449,CZBIL,21,25,250,188.00,"47,000.00"
2020-01-05,2020010501007659,DBBL,54,32,100,143.00,"14,300.00"
2020-01-05,2020010501007752,DDBL,33,58,50,905.00,"45,250.00"
2020-01-05,2020010501007751,DDBL,50,58,40,905.00,"36,200.00"
2020-01-05,2020010501007746,DDBL,50,34,970,905.00,"877,850.00"
2020-01-05,2020010501007745,DDBL,35,34,200,906.00,"181,200.00"
2020-01-05,2020010501007744,DDBL,17,34,30,906.00,"27,180.00"
2020-01-05,2020010501007743,DDBL,38,34,100,907.00,"90,700.00"
2020-01-05,2020010501007354,DDBL,33,58,600,908.00,"544,800.00"
2020-01-05,2020010501007635,EBL,11,48,95,540.00,"51,300.00"
2020-01-05,2020010501007634,EBL,4,48,30,541.00,"16,230.00"
2020-01-05,2020010501007453,EBL,45,28,181,545.00,"98,645.00"
2020-01-05,2020010501007513,EBL,58,56,100,541.00,"54,100.00"
2020-01-05,2020010501007494,EBL,55,56,100,542.00,"54,200.00"
2020-01-05,2020010501007463,EBL,57,50,23,545.00,"12,535.00"
2020-01-05,2020010501007454,EBL,45,42,10,545.00,"5,450.00"
2020-01-05,2020010501007739,EIC,57,21,100,276.00,"27,600.00"
2020-01-05,2020010501007738,EIC,57,57,300,276.00,"82,800.00"
2020-01-05,2020010501007510,EIC,42,6,10,277.00,"2,770.00"
2020-01-05,2020010501007571,FMDBL,14,34,172,340.00,"58,480.00"
2020-01-05,2020010501007517,FMDBL,56,49,225,340.00,"76,500.00"
2020-01-05,2020010501007516,FMDBL,39,49,200,340.00,"68,000.00"
2020-01-05,2020010501007507,FMDBL,56,42,80,340.00,"27,200.00"
2020-01-05,2020010501007506,FMDBL,21,42,20,343.00,"6,860.00"
2020-01-05,2020010501007340,FMDBL,56,49,55,340.00,"18,700.00"
2020-01-05,2020010501007339,FMDBL,58,49,30,340.00,"10,200.00"
2020-01-05,2020010501007334,FMDBL,39,53,100,341.00,"34,100.00"
2020-01-05,2020010501007333,FMDBL,38,53,294,341.00,"100,254.00"
2020-01-05,2020010501007306,FMDBL,38,19,206,341.00,"70,246.00"
2020-01-05,2020010501007305,FMDBL,40,19,380,342.00,"129,960.00"
2020-01-05,2020010501007776,GBBL,32,51,100,206.00,"20,600.00"
2020-01-05,2020010501007318,GBBL,32,51,102,206.00,"21,012.00"
2020-01-05,2020010501007560,GBLBS,29,48,100,357.00,"35,700.00"
2020-01-05,2020010501007351,GLBSL,58,39,80,473.00,"37,840.00"
2020-01-05,2020010501007350,GLBSL,33,39,40,475.00,"19,000.00"
2020-01-05,2020010501007298,GLBSL,33,48,10,475.00,"4,750.00"
2020-01-05,2020010501007509,GMFBS,59,32,200,590.00,"118,000.00"
2020-01-05,2020010501007508,GMFBS,26,32,40,591.00,"23,640.00"
2020-01-05,2020010501007661,GUFL,1,32,100,110.00,"11,000.00"
2020-01-05,2020010501007668,HBL,32,19,200,508.00,"101,600.00"
2020-01-05,2020010501007770,HDL,33,53,285,"1,207.00","343,995.00"
2020-01-05,2020010501007769,HDL,11,53,50,"1,208.00","60,400.00"
2020-01-05,2020010501007768,HDL,34,53,165,"1,208.00","199,320.00"
2020-01-05,2020010501007732,HDL,34,41,100,"1,209.00","120,900.00"
2020-01-05,2020010501007660,HDL,34,39,35,"1,208.00","42,280.00"
2020-01-05,2020010501007641,HDL,51,39,100,"1,208.00","120,800.00"
2020-01-05,2020010501007415,HDL,43,14,100,"1,210.00","121,000.00"
2020-01-05,2020010501007299,HDL,37,53,30,"1,210.00","36,300.00"
2020-01-05,2020010501007640,HDL,19,39,200,"1,208.00","241,600.00"
2020-01-05,2020010501007639,HDL,34,39,50,"1,208.00","60,400.00"
2020-01-05,2020010501007638,HDL,28,39,50,"1,208.00","60,400.00"
2020-01-05,2020010501007637,HDL,6,39,65,"1,210.00","78,650.00"
2020-01-05,2020010501007581,HDL,6,46,10,"1,210.00","12,100.00"
2020-01-05,2020010501007419,HDL,6,14,45,"1,210.00","54,450.00"
