Date,Transact. No.,Symbol,Buyer,Seller,Quantity,Rate,Amount
2019-09-15,2019091501007054,ADBL,39,40,34,413.00,"14,042.00"
2019-09-15,2019091501007053,ADBL,28,40,250,413.00,"103,250.00"
2019-09-15,2019091501007052,ADBL,26,40,100,413.00,"41,300.00"
2019-09-15,2019091501006824,ADBL,26,45,100,413.00,"41,300.00"
2019-09-15,2019091501007105,AHPC,21,45,28,94.00,"2,632.00"
2019-09-15,2019091501007104,AHPC,51,45,100,95.00,"9,500.00"
2019-09-15,2019091501007103,AHPC,10,45,200,95.00,"19,000.00"
2019-09-15,2019091501007102,AHPC,8,45,225,95.00,"21,375.00"
2019-09-15,2019091501007101,AHPC,14,45,447,95.00,"42,465.00"
2019-09-15,2019091501006953,AKBSL,42,59,10,419.00,"4,190.00"
2019-09-15,2019091501006947,AKBSL,36,34,10,420.00,"4,200.00"
2019-09-15,2019091501006879,AKBSL,42,21,10,419.00,"4,190.00"
2019-09-15,2019091501006892,AKPL,25,58,16,134.00,"2,144.00"
2019-09-15,2019091501006876,AKPL,25,25,14,132.00,"1,848.00"
2019-09-15,2019091501007135,ALBSL,36,7,10,420.00,"4,200.00"
2019-09-15,2019091501007210,API,38,25,20,110.00,"2,200.00"
2019-09-15,2019091501007209,API,42,25,82,110.00,"9,020.00"
2019-09-15,2019091501006762,API,25,38,30,111.00,"3,330.00"
2019-09-15,2019091501006774,BARUN,6,6,90,86.00,"7,740.00"
2019-09-15,2019091501007149,BFC,53,58,300,90.00,"27,000.00"
2019-09-15,2019091501007124,BFC,5,58,99,89.00,"8,811.00"
2019-09-15,2019091501007083,BFC,56,58,10,90.00,900.00
2019-09-15,2019091501007219,BOKL,42,38,10,255.00,"2,550.00"
2019-09-15,2019091501007218,BOKL,42,43,500,253.00,"126,500.00"
2019-09-15,2019091501007173,BOKL,42,4,232,252.00,"58,464.00"
2019-09-15,2019091501007172,BOKL,42,32,500,252.00,"126,000.00"
2019-09-15,2019091501007171,BOKL,42,49,201,252.00,"50,652.00"
2019-09-15,2019091501007156,BOKL,42,46,500,251.00,"125,500.00"
2019-09-15,2019091501007064,BOKL,42,5,200,250.00,"50,000.00"
2019-09-15,2019091501007063,BOKL,42,5,100,250.00,"25,000.00"
2019-09-15,2019091501006983,BOKL,13,35,100,250.00,"25,000.00"
2019-09-15,2019091501006950,BOKL,8,38,200,251.00,"50,200.00"
2019-09-15,2019091501007070,BOKL,39,5,500,250.00,"125,000.00"
2019-09-15,2019091501007069,BOKL,25,5,200,250.00,"50,000.00"
2019-09-15,2019091501007068,BOKL,59,5,100,250.00,"25,000.00"
2019-09-15,2019091501007067,BOKL,42,5,100,250.00,"25,000.00"
2019-09-15,2019091501007066,BOKL,32,5,200,250.00,"50,000.00"
2019-09-15,2019091501007065,BOKL,45,5,25,250.00,"6,250.00"
2019-09-15,2019091501007076,BOKL,21,5,40,250.00,"10,000.00"
2019-09-15,2019091501007075,BOKL,25,5,"1,000",250.00,"250,000.00"
2019-09-15,2019091501007074,BOKL,53,5,"1,000",250.00,"250,000.00"
2019-09-15,2019091501007073,BOKL,45,5,200,250.00,"50,000.00"
2019-09-15,2019091501007072,BOKL,39,5,200,250.00,"50,000.00"
2019-09-15,2019091501007071,BOKL,44,5,460,250.00,"115,000.00"
2019-09-15,2019091501007155,BOKL,42,38,400,251.00,"100,400.00"
2019-09-15,2019091501007081,BOKL,1,5,100,250.00,"25,000.00"
2019-09-15,2019091501007080,BOKL,25,5,"1,000",250.00,"250,000.00"
2019-09-15,2019091501007079,BOKL,17,5,"1,000",250.00,"250,000.00"
2019-09-15,2019091501007078,BOKL,29,5,50,250.00,"12,500.00"
2019-09-15,2019091501007077,BOKL,57,5,250,250.00,"62,500.00"
2019-09-15,2019091501007093,BPCL,33,57,17,367.00,"6,239.00"
2019-09-15,2019091501007092,BPCL,33,26,33,366.00,"12,078.00"
2019-09-15,2019091501007033,BPCL,49,17,33,361.00,"11,913.00"
2019-09-15,2019091501006943,BPCL,49,45,46,361.00,"16,606.00"
2019-09-15,2019091501006849,BPCL,47,44,40,359.00,"14,360.00"
2019-09-15,2019091501006839,BPCL,59,17,33,358.00,"11,814.00"
2019-09-15,2019091501006819,BPCL,58,44,50,359.00,"17,950.00"
2019-09-15,2019091501006818,BPCL,33,44,167,359.00,"59,953.00"
2019-09-15,2019091501006816,BPCL,33,17,33,359.00,"11,847.00"
2019-09-15,2019091501007152,CBBL,45,39,50,963.00,"48,150.00"
2019-09-15,2019091501006898,CBBL,45,50,45,963.00,"43,335.00"
2019-09-15,2019091501006823,CBL,18,56,500,142.00,"71,000.00"
2019-09-15,2019091501007062,CCBL,49,46,685,155.00,"106,175.00"
2019-09-15,2019091501007061,CCBL,42,46,50,155.00,"7,750.00"
2019-09-15,2019091501007060,CCBL,44,46,50,155.00,"7,750.00"
2019-09-15,2019091501007059,CCBL,34,46,400,155.00,"62,000.00"
2019-09-15,2019091501007058,CCBL,1,46,287,155.00,"44,485.00"
2019-09-15,2019091501006800,CCBL,49,45,20,156.00,"3,120.00"
2019-09-15,2019091501007027,CHL,58,50,190,79.00,"15,010.00"
2019-09-15,2019091501007175,CIT,13,34,194,"1,811.00","351,334.00"
2019-09-15,2019091501006949,CIT,13,28,81,"1,811.00","146,691.00"
2019-09-15,2019091501006948,CIT,56,28,100,"1,816.00","181,600.00"
2019-09-15,2019091501006799,CMF1,47,47,"1,500",9.35,"14,025.00"
2019-09-15,2019091501007224,CZBIL,45,25,50,218.00,"10,900.00"
2019-09-15,2019091501007110,CZBIL,45,43,442,218.00,"96,356.00"
2019-09-15,2019091501007109,CZBIL,51,43,76,218.00,"16,568.00"
2019-09-15,2019091501006966,CZBIL,43,45,650,219.00,"142,350.00"
2019-09-15,2019091501007129,DBBL,26,49,200,127.00,"25,400.00"
2019-09-15,2019091501006760,DBBL,54,49,300,127.00,"38,100.00"
2019-09-15,2019091501007233,DDBL,45,56,60,716.00,"42,960.00"
2019-09-15,2019091501007199,EBL,44,45,100,560.00,"56,000.00"
2019-09-15,2019091501007217,FMDBL,58,36,500,366.00,"183,000.00"
2019-09-15,2019091501007122,FMDBL,58,39,128,366.00,"46,848.00"
2019-09-15,2019091501007121,FMDBL,37,39,67,366.00,"24,522.00"
2019-09-15,2019091501006784,GBBL,48,45,75,207.00,"15,525.00"
2019-09-15,2019091501006783,GBBL,48,45,64,207.00,"13,248.00"
2019-09-15,2019091501006900,GBLBS,40,40,15,323.00,"4,845.00"
2019-09-15,2019091501006872,GBLBS,56,4,105,321.00,"33,705.00"
2019-09-15,2019091501006846,GBLBS,56,45,250,321.00,"80,250.00"
2019-09-15,2019091501006813,GBLBS,45,38,397,322.00,"127,834.00"
2019-09-15,2019091501006767,GBLBS,6,38,650,323.00,"209,950.00"
2019-09-15,2019091501006957,GDBL,16,44,100,205.00,"20,500.00"
2019-09-15,2019091501006956,GDBL,14,44,"1,000",205.00,"205,000.00"
2019-09-15,2019091501006955,GDBL,57,44,200,205.00,"41,000.00"
2019-09-15,2019091501006954,GDBL,11,44,146,205.00,"29,930.00"
2019-09-15,2019091501006959,GDBL,21,44,500,205.00,"102,500.00"
2019-09-15,2019091501006958,GDBL,19,44,200,205.00,"41,000.00"
2019-09-15,2019091501007056,GLICL,33,36,100,362.00,"36,200.00"
2019-09-15,2019091501006969,GLICL,16,20,82,360.00,"29,520.00"
2019-09-15,2019091501006968,GLICL,47,20,15,362.00,"5,430.00"
2019-09-15,2019091501006967,GLICL,26,20,303,362.00,"109,686.00"
2019-09-15,2019091501006792,GLICL,26,39,60,362.00,"21,720.00"
2019-09-15,2019091501006757,GLICL,26,49,137,362.00,"49,594.00"
2019-09-15,2019091501006750,GLICL,38,49,10,364.00,"3,640.00"
2019-09-15,2019091501006749,GLICL,48,49,99,365.00,"36,135.00"
2019-09-15,2019091501006748,GLICL,5,49,10,366.00,"3,660.00"
2019-09-15,2019091501006756,GLICL,21,49,100,362.00,"36,200.00"
2019-09-15,2019091501006755,GLICL,45,49,20,362.00,"7,240.00"
2019-09-15,2019091501006754,GLICL,22,49,100,362.00,"36,200.00"
2019-09-15,2019091501006753,GLICL,58,49,50,363.00,"18,150.00"
2019-09-15,2019091501006752,GLICL,14,49,10,364.00,"3,640.00"
2019-09-15,2019091501006751,GLICL,34,49,40,364.00,"14,560.00"
2019-09-15,2019091501007228,GMFBS,10,10,80,448.00,"35,840.00"
2019-09-15,2019091501007227,GMFBS,10,10,80,448.00,"35,840.00"
2019-09-15,2019091501007226,GMFBS,39,10,50,448.00,"22,400.00"
2019-09-15,2019091501007225,GMFBS,40,10,10,449.00,"4,490.00"
2019-09-15,2019091501007118,HDL,22,58,10,"1,423.00","14,230.00"
2019-09-15,2019091501007099,HDL,5,58,50,"1,424.00","71,200.00"
2019-09-15,2019091501007098,HDL,38,58,100,"1,424.00","142,400.00"
2019-09-15,2019091501007097,HDL,35,58,20,"1,425.00","28,500.00"
2019-09-15,2019091501007096,HDL,35,58,10,"1,425.00","14,250.00"
2019-09-15,2019091501007095,HDL,39,58,10,"1,430.00","14,300.00"
2019-09-15,2019091501007014,HDL,39,36,160,"1,430.00","228,800.00"
2019-09-15,2019091501007013,HDL,32,36,100,"1,431.00","143,100.00"
2019-09-15,2019091501007140,HGI,49,4,10,273.00,"2,730.00"
2019-09-15,2019091501006877,HGI,13,44,240,270.00,"64,800.00"
2019-09-15,2019091501006984,HIDCL,6,26,11,131.00,"1,441.00"
2019-09-15,2019091501006901,HIDCL,38,48,250,132.00,"33,000.00"
2019-09-15,2019091501006758,HIDCL,38,26,15,132.00,"1,980.00"
2019-09-15,2019091501007119,HURJA,59,21,20,108.00,"2,160.00"
2019-09-15,2019091501006834,HURJA,59,21,20,108.00,"2,160.00"
2019-09-15,2019091501006770,HURJA,59,56,10,108.00,"1,080.00"
2019-09-15,2019091501006769,HURJA,56,56,10,110.00,"1,100.00"
2019-09-15,2019091501007231,ILBS,22,18,10,421.00,"4,210.00"
2019-09-15,2019091501007201,ILBS,22,29,10,421.00,"4,210.00"
2019-09-15,2019091501007222,JBBL,49,35,10,157.00,"1,570.00"
2019-09-15,2019091501007016,JBBL,21,29,214,156.00,"33,384.00"
2019-09-15,2019091501007015,JBBL,34,29,86,156.00,"13,416.00"
2019-09-15,2019091501006996,JFL,49,49,73,195.00,"14,235.00"
2019-09-15,2019091501006995,JFL,32,49,27,195.00,"5,265.00"
2019-09-15,2019091501007238,KBL,25,45,100,180.00,"18,000.00"
2019-09-15,2019091501007169,KBL,25,52,100,180.00,"18,000.00"
2019-09-15,2019091501007163,KBL,25,20,200,180.00,"36,000.00"
2019-09-15,2019091501006930,KBL,25,4,37,180.00,"6,660.00"
2019-09-15,2019091501006929,KBL,53,4,13,180.00,"2,340.00"
2019-09-15,2019091501006782,KBL,53,44,487,180.00,"87,660.00"
2019-09-15,2019091501006775,KBL,21,44,600,180.00,"108,000.00"
2019-09-15,2019091501006747,KBL,47,44,100,181.00,"18,100.00"
2019-09-15,2019091501006781,KBL,32,44,500,180.00,"90,000.00"
2019-09-15,2019091501006780,KBL,39,44,200,180.00,"36,000.00"
2019-09-15,2019091501006779,KBL,14,44,200,180.00,"36,000.00"
2019-09-15,2019091501006778,KBL,35,44,100,180.00,"18,000.00"
2019-09-15,2019091501006777,KBL,47,44,50,180.00,"9,000.00"
2019-09-15,2019091501006776,KBL,4,44,300,180.00,"54,000.00"
2019-09-15,2019091501007125,KRBL,33,45,500,102.00,"51,000.00"
2019-09-15,2019091501007126,KSBBL,21,49,"1,000",138.00,"138,000.00"
2019-09-15,2019091501007141,LBBL,35,33,30,172.00,"5,160.00"
2019-09-15,2019091501006936,LBBL,43,38,500,170.00,"85,000.00"
2019-09-15,2019091501006935,LBBL,14,38,500,170.00,"85,000.00"
2019-09-15,2019091501006934,LBBL,49,38,58,170.00,"9,860.00"
2019-09-15,2019091501006940,LBBL,29,38,100,170.00,"17,000.00"
2019-09-15,2019091501006939,LBBL,26,38,100,170.00,"17,000.00"
2019-09-15,2019091501006938,LBBL,45,38,"1,000",170.00,"170,000.00"
2019-09-15,2019091501006937,LBBL,45,38,300,170.00,"51,000.00"
2019-09-15,2019091501007134,LBL,49,4,285,210.00,"59,850.00"
2019-09-15,2019091501007089,LBL,49,44,"1,659",210.00,"348,390.00"
2019-09-15,2019091501007088,LBL,45,44,100,210.00,"21,000.00"
2019-09-15,2019091501007087,LBL,32,44,"1,000",210.00,"210,000.00"
2019-09-15,2019091501007086,LBL,25,44,100,210.00,"21,000.00"
2019-09-15,2019091501007085,LBL,34,44,185,210.00,"38,850.00"
2019-09-15,2019091501006890,LBL,10,4,100,211.00,"21,100.00"
2019-09-15,2019091501006861,LBL,34,4,15,210.00,"3,150.00"
2019-09-15,2019091501006860,LBL,43,4,250,210.00,"52,500.00"
2019-09-15,2019091501006859,LBL,14,4,10,210.00,"2,100.00"
2019-09-15,2019091501006858,LBL,35,4,100,210.00,"21,000.00"
2019-09-15,2019091501006857,LBL,32,4,310,210.00,"65,100.00"
2019-09-15,2019091501007022,LLBS,37,55,10,661.00,"6,610.00"
2019-09-15,2019091501006907,MBL,11,42,50,248.00,"12,400.00"
2019-09-15,2019091501006761,MBL,52,13,368,246.00,"90,528.00"
2019-09-15,2019091501007154,MDB,17,57,312,243.00,"75,816.00"
2019-09-15,2019091501007153,MDB,28,57,70,243.00,"17,010.00"
2019-09-15,2019091501007123,MDB,18,57,100,244.00,"24,400.00"
2019-09-15,2019091501007017,MDB,18,57,100,244.00,"24,400.00"
2019-09-15,2019091501006835,MEGA,14,44,570,191.00,"108,870.00"
2019-09-15,2019091501006977,MEGA,50,44,500,190.00,"95,000.00"
2019-09-15,2019091501006976,MEGA,51,44,500,190.00,"95,000.00"
2019-09-15,2019091501006975,MEGA,52,44,200,190.00,"38,000.00"
2019-09-15,2019091501006974,MEGA,25,44,"1,110",190.00,"210,900.00"
2019-09-15,2019091501006982,MEGA,34,44,590,190.00,"112,100.00"
2019-09-15,2019091501006981,MEGA,38,44,100,190.00,"19,000.00"
2019-09-15,2019091501006980,MEGA,45,44,100,190.00,"19,000.00"
2019-09-15,2019091501006979,MEGA,33,44,"1,000",190.00,"190,000.00"
2019-09-15,2019091501006978,MEGA,49,44,200,190.00,"38,000.00"
2019-09-15,2019091501007142,MEGA,43,58,10,192.00,"1,920.00"
2019-09-15,2019091501007145,MEGA,34,7,500,190.00,"95,000.00"
2019-09-15,2019091501007160,MERO,52,19,32,544.00,"17,408.00"
2019-09-15,2019091501007159,MERO,48,19,18,544.00,"9,792.00"
2019-09-15,2019091501006855,MFIL,47,32,"1,758",124.00,"217,992.00"
2019-09-15,2019091501007200,MLBL,14,36,"1,000",208.00,"208,000.00"
2019-09-15,2019091501007100,MLBL,35,50,100,209.00,"20,900.00"
2019-09-15,2019091501007117,MNBBL,49,36,50,303.00,"15,150.00"
2019-09-15,2019091501007004,MNBBL,25,4,53,301.00,"15,953.00"
2019-09-15,2019091501007003,MNBBL,53,4,100,301.00,"30,100.00"
2019-09-15,2019091501007002,MNBBL,13,4,100,301.00,"30,100.00"
2019-09-15,2019091501007001,MNBBL,3,4,75,301.00,"22,575.00"
2019-09-15,2019091501007000,MNBBL,33,4,200,301.00,"60,200.00"
2019-09-15,2019091501006999,MNBBL,49,4,72,301.00,"21,672.00"
2019-09-15,2019091501007107,NABIL,49,33,100,759.00,"75,900.00"
2019-09-15,2019091501006905,NABIL,32,33,30,759.00,"22,770.00"
2019-09-15,2019091501006772,NABIL,39,33,25,759.00,"18,975.00"
2019-09-15,2019091501006880,NADEP,7,55,20,423.00,"8,460.00"
2019-09-15,2019091501006837,NADEP,45,38,100,415.00,"41,500.00"
2019-09-15,2019091501006927,NAGRO,34,49,40,749.00,"29,960.00"
2019-09-15,2019091501006926,NAGRO,34,46,30,745.00,"22,350.00"
2019-09-15,2019091501006868,NAGRO,34,38,10,740.00,"7,400.00"
2019-09-15,2019091501006867,NAGRO,34,39,10,740.00,"7,400.00"
2019-09-15,2019091501006793,NAGRO,34,21,10,731.00,"7,310.00"
2019-09-15,2019091501007148,NBB,56,4,287,207.00,"59,409.00"
2019-09-15,2019091501006888,NBB,56,4,287,207.00,"59,409.00"
2019-09-15,2019091501006805,NBB,56,22,500,207.00,"103,500.00"
2019-09-15,2019091501007174,NBL,43,33,10,310.00,"3,100.00"
2019-09-15,2019091501007144,NBL,52,33,200,310.00,"62,000.00"
2019-09-15,2019091501007011,NBL,40,28,597,309.00,"184,473.00"
2019-09-15,2019091501006963,NBL,53,28,100,309.00,"30,900.00"
2019-09-15,2019091501006942,NBL,35,28,100,309.00,"30,900.00"
2019-09-15,2019091501006889,NBL,20,28,300,309.00,"92,700.00"
2019-09-15,2019091501006840,NBL,19,28,50,309.00,"15,450.00"
2019-09-15,2019091501006743,NBL,43,28,200,309.00,"61,800.00"
2019-09-15,2019091501006742,NBL,35,28,150,309.00,"46,350.00"
2019-09-15,2019091501006741,NBL,34,28,500,309.00,"154,500.00"
2019-09-15,2019091501006740,NBL,56,28,10,309.00,"3,090.00"
2019-09-15,2019091501007230,NCCB,33,46,100,195.00,"19,500.00"
2019-09-15,2019091501007215,NCCB,58,46,10,195.00,"1,950.00"
2019-09-15,2019091501007214,NCCB,58,47,50,194.00,"9,700.00"
2019-09-15,2019091501007055,NCCB,49,28,688,193.00,"132,784.00"
2019-09-15,2019091501006856,NCCB,25,28,100,193.00,"19,300.00"
2019-09-15,2019091501006825,NCCB,36,38,250,192.00,"48,000.00"
2019-09-15,2019091501006804,NCCB,4,28,50,193.00,"9,650.00"
2019-09-15,2019091501006803,NCCB,28,28,500,193.00,"96,500.00"
2019-09-15,2019091501006802,NCCB,34,28,421,193.00,"81,253.00"
2019-09-15,2019091501006972,NIB,52,28,100,440.00,"44,000.00"
2019-09-15,2019091501006906,NIB,18,28,200,440.00,"88,000.00"
2019-09-15,2019091501007212,NIBLPF,58,26,253,6.71,"1,697.63"
2019-09-15,2019091501007005,NICA,19,22,500,391.00,"195,500.00"
2019-09-15,2019091501006933,NICA,21,16,"1,000",392.00,"392,000.00"
2019-09-15,2019091501006916,NICA,57,16,100,392.00,"39,200.00"
2019-09-15,2019091501006915,NICA,44,16,200,392.00,"78,400.00"
2019-09-15,2019091501006914,NICA,13,16,50,393.00,"19,650.00"
2019-09-15,2019091501006913,NICA,21,16,68,393.00,"26,724.00"
2019-09-15,2019091501007030,NICL,19,22,60,265.00,"15,900.00"
2019-09-15,2019091501007029,NICL,19,51,200,265.00,"53,000.00"
2019-09-15,2019091501007028,NICL,19,32,140,264.00,"36,960.00"
2019-09-15,2019091501006836,NICL,25,32,20,264.00,"5,280.00"
2019-09-15,2019091501007012,NIL,32,22,440,367.00,"161,480.00"
2019-09-15,2019091501006951,NIL,39,22,50,367.00,"18,350.00"
2019-09-15,2019091501007127,NLIC,49,33,20,769.00,"15,380.00"
2019-09-15,2019091501007049,NLIC,38,39,414,764.00,"316,296.00"
2019-09-15,2019091501007048,NLIC,53,39,200,764.00,"152,800.00"
2019-09-15,2019091501007047,NLIC,48,39,35,765.00,"26,775.00"
2019-09-15,2019091501007046,NLIC,25,39,200,765.00,"153,000.00"
2019-09-15,2019091501007045,NLIC,42,39,100,765.00,"76,500.00"
2019-09-15,2019091501006845,NLIC,45,35,10,768.00,"7,680.00"
2019-09-15,2019091501007038,NLIC,44,39,200,766.00,"153,200.00"
2019-09-15,2019091501007037,NLIC,45,39,10,767.00,"7,670.00"
2019-09-15,2019091501007036,NLIC,8,39,"1,000",768.00,"768,000.00"
2019-09-15,2019091501007035,NLIC,7,39,26,768.00,"19,968.00"
2019-09-15,2019091501007021,NLIC,58,33,200,769.00,"153,800.00"
2019-09-15,2019091501006928,NLIC,7,58,24,768.00,"18,432.00"
2019-09-15,2019091501007044,NLIC,29,39,100,765.00,"76,500.00"
2019-09-15,2019091501007043,NLIC,59,39,100,765.00,"76,500.00"
2019-09-15,2019091501007042,NLIC,35,39,75,765.00,"57,375.00"
2019-09-15,2019091501007041,NLIC,38,39,50,765.00,"38,250.00"
2019-09-15,2019091501007040,NLIC,47,39,200,765.00,"153,000.00"
2019-09-15,2019091501007039,NLIC,45,39,90,766.00,"68,940.00"
2019-09-15,2019091501007034,NMBHF1,47,26,300,8.25,"2,475.00"
2019-09-15,2019091501007213,NTC,59,25,10,624.00,"6,240.00"
2019-09-15,2019091501007221,OHL,45,17,20,516.00,"10,320.00"
2019-09-15,2019091501006965,OHL,13,16,145,511.00,"74,095.00"
2019-09-15,2019091501006964,OHL,39,16,55,512.00,"28,160.00"
2019-09-15,2019091501007114,PCBL,28,4,21,261.00,"5,481.00"
2019-09-15,2019091501007113,PCBL,28,4,100,261.00,"26,100.00"
2019-09-15,2019091501007112,PCBL,44,4,44,261.00,"11,484.00"
2019-09-15,2019091501007111,PCBL,32,4,85,262.00,"22,270.00"
2019-09-15,2019091501006847,PCBL,32,44,400,262.00,"104,800.00"
2019-09-15,2019091501006830,PCBL,32,53,15,262.00,"3,930.00"
2019-09-15,2019091501006829,PCBL,59,53,50,262.00,"13,100.00"
2019-09-15,2019091501006828,PCBL,43,53,100,262.00,"26,200.00"
2019-09-15,2019091501006827,PCBL,58,53,100,262.00,"26,200.00"
2019-09-15,2019091501006826,PCBL,28,53,118,262.00,"30,916.00"
2019-09-15,2019091501006773,PCBL,28,4,32,262.00,"8,384.00"
2019-09-15,2019091501007116,PFL,54,22,50,132.00,"6,600.00"
2019-09-15,2019091501007115,PFL,13,22,255,132.00,"33,660.00"
2019-09-15,2019091501007023,PFL,14,52,50,133.00,"6,650.00"
2019-09-15,2019091501007162,PIC,8,19,50,380.00,"19,000.00"
2019-09-15,2019091501006924,PIC,29,57,96,375.00,"36,000.00"
2019-09-15,2019091501006923,PIC,32,57,20,375.00,"7,500.00"
2019-09-15,2019091501006922,PIC,55,57,100,375.00,"37,500.00"
2019-09-15,2019091501006921,PIC,29,57,500,376.00,"188,000.00"
2019-09-15,2019091501006920,PIC,8,57,100,376.00,"37,600.00"
2019-09-15,2019091501006919,PIC,32,57,100,377.00,"37,700.00"
2019-09-15,2019091501006918,PIC,54,57,84,378.00,"31,752.00"
2019-09-15,2019091501006815,PIC,54,49,16,378.00,"6,048.00"
2019-09-15,2019091501006814,PIC,8,49,89,378.00,"33,642.00"
2019-09-15,2019091501007220,PLIC,33,49,138,380.00,"52,440.00"
2019-09-15,2019091501006854,PLIC,18,49,200,380.00,"76,000.00"
2019-09-15,2019091501006853,PLIC,45,49,20,380.00,"7,600.00"
2019-09-15,2019091501006852,PLIC,16,49,250,380.00,"95,000.00"
2019-09-15,2019091501006851,PLIC,21,49,150,380.00,"57,000.00"
2019-09-15,2019091501006884,PRIN,29,34,69,298.00,"20,562.00"
2019-09-15,2019091501006883,PRIN,57,34,50,298.00,"14,900.00"
2019-09-15,2019091501007206,PRVU,22,45,517,257.00,"132,869.00"
2019-09-15,2019091501007205,PRVU,22,45,50,257.00,"12,850.00"
2019-09-15,2019091501007204,PRVU,49,45,100,257.00,"25,700.00"
2019-09-15,2019091501007203,PRVU,32,45,500,257.00,"128,500.00"
2019-09-15,2019091501006764,PRVU,46,40,300,257.00,"77,100.00"
2019-09-15,2019091501006763,PRVU,40,40,50,257.00,"12,850.00"
2019-09-15,2019091501006766,PRVU,34,40,50,257.00,"12,850.00"
2019-09-15,2019091501006765,PRVU,38,40,100,257.00,"25,700.00"
2019-09-15,2019091501007007,PRVU,39,50,100,257.00,"25,700.00"
2019-09-15,2019091501007006,PRVU,34,50,150,257.00,"38,550.00"
2019-09-15,2019091501007166,PRVU,25,4,93,257.00,"23,901.00"
2019-09-15,2019091501007165,PRVU,46,4,50,257.00,"12,850.00"
2019-09-15,2019091501007164,PRVU,46,4,45,257.00,"11,565.00"
2019-09-15,2019091501007010,PRVU,46,50,205,257.00,"52,685.00"
2019-09-15,2019091501007009,PRVU,46,50,45,257.00,"11,565.00"
2019-09-15,2019091501007008,PRVU,33,50,500,257.00,"128,500.00"
2019-09-15,2019091501007211,RHPL,35,35,10,154.00,"1,540.00"
2019-09-15,2019091501007176,RHPL,14,49,20,152.00,"3,040.00"
2019-09-15,2019091501007168,RHPL,14,7,40,152.00,"6,080.00"
2019-09-15,2019091501007157,RHPL,14,47,40,152.00,"6,080.00"
2019-09-15,2019091501007138,RHPL,35,35,10,154.00,"1,540.00"
2019-09-15,2019091501007137,RHPL,35,8,90,153.00,"13,770.00"
2019-09-15,2019091501006746,RHPL,1,51,40,153.00,"6,120.00"
2019-09-15,2019091501006871,RHPL,25,51,40,152.00,"6,080.00"
2019-09-15,2019091501006848,RHPL,25,49,20,152.00,"3,040.00"
2019-09-15,2019091501006842,RHPL,25,36,25,152.00,"3,800.00"
2019-09-15,2019091501006841,RHPL,1,36,15,153.00,"2,295.00"
2019-09-15,2019091501006806,RHPL,1,59,40,153.00,"6,120.00"
2019-09-15,2019091501006791,RHPL,1,51,40,153.00,"6,120.00"
2019-09-15,2019091501006945,RHPL,51,49,20,152.00,"3,040.00"
2019-09-15,2019091501006925,RHPL,59,14,160,153.00,"24,480.00"
2019-09-15,2019091501006917,RHPL,59,51,40,153.00,"6,120.00"
2019-09-15,2019091501006891,RHPL,51,51,40,152.00,"6,080.00"
2019-09-15,2019091501006887,RHPL,37,36,20,152.00,"3,040.00"
2019-09-15,2019091501006886,RHPL,25,36,15,152.00,"2,280.00"
2019-09-15,2019091501007136,RHPL,35,14,40,153.00,"6,120.00"
2019-09-15,2019091501007084,RHPL,14,49,20,152.00,"3,040.00"
2019-09-15,2019091501007020,RHPL,14,18,40,152.00,"6,080.00"
2019-09-15,2019091501006961,RHPL,14,42,300,152.00,"45,600.00"
2019-09-15,2019091501006960,RHPL,51,42,200,152.00,"30,400.00"
2019-09-15,2019091501006946,RHPL,51,51,40,152.00,"6,080.00"
2019-09-15,2019091501006866,RMDC,34,17,17,622.00,"10,574.00"
2019-09-15,2019091501006865,RMDC,51,17,10,622.00,"6,220.00"
2019-09-15,2019091501006864,RMDC,4,17,50,623.00,"31,150.00"
2019-09-15,2019091501006863,RMDC,22,17,13,624.00,"8,112.00"
2019-09-15,2019091501006785,RRHP,47,26,10,103.00,"1,030.00"
2019-09-15,2019091501007237,SABSL,45,44,10,470.00,"4,700.00"
2019-09-15,2019091501007236,SABSL,45,6,50,468.00,"23,400.00"
2019-09-15,2019091501007235,SABSL,45,37,10,467.00,"4,670.00"
2019-09-15,2019091501007234,SABSL,45,59,10,467.00,"4,670.00"
2019-09-15,2019091501007026,SABSL,19,52,40,464.00,"18,560.00"
2019-09-15,2019091501007025,SABSL,35,52,20,464.00,"9,280.00"
2019-09-15,2019091501007024,SABSL,57,52,20,464.00,"9,280.00"
2019-09-15,2019091501006987,SABSL,57,59,10,464.00,"4,640.00"
2019-09-15,2019091501006881,SABSL,57,36,10,464.00,"4,640.00"
2019-09-15,2019091501006817,SABSL,57,36,10,464.00,"4,640.00"
2019-09-15,2019091501006759,SABSL,57,36,10,464.00,"4,640.00"
2019-09-15,2019091501007158,SANIMA,11,38,200,349.00,"69,800.00"
2019-09-15,2019091501007151,SANIMA,45,46,300,350.00,"105,000.00"
2019-09-15,2019091501007051,SANIMA,11,45,100,349.00,"34,900.00"
2019-09-15,2019091501006831,SANIMA,35,46,12,350.00,"4,200.00"
2019-09-15,2019091501006811,SANIMA,35,25,18,350.00,"6,300.00"
2019-09-15,2019091501006810,SANIMA,42,25,500,350.00,"175,000.00"
2019-09-15,2019091501006809,SANIMA,52,25,500,350.00,"175,000.00"
2019-09-15,2019091501006808,SANIMA,6,25,300,350.00,"105,000.00"
2019-09-15,2019091501006807,SANIMA,49,25,482,350.00,"168,700.00"
2019-09-15,2019091501006768,SANIMA,49,48,"1,000",350.00,"350,000.00"
2019-09-15,2019091501007094,SBI,48,39,352,417.00,"146,784.00"
2019-09-15,2019091501006745,SBI,53,39,90,417.00,"37,530.00"
2019-09-15,2019091501006744,SBI,7,39,83,417.00,"34,611.00"
2019-09-15,2019091501007131,SBL,35,52,100,312.00,"31,200.00"
2019-09-15,2019091501007130,SBL,16,52,89,312.00,"27,768.00"
2019-09-15,2019091501007091,SBL,34,4,100,313.00,"31,300.00"
2019-09-15,2019091501007090,SBL,34,25,100,313.00,"31,300.00"
2019-09-15,2019091501006985,SBL,16,58,52,312.00,"16,224.00"
2019-09-15,2019091501006911,SBL,16,38,859,312.00,"268,008.00"
2019-09-15,2019091501006910,SBL,34,38,100,312.00,"31,200.00"
2019-09-15,2019091501006909,SBL,45,38,218,312.00,"68,016.00"
2019-09-15,2019091501007170,SCB,46,49,25,557.00,"13,925.00"
2019-09-15,2019091501007032,SCB,33,49,100,557.00,"55,700.00"
2019-09-15,2019091501007031,SCB,8,49,347,557.00,"193,279.00"
2019-09-15,2019091501007018,SCB,8,58,53,557.00,"29,521.00"
2019-09-15,2019091501006962,SCB,8,36,100,557.00,"55,700.00"
2019-09-15,2019091501006801,SCB,58,4,30,560.00,"16,800.00"
2019-09-15,2019091501007147,SDESI,20,45,50,595.00,"29,750.00"
2019-09-15,2019091501007146,SDESI,21,45,37,596.00,"22,052.00"
2019-09-15,2019091501006912,SDESI,21,19,13,596.00,"7,748.00"
2019-09-15,2019091501006821,SDESI,56,49,53,596.00,"31,588.00"
2019-09-15,2019091501006820,SDESI,34,49,40,596.00,"23,840.00"
2019-09-15,2019091501007229,SEF,8,26,"8,000",8.90,"71,200.00"
2019-09-15,2019091501007232,SHIVM,58,4,80,509.00,"40,720.00"
2019-09-15,2019091501007208,SHIVM,19,8,50,503.00,"25,150.00"
2019-09-15,2019091501007207,SHIVM,44,8,50,503.00,"25,150.00"
2019-09-15,2019091501007202,SHIVM,48,51,70,507.00,"35,490.00"
2019-09-15,2019091501007139,SHIVM,8,8,100,504.00,"50,400.00"
2019-09-15,2019091501006838,SHIVM,48,57,600,505.00,"303,000.00"
2019-09-15,2019091501006798,SHIVM,44,36,150,503.00,"75,450.00"
2019-09-15,2019091501006797,SHIVM,55,36,100,503.00,"50,300.00"
2019-09-15,2019091501006796,SHIVM,6,36,500,503.00,"251,500.00"
2019-09-15,2019091501006795,SHIVM,47,36,100,503.00,"50,300.00"
2019-09-15,2019091501006794,SHIVM,47,36,200,503.00,"100,600.00"
2019-09-15,2019091501006903,SHL,29,4,129,213.00,"27,477.00"
2019-09-15,2019091501006790,SHL,29,8,298,213.00,"63,474.00"
2019-09-15,2019091501006789,SHL,10,8,200,213.00,"42,600.00"
2019-09-15,2019091501006788,SHL,34,8,134,214.00,"28,676.00"
2019-09-15,2019091501006787,SHL,52,8,300,214.00,"64,200.00"
2019-09-15,2019091501006786,SHL,52,8,200,214.00,"42,800.00"
2019-09-15,2019091501006932,SHPC,49,44,498,196.00,"97,608.00"
2019-09-15,2019091501006931,SHPC,20,44,752,196.00,"147,392.00"
2019-09-15,2019091501006885,SHPC,38,44,500,197.00,"98,500.00"
2019-09-15,2019091501006941,SICL,33,7,100,725.00,"72,500.00"
2019-09-15,2019091501007198,SJCL,42,38,20,168.00,"3,360.00"
2019-09-15,2019091501007197,SJCL,42,38,20,168.00,"3,360.00"
2019-09-15,2019091501007196,SJCL,42,38,20,168.00,"3,360.00"
2019-09-15,2019091501007195,SJCL,42,38,20,168.00,"3,360.00"
2019-09-15,2019091501007194,SJCL,42,38,20,168.00,"3,360.00"
2019-09-15,2019091501007193,SJCL,42,38,20,168.00,"3,360.00"
2019-09-15,2019091501006822,SJCL,42,39,20,164.00,"3,280.00"
2019-09-15,2019091501006771,SJCL,42,39,20,164.00,"3,280.00"
2019-09-15,2019091501006894,SJCL,26,59,20,165.00,"3,300.00"
2019-09-15,2019091501006893,SJCL,26,59,20,165.00,"3,300.00"
2019-09-15,2019091501006882,SJCL,42,49,10,164.00,"1,640.00"
2019-09-15,2019091501006878,SJCL,42,35,250,164.00,"41,000.00"
2019-09-15,2019091501006862,SJCL,42,39,20,164.00,"3,280.00"
2019-09-15,2019091501006850,SJCL,42,36,10,164.00,"1,640.00"
2019-09-15,2019091501006908,SJCL,38,47,10,165.00,"1,650.00"
2019-09-15,2019091501006904,SJCL,42,39,20,164.00,"3,280.00"
2019-09-15,2019091501006899,SJCL,42,36,20,164.00,"3,280.00"
2019-09-15,2019091501006897,SJCL,26,59,20,165.00,"3,300.00"
2019-09-15,2019091501006896,SJCL,26,59,20,165.00,"3,300.00"
2019-09-15,2019091501006895,SJCL,26,56,20,165.00,"3,300.00"
2019-09-15,2019091501006973,SJCL,8,49,10,164.00,"1,640.00"
2019-09-15,2019091501006952,SJCL,42,39,20,164.00,"3,280.00"
2019-09-15,2019091501007019,SJCL,8,39,20,164.00,"3,280.00"
2019-09-15,2019091501007133,SJCL,58,10,80,166.00,"13,280.00"
2019-09-15,2019091501007120,SJCL,35,49,20,165.00,"3,300.00"
2019-09-15,2019091501007108,SJCL,35,39,20,165.00,"3,300.00"
2019-09-15,2019091501007106,SJCL,35,47,10,165.00,"1,650.00"
2019-09-15,2019091501007082,SJCL,8,18,20,164.00,"3,280.00"
2019-09-15,2019091501007180,SJCL,42,38,20,168.00,"3,360.00"
2019-09-15,2019091501007179,SJCL,42,38,20,168.00,"3,360.00"
2019-09-15,2019091501007178,SJCL,42,38,20,168.00,"3,360.00"
2019-09-15,2019091501007177,SJCL,42,53,140,167.00,"23,380.00"
2019-09-15,2019091501007161,SJCL,35,39,20,165.00,"3,300.00"
2019-09-15,2019091501007186,SJCL,42,38,20,168.00,"3,360.00"
2019-09-15,2019091501007185,SJCL,42,38,20,168.00,"3,360.00"
2019-09-15,2019091501007184,SJCL,42,38,10,168.00,"1,680.00"
2019-09-15,2019091501007183,SJCL,42,38,20,168.00,"3,360.00"
2019-09-15,2019091501007182,SJCL,42,38,20,168.00,"3,360.00"
2019-09-15,2019091501007181,SJCL,42,38,20,168.00,"3,360.00"
2019-09-15,2019091501007192,SJCL,42,38,20,168.00,"3,360.00"
2019-09-15,2019091501007191,SJCL,42,38,20,168.00,"3,360.00"
2019-09-15,2019091501007190,SJCL,42,38,40,168.00,"6,720.00"
2019-09-15,2019091501007189,SJCL,42,38,20,168.00,"3,360.00"
2019-09-15,2019091501007188,SJCL,42,38,20,168.00,"3,360.00"
2019-09-15,2019091501007187,SJCL,42,38,20,168.00,"3,360.00"
2019-09-15,2019091501007216,SKBBL,5,7,15,910.00,"13,650.00"
2019-09-15,2019091501007143,SKBBL,38,57,370,904.00,"334,480.00"
2019-09-15,2019091501006870,SKBBL,5,1,67,900.00,"60,300.00"
2019-09-15,2019091501006869,SKBBL,20,1,33,902.00,"29,766.00"
2019-09-15,2019091501006812,SLBSL,33,38,10,682.00,"6,820.00"
2019-09-15,2019091501007223,SLICL,6,22,11,269.00,"2,959.00"
2019-09-15,2019091501007128,SLICL,6,42,289,268.00,"77,452.00"
2019-09-15,2019091501006971,SPARS,34,51,10,533.00,"5,330.00"
2019-09-15,2019091501006970,SPARS,34,46,10,533.00,"5,330.00"
2019-09-15,2019091501007150,SPDL,1,36,"1,000",66.00,"66,000.00"
2019-09-15,2019091501006994,SRBL,32,38,220,224.00,"49,280.00"
2019-09-15,2019091501006993,SRBL,50,38,634,224.00,"142,016.00"
2019-09-15,2019091501006992,SRBL,20,38,50,225.00,"11,250.00"
2019-09-15,2019091501006991,SRBL,22,38,500,225.00,"112,500.00"
2019-09-15,2019091501006990,SRBL,20,38,20,225.00,"4,500.00"
2019-09-15,2019091501006989,SRBL,42,38,200,225.00,"45,000.00"
2019-09-15,2019091501006988,SRBL,22,38,369,225.00,"83,025.00"
2019-09-15,2019091501007057,SWBBL,51,48,10,902.00,"9,020.00"
2019-09-15,2019091501007050,SWBBL,45,33,200,897.00,"179,400.00"
2019-09-15,2019091501006986,SWBBL,17,44,500,898.00,"449,000.00"
2019-09-15,2019091501006833,SWBBL,35,44,10,898.00,"8,980.00"
2019-09-15,2019091501006832,SWBBL,17,44,290,898.00,"260,420.00"
2019-09-15,2019091501006844,UIC,25,5,600,262.00,"157,200.00"
2019-09-15,2019091501006843,UIC,42,5,100,263.00,"26,300.00"
2019-09-15,2019091501007167,UNHPL,57,32,50,54.00,"2,700.00"
2019-09-15,2019091501006875,UPCL,11,59,"1,060",75.00,"79,500.00"
2019-09-15,2019091501006874,UPCL,42,59,360,75.00,"27,000.00"
2019-09-15,2019091501006873,UPCL,14,59,80,76.00,"6,080.00"
2019-09-15,2019091501007239,UPPER,37,29,100,235.00,"23,500.00"
2019-09-15,2019091501007132,UPPER,42,58,50,233.00,"11,650.00"
2019-09-15,2019091501006998,UPPER,52,45,190,232.00,"44,080.00"
2019-09-15,2019091501006997,UPPER,25,45,10,232.00,"2,320.00"
2019-09-15,2019091501006902,UPPER,25,21,50,232.00,"11,600.00"
2019-09-15,2019091501006523,ADBL,35,52,30,414.00,"12,420.00"
2019-09-15,2019091501006419,AHPC,6,17,500,96.00,"48,000.00"
2019-09-15,2019091501006241,AHPC,6,17,500,96.00,"48,000.00"
2019-09-15,2019091501006660,AKBSL,39,33,100,420.00,"42,000.00"
2019-09-15,2019091501006659,AKBSL,7,33,100,420.00,"42,000.00"
2019-09-15,2019091501006658,AKBSL,51,33,30,420.00,"12,600.00"
2019-09-15,2019091501006467,AKBSL,51,28,10,420.00,"4,200.00"
2019-09-15,2019091501006446,AKBSL,51,28,10,420.00,"4,200.00"
2019-09-15,2019091501006429,AKBSL,51,32,10,420.00,"4,200.00"
2019-09-15,2019091501006428,AKBSL,51,28,10,420.00,"4,200.00"
2019-09-15,2019091501006405,AKBSL,57,28,10,421.00,"4,210.00"
2019-09-15,2019091501006367,AKBSL,57,28,10,421.00,"4,210.00"
2019-09-15,2019091501006324,AKBSL,57,28,10,421.00,"4,210.00"
2019-09-15,2019091501006294,AKBSL,57,36,10,421.00,"4,210.00"
2019-09-15,2019091501006243,ALBSL,57,45,100,419.00,"41,900.00"
2019-09-15,2019091501006518,ALICL,28,49,148,310.00,"45,880.00"
2019-09-15,2019091501006388,ALICL,25,49,100,310.00,"31,000.00"
2019-09-15,2019091501006387,ALICL,28,49,500,310.00,"155,000.00"
2019-09-15,2019091501006386,ALICL,33,49,200,310.00,"62,000.00"
2019-09-15,2019091501006385,ALICL,45,49,100,310.00,"31,000.00"
2019-09-15,2019091501006384,ALICL,40,49,100,311.00,"31,100.00"
2019-09-15,2019091501006383,ALICL,51,49,100,311.00,"31,100.00"
2019-09-15,2019091501006713,API,42,14,18,110.00,"1,980.00"
2019-09-15,2019091501006533,BFC,6,39,91,90.00,"8,190.00"
2019-09-15,2019091501006532,BFC,6,39,99,90.00,"8,910.00"
2019-09-15,2019091501006628,BOKL,33,40,500,251.00,"125,500.00"
2019-09-15,2019091501006627,BOKL,34,40,200,251.00,"50,200.00"
2019-09-15,2019091501006626,BOKL,28,40,165,251.00,"41,415.00"
2019-09-15,2019091501006355,BOKL,28,8,335,251.00,"84,085.00"
2019-09-15,2019091501006354,BOKL,45,8,11,251.00,"2,761.00"
2019-09-15,2019091501006353,BOKL,38,8,100,251.00,"25,100.00"
2019-09-15,2019091501006352,BOKL,25,8,100,251.00,"25,100.00"
2019-09-15,2019091501006351,BOKL,38,8,54,251.00,"13,554.00"
2019-09-15,2019091501006344,BOKL,38,49,46,251.00,"11,546.00"
2019-09-15,2019091501006343,BOKL,21,49,254,251.00,"63,754.00"
2019-09-15,2019091501006735,BPCL,47,44,33,360.00,"11,880.00"
2019-09-15,2019091501006727,BPCL,59,44,700,360.00,"252,000.00"
2019-09-15,2019091501006726,BPCL,59,44,"1,467",360.00,"528,120.00"
2019-09-15,2019091501006725,BPCL,59,17,33,360.00,"11,880.00"
2019-09-15,2019091501006709,BPCL,43,34,198,360.00,"71,280.00"
2019-09-15,2019091501006551,BPCL,43,34,50,360.00,"18,000.00"
2019-09-15,2019091501006291,BPCL,59,34,700,361.00,"252,700.00"
2019-09-15,2019091501006290,BPCL,32,34,500,362.00,"181,000.00"
2019-09-15,2019091501006289,BPCL,16,34,"1,000",362.00,"362,000.00"
2019-09-15,2019091501006288,BPCL,5,34,310,362.00,"112,220.00"
2019-09-15,2019091501006550,BPCL,6,34,100,360.00,"36,000.00"
2019-09-15,2019091501006549,BPCL,35,34,20,361.00,"7,220.00"
2019-09-15,2019091501006548,BPCL,53,34,10,361.00,"3,610.00"
2019-09-15,2019091501006505,BPCL,11,21,617,362.00,"223,354.00"
2019-09-15,2019091501006504,BPCL,11,26,33,362.00,"11,946.00"
2019-09-15,2019091501006292,BPCL,53,34,490,361.00,"176,890.00"
2019-09-15,2019091501006582,CBL,26,56,150,142.00,"21,300.00"
2019-09-15,2019091501006534,CBL,47,56,100,142.00,"14,200.00"
2019-09-15,2019091501006396,CBL,13,56,100,142.00,"14,200.00"
2019-09-15,2019091501006240,CBL,22,56,50,142.00,"7,100.00"
2019-09-15,2019091501006716,CCBL,1,4,87,155.00,"13,485.00"
2019-09-15,2019091501006702,CCBL,33,45,500,156.00,"78,000.00"
2019-09-15,2019091501006701,CCBL,46,45,200,156.00,"31,200.00"
2019-09-15,2019091501006700,CCBL,38,45,400,156.00,"62,400.00"
2019-09-15,2019091501006507,CCBL,39,37,359,156.00,"56,004.00"
2019-09-15,2019091501006525,CHCL,52,7,373,430.00,"160,390.00"
2019-09-15,2019091501006524,CHCL,39,7,271,431.00,"116,801.00"
2019-09-15,2019091501006420,CHCL,39,26,20,431.00,"8,620.00"
2019-09-15,2019091501006302,CHCL,39,19,209,431.00,"90,079.00"
2019-09-15,2019091501006301,CHCL,35,19,20,431.00,"8,620.00"
2019-09-15,2019091501006300,CHCL,39,19,284,431.00,"122,404.00"
2019-09-15,2019091501006715,CIT,33,32,10,"1,820.00","18,200.00"
2019-09-15,2019091501006642,CZBIL,43,4,904,219.00,"197,976.00"
2019-09-15,2019091501006431,DBBL,32,13,300,126.00,"37,800.00"
2019-09-15,2019091501006350,DBBL,32,26,87,126.00,"10,962.00"
2019-09-15,2019091501006349,DBBL,25,26,100,126.00,"12,600.00"
2019-09-15,2019091501006462,DDBL,49,4,23,720.00,"16,560.00"
2019-09-15,2019091501006522,EBL,58,44,500,563.00,"281,500.00"
2019-09-15,2019091501006501,EBL,50,6,500,565.00,"282,500.00"
2019-09-15,2019091501006500,EBL,36,6,50,565.00,"28,250.00"
2019-09-15,2019091501006499,EBL,42,6,500,565.00,"282,500.00"
2019-09-15,2019091501006498,EBL,43,6,50,565.00,"28,250.00"
2019-09-15,2019091501006460,EBL,25,49,200,567.00,"113,400.00"
2019-09-15,2019091501006459,EBL,25,49,85,567.00,"48,195.00"
2019-09-15,2019091501006458,EBL,56,49,300,568.00,"170,400.00"
2019-09-15,2019091501006457,EBL,19,49,20,570.00,"11,400.00"
2019-09-15,2019091501006456,EBL,35,49,50,570.00,"28,500.00"
2019-09-15,2019091501006455,EBL,45,49,50,570.00,"28,500.00"
2019-09-15,2019091501006454,EBL,45,49,50,570.00,"28,500.00"
2019-09-15,2019091501006389,GBBL,48,51,437,208.00,"90,896.00"
2019-09-15,2019091501006272,GBBL,48,25,10,207.00,"2,070.00"
2019-09-15,2019091501006698,GBLBS,40,40,15,324.00,"4,860.00"
2019-09-15,2019091501006323,GBLBS,6,19,350,323.00,"113,050.00"
2019-09-15,2019091501006322,GBLBS,26,19,15,323.00,"4,845.00"
2019-09-15,2019091501006321,GBLBS,1,19,100,324.00,"32,400.00"
2019-09-15,2019091501006414,GDBL,11,48,354,205.00,"72,570.00"
2019-09-15,2019091501006413,GDBL,40,48,146,205.00,"29,930.00"
2019-09-15,2019091501006319,GDBL,40,7,227,205.00,"46,535.00"
2019-09-15,2019091501006423,GFCL,52,14,300,135.00,"40,500.00"
2019-09-15,2019091501006422,GFCL,32,14,500,135.00,"67,500.00"
2019-09-15,2019091501006421,GFCL,52,14,12,137.00,"1,644.00"
2019-09-15,2019091501006451,GILB,22,11,10,711.00,"7,110.00"
2019-09-15,2019091501006450,GILB,22,11,50,711.00,"35,550.00"
2019-09-15,2019091501006449,GILB,29,11,12,711.00,"8,532.00"
2019-09-15,2019091501006448,GILB,45,11,36,715.00,"25,740.00"
2019-09-15,2019091501006708,GMFBS,10,10,80,457.00,"36,560.00"
2019-09-15,2019091501006707,GMFBS,39,10,50,457.00,"22,850.00"
2019-09-15,2019091501006427,GMFBS,10,10,380,466.00,"177,080.00"
2019-09-15,2019091501006426,GMFBS,40,10,40,473.00,"18,920.00"
2019-09-15,2019091501006425,GMFBS,34,10,50,474.00,"23,700.00"
2019-09-15,2019091501006424,GMFBS,58,10,90,475.00,"42,750.00"
2019-09-15,2019091501006571,HBL,22,49,160,507.00,"81,120.00"
2019-09-15,2019091501006570,HBL,45,49,90,507.00,"45,630.00"
2019-09-15,2019091501006392,HDL,39,54,30,"1,430.00","42,900.00"
2019-09-15,2019091501006671,HGI,49,44,50,270.00,"13,500.00"
2019-09-15,2019091501006646,HGI,58,44,100,270.00,"27,000.00"
2019-09-15,2019091501006645,HGI,6,44,500,270.00,"135,000.00"
2019-09-15,2019091501006644,HGI,26,44,100,271.00,"27,100.00"
2019-09-15,2019091501006643,HGI,49,44,10,274.00,"2,740.00"
2019-09-15,2019091501006711,HIDCL,38,26,15,132.00,"1,980.00"
2019-09-15,2019091501006648,HIDCL,38,26,15,132.00,"1,980.00"
2019-09-15,2019091501006377,HIDCL,38,26,57,132.00,"7,524.00"
2019-09-15,2019091501006242,HPPL,56,16,10,135.00,"1,350.00"
2019-09-15,2019091501006407,HURJA,56,35,20,110.00,"2,200.00"
2019-09-15,2019091501006331,HURJA,56,35,20,110.00,"2,200.00"
2019-09-15,2019091501006639,ICFC,39,34,140,153.00,"21,420.00"
2019-09-15,2019091501006638,ICFC,49,34,50,153.00,"7,650.00"
2019-09-15,2019091501006637,ICFC,39,34,100,153.00,"15,300.00"
2019-09-15,2019091501006636,ICFC,48,34,100,153.00,"15,300.00"
2019-09-15,2019091501006635,ICFC,21,34,60,153.00,"9,180.00"
2019-09-15,2019091501006634,ICFC,47,34,"1,000",153.00,"153,000.00"
2019-09-15,2019091501006633,ICFC,14,34,50,154.00,"7,700.00"
2019-09-15,2019091501006632,ICFC,32,34,500,154.00,"77,000.00"
2019-09-15,2019091501006515,ILBS,22,10,10,421.00,"4,210.00"
2019-09-15,2019091501006287,ILBS,39,39,10,421.00,"4,210.00"
2019-09-15,2019091501006299,JFL,32,7,246,195.00,"47,970.00"
2019-09-15,2019091501006621,KBL,32,44,500,181.00,"90,500.00"
2019-09-15,2019091501006620,KBL,6,44,"1,000",181.00,"181,000.00"
2019-09-15,2019091501006619,KBL,32,44,963,181.00,"174,303.00"
2019-09-15,2019091501006605,KBL,32,34,537,181.00,"97,197.00"
2019-09-15,2019091501006604,KBL,44,34,20,181.00,"3,620.00"
2019-09-15,2019091501006603,KBL,44,34,20,181.00,"3,620.00"
2019-09-15,2019091501006263,KBL,49,45,100,182.00,"18,200.00"
2019-09-15,2019091501006262,KBL,49,44,194,182.00,"35,308.00"
2019-09-15,2019091501006261,KBL,49,22,385,182.00,"70,070.00"
2019-09-15,2019091501006348,KBL,36,43,"1,000",181.00,"181,000.00"
2019-09-15,2019091501006268,KBL,49,51,"5,730",182.00,"1,042,860.00"
2019-09-15,2019091501006267,KBL,49,14,400,182.00,"72,800.00"
2019-09-15,2019091501006266,KBL,49,39,91,182.00,"16,562.00"
2019-09-15,2019091501006265,KBL,49,39,100,182.00,"18,200.00"
2019-09-15,2019091501006264,KBL,49,42,"2,000",182.00,"364,000.00"
2019-09-15,2019091501006402,KBL,33,47,25,181.00,"4,525.00"
2019-09-15,2019091501006382,KBL,33,43,462,181.00,"83,622.00"
2019-09-15,2019091501006381,KBL,19,43,250,181.00,"45,250.00"
2019-09-15,2019091501006380,KBL,16,43,300,181.00,"54,300.00"
2019-09-15,2019091501006379,KBL,46,43,300,181.00,"54,300.00"
2019-09-15,2019091501006378,KBL,36,43,188,181.00,"34,028.00"
2019-09-15,2019091501006602,KBL,45,34,100,181.00,"18,100.00"
2019-09-15,2019091501006601,KBL,14,34,10,181.00,"1,810.00"
2019-09-15,2019091501006600,KBL,39,34,"1,000",181.00,"181,000.00"
2019-09-15,2019091501006599,KBL,33,34,313,181.00,"56,653.00"
2019-09-15,2019091501006578,KBL,35,51,10,182.00,"1,820.00"
2019-09-15,2019091501006508,KBL,33,50,200,181.00,"36,200.00"
2019-09-15,2019091501006596,KKHC,11,48,10,50.00,500.00
2019-09-15,2019091501006595,KKHC,11,48,10,50.00,500.00
2019-09-15,2019091501006594,KKHC,11,29,10,50.00,500.00
2019-09-15,2019091501006526,KRBL,42,16,126,100.00,"12,600.00"
2019-09-15,2019091501006404,KSBBL,32,57,10,136.00,"1,360.00"
2019-09-15,2019091501006731,LBL,49,57,"21,634",212.00,"4,586,408.00"
2019-09-15,2019091501006730,LBL,49,16,"1,200",212.00,"254,400.00"
2019-09-15,2019091501006729,LBL,49,46,108,212.00,"22,896.00"
2019-09-15,2019091501006728,LBL,49,36,880,211.00,"185,680.00"
2019-09-15,2019091501006618,LBL,32,34,690,210.00,"144,900.00"
2019-09-15,2019091501006617,LBL,11,34,500,210.00,"105,000.00"
2019-09-15,2019091501006616,LBL,34,34,150,210.00,"31,500.00"
2019-09-15,2019091501006615,LBL,49,34,160,210.00,"33,600.00"
2019-09-15,2019091501006334,LBL,49,19,"1,000",210.00,"210,000.00"
2019-09-15,2019091501006332,LICN,25,19,10,995.00,"9,950.00"
2019-09-15,2019091501006655,LLBS,18,35,126,661.00,"83,286.00"
2019-09-15,2019091501006297,LLBS,40,11,20,674.00,"13,480.00"
2019-09-15,2019091501006296,LLBS,18,11,100,674.00,"67,400.00"
2019-09-15,2019091501006295,LLBS,57,11,16,680.00,"10,880.00"
2019-09-15,2019091501006695,MBL,52,14,14,246.00,"3,444.00"
2019-09-15,2019091501006694,MBL,21,14,210,246.00,"51,660.00"
2019-09-15,2019091501006693,MBL,25,14,100,246.00,"24,600.00"
2019-09-15,2019091501006692,MBL,35,14,70,246.00,"17,220.00"
2019-09-15,2019091501006691,MBL,14,14,486,246.00,"119,556.00"
2019-09-15,2019091501006690,MBL,25,14,20,247.00,"4,940.00"
2019-09-15,2019091501006689,MBL,26,14,100,247.00,"24,700.00"
2019-09-15,2019091501006656,MBL,14,8,514,246.00,"126,444.00"
2019-09-15,2019091501006623,MDB,28,14,300,243.00,"72,900.00"
2019-09-15,2019091501006670,MEGA,22,44,130,191.00,"24,830.00"
2019-09-15,2019091501006669,MEGA,22,32,370,191.00,"70,670.00"
2019-09-15,2019091501006281,MEGA,33,19,100,190.00,"19,000.00"
2019-09-15,2019091501006280,MEGA,25,19,410,190.00,"77,900.00"
2019-09-15,2019091501006284,MEGA,25,19,890,190.00,"169,100.00"
2019-09-15,2019091501006283,MEGA,1,19,500,190.00,"95,000.00"
2019-09-15,2019091501006282,MEGA,47,19,100,190.00,"19,000.00"
2019-09-15,2019091501006520,MEGA,47,32,100,191.00,"19,100.00"
2019-09-15,2019091501006502,MEGA,19,32,100,191.00,"19,100.00"
2019-09-15,2019091501006581,MEGA,53,32,100,191.00,"19,100.00"
2019-09-15,2019091501006274,MNBBL,36,36,300,303.00,"90,900.00"
2019-09-15,2019091501006245,MNBBL,48,7,100,302.00,"30,200.00"
2019-09-15,2019091501006244,MNBBL,1,7,200,302.00,"60,400.00"
2019-09-15,2019091501006721,NABIL,7,49,50,760.00,"38,000.00"
2019-09-15,2019091501006657,NABIL,53,49,400,760.00,"304,000.00"
2019-09-15,2019091501006607,NABIL,22,49,10,760.00,"7,600.00"
2019-09-15,2019091501006606,NABIL,35,49,20,760.00,"15,200.00"
2019-09-15,2019091501006342,NABIL,35,28,30,760.00,"22,800.00"
2019-09-15,2019091501006341,NABIL,6,28,10,760.00,"7,600.00"
2019-09-15,2019091501006340,NABIL,35,28,40,760.00,"30,400.00"
2019-09-15,2019091501006339,NABIL,35,28,50,760.00,"38,000.00"
2019-09-15,2019091501006338,NABIL,39,28,300,761.00,"228,300.00"
2019-09-15,2019091501006337,NABIL,42,28,10,761.00,"7,610.00"
2019-09-15,2019091501006336,NABIL,42,28,30,761.00,"22,830.00"
2019-09-15,2019091501006335,NABIL,17,28,30,762.00,"22,860.00"
2019-09-15,2019091501006447,NADEP,50,10,50,417.00,"20,850.00"
2019-09-15,2019091501006672,NBB,39,54,500,208.00,"104,000.00"
2019-09-15,2019091501006473,NBB,56,4,217,207.00,"44,919.00"
2019-09-15,2019091501006472,NBB,56,4,500,208.00,"104,000.00"
2019-09-15,2019091501006453,NBB,19,45,113,209.00,"23,617.00"
2019-09-15,2019091501006452,NBB,19,54,387,208.00,"80,496.00"
2019-09-15,2019091501006739,NBL,44,28,50,309.00,"15,450.00"
2019-09-15,2019091501006738,NBL,34,28,100,309.00,"30,900.00"
2019-09-15,2019091501006737,NBL,37,28,200,309.00,"61,800.00"
2019-09-15,2019091501006736,NBL,39,28,233,309.00,"71,997.00"
2019-09-15,2019091501006717,NBL,39,47,50,309.00,"15,450.00"
2019-09-15,2019091501006651,NBL,39,38,250,309.00,"77,250.00"
2019-09-15,2019091501006475,NBL,25,8,500,309.00,"154,500.00"
2019-09-15,2019091501006474,NBL,47,8,250,309.00,"77,250.00"
2019-09-15,2019091501006432,NBL,10,33,60,310.00,"18,600.00"
2019-09-15,2019091501006256,NBL,34,33,150,310.00,"46,500.00"
2019-09-15,2019091501006255,NBL,51,33,100,310.00,"31,000.00"
2019-09-15,2019091501006611,NBL,39,21,467,309.00,"144,303.00"
2019-09-15,2019091501006610,NBL,38,21,500,309.00,"154,500.00"
2019-09-15,2019091501006609,NBL,52,21,333,309.00,"102,897.00"
2019-09-15,2019091501006478,NBL,52,8,167,309.00,"51,603.00"
2019-09-15,2019091501006477,NBL,25,8,100,309.00,"30,900.00"
2019-09-15,2019091501006476,NBL,35,8,30,309.00,"9,270.00"
2019-09-15,2019091501006566,NCCB,34,57,579,193.00,"111,747.00"
2019-09-15,2019091501006565,NCCB,43,57,100,193.00,"19,300.00"
2019-09-15,2019091501006564,NCCB,28,57,"1,500",193.00,"289,500.00"
2019-09-15,2019091501006563,NCCB,51,57,250,193.00,"48,250.00"
2019-09-15,2019091501006562,NCCB,46,57,50,193.00,"9,650.00"
2019-09-15,2019091501006561,NCCB,3,57,500,193.00,"96,500.00"
2019-09-15,2019091501006417,NCCB,19,57,100,195.00,"19,500.00"
2019-09-15,2019091501006279,NCCB,1,4,41,194.00,"7,954.00"
2019-09-15,2019091501006278,NCCB,49,4,500,195.00,"97,500.00"
2019-09-15,2019091501006277,NCCB,3,4,200,195.00,"39,000.00"
2019-09-15,2019091501006276,NCCB,39,4,500,195.00,"97,500.00"
2019-09-15,2019091501006554,NCCB,35,57,50,194.00,"9,700.00"
2019-09-15,2019091501006553,NCCB,36,57,671,194.00,"130,174.00"
2019-09-15,2019091501006495,NCCB,36,38,329,194.00,"63,826.00"
2019-09-15,2019091501006494,NCCB,1,38,459,194.00,"89,046.00"
2019-09-15,2019091501006493,NCCB,3,38,50,195.00,"9,750.00"
2019-09-15,2019091501006492,NCCB,19,38,162,195.00,"31,590.00"
2019-09-15,2019091501006560,NCCB,33,57,"1,000",193.00,"193,000.00"
2019-09-15,2019091501006559,NCCB,38,57,100,194.00,"19,400.00"
2019-09-15,2019091501006558,NCCB,16,57,"1,000",194.00,"194,000.00"
2019-09-15,2019091501006557,NCCB,16,57,"1,000",194.00,"194,000.00"
2019-09-15,2019091501006556,NCCB,28,57,"1,000",194.00,"194,000.00"
2019-09-15,2019091501006555,NCCB,45,57,200,194.00,"38,800.00"
2019-09-15,2019091501006652,NIB,33,28,100,440.00,"44,000.00"
2019-09-15,2019091501006489,NIB,19,28,100,440.00,"44,000.00"
2019-09-15,2019091501006398,NIBPO,56,42,10,415.00,"4,150.00"
2019-09-15,2019091501006399,NIBPO,47,42,100,414.00,"41,400.00"
2019-09-15,2019091501006481,NICA,36,29,23,395.00,"9,085.00"
2019-09-15,2019091501006390,NICA,21,22,300,393.00,"117,900.00"
2019-09-15,2019091501006361,NICA,21,47,16,393.00,"6,288.00"
2019-09-15,2019091501006306,NICA,21,35,100,393.00,"39,300.00"
2019-09-15,2019091501006254,NICA,21,55,"1,000",393.00,"393,000.00"
2019-09-15,2019091501006253,NICA,21,45,484,393.00,"190,212.00"
2019-09-15,2019091501006246,NICA,21,33,961,390.00,"374,790.00"
2019-09-15,2019091501006252,NICA,21,45,200,392.00,"78,400.00"
2019-09-15,2019091501006251,NICA,21,55,486,392.00,"190,512.00"
2019-09-15,2019091501006250,NICA,21,37,500,391.00,"195,500.00"
2019-09-15,2019091501006249,NICA,21,45,100,391.00,"39,100.00"
2019-09-15,2019091501006248,NICA,21,48,585,391.00,"228,735.00"
2019-09-15,2019091501006247,NICA,21,42,200,390.00,"78,000.00"
2019-09-15,2019091501006375,NICL,34,34,319,260.00,"82,940.00"
2019-09-15,2019091501006374,NICL,25,34,50,260.00,"13,000.00"
2019-09-15,2019091501006373,NICL,53,34,200,260.00,"52,000.00"
2019-09-15,2019091501006372,NICL,43,34,50,260.00,"13,000.00"
2019-09-15,2019091501006371,NICL,55,34,78,261.00,"20,358.00"
2019-09-15,2019091501006370,NICL,6,34,25,262.00,"6,550.00"
2019-09-15,2019091501006546,NLIC,49,36,116,766.00,"88,856.00"
2019-09-15,2019091501006545,NLIC,53,36,350,766.00,"268,100.00"
2019-09-15,2019091501006544,NLIC,48,36,100,766.00,"76,600.00"
2019-09-15,2019091501006543,NLIC,13,36,100,766.00,"76,600.00"
2019-09-15,2019091501006542,NLIC,45,36,10,767.00,"7,670.00"
2019-09-15,2019091501006541,NLIC,7,36,40,767.00,"30,680.00"
2019-09-15,2019091501006514,NLIC,17,33,76,770.00,"58,520.00"
2019-09-15,2019091501006513,NLIC,17,42,24,769.00,"18,456.00"
2019-09-15,2019091501006540,NLIC,54,36,200,767.00,"153,400.00"
2019-09-15,2019091501006539,NLIC,28,36,30,768.00,"23,040.00"
2019-09-15,2019091501006538,NLIC,36,36,200,768.00,"153,600.00"
2019-09-15,2019091501006537,NLIC,28,36,10,768.00,"7,680.00"
2019-09-15,2019091501006536,NLIC,53,36,300,768.00,"230,400.00"
2019-09-15,2019091501006535,NLIC,53,36,44,768.00,"33,792.00"
2019-09-15,2019091501006719,NMBMF,45,36,90,991.00,"89,190.00"
2019-09-15,2019091501006590,NMBMF,54,51,50,"1,000.00","50,000.00"
2019-09-15,2019091501006706,NMFBS,25,29,25,"1,494.00","37,350.00"
2019-09-15,2019091501006705,NMFBS,40,29,50,"1,494.00","74,700.00"
2019-09-15,2019091501006704,NMFBS,22,29,10,"1,494.00","14,940.00"
2019-09-15,2019091501006703,NMFBS,35,29,10,"1,494.00","14,940.00"
2019-09-15,2019091501006631,NUBL,56,48,90,842.00,"75,780.00"
2019-09-15,2019091501006666,PCBL,28,4,50,262.00,"13,100.00"
2019-09-15,2019091501006665,PCBL,28,4,100,262.00,"26,200.00"
2019-09-15,2019091501006521,PCBL,14,44,500,263.00,"131,500.00"
2019-09-15,2019091501006293,PFL,13,25,11,132.00,"1,452.00"
2019-09-15,2019091501006482,PLIC,6,45,40,378.00,"15,120.00"
2019-09-15,2019091501006641,PRIN,43,32,300,299.00,"89,700.00"
2019-09-15,2019091501006441,PRIN,32,22,221,301.00,"66,521.00"
2019-09-15,2019091501006270,PRIN,39,32,300,300.00,"90,000.00"
2019-09-15,2019091501006668,PRVU,58,21,100,258.00,"25,800.00"
2019-09-15,2019091501006469,PRVU,6,58,321,258.00,"82,818.00"
2019-09-15,2019091501006395,PRVU,6,50,679,258.00,"175,182.00"
2019-09-15,2019091501006394,PRVU,42,50,50,258.00,"12,900.00"
2019-09-15,2019091501006393,PRVU,4,50,153,258.00,"39,474.00"
2019-09-15,2019091501006320,PRVU,4,32,185,258.00,"47,730.00"
2019-09-15,2019091501006598,RBCL,11,16,17,"8,602.00","146,234.00"
2019-09-15,2019091501006400,RBCLPO,53,33,10,"7,400.00","74,000.00"
2019-09-15,2019091501006714,RHPL,1,51,40,153.00,"6,120.00"
2019-09-15,2019091501006712,RHPL,1,16,30,153.00,"4,590.00"
2019-09-15,2019091501006699,RHPL,1,59,40,153.00,"6,120.00"
2019-09-15,2019091501006650,RHPL,1,49,20,153.00,"3,060.00"
2019-09-15,2019091501006649,RHPL,1,21,40,153.00,"6,120.00"
2019-09-15,2019091501006622,RHPL,1,39,250,153.00,"38,250.00"
2019-09-15,2019091501006303,RHPL,56,35,50,154.00,"7,700.00"
2019-09-15,2019091501006275,RHPL,52,51,20,153.00,"3,060.00"
2019-09-15,2019091501006260,RHPL,52,49,20,153.00,"3,060.00"
2019-09-15,2019091501006259,RHPL,52,21,40,153.00,"6,120.00"
2019-09-15,2019091501006258,RHPL,52,38,40,153.00,"6,120.00"
2019-09-15,2019091501006257,RHPL,52,1,40,153.00,"6,120.00"
2019-09-15,2019091501006369,RHPL,14,38,40,153.00,"6,120.00"
2019-09-15,2019091501006345,RHPL,14,21,40,153.00,"6,120.00"
2019-09-15,2019091501006333,RHPL,14,51,20,153.00,"3,060.00"
2019-09-15,2019091501006327,RHPL,14,18,20,153.00,"3,060.00"
2019-09-15,2019091501006307,RHPL,52,38,40,153.00,"6,120.00"
2019-09-15,2019091501006304,RHPL,52,21,40,153.00,"6,120.00"
2019-09-15,2019091501006443,RHPL,37,21,40,153.00,"6,120.00"
2019-09-15,2019091501006434,RHPL,37,51,20,153.00,"3,060.00"
2019-09-15,2019091501006430,RHPL,37,47,35,153.00,"5,355.00"
2019-09-15,2019091501006416,RHPL,37,38,10,153.00,"1,530.00"
2019-09-15,2019091501006415,RHPL,14,38,40,153.00,"6,120.00"
2019-09-15,2019091501006401,RHPL,14,21,40,153.00,"6,120.00"
2019-09-15,2019091501006486,RHPL,49,26,40,153.00,"6,120.00"
2019-09-15,2019091501006480,RHPL,49,21,40,153.00,"6,120.00"
2019-09-15,2019091501006471,RHPL,49,56,15,153.00,"2,295.00"
2019-09-15,2019091501006470,RHPL,37,56,25,153.00,"3,825.00"
2019-09-15,2019091501006468,RHPL,37,47,30,153.00,"4,590.00"
2019-09-15,2019091501006465,RHPL,37,38,40,153.00,"6,120.00"
2019-09-15,2019091501006517,RHPL,49,47,30,153.00,"4,590.00"
2019-09-15,2019091501006510,RHPL,49,21,50,153.00,"7,650.00"
2019-09-15,2019091501006503,RHPL,49,38,40,153.00,"6,120.00"
2019-09-15,2019091501006497,RHPL,49,14,200,153.00,"30,600.00"
2019-09-15,2019091501006496,RHPL,49,51,20,153.00,"3,060.00"
2019-09-15,2019091501006490,RHPL,49,47,40,153.00,"6,120.00"
2019-09-15,2019091501006612,RHPL,1,21,40,153.00,"6,120.00"
2019-09-15,2019091501006587,RHPL,1,47,30,153.00,"4,590.00"
2019-09-15,2019091501006552,RHPL,1,21,40,153.00,"6,120.00"
2019-09-15,2019091501006547,RHPL,1,49,20,153.00,"3,060.00"
2019-09-15,2019091501006528,RHPL,1,49,15,153.00,"2,295.00"
2019-09-15,2019091501006527,RHPL,49,49,25,153.00,"3,825.00"
2019-09-15,2019091501006718,RMDC,53,7,34,625.00,"21,250.00"
2019-09-15,2019091501006579,RMDC,22,17,30,624.00,"18,720.00"
2019-09-15,2019091501006360,RMDC,35,7,20,625.00,"12,500.00"
2019-09-15,2019091501006723,RRHP,47,26,10,103.00,"1,030.00"
2019-09-15,2019091501006667,RRHP,47,26,10,103.00,"1,030.00"
2019-09-15,2019091501006516,RSDC,33,17,102,333.00,"33,966.00"
2019-09-15,2019091501006444,RSDC,33,51,50,332.00,"16,600.00"
2019-09-15,2019091501006580,SABSL,57,10,10,464.00,"4,640.00"
2019-09-15,2019091501006506,SABSL,57,17,10,464.00,"4,640.00"
2019-09-15,2019091501006403,SABSL,57,32,10,464.00,"4,640.00"
2019-09-15,2019091501006720,SANIMA,49,45,"1,000",350.00,"350,000.00"
2019-09-15,2019091501006678,SANIMA,49,40,300,350.00,"105,000.00"
2019-09-15,2019091501006654,SANIMA,49,14,"1,000",350.00,"350,000.00"
2019-09-15,2019091501006653,SANIMA,49,48,"1,000",350.00,"350,000.00"
2019-09-15,2019091501006569,SANIMA,49,38,218,350.00,"76,300.00"
2019-09-15,2019091501006568,SANIMA,34,38,100,350.00,"35,000.00"
2019-09-15,2019091501006567,SANIMA,14,38,"1,218",350.00,"426,300.00"
2019-09-15,2019091501006662,SBI,7,49,17,417.00,"7,089.00"
2019-09-15,2019091501006661,SBI,44,49,60,417.00,"25,020.00"
2019-09-15,2019091501006317,SBI,44,57,440,417.00,"183,480.00"
2019-09-15,2019091501006316,SBI,10,57,"2,500",417.00,"1,042,500.00"
2019-09-15,2019091501006315,SBI,58,57,20,417.00,"8,340.00"
2019-09-15,2019091501006314,SBI,25,57,500,418.00,"209,000.00"
2019-09-15,2019091501006313,SBI,39,57,100,418.00,"41,800.00"
2019-09-15,2019091501006312,SBI,8,57,342,419.00,"143,298.00"
2019-09-15,2019091501006311,SBI,33,57,200,420.00,"84,000.00"
2019-09-15,2019091501006310,SBI,54,57,40,420.00,"16,800.00"
2019-09-15,2019091501006309,SBI,58,57,100,420.00,"42,000.00"
2019-09-15,2019091501006308,SBI,57,57,250,423.00,"105,750.00"
2019-09-15,2019091501006466,SCB,42,44,20,556.00,"11,120.00"
2019-09-15,2019091501006418,SCB,21,13,83,562.00,"46,646.00"
2019-09-15,2019091501006376,SDESI,34,59,60,596.00,"35,760.00"
2019-09-15,2019091501006647,SEF,3,26,"5,000",8.91,"44,550.00"
2019-09-15,2019091501006734,SHIVM,58,36,500,504.00,"252,000.00"
2019-09-15,2019091501006733,SHIVM,34,36,50,504.00,"25,200.00"
2019-09-15,2019091501006732,SHIVM,39,36,100,504.00,"50,400.00"
2019-09-15,2019091501006625,SHIVM,48,43,350,505.00,"176,750.00"
2019-09-15,2019091501006624,SHIVM,48,18,200,505.00,"101,000.00"
2019-09-15,2019091501006589,SHIVM,39,17,100,504.00,"50,400.00"
2019-09-15,2019091501006491,SHIVM,39,46,250,504.00,"126,000.00"
2019-09-15,2019091501006608,SHPC,20,39,175,196.00,"34,300.00"
2019-09-15,2019091501006575,SHPC,20,44,73,196.00,"14,308.00"
2019-09-15,2019091501006574,SHPC,45,44,510,196.00,"99,960.00"
2019-09-15,2019091501006573,SHPC,1,44,100,197.00,"19,700.00"
2019-09-15,2019091501006397,SHPC,1,44,100,198.00,"19,800.00"
2019-09-15,2019091501006630,SIL,25,25,10,387.00,"3,870.00"
2019-09-15,2019091501006724,SJCL,42,49,10,164.00,"1,640.00"
2019-09-15,2019091501006722,SJCL,42,39,20,164.00,"3,280.00"
2019-09-15,2019091501006679,SJCL,42,39,20,164.00,"3,280.00"
2019-09-15,2019091501006663,SJCL,42,21,20,164.00,"3,280.00"
2019-09-15,2019091501006273,SJCL,10,21,20,164.00,"3,280.00"
2019-09-15,2019091501006269,SJCL,10,39,20,164.00,"3,280.00"
2019-09-15,2019091501006298,SJCL,10,51,10,164.00,"1,640.00"
2019-09-15,2019091501006286,SJCL,10,49,20,164.00,"3,280.00"
2019-09-15,2019091501006285,SJCL,10,38,20,164.00,"3,280.00"
2019-09-15,2019091501006356,SJCL,56,10,20,166.00,"3,320.00"
2019-09-15,2019091501006347,SJCL,57,39,60,164.00,"9,840.00"
2019-09-15,2019091501006346,SJCL,10,39,140,164.00,"22,960.00"
2019-09-15,2019091501006328,SJCL,10,38,20,164.00,"3,280.00"
2019-09-15,2019091501006318,SJCL,10,21,10,164.00,"1,640.00"
2019-09-15,2019091501006305,SJCL,10,39,20,164.00,"3,280.00"
2019-09-15,2019091501006406,SJCL,57,38,20,164.00,"3,280.00"
2019-09-15,2019091501006391,SJCL,57,25,20,164.00,"3,280.00"
2019-09-15,2019091501006368,SJCL,57,18,10,164.00,"1,640.00"
2019-09-15,2019091501006359,SJCL,57,39,20,164.00,"3,280.00"
2019-09-15,2019091501006358,SJCL,57,21,20,164.00,"3,280.00"
2019-09-15,2019091501006357,SJCL,57,51,10,164.00,"1,640.00"
2019-09-15,2019091501006461,SJCL,14,21,20,164.00,"3,280.00"
2019-09-15,2019091501006440,SJCL,14,39,20,164.00,"3,280.00"
2019-09-15,2019091501006433,SJCL,14,38,20,164.00,"3,280.00"
2019-09-15,2019091501006412,SJCL,14,51,10,164.00,"1,640.00"
2019-09-15,2019091501006411,SJCL,57,21,20,164.00,"3,280.00"
2019-09-15,2019091501006408,SJCL,57,39,20,164.00,"3,280.00"
2019-09-15,2019091501006488,SJCL,29,44,10,164.00,"1,640.00"
2019-09-15,2019091501006487,SJCL,29,21,20,164.00,"3,280.00"
2019-09-15,2019091501006485,SJCL,29,39,10,164.00,"1,640.00"
2019-09-15,2019091501006484,SJCL,3,39,10,164.00,"1,640.00"
2019-09-15,2019091501006483,SJCL,14,38,20,164.00,"3,280.00"
2019-09-15,2019091501006479,SJCL,14,51,10,164.00,"1,640.00"
2019-09-15,2019091501006572,SJCL,29,35,100,164.00,"16,400.00"
2019-09-15,2019091501006530,SJCL,29,38,20,164.00,"3,280.00"
2019-09-15,2019091501006529,SJCL,29,21,20,164.00,"3,280.00"
2019-09-15,2019091501006509,SJCL,29,49,20,164.00,"3,280.00"
2019-09-15,2019091501006640,SJCL,42,39,20,164.00,"3,280.00"
2019-09-15,2019091501006629,SJCL,42,21,20,164.00,"3,280.00"
2019-09-15,2019091501006613,SJCL,59,55,10,163.00,"1,630.00"
2019-09-15,2019091501006588,SJCL,59,39,20,163.00,"3,260.00"
2019-09-15,2019091501006583,SJCL,11,21,20,163.00,"3,260.00"
2019-09-15,2019091501006677,SKBBL,20,44,17,902.00,"15,334.00"
2019-09-15,2019091501006676,SKBBL,3,44,20,903.00,"18,060.00"
2019-09-15,2019091501006675,SKBBL,29,44,10,903.00,"9,030.00"
2019-09-15,2019091501006674,SKBBL,25,44,50,903.00,"45,150.00"
2019-09-15,2019091501006673,SKBBL,35,44,20,904.00,"18,080.00"
2019-09-15,2019091501006577,SKBBL,1,44,20,905.00,"18,100.00"
2019-09-15,2019091501006576,SKBBL,35,44,20,905.00,"18,100.00"
2019-09-15,2019091501006439,SLBBL,25,57,40,530.00,"21,200.00"
2019-09-15,2019091501006438,SLBBL,37,57,100,530.00,"53,000.00"
2019-09-15,2019091501006437,SLBBL,46,57,210,531.00,"111,510.00"
2019-09-15,2019091501006436,SLBBL,20,57,200,531.00,"106,200.00"
2019-09-15,2019091501006435,SLBBL,46,57,50,532.00,"26,600.00"
2019-09-15,2019091501006464,SLBSL,48,18,10,671.00,"6,710.00"
2019-09-15,2019091501006688,SLICL,57,44,38,266.00,"10,108.00"
2019-09-15,2019091501006687,SLICL,52,44,200,266.00,"53,200.00"
2019-09-15,2019091501006686,SLICL,14,44,100,266.00,"26,600.00"
2019-09-15,2019091501006685,SLICL,45,44,10,266.00,"2,660.00"
2019-09-15,2019091501006684,SLICL,45,44,10,266.00,"2,660.00"
2019-09-15,2019091501006683,SLICL,45,44,14,266.00,"3,724.00"
2019-09-15,2019091501006682,SLICL,19,44,500,267.00,"133,500.00"
2019-09-15,2019091501006681,SLICL,13,44,100,268.00,"26,800.00"
2019-09-15,2019091501006680,SLICL,39,44,28,268.00,"7,504.00"
2019-09-15,2019091501006410,SLICL,39,19,22,268.00,"5,896.00"
2019-09-15,2019091501006409,SLICL,6,19,60,268.00,"16,080.00"
2019-09-15,2019091501006697,SMATA,58,28,30,"1,250.00","37,500.00"
2019-09-15,2019091501006696,SMATA,40,28,100,"1,251.00","125,100.00"
2019-09-15,2019091501006710,SMFBS,34,34,60,800.00,"48,000.00"
2019-09-15,2019091501006586,SMFBS,34,34,40,800.00,"32,000.00"
2019-09-15,2019091501006585,SMFBS,34,37,10,800.00,"8,000.00"
2019-09-15,2019091501006584,SMFBS,34,35,50,799.00,"39,950.00"
2019-09-15,2019091501006445,SMFBS,34,47,40,794.00,"31,760.00"
2019-09-15,2019091501006442,SMFBS,7,47,10,794.00,"7,940.00"
2019-09-15,2019091501006664,SWBBL,17,39,50,898.00,"44,900.00"
2019-09-15,2019091501006593,SWBBL,17,38,160,898.00,"143,680.00"
2019-09-15,2019091501006592,SWBBL,45,38,20,900.00,"18,000.00"
2019-09-15,2019091501006591,SWBBL,25,38,20,901.00,"18,020.00"
2019-09-15,2019091501006512,SWBBL,1,48,20,902.00,"18,040.00"
2019-09-15,2019091501006362,SWBBL,17,48,34,902.00,"30,668.00"
2019-09-15,2019091501006329,SWBBL,35,48,20,902.00,"18,040.00"
2019-09-15,2019091501006511,UIC,42,42,100,263.00,"26,300.00"
2019-09-15,2019091501006597,UMHL,42,16,18,100.00,"1,800.00"
2019-09-15,2019091501006531,UPCL,14,32,170,76.00,"12,920.00"
2019-09-15,2019091501006463,UPCL,6,32,100,76.00,"7,600.00"
2019-09-15,2019091501006614,UPPER,25,14,13,233.00,"3,029.00"
2019-09-15,2019091501006519,UPPER,25,44,40,232.00,"9,280.00"
2019-09-15,2019091501006271,UPPER,58,16,50,234.00,"11,700.00"
2019-09-15,2019091501006366,UPPER,11,14,30,233.00,"6,990.00"
2019-09-15,2019091501006365,UPPER,43,14,200,233.00,"46,600.00"
2019-09-15,2019091501006364,UPPER,48,14,247,233.00,"57,551.00"
2019-09-15,2019091501006363,UPPER,58,14,50,234.00,"11,700.00"
2019-09-15,2019091501006330,UPPER,58,25,40,234.00,"9,360.00"
2019-09-15,2019091501006326,VLBS,45,52,90,542.00,"48,780.00"
2019-09-15,2019091501006325,VLBS,22,52,10,542.00,"5,420.00"
2019-09-15,2019091501006153,ADBL,52,52,250,413.00,"103,250.00"
2019-09-15,2019091501006121,ADBL,19,40,49,413.00,"20,237.00"
2019-09-15,2019091501006120,ADBL,4,40,167,413.00,"68,971.00"
2019-09-15,2019091501006003,ADBL,4,46,304,413.00,"125,552.00"
2019-09-15,2019091501005996,ADBL,28,52,300,414.00,"124,200.00"
2019-09-15,2019091501006049,AHPC,14,45,53,95.00,"5,035.00"
2019-09-15,2019091501006048,AHPC,49,45,100,95.00,"9,500.00"
2019-09-15,2019091501006047,AHPC,48,45,200,95.00,"19,000.00"
2019-09-15,2019091501006046,AHPC,47,45,100,95.00,"9,500.00"
2019-09-15,2019091501006045,AHPC,29,45,747,96.00,"71,712.00"
2019-09-15,2019091501006025,AHPC,29,21,253,96.00,"24,288.00"
2019-09-15,2019091501005930,AHPC,54,21,50,96.00,"4,800.00"
2019-09-15,2019091501005929,AHPC,25,21,"1,000",96.00,"96,000.00"
2019-09-15,2019091501005928,AHPC,7,21,"1,000",96.00,"96,000.00"
2019-09-15,2019091501005927,AHPC,43,21,100,96.00,"9,600.00"
2019-09-15,2019091501005926,AHPC,43,21,467,96.00,"44,832.00"
2019-09-15,2019091501005826,AHPC,6,38,100,97.00,"9,700.00"
2019-09-15,2019091501006005,AHPC,47,55,900,95.00,"85,500.00"
2019-09-15,2019091501006004,AHPC,43,55,100,95.00,"9,500.00"
2019-09-15,2019091501005934,AHPC,32,21,200,96.00,"19,200.00"
2019-09-15,2019091501005933,AHPC,28,21,500,96.00,"48,000.00"
2019-09-15,2019091501005932,AHPC,52,21,200,96.00,"19,200.00"
2019-09-15,2019091501005931,AHPC,20,21,30,96.00,"2,880.00"
2019-09-15,2019091501006193,AKBSL,57,18,10,421.00,"4,210.00"
2019-09-15,2019091501005784,AKBSL,51,39,10,420.00,"4,200.00"
2019-09-15,2019091501005775,AKBSL,51,39,10,420.00,"4,200.00"
2019-09-15,2019091501005879,AKPL,48,39,84,130.00,"10,920.00"
2019-09-15,2019091501005878,AKPL,48,39,84,130.00,"10,920.00"
2019-09-15,2019091501005877,AKPL,48,39,84,130.00,"10,920.00"
2019-09-15,2019091501005876,AKPL,48,39,84,130.00,"10,920.00"
2019-09-15,2019091501005786,AKPL,25,35,10,130.00,"1,300.00"
2019-09-15,2019091501006220,API,25,38,20,111.00,"2,220.00"
2019-09-15,2019091501006099,BARUN,6,6,10,86.00,860.00
2019-09-15,2019091501006174,BOKL,26,49,500,252.00,"126,000.00"
2019-09-15,2019091501006087,BOKL,21,4,46,251.00,"11,546.00"
2019-09-15,2019091501006086,BOKL,22,4,54,251.00,"13,554.00"
2019-09-15,2019091501006227,BPCL,16,44,273,363.00,"99,099.00"
2019-09-15,2019091501006141,BPCL,5,22,90,362.00,"32,580.00"
2019-09-15,2019091501006097,BPCL,38,44,100,363.00,"36,300.00"
2019-09-15,2019091501006096,BPCL,8,44,761,363.00,"276,243.00"
2019-09-15,2019091501006095,BPCL,37,44,10,364.00,"3,640.00"
2019-09-15,2019091501005867,BPCL,8,57,239,363.00,"86,757.00"
2019-09-15,2019091501005860,BPCL,34,57,17,364.00,"6,188.00"
2019-09-15,2019091501005859,BPCL,59,57,150,364.00,"54,600.00"
2019-09-15,2019091501005848,BPCL,34,17,33,364.00,"12,012.00"
2019-09-15,2019091501005866,BPCL,8,57,101,363.00,"36,663.00"
2019-09-15,2019091501005865,BPCL,22,57,20,363.00,"7,260.00"
2019-09-15,2019091501005864,BPCL,34,57,200,363.00,"72,600.00"
2019-09-15,2019091501005863,BPCL,59,57,208,363.00,"75,504.00"
2019-09-15,2019091501005862,BPCL,45,57,20,364.00,"7,280.00"
2019-09-15,2019091501005861,BPCL,59,57,45,364.00,"16,380.00"
2019-09-15,2019091501005869,CBBL,11,43,10,970.00,"9,700.00"
2019-09-15,2019091501005868,CBBL,11,1,20,970.00,"19,400.00"
2019-09-15,2019091501005823,CBBL,13,38,20,965.00,"19,300.00"
2019-09-15,2019091501005822,CBBL,35,38,20,965.00,"19,300.00"
2019-09-15,2019091501005821,CBBL,11,38,20,965.00,"19,300.00"
2019-09-15,2019091501006085,CBL,22,47,50,142.00,"7,100.00"
2019-09-15,2019091501005765,CBL,6,28,10,143.00,"1,430.00"
2019-09-15,2019091501006207,CCBL,1,25,26,155.00,"4,030.00"
2019-09-15,2019091501005991,CCBL,39,44,981,156.00,"153,036.00"
2019-09-15,2019091501005918,CCBL,1,4,100,155.00,"15,500.00"
2019-09-15,2019091501005815,CCBL,39,44,519,156.00,"80,964.00"
2019-09-15,2019091501005764,CCBL,39,40,481,156.00,"75,036.00"
2019-09-15,2019091501005763,CCBL,52,40,19,156.00,"2,964.00"
2019-09-15,2019091501006134,CFCL,52,33,"1,000",108.00,"108,000.00"
2019-09-15,2019091501006133,CFCL,22,33,100,109.00,"10,900.00"
2019-09-15,2019091501006064,CFCL,7,45,10,110.00,"1,100.00"
2019-09-15,2019091501006177,CHL,6,50,200,80.00,"16,000.00"
2019-09-15,2019091501006237,CZBIL,33,35,50,219.00,"10,950.00"
2019-09-15,2019091501006236,CZBIL,33,4,300,219.00,"65,700.00"
2019-09-15,2019091501006187,CZBIL,35,4,50,219.00,"10,950.00"
2019-09-15,2019091501006028,CZBIL,56,4,150,219.00,"32,850.00"
2019-09-15,2019091501005811,CZBIL,51,6,103,218.00,"22,454.00"
2019-09-15,2019091501006023,DBBL,20,52,499,126.00,"62,874.00"
2019-09-15,2019091501006022,DBBL,32,52,150,126.00,"18,900.00"
2019-09-15,2019091501006021,DBBL,10,52,300,126.00,"37,800.00"
2019-09-15,2019091501006000,DBBL,56,49,50,127.00,"6,350.00"
2019-09-15,2019091501005752,DBBL,26,49,300,126.00,"37,800.00"
2019-09-15,2019091501005751,DBBL,38,49,200,126.00,"25,200.00"
2019-09-15,2019091501005744,DBBL,42,49,150,126.00,"18,900.00"
2019-09-15,2019091501005743,DBBL,47,49,17,127.00,"2,159.00"
2019-09-15,2019091501005750,DBBL,25,49,200,126.00,"25,200.00"
2019-09-15,2019091501005749,DBBL,21,49,100,126.00,"12,600.00"
2019-09-15,2019091501005748,DBBL,59,49,50,126.00,"6,300.00"
2019-09-15,2019091501005747,DBBL,45,49,100,126.00,"12,600.00"
2019-09-15,2019091501005746,DBBL,20,49,20,126.00,"2,520.00"
2019-09-15,2019091501005745,DBBL,58,49,100,126.00,"12,600.00"
2019-09-15,2019091501005788,DDBL,49,47,242,720.00,"174,240.00"
2019-09-15,2019091501006180,DHPL,5,51,30,52.00,"1,560.00"
2019-09-15,2019091501005985,EBL,40,6,50,572.00,"28,600.00"
2019-09-15,2019091501005781,EBL,45,33,50,570.00,"28,500.00"
2019-09-15,2019091501005780,EBL,43,33,50,570.00,"28,500.00"
2019-09-15,2019091501005841,FMDBL,37,38,33,366.00,"12,078.00"
2019-09-15,2019091501005840,FMDBL,48,38,13,366.00,"4,758.00"
2019-09-15,2019091501006154,FOWAD,45,49,336,"1,255.00","421,680.00"
2019-09-15,2019091501005838,FOWAD,55,49,20,"1,255.00","25,100.00"
2019-09-15,2019091501006123,GBBL,57,51,100,208.00,"20,800.00"
2019-09-15,2019091501006035,GBBL,48,55,100,207.00,"20,700.00"
2019-09-15,2019091501006234,GBLBS,40,40,15,325.00,"4,875.00"
2019-09-15,2019091501006142,GBLBS,40,40,15,325.00,"4,875.00"
2019-09-15,2019091501006131,GBLBS,26,44,15,323.00,"4,845.00"
2019-09-15,2019091501006058,GBLBS,40,40,15,325.00,"4,875.00"
2019-09-15,2019091501005834,GBLBS,40,40,15,325.00,"4,875.00"
2019-09-15,2019091501005774,GBLBS,40,40,15,325.00,"4,875.00"
2019-09-15,2019091501005940,GDBL,14,48,10,206.00,"2,060.00"
2019-09-15,2019091501005939,GDBL,17,48,713,206.00,"146,878.00"
2019-09-15,2019091501005945,GDBL,40,48,127,205.00,"26,035.00"
2019-09-15,2019091501005944,GDBL,19,48,200,205.00,"41,000.00"
2019-09-15,2019091501005943,GDBL,26,48,200,205.00,"41,000.00"
2019-09-15,2019091501005942,GDBL,42,48,50,205.00,"10,250.00"
2019-09-15,2019091501005941,GDBL,18,48,200,206.00,"41,200.00"
2019-09-15,2019091501006213,GMFBS,58,18,10,475.00,"4,750.00"
2019-09-15,2019091501006170,GMFBS,38,10,80,482.00,"38,560.00"
2019-09-15,2019091501006179,HBL,45,39,10,507.00,"5,070.00"
2019-09-15,2019091501006178,HBL,48,39,40,507.00,"20,280.00"
2019-09-15,2019091501006215,HGI,39,57,10,269.00,"2,690.00"
2019-09-15,2019091501006185,HGI,34,57,100,269.00,"26,900.00"
2019-09-15,2019091501006184,HGI,38,57,50,269.00,"13,450.00"
2019-09-15,2019091501006183,HGI,49,57,500,269.00,"134,500.00"
2019-09-15,2019091501006137,HGI,39,57,20,270.00,"5,400.00"
2019-09-15,2019091501006112,HGI,34,57,"1,000",270.00,"270,000.00"
2019-09-15,2019091501006098,HGI,48,32,70,275.00,"19,250.00"
2019-09-15,2019091501006090,HGI,45,32,20,275.00,"5,500.00"
2019-09-15,2019091501006024,HGI,20,55,135,274.00,"36,990.00"
2019-09-15,2019091501006105,HGI,38,57,50,272.00,"13,600.00"
2019-09-15,2019091501006104,HGI,42,57,50,273.00,"13,650.00"
2019-09-15,2019091501006103,HGI,6,57,30,273.00,"8,190.00"
2019-09-15,2019091501006102,HGI,42,57,200,273.00,"54,600.00"
2019-09-15,2019091501006101,HGI,48,57,50,274.00,"13,700.00"
2019-09-15,2019091501006100,HGI,20,57,65,274.00,"17,810.00"
2019-09-15,2019091501006111,HGI,17,57,100,270.00,"27,000.00"
2019-09-15,2019091501006110,HGI,45,57,16,270.00,"4,320.00"
2019-09-15,2019091501006109,HGI,58,57,100,270.00,"27,000.00"
2019-09-15,2019091501006108,HGI,6,57,100,271.00,"27,100.00"
2019-09-15,2019091501006107,HGI,39,57,26,271.00,"7,046.00"
2019-09-15,2019091501006106,HGI,49,57,200,272.00,"54,400.00"
2019-09-15,2019091501006084,HIDCL,38,38,140,132.00,"18,480.00"
2019-09-15,2019091501006083,HIDCL,55,38,50,132.00,"6,600.00"
2019-09-15,2019091501006082,HIDCL,48,38,300,132.00,"39,600.00"
2019-09-15,2019091501005884,HIDCL,45,7,60,132.00,"7,920.00"
2019-09-15,2019091501006166,ICFC,25,25,100,155.00,"15,500.00"
2019-09-15,2019091501006127,ICFC,56,35,10,156.00,"1,560.00"
2019-09-15,2019091501005761,ILBS,48,48,10,420.00,"4,200.00"
2019-09-15,2019091501005870,JBBL,34,57,30,156.00,"4,680.00"
2019-09-15,2019091501005824,JFL,35,56,20,196.00,"3,920.00"
2019-09-15,2019091501005796,JFL,6,56,110,196.00,"21,560.00"
2019-09-15,2019091501006054,JSLBB,22,47,10,950.00,"9,500.00"
2019-09-15,2019091501006053,JSLBB,22,47,10,951.00,"9,510.00"
2019-09-15,2019091501006081,KBL,49,22,100,182.00,"18,200.00"
2019-09-15,2019091501005917,KBL,36,51,411,181.00,"74,391.00"
2019-09-15,2019091501005890,KBL,46,22,115,182.00,"20,930.00"
2019-09-15,2019091501005889,KBL,46,18,200,182.00,"36,400.00"
2019-09-15,2019091501006148,KKHC,11,48,10,50.00,500.00
2019-09-15,2019091501006147,KKHC,11,51,16,50.00,800.00
2019-09-15,2019091501006146,KKHC,11,44,10,50.00,500.00
2019-09-15,2019091501006145,KKHC,5,52,10,50.00,500.00
2019-09-15,2019091501005967,KSBBL,33,57,"1,000",136.00,"136,000.00"
2019-09-15,2019091501005966,KSBBL,14,57,300,136.00,"40,800.00"
2019-09-15,2019091501005965,KSBBL,34,57,400,136.00,"54,400.00"
2019-09-15,2019091501005964,KSBBL,32,57,500,136.00,"68,000.00"
2019-09-15,2019091501005963,KSBBL,42,57,150,136.00,"20,400.00"
2019-09-15,2019091501005962,KSBBL,29,57,236,137.00,"32,332.00"
2019-09-15,2019091501005958,KSBBL,29,4,50,137.00,"6,850.00"
2019-09-15,2019091501005886,KSBBL,29,25,198,137.00,"27,126.00"
2019-09-15,2019091501006173,LBBL,49,42,42,170.00,"7,140.00"
2019-09-15,2019091501006172,LBBL,7,42,100,170.00,"17,000.00"
2019-09-15,2019091501006171,LBBL,45,42,358,170.00,"60,860.00"
2019-09-15,2019091501006050,LBBL,45,55,280,170.00,"47,600.00"
2019-09-15,2019091501006128,LBL,49,34,500,210.00,"105,000.00"
2019-09-15,2019091501006080,LBL,14,36,100,211.00,"21,100.00"
2019-09-15,2019091501006020,LBL,25,36,20,211.00,"4,220.00"
2019-09-15,2019091501005976,LBL,49,45,"2,000",210.00,"420,000.00"
2019-09-15,2019091501005900,LBL,49,47,50,210.00,"10,500.00"
2019-09-15,2019091501005855,LBL,49,25,"1,290",210.00,"270,900.00"
2019-09-15,2019091501005854,LBL,55,25,24,210.00,"5,040.00"
2019-09-15,2019091501005782,LBL,55,16,169,210.00,"35,490.00"
2019-09-15,2019091501006144,LLBS,6,11,25,684.00,"17,100.00"
2019-09-15,2019091501006026,MBL,57,25,216,247.00,"53,352.00"
2019-09-15,2019091501005911,MBL,42,25,200,247.00,"49,400.00"
2019-09-15,2019091501006211,MEGA,25,7,71,190.00,"13,490.00"
2019-09-15,2019091501005771,MEGA,25,14,50,191.00,"9,550.00"
2019-09-15,2019091501005794,MEGA,42,14,200,191.00,"38,200.00"
2019-09-15,2019091501005790,MEGA,49,14,40,191.00,"7,640.00"
2019-09-15,2019091501005894,MEGA,25,7,71,190.00,"13,490.00"
2019-09-15,2019091501006056,MEGA,38,32,150,191.00,"28,650.00"
2019-09-15,2019091501006055,MEGA,38,14,150,191.00,"28,650.00"
2019-09-15,2019091501006136,MERO,48,33,82,544.00,"44,608.00"
2019-09-15,2019091501006135,MERO,26,33,18,545.00,"9,810.00"
2019-09-15,2019091501006235,MLBL,14,48,600,208.00,"124,800.00"
2019-09-15,2019091501006160,MLBL,26,48,200,208.00,"41,600.00"
2019-09-15,2019091501005919,MLBL,26,6,100,208.00,"20,800.00"
2019-09-15,2019091501005937,MNBBL,38,36,300,303.00,"90,900.00"
2019-09-15,2019091501005909,MNBBL,49,48,28,301.00,"8,428.00"
2019-09-15,2019091501005902,MNBBL,14,48,10,302.00,"3,020.00"
2019-09-15,2019091501005901,MNBBL,11,48,45,302.00,"13,590.00"
2019-09-15,2019091501005799,MNBBL,11,16,29,302.00,"8,758.00"
2019-09-15,2019091501005908,MNBBL,45,48,200,301.00,"60,200.00"
2019-09-15,2019091501005907,MNBBL,34,48,300,301.00,"90,300.00"
2019-09-15,2019091501005906,MNBBL,14,48,240,301.00,"72,240.00"
2019-09-15,2019091501005905,MNBBL,53,48,100,301.00,"30,100.00"
2019-09-15,2019091501005904,MNBBL,52,48,200,302.00,"60,400.00"
2019-09-15,2019091501005903,MNBBL,42,48,60,302.00,"18,120.00"
2019-09-15,2019091501006205,MSMBS,34,38,280,456.00,"127,680.00"
2019-09-15,2019091501006204,MSMBS,32,38,89,457.00,"40,673.00"
2019-09-15,2019091501006203,MSMBS,40,38,50,458.00,"22,900.00"
2019-09-15,2019091501006202,MSMBS,46,38,20,459.00,"9,180.00"
2019-09-15,2019091501006201,MSMBS,40,38,31,460.00,"14,260.00"
2019-09-15,2019091501006200,MSMBS,42,38,30,461.00,"13,830.00"
2019-09-15,2019091501005802,NABIL,16,55,10,762.00,"7,620.00"
2019-09-15,2019091501005801,NABIL,38,55,50,762.00,"38,100.00"
2019-09-15,2019091501005800,NABIL,35,55,40,762.00,"30,480.00"
2019-09-15,2019091501006169,NADEP,50,38,50,417.00,"20,850.00"
2019-09-15,2019091501006018,NBB,56,4,200,207.00,"41,400.00"
2019-09-15,2019091501005972,NBB,56,4,50,207.00,"10,350.00"
2019-09-15,2019091501005762,NBB,56,54,313,208.00,"65,104.00"
2019-09-15,2019091501006072,NBL,10,33,830,310.00,"257,300.00"
2019-09-15,2019091501005961,NBL,1,33,500,310.00,"155,000.00"
2019-09-15,2019091501005960,NBL,35,33,30,310.00,"9,300.00"
2019-09-15,2019091501005959,NBL,57,33,"1,640",310.00,"508,400.00"
2019-09-15,2019091501005812,NBL,38,28,50,311.00,"15,550.00"
2019-09-15,2019091501006019,NCCB,38,51,50,196.00,"9,800.00"
2019-09-15,2019091501005818,NCCB,42,16,200,195.00,"39,000.00"
2019-09-15,2019091501005809,NCCB,38,16,100,195.00,"19,500.00"
2019-09-15,2019091501005808,NCCB,6,16,70,195.00,"13,650.00"
2019-09-15,2019091501005807,NCCB,39,16,200,195.00,"39,000.00"
2019-09-15,2019091501005806,NCCB,32,16,500,195.00,"97,500.00"
2019-09-15,2019091501005805,NCCB,28,16,58,195.00,"11,310.00"
2019-09-15,2019091501006194,NEF,55,32,"1,979",7.65,"15,139.35"
2019-09-15,2019091501005837,NGPL,56,16,11,99.00,"1,089.00"
2019-09-15,2019091501006186,NIB,56,28,10,440.00,"4,400.00"
2019-09-15,2019091501006092,NIB,57,28,30,440.00,"13,200.00"
2019-09-15,2019091501006091,NIB,6,28,540,440.00,"237,600.00"
2019-09-15,2019091501006071,NIB,6,4,100,440.00,"44,000.00"
2019-09-15,2019091501006069,NIB,6,8,500,440.00,"220,000.00"
2019-09-15,2019091501005978,NIB,26,4,17,440.00,"7,480.00"
2019-09-15,2019091501005977,NIB,28,4,33,440.00,"14,520.00"
2019-09-15,2019091501005952,NIB,28,25,17,440.00,"7,480.00"
2019-09-15,2019091501005951,NIB,45,25,15,440.00,"6,600.00"
2019-09-15,2019091501005950,NIB,14,25,86,440.00,"37,840.00"
2019-09-15,2019091501005850,NIB,14,16,14,440.00,"6,160.00"
2019-09-15,2019091501006149,NICA,29,33,35,390.00,"13,650.00"
2019-09-15,2019091501006068,NICL,55,49,622,261.00,"162,342.00"
2019-09-15,2019091501006067,NICL,20,49,200,261.00,"52,200.00"
2019-09-15,2019091501006066,NICL,42,49,200,261.00,"52,200.00"
2019-09-15,2019091501005916,NICL,48,29,200,262.00,"52,400.00"
2019-09-15,2019091501005915,NICL,55,29,300,263.00,"78,900.00"
2019-09-15,2019091501006175,NLBBL,45,33,100,501.00,"50,100.00"
2019-09-15,2019091501006143,NLIC,53,44,22,768.00,"16,896.00"
2019-09-15,2019091501005971,NLIC,53,25,23,768.00,"17,664.00"
2019-09-15,2019091501005957,NLIC,53,56,11,768.00,"8,448.00"
2019-09-15,2019091501005956,NLIC,58,56,10,768.00,"7,680.00"
2019-09-15,2019091501005955,NLIC,57,56,154,768.00,"118,272.00"
2019-09-15,2019091501005923,NLIC,39,33,40,770.00,"30,800.00"
2019-09-15,2019091501005798,NLIC,57,7,22,768.00,"16,896.00"
2019-09-15,2019091501005758,NLIC,34,28,10,770.00,"7,700.00"
2019-09-15,2019091501005757,NLIC,53,28,150,769.00,"115,350.00"
2019-09-15,2019091501005922,NLIC,39,28,160,770.00,"123,200.00"
2019-09-15,2019091501005914,NLIC,57,56,11,768.00,"8,448.00"
2019-09-15,2019091501005875,NLIC,57,16,22,768.00,"16,896.00"
2019-09-15,2019091501005839,NLIC,57,7,22,768.00,"16,896.00"
2019-09-15,2019091501005828,NLIC,57,7,22,768.00,"16,896.00"
2019-09-15,2019091501005817,NLIC,57,7,22,768.00,"16,896.00"
2019-09-15,2019091501005851,NMBMF,45,51,80,"1,010.00","80,800.00"
2019-09-15,2019091501006008,NSEWA,45,39,10,398.00,"3,980.00"
2019-09-15,2019091501005925,NUBL,19,20,50,842.00,"42,100.00"
2019-09-15,2019091501005898,NUBL,49,20,50,840.00,"42,000.00"
2019-09-15,2019091501005891,NUBL,49,38,472,840.00,"396,480.00"
2019-09-15,2019091501005885,OHL,45,36,188,518.00,"97,384.00"
2019-09-15,2019091501006119,PCBL,47,44,50,263.00,"13,150.00"
2019-09-15,2019091501006016,PCBL,40,44,50,263.00,"13,150.00"
2019-09-15,2019091501005895,PCBL,39,16,50,262.00,"13,100.00"
2019-09-15,2019091501005773,PCBL,38,44,200,263.00,"52,600.00"
2019-09-15,2019091501005772,PCBL,18,44,200,263.00,"52,600.00"
2019-09-15,2019091501005954,PFL,13,16,104,132.00,"13,728.00"
2019-09-15,2019091501006168,PIC,8,44,11,378.00,"4,158.00"
2019-09-15,2019091501005975,PIC,45,16,11,378.00,"4,158.00"
2019-09-15,2019091501005843,PIC,44,4,100,380.00,"38,000.00"
2019-09-15,2019091501006051,PLIC,11,16,42,380.00,"15,960.00"
2019-09-15,2019091501006231,PMHPL,21,18,10,96.00,960.00
2019-09-15,2019091501006017,PRIN,28,32,200,300.00,"60,000.00"
2019-09-15,2019091501005874,PRIN,42,32,100,300.00,"30,000.00"
2019-09-15,2019091501005858,PRIN,22,32,500,300.00,"150,000.00"
2019-09-15,2019091501005857,PRIN,25,32,27,300.00,"8,100.00"
2019-09-15,2019091501005856,PRIN,19,32,154,301.00,"46,354.00"
2019-09-15,2019091501006239,PRVU,4,39,500,258.00,"129,000.00"
2019-09-15,2019091501005984,PRVU,4,36,162,258.00,"41,796.00"
2019-09-15,2019091501005983,PRVU,52,36,500,258.00,"129,000.00"
2019-09-15,2019091501005982,PRVU,25,36,50,258.00,"12,900.00"
2019-09-15,2019091501005981,PRVU,43,36,165,258.00,"42,570.00"
2019-09-15,2019091501005980,PRVU,25,36,100,258.00,"25,800.00"
2019-09-15,2019091501005881,PRVU,38,29,677,258.00,"174,666.00"
2019-09-15,2019091501005880,PRVU,57,29,323,258.00,"83,334.00"
2019-09-15,2019091501005979,PRVU,38,36,23,258.00,"5,934.00"
2019-09-15,2019091501006219,RBCLPO,28,33,10,"7,400.00","74,000.00"
2019-09-15,2019091501006218,RBCLPO,16,33,10,"7,400.00","74,000.00"
2019-09-15,2019091501006217,RBCLPO,59,33,10,"7,400.00","74,000.00"
2019-09-15,2019091501006216,RBCLPO,59,33,20,"7,401.00","148,020.00"
2019-09-15,2019091501005883,RBCLPO,59,33,10,"7,405.00","74,050.00"
2019-09-15,2019091501005882,RBCLPO,44,33,10,"7,406.00","74,060.00"
2019-09-15,2019091501006233,RHPL,52,1,40,153.00,"6,120.00"
2019-09-15,2019091501006212,RHPL,52,21,40,153.00,"6,120.00"
2019-09-15,2019091501006210,RHPL,52,38,40,153.00,"6,120.00"
2019-09-15,2019091501006195,RHPL,52,1,40,153.00,"6,120.00"
2019-09-15,2019091501006192,RHPL,52,44,10,153.00,"1,530.00"
2019-09-15,2019091501006191,RHPL,52,21,50,153.00,"7,650.00"
2019-09-15,2019091501005791,RHPL,59,16,10,154.00,"1,540.00"
2019-09-15,2019091501005785,RHPL,52,21,40,153.00,"6,120.00"
2019-09-15,2019091501005766,RHPL,52,21,40,153.00,"6,120.00"
2019-09-15,2019091501005756,RHPL,11,16,20,154.00,"3,080.00"
2019-09-15,2019091501005755,RHPL,11,36,10,154.00,"1,540.00"
2019-09-15,2019091501005892,RHPL,52,21,40,153.00,"6,120.00"
2019-09-15,2019091501005849,RHPL,52,21,40,153.00,"6,120.00"
2019-09-15,2019091501005844,RHPL,52,34,40,153.00,"6,120.00"
2019-09-15,2019091501005829,RHPL,52,21,40,153.00,"6,120.00"
2019-09-15,2019091501005803,RHPL,52,21,40,153.00,"6,120.00"
2019-09-15,2019091501005792,RHPL,59,52,40,154.00,"6,160.00"
2019-09-15,2019091501006040,RHPL,25,49,20,154.00,"3,080.00"
2019-09-15,2019091501006039,RHPL,25,59,40,154.00,"6,160.00"
2019-09-15,2019091501006038,RHPL,25,59,40,154.00,"6,160.00"
2019-09-15,2019091501006037,RHPL,25,52,40,154.00,"6,160.00"
2019-09-15,2019091501005986,RHPL,52,21,40,153.00,"6,120.00"
2019-09-15,2019091501005924,RHPL,52,21,40,153.00,"6,120.00"
2019-09-15,2019091501006113,RHPL,52,21,40,153.00,"6,120.00"
2019-09-15,2019091501006094,RHPL,52,38,40,153.00,"6,120.00"
2019-09-15,2019091501006057,RHPL,52,21,50,153.00,"7,650.00"
2019-09-15,2019091501006044,RHPL,52,51,40,153.00,"6,120.00"
2019-09-15,2019091501006042,RHPL,25,35,340,154.00,"52,360.00"
2019-09-15,2019091501006041,RHPL,25,46,20,154.00,"3,080.00"
2019-09-15,2019091501006182,RHPL,52,38,40,153.00,"6,120.00"
2019-09-15,2019091501006181,RHPL,52,38,10,153.00,"1,530.00"
2019-09-15,2019091501006150,RHPL,52,38,40,153.00,"6,120.00"
2019-09-15,2019091501006124,RHPL,52,48,10,153.00,"1,530.00"
2019-09-15,2019091501006115,RHPL,52,38,40,153.00,"6,120.00"
2019-09-15,2019091501006114,RHPL,52,18,20,153.00,"3,060.00"
2019-09-15,2019091501006152,RMDC,22,42,57,624.00,"35,568.00"
2019-09-15,2019091501005974,RMDC,35,7,15,625.00,"9,375.00"
2019-09-15,2019091501005820,RRHP,47,52,10,103.00,"1,030.00"
2019-09-15,2019091501006036,SABSL,57,21,10,464.00,"4,640.00"
2019-09-15,2019091501005968,SABSL,37,37,10,465.00,"4,650.00"
2019-09-15,2019091501005846,SABSL,37,37,10,465.00,"4,650.00"
2019-09-15,2019091501005783,SABSL,57,44,10,464.00,"4,640.00"
2019-09-15,2019091501006228,SANIMA,14,35,100,350.00,"35,000.00"
2019-09-15,2019091501006226,SANIMA,14,48,182,350.00,"63,700.00"
2019-09-15,2019091501006225,SANIMA,32,48,100,350.00,"35,000.00"
2019-09-15,2019091501006224,SANIMA,11,48,918,350.00,"321,300.00"
2019-09-15,2019091501006221,SANIMA,6,56,30,352.00,"10,560.00"
2019-09-15,2019091501006007,SANIMA,11,4,82,350.00,"28,700.00"
2019-09-15,2019091501006006,SANIMA,58,4,18,351.00,"6,318.00"
2019-09-15,2019091501005990,SANIMA,58,25,82,351.00,"28,782.00"
2019-09-15,2019091501005989,SANIMA,22,25,36,351.00,"12,636.00"
2019-09-15,2019091501006155,SBI,6,52,50,425.00,"21,250.00"
2019-09-15,2019091501006052,SBL,45,57,200,312.00,"62,400.00"
2019-09-15,2019091501006014,SBL,45,53,"1,082",312.00,"337,584.00"
2019-09-15,2019091501006013,SBL,35,53,20,312.00,"6,240.00"
2019-09-15,2019091501006012,SBL,16,53,200,312.00,"62,400.00"
2019-09-15,2019091501005988,SCB,56,22,30,562.00,"16,860.00"
2019-09-15,2019091501005813,SCB,56,33,100,555.00,"55,500.00"
2019-09-15,2019091501006078,SDESI,20,19,87,597.00,"51,939.00"
2019-09-15,2019091501005921,SDESI,20,17,13,597.00,"7,761.00"
2019-09-15,2019091501005920,SDESI,3,17,10,597.00,"5,970.00"
2019-09-15,2019091501006132,SHINE,57,16,61,249.00,"15,189.00"
2019-09-15,2019091501006130,SHIVM,39,35,30,505.00,"15,150.00"
2019-09-15,2019091501006129,SHIVM,48,1,100,506.00,"50,600.00"
2019-09-15,2019091501006061,SHIVM,48,28,50,505.00,"25,250.00"
2019-09-15,2019091501006060,SHIVM,48,28,350,505.00,"176,750.00"
2019-09-15,2019091501005897,SHIVM,6,17,50,503.00,"25,150.00"
2019-09-15,2019091501005819,SHIVM,29,19,50,502.00,"25,100.00"
2019-09-15,2019091501005795,SHIVM,35,35,10,503.00,"5,030.00"
2019-09-15,2019091501006059,SHIVM,48,28,335,505.00,"169,175.00"
2019-09-15,2019091501006034,SHIVM,39,16,50,504.00,"25,200.00"
2019-09-15,2019091501006033,SHIVM,42,16,100,504.00,"50,400.00"
2019-09-15,2019091501005969,SHIVM,42,35,100,504.00,"50,400.00"
2019-09-15,2019091501005949,SHIVM,29,36,150,502.00,"75,300.00"
2019-09-15,2019091501005948,SHIVM,6,36,150,503.00,"75,450.00"
2019-09-15,2019091501006190,SHPC,45,36,490,196.00,"96,040.00"
2019-09-15,2019091501006118,SHPC,56,44,50,198.00,"9,900.00"
2019-09-15,2019091501006117,SHPC,20,44,100,198.00,"19,800.00"
2019-09-15,2019091501006116,SHPC,37,44,"1,000",198.00,"198,000.00"
2019-09-15,2019091501006189,SHPC,17,36,100,196.00,"19,600.00"
2019-09-15,2019091501006188,SHPC,38,36,170,196.00,"33,320.00"
2019-09-15,2019091501006164,SHPC,38,45,30,196.00,"5,880.00"
2019-09-15,2019091501006163,SHPC,42,45,50,197.00,"9,850.00"
2019-09-15,2019091501006162,SHPC,26,45,300,197.00,"59,100.00"
2019-09-15,2019091501006161,SHPC,49,45,100,197.00,"19,700.00"
2019-09-15,2019091501006232,SJCL,10,39,20,164.00,"3,280.00"
2019-09-15,2019091501006223,SJCL,10,38,20,164.00,"3,280.00"
2019-09-15,2019091501006222,SJCL,10,21,20,164.00,"3,280.00"
2019-09-15,2019091501006209,SJCL,10,39,20,164.00,"3,280.00"
2019-09-15,2019091501006206,SJCL,10,21,20,164.00,"3,280.00"
2019-09-15,2019091501005753,SJCL,5,39,20,165.00,"3,300.00"
2019-09-15,2019091501005778,SJCL,5,38,20,165.00,"3,300.00"
2019-09-15,2019091501005777,SJCL,5,39,20,165.00,"3,300.00"
2019-09-15,2019091501005776,SJCL,5,21,20,165.00,"3,300.00"
2019-09-15,2019091501005767,SJCL,5,38,10,165.00,"1,650.00"
2019-09-15,2019091501005754,SJCL,37,37,20,166.00,"3,320.00"
2019-09-15,2019091501005793,SJCL,5,21,20,165.00,"3,300.00"
2019-09-15,2019091501005789,SJCL,5,39,20,165.00,"3,300.00"
2019-09-15,2019091501005787,SJCL,5,38,20,165.00,"3,300.00"
2019-09-15,2019091501005779,SJCL,5,52,20,165.00,"3,300.00"
2019-09-15,2019091501005827,SJCL,51,39,20,165.00,"3,300.00"
2019-09-15,2019091501005825,SJCL,51,38,20,165.00,"3,300.00"
2019-09-15,2019091501005816,SJCL,51,21,20,165.00,"3,300.00"
2019-09-15,2019091501005814,SJCL,51,38,20,165.00,"3,300.00"
2019-09-15,2019091501005804,SJCL,51,39,20,165.00,"3,300.00"
2019-09-15,2019091501005797,SJCL,51,38,20,165.00,"3,300.00"
2019-09-15,2019091501005836,SJCL,48,52,20,165.00,"3,300.00"
2019-09-15,2019091501005835,SJCL,48,38,20,165.00,"3,300.00"
2019-09-15,2019091501005833,SJCL,8,36,100,165.00,"16,500.00"
2019-09-15,2019091501005832,SJCL,59,36,200,165.00,"33,000.00"
2019-09-15,2019091501005831,SJCL,3,36,20,165.00,"3,300.00"
2019-09-15,2019091501005830,SJCL,51,36,180,165.00,"29,700.00"
2019-09-15,2019091501005872,SJCL,48,39,20,165.00,"3,300.00"
2019-09-15,2019091501005871,SJCL,48,21,20,165.00,"3,300.00"
2019-09-15,2019091501005852,SJCL,48,38,10,165.00,"1,650.00"
2019-09-15,2019091501005847,SJCL,48,39,20,165.00,"3,300.00"
2019-09-15,2019091501005845,SJCL,48,38,20,165.00,"3,300.00"
2019-09-15,2019091501005842,SJCL,48,21,20,165.00,"3,300.00"
2019-09-15,2019091501005896,SJCL,48,38,20,165.00,"3,300.00"
2019-09-15,2019091501005893,SJCL,48,34,20,165.00,"3,300.00"
2019-09-15,2019091501005888,SJCL,48,39,20,165.00,"3,300.00"
2019-09-15,2019091501005887,SJCL,48,38,20,165.00,"3,300.00"
2019-09-15,2019091501005873,SJCL,48,38,20,165.00,"3,300.00"
2019-09-15,2019091501005946,SJCL,56,39,20,165.00,"3,300.00"
2019-09-15,2019091501005935,SJCL,56,38,10,165.00,"1,650.00"
2019-09-15,2019091501005913,SJCL,56,38,10,165.00,"1,650.00"
2019-09-15,2019091501005912,SJCL,48,38,10,165.00,"1,650.00"
2019-09-15,2019091501005910,SJCL,48,39,20,165.00,"3,300.00"
2019-09-15,2019091501005899,SJCL,48,21,20,165.00,"3,300.00"
2019-09-15,2019091501005999,SJCL,35,51,20,165.00,"3,300.00"
2019-09-15,2019091501005987,SJCL,35,38,20,165.00,"3,300.00"
2019-09-15,2019091501005973,SJCL,35,38,20,165.00,"3,300.00"
2019-09-15,2019091501005970,SJCL,35,39,20,165.00,"3,300.00"
2019-09-15,2019091501005953,SJCL,35,38,20,165.00,"3,300.00"
2019-09-15,2019091501005947,SJCL,11,21,20,165.00,"3,300.00"
2019-09-15,2019091501006027,SJCL,35,51,20,165.00,"3,300.00"
2019-09-15,2019091501006015,SJCL,35,18,20,165.00,"3,300.00"
2019-09-15,2019091501006011,SJCL,35,51,20,165.00,"3,300.00"
2019-09-15,2019091501006010,SJCL,35,46,20,165.00,"3,300.00"
2019-09-15,2019091501006002,SJCL,35,38,20,165.00,"3,300.00"
2019-09-15,2019091501006001,SJCL,35,21,10,165.00,"1,650.00"
2019-09-15,2019091501006063,SJCL,35,55,500,165.00,"82,500.00"
2019-09-15,2019091501006043,SJCL,35,39,20,165.00,"3,300.00"
2019-09-15,2019091501006032,SJCL,35,49,20,165.00,"3,300.00"
2019-09-15,2019091501006031,SJCL,35,48,10,165.00,"1,650.00"
2019-09-15,2019091501006126,SJCL,35,38,20,165.00,"3,300.00"
2019-09-15,2019091501006125,SJCL,35,21,20,165.00,"3,300.00"
2019-09-15,2019091501006122,SJCL,35,39,20,165.00,"3,300.00"
2019-09-15,2019091501006088,SJCL,35,39,20,165.00,"3,300.00"
2019-09-15,2019091501006070,SJCL,35,39,20,165.00,"3,300.00"
2019-09-15,2019091501006065,SJCL,35,21,20,165.00,"3,300.00"
2019-09-15,2019091501006196,SJCL,35,38,20,165.00,"3,300.00"
2019-09-15,2019091501006176,SJCL,35,39,20,165.00,"3,300.00"
2019-09-15,2019091501006167,SJCL,35,16,20,165.00,"3,300.00"
2019-09-15,2019091501006165,SJCL,35,38,20,165.00,"3,300.00"
2019-09-15,2019091501006140,SJCL,35,39,20,165.00,"3,300.00"
2019-09-15,2019091501006139,SJCL,35,18,20,165.00,"3,300.00"
2019-09-15,2019091501005998,SKBBL,58,44,10,905.00,"9,050.00"
2019-09-15,2019091501005995,SKBBL,42,44,100,905.00,"90,500.00"
2019-09-15,2019091501005994,SKBBL,29,44,200,905.00,"181,000.00"
2019-09-15,2019091501005993,SKBBL,5,44,500,905.00,"452,500.00"
2019-09-15,2019091501005992,SKBBL,54,44,23,910.00,"20,930.00"
2019-09-15,2019091501005936,SKBBL,5,52,50,915.00,"45,750.00"
2019-09-15,2019091501006214,SLBBL,37,33,100,530.00,"53,000.00"
2019-09-15,2019091501005769,SLBBL,49,57,200,532.00,"106,400.00"
2019-09-15,2019091501005768,SLBBL,47,57,200,533.00,"106,600.00"
2019-09-15,2019091501005770,SLBBL,26,57,350,531.00,"185,850.00"
2019-09-15,2019091501005742,SMATA,45,28,50,"1,251.00","62,550.00"
2019-09-15,2019091501005741,SMATA,32,28,40,"1,260.00","50,400.00"
2019-09-15,2019091501005740,SMATA,58,28,50,"1,260.00","63,000.00"
2019-09-15,2019091501005810,SMFBS,34,33,100,786.00,"78,600.00"
2019-09-15,2019091501006062,SPARS,34,45,10,531.00,"5,310.00"
2019-09-15,2019091501005938,SPARS,34,17,10,531.00,"5,310.00"
2019-09-15,2019091501006208,SRBL,22,35,131,225.00,"29,475.00"
2019-09-15,2019091501006138,SWBBL,43,56,100,902.00,"90,200.00"
2019-09-15,2019091501006199,TRH,43,46,100,267.00,"26,700.00"
2019-09-15,2019091501006198,TRH,44,46,"1,000",267.00,"267,000.00"
2019-09-15,2019091501006197,TRH,50,46,298,270.00,"80,460.00"
2019-09-15,2019091501005997,TRH,50,50,10,270.00,"2,700.00"
2019-09-15,2019091501006238,UMHL,40,16,20,101.00,"2,020.00"
2019-09-15,2019091501006230,UPPER,58,56,40,234.00,"9,360.00"
2019-09-15,2019091501006229,UPPER,58,56,20,234.00,"4,680.00"
2019-09-15,2019091501006159,UPPER,56,56,30,234.00,"7,020.00"
2019-09-15,2019091501006158,UPPER,56,56,50,234.00,"11,700.00"
2019-09-15,2019091501006157,UPPER,56,56,50,234.00,"11,700.00"
2019-09-15,2019091501006073,UPPER,44,16,37,233.00,"8,621.00"
2019-09-15,2019091501006030,UPPER,44,18,13,233.00,"3,029.00"
2019-09-15,2019091501006029,UPPER,20,18,27,233.00,"6,291.00"
2019-09-15,2019091501006009,UPPER,20,17,45,233.00,"10,485.00"
2019-09-15,2019091501005853,UPPER,56,39,190,234.00,"44,460.00"
2019-09-15,2019091501006156,UPPER,56,39,70,234.00,"16,380.00"
2019-09-15,2019091501006151,UPPER,48,18,40,233.00,"9,320.00"
2019-09-15,2019091501006077,UPPER,48,16,13,233.00,"3,029.00"
2019-09-15,2019091501006076,UPPER,11,16,200,233.00,"46,600.00"
2019-09-15,2019091501006075,UPPER,59,16,50,233.00,"11,650.00"
2019-09-15,2019091501006074,UPPER,54,16,200,233.00,"46,600.00"
2019-09-15,2019091501006089,VLBS,37,38,38,553.00,"21,014.00"
2019-09-15,2019091501006079,VLBS,37,7,13,552.00,"7,176.00"
2019-09-15,2019091501005760,VLBS,17,38,100,553.00,"55,300.00"
2019-09-15,2019091501005759,VLBS,22,38,15,553.00,"8,295.00"
2019-09-15,2019091501005497,ADBL,4,14,29,413.00,"11,977.00"
2019-09-15,2019091501005496,ADBL,25,14,50,413.00,"20,650.00"
2019-09-15,2019091501005495,ADBL,25,14,90,413.00,"37,170.00"
2019-09-15,2019091501005494,ADBL,38,14,31,414.00,"12,834.00"
2019-09-15,2019091501005432,ADBL,38,51,19,414.00,"7,866.00"
2019-09-15,2019091501005371,ADBL,25,21,10,413.00,"4,130.00"
2019-09-15,2019091501005370,ADBL,17,21,370,413.00,"152,810.00"
2019-09-15,2019091501005732,AKBSL,51,39,10,420.00,"4,200.00"
2019-09-15,2019091501005724,AKBSL,39,52,10,420.00,"4,200.00"
2019-09-15,2019091501005718,AKBSL,39,36,10,420.00,"4,200.00"
2019-09-15,2019091501005705,AKBSL,39,36,10,420.00,"4,200.00"
2019-09-15,2019091501005690,AKBSL,39,36,10,420.00,"4,200.00"
2019-09-15,2019091501005603,AKBSL,39,50,260,420.00,"109,200.00"
2019-09-15,2019091501005499,AKBSL,19,50,30,422.00,"12,660.00"
2019-09-15,2019091501005490,AKBSL,19,8,10,422.00,"4,220.00"
2019-09-15,2019091501005474,AKBSL,19,8,10,422.00,"4,220.00"
2019-09-15,2019091501005445,AKBSL,38,46,10,423.00,"4,230.00"
2019-09-15,2019091501005365,AKBSL,38,36,50,423.00,"21,150.00"
2019-09-15,2019091501005272,AKBSL,38,6,10,423.00,"4,230.00"
2019-09-15,2019091501005602,AKBSL,43,50,30,421.00,"12,630.00"
2019-09-15,2019091501005601,AKBSL,50,50,40,421.00,"16,840.00"
2019-09-15,2019091501005600,AKBSL,38,50,70,421.00,"29,470.00"
2019-09-15,2019091501005519,AKBSL,38,39,10,421.00,"4,210.00"
2019-09-15,2019091501005509,AKBSL,38,39,10,421.00,"4,210.00"
2019-09-15,2019091501005500,AKBSL,43,50,30,422.00,"12,660.00"
2019-09-15,2019091501005425,AKPL,37,16,26,129.00,"3,354.00"
2019-09-15,2019091501005299,ALBSL,57,40,10,419.00,"4,190.00"
2019-09-15,2019091501005728,API,6,35,200,110.00,"22,000.00"
2019-09-15,2019091501005408,API,25,38,50,111.00,"5,550.00"
2019-09-15,2019091501005265,API,43,21,15,109.00,"1,635.00"
2019-09-15,2019091501005471,CBBL,11,34,10,965.00,"9,650.00"
2019-09-15,2019091501005450,CBBL,11,36,20,965.00,"19,300.00"
2019-09-15,2019091501005444,CBBL,42,34,97,965.00,"93,605.00"
2019-09-15,2019091501005723,CBL,42,7,15,141.00,"2,115.00"
2019-09-15,2019091501005722,CBL,8,7,105,141.00,"14,805.00"
2019-09-15,2019091501005721,CBL,20,7,58,141.00,"8,178.00"
2019-09-15,2019091501005682,CBL,20,11,142,141.00,"20,022.00"
2019-09-15,2019091501005681,CBL,33,11,500,141.00,"70,500.00"
2019-09-15,2019091501005680,CBL,58,11,50,141.00,"7,050.00"
2019-09-15,2019091501005667,CBL,13,11,50,142.00,"7,100.00"
2019-09-15,2019091501005666,CBL,39,11,708,142.00,"100,536.00"
2019-09-15,2019091501005456,CBL,39,16,200,142.00,"28,400.00"
2019-09-15,2019091501005443,CBL,39,16,92,142.00,"13,064.00"
2019-09-15,2019091501005442,CBL,54,16,160,142.00,"22,720.00"
2019-09-15,2019091501005426,CBL,45,28,100,143.00,"14,300.00"
2019-09-15,2019091501005673,CBL,59,11,700,141.00,"98,700.00"
2019-09-15,2019091501005672,CBL,54,11,100,141.00,"14,100.00"
2019-09-15,2019091501005671,CBL,56,11,"1,000",141.00,"141,000.00"
2019-09-15,2019091501005670,CBL,45,11,100,142.00,"14,200.00"
2019-09-15,2019091501005669,CBL,39,11,200,142.00,"28,400.00"
2019-09-15,2019091501005668,CBL,44,11,200,142.00,"28,400.00"
2019-09-15,2019091501005679,CBL,34,11,300,141.00,"42,300.00"
2019-09-15,2019091501005678,CBL,13,11,200,141.00,"28,200.00"
2019-09-15,2019091501005677,CBL,48,11,50,141.00,"7,050.00"
2019-09-15,2019091501005676,CBL,45,11,200,141.00,"28,200.00"
2019-09-15,2019091501005675,CBL,43,11,100,141.00,"14,100.00"
2019-09-15,2019091501005674,CBL,59,11,400,141.00,"56,400.00"
2019-09-15,2019091501005644,CCBL,52,39,214,156.00,"33,384.00"
2019-09-15,2019091501005633,CCBL,52,8,267,156.00,"41,652.00"
2019-09-15,2019091501005632,CCBL,49,8,"1,945",156.00,"303,420.00"
2019-09-15,2019091501005615,CCBL,49,38,29,156.00,"4,524.00"
2019-09-15,2019091501005545,CCBL,49,4,50,156.00,"7,800.00"
2019-09-15,2019091501005449,CCBL,49,16,180,156.00,"28,080.00"
2019-09-15,2019091501005297,CHCL,39,37,216,431.00,"93,096.00"
2019-09-15,2019091501005258,CHCL,28,33,188,432.00,"81,216.00"
2019-09-15,2019091501005461,CHL,58,16,10,79.00,790.00
2019-09-15,2019091501005717,CZBIL,51,55,10,218.00,"2,180.00"
2019-09-15,2019091501005659,CZBIL,51,6,11,218.00,"2,398.00"
2019-09-15,2019091501005658,CZBIL,44,6,34,218.00,"7,412.00"
2019-09-15,2019091501005577,CZBIL,44,55,166,218.00,"36,188.00"
2019-09-15,2019091501005576,CZBIL,1,55,290,218.00,"63,220.00"
2019-09-15,2019091501005575,CZBIL,21,55,14,219.00,"3,066.00"
2019-09-15,2019091501005441,CZBIL,21,38,30,219.00,"6,570.00"
2019-09-15,2019091501005434,CZBIL,21,38,136,219.00,"29,784.00"
2019-09-15,2019091501005427,CZBIL,21,38,29,219.00,"6,351.00"
2019-09-15,2019091501005419,CZBIL,21,38,18,219.00,"3,942.00"
2019-09-15,2019091501005642,DBBL,47,38,83,127.00,"10,541.00"
2019-09-15,2019091501005712,DDBL,49,52,137,720.00,"98,640.00"
2019-09-15,2019091501005711,DDBL,49,29,98,718.00,"70,364.00"
2019-09-15,2019091501005283,DHPL,46,39,50,51.00,"2,550.00"
2019-09-15,2019091501005282,DHPL,7,39,59,51.00,"3,009.00"
2019-09-15,2019091501005582,EBL,46,6,100,572.00,"57,200.00"
2019-09-15,2019091501005560,EBL,6,6,30,572.00,"17,160.00"
2019-09-15,2019091501005525,EBL,58,14,"1,000",571.00,"571,000.00"
2019-09-15,2019091501005372,EBL,42,6,106,574.00,"60,844.00"
2019-09-15,2019091501005363,EBL,42,6,394,574.00,"226,156.00"
2019-09-15,2019091501005362,EBL,20,6,100,574.00,"57,400.00"
2019-09-15,2019091501005361,EBL,14,6,50,574.00,"28,700.00"
2019-09-15,2019091501005360,EBL,45,6,100,574.00,"57,400.00"
2019-09-15,2019091501005359,EBL,44,6,23,574.00,"13,202.00"
2019-09-15,2019091501005378,EBL,42,6,30,572.00,"17,160.00"
2019-09-15,2019091501005377,EBL,28,6,100,572.00,"57,200.00"
2019-09-15,2019091501005376,EBL,51,6,10,572.00,"5,720.00"
2019-09-15,2019091501005375,EBL,45,6,20,573.00,"11,460.00"
2019-09-15,2019091501005374,EBL,42,6,200,574.00,"114,800.00"
2019-09-15,2019091501005373,EBL,6,6,40,574.00,"22,960.00"
2019-09-15,2019091501005725,FMDBL,48,1,27,366.00,"9,882.00"
2019-09-15,2019091501005709,FMDBL,16,38,94,367.00,"34,498.00"
2019-09-15,2019091501005518,FMDBL,16,16,13,367.00,"4,771.00"
2019-09-15,2019091501005643,FOWAD,26,26,1,"1,230.00","1,230.00"
2019-09-15,2019091501005314,FOWAD,38,49,50,"1,255.00","62,750.00"
2019-09-15,2019091501005313,FOWAD,47,49,50,"1,255.00","62,750.00"
2019-09-15,2019091501005312,FOWAD,14,49,50,"1,256.00","62,800.00"
2019-09-15,2019091501005311,FOWAD,35,49,20,"1,258.00","25,160.00"
2019-09-15,2019091501005416,GBBL,48,49,995,209.00,"207,955.00"
2019-09-15,2019091501005415,GBBL,6,49,11,209.00,"2,299.00"
2019-09-15,2019091501005350,GBBL,48,34,270,208.00,"56,160.00"
2019-09-15,2019091501005349,GBBL,48,45,220,208.00,"45,760.00"
2019-09-15,2019091501005273,GBBL,48,18,126,207.00,"26,082.00"
2019-09-15,2019091501005555,GBLBS,26,16,45,323.00,"14,535.00"
2019-09-15,2019091501005706,GDBL,17,7,227,206.00,"46,762.00"
2019-09-15,2019091501005573,GDBL,17,16,60,206.00,"12,360.00"
2019-09-15,2019091501005572,GDBL,26,16,28,206.00,"5,768.00"
2019-09-15,2019091501005460,GDBL,26,7,535,206.00,"110,210.00"
2019-09-15,2019091501005384,GDBL,6,48,35,207.00,"7,245.00"
2019-09-15,2019091501005469,GLBSL,52,38,100,430.00,"43,000.00"
2019-09-15,2019091501005468,GLBSL,32,38,40,431.00,"17,240.00"
2019-09-15,2019091501005315,GLBSL,44,40,10,432.00,"4,320.00"
2019-09-15,2019091501005439,HBL,45,6,50,510.00,"25,500.00"
2019-09-15,2019091501005438,HBL,28,6,100,513.00,"51,300.00"
2019-09-15,2019091501005437,HBL,10,6,49,514.00,"25,186.00"
2019-09-15,2019091501005334,HBL,10,57,151,514.00,"77,614.00"
2019-09-15,2019091501005333,HBL,39,57,100,514.00,"51,400.00"
2019-09-15,2019091501005332,HBL,47,57,70,515.00,"36,050.00"
2019-09-15,2019091501005260,HBL,35,42,20,516.00,"10,320.00"
2019-09-15,2019091501005259,HBL,6,42,100,516.00,"51,600.00"
2019-09-15,2019091501005552,HGI,43,50,100,275.00,"27,500.00"
2019-09-15,2019091501005547,HGI,16,50,300,275.00,"82,500.00"
2019-09-15,2019091501005546,HGI,1,50,30,275.00,"8,250.00"
2019-09-15,2019091501005466,HGI,22,50,50,276.00,"13,800.00"
2019-09-15,2019091501005465,HGI,43,50,250,276.00,"69,000.00"
2019-09-15,2019091501005464,HGI,17,50,100,277.00,"27,700.00"
2019-09-15,2019091501005463,HGI,25,50,26,277.00,"7,202.00"
2019-09-15,2019091501005605,HIDCL,45,16,40,132.00,"5,280.00"
