Date,Transact. No.,Symbol,Buyer,Seller,Quantity,Rate,Amount
2019-09-30,2019093001003335,ADBL,49,26,702,415.00,"291,330.00"
2019-09-30,2019093001003332,ADBL,37,26,248,415.00,"102,920.00"
2019-09-30,2019093001003241,AKBSL,34,33,100,411.00,"41,100.00"
2019-09-30,2019093001003226,AKBSL,56,33,70,412.00,"28,840.00"
2019-09-30,2019093001003214,AKBSL,38,38,10,416.00,"4,160.00"
2019-09-30,2019093001003205,AKBSL,56,45,10,412.00,"4,120.00"
2019-09-30,2019093001003186,AKBSL,56,17,10,412.00,"4,120.00"
2019-09-30,2019093001003528,AKPL,45,46,10,140.00,"1,400.00"
2019-09-30,2019093001003073,AKPL,45,1,460,137.00,"63,020.00"
2019-09-30,2019093001003074,AKPL,45,25,10,139.00,"1,390.00"
2019-09-30,2019093001003517,ALBSL,25,39,80,432.00,"34,560.00"
2019-09-30,2019093001003516,ALBSL,25,37,100,431.00,"43,100.00"
2019-09-30,2019093001003515,ALBSL,25,55,20,431.00,"8,620.00"
2019-09-30,2019093001003403,ALBSL,6,6,60,430.00,"25,800.00"
2019-09-30,2019093001003402,ALBSL,6,39,10,429.00,"4,290.00"
2019-09-30,2019093001003304,ALBSL,25,39,190,429.00,"81,510.00"
2019-09-30,2019093001003303,ALBSL,25,42,10,428.00,"4,280.00"
2019-09-30,2019093001003265,ALBSL,48,44,50,427.00,"21,350.00"
2019-09-30,2019093001003209,ALBSL,48,40,10,427.00,"4,270.00"
2019-09-30,2019093001003098,ALBSL,48,45,20,427.00,"8,540.00"
2019-09-30,2019093001003306,ALICL,58,39,125,311.00,"38,875.00"
2019-09-30,2019093001003305,ALICL,58,39,256,311.00,"79,616.00"
2019-09-30,2019093001003268,ALICL,36,39,39,311.00,"12,129.00"
2019-09-30,2019093001003231,ALICL,49,29,50,313.00,"15,650.00"
2019-09-30,2019093001003442,API,51,35,20,114.00,"2,280.00"
2019-09-30,2019093001003383,API,25,35,30,114.00,"3,420.00"
2019-09-30,2019093001003372,API,25,25,20,113.00,"2,260.00"
2019-09-30,2019093001003282,API,53,25,818,111.00,"90,798.00"
2019-09-30,2019093001003281,API,7,25,300,111.00,"33,300.00"
2019-09-30,2019093001003280,API,35,25,82,111.00,"9,102.00"
2019-09-30,2019093001003257,BOKL,16,37,381,255.00,"97,155.00"
2019-09-30,2019093001003507,CBBL,36,42,10,970.00,"9,700.00"
2019-09-30,2019093001003258,CBBL,22,42,50,970.00,"48,500.00"
2019-09-30,2019093001003152,CBBL,49,42,100,970.00,"97,000.00"
2019-09-30,2019093001003532,CBL,43,59,10,144.00,"1,440.00"
2019-09-30,2019093001003111,CBL,16,56,94,143.00,"13,442.00"
2019-09-30,2019093001003374,CCBL,50,48,500,153.00,"76,500.00"
2019-09-30,2019093001003301,CCBL,32,59,182,154.00,"28,028.00"
2019-09-30,2019093001003300,CCBL,32,39,101,154.00,"15,554.00"
2019-09-30,2019093001003299,CCBL,32,34,100,154.00,"15,400.00"
2019-09-30,2019093001003298,CCBL,32,34,"1,000",154.00,"154,000.00"
2019-09-30,2019093001003297,CCBL,32,55,190,154.00,"29,260.00"
2019-09-30,2019093001003296,CCBL,32,34,658,153.00,"100,674.00"
2019-09-30,2019093001003498,CFCL,1,28,"1,000",108.00,"108,000.00"
2019-09-30,2019093001003497,CFCL,39,28,25,108.00,"2,700.00"
2019-09-30,2019093001003496,CFCL,59,28,"1,000",108.00,"108,000.00"
2019-09-30,2019093001003495,CFCL,32,28,80,109.00,"8,720.00"
2019-09-30,2019093001003440,CFCL,32,17,"1,420",109.00,"154,780.00"
2019-09-30,2019093001003439,CFCL,45,17,10,109.00,"1,090.00"
2019-09-30,2019093001003438,CFCL,45,17,10,109.00,"1,090.00"
2019-09-30,2019093001003437,CFCL,39,17,50,110.00,"5,500.00"
2019-09-30,2019093001003436,CFCL,41,17,10,110.00,"1,100.00"
2019-09-30,2019093001003506,CIT,35,25,25,"1,817.00","45,425.00"
2019-09-30,2019093001003370,DDBL,49,39,182,720.00,"131,040.00"
2019-09-30,2019093001003369,DDBL,49,38,200,719.00,"143,800.00"
2019-09-30,2019093001003072,DHPL,8,34,50,55.00,"2,750.00"
2019-09-30,2019093001003071,DHPL,49,34,20,56.00,"1,120.00"
2019-09-30,2019093001003154,EBL,4,44,10,565.00,"5,650.00"
2019-09-30,2019093001003080,EBL,4,40,40,565.00,"22,600.00"
2019-09-30,2019093001003079,EBL,4,42,90,565.00,"50,850.00"
2019-09-30,2019093001003078,EBL,4,44,10,564.00,"5,640.00"
2019-09-30,2019093001003077,EBL,4,21,301,564.00,"169,764.00"
2019-09-30,2019093001003501,FMDBL,32,36,12,376.00,"4,512.00"
2019-09-30,2019093001003480,FMDBL,34,39,50,375.00,"18,750.00"
2019-09-30,2019093001003479,FMDBL,34,22,21,375.00,"7,875.00"
2019-09-30,2019093001003275,FMDBL,42,45,40,374.00,"14,960.00"
2019-09-30,2019093001003270,FMDBL,35,45,25,374.00,"9,350.00"
2019-09-30,2019093001003238,FMDBL,57,45,200,374.00,"74,800.00"
2019-09-30,2019093001003191,FMDBL,43,35,30,375.00,"11,250.00"
2019-09-30,2019093001003237,FMDBL,42,45,12,374.00,"4,488.00"
2019-09-30,2019093001003236,FMDBL,35,45,10,375.00,"3,750.00"
2019-09-30,2019093001003235,FMDBL,41,45,230,375.00,"86,250.00"
2019-09-30,2019093001003225,FMDBL,41,16,100,375.00,"37,500.00"
2019-09-30,2019093001003224,FMDBL,41,17,100,375.00,"37,500.00"
2019-09-30,2019093001003223,FMDBL,41,35,70,375.00,"26,250.00"
2019-09-30,2019093001003467,GBBL,57,40,200,210.00,"42,000.00"
2019-09-30,2019093001003215,GBBL,42,40,100,210.00,"21,000.00"
2019-09-30,2019093001003134,GBLBS,33,45,20,319.00,"6,380.00"
2019-09-30,2019093001003133,GBLBS,33,25,30,318.00,"9,540.00"
2019-09-30,2019093001003132,GBLBS,33,56,15,318.00,"4,770.00"
2019-09-30,2019093001003131,GBLBS,33,36,170,318.00,"54,060.00"
2019-09-30,2019093001003326,GFCL,59,59,50,137.00,"6,850.00"
2019-09-30,2019093001003494,GHL,52,14,30,62.00,"1,860.00"
2019-09-30,2019093001003457,GILB,45,49,15,710.00,"10,650.00"
2019-09-30,2019093001003456,GILB,26,49,85,715.00,"60,775.00"
2019-09-30,2019093001003263,GILB,26,22,20,715.00,"14,300.00"
2019-09-30,2019093001003251,GILB,26,22,20,715.00,"14,300.00"
2019-09-30,2019093001003524,GLBSL,19,50,180,433.00,"77,940.00"
2019-09-30,2019093001003264,GLBSL,19,40,10,430.00,"4,300.00"
2019-09-30,2019093001003059,GLBSL,38,38,10,435.00,"4,350.00"
2019-09-30,2019093001003058,GLBSL,38,38,10,435.00,"4,350.00"
2019-09-30,2019093001003057,GLBSL,38,38,10,435.00,"4,350.00"
2019-09-30,2019093001003056,GLBSL,38,38,10,435.00,"4,350.00"
2019-09-30,2019093001003055,GLBSL,38,38,10,435.00,"4,350.00"
2019-09-30,2019093001003054,GLBSL,38,38,10,435.00,"4,350.00"
2019-09-30,2019093001003053,GLBSL,38,38,10,435.00,"4,350.00"
2019-09-30,2019093001003478,GLICL,17,54,480,356.00,"170,880.00"
2019-09-30,2019093001003477,GLICL,32,54,20,356.00,"7,120.00"
2019-09-30,2019093001003117,GLICL,17,28,40,360.00,"14,400.00"
2019-09-30,2019093001003523,GMFBS,32,33,20,468.00,"9,360.00"
2019-09-30,2019093001003522,GMFBS,32,8,10,465.00,"4,650.00"
2019-09-30,2019093001003521,GMFBS,32,8,10,465.00,"4,650.00"
2019-09-30,2019093001003520,GMFBS,32,8,10,465.00,"4,650.00"
2019-09-30,2019093001003432,GMFBS,38,57,10,460.00,"4,600.00"
2019-09-30,2019093001003252,GMFBS,32,57,10,459.00,"4,590.00"
2019-09-30,2019093001003107,GMFBS,32,40,10,459.00,"4,590.00"
2019-09-30,2019093001003084,GMFBS,32,17,10,459.00,"4,590.00"
2019-09-30,2019093001003115,GMFIL,6,39,163,116.00,"18,908.00"
2019-09-30,2019093001003200,GUFL,13,43,52,109.00,"5,668.00"
2019-09-30,2019093001003468,HIDCL,13,39,500,132.00,"66,000.00"
2019-09-30,2019093001003208,HPPL,22,1,600,145.00,"87,000.00"
2019-09-30,2019093001003202,HPPL,22,1,500,144.00,"72,000.00"
2019-09-30,2019093001003201,HPPL,22,36,180,144.00,"25,920.00"
2019-09-30,2019093001003459,ILBS,38,38,10,424.00,"4,240.00"
2019-09-30,2019093001003458,ILBS,38,38,10,424.00,"4,240.00"
2019-09-30,2019093001003446,ILBS,59,48,10,421.00,"4,210.00"
2019-09-30,2019093001003422,ILBS,38,38,10,424.00,"4,240.00"
2019-09-30,2019093001003421,ILBS,38,38,10,424.00,"4,240.00"
2019-09-30,2019093001003420,ILBS,38,38,10,424.00,"4,240.00"
2019-09-30,2019093001003188,ILBS,43,40,10,420.00,"4,200.00"
2019-09-30,2019093001003051,ILBS,43,17,10,420.00,"4,200.00"
2019-09-30,2019093001003320,ILBS,38,38,10,424.00,"4,240.00"
2019-09-30,2019093001003319,ILBS,38,38,10,424.00,"4,240.00"
2019-09-30,2019093001003318,ILBS,38,38,10,424.00,"4,240.00"
2019-09-30,2019093001003311,ILBS,59,17,10,421.00,"4,210.00"
2019-09-30,2019093001003285,ILBS,59,29,10,421.00,"4,210.00"
2019-09-30,2019093001003269,ILBS,59,40,10,421.00,"4,210.00"
2019-09-30,2019093001003419,ILBS,38,38,10,424.00,"4,240.00"
2019-09-30,2019093001003418,ILBS,38,38,10,424.00,"4,240.00"
2019-09-30,2019093001003344,ILBS,59,40,10,421.00,"4,210.00"
2019-09-30,2019093001003323,ILBS,38,38,10,424.00,"4,240.00"
2019-09-30,2019093001003322,ILBS,38,38,10,424.00,"4,240.00"
2019-09-30,2019093001003321,ILBS,38,38,10,424.00,"4,240.00"
2019-09-30,2019093001003465,JOSHI,32,47,20,57.00,"1,140.00"
2019-09-30,2019093001003464,JOSHI,32,47,20,57.00,"1,140.00"
2019-09-30,2019093001003463,JOSHI,32,47,20,57.00,"1,140.00"
2019-09-30,2019093001003462,JOSHI,32,47,10,57.00,570.00
2019-09-30,2019093001003461,JOSHI,32,47,20,57.00,"1,140.00"
2019-09-30,2019093001003460,JOSHI,32,25,80,57.00,"4,560.00"
2019-09-30,2019093001003118,JSLBB,32,47,10,980.00,"9,800.00"
2019-09-30,2019093001003234,KBL,44,35,200,178.00,"35,600.00"
2019-09-30,2019093001003233,KBL,44,39,"1,000",178.00,"178,000.00"
2019-09-30,2019093001003180,KBL,34,44,250,177.00,"44,250.00"
2019-09-30,2019093001003158,KBL,34,44,500,177.00,"88,500.00"
2019-09-30,2019093001003314,KPCL,56,29,10,78.00,780.00
2019-09-30,2019093001003042,KPCL,56,59,60,76.00,"4,560.00"
2019-09-30,2019093001003097,KPCL,45,59,10,77.00,770.00
2019-09-30,2019093001003096,KPCL,56,59,50,77.00,"3,850.00"
2019-09-30,2019093001003503,KSBBL,14,34,500,142.00,"71,000.00"
2019-09-30,2019093001003502,KSBBL,14,42,190,142.00,"26,980.00"
2019-09-30,2019093001003470,KSBBL,32,42,10,142.00,"1,420.00"
2019-09-30,2019093001003384,KSBBL,50,59,128,140.00,"17,920.00"
2019-09-30,2019093001003399,LBBL,33,4,10,171.00,"1,710.00"
2019-09-30,2019093001003308,LBBL,35,35,50,170.00,"8,500.00"
2019-09-30,2019093001003307,LBBL,35,35,50,170.00,"8,500.00"
2019-09-30,2019093001003527,LBL,32,34,10,215.00,"2,150.00"
2019-09-30,2019093001003367,LBL,1,45,100,214.00,"21,400.00"
2019-09-30,2019093001003151,LBL,25,32,"2,000",214.00,"428,000.00"
2019-09-30,2019093001003150,LBL,25,22,50,212.00,"10,600.00"
2019-09-30,2019093001003149,LBL,25,39,290,212.00,"61,480.00"
2019-09-30,2019093001003519,MBL,57,48,150,220.00,"33,000.00"
2019-09-30,2019093001003518,MBL,33,48,350,220.00,"77,000.00"
2019-09-30,2019093001003483,MBL,33,48,500,220.00,"110,000.00"
2019-09-30,2019093001003505,MEGA,43,46,10,191.00,"1,910.00"
2019-09-30,2019093001003119,MEGA,32,43,110,190.00,"20,900.00"
2019-09-30,2019093001003105,MEGA,33,43,"2,000",190.00,"380,000.00"
2019-09-30,2019093001003189,MEGA,32,43,13,190.00,"2,470.00"
2019-09-30,2019093001003163,MEGA,47,43,25,190.00,"4,750.00"
2019-09-30,2019093001003355,MEGA,45,34,10,190.00,"1,900.00"
2019-09-30,2019093001003354,MEGA,32,34,110,190.00,"20,900.00"
2019-09-30,2019093001003492,MERO,55,21,300,551.00,"165,300.00"
2019-09-30,2019093001003069,MERO,55,38,200,551.00,"110,200.00"
2019-09-30,2019093001003453,MLBL,59,52,10,213.00,"2,130.00"
2019-09-30,2019093001003445,MLBL,59,13,800,212.00,"169,600.00"
2019-09-30,2019093001003444,MLBL,59,59,50,211.00,"10,550.00"
2019-09-30,2019093001003398,MLBL,59,13,200,212.00,"42,400.00"
2019-09-30,2019093001003397,MLBL,59,33,200,212.00,"42,400.00"
2019-09-30,2019093001003390,MLBL,59,4,50,212.00,"10,600.00"
2019-09-30,2019093001003389,MLBL,59,49,150,212.00,"31,800.00"
2019-09-30,2019093001003388,MLBL,59,4,50,212.00,"10,600.00"
2019-09-30,2019093001003387,MLBL,59,17,400,212.00,"84,800.00"
2019-09-30,2019093001003386,MLBL,59,4,100,212.00,"21,200.00"
2019-09-30,2019093001003385,MLBL,59,52,200,212.00,"42,400.00"
2019-09-30,2019093001003396,MLBL,59,4,50,212.00,"10,600.00"
2019-09-30,2019093001003395,MLBL,59,4,150,212.00,"31,800.00"
2019-09-30,2019093001003394,MLBL,59,4,100,212.00,"21,200.00"
2019-09-30,2019093001003393,MLBL,59,4,100,212.00,"21,200.00"
2019-09-30,2019093001003392,MLBL,59,4,50,212.00,"10,600.00"
2019-09-30,2019093001003391,MLBL,59,4,150,212.00,"31,800.00"
2019-09-30,2019093001003199,MNBBL,42,14,20,304.00,"6,080.00"
2019-09-30,2019093001003174,MNBBL,43,14,30,304.00,"9,120.00"
2019-09-30,2019093001003173,MNBBL,43,11,20,304.00,"6,080.00"
2019-09-30,2019093001003095,MSMBS,32,29,10,460.00,"4,600.00"
2019-09-30,2019093001003229,NABIL,34,1,20,760.00,"15,200.00"
2019-09-30,2019093001003228,NABIL,34,34,30,760.00,"22,800.00"
2019-09-30,2019093001003221,NABIL,43,8,214,755.00,"161,570.00"
2019-09-30,2019093001003220,NABIL,43,8,250,756.00,"189,000.00"
2019-09-30,2019093001003219,NABIL,43,8,700,756.00,"529,200.00"
2019-09-30,2019093001003218,NABIL,37,8,64,757.00,"48,448.00"
2019-09-30,2019093001003217,NABIL,50,8,150,758.00,"113,700.00"
2019-09-30,2019093001003216,NABIL,38,8,78,759.00,"59,202.00"
2019-09-30,2019093001003198,NABIL,38,28,32,759.00,"24,288.00"
2019-09-30,2019093001003197,NABIL,38,34,90,759.00,"68,310.00"
2019-09-30,2019093001003466,NADEP,32,29,10,405.00,"4,050.00"
2019-09-30,2019093001003044,NADEP,7,36,100,402.00,"40,200.00"
2019-09-30,2019093001003428,NBB,38,1,500,210.00,"105,000.00"
2019-09-30,2019093001003427,NBB,38,16,90,210.00,"18,900.00"
2019-09-30,2019093001003426,NBB,38,52,100,209.00,"20,900.00"
2019-09-30,2019093001003425,NBB,38,49,300,209.00,"62,700.00"
2019-09-30,2019093001003256,NBB,1,49,100,209.00,"20,900.00"
2019-09-30,2019093001003242,NBB,1,49,100,209.00,"20,900.00"
2019-09-30,2019093001003109,NBB,25,39,"2,000",208.00,"416,000.00"
2019-09-30,2019093001003108,NBB,25,55,200,208.00,"41,600.00"
2019-09-30,2019093001003529,NBL,33,4,10,315.00,"3,150.00"
2019-09-30,2019093001003491,NBL,25,4,410,315.00,"129,150.00"
2019-09-30,2019093001003490,NBL,25,7,"1,000",315.00,"315,000.00"
2019-09-30,2019093001003489,NBL,25,29,500,315.00,"157,500.00"
2019-09-30,2019093001003488,NBL,25,48,100,315.00,"31,500.00"
2019-09-30,2019093001003487,NBL,25,28,"1,000",314.00,"314,000.00"
2019-09-30,2019093001003185,NBL,28,4,278,314.00,"87,292.00"
2019-09-30,2019093001003184,NBL,28,45,"1,270",314.00,"398,780.00"
2019-09-30,2019093001003183,NBL,28,4,452,314.00,"141,928.00"
2019-09-30,2019093001003278,NBL,1,50,"2,000",313.00,"626,000.00"
2019-09-30,2019093001003277,NBL,39,50,"1,000",313.00,"313,000.00"
2019-09-30,2019093001003276,NBL,34,50,"1,000",313.00,"313,000.00"
2019-09-30,2019093001003211,NBL,49,7,500,314.00,"157,000.00"
2019-09-30,2019093001003195,NBL,14,4,500,314.00,"157,000.00"
2019-09-30,2019093001003194,NBL,14,4,222,314.00,"69,708.00"
2019-09-30,2019093001003486,NBL,25,19,500,314.00,"157,000.00"
2019-09-30,2019093001003485,NBL,25,4,490,314.00,"153,860.00"
2019-09-30,2019093001003360,NBL,33,4,10,314.00,"3,140.00"
2019-09-30,2019093001003340,NBL,49,7,250,312.00,"78,000.00"
2019-09-30,2019093001003339,NBL,53,7,500,312.00,"156,000.00"
2019-09-30,2019093001003338,NBL,59,7,250,312.00,"78,000.00"
2019-09-30,2019093001003535,NCCB,58,52,10,199.00,"1,990.00"
2019-09-30,2019093001003534,NCCB,58,34,380,197.00,"74,860.00"
2019-09-30,2019093001003481,NCCB,33,34,10,197.00,"1,970.00"
2019-09-30,2019093001003085,NCCB,37,34,100,197.00,"19,700.00"
2019-09-30,2019093001003050,NCCB,58,34,10,197.00,"1,970.00"
2019-09-30,2019093001003380,NGPL,46,10,"1,000",100.00,"100,000.00"
2019-09-30,2019093001003379,NGPL,46,52,"1,365",100.00,"136,500.00"
2019-09-30,2019093001003114,NGPL,44,52,100,100.00,"10,000.00"
2019-09-30,2019093001003113,NGPL,44,52,900,100.00,"90,000.00"
2019-09-30,2019093001003240,NHPC,14,56,50,54.00,"2,700.00"
2019-09-30,2019093001003250,NIB,21,8,105,444.00,"46,620.00"
2019-09-30,2019093001003249,NIB,21,8,100,443.00,"44,300.00"
2019-09-30,2019093001003378,NIBPO,37,28,150,406.00,"60,900.00"
2019-09-30,2019093001003377,NIBPO,37,39,309,406.00,"125,454.00"
2019-09-30,2019093001003376,NIBPO,37,39,100,406.00,"40,600.00"
2019-09-30,2019093001003375,NIBPO,37,4,440,406.00,"178,640.00"
2019-09-30,2019093001003357,NIBPO,10,4,100,406.00,"40,600.00"
2019-09-30,2019093001003267,NIBPO,32,47,200,406.00,"81,200.00"
2019-09-30,2019093001003348,NIBPO,40,4,200,406.00,"81,200.00"
2019-09-30,2019093001003341,NIBPO,32,4,100,406.00,"40,600.00"
2019-09-30,2019093001003309,NIBPO,32,4,100,406.00,"40,600.00"
2019-09-30,2019093001003302,NIBPO,6,4,30,406.00,"12,180.00"
2019-09-30,2019093001003288,NIBPO,32,4,30,406.00,"12,180.00"
2019-09-30,2019093001003287,NIBPO,32,47,10,406.00,"4,060.00"
2019-09-30,2019093001003493,NICA,36,21,30,378.00,"11,340.00"
2019-09-30,2019093001003430,NICA,34,25,40,377.00,"15,080.00"
2019-09-30,2019093001003429,NICA,44,25,10,377.00,"3,770.00"
2019-09-30,2019093001003182,NICA,33,54,390,376.00,"146,640.00"
2019-09-30,2019093001003181,NICA,34,54,110,377.00,"41,470.00"
2019-09-30,2019093001003179,NICA,10,21,161,378.00,"60,858.00"
2019-09-30,2019093001003178,NICA,10,49,200,378.00,"75,600.00"
2019-09-30,2019093001003177,NICA,10,45,89,378.00,"33,642.00"
2019-09-30,2019093001003176,NICA,10,13,50,378.00,"18,900.00"
2019-09-30,2019093001003140,NICA,34,58,300,377.00,"113,100.00"
2019-09-30,2019093001003139,NICA,34,35,590,377.00,"222,430.00"
2019-09-30,2019093001003104,NICA,34,35,100,377.00,"37,700.00"
2019-09-30,2019093001003371,NICGF,45,57,300,8.15,"2,445.00"
2019-09-30,2019093001003358,NICGF,38,57,100,8.30,830.00
2019-09-30,2019093001003526,NICL,4,56,100,271.00,"27,100.00"
2019-09-30,2019093001003083,NICL,56,1,197,270.00,"53,190.00"
2019-09-30,2019093001003082,NICL,56,43,400,269.00,"107,600.00"
2019-09-30,2019093001003081,NICL,56,38,80,269.00,"21,520.00"
2019-09-30,2019093001003331,NIL,39,21,10,365.00,"3,650.00"
2019-09-30,2019093001003330,NIL,39,38,50,363.00,"18,150.00"
2019-09-30,2019093001003329,NIL,39,55,100,362.00,"36,200.00"
2019-09-30,2019093001003291,NIL,34,51,222,358.00,"79,476.00"
2019-09-30,2019093001003317,NLBBL,34,36,40,496.00,"19,840.00"
2019-09-30,2019093001003313,NLBBL,55,36,10,497.00,"4,970.00"
2019-09-30,2019093001003312,NLBBL,52,36,50,503.00,"25,150.00"
2019-09-30,2019093001003423,NLG,6,57,10,581.00,"5,810.00"
2019-09-30,2019093001003406,NLG,6,6,12,571.00,"6,852.00"
2019-09-30,2019093001003405,NLG,6,28,100,565.00,"56,500.00"
2019-09-30,2019093001003404,NLG,6,39,50,565.00,"28,250.00"
2019-09-30,2019093001003103,NLG,35,39,10,565.00,"5,650.00"
2019-09-30,2019093001003089,NLG,35,28,40,560.00,"22,400.00"
2019-09-30,2019093001003088,NLG,25,28,10,560.00,"5,600.00"
2019-09-30,2019093001003500,NLIC,45,29,10,768.00,"7,680.00"
2019-09-30,2019093001003499,NLIC,45,19,12,760.00,"9,120.00"
2019-09-30,2019093001003473,NLIC,1,14,22,757.00,"16,654.00"
2019-09-30,2019093001003343,NLIC,1,47,480,757.00,"363,360.00"
2019-09-30,2019093001003336,NLIC,54,47,500,757.00,"378,500.00"
2019-09-30,2019093001003255,NLIC,35,47,20,757.00,"15,140.00"
2019-09-30,2019093001003038,NLIC,10,54,500,756.00,"378,000.00"
2019-09-30,2019093001003037,NLIC,10,22,429,756.00,"324,324.00"
2019-09-30,2019093001003514,NLICL,39,6,389,475.00,"184,775.00"
2019-09-30,2019093001003513,NLICL,39,19,11,475.00,"5,225.00"
2019-09-30,2019093001003512,NLICL,39,25,100,472.00,"47,200.00"
2019-09-30,2019093001003043,NLICL,6,25,10,474.00,"4,740.00"
2019-09-30,2019093001003401,NMFBS,56,47,15,"1,680.00","25,200.00"
2019-09-30,2019093001003400,NMFBS,56,52,15,"1,675.00","25,125.00"
2019-09-30,2019093001003525,NNLB,18,18,10,426.00,"4,260.00"
2019-09-30,2019093001003450,NNLB,18,16,40,418.00,"16,720.00"
2019-09-30,2019093001003433,NNLB,32,16,10,418.00,"4,180.00"
2019-09-30,2019093001003533,NTC,32,49,10,616.00,"6,160.00"
2019-09-30,2019093001003469,PCBL,48,13,670,264.00,"176,880.00"
2019-09-30,2019093001003409,PCBL,54,13,100,265.00,"26,500.00"
2019-09-30,2019093001003347,PCBL,48,29,14,264.00,"3,696.00"
2019-09-30,2019093001003048,PCBL,57,43,823,263.00,"216,449.00"
2019-09-30,2019093001003047,PCBL,47,43,19,264.00,"5,016.00"
2019-09-30,2019093001003447,PIC,39,6,50,369.00,"18,450.00"
2019-09-30,2019093001003410,PIC,8,6,100,369.00,"36,900.00"
2019-09-30,2019093001003153,PIC,35,6,64,367.00,"23,488.00"
2019-09-30,2019093001003141,PIC,35,51,49,367.00,"17,983.00"
2019-09-30,2019093001003472,PLIC,57,45,30,324.00,"9,720.00"
2019-09-30,2019093001003471,PLIC,57,37,307,324.00,"99,468.00"
2019-09-30,2019093001003106,PMHPL,45,28,10,89.00,890.00
2019-09-30,2019093001003484,PRIN,4,14,50,315.00,"15,750.00"
2019-09-30,2019093001003356,PRIN,4,25,50,312.00,"15,600.00"
2019-09-30,2019093001003286,PRIN,7,42,100,314.00,"31,400.00"
2019-09-30,2019093001003530,PRVU,36,49,30,263.00,"7,890.00"
2019-09-30,2019093001003207,PRVU,16,21,"1,139",261.00,"297,279.00"
2019-09-30,2019093001003206,PRVU,16,34,51,261.00,"13,311.00"
2019-09-30,2019093001003076,RBCL,18,6,10,"8,350.00","83,500.00"
2019-09-30,2019093001003271,RHPC,48,7,10,83.00,830.00
2019-09-30,2019093001003120,RHPC,48,39,11,82.00,902.00
2019-09-30,2019093001003452,RHPL,40,58,140,160.00,"22,400.00"
2019-09-30,2019093001003350,RHPL,19,40,30,159.00,"4,770.00"
2019-09-30,2019093001003346,RHPL,19,17,30,159.00,"4,770.00"
2019-09-30,2019093001003315,RHPL,19,40,30,159.00,"4,770.00"
2019-09-30,2019093001003284,RHPL,34,40,30,158.00,"4,740.00"
2019-09-30,2019093001003279,RHPL,34,17,30,158.00,"4,740.00"
2019-09-30,2019093001003066,RHPL,41,8,70,160.00,"11,200.00"
2019-09-30,2019093001003065,RHPL,41,50,100,160.00,"16,000.00"
2019-09-30,2019093001003064,RHPL,41,59,40,159.00,"6,360.00"
2019-09-30,2019093001003063,RHPL,41,59,40,159.00,"6,360.00"
2019-09-30,2019093001003062,RHPL,41,34,100,159.00,"15,900.00"
2019-09-30,2019093001003046,RHPL,34,40,30,158.00,"4,740.00"
2019-09-30,2019093001003116,RHPL,34,17,30,158.00,"4,740.00"
2019-09-30,2019093001003112,RHPL,19,45,20,159.00,"3,180.00"
2019-09-30,2019093001003100,RHPL,19,17,30,159.00,"4,770.00"
2019-09-30,2019093001003087,RHPL,41,59,330,160.00,"52,800.00"
2019-09-30,2019093001003068,RHPL,41,59,50,160.00,"8,000.00"
2019-09-30,2019093001003067,RHPL,41,59,40,160.00,"6,400.00"
2019-09-30,2019093001003212,RHPL,34,17,30,158.00,"4,740.00"
2019-09-30,2019093001003192,RHPL,34,40,30,158.00,"4,740.00"
2019-09-30,2019093001003162,RHPL,40,40,30,159.00,"4,770.00"
2019-09-30,2019093001003161,RHPL,40,45,30,159.00,"4,770.00"
2019-09-30,2019093001003147,RHPL,34,17,30,158.00,"4,740.00"
2019-09-30,2019093001003142,RHPL,34,40,30,158.00,"4,740.00"
2019-09-30,2019093001003075,RRHP,47,40,10,102.00,"1,020.00"
2019-09-30,2019093001003434,RSDC,14,44,30,327.00,"9,810.00"
2019-09-30,2019093001003337,SABSL,10,40,10,448.00,"4,480.00"
2019-09-30,2019093001003325,SABSL,10,17,10,448.00,"4,480.00"
2019-09-30,2019093001003213,SABSL,10,57,10,448.00,"4,480.00"
2019-09-30,2019093001003203,SABSL,39,17,10,447.00,"4,470.00"
2019-09-30,2019093001003171,SABSL,38,38,10,452.00,"4,520.00"
2019-09-30,2019093001003170,SABSL,38,38,10,452.00,"4,520.00"
2019-09-30,2019093001003169,SABSL,38,38,10,452.00,"4,520.00"
2019-09-30,2019093001003168,SABSL,38,38,10,452.00,"4,520.00"
2019-09-30,2019093001003167,SABSL,38,38,10,452.00,"4,520.00"
2019-09-30,2019093001003166,SABSL,38,38,10,452.00,"4,520.00"
2019-09-30,2019093001003165,SABSL,38,38,10,452.00,"4,520.00"
2019-09-30,2019093001003164,SABSL,38,38,10,452.00,"4,520.00"
2019-09-30,2019093001003274,SAEF,42,39,800,8.32,"6,656.00"
2019-09-30,2019093001003273,SAEF,42,39,200,8.32,"1,664.00"
2019-09-30,2019093001003451,SANIMA,14,14,500,304.00,"152,000.00"
2019-09-30,2019093001003431,SANIMA,3,6,50,305.00,"15,250.00"
2019-09-30,2019093001003289,SANIMA,36,6,20,305.00,"6,100.00"
2019-09-30,2019093001003248,SANIMA,16,28,100,305.00,"30,500.00"
2019-09-30,2019093001003247,SANIMA,16,44,"1,000",304.00,"304,000.00"
2019-09-30,2019093001003246,SANIMA,16,11,300,304.00,"91,200.00"
2019-09-30,2019093001003143,SANIMA,4,45,30,303.00,"9,090.00"
2019-09-30,2019093001003130,SANIMA,4,44,500,303.00,"151,500.00"
2019-09-30,2019093001003129,SANIMA,41,44,100,303.00,"30,300.00"
2019-09-30,2019093001003128,SANIMA,14,44,400,303.00,"121,200.00"
2019-09-30,2019093001003049,SANIMA,14,44,600,303.00,"181,800.00"
2019-09-30,2019093001003045,SANIMA,11,44,350,303.00,"106,050.00"
2019-09-30,2019093001003441,SBI,4,14,121,396.00,"47,916.00"
2019-09-30,2019093001003417,SBI,4,42,21,396.00,"8,316.00"
2019-09-30,2019093001003416,SBI,22,42,20,397.00,"7,940.00"
2019-09-30,2019093001003196,SBI,29,51,50,398.00,"19,900.00"
2019-09-30,2019093001003125,SBI,21,51,206,398.00,"81,988.00"
2019-09-30,2019093001003124,SBI,21,42,200,397.00,"79,400.00"
2019-09-30,2019093001003123,SBI,21,17,22,397.00,"8,734.00"
2019-09-30,2019093001003510,SBL,25,58,15,328.00,"4,920.00"
2019-09-30,2019093001003373,SBL,3,1,100,329.00,"32,900.00"
2019-09-30,2019093001003349,SBL,25,42,100,328.00,"32,800.00"
2019-09-30,2019093001003443,SCB,20,21,10,569.00,"5,690.00"
2019-09-30,2019093001003412,SCB,13,3,93,570.00,"53,010.00"
2019-09-30,2019093001003411,SCB,13,57,100,570.00,"57,000.00"
2019-09-30,2019093001003210,SCB,13,13,57,569.00,"32,433.00"
2019-09-30,2019093001003193,SCB,45,44,80,568.00,"45,440.00"
2019-09-30,2019093001003138,SHINE,21,6,35,244.00,"8,540.00"
2019-09-30,2019093001003137,SHINE,52,6,50,245.00,"12,250.00"
2019-09-30,2019093001003136,SHINE,43,6,100,246.00,"24,600.00"
2019-09-30,2019093001003135,SHINE,41,6,15,246.00,"3,690.00"
2019-09-30,2019093001003474,SHIVM,45,48,100,550.00,"55,000.00"
2019-09-30,2019093001003455,SHIVM,45,21,100,550.00,"55,000.00"
2019-09-30,2019093001003424,SHIVM,45,50,30,552.00,"16,560.00"
2019-09-30,2019093001003365,SHIVM,45,50,10,552.00,"5,520.00"
2019-09-30,2019093001003364,SHIVM,45,44,20,551.00,"11,020.00"
2019-09-30,2019093001003363,SHIVM,45,3,20,551.00,"11,020.00"
2019-09-30,2019093001003156,SHIVM,45,8,50,551.00,"27,550.00"
2019-09-30,2019093001003155,SHIVM,45,56,100,551.00,"55,100.00"
2019-09-30,2019093001003146,SHIVM,53,57,200,550.00,"110,000.00"
2019-09-30,2019093001003145,SHIVM,53,33,140,550.00,"77,000.00"
2019-09-30,2019093001003144,SHIVM,28,45,300,549.00,"164,700.00"
2019-09-30,2019093001003110,SHIVM,28,13,200,549.00,"109,800.00"
2019-09-30,2019093001003262,SHIVM,4,10,200,548.00,"109,600.00"
2019-09-30,2019093001003261,SHIVM,4,10,500,548.00,"274,000.00"
2019-09-30,2019093001003260,SHIVM,25,10,100,549.00,"54,900.00"
2019-09-30,2019093001003259,SHIVM,28,10,500,549.00,"274,500.00"
2019-09-30,2019093001003222,SHIVM,53,26,200,551.00,"110,200.00"
2019-09-30,2019093001003157,SHIVM,45,22,100,551.00,"55,100.00"
2019-09-30,2019093001003362,SHIVM,45,37,100,551.00,"55,100.00"
2019-09-30,2019093001003361,SHIVM,58,20,50,549.00,"27,450.00"
2019-09-30,2019093001003334,SHIVM,45,3,30,551.00,"16,530.00"
2019-09-30,2019093001003324,SHIVM,45,39,470,551.00,"258,970.00"
2019-09-30,2019093001003310,SHIVM,4,44,100,548.00,"54,800.00"
2019-09-30,2019093001003290,SHIVM,42,38,100,550.00,"55,000.00"
2019-09-30,2019093001003504,SHPC,57,34,100,195.00,"19,500.00"
2019-09-30,2019093001003345,SHPC,28,3,100,194.00,"19,400.00"
2019-09-30,2019093001003041,SHPC,48,3,100,197.00,"19,700.00"
2019-09-30,2019093001003040,SHPC,48,3,100,197.00,"19,700.00"
2019-09-30,2019093001003039,SHPC,48,42,100,196.00,"19,600.00"
2019-09-30,2019093001003435,SIFC,6,35,100,154.00,"15,400.00"
2019-09-30,2019093001003476,SIL,25,37,10,378.00,"3,780.00"
2019-09-30,2019093001003316,SIL,39,10,100,375.00,"37,500.00"
2019-09-30,2019093001003295,SINDU,49,40,160,124.00,"19,840.00"
2019-09-30,2019093001003294,SINDU,49,32,90,124.00,"11,160.00"
2019-09-30,2019093001003160,SINDU,29,40,50,124.00,"6,200.00"
2019-09-30,2019093001003159,SINDU,29,37,50,124.00,"6,200.00"
2019-09-30,2019093001003509,SJCL,59,35,10,175.00,"1,750.00"
2019-09-30,2019093001003449,SJCL,35,41,10,172.00,"1,720.00"
2019-09-30,2019093001003448,SJCL,35,33,20,170.00,"3,400.00"
2019-09-30,2019093001003415,SJCL,59,58,250,166.00,"41,500.00"
2019-09-30,2019093001003414,SJCL,22,58,50,167.00,"8,350.00"
2019-09-30,2019093001003092,SJCL,59,50,365,169.00,"61,685.00"
2019-09-30,2019093001003086,SJCL,59,40,20,166.00,"3,320.00"
2019-09-30,2019093001003052,SJCL,59,17,20,166.00,"3,320.00"
2019-09-30,2019093001003148,SJCL,22,40,20,167.00,"3,340.00"
2019-09-30,2019093001003122,SJCL,22,40,10,167.00,"1,670.00"
2019-09-30,2019093001003121,SJCL,22,45,20,167.00,"3,340.00"
2019-09-30,2019093001003099,SJCL,59,25,500,170.00,"85,000.00"
2019-09-30,2019093001003244,SJCL,16,17,10,167.00,"1,670.00"
2019-09-30,2019093001003243,SJCL,22,17,10,167.00,"1,670.00"
2019-09-30,2019093001003232,SJCL,22,17,20,167.00,"3,340.00"
2019-09-30,2019093001003172,SJCL,22,17,20,167.00,"3,340.00"
2019-09-30,2019093001003328,SJCL,49,40,10,167.00,"1,670.00"
2019-09-30,2019093001003327,SJCL,16,40,10,167.00,"1,670.00"
2019-09-30,2019093001003293,SJCL,16,40,20,167.00,"3,340.00"
2019-09-30,2019093001003292,SJCL,16,17,20,167.00,"3,340.00"
2019-09-30,2019093001003254,SJCL,16,17,20,167.00,"3,340.00"
2019-09-30,2019093001003253,SJCL,16,40,20,167.00,"3,340.00"
2019-09-30,2019093001003413,SJCL,49,58,250,167.00,"41,750.00"
2019-09-30,2019093001003368,SJCL,49,40,20,167.00,"3,340.00"
2019-09-30,2019093001003359,SJCL,49,17,20,167.00,"3,340.00"
2019-09-30,2019093001003342,SJCL,35,58,10,169.00,"1,690.00"
2019-09-30,2019093001003382,SLBBL,42,57,50,530.00,"26,500.00"
2019-09-30,2019093001003381,SLBBL,37,57,50,532.00,"26,600.00"
2019-09-30,2019093001003126,SLBBL,17,47,10,537.00,"5,370.00"
2019-09-30,2019093001003511,SLBSL,45,42,10,671.00,"6,710.00"
2019-09-30,2019093001003454,SLICL,33,44,10,273.00,"2,730.00"
2019-09-30,2019093001003283,SLICL,39,6,"1,000",271.00,"271,000.00"
2019-09-30,2019093001003272,SLICL,57,42,50,270.00,"13,500.00"
2019-09-30,2019093001003266,SLICL,19,6,500,271.00,"135,500.00"
2019-09-30,2019093001003101,SLICL,39,6,600,270.00,"162,000.00"
2019-09-30,2019093001003175,SMFBS,34,40,10,785.00,"7,850.00"
2019-09-30,2019093001003090,SPARS,6,17,10,540.00,"5,400.00"
2019-09-30,2019093001003036,SPARS,45,8,10,545.00,"5,450.00"
2019-09-30,2019093001003408,SPDL,45,39,100,73.00,"7,300.00"
2019-09-30,2019093001003407,SPDL,45,25,100,73.00,"7,300.00"
2019-09-30,2019093001003353,SPDL,45,17,291,72.00,"20,952.00"
2019-09-30,2019093001003352,SPDL,45,28,15,72.00,"1,080.00"
2019-09-30,2019093001003351,SPDL,45,44,29,72.00,"2,088.00"
2019-09-30,2019093001003475,SRBL,1,33,100,231.00,"23,100.00"
2019-09-30,2019093001003093,SRBL,49,43,450,230.00,"103,500.00"
2019-09-30,2019093001003508,SWBBL,1,55,200,906.00,"181,200.00"
2019-09-30,2019093001003070,SWBBL,50,6,50,900.00,"45,000.00"
2019-09-30,2019093001003239,SWBBL,28,56,350,900.00,"315,000.00"
2019-09-30,2019093001003187,SWBBL,49,56,100,900.00,"90,000.00"
2019-09-30,2019093001003091,SWBBL,48,56,50,900.00,"45,000.00"
2019-09-30,2019093001003245,TMDBL,29,59,170,155.00,"26,350.00"
2019-09-30,2019093001003227,TMDBL,29,32,90,153.00,"13,770.00"
2019-09-30,2019093001003204,TMDBL,29,59,30,150.00,"4,500.00"
2019-09-30,2019093001003366,UIC,41,51,100,264.00,"26,400.00"
2019-09-30,2019093001003333,UNHPL,25,34,50,54.00,"2,700.00"
2019-09-30,2019093001003531,UPPER,48,8,50,236.00,"11,800.00"
2019-09-30,2019093001003482,UPPER,48,56,300,236.00,"70,800.00"
2019-09-30,2019093001003230,UPPER,48,56,120,237.00,"28,440.00"
2019-09-30,2019093001003094,UPPER,48,40,50,236.00,"11,800.00"
2019-09-30,2019093001003061,UPPER,48,29,38,238.00,"9,044.00"
2019-09-30,2019093001003060,UPPER,48,58,62,238.00,"14,756.00"
2019-09-30,2019093001003190,UPPER,56,56,80,237.00,"18,960.00"
2019-09-30,2019093001003127,UPPER,16,56,300,237.00,"71,100.00"
2019-09-30,2019093001003102,UPPER,16,51,200,237.00,"47,400.00"
2019-09-30,2019093001002899,ADBL,49,26,500,414.00,"207,000.00"
2019-09-30,2019093001002898,ADBL,49,56,179,414.00,"74,106.00"
2019-09-30,2019093001002697,ADBL,33,56,30,414.00,"12,420.00"
2019-09-30,2019093001002681,ADBL,29,56,39,414.00,"16,146.00"
2019-09-30,2019093001002618,ADBL,37,38,150,413.00,"61,950.00"
2019-09-30,2019093001002617,ADBL,37,19,102,413.00,"42,126.00"
2019-09-30,2019093001003016,AKBSL,56,17,10,412.00,"4,120.00"
2019-09-30,2019093001002964,AKBSL,56,18,40,416.00,"16,640.00"
2019-09-30,2019093001002963,AKBSL,56,6,10,415.00,"4,150.00"
2019-09-30,2019093001002962,AKBSL,56,36,40,415.00,"16,600.00"
2019-09-30,2019093001002961,AKBSL,56,53,10,412.00,"4,120.00"
2019-09-30,2019093001002803,AKBSL,56,7,10,409.00,"4,090.00"
2019-09-30,2019093001002801,AKBSL,56,40,10,409.00,"4,090.00"
2019-09-30,2019093001003034,AKJCL,53,40,10,53.00,530.00
2019-09-30,2019093001002947,AKJCL,53,40,20,53.00,"1,060.00"
2019-09-30,2019093001002893,AKJCL,53,40,10,53.00,530.00
2019-09-30,2019093001002832,AKJCL,53,40,20,53.00,"1,060.00"
2019-09-30,2019093001002748,AKJCL,53,40,10,53.00,530.00
2019-09-30,2019093001002682,AKJCL,35,35,10,54.00,540.00
2019-09-30,2019093001002656,AKJCL,53,40,20,53.00,"1,060.00"
2019-09-30,2019093001002607,AKJCL,53,40,20,53.00,"1,060.00"
2019-09-30,2019093001002593,AKJCL,53,40,10,53.00,530.00
2019-09-30,2019093001002981,AKPL,41,41,99,135.00,"13,365.00"
2019-09-30,2019093001002926,AKPL,45,1,40,137.00,"5,480.00"
2019-09-30,2019093001002925,AKPL,45,28,61,135.00,"8,235.00"
2019-09-30,2019093001002924,AKPL,45,34,99,134.00,"13,266.00"
2019-09-30,2019093001003012,ALBSL,25,42,90,428.00,"38,520.00"
2019-09-30,2019093001002965,ALBSL,48,40,10,427.00,"4,270.00"
2019-09-30,2019093001002936,ALBSL,48,41,10,427.00,"4,270.00"
2019-09-30,2019093001002927,ALBSL,48,34,10,427.00,"4,270.00"
2019-09-30,2019093001002640,ALBSL,25,34,10,425.00,"4,250.00"
2019-09-30,2019093001002582,ALBSL,26,13,10,422.00,"4,220.00"
2019-09-30,2019093001002581,ALBSL,26,38,10,422.00,"4,220.00"
2019-09-30,2019093001002580,ALBSL,26,41,10,422.00,"4,220.00"
2019-09-30,2019093001002579,ALBSL,26,41,10,422.00,"4,220.00"
2019-09-30,2019093001002646,ALBSL,25,52,100,430.00,"43,000.00"
2019-09-30,2019093001002645,ALBSL,25,39,300,427.00,"128,100.00"
2019-09-30,2019093001002644,ALBSL,25,25,10,425.00,"4,250.00"
2019-09-30,2019093001002643,ALBSL,25,45,20,425.00,"8,500.00"
2019-09-30,2019093001002642,ALBSL,25,33,10,425.00,"4,250.00"
2019-09-30,2019093001002641,ALBSL,25,34,10,425.00,"4,250.00"
2019-09-30,2019093001002716,ALBSL,38,38,10,428.00,"4,280.00"
2019-09-30,2019093001002715,ALBSL,38,38,10,428.00,"4,280.00"
2019-09-30,2019093001002714,ALBSL,38,38,10,428.00,"4,280.00"
2019-09-30,2019093001002713,ALBSL,38,38,10,428.00,"4,280.00"
2019-09-30,2019093001002712,ALBSL,38,38,10,428.00,"4,280.00"
2019-09-30,2019093001002647,ALBSL,25,6,40,430.00,"17,200.00"
2019-09-30,2019093001002808,ALBSL,25,7,10,426.00,"4,260.00"
2019-09-30,2019093001002749,ALBSL,38,38,10,428.00,"4,280.00"
2019-09-30,2019093001002742,ALBSL,38,38,10,428.00,"4,280.00"
2019-09-30,2019093001002727,ALBSL,38,38,10,428.00,"4,280.00"
2019-09-30,2019093001002939,ALICL,38,29,100,313.00,"31,300.00"
2019-09-30,2019093001002938,ALICL,41,29,15,313.00,"4,695.00"
2019-09-30,2019093001002922,ALICL,26,29,200,314.00,"62,800.00"
2019-09-30,2019093001002921,ALICL,40,29,50,314.00,"15,700.00"
2019-09-30,2019093001002814,ALICL,48,32,300,315.00,"94,500.00"
2019-09-30,2019093001002631,API,35,25,118,111.00,"13,098.00"
2019-09-30,2019093001002630,API,55,25,"1,000",111.00,"111,000.00"
2019-09-30,2019093001002629,API,26,25,20,111.00,"2,220.00"
2019-09-30,2019093001002628,API,45,25,30,112.00,"3,360.00"
2019-09-30,2019093001002627,API,25,25,500,112.00,"56,000.00"
2019-09-30,2019093001002626,API,58,25,100,112.00,"11,200.00"
2019-09-30,2019093001002625,API,41,25,500,112.00,"56,000.00"
2019-09-30,2019093001002624,API,42,25,32,112.00,"3,584.00"
2019-09-30,2019093001002979,BOKL,16,57,100,255.00,"25,500.00"
2019-09-30,2019093001002978,BOKL,16,35,"1,000",255.00,"255,000.00"
2019-09-30,2019093001002977,BOKL,16,29,300,255.00,"76,500.00"
2019-09-30,2019093001002976,BOKL,16,19,900,255.00,"229,500.00"
2019-09-30,2019093001002975,BOKL,16,39,"1,000",255.00,"255,000.00"
2019-09-30,2019093001002974,BOKL,16,38,100,255.00,"25,500.00"
2019-09-30,2019093001002973,BOKL,16,38,50,254.00,"12,700.00"
2019-09-30,2019093001002972,BOKL,16,1,500,254.00,"127,000.00"
2019-09-30,2019093001002971,BOKL,16,29,145,254.00,"36,830.00"
2019-09-30,2019093001002566,BOKL,16,49,"1,000",253.00,"253,000.00"
2019-09-30,2019093001002565,BOKL,16,13,270,253.00,"68,310.00"
2019-09-30,2019093001002704,BPCL,20,48,100,358.00,"35,800.00"
2019-09-30,2019093001002610,BPCL,55,56,11,357.00,"3,927.00"
2019-09-30,2019093001002609,BPCL,55,58,500,357.00,"178,500.00"
2019-09-30,2019093001002948,CBBL,43,34,47,969.00,"45,543.00"
2019-09-30,2019093001002820,CBL,41,29,197,142.00,"27,974.00"
2019-09-30,2019093001002683,CBL,59,56,100,143.00,"14,300.00"
2019-09-30,2019093001002541,CBL,41,58,168,142.00,"23,856.00"
2019-09-30,2019093001002854,CCBL,59,29,14,152.00,"2,128.00"
2019-09-30,2019093001002853,CCBL,1,29,84,152.00,"12,768.00"
2019-09-30,2019093001002850,CCBL,59,59,1,152.00,152.00
2019-09-30,2019093001002765,CCBL,45,34,342,153.00,"52,326.00"
2019-09-30,2019093001002764,CCBL,45,29,98,153.00,"14,994.00"
2019-09-30,2019093001002600,CCBL,1,58,116,152.00,"17,632.00"
2019-09-30,2019093001002829,CHCL,56,56,49,417.00,"20,433.00"
2019-09-30,2019093001002719,CHCL,14,11,26,416.00,"10,816.00"
2019-09-30,2019093001002718,CHCL,14,21,25,416.00,"10,400.00"
2019-09-30,2019093001002655,CHCL,40,21,275,416.00,"114,400.00"
2019-09-30,2019093001002781,CIT,41,29,11,"1,817.00","19,987.00"
2019-09-30,2019093001003007,CLBSL,57,38,65,472.00,"30,680.00"
2019-09-30,2019093001003006,CLBSL,29,38,10,473.00,"4,730.00"
2019-09-30,2019093001003005,CLBSL,48,38,25,473.00,"11,825.00"
2019-09-30,2019093001003004,CLBSL,57,38,181,474.00,"85,794.00"
2019-09-30,2019093001002753,DBBL,57,58,68,127.00,"8,636.00"
2019-09-30,2019093001002611,EIC,39,49,60,235.00,"14,100.00"
2019-09-30,2019093001002954,FMDBL,42,1,259,373.00,"96,607.00"
2019-09-30,2019093001002953,FMDBL,42,25,64,373.00,"23,872.00"
2019-09-30,2019093001002804,FMDBL,42,7,590,372.00,"219,480.00"
2019-09-30,2019093001002789,FMDBL,14,33,20,371.00,"7,420.00"
2019-09-30,2019093001002788,FMDBL,32,42,30,371.00,"11,130.00"
2019-09-30,2019093001002663,FMDBL,26,7,500,372.00,"186,000.00"
2019-09-30,2019093001002960,FOWAD,1,17,25,"1,265.00","31,625.00"
2019-09-30,2019093001002890,FOWAD,1,19,10,"1,265.00","12,650.00"
2019-09-30,2019093001003011,GBBL,42,42,"1,000",209.00,"209,000.00"
2019-09-30,2019093001003010,GBBL,4,42,500,210.00,"105,000.00"
2019-09-30,2019093001002729,GBBL,42,19,136,209.00,"28,424.00"
2019-09-30,2019093001002872,GILB,26,58,75,715.00,"53,625.00"
2019-09-30,2019093001002731,GLBSL,32,48,200,431.00,"86,200.00"
2019-09-30,2019093001002730,GLBSL,7,48,10,432.00,"4,320.00"
2019-09-30,2019093001002684,GLBSL,38,40,10,432.00,"4,320.00"
2019-09-30,2019093001002659,GLBSL,32,8,10,436.00,"4,360.00"
2019-09-30,2019093001002910,GMFBS,38,38,10,464.00,"4,640.00"
2019-09-30,2019093001002909,GMFBS,38,38,10,464.00,"4,640.00"
2019-09-30,2019093001002908,GMFBS,38,38,10,464.00,"4,640.00"
2019-09-30,2019093001002907,GMFBS,38,38,10,464.00,"4,640.00"
2019-09-30,2019093001002906,GMFBS,38,38,10,464.00,"4,640.00"
2019-09-30,2019093001002905,GMFBS,38,38,10,464.00,"4,640.00"
2019-09-30,2019093001002904,GMFBS,38,38,10,464.00,"4,640.00"
2019-09-30,2019093001002903,GMFBS,38,38,10,464.00,"4,640.00"
2019-09-30,2019093001002902,GMFBS,38,38,10,464.00,"4,640.00"
2019-09-30,2019093001002691,GMFBS,32,40,10,459.00,"4,590.00"
2019-09-30,2019093001002664,GMFBS,32,7,10,459.00,"4,590.00"
2019-09-30,2019093001002775,HGI,59,33,50,270.00,"13,500.00"
2019-09-30,2019093001002692,HPPL,35,35,10,142.00,"1,420.00"
2019-09-30,2019093001002734,HURJA,35,35,20,104.00,"2,080.00"
2019-09-30,2019093001002707,ICFC,57,19,250,155.00,"38,750.00"
2019-09-30,2019093001002706,ICFC,25,19,36,155.00,"5,580.00"
2019-09-30,2019093001002821,IGI,28,52,150,290.00,"43,500.00"
2019-09-30,2019093001002862,ILBS,50,40,10,420.00,"4,200.00"
2019-09-30,2019093001002685,ILBS,50,7,10,420.00,"4,200.00"
2019-09-30,2019093001002578,ILBS,35,35,10,424.00,"4,240.00"
2019-09-30,2019093001003018,JBBL,57,17,87,157.00,"13,659.00"
2019-09-30,2019093001002944,KBL,35,44,750,177.00,"132,750.00"
2019-09-30,2019093001002943,KBL,35,48,"2,000",177.00,"354,000.00"
2019-09-30,2019093001002942,KBL,35,8,250,177.00,"44,250.00"
2019-09-30,2019093001002834,KBL,51,8,50,177.00,"8,850.00"
2019-09-30,2019093001002798,KBL,56,59,64,176.00,"11,264.00"
2019-09-30,2019093001002797,KBL,35,59,50,176.00,"8,800.00"
2019-09-30,2019093001002686,KBL,59,59,479,176.00,"84,304.00"
2019-09-30,2019093001002732,KPCL,39,29,10,75.00,750.00
2019-09-30,2019093001002743,KRBL,33,29,29,101.00,"2,929.00"
2019-09-30,2019093001002690,KRBL,56,29,536,102.00,"54,672.00"
2019-09-30,2019093001002689,KRBL,56,11,100,102.00,"10,200.00"
2019-09-30,2019093001002688,KRBL,56,11,100,102.00,"10,200.00"
2019-09-30,2019093001002864,KSBBL,50,59,150,140.00,"21,000.00"
2019-09-30,2019093001002754,KSBBL,50,29,108,140.00,"15,120.00"
2019-09-30,2019093001002791,LBBL,32,4,500,170.00,"85,000.00"
2019-09-30,2019093001002674,LBBL,42,4,500,170.00,"85,000.00"
2019-09-30,2019093001002673,LBBL,42,35,48,170.00,"8,160.00"
2019-09-30,2019093001002997,LGIL,33,28,100,343.00,"34,300.00"
2019-09-30,2019093001002787,LGIL,55,39,95,345.00,"32,775.00"
2019-09-30,2019093001002660,LGIL,55,39,451,345.00,"155,595.00"
2019-09-30,2019093001002571,LGIL,55,39,67,345.00,"23,115.00"
2019-09-30,2019093001002992,LICN,41,10,10,998.00,"9,980.00"
2019-09-30,2019093001002860,LICN,19,25,40,997.00,"39,880.00"
2019-09-30,2019093001002567,LICN,34,8,31,997.00,"30,907.00"
2019-09-30,2019093001003003,MBL,33,48,150,220.00,"33,000.00"
2019-09-30,2019093001003002,MBL,38,48,100,220.00,"22,000.00"
2019-09-30,2019093001003001,MBL,38,48,200,220.00,"44,000.00"
2019-09-30,2019093001003033,MEGA,46,43,"1,450",190.00,"275,500.00"
2019-09-30,2019093001002544,MEGA,34,43,20,190.00,"3,800.00"
2019-09-30,2019093001002543,MEGA,37,43,"1,000",190.00,"190,000.00"
2019-09-30,2019093001002542,MEGA,14,43,350,190.00,"66,500.00"
2019-09-30,2019093001002652,MEGA,52,43,930,190.00,"176,700.00"
2019-09-30,2019093001002843,MEGA,46,7,55,189.00,"10,395.00"
2019-09-30,2019093001002831,MEGA,42,43,50,190.00,"9,500.00"
2019-09-30,2019093001002818,MEGA,46,7,55,189.00,"10,395.00"
2019-09-30,2019093001002805,MEGA,46,59,44,189.00,"8,316.00"
2019-09-30,2019093001002861,MEGA,34,43,"1,950",190.00,"370,500.00"
2019-09-30,2019093001002858,MEGA,34,59,104,189.00,"19,656.00"
2019-09-30,2019093001002857,MEGA,8,59,50,189.00,"9,450.00"
2019-09-30,2019093001002856,MEGA,46,59,46,189.00,"8,694.00"
2019-09-30,2019093001002912,MEGA,10,6,550,190.00,"104,500.00"
2019-09-30,2019093001002894,MEGA,34,6,50,190.00,"9,500.00"
2019-09-30,2019093001002946,MEGA,55,43,100,190.00,"19,000.00"
2019-09-30,2019093001002945,MEGA,10,43,450,190.00,"85,500.00"
2019-09-30,2019093001002823,MERO,41,32,33,552.00,"18,216.00"
2019-09-30,2019093001002822,MERO,41,32,95,552.00,"52,440.00"
2019-09-30,2019093001002786,MERO,55,40,39,551.00,"21,489.00"
2019-09-30,2019093001002669,MERO,19,36,20,550.00,"11,000.00"
2019-09-30,2019093001002549,MERO,25,40,13,551.00,"7,163.00"
2019-09-30,2019093001002982,MHNL,29,49,30,78.00,"2,340.00"
2019-09-30,2019093001002916,MLBL,59,19,50,211.00,"10,550.00"
2019-09-30,2019093001002915,MLBL,41,19,50,211.00,"10,550.00"
2019-09-30,2019093001002914,MLBL,33,19,153,211.00,"32,283.00"
2019-09-30,2019093001002651,MLBL,33,17,54,211.00,"11,394.00"
2019-09-30,2019093001002650,MLBL,33,49,18,211.00,"3,798.00"
2019-09-30,2019093001002649,MLBL,33,17,75,211.00,"15,825.00"
2019-09-30,2019093001002870,MNBBL,16,14,11,302.00,"3,322.00"
2019-09-30,2019093001002869,MNBBL,56,14,989,302.00,"298,678.00"
2019-09-30,2019093001002847,MNBBL,56,14,11,302.00,"3,322.00"
2019-09-30,2019093001002846,MNBBL,42,14,50,302.00,"15,100.00"
2019-09-30,2019093001002845,MNBBL,57,14,439,302.00,"132,578.00"
2019-09-30,2019093001002745,MPFL,42,48,100,100.00,"10,000.00"
2019-09-30,2019093001002744,MPFL,17,48,10,102.00,"1,020.00"
2019-09-30,2019093001002591,MSLB,10,45,15,900.00,"13,500.00"
2019-09-30,2019093001003009,NABIL,43,13,400,758.00,"303,200.00"
2019-09-30,2019093001002932,NABIL,22,34,10,759.00,"7,590.00"
2019-09-30,2019093001002695,NABIL,37,22,336,757.00,"254,352.00"
2019-09-30,2019093001002668,NABIL,57,22,50,759.00,"37,950.00"
2019-09-30,2019093001002658,NABIL,37,36,100,757.00,"75,700.00"
2019-09-30,2019093001002993,NAGRO,26,29,150,725.00,"108,750.00"
2019-09-30,2019093001002984,NAGRO,26,40,10,725.00,"7,250.00"
2019-09-30,2019093001002849,NAGRO,32,7,10,726.00,"7,260.00"
2019-09-30,2019093001002602,NAGRO,26,49,20,725.00,"14,500.00"
2019-09-30,2019093001002970,NBB,28,38,143,207.00,"29,601.00"
2019-09-30,2019093001002969,NBB,17,38,100,207.00,"20,700.00"
2019-09-30,2019093001002968,NBB,48,38,500,207.00,"103,500.00"
2019-09-30,2019093001002967,NBB,34,38,138,207.00,"28,566.00"
2019-09-30,2019093001002546,NBB,34,14,499,206.00,"102,794.00"
2019-09-30,2019093001002991,NBL,14,4,48,314.00,"15,072.00"
2019-09-30,2019093001002990,NBL,14,43,200,314.00,"62,800.00"
2019-09-30,2019093001002989,NBL,14,44,"1,200",314.00,"376,800.00"
2019-09-30,2019093001002988,NBL,14,4,52,314.00,"16,328.00"
2019-09-30,2019093001002816,NBL,25,44,"2,000",313.00,"626,000.00"
2019-09-30,2019093001002815,NBL,3,44,40,313.00,"12,520.00"
2019-09-30,2019093001002700,NBL,22,45,50,313.00,"15,650.00"
2019-09-30,2019093001002699,NBL,11,45,50,313.00,"15,650.00"
2019-09-30,2019093001002639,NBL,25,4,448,314.00,"140,672.00"
2019-09-30,2019093001002638,NBL,25,4,500,314.00,"157,000.00"
2019-09-30,2019093001002637,NBL,25,1,52,314.00,"16,328.00"
2019-09-30,2019093001002941,NCCB,46,36,300,195.00,"58,500.00"
2019-09-30,2019093001002868,NCCB,21,46,10,194.00,"1,940.00"
2019-09-30,2019093001002825,NCCB,21,28,250,194.00,"48,500.00"
2019-09-30,2019093001002824,NCCB,5,28,20,194.00,"3,880.00"
2019-09-30,2019093001002777,NCCB,5,46,80,194.00,"15,520.00"
2019-09-30,2019093001002776,NCCB,5,46,120,194.00,"23,280.00"
2019-09-30,2019093001002766,NCCB,5,29,80,194.00,"15,520.00"
2019-09-30,2019093001002757,NCCB,38,46,50,196.00,"9,800.00"
2019-09-30,2019093001002756,NCCB,34,46,30,196.00,"5,880.00"
2019-09-30,2019093001002952,NGPL,46,52,100,100.00,"10,000.00"
2019-09-30,2019093001002866,NHPC,53,45,150,53.00,"7,950.00"
2019-09-30,2019093001002785,NHPC,53,45,50,53.00,"2,650.00"
2019-09-30,2019093001002951,NIB,25,17,69,441.00,"30,429.00"
2019-09-30,2019093001002672,NIB,43,55,416,439.00,"182,624.00"
2019-09-30,2019093001002601,NIB,21,47,401,440.00,"176,440.00"
2019-09-30,2019093001002563,NIB,21,13,99,440.00,"43,560.00"
2019-09-30,2019093001002923,NICA,22,35,10,377.00,"3,770.00"
2019-09-30,2019093001002596,NICL,17,38,250,268.00,"67,000.00"
2019-09-30,2019093001002726,NIL,39,51,10,358.00,"3,580.00"
2019-09-30,2019093001002725,NIL,39,37,500,357.00,"178,500.00"
2019-09-30,2019093001002724,NIL,39,47,50,356.00,"17,800.00"
2019-09-30,2019093001002653,NIL,14,28,20,353.00,"7,060.00"
2019-09-30,2019093001002733,NLG,35,58,50,560.00,"28,000.00"
2019-09-30,2019093001003000,NLIC,55,14,200,754.00,"150,800.00"
2019-09-30,2019093001002999,NLIC,37,14,32,754.00,"24,128.00"
2019-09-30,2019093001002884,NLIC,1,17,21,755.00,"15,855.00"
2019-09-30,2019093001002784,NLIC,1,7,22,754.00,"16,588.00"
2019-09-30,2019093001002622,NLIC,37,4,468,754.00,"352,872.00"
2019-09-30,2019093001002621,NLIC,11,4,432,754.00,"325,728.00"
2019-09-30,2019093001002608,NLIC,13,4,200,755.00,"151,000.00"
2019-09-30,2019093001002585,NLIC,16,16,150,755.00,"113,250.00"
2019-09-30,2019093001002548,NLICL,8,58,70,466.00,"32,620.00"
2019-09-30,2019093001002547,NLICL,56,58,30,466.00,"13,980.00"
2019-09-30,2019093001002994,NNLB,18,29,42,416.00,"17,472.00"
2019-09-30,2019093001002559,NSEWA,56,56,10,383.00,"3,830.00"
2019-09-30,2019093001002930,NTC,35,42,90,624.00,"56,160.00"
2019-09-30,2019093001002929,NTC,35,19,10,623.00,"6,230.00"
2019-09-30,2019093001002680,NTC,33,19,10,624.00,"6,240.00"
2019-09-30,2019093001002670,NTC,8,49,10,615.00,"6,150.00"
2019-09-30,2019093001003014,PCBL,47,22,281,264.00,"74,184.00"
2019-09-30,2019093001002882,PCBL,57,43,440,263.00,"115,720.00"
2019-09-30,2019093001002881,PCBL,49,43,50,263.00,"13,150.00"
2019-09-30,2019093001002880,PCBL,22,43,200,263.00,"52,600.00"
2019-09-30,2019093001002879,PCBL,38,43,19,263.00,"4,997.00"
2019-09-30,2019093001002878,PCBL,48,43,60,264.00,"15,840.00"
2019-09-30,2019093001002877,PCBL,1,43,31,264.00,"8,184.00"
2019-09-30,2019093001002780,PCBL,47,43,100,265.00,"26,500.00"
2019-09-30,2019093001002671,PCBL,5,43,58,265.00,"15,370.00"
2019-09-30,2019093001002661,PCBL,1,5,58,264.00,"15,312.00"
2019-09-30,2019093001002711,PIC,35,6,931,366.00,"340,746.00"
2019-09-30,2019093001002710,PIC,8,6,69,366.00,"25,254.00"
2019-09-30,2019093001002678,PIC,8,6,931,366.00,"340,746.00"
2019-09-30,2019093001002677,PIC,48,6,12,366.00,"4,392.00"
2019-09-30,2019093001002676,PIC,26,6,57,366.00,"20,862.00"
2019-09-30,2019093001002599,PIC,35,35,11,367.00,"4,037.00"
2019-09-30,2019093001002741,PICL,6,53,15,440.00,"6,600.00"
2019-09-30,2019093001002648,PICL,6,26,323,432.00,"139,536.00"
2019-09-30,2019093001002819,PLIC,19,37,93,324.00,"30,132.00"
2019-09-30,2019093001002937,PMHPL,10,28,10,88.00,880.00
2019-09-30,2019093001002837,PMHPL,10,28,10,88.00,880.00
2019-09-30,2019093001002657,PMHPL,35,35,10,88.00,880.00
2019-09-30,2019093001002958,PRIN,38,48,300,309.00,"92,700.00"
2019-09-30,2019093001002957,PRIN,38,32,50,309.00,"15,450.00"
2019-09-30,2019093001002956,PRIN,38,57,100,309.00,"30,900.00"
2019-09-30,2019093001002955,PRIN,38,36,80,309.00,"24,720.00"
2019-09-30,2019093001002874,PRIN,58,36,20,309.00,"6,180.00"
2019-09-30,2019093001002807,PRIN,44,28,400,307.00,"122,800.00"
2019-09-30,2019093001002783,PRIN,7,28,100,307.00,"30,700.00"
2019-09-30,2019093001002545,PRIN,44,36,348,305.00,"106,140.00"
2019-09-30,2019093001002919,PRVU,44,41,924,260.00,"240,240.00"
2019-09-30,2019093001002918,PRVU,55,41,76,260.00,"19,760.00"
2019-09-30,2019093001002895,PRVU,55,45,24,260.00,"6,240.00"
2019-09-30,2019093001002871,PRVU,20,45,600,260.00,"156,000.00"
2019-09-30,2019093001002863,PRVU,56,45,"1,000",260.00,"260,000.00"
2019-09-30,2019093001002841,PRVU,20,45,"1,000",260.00,"260,000.00"
2019-09-30,2019093001002636,PRVU,41,45,"2,000",260.00,"520,000.00"
2019-09-30,2019093001002635,PRVU,3,45,200,260.00,"52,000.00"
2019-09-30,2019093001002634,PRVU,56,45,"1,000",260.00,"260,000.00"
2019-09-30,2019093001002633,PRVU,57,45,100,260.00,"26,000.00"
2019-09-30,2019093001002632,PRVU,10,45,76,260.00,"19,760.00"
2019-09-30,2019093001002950,RADHI,19,28,11,132.00,"1,452.00"
2019-09-30,2019093001003020,RHPL,34,17,30,158.00,"4,740.00"
2019-09-30,2019093001002996,RHPL,34,40,30,158.00,"4,740.00"
2019-09-30,2019093001002995,RHPL,34,17,30,158.00,"4,740.00"
2019-09-30,2019093001002980,RHPL,34,47,30,158.00,"4,740.00"
2019-09-30,2019093001002966,RHPL,34,17,30,158.00,"4,740.00"
2019-09-30,2019093001002897,RHPL,34,17,30,158.00,"4,740.00"
2019-09-30,2019093001002583,RHPL,58,40,20,158.00,"3,160.00"
2019-09-30,2019093001002572,RHPL,58,56,10,158.00,"1,580.00"
2019-09-30,2019093001002561,RHPL,58,46,20,158.00,"3,160.00"
2019-09-30,2019093001002693,RHPL,52,7,10,157.00,"1,570.00"
2019-09-30,2019093001002662,RHPL,52,40,30,157.00,"4,710.00"
2019-09-30,2019093001002623,RHPL,52,40,30,157.00,"4,710.00"
2019-09-30,2019093001002606,RHPL,17,19,300,158.00,"47,400.00"
2019-09-30,2019093001002595,RHPL,52,40,30,157.00,"4,710.00"
2019-09-30,2019093001002584,RHPL,56,40,10,158.00,"1,580.00"
2019-09-30,2019093001002806,RHPL,34,40,30,158.00,"4,740.00"
2019-09-30,2019093001002796,RHPL,34,43,20,158.00,"3,160.00"
2019-09-30,2019093001002755,RHPL,52,40,30,157.00,"4,710.00"
2019-09-30,2019093001002717,RHPL,41,19,320,158.00,"50,560.00"
2019-09-30,2019093001002709,RHPL,52,40,20,157.00,"3,140.00"
2019-09-30,2019093001002694,RHPL,52,40,30,157.00,"4,710.00"
2019-09-30,2019093001002896,RHPL,34,40,30,158.00,"4,740.00"
2019-09-30,2019093001002891,RHPL,34,7,10,158.00,"1,580.00"
2019-09-30,2019093001002876,RHPL,34,17,30,158.00,"4,740.00"
2019-09-30,2019093001002875,RHPL,34,40,30,158.00,"4,740.00"
2019-09-30,2019093001002836,RHPL,34,40,30,158.00,"4,740.00"
2019-09-30,2019093001002833,RHPL,34,7,10,158.00,"1,580.00"
2019-09-30,2019093001002568,RLFL,1,42,500,110.00,"55,000.00"
2019-09-30,2019093001002873,RMDC,53,57,57,600.00,"34,200.00"
2019-09-30,2019093001002762,RMDC,53,58,20,600.00,"12,000.00"
2019-09-30,2019093001002761,RMDC,53,38,200,600.00,"120,000.00"
2019-09-30,2019093001002760,RMDC,53,33,200,600.00,"120,000.00"
2019-09-30,2019093001002759,RMDC,53,8,205,599.00,"122,795.00"
2019-09-30,2019093001002844,RRHP,47,40,10,102.00,"1,020.00"
2019-09-30,2019093001002616,RRHP,47,40,10,102.00,"1,020.00"
2019-09-30,2019093001002594,RRHP,47,39,10,102.00,"1,020.00"
2019-09-30,2019093001002851,RSDC,34,33,77,327.00,"25,179.00"
2019-09-30,2019093001002790,RSDC,36,36,7,328.00,"2,296.00"
2019-09-30,2019093001002702,RSDC,33,44,53,328.00,"17,384.00"
2019-09-30,2019093001002598,RSDC,34,58,20,327.00,"6,540.00"
2019-09-30,2019093001002597,RSDC,34,45,33,327.00,"10,791.00"
2019-09-30,2019093001002928,SABSL,10,17,10,447.00,"4,470.00"
2019-09-30,2019093001002892,SABSL,10,17,10,447.00,"4,470.00"
2019-09-30,2019093001002865,SABSL,57,53,50,450.00,"22,500.00"
2019-09-30,2019093001002817,SABSL,10,40,10,447.00,"4,470.00"
2019-09-30,2019093001002605,SADBL,59,53,100,140.00,"14,000.00"
2019-09-30,2019093001002842,SANIMA,51,44,50,303.00,"15,150.00"
2019-09-30,2019093001002813,SANIMA,16,44,323,302.00,"97,546.00"
2019-09-30,2019093001002779,SANIMA,11,44,117,302.00,"35,334.00"
2019-09-30,2019093001002666,SANIMA,35,25,100,303.00,"30,300.00"
2019-09-30,2019093001002665,SANIMA,35,13,600,303.00,"181,800.00"
2019-09-30,2019093001002590,SANIMA,11,41,928,302.00,"280,256.00"
2019-09-30,2019093001002589,SANIMA,11,42,502,302.00,"151,604.00"
2019-09-30,2019093001002586,SANIMA,17,42,117,302.00,"35,334.00"
2019-09-30,2019093001002949,SBI,11,26,56,396.00,"22,176.00"
2019-09-30,2019093001002587,SBI,17,26,24,396.00,"9,504.00"
2019-09-30,2019093001002576,SBI,17,57,84,395.00,"33,180.00"
2019-09-30,2019093001002575,SBI,17,1,290,395.00,"114,550.00"
2019-09-30,2019093001002574,SBI,17,39,40,395.00,"15,800.00"
2019-09-30,2019093001002560,SBI,21,26,100,394.00,"39,400.00"
2019-09-30,2019093001002558,SBI,21,39,400,394.00,"157,600.00"
2019-09-30,2019093001002540,SBI,21,39,50,394.00,"19,700.00"
2019-09-30,2019093001003025,SBL,25,19,302,328.00,"99,056.00"
2019-09-30,2019093001003024,SBL,25,1,195,328.00,"63,960.00"
2019-09-30,2019093001003023,SBL,1,1,100,328.00,"32,800.00"
2019-09-30,2019093001003022,SBL,22,1,30,328.00,"9,840.00"
2019-09-30,2019093001002985,SBL,22,14,70,328.00,"22,960.00"
2019-09-30,2019093001002889,SBL,58,14,16,328.00,"5,248.00"
2019-09-30,2019093001002793,SBL,37,19,100,327.00,"32,700.00"
2019-09-30,2019093001002792,SBL,50,19,230,327.00,"75,210.00"
2019-09-30,2019093001002667,SBL,50,11,405,327.00,"132,435.00"
2019-09-30,2019093001002888,SBL,58,43,100,328.00,"32,800.00"
2019-09-30,2019093001002887,SBL,58,5,84,328.00,"27,552.00"
2019-09-30,2019093001002852,SBL,42,5,80,328.00,"26,240.00"
2019-09-30,2019093001002835,SBL,25,10,18,327.00,"5,886.00"
2019-09-30,2019093001002795,SBL,25,19,366,327.00,"119,682.00"
2019-09-30,2019093001002794,SBL,25,19,300,327.00,"98,100.00"
2019-09-30,2019093001002940,SCB,20,44,16,568.00,"9,088.00"
2019-09-30,2019093001002679,SCB,20,1,85,565.00,"48,025.00"
2019-09-30,2019093001002612,SCB,20,45,400,565.00,"226,000.00"
2019-09-30,2019093001002728,SDESI,45,45,11,610.00,"6,710.00"
2019-09-30,2019093001002751,SHINE,41,34,85,246.00,"20,910.00"
2019-09-30,2019093001002774,SHIVM,50,45,500,551.00,"275,500.00"
2019-09-30,2019093001002773,SHIVM,50,42,"1,000",551.00,"551,000.00"
2019-09-30,2019093001002772,SHIVM,50,25,225,550.00,"123,750.00"
2019-09-30,2019093001002771,SHIVM,50,17,100,550.00,"55,000.00"
2019-09-30,2019093001002770,SHIVM,50,22,450,549.00,"247,050.00"
2019-09-30,2019093001002769,SHIVM,50,25,60,548.00,"32,880.00"
2019-09-30,2019093001002768,SHIVM,50,45,210,548.00,"115,080.00"
2019-09-30,2019093001002767,SHIVM,50,42,300,547.00,"164,100.00"
2019-09-30,2019093001002746,SHIVM,56,25,100,546.00,"54,600.00"
2019-09-30,2019093001002620,SHIVM,57,22,45,546.00,"24,570.00"
2019-09-30,2019093001002588,SHIVM,36,22,100,545.00,"54,500.00"
2019-09-30,2019093001002935,SHPC,48,3,100,194.00,"19,400.00"
2019-09-30,2019093001002934,SHPC,48,3,100,194.00,"19,400.00"
2019-09-30,2019093001002933,SHPC,48,3,100,193.00,"19,300.00"
2019-09-30,2019093001002840,SHPC,48,3,600,191.00,"114,600.00"
2019-09-30,2019093001002839,SHPC,48,22,235,191.00,"44,885.00"
2019-09-30,2019093001002838,SHPC,48,34,50,189.00,"9,450.00"
2019-09-30,2019093001002802,SHPC,45,49,598,188.00,"112,424.00"
2019-09-30,2019093001002570,SHPC,48,49,100,188.00,"18,800.00"
2019-09-30,2019093001002569,SHPC,48,34,100,188.00,"18,800.00"
2019-09-30,2019093001002830,SIL,25,37,10,378.00,"3,780.00"
2019-09-30,2019093001003030,SJCL,41,50,295,169.00,"49,855.00"
2019-09-30,2019093001003029,SJCL,41,36,210,168.00,"35,280.00"
2019-09-30,2019093001003028,SJCL,41,50,55,168.00,"9,240.00"
2019-09-30,2019093001003027,SJCL,41,19,20,167.00,"3,340.00"
2019-09-30,2019093001003026,SJCL,41,47,30,167.00,"5,010.00"
2019-09-30,2019093001002539,SJCL,45,29,20,165.00,"3,300.00"
2019-09-30,2019093001002552,SJCL,26,39,20,166.00,"3,320.00"
2019-09-30,2019093001002551,SJCL,26,39,20,166.00,"3,320.00"
2019-09-30,2019093001002550,SJCL,26,56,10,166.00,"1,660.00"
2019-09-30,2019093001002564,SJCL,45,46,20,165.00,"3,300.00"
2019-09-30,2019093001002557,SJCL,26,39,10,166.00,"1,660.00"
2019-09-30,2019093001002556,SJCL,26,39,10,166.00,"1,660.00"
2019-09-30,2019093001002555,SJCL,26,39,10,166.00,"1,660.00"
2019-09-30,2019093001002554,SJCL,26,39,10,166.00,"1,660.00"
2019-09-30,2019093001002553,SJCL,26,39,10,166.00,"1,660.00"
2019-09-30,2019093001002708,SJCL,45,42,20,165.00,"3,300.00"
2019-09-30,2019093001002696,SJCL,29,7,10,166.00,"1,660.00"
2019-09-30,2019093001002615,SJCL,32,47,30,167.00,"5,010.00"
2019-09-30,2019093001002614,SJCL,32,40,20,166.00,"3,320.00"
2019-09-30,2019093001002613,SJCL,32,40,20,166.00,"3,320.00"
2019-09-30,2019093001002740,SJCL,41,40,20,166.00,"3,320.00"
2019-09-30,2019093001002739,SJCL,41,39,10,166.00,"1,660.00"
2019-09-30,2019093001002738,SJCL,41,40,20,166.00,"3,320.00"
2019-09-30,2019093001002737,SJCL,41,40,20,166.00,"3,320.00"
2019-09-30,2019093001002736,SJCL,41,39,10,166.00,"1,660.00"
2019-09-30,2019093001002735,SJCL,41,40,20,166.00,"3,320.00"
2019-09-30,2019093001002799,SJCL,41,39,10,166.00,"1,660.00"
2019-09-30,2019093001002763,SJCL,41,43,20,166.00,"3,320.00"
2019-09-30,2019093001002758,SJCL,41,40,20,166.00,"3,320.00"
2019-09-30,2019093001002752,SJCL,41,56,10,166.00,"1,660.00"
2019-09-30,2019093001002750,SJCL,56,47,10,167.00,"1,670.00"
2019-09-30,2019093001002747,SJCL,41,39,10,166.00,"1,660.00"
2019-09-30,2019093001002827,SJCL,41,7,10,166.00,"1,660.00"
2019-09-30,2019093001002826,SJCL,41,40,20,166.00,"3,320.00"
2019-09-30,2019093001002867,SJCL,41,7,10,166.00,"1,660.00"
2019-09-30,2019093001002848,SJCL,41,40,20,166.00,"3,320.00"
2019-09-30,2019093001002913,SJCL,41,40,20,166.00,"3,320.00"
2019-09-30,2019093001002911,SJCL,41,17,20,166.00,"3,320.00"
2019-09-30,2019093001002885,SJCL,41,17,20,166.00,"3,320.00"
2019-09-30,2019093001002883,SJCL,41,40,20,166.00,"3,320.00"
2019-09-30,2019093001003013,SJCL,41,40,20,166.00,"3,320.00"
2019-09-30,2019093001003008,SJCL,41,17,20,166.00,"3,320.00"
2019-09-30,2019093001002986,SJCL,41,47,20,166.00,"3,320.00"
2019-09-30,2019093001002983,SJCL,41,17,20,166.00,"3,320.00"
2019-09-30,2019093001003017,SLBSL,54,49,10,658.00,"6,580.00"
2019-09-30,2019093001002886,SLBSL,43,33,80,659.00,"52,720.00"
2019-09-30,2019093001002987,SLICL,45,6,300,270.00,"81,000.00"
2019-09-30,2019093001002809,SLICL,4,6,100,270.00,"27,000.00"
2019-09-30,2019093001002998,SMB,45,49,10,414.00,"4,140.00"
2019-09-30,2019093001002959,SMFBS,34,49,10,785.00,"7,850.00"
2019-09-30,2019093001002859,SMFBS,34,7,10,785.00,"7,850.00"
2019-09-30,2019093001003035,SPARS,45,29,40,544.00,"21,760.00"
2019-09-30,2019093001002920,SPARS,6,40,10,540.00,"5,400.00"
2019-09-30,2019093001002917,SPARS,6,17,10,540.00,"5,400.00"
2019-09-30,2019093001002812,SPARS,38,38,10,543.00,"5,430.00"
2019-09-30,2019093001002811,SPARS,38,38,10,543.00,"5,430.00"
2019-09-30,2019093001002810,SPARS,38,38,10,543.00,"5,430.00"
2019-09-30,2019093001002592,SPDL,45,46,15,69.00,"1,035.00"
2019-09-30,2019093001003032,SRBL,50,43,500,230.00,"115,000.00"
2019-09-30,2019093001003031,SRBL,41,43,50,230.00,"11,500.00"
2019-09-30,2019093001002703,SRBL,14,1,60,230.00,"13,800.00"
2019-09-30,2019093001002687,SRBL,17,1,100,230.00,"23,000.00"
2019-09-30,2019093001002619,SRBL,50,1,50,230.00,"11,500.00"
2019-09-30,2019093001002603,SRBL,50,1,150,230.00,"34,500.00"
2019-09-30,2019093001002577,SRBL,49,1,100,230.00,"23,000.00"
2019-09-30,2019093001002537,SRBL,22,58,486,229.00,"111,294.00"
2019-09-30,2019093001002536,SRBL,49,58,50,229.00,"11,450.00"
2019-09-30,2019093001002705,TMDBL,44,59,30,148.00,"4,440.00"
2019-09-30,2019093001002573,UMHL,36,46,14,102.00,"1,428.00"
2019-09-30,2019093001002800,UPCL,22,29,10,77.00,770.00
2019-09-30,2019093001003021,UPPER,48,33,100,238.00,"23,800.00"
2019-09-30,2019093001003019,UPPER,48,40,50,236.00,"11,800.00"
2019-09-30,2019093001003015,UPPER,48,28,40,235.00,"9,400.00"
2019-09-30,2019093001002931,UPPER,48,40,50,235.00,"11,750.00"
2019-09-30,2019093001002901,UPPER,48,33,400,238.00,"95,200.00"
2019-09-30,2019093001002900,UPPER,48,56,100,237.00,"23,700.00"
2019-09-30,2019093001002675,UPPER,45,40,40,234.00,"9,360.00"
2019-09-30,2019093001002654,UPPER,45,40,50,234.00,"11,700.00"
2019-09-30,2019093001002604,UPPER,55,40,40,233.00,"9,320.00"
2019-09-30,2019093001002562,UPPER,48,45,"1,800",235.00,"423,000.00"
2019-09-30,2019093001002538,UPPER,48,33,100,234.00,"23,400.00"
2019-09-30,2019093001002723,UPPER,48,59,300,237.00,"71,100.00"
2019-09-30,2019093001002722,UPPER,48,6,40,236.00,"9,440.00"
2019-09-30,2019093001002721,UPPER,48,34,96,236.00,"22,656.00"
2019-09-30,2019093001002720,UPPER,48,33,100,235.00,"23,500.00"
2019-09-30,2019093001002701,UPPER,45,40,50,234.00,"11,700.00"
2019-09-30,2019093001002698,UPPER,45,42,40,234.00,"9,360.00"
2019-09-30,2019093001002855,UPPER,45,40,40,234.00,"9,360.00"
2019-09-30,2019093001002828,UPPER,41,43,460,235.00,"108,100.00"
2019-09-30,2019093001002782,UPPER,41,40,40,235.00,"9,400.00"
2019-09-30,2019093001002778,UPPER,56,56,40,236.00,"9,440.00"
2019-09-30,2019093001002471,ADBL,21,41,100,412.00,"41,200.00"
2019-09-30,2019093001002242,ADBL,21,38,272,412.00,"112,064.00"
2019-09-30,2019093001002241,ADBL,46,38,100,413.00,"41,300.00"
2019-09-30,2019093001002240,ADBL,6,38,20,413.00,"8,260.00"
2019-09-30,2019093001002239,ADBL,38,38,50,413.00,"20,650.00"
2019-09-30,2019093001002238,ADBL,34,38,59,413.00,"24,367.00"
2019-09-30,2019093001002521,AKBSL,48,40,10,408.00,"4,080.00"
2019-09-30,2019093001002520,AKBSL,48,43,10,408.00,"4,080.00"
2019-09-30,2019093001002199,AKBSL,48,18,10,416.00,"4,160.00"
2019-09-30,2019093001002135,AKBSL,36,36,10,415.00,"4,150.00"
2019-09-30,2019093001002122,AKBSL,36,36,10,415.00,"4,150.00"
2019-09-30,2019093001002108,AKBSL,32,28,10,417.00,"4,170.00"
2019-09-30,2019093001002452,AKJCL,32,40,10,53.00,530.00
2019-09-30,2019093001002367,AKJCL,32,40,10,53.00,530.00
2019-09-30,2019093001002320,AKJCL,32,40,20,53.00,"1,060.00"
2019-09-30,2019093001002235,AKJCL,32,40,20,53.00,"1,060.00"
2019-09-30,2019093001002196,AKJCL,32,40,20,53.00,"1,060.00"
2019-09-30,2019093001002139,AKJCL,32,40,20,53.00,"1,060.00"
2019-09-30,2019093001002092,AKJCL,32,40,10,53.00,530.00
2019-09-30,2019093001002060,AKJCL,32,40,10,53.00,530.00
2019-09-30,2019093001002433,AKPL,36,29,13,133.00,"1,729.00"
2019-09-30,2019093001002134,AKPL,36,29,13,133.00,"1,729.00"
2019-09-30,2019093001002444,ALBSL,6,16,10,420.00,"4,200.00"
2019-09-30,2019093001002406,ALBSL,6,40,10,420.00,"4,200.00"
2019-09-30,2019093001002384,ALBSL,56,56,10,421.00,"4,210.00"
2019-09-30,2019093001002203,ALBSL,39,8,10,419.00,"4,190.00"
2019-09-30,2019093001002202,ALBSL,39,8,10,419.00,"4,190.00"
2019-09-30,2019093001002169,ALBSL,6,8,10,420.00,"4,200.00"
2019-09-30,2019093001002164,ALBSL,6,8,10,420.00,"4,200.00"
2019-09-30,2019093001002160,ALBSL,6,8,10,420.00,"4,200.00"
2019-09-30,2019093001002158,ALBSL,6,8,10,420.00,"4,200.00"
2019-09-30,2019093001002198,ALBSL,39,8,10,419.00,"4,190.00"
2019-09-30,2019093001002197,ALBSL,39,8,10,419.00,"4,190.00"
2019-09-30,2019093001002195,ALBSL,6,8,10,420.00,"4,200.00"
2019-09-30,2019093001002191,ALBSL,6,8,10,420.00,"4,200.00"
2019-09-30,2019093001002184,ALBSL,6,8,10,420.00,"4,200.00"
2019-09-30,2019093001002171,ALBSL,6,8,10,420.00,"4,200.00"
2019-09-30,2019093001002423,ALICL,40,32,50,314.00,"15,700.00"
2019-09-30,2019093001002391,BOKL,22,13,30,253.00,"7,590.00"
2019-09-30,2019093001002281,BOKL,16,1,"1,100",253.00,"278,300.00"
2019-09-30,2019093001002280,BOKL,16,59,156,253.00,"39,468.00"
2019-09-30,2019093001002279,BOKL,16,25,250,253.00,"63,250.00"
2019-09-30,2019093001002278,BOKL,16,1,129,252.00,"32,508.00"
2019-09-30,2019093001002086,BOKL,40,32,16,252.00,"4,032.00"
2019-09-30,2019093001002085,BOKL,42,32,10,252.00,"2,520.00"
2019-09-30,2019093001002084,BOKL,46,32,29,252.00,"7,308.00"
2019-09-30,2019093001002428,BPCL,11,34,11,356.00,"3,916.00"
2019-09-30,2019093001002397,BPCL,40,58,100,357.00,"35,700.00"
2019-09-30,2019093001002172,BPCL,36,48,242,358.00,"86,636.00"
2019-09-30,2019093001002104,BPCL,36,43,210,358.00,"75,180.00"
2019-09-30,2019093001002533,CBBL,11,45,168,968.00,"162,624.00"
2019-09-30,2019093001002501,CBBL,57,58,104,965.00,"100,360.00"
2019-09-30,2019093001002500,CBBL,51,58,15,965.00,"14,475.00"
2019-09-30,2019093001002364,CBBL,6,45,32,968.00,"30,976.00"
2019-09-30,2019093001002441,CBL,41,29,197,142.00,"27,974.00"
2019-09-30,2019093001002350,CBL,32,55,500,143.00,"71,500.00"
2019-09-30,2019093001002349,CBL,32,6,"1,950",143.00,"278,850.00"
2019-09-30,2019093001002532,CCBL,51,58,41,152.00,"6,232.00"
2019-09-30,2019093001002531,CCBL,49,58,100,152.00,"15,200.00"
2019-09-30,2019093001002530,CCBL,57,58,263,152.00,"39,976.00"
2019-09-30,2019093001002528,CCBL,57,58,116,152.00,"17,632.00"
2019-09-30,2019093001002498,CCBL,57,45,10,152.00,"1,520.00"
2019-09-30,2019093001002491,CCBL,57,34,98,152.00,"14,896.00"
2019-09-30,2019093001002456,CCBL,33,45,28,153.00,"4,284.00"
2019-09-30,2019093001002136,CCBL,57,29,98,152.00,"14,896.00"
2019-09-30,2019093001002477,CHCL,56,21,12,416.00,"4,992.00"
2019-09-30,2019093001002356,CHCL,56,29,92,415.00,"38,180.00"
2019-09-30,2019093001002409,DBBL,25,58,18,127.00,"2,286.00"
2019-09-30,2019093001002408,DBBL,57,58,14,127.00,"1,778.00"
2019-09-30,2019093001002400,DBBL,57,34,136,127.00,"17,272.00"
2019-09-30,2019093001002523,DDBL,58,58,255,711.00,"181,305.00"
2019-09-30,2019093001002517,EBL,11,45,20,561.00,"11,220.00"
2019-09-30,2019093001002502,EIC,45,49,20,235.00,"4,700.00"
2019-09-30,2019093001002473,FMDBL,6,7,60,371.00,"22,260.00"
2019-09-30,2019093001002415,FMDBL,6,47,40,371.00,"14,840.00"
2019-09-30,2019093001002414,FMDBL,42,47,60,371.00,"22,260.00"
2019-09-30,2019093001002323,FMDBL,19,7,100,371.00,"37,100.00"
2019-09-30,2019093001002322,FMDBL,50,7,30,371.00,"11,130.00"
2019-09-30,2019093001002246,FMDBL,49,7,50,372.00,"18,600.00"
2019-09-30,2019093001002123,FMDBL,45,25,50,374.00,"18,700.00"
2019-09-30,2019093001002109,FMDBL,45,51,150,374.00,"56,100.00"
2019-09-30,2019093001002053,FMDBL,45,59,164,375.00,"61,500.00"
2019-09-30,2019093001002245,FMDBL,4,7,13,372.00,"4,836.00"
2019-09-30,2019093001002244,FMDBL,33,7,122,372.00,"45,384.00"
2019-09-30,2019093001002243,FMDBL,26,7,40,372.00,"14,880.00"
2019-09-30,2019093001002126,FMDBL,52,25,100,373.00,"37,300.00"
2019-09-30,2019093001002125,FMDBL,14,25,50,373.00,"18,650.00"
2019-09-30,2019093001002124,FMDBL,45,25,236,374.00,"88,264.00"
2019-09-30,2019093001002118,FOWAD,18,44,100,"1,261.00","126,100.00"
2019-09-30,2019093001002117,FOWAD,40,44,30,"1,261.00","37,830.00"
2019-09-30,2019093001002116,FOWAD,56,44,20,"1,262.00","25,240.00"
2019-09-30,2019093001002346,GBBL,47,1,175,210.00,"36,750.00"
2019-09-30,2019093001002308,GBBL,48,39,100,210.00,"21,000.00"
2019-09-30,2019093001002307,GBBL,48,34,900,210.00,"189,000.00"
2019-09-30,2019093001002269,GBBL,42,42,"1,500",209.00,"313,500.00"
2019-09-30,2019093001002259,GBBL,7,34,100,210.00,"21,000.00"
2019-09-30,2019093001002298,GBLBS,8,42,400,316.00,"126,400.00"
2019-09-30,2019093001002225,GBLBS,45,53,40,317.00,"12,680.00"
2019-09-30,2019093001002101,GBLBS,16,53,100,317.00,"31,700.00"
2019-09-30,2019093001002100,GBLBS,58,53,60,317.00,"19,020.00"
2019-09-30,2019093001002057,GBLBS,58,29,10,317.00,"3,170.00"
2019-09-30,2019093001002464,GLBSL,38,40,10,432.00,"4,320.00"
2019-09-30,2019093001002234,GLICL,34,38,10,362.00,"3,620.00"
2019-09-30,2019093001002114,GLICL,6,38,100,357.00,"35,700.00"
2019-09-30,2019093001002043,GLICL,41,38,50,357.00,"17,850.00"
2019-09-30,2019093001002247,GMFBS,56,40,10,457.00,"4,570.00"
2019-09-30,2019093001002201,GMFBS,56,40,10,457.00,"4,570.00"
2019-09-30,2019093001002099,GMFBS,36,36,10,460.00,"4,600.00"
2019-09-30,2019093001002249,GRDBL,1,49,680,104.00,"70,720.00"
2019-09-30,2019093001002392,GUFL,13,46,20,109.00,"2,180.00"
2019-09-30,2019093001002080,HGI,43,39,13,271.00,"3,523.00"
2019-09-30,2019093001002079,HGI,43,35,30,271.00,"8,130.00"
2019-09-30,2019093001002418,HIDCL,42,21,141,130.00,"18,330.00"
2019-09-30,2019093001002417,HIDCL,26,21,100,130.00,"13,000.00"
2019-09-30,2019093001002416,HIDCL,6,21,181,130.00,"23,530.00"
2019-09-30,2019093001002133,HIDCL,6,38,61,130.00,"7,930.00"
2019-09-30,2019093001002090,HIDCL,6,29,61,130.00,"7,930.00"
2019-09-30,2019093001002041,HIDCL,39,42,100,131.00,"13,100.00"
2019-09-30,2019093001002147,HPPL,22,29,10,141.00,"1,410.00"
2019-09-30,2019093001002146,HPPL,22,29,10,141.00,"1,410.00"
2019-09-30,2019093001002451,HURJA,41,49,20,103.00,"2,060.00"
2019-09-30,2019093001002284,HURJA,41,43,440,103.00,"45,320.00"
2019-09-30,2019093001002283,HURJA,39,43,50,104.00,"5,200.00"
2019-09-30,2019093001002282,HURJA,11,43,10,104.00,"1,040.00"
2019-09-30,2019093001002189,HURJA,42,39,20,105.00,"2,100.00"
2019-09-30,2019093001002188,HURJA,42,49,20,105.00,"2,100.00"
2019-09-30,2019093001002187,HURJA,42,28,20,105.00,"2,100.00"
2019-09-30,2019093001002186,HURJA,42,28,20,105.00,"2,100.00"
2019-09-30,2019093001002185,HURJA,42,28,10,105.00,"1,050.00"
2019-09-30,2019093001002398,ILBS,50,33,10,420.00,"4,200.00"
2019-09-30,2019093001002365,ILBS,50,21,10,420.00,"4,200.00"
2019-09-30,2019093001002292,ILBS,50,40,10,420.00,"4,200.00"
2019-09-30,2019093001002106,ILBS,36,36,10,422.00,"4,220.00"
2019-09-30,2019093001002390,JBBL,57,21,13,156.00,"2,028.00"
2019-09-30,2019093001002382,JBBL,28,21,140,155.00,"21,700.00"
2019-09-30,2019093001002274,JBBL,17,28,100,156.00,"15,600.00"
2019-09-30,2019093001002268,JBBL,28,34,147,155.00,"22,785.00"
2019-09-30,2019093001002506,JSLBB,43,58,14,980.00,"13,720.00"
2019-09-30,2019093001002488,JSLBB,43,58,14,980.00,"13,720.00"
2019-09-30,2019093001002476,JSLBB,43,58,14,980.00,"13,720.00"
2019-09-30,2019093001002277,KBL,26,17,200,176.00,"35,200.00"
2019-09-30,2019093001002229,KBL,17,17,800,176.00,"140,800.00"
2019-09-30,2019093001002152,KBL,38,6,"1,458",176.00,"256,608.00"
2019-09-30,2019093001002151,KBL,38,46,400,176.00,"70,400.00"
2019-09-30,2019093001002065,KBL,38,6,42,176.00,"7,392.00"
2019-09-30,2019093001002064,KBL,38,36,158,176.00,"27,808.00"
2019-09-30,2019093001002470,KPCL,39,29,10,75.00,750.00
2019-09-30,2019093001002437,KPCL,39,34,10,75.00,750.00
2019-09-30,2019093001002145,KPCL,39,29,10,75.00,750.00
2019-09-30,2019093001002478,KRBL,33,29,29,101.00,"2,929.00"
2019-09-30,2019093001002526,KSBBL,50,58,66,140.00,"9,240.00"
2019-09-30,2019093001002505,KSBBL,14,53,324,141.00,"45,684.00"
2019-09-30,2019093001002049,LBBL,44,59,200,169.00,"33,800.00"
2019-09-30,2019093001002372,LBL,33,39,10,212.00,"2,120.00"
2019-09-30,2019093001002347,LBL,45,42,100,208.00,"20,800.00"
2019-09-30,2019093001002342,LBL,45,42,392,208.00,"81,536.00"
2019-09-30,2019093001002341,LBL,55,42,"1,000",209.00,"209,000.00"
2019-09-30,2019093001002340,LBL,25,42,600,209.00,"125,400.00"
2019-09-30,2019093001002254,LBL,25,22,400,209.00,"83,600.00"
2019-09-30,2019093001002453,LGIL,55,34,50,345.00,"17,250.00"
2019-09-30,2019093001002237,LGIL,55,39,157,345.00,"54,165.00"
2019-09-30,2019093001002206,LGIL,55,39,180,345.00,"62,100.00"
2019-09-30,2019093001002121,LGIL,37,39,61,344.00,"20,984.00"
2019-09-30,2019093001002103,LGIL,13,39,164,345.00,"56,580.00"
2019-09-30,2019093001002093,LGIL,13,26,36,345.00,"12,420.00"
2019-09-30,2019093001002469,LICN,57,58,102,996.00,"101,592.00"
2019-09-30,2019093001002267,MBL,36,48,369,221.00,"81,549.00"
2019-09-30,2019093001002263,MBL,36,13,418,221.00,"92,378.00"
2019-09-30,2019093001002262,MBL,36,1,500,221.00,"110,500.00"
2019-09-30,2019093001002261,MBL,36,45,50,221.00,"11,050.00"
2019-09-30,2019093001002260,MBL,36,52,134,221.00,"29,614.00"
2019-09-30,2019093001002253,MBL,57,1,122,220.00,"26,840.00"
2019-09-30,2019093001002252,MBL,57,35,250,220.00,"55,000.00"
2019-09-30,2019093001002251,MBL,57,26,"1,500",220.00,"330,000.00"
2019-09-30,2019093001002250,MBL,57,39,44,220.00,"9,680.00"
2019-09-30,2019093001002192,MBL,19,39,50,220.00,"11,000.00"
2019-09-30,2019093001002050,MEGA,47,40,11,190.00,"2,090.00"
2019-09-30,2019093001002143,MEGA,55,50,100,190.00,"19,000.00"
2019-09-30,2019093001002142,MEGA,47,50,350,190.00,"66,500.00"
2019-09-30,2019093001002088,MEGA,47,36,200,190.00,"38,000.00"
2019-09-30,2019093001002205,MEGA,14,19,100,190.00,"19,000.00"
2019-09-30,2019093001002144,MEGA,14,50,550,190.00,"104,500.00"
2019-09-30,2019093001002226,MEGAPO,57,49,975,104.00,"101,400.00"
2019-09-30,2019093001002525,MERO,6,40,100,551.00,"55,100.00"
2019-09-30,2019093001002443,MERO,19,49,33,550.00,"18,150.00"
2019-09-30,2019093001002504,MHNL,40,29,20,78.00,"1,560.00"
2019-09-30,2019093001002503,MHNL,40,29,10,78.00,780.00
2019-09-30,2019093001002395,MHNL,52,49,10,79.00,790.00
2019-09-30,2019093001002157,MHNL,52,29,40,79.00,"3,160.00"
2019-09-30,2019093001002042,MHNL,52,28,40,80.00,"3,200.00"
2019-09-30,2019093001002455,MLBL,25,49,15,211.00,"3,165.00"
2019-09-30,2019093001002351,MLBL,28,21,75,210.00,"15,750.00"
2019-09-30,2019093001002150,MNBBL,57,37,61,302.00,"18,422.00"
2019-09-30,2019093001002149,MNBBL,17,37,25,302.00,"7,550.00"
2019-09-30,2019093001002148,MNBBL,16,37,414,302.00,"125,028.00"
2019-09-30,2019093001002045,MSMBS,40,29,50,451.00,"22,550.00"
2019-09-30,2019093001002044,MSMBS,32,29,100,452.00,"45,200.00"
2019-09-30,2019093001002223,NABIL,43,44,300,754.00,"226,200.00"
2019-09-30,2019093001002222,NABIL,41,44,300,754.00,"226,200.00"
2019-09-30,2019093001002221,NABIL,34,44,200,755.00,"151,000.00"
2019-09-30,2019093001002220,NABIL,25,44,100,755.00,"75,500.00"
2019-09-30,2019093001002474,NADEP,42,40,200,403.00,"80,600.00"
2019-09-30,2019093001002140,NADEP,1,40,20,398.00,"7,960.00"
2019-09-30,2019093001002071,NADEP,49,43,200,399.00,"79,800.00"
2019-09-30,2019093001002070,NADEP,1,43,20,399.00,"7,980.00"
2019-09-30,2019093001002170,NAGRO,48,44,10,727.00,"7,270.00"
2019-09-30,2019093001002405,NBB,34,50,50,206.00,"10,300.00"
2019-09-30,2019093001002327,NBB,34,39,60,206.00,"12,360.00"
2019-09-30,2019093001002326,NBB,56,39,40,206.00,"8,240.00"
2019-09-30,2019093001002325,NBB,6,39,300,207.00,"62,100.00"
2019-09-30,2019093001002324,NBB,39,39,100,207.00,"20,700.00"
2019-09-30,2019093001002236,NBB,39,34,100,207.00,"20,700.00"
2019-09-30,2019093001002359,NBL,36,1,22,314.00,"6,908.00"
2019-09-30,2019093001002321,NBL,25,38,500,313.00,"156,500.00"
2019-09-30,2019093001002273,NBL,39,57,250,313.00,"78,250.00"
2019-09-30,2019093001002272,NBL,39,7,690,313.00,"215,970.00"
2019-09-30,2019093001002228,NBL,44,7,310,313.00,"97,030.00"
2019-09-30,2019093001002209,NBL,44,17,500,313.00,"156,500.00"
2019-09-30,2019093001002208,NBL,44,46,190,313.00,"59,470.00"
2019-09-30,2019093001002534,NCCB,58,46,10,197.00,"1,970.00"
2019-09-30,2019093001002508,NCCB,34,55,170,196.00,"33,320.00"
2019-09-30,2019093001002387,NCCB,33,55,10,196.00,"1,960.00"
2019-09-30,2019093001002385,NCCB,8,55,13,196.00,"2,548.00"
2019-09-30,2019093001002355,NCCB,32,21,92,194.00,"17,848.00"
2019-09-30,2019093001002344,NCCB,32,29,359,194.00,"69,646.00"
2019-09-30,2019093001002316,NCCB,51,29,200,195.00,"39,000.00"
2019-09-30,2019093001002200,NCCB,8,55,17,196.00,"3,332.00"
2019-09-30,2019093001002156,NCCB,51,1,300,195.00,"58,500.00"
2019-09-30,2019093001002062,NCCB,40,1,300,195.00,"58,500.00"
2019-09-30,2019093001002419,NHPC,14,56,50,54.00,"2,700.00"
2019-09-30,2019093001002411,NHPC,14,56,50,53.00,"2,650.00"
2019-09-30,2019093001002496,NIB,25,13,653,440.00,"287,320.00"
2019-09-30,2019093001002495,NIB,25,7,101,440.00,"44,440.00"
2019-09-30,2019093001002494,NIB,25,52,232,440.00,"102,080.00"
2019-09-30,2019093001002493,NIB,25,11,500,440.00,"220,000.00"
2019-09-30,2019093001002492,NIB,25,44,14,440.00,"6,160.00"
2019-09-30,2019093001002378,NIB,43,17,84,439.00,"36,876.00"
2019-09-30,2019093001002271,NIB,43,49,100,439.00,"43,900.00"
2019-09-30,2019093001002137,NIB,25,28,32,438.00,"14,016.00"
2019-09-30,2019093001002132,NIB,25,28,32,438.00,"14,016.00"
2019-09-30,2019093001002091,NIB,25,10,70,438.00,"30,660.00"
2019-09-30,2019093001002058,NIB,25,43,40,438.00,"17,520.00"
2019-09-30,2019093001002393,NIBPO,32,47,120,406.00,"48,720.00"
2019-09-30,2019093001002319,NICA,36,45,11,378.00,"4,158.00"
2019-09-30,2019093001002318,NICA,36,19,62,377.00,"23,374.00"
2019-09-30,2019093001002314,NICA,33,21,22,375.00,"8,250.00"
2019-09-30,2019093001002313,NICA,13,21,60,376.00,"22,560.00"
2019-09-30,2019093001002427,NIL,47,38,100,356.00,"35,600.00"
2019-09-30,2019093001002459,NLBBL,53,55,239,504.00,"120,456.00"
2019-09-30,2019093001002458,NLBBL,53,51,50,503.00,"25,150.00"
2019-09-30,2019093001002457,NLBBL,53,58,129,500.00,"64,500.00"
2019-09-30,2019093001002332,NLG,48,38,30,559.00,"16,770.00"
2019-09-30,2019093001002331,NLG,1,38,32,560.00,"17,920.00"
2019-09-30,2019093001002330,NLG,41,38,200,562.00,"112,400.00"
2019-09-30,2019093001002329,NLG,19,38,60,562.00,"33,720.00"
2019-09-30,2019093001002328,NLG,6,38,50,564.00,"28,200.00"
2019-09-30,2019093001002190,NLG,6,38,50,564.00,"28,200.00"
2019-09-30,2019093001002519,NLIC,11,6,68,754.00,"51,272.00"
2019-09-30,2019093001002439,NLIC,57,6,100,754.00,"75,400.00"
2019-09-30,2019093001002438,NLIC,57,6,32,754.00,"24,128.00"
2019-09-30,2019093001002371,NLIC,57,4,68,754.00,"51,272.00"
2019-09-30,2019093001002370,NLIC,32,4,20,754.00,"15,080.00"
2019-09-30,2019093001002369,NLIC,6,4,12,754.00,"9,048.00"
2019-09-30,2019093001002131,NLIC,6,4,288,754.00,"217,152.00"
2019-09-30,2019093001002130,NLIC,43,4,12,754.00,"9,048.00"
2019-09-30,2019093001002454,NLICL,32,59,30,467.00,"14,010.00"
2019-09-30,2019093001002376,NLICL,53,17,500,470.00,"235,000.00"
2019-09-30,2019093001002375,NLICL,53,48,100,470.00,"47,000.00"
2019-09-30,2019093001002374,NLICL,53,33,140,470.00,"65,800.00"
2019-09-30,2019093001002110,NLICL,6,46,20,467.00,"9,340.00"
2019-09-30,2019093001002082,NLICL,17,46,500,467.00,"233,500.00"
2019-09-30,2019093001002404,NMFBS,33,49,15,"1,665.00","24,975.00"
2019-09-30,2019093001002305,NTC,33,19,10,624.00,"6,240.00"
2019-09-30,2019093001002128,NTC,33,19,10,624.00,"6,240.00"
2019-09-30,2019093001002066,NTC,1,19,100,618.00,"61,800.00"
2019-09-30,2019093001002290,NTC,50,42,100,615.00,"61,500.00"
2019-09-30,2019093001002289,NTC,51,42,100,615.00,"61,500.00"
2019-09-30,2019093001002288,NTC,5,42,30,615.00,"18,450.00"
2019-09-30,2019093001002287,NTC,35,42,20,615.00,"12,300.00"
2019-09-30,2019093001002286,NTC,41,42,20,616.00,"12,320.00"
2019-09-30,2019093001002422,NUBL,6,34,17,844.00,"14,348.00"
2019-09-30,2019093001002466,OHL,34,59,100,513.00,"51,300.00"
2019-09-30,2019093001002522,PCBL,1,29,11,264.00,"2,904.00"
2019-09-30,2019093001002311,PCBL,22,45,40,265.00,"10,600.00"
2019-09-30,2019093001002173,PCBL,33,21,100,265.00,"26,500.00"
2019-09-30,2019093001002069,PCBL,38,43,81,263.00,"21,303.00"
2019-09-30,2019093001002068,PCBL,11,43,100,263.00,"26,300.00"
2019-09-30,2019093001002067,PCBL,59,43,19,263.00,"4,997.00"
2019-09-30,2019093001002047,PCBL,59,40,11,263.00,"2,893.00"
2019-09-30,2019093001002373,PIC,49,6,20,369.00,"7,380.00"
2019-09-30,2019093001002227,PIC,49,6,20,370.00,"7,400.00"
2019-09-30,2019093001002394,PICL,29,10,100,440.00,"44,000.00"
2019-09-30,2019093001002527,PMHPL,54,29,10,87.00,870.00
2019-09-30,2019093001002163,PMHPL,54,29,10,87.00,870.00
2019-09-30,2019093001002097,PMHPL,16,39,10,88.00,880.00
2019-09-30,2019093001002096,PMHPL,16,39,110,88.00,"9,680.00"
2019-09-30,2019093001002515,PRIN,33,21,300,304.00,"91,200.00"
2019-09-30,2019093001002083,PRIN,42,56,100,303.00,"30,300.00"
2019-09-30,2019093001002366,PRVU,10,1,74,260.00,"19,240.00"
2019-09-30,2019093001002303,PRVU,16,1,26,260.00,"6,760.00"
2019-09-30,2019093001002302,PRVU,16,32,74,260.00,"19,240.00"
2019-09-30,2019093001002179,PRVU,33,7,28,259.00,"7,252.00"
2019-09-30,2019093001002178,PRVU,47,7,12,259.00,"3,108.00"
2019-09-30,2019093001002529,RHPL,58,29,40,158.00,"6,320.00"
2019-09-30,2019093001002514,RHPL,58,40,10,158.00,"1,580.00"
2019-09-30,2019093001002513,RHPL,22,40,20,158.00,"3,160.00"
2019-09-30,2019093001002468,RHPL,56,40,10,158.00,"1,580.00"
2019-09-30,2019093001002467,RHPL,57,40,20,158.00,"3,160.00"
2019-09-30,2019093001002442,RHPL,57,34,10,158.00,"1,580.00"
2019-09-30,2019093001002059,RHPL,37,59,30,158.00,"4,740.00"
2019-09-30,2019093001002048,RHPL,37,40,30,158.00,"4,740.00"
2019-09-30,2019093001002167,RHPL,57,40,30,158.00,"4,740.00"
2019-09-30,2019093001002166,RHPL,57,34,30,158.00,"4,740.00"
2019-09-30,2019093001002153,RHPL,52,40,30,157.00,"4,710.00"
2019-09-30,2019093001002095,RHPL,52,56,10,157.00,"1,570.00"
2019-09-30,2019093001002094,RHPL,52,40,30,157.00,"4,710.00"
2019-09-30,2019093001002081,RHPL,37,34,10,158.00,"1,580.00"
2019-09-30,2019093001002304,RHPL,57,59,40,158.00,"6,320.00"
2019-09-30,2019093001002295,RHPL,57,40,30,158.00,"4,740.00"
2019-09-30,2019093001002255,RHPL,57,40,30,158.00,"4,740.00"
2019-09-30,2019093001002204,RHPL,57,40,30,158.00,"4,740.00"
2019-09-30,2019093001002180,RHPL,57,29,40,158.00,"6,320.00"
2019-09-30,2019093001002168,RHPL,57,35,400,158.00,"63,200.00"
2019-09-30,2019093001002358,RHPL,57,33,40,158.00,"6,320.00"
2019-09-30,2019093001002353,RHPL,57,40,30,158.00,"4,740.00"
2019-09-30,2019093001002334,RHPL,57,40,30,158.00,"4,740.00"
2019-09-30,2019093001002315,RHPL,56,56,10,159.00,"1,590.00"
2019-09-30,2019093001002310,RHPL,57,56,10,158.00,"1,580.00"
2019-09-30,2019093001002309,RHPL,57,59,40,158.00,"6,320.00"
2019-09-30,2019093001002412,RHPL,57,40,30,158.00,"4,740.00"
2019-09-30,2019093001002403,RHPL,57,33,40,158.00,"6,320.00"
2019-09-30,2019093001002402,RHPL,57,56,10,158.00,"1,580.00"
2019-09-30,2019093001002389,RHPL,57,33,40,158.00,"6,320.00"
2019-09-30,2019093001002379,RHPL,57,33,40,158.00,"6,320.00"
2019-09-30,2019093001002377,RHPL,57,40,30,158.00,"4,740.00"
2019-09-30,2019093001002343,RRHP,47,40,10,102.00,"1,020.00"
2019-09-30,2019093001002291,RRHP,47,39,10,102.00,"1,020.00"
2019-09-30,2019093001002264,RRHP,47,40,10,102.00,"1,020.00"
2019-09-30,2019093001002183,RRHP,47,29,10,102.00,"1,020.00"
2019-09-30,2019093001002098,RRHP,47,40,10,102.00,"1,020.00"
2019-09-30,2019093001002368,SABSL,10,33,10,447.00,"4,470.00"
2019-09-30,2019093001002299,SABSL,10,40,10,447.00,"4,470.00"
2019-09-30,2019093001002285,SABSL,57,35,50,454.00,"22,700.00"
2019-09-30,2019093001002215,SABSL,57,13,150,453.00,"67,950.00"
2019-09-30,2019093001002214,SABSL,57,13,10,451.00,"4,510.00"
2019-09-30,2019093001002213,SABSL,57,44,10,450.00,"4,500.00"
2019-09-30,2019093001002212,SABSL,57,36,50,449.00,"22,450.00"
2019-09-30,2019093001002210,SABSL,57,40,10,446.00,"4,460.00"
2019-09-30,2019093001002112,SABSL,36,36,10,447.00,"4,470.00"
2019-09-30,2019093001002102,SABSL,57,40,10,446.00,"4,460.00"
2019-09-30,2019093001002046,SABSL,19,53,10,445.00,"4,450.00"
2019-09-30,2019093001002232,SADBL,14,39,150,140.00,"21,000.00"
2019-09-30,2019093001002231,SADBL,14,39,300,140.00,"42,000.00"
2019-09-30,2019093001002230,SADBL,14,42,242,140.00,"33,880.00"
2019-09-30,2019093001002352,SAEF,26,39,800,8.32,"6,656.00"
2019-09-30,2019093001002127,SAEF,26,39,500,8.32,"4,160.00"
2019-09-30,2019093001002484,SANIMA,56,42,381,302.00,"115,062.00"
2019-09-30,2019093001002483,SANIMA,56,1,452,302.00,"136,504.00"
2019-09-30,2019093001002482,SANIMA,56,49,100,302.00,"30,200.00"
2019-09-30,2019093001002481,SANIMA,56,47,67,302.00,"20,234.00"
2019-09-30,2019093001002450,SANIMA,1,21,322,301.00,"96,922.00"
2019-09-30,2019093001002449,SANIMA,11,21,500,301.00,"150,500.00"
2019-09-30,2019093001002448,SANIMA,14,21,19,301.00,"5,719.00"
2019-09-30,2019093001002386,SANIMA,14,44,852,301.00,"256,452.00"
2019-09-30,2019093001002333,SANIMA,40,47,200,302.00,"60,400.00"
2019-09-30,2019093001002276,SANIMA,17,47,33,302.00,"9,966.00"
2019-09-30,2019093001002413,SBI,21,49,22,394.00,"8,668.00"
2019-09-30,2019093001002297,SBI,10,39,50,395.00,"19,750.00"
2019-09-30,2019093001002175,SBI,40,39,200,395.00,"79,000.00"
2019-09-30,2019093001002162,SBI,40,39,100,395.00,"39,500.00"
2019-09-30,2019093001002075,SBI,17,40,62,393.00,"24,366.00"
2019-09-30,2019093001002040,SBI,34,40,438,393.00,"172,134.00"
2019-09-30,2019093001002039,SBI,34,35,62,393.00,"24,366.00"
2019-09-30,2019093001002036,SBI,5,35,90,393.00,"35,370.00"
2019-09-30,2019093001002306,SBL,13,5,106,328.00,"34,768.00"
2019-09-30,2019093001002233,SBL,22,5,100,328.00,"32,800.00"
2019-09-30,2019093001002177,SBL,51,5,100,328.00,"32,800.00"
2019-09-30,2019093001002516,SCB,20,50,499,565.00,"281,935.00"
2019-09-30,2019093001002401,SCB,13,21,15,566.00,"8,490.00"
2019-09-30,2019093001002300,SCB,22,21,10,562.00,"5,620.00"
2019-09-30,2019093001002072,SCB,38,29,20,561.00,"11,220.00"
2019-09-30,2019093001002056,SCB,17,21,100,565.00,"56,500.00"
2019-09-30,2019093001002055,SCB,17,22,20,564.00,"11,280.00"
2019-09-30,2019093001002463,SHIVM,56,45,100,546.00,"54,600.00"
2019-09-30,2019093001002462,SHIVM,56,20,35,545.00,"19,075.00"
2019-09-30,2019093001002446,SHIVM,25,20,100,545.00,"54,500.00"
2019-09-30,2019093001002217,SHIVM,35,20,20,545.00,"10,900.00"
2019-09-30,2019093001002216,SHIVM,35,45,30,540.00,"16,200.00"
2019-09-30,2019093001002129,SHIVM,26,25,75,540.00,"40,500.00"
2019-09-30,2019093001002120,SHIVM,26,22,25,540.00,"13,500.00"
2019-09-30,2019093001002119,SHIVM,28,22,105,540.00,"56,700.00"
2019-09-30,2019093001002111,SHIVM,28,48,50,540.00,"27,000.00"
2019-09-30,2019093001002074,SHIVM,28,22,145,540.00,"78,300.00"
2019-09-30,2019093001002073,SHIVM,32,22,155,541.00,"83,855.00"
2019-09-30,2019093001002472,SHL,25,25,100,217.00,"21,700.00"
2019-09-30,2019093001002338,SHPC,55,28,"1,000",186.00,"186,000.00"
2019-09-30,2019093001002487,SIC,16,59,20,469.00,"9,380.00"
2019-09-30,2019093001002486,SIC,26,59,10,470.00,"4,700.00"
2019-09-30,2019093001002432,SICL,8,17,130,706.00,"91,780.00"
2019-09-30,2019093001002421,SICL,46,41,125,708.00,"88,500.00"
2019-09-30,2019093001002420,SICL,13,41,20,710.00,"14,200.00"
2019-09-30,2019093001002181,SICL,8,26,33,706.00,"23,298.00"
2019-09-30,2019093001002430,SIL,29,38,300,376.00,"112,800.00"
2019-09-30,2019093001002294,SIL,39,44,590,375.00,"221,250.00"
2019-09-30,2019093001002293,SIL,35,44,142,375.00,"53,250.00"
2019-09-30,2019093001002211,SIL,39,26,20,375.00,"7,500.00"
2019-09-30,2019093001002518,SJCL,45,40,20,165.00,"3,300.00"
2019-09-30,2019093001002475,SJCL,52,40,20,164.00,"3,280.00"
2019-09-30,2019093001002461,SJCL,58,39,20,165.00,"3,300.00"
2019-09-30,2019093001002460,SJCL,58,39,80,165.00,"13,200.00"
2019-09-30,2019093001002445,SJCL,52,34,10,164.00,"1,640.00"
2019-09-30,2019093001002431,SJCL,52,40,20,164.00,"3,280.00"
2019-09-30,2019093001002087,SJCL,43,40,20,164.00,"3,280.00"
2019-09-30,2019093001002063,SJCL,43,59,20,164.00,"3,280.00"
2019-09-30,2019093001002052,SJCL,43,40,10,164.00,"1,640.00"
2019-09-30,2019093001002051,SJCL,32,40,10,164.00,"1,640.00"
2019-09-30,2019093001002037,SJCL,32,40,20,164.00,"3,280.00"
2019-09-30,2019093001002115,SJCL,43,56,10,164.00,"1,640.00"
2019-09-30,2019093001002113,SJCL,56,39,10,165.00,"1,650.00"
2019-09-30,2019093001002105,SJCL,43,40,20,164.00,"3,280.00"
2019-09-30,2019093001002266,SJCL,43,40,20,164.00,"3,280.00"
2019-09-30,2019093001002218,SJCL,43,40,10,164.00,"1,640.00"
2019-09-30,2019093001002193,SJCL,43,29,20,164.00,"3,280.00"
2019-09-30,2019093001002159,SJCL,43,40,20,164.00,"3,280.00"
2019-09-30,2019093001002360,SJCL,52,33,20,164.00,"3,280.00"
2019-09-30,2019093001002357,SJCL,52,40,20,164.00,"3,280.00"
2019-09-30,2019093001002348,SJCL,43,40,20,164.00,"3,280.00"
2019-09-30,2019093001002339,SJCL,43,56,10,164.00,"1,640.00"
2019-09-30,2019093001002337,SJCL,56,39,10,165.00,"1,650.00"
2019-09-30,2019093001002301,SJCL,43,40,20,164.00,"3,280.00"
2019-09-30,2019093001002429,SJCL,52,56,10,164.00,"1,640.00"
2019-09-30,2019093001002425,SJCL,56,39,10,165.00,"1,650.00"
2019-09-30,2019093001002410,SJCL,52,33,20,164.00,"3,280.00"
2019-09-30,2019093001002396,SJCL,52,33,20,164.00,"3,280.00"
2019-09-30,2019093001002381,SJCL,52,33,20,164.00,"3,280.00"
2019-09-30,2019093001002380,SJCL,52,40,20,164.00,"3,280.00"
2019-09-30,2019093001002499,SKBBL,22,59,12,901.00,"10,812.00"
2019-09-30,2019093001002480,SKBBL,22,58,26,901.00,"23,426.00"
2019-09-30,2019093001002479,SKBBL,22,58,130,901.00,"117,130.00"
2019-09-30,2019093001002224,SKBBL,51,45,12,908.00,"10,896.00"
2019-09-30,2019093001002207,SKBBL,51,46,10,905.00,"9,050.00"
2019-09-30,2019093001002176,SKBBL,51,32,24,905.00,"21,720.00"
2019-09-30,2019093001002485,SLBSL,43,40,10,659.00,"6,590.00"
2019-09-30,2019093001002424,SLBSL,43,49,10,659.00,"6,590.00"
2019-09-30,2019093001002248,SLBSL,56,56,10,661.00,"6,610.00"
2019-09-30,2019093001002174,SLBSL,42,33,28,660.00,"18,480.00"
2019-09-30,2019093001002154,SLBSL,43,33,10,661.00,"6,610.00"
2019-09-30,2019093001002512,SLICL,39,35,159,270.00,"42,930.00"
2019-09-30,2019093001002511,SLICL,39,55,200,268.00,"53,600.00"
2019-09-30,2019093001002510,SLICL,39,6,300,267.00,"80,100.00"
2019-09-30,2019093001002509,SLICL,39,47,11,267.00,"2,937.00"
2019-09-30,2019093001002296,SLICL,7,38,19,265.00,"5,035.00"
2019-09-30,2019093001002194,SMATA,14,52,50,530.00,"26,500.00"
2019-09-30,2019093001002182,SMATA,34,52,10,532.00,"5,320.00"
2019-09-30,2019093001002076,SMB,36,36,10,415.00,"4,150.00"
2019-09-30,2019093001002312,SPARS,6,40,10,536.00,"5,360.00"
2019-09-30,2019093001002275,SPARS,45,59,10,535.00,"5,350.00"
2019-09-30,2019093001002270,SPARS,45,40,10,535.00,"5,350.00"
2019-09-30,2019093001002155,SPDL,45,49,59,70.00,"4,130.00"
2019-09-30,2019093001002535,SRBL,21,58,64,229.00,"14,656.00"
2019-09-30,2019093001002435,SRBL,21,43,36,229.00,"8,244.00"
2019-09-30,2019093001002434,SRBL,41,43,964,229.00,"220,756.00"
2019-09-30,2019093001002440,SWBBL,22,21,155,900.00,"139,500.00"
2019-09-30,2019093001002407,SWBBL,50,6,150,899.00,"134,850.00"
2019-09-30,2019093001002399,SWBBL,28,21,125,894.00,"111,750.00"
2019-09-30,2019093001002490,UIC,6,35,25,260.00,"6,500.00"
2019-09-30,2019093001002489,UIC,6,37,50,260.00,"13,000.00"
2019-09-30,2019093001002465,UIC,6,46,100,257.00,"25,700.00"
2019-09-30,2019093001002078,UIC,1,43,100,253.00,"25,300.00"
2019-09-30,2019093001002336,UNHPL,1,55,50,53.00,"2,650.00"
2019-09-30,2019093001002335,UNHPL,1,55,50,53.00,"2,650.00"
2019-09-30,2019093001002317,UPCL,22,39,50,77.00,"3,850.00"
2019-09-30,2019093001002257,UPCL,46,28,50,77.00,"3,850.00"
2019-09-30,2019093001002256,UPCL,46,28,50,77.00,"3,850.00"
2019-09-30,2019093001002141,UPCL,6,39,50,76.00,"3,800.00"
2019-09-30,2019093001002524,UPPER,55,40,50,233.00,"11,650.00"
2019-09-30,2019093001002507,UPPER,58,33,100,234.00,"23,400.00"
2019-09-30,2019093001002497,UPPER,55,40,50,233.00,"11,650.00"
2019-09-30,2019093001002447,UPPER,56,56,50,234.00,"11,700.00"
2019-09-30,2019093001002077,UPPER,56,29,50,231.00,"11,550.00"
2019-09-30,2019093001002061,UPPER,36,36,50,232.00,"11,600.00"
2019-09-30,2019093001002054,UPPER,56,40,40,231.00,"9,240.00"
2019-09-30,2019093001002038,UPPER,56,40,40,231.00,"9,240.00"
2019-09-30,2019093001002165,UPPER,56,40,40,231.00,"9,240.00"
2019-09-30,2019093001002161,UPPER,56,49,40,231.00,"9,240.00"
2019-09-30,2019093001002138,UPPER,33,28,10,234.00,"2,340.00"
2019-09-30,2019093001002107,UPPER,56,40,50,231.00,"11,550.00"
2019-09-30,2019093001002089,UPPER,56,40,50,231.00,"11,550.00"
2019-09-30,2019093001002361,UPPER,11,40,10,233.00,"2,330.00"
2019-09-30,2019093001002354,UPPER,11,56,40,233.00,"9,320.00"
2019-09-30,2019093001002345,UPPER,33,28,10,234.00,"2,340.00"
2019-09-30,2019093001002265,UPPER,56,56,40,233.00,"9,320.00"
2019-09-30,2019093001002258,UPPER,42,40,40,232.00,"9,280.00"
2019-09-30,2019093001002219,UPPER,42,40,40,232.00,"9,280.00"
2019-09-30,2019093001002436,UPPER,55,40,50,233.00,"11,650.00"
2019-09-30,2019093001002426,UPPER,55,40,20,233.00,"4,660.00"
2019-09-30,2019093001002388,UPPER,56,40,30,233.00,"6,990.00"
2019-09-30,2019093001002383,UPPER,48,28,958,234.00,"224,172.00"
2019-09-30,2019093001002363,UPPER,56,40,10,233.00,"2,330.00"
2019-09-30,2019093001002362,UPPER,47,40,20,233.00,"4,660.00"
2019-09-30,2019093001001999,ADBL,34,33,65,413.00,"26,845.00"
2019-09-30,2019093001001804,ADBL,47,56,10,414.00,"4,140.00"
2019-09-30,2019093001001760,ADBL,17,56,25,414.00,"10,350.00"
2019-09-30,2019093001001759,ADBL,25,56,35,414.00,"14,490.00"
2019-09-30,2019093001001758,ADBL,20,56,34,414.00,"14,076.00"
2019-09-30,2019093001001647,ADBL,20,39,26,414.00,"10,764.00"
2019-09-30,2019093001001613,ADBL,48,26,50,415.00,"20,750.00"
2019-09-30,2019093001001612,ADBL,48,55,250,415.00,"103,750.00"
2019-09-30,2019093001002017,AKJCL,32,40,10,53.00,530.00
2019-09-30,2019093001001995,AKJCL,32,40,20,53.00,"1,060.00"
2019-09-30,2019093001001948,AKJCL,32,40,20,53.00,"1,060.00"
2019-09-30,2019093001001825,AKJCL,32,40,10,53.00,530.00
2019-09-30,2019093001001774,AKJCL,32,40,10,53.00,530.00
2019-09-30,2019093001001746,AKJCL,32,40,10,53.00,530.00
2019-09-30,2019093001001745,AKJCL,8,40,10,53.00,530.00
2019-09-30,2019093001001641,AKJCL,8,40,10,53.00,530.00
2019-09-30,2019093001001614,AKJCL,8,40,10,53.00,530.00
2019-09-30,2019093001001590,AKJCL,8,40,20,53.00,"1,060.00"
2019-09-30,2019093001001988,AKPL,36,29,13,133.00,"1,729.00"
2019-09-30,2019093001001847,ALBSL,6,37,10,420.00,"4,200.00"
2019-09-30,2019093001001845,ALBSL,6,34,10,420.00,"4,200.00"
2019-09-30,2019093001001844,ALBSL,6,37,10,420.00,"4,200.00"
2019-09-30,2019093001001842,ALBSL,6,34,10,420.00,"4,200.00"
2019-09-30,2019093001001835,ALBSL,6,37,10,420.00,"4,200.00"
2019-09-30,2019093001001698,ALBSL,56,56,10,421.00,"4,210.00"
2019-09-30,2019093001001654,ALBSL,6,1,10,420.00,"4,200.00"
2019-09-30,2019093001001619,ALBSL,6,40,10,420.00,"4,200.00"
2019-09-30,2019093001001592,ALBSL,6,40,10,420.00,"4,200.00"
2019-09-30,2019093001001830,ALBSL,6,37,10,420.00,"4,200.00"
2019-09-30,2019093001001826,ALBSL,6,37,10,420.00,"4,200.00"
2019-09-30,2019093001001821,ALBSL,6,37,10,420.00,"4,200.00"
2019-09-30,2019093001001818,ALBSL,6,37,10,420.00,"4,200.00"
2019-09-30,2019093001001799,ALBSL,6,40,10,420.00,"4,200.00"
2019-09-30,2019093001001791,ALBSL,6,22,10,420.00,"4,200.00"
2019-09-30,2019093001001970,ALICL,36,28,11,311.00,"3,421.00"
2019-09-30,2019093001001694,API,42,7,18,112.00,"2,016.00"
2019-09-30,2019093001002027,BPCL,36,39,33,358.00,"11,814.00"
2019-09-30,2019093001001958,BPCL,36,49,15,358.00,"5,370.00"
2019-09-30,2019093001001957,BPCL,35,49,18,358.00,"6,444.00"
2019-09-30,2019093001001544,BPCL,37,41,33,359.00,"11,847.00"
2019-09-30,2019093001001750,BPCL,22,47,25,359.00,"8,975.00"
2019-09-30,2019093001001706,BPCL,41,47,20,359.00,"7,180.00"
2019-09-30,2019093001001688,BPCL,21,47,20,359.00,"7,180.00"
2019-09-30,2019093001001569,BPCL,35,26,12,358.00,"4,296.00"
2019-09-30,2019093001001568,BPCL,59,47,100,359.00,"35,900.00"
2019-09-30,2019093001001545,BPCL,37,47,37,359.00,"13,283.00"
2019-09-30,2019093001001971,CBL,41,29,197,142.00,"27,974.00"
2019-09-30,2019093001001867,CBL,41,42,130,142.00,"18,460.00"
2019-09-30,2019093001001866,CBL,43,42,370,142.00,"52,540.00"
2019-09-30,2019093001001834,CBL,45,6,50,143.00,"7,150.00"
2019-09-30,2019093001001823,CBL,43,4,500,142.00,"71,000.00"
2019-09-30,2019093001001954,CCBL,57,29,98,152.00,"14,896.00"
2019-09-30,2019093001001912,CCBL,57,28,105,152.00,"15,960.00"
2019-09-30,2019093001001911,CCBL,45,28,50,153.00,"7,650.00"
2019-09-30,2019093001001910,CCBL,41,28,145,153.00,"22,185.00"
2019-09-30,2019093001001877,CCBL,41,29,98,153.00,"14,994.00"
2019-09-30,2019093001001789,CCBL,41,59,757,153.00,"115,821.00"
2019-09-30,2019093001001710,CCBL,41,59,10,153.00,"1,530.00"
2019-09-30,2019093001001709,CCBL,6,59,10,153.00,"1,530.00"
2019-09-30,2019093001001708,CCBL,37,59,89,153.00,"13,617.00"
2019-09-30,2019093001001707,CCBL,59,59,100,153.00,"15,300.00"
2019-09-30,2019093001001705,CCBL,37,7,11,153.00,"1,683.00"
2019-09-30,2019093001001704,CCBL,59,7,40,153.00,"6,120.00"
2019-09-30,2019093001001716,CFCL,39,7,45,110.00,"4,950.00"
2019-09-30,2019093001001715,CFCL,41,7,10,110.00,"1,100.00"
2019-09-30,2019093001001744,CHCL,16,7,36,411.00,"14,796.00"
2019-09-30,2019093001001743,CHCL,13,7,20,411.00,"8,220.00"
2019-09-30,2019093001001733,CHCL,56,7,100,412.00,"41,200.00"
2019-09-30,2019093001001754,CZBIL,49,7,103,193.00,"19,879.00"
2019-09-30,2019093001001575,CZBIL,56,56,10,194.00,"1,940.00"
2019-09-30,2019093001001955,DBBL,51,59,500,127.00,"63,500.00"
2019-09-30,2019093001001839,DBBL,45,1,11,128.00,"1,408.00"
2019-09-30,2019093001001762,DBBL,8,7,74,126.00,"9,324.00"
2019-09-30,2019093001001737,DBBL,8,49,158,126.00,"19,908.00"
2019-09-30,2019093001001736,DBBL,26,49,186,126.00,"23,436.00"
2019-09-30,2019093001001721,DBBL,26,29,14,126.00,"1,764.00"
2019-09-30,2019093001001653,DBBL,25,49,500,127.00,"63,500.00"
2019-09-30,2019093001001652,DBBL,43,49,100,127.00,"12,700.00"
2019-09-30,2019093001001651,DBBL,22,49,56,127.00,"7,112.00"
2019-09-30,2019093001002012,EBL,58,42,10,565.00,"5,650.00"
2019-09-30,2019093001001952,EBL,48,28,50,556.00,"27,800.00"
2019-09-30,2019093001001798,EBL,11,44,737,560.00,"412,720.00"
2019-09-30,2019093001001787,EBL,11,44,263,560.00,"147,280.00"
2019-09-30,2019093001001773,EBL,11,7,37,560.00,"20,720.00"
2019-09-30,2019093001001616,EBL,33,56,10,567.00,"5,670.00"
2019-09-30,2019093001001608,EBL,11,57,500,560.00,"280,000.00"
2019-09-30,2019093001001607,EBL,11,21,100,560.00,"56,000.00"
2019-09-30,2019093001001928,EIC,38,28,35,234.00,"8,190.00"
2019-09-30,2019093001001927,EIC,3,28,25,236.00,"5,900.00"
2019-09-30,2019093001001926,EIC,20,28,40,236.00,"9,440.00"
2019-09-30,2019093001001884,FMDBL,45,59,200,374.00,"74,800.00"
2019-09-30,2019093001001883,FMDBL,46,59,36,374.00,"13,464.00"
2019-09-30,2019093001001815,FMDBL,57,59,138,375.00,"51,750.00"
2019-09-30,2019093001001814,FMDBL,42,59,100,375.00,"37,500.00"
2019-09-30,2019093001001813,FMDBL,41,59,150,375.00,"56,250.00"
2019-09-30,2019093001001717,FMDBL,41,58,115,375.00,"43,125.00"
2019-09-30,2019093001001935,GBBL,42,28,90,209.00,"18,810.00"
2019-09-30,2019093001001860,GBLBS,58,36,15,317.00,"4,755.00"
2019-09-30,2019093001001856,GBLBS,58,36,15,317.00,"4,755.00"
2019-09-30,2019093001001851,GBLBS,36,36,30,318.00,"9,540.00"
2019-09-30,2019093001001649,GBLBS,42,42,15,319.00,"4,785.00"
2019-09-30,2019093001001642,GFCL,59,59,20,139.00,"2,780.00"
2019-09-30,2019093001001831,GLBSL,38,40,10,432.00,"4,320.00"
2019-09-30,2019093001001660,GLBSL,38,40,10,432.00,"4,320.00"
2019-09-30,2019093001001627,GLBSL,38,40,10,432.00,"4,320.00"
2019-09-30,2019093001001943,GMFBS,45,10,100,461.00,"46,100.00"
2019-09-30,2019093001001936,GMFBS,57,10,10,462.00,"4,620.00"
2019-09-30,2019093001001879,GMFBS,18,10,90,462.00,"41,580.00"
2019-09-30,2019093001001872,GMFBS,32,10,100,462.00,"46,200.00"
2019-09-30,2019093001001857,GMFBS,56,10,80,463.00,"37,040.00"
2019-09-30,2019093001001855,GMFBS,56,37,10,463.00,"4,630.00"
2019-09-30,2019093001001836,GMFBS,56,40,10,463.00,"4,630.00"
2019-09-30,2019093001001600,GUFL,38,46,200,107.00,"21,400.00"
2019-09-30,2019093001001599,GUFL,36,46,500,107.00,"53,500.00"
2019-09-30,2019093001001598,GUFL,5,46,200,107.00,"21,400.00"
2019-09-30,2019093001001788,HIDCL,6,7,111,130.00,"14,430.00"
2019-09-30,2019093001001771,HIDCL,44,34,61,131.00,"7,991.00"
2019-09-30,2019093001001730,HIDCL,51,21,500,132.00,"66,000.00"
2019-09-30,2019093001001677,HIDCL,17,21,106,131.00,"13,886.00"
2019-09-30,2019093001001639,HPPL,22,1,750,143.00,"107,250.00"
2019-09-30,2019093001001585,HPPL,59,36,20,144.00,"2,880.00"
2019-09-30,2019093001001565,HPPL,59,34,10,142.00,"1,420.00"
2019-09-30,2019093001001564,HPPL,59,6,490,142.00,"69,580.00"
2019-09-30,2019093001001563,HPPL,59,36,300,142.00,"42,600.00"
2019-09-30,2019093001001562,HPPL,59,40,100,142.00,"14,200.00"
2019-09-30,2019093001001556,HPPL,59,28,10,140.00,"1,400.00"
2019-09-30,2019093001001555,HPPL,59,36,250,140.00,"35,000.00"
2019-09-30,2019093001001554,HPPL,59,22,650,140.00,"91,000.00"
2019-09-30,2019093001001553,HPPL,59,44,10,140.00,"1,400.00"
2019-09-30,2019093001001550,HPPL,59,39,50,139.00,"6,950.00"
2019-09-30,2019093001001640,HURJA,42,41,20,107.00,"2,140.00"
2019-09-30,2019093001001956,ICFC,35,19,150,155.00,"23,250.00"
2019-09-30,2019093001001865,ILBS,50,37,10,420.00,"4,200.00"
2019-09-30,2019093001001713,ILBS,50,40,10,420.00,"4,200.00"
2019-09-30,2019093001001582,ILBS,56,56,10,421.00,"4,210.00"
2019-09-30,2019093001001895,JFL,14,32,100,197.00,"19,700.00"
2019-09-30,2019093001001576,JFL,37,42,15,198.00,"2,970.00"
2019-09-30,2019093001001946,KBL,45,29,81,175.00,"14,175.00"
