Date,Transact. No.,Symbol,Buyer,Seller,Quantity,Rate,Amount
2019-08-15,2019081501005882,ADBL,50,34,300,430.00,"129,000.00"
2019-08-15,2019081501005666,ADBL,50,39,200,430.00,"86,000.00"
2019-08-15,2019081501005632,ADBL,50,57,60,430.00,"25,800.00"
2019-08-15,2019081501005631,ADBL,25,57,500,430.00,"215,000.00"
2019-08-15,2019081501005570,ADBL,41,52,10,431.00,"4,310.00"
2019-08-15,2019081501005517,ADBL,45,33,"9,330",431.00,"4,021,230.00"
2019-08-15,2019081501005516,ADBL,45,58,275,431.00,"118,525.00"
2019-08-15,2019081501005442,ADBL,20,58,200,431.00,"86,200.00"
2019-08-15,2019081501005437,ADBL,59,58,500,431.00,"215,500.00"
2019-08-15,2019081501005737,AHPC,49,43,200,103.00,"20,600.00"
2019-08-15,2019081501005565,AKJCL,22,49,20,66.00,"1,320.00"
2019-08-15,2019081501005455,AKJCL,22,49,20,66.00,"1,320.00"
2019-08-15,2019081501005909,ALBSL,51,38,10,467.00,"4,670.00"
2019-08-15,2019081501005514,ALBSL,36,44,10,460.00,"4,600.00"
2019-08-15,2019081501005504,ALBSL,36,51,40,460.00,"18,400.00"
2019-08-15,2019081501005454,ALBSL,45,14,10,460.00,"4,600.00"
2019-08-15,2019081501005435,ALBSL,45,51,20,461.00,"9,220.00"
2019-08-15,2019081501005414,ALBSL,45,44,10,461.00,"4,610.00"
2019-08-15,2019081501005677,ALICL,44,59,50,348.00,"17,400.00"
2019-08-15,2019081501005560,ALICL,40,32,49,347.00,"17,003.00"
2019-08-15,2019081501005439,API,1,29,400,130.00,"52,000.00"
2019-08-15,2019081501005569,API,25,50,30,131.00,"3,930.00"
2019-08-15,2019081501005470,API,51,43,310,129.00,"39,990.00"
2019-08-15,2019081501005469,API,13,43,90,130.00,"11,700.00"
2019-08-15,2019081501005468,API,1,43,100,130.00,"13,000.00"
2019-08-15,2019081501005897,BBC,4,39,10,"1,389.00","13,890.00"
2019-08-15,2019081501005810,BOKL,10,11,750,256.00,"192,000.00"
2019-08-15,2019081501005707,BOKL,11,11,100,256.00,"25,600.00"
2019-08-15,2019081501005630,BOKL,10,11,150,256.00,"38,400.00"
2019-08-15,2019081501005603,BOKL,53,59,120,255.00,"30,600.00"
2019-08-15,2019081501005503,BOKL,53,43,30,255.00,"7,650.00"
2019-08-15,2019081501005502,BOKL,58,43,172,255.00,"43,860.00"
2019-08-15,2019081501005501,BOKL,32,43,798,255.00,"203,490.00"
2019-08-15,2019081501005418,BOKL,42,25,"1,500",256.00,"384,000.00"
2019-08-15,2019081501005906,BPCL,49,35,10,390.00,"3,900.00"
2019-08-15,2019081501005494,BPCL,8,49,235,386.00,"90,710.00"
2019-08-15,2019081501005493,BPCL,50,49,50,387.00,"19,350.00"
2019-08-15,2019081501005492,BPCL,48,49,10,387.00,"3,870.00"
2019-08-15,2019081501005491,BPCL,37,49,100,388.00,"38,800.00"
2019-08-15,2019081501005490,BPCL,6,49,13,388.00,"5,044.00"
2019-08-15,2019081501005489,BPCL,50,49,50,388.00,"19,400.00"
2019-08-15,2019081501005767,CBBL,34,48,389,999.00,"388,611.00"
2019-08-15,2019081501005766,CBBL,34,52,352,998.00,"351,296.00"
2019-08-15,2019081501005765,CBBL,34,25,50,997.00,"49,850.00"
2019-08-15,2019081501005764,CBBL,34,39,95,996.00,"94,620.00"
2019-08-15,2019081501005834,CBL,33,5,20,150.00,"3,000.00"
2019-08-15,2019081501005664,CBL,21,43,165,149.00,"24,585.00"
2019-08-15,2019081501005567,CBL,26,43,55,149.00,"8,195.00"
2019-08-15,2019081501005762,CCBL,45,10,19,162.00,"3,078.00"
2019-08-15,2019081501005732,CCBL,25,40,450,161.00,"72,450.00"
2019-08-15,2019081501005690,CCBL,26,40,250,161.00,"40,250.00"
2019-08-15,2019081501005689,CCBL,22,40,300,161.00,"48,300.00"
2019-08-15,2019081501005558,CCBL,34,40,"1,000",161.00,"161,000.00"
2019-08-15,2019081501005459,CCBL,25,6,250,161.00,"40,250.00"
2019-08-15,2019081501005447,CCBL,25,6,250,161.00,"40,250.00"
2019-08-15,2019081501005446,CCBL,25,40,250,161.00,"40,250.00"
2019-08-15,2019081501005527,CHCL,21,36,13,472.00,"6,136.00"
2019-08-15,2019081501005506,CHCL,52,36,50,472.00,"23,600.00"
2019-08-15,2019081501005505,CHCL,1,36,87,472.00,"41,064.00"
2019-08-15,2019081501005892,CZBIL,19,13,100,219.00,"21,900.00"
2019-08-15,2019081501005589,DBBL,10,26,800,140.00,"112,000.00"
2019-08-15,2019081501005588,DBBL,35,26,500,140.00,"70,000.00"
2019-08-15,2019081501005587,DBBL,48,26,100,140.00,"14,000.00"
2019-08-15,2019081501005586,DBBL,58,26,50,140.00,"7,000.00"
2019-08-15,2019081501005585,DBBL,16,26,100,140.00,"14,000.00"
2019-08-15,2019081501005584,DBBL,22,26,500,140.00,"70,000.00"
2019-08-15,2019081501005583,DBBL,13,26,100,140.00,"14,000.00"
2019-08-15,2019081501005582,DBBL,55,26,100,140.00,"14,000.00"
2019-08-15,2019081501005911,EBL,17,51,68,641.00,"43,588.00"
2019-08-15,2019081501005910,EBL,43,51,32,641.00,"20,512.00"
2019-08-15,2019081501005522,EBL,43,49,158,641.00,"101,278.00"
2019-08-15,2019081501005521,EBL,29,49,100,642.00,"64,200.00"
2019-08-15,2019081501005520,EBL,42,49,100,642.00,"64,200.00"
2019-08-15,2019081501005519,EBL,42,49,25,643.00,"16,075.00"
2019-08-15,2019081501005518,EBL,8,49,27,643.00,"17,361.00"
2019-08-15,2019081501005798,EIC,17,59,30,336.00,"10,080.00"
2019-08-15,2019081501005466,EIC,37,29,125,335.00,"41,875.00"
2019-08-15,2019081501005415,EIC,37,29,75,335.00,"25,125.00"
2019-08-15,2019081501005745,FMDBL,50,35,250,399.00,"99,750.00"
2019-08-15,2019081501005578,FMDBL,50,22,250,399.00,"99,750.00"
2019-08-15,2019081501005577,FMDBL,50,6,500,398.00,"199,000.00"
2019-08-15,2019081501005576,FMDBL,50,40,679,395.00,"268,205.00"
2019-08-15,2019081501005575,FMDBL,50,51,200,394.00,"78,800.00"
2019-08-15,2019081501005574,FMDBL,50,51,123,394.00,"48,462.00"
2019-08-15,2019081501005908,GBBL,58,34,"2,000",214.00,"428,000.00"
2019-08-15,2019081501005864,GBBL,1,34,100,214.00,"21,400.00"
2019-08-15,2019081501005640,GBBL,45,35,"3,978",214.00,"851,292.00"
2019-08-15,2019081501005512,GBBL,49,35,300,214.00,"64,200.00"
2019-08-15,2019081501005511,GBBL,4,35,68,214.00,"14,552.00"
2019-08-15,2019081501005889,GBLBS,19,39,90,368.00,"33,120.00"
2019-08-15,2019081501005671,GBLBS,32,5,960,367.00,"352,320.00"
2019-08-15,2019081501005513,GBLBS,19,5,200,367.00,"73,400.00"
2019-08-15,2019081501005476,GBLBS,26,39,100,366.00,"36,600.00"
2019-08-15,2019081501005475,GBLBS,5,39,10,366.00,"3,660.00"
2019-08-15,2019081501005428,GBLBS,49,5,50,367.00,"18,350.00"
2019-08-15,2019081501005680,GDBL,45,32,10,207.00,"2,070.00"
2019-08-15,2019081501005679,GDBL,45,58,190,207.00,"39,330.00"
2019-08-15,2019081501005605,GILB,52,51,10,680.00,"6,800.00"
2019-08-15,2019081501005876,GLBSL,26,45,50,526.00,"26,300.00"
2019-08-15,2019081501005875,GLBSL,26,39,10,525.00,"5,250.00"
2019-08-15,2019081501005874,GLBSL,26,43,10,525.00,"5,250.00"
2019-08-15,2019081501005846,GLBSL,26,49,10,518.00,"5,180.00"
2019-08-15,2019081501005845,GLBSL,26,16,10,516.00,"5,160.00"
2019-08-15,2019081501005844,GLBSL,26,49,50,515.00,"25,750.00"
2019-08-15,2019081501005843,GLBSL,26,38,30,514.00,"15,420.00"
2019-08-15,2019081501005802,GLBSL,38,57,40,510.00,"20,400.00"
2019-08-15,2019081501005801,GLBSL,22,57,10,510.00,"5,100.00"
2019-08-15,2019081501005496,GLBSL,26,10,10,509.00,"5,090.00"
2019-08-15,2019081501005566,GLICL,1,34,30,467.00,"14,010.00"
2019-08-15,2019081501005594,HBL,42,57,30,540.00,"16,200.00"
2019-08-15,2019081501005557,HBL,42,57,50,541.00,"27,050.00"
2019-08-15,2019081501005556,HBL,49,57,200,542.00,"108,400.00"
2019-08-15,2019081501005555,HBL,26,57,50,544.00,"27,200.00"
2019-08-15,2019081501005554,HBL,39,57,100,545.00,"54,500.00"
2019-08-15,2019081501005553,HBL,40,57,45,545.00,"24,525.00"
2019-08-15,2019081501005552,HBL,49,57,25,545.00,"13,625.00"
2019-08-15,2019081501005867,HDL,20,25,20,"1,600.00","32,000.00"
2019-08-15,2019081501005818,HDL,39,38,150,"1,599.00","239,850.00"
2019-08-15,2019081501005729,HDL,58,38,150,"1,598.00","239,700.00"
2019-08-15,2019081501005715,HDL,39,33,90,"1,591.00","143,190.00"
2019-08-15,2019081501005792,HGI,22,51,100,334.00,"33,400.00"
2019-08-15,2019081501005759,HIDCL,10,43,100,149.00,"14,900.00"
2019-08-15,2019081501005636,HIDCL,6,5,250,150.00,"37,500.00"
2019-08-15,2019081501005784,HPPL,42,29,10,162.00,"1,620.00"
2019-08-15,2019081501005510,HURJA,41,41,20,129.00,"2,580.00"
2019-08-15,2019081501005851,ILBS,57,29,10,478.00,"4,780.00"
2019-08-15,2019081501005693,ILBS,22,57,10,471.00,"4,710.00"
2019-08-15,2019081501005661,ILBS,1,54,10,470.00,"4,700.00"
2019-08-15,2019081501005581,ILBS,39,57,30,471.00,"14,130.00"
2019-08-15,2019081501005580,ILBS,57,57,10,471.00,"4,710.00"
2019-08-15,2019081501005768,JBBL,36,28,419,158.00,"66,202.00"
2019-08-15,2019081501005495,JBBL,39,28,81,158.00,"12,798.00"
2019-08-15,2019081501005422,JBBL,39,25,119,158.00,"18,802.00"
2019-08-15,2019081501005421,JBBL,38,25,50,158.00,"7,900.00"
2019-08-15,2019081501005420,JBBL,38,25,31,158.00,"4,898.00"
2019-08-15,2019081501005902,JFL,49,45,10,192.00,"1,920.00"
2019-08-15,2019081501005895,KBL,7,11,374,204.00,"76,296.00"
2019-08-15,2019081501005894,KBL,40,11,500,204.00,"102,000.00"
2019-08-15,2019081501005893,KBL,40,11,126,204.00,"25,704.00"
2019-08-15,2019081501005730,KBL,40,40,250,204.00,"51,000.00"
2019-08-15,2019081501005497,KBL,40,5,124,204.00,"25,296.00"
2019-08-15,2019081501005445,KBL,17,5,100,204.00,"20,400.00"
2019-08-15,2019081501005444,KBL,8,5,200,204.00,"40,800.00"
2019-08-15,2019081501005596,KPCL,42,28,10,87.00,870.00
2019-08-15,2019081501005592,KPCL,42,49,10,86.00,860.00
2019-08-15,2019081501005804,KSBBL,34,54,200,148.00,"29,600.00"
2019-08-15,2019081501005668,KSBBL,59,54,500,148.00,"74,000.00"
2019-08-15,2019081501005881,LBBL,32,32,10,178.00,"1,780.00"
2019-08-15,2019081501005860,LBBL,33,32,10,178.00,"1,780.00"
2019-08-15,2019081501005855,LBBL,44,45,43,177.00,"7,611.00"
2019-08-15,2019081501005854,LBBL,26,45,250,177.00,"44,250.00"
2019-08-15,2019081501005461,LBBL,26,33,40,177.00,"7,080.00"
2019-08-15,2019081501005531,LBBL,26,33,10,177.00,"1,770.00"
2019-08-15,2019081501005853,LBBL,10,45,215,178.00,"38,270.00"
2019-08-15,2019081501005885,LBL,34,43,"1,000",213.00,"213,000.00"
2019-08-15,2019081501005771,LBL,25,43,500,213.00,"106,500.00"
2019-08-15,2019081501005770,LBL,40,43,700,213.00,"149,100.00"
2019-08-15,2019081501005769,LBL,25,43,200,213.00,"42,600.00"
2019-08-15,2019081501005430,LBL,25,11,800,213.00,"170,400.00"
2019-08-15,2019081501005429,LBL,38,11,200,213.00,"42,600.00"
2019-08-15,2019081501005761,LGIL,46,19,14,415.00,"5,810.00"
2019-08-15,2019081501005794,LICN,25,38,10,"1,138.00","11,380.00"
2019-08-15,2019081501005601,LLBS,52,45,20,740.00,"14,800.00"
2019-08-15,2019081501005600,LLBS,52,45,50,740.00,"37,000.00"
2019-08-15,2019081501005852,MBL,47,6,150,255.00,"38,250.00"
2019-08-15,2019081501005814,MBL,34,58,10,260.00,"2,600.00"
2019-08-15,2019081501005813,MBL,34,22,"1,000",257.00,"257,000.00"
2019-08-15,2019081501005812,MBL,34,25,"1,000",257.00,"257,000.00"
2019-08-15,2019081501005811,MBL,34,39,200,256.00,"51,200.00"
2019-08-15,2019081501005678,MBL,11,35,100,256.00,"25,600.00"
2019-08-15,2019081501005861,MDB,6,39,100,237.00,"23,700.00"
2019-08-15,2019081501005485,MDB,42,33,30,238.00,"7,140.00"
2019-08-15,2019081501005831,MEGA,11,40,150,200.00,"30,000.00"
2019-08-15,2019081501005791,MEGA,11,39,50,200.00,"10,000.00"
2019-08-15,2019081501005451,MEGA,38,13,94,200.00,"18,800.00"
2019-08-15,2019081501005452,MEGA,38,53,500,200.00,"100,000.00"
2019-08-15,2019081501005561,MEGA,38,37,200,200.00,"40,000.00"
2019-08-15,2019081501005534,MEGA,38,11,100,200.00,"20,000.00"
2019-08-15,2019081501005790,MEGA,52,39,150,200.00,"30,000.00"
2019-08-15,2019081501005703,MEGA,38,1,200,200.00,"40,000.00"
2019-08-15,2019081501005742,MERO,29,58,23,533.00,"12,259.00"
2019-08-15,2019081501005524,MERO,29,44,33,533.00,"17,589.00"
2019-08-15,2019081501005891,MLBL,14,52,356,203.00,"72,268.00"
2019-08-15,2019081501005890,MLBL,57,52,"1,644",203.00,"333,732.00"
2019-08-15,2019081501005859,MLBL,57,26,441,203.00,"89,523.00"
2019-08-15,2019081501005858,MLBL,58,26,29,204.00,"5,916.00"
2019-08-15,2019081501005857,MLBL,41,26,17,204.00,"3,468.00"
2019-08-15,2019081501005458,MLBL,41,52,83,204.00,"16,932.00"
2019-08-15,2019081501005457,MLBL,40,52,200,204.00,"40,800.00"
2019-08-15,2019081501005456,MLBL,45,52,467,204.00,"95,268.00"
2019-08-15,2019081501005862,MNBBL,44,25,100,370.00,"37,000.00"
2019-08-15,2019081501005856,MNBBL,19,25,400,370.00,"148,000.00"
2019-08-15,2019081501005440,MNBBL,57,28,"2,129",371.00,"789,859.00"
2019-08-15,2019081501005538,MNBBL,26,41,48,371.00,"17,808.00"
2019-08-15,2019081501005530,MNBBL,14,41,500,371.00,"185,500.00"
2019-08-15,2019081501005509,MNBBL,49,41,66,371.00,"24,486.00"
2019-08-15,2019081501005498,MNBBL,50,41,50,371.00,"18,550.00"
2019-08-15,2019081501005474,MNBBL,17,41,400,371.00,"148,400.00"
2019-08-15,2019081501005609,MNBBL,14,25,300,370.00,"111,000.00"
2019-08-15,2019081501005608,MNBBL,45,25,40,370.00,"14,800.00"
2019-08-15,2019081501005607,MNBBL,34,25,594,370.00,"219,780.00"
2019-08-15,2019081501005606,MNBBL,10,25,500,371.00,"185,500.00"
2019-08-15,2019081501005602,MNBBL,49,25,350,372.00,"130,200.00"
2019-08-15,2019081501005593,MNBBL,10,25,150,372.00,"55,800.00"
2019-08-15,2019081501005615,MNBBL,32,25,30,370.00,"11,100.00"
2019-08-15,2019081501005614,MNBBL,44,25,"1,000",370.00,"370,000.00"
2019-08-15,2019081501005613,MNBBL,26,25,200,370.00,"74,000.00"
2019-08-15,2019081501005612,MNBBL,22,25,20,370.00,"7,400.00"
2019-08-15,2019081501005611,MNBBL,25,25,100,370.00,"37,000.00"
2019-08-15,2019081501005610,MNBBL,53,25,100,370.00,"37,000.00"
2019-08-15,2019081501005621,MNBBL,33,25,966,370.00,"357,420.00"
2019-08-15,2019081501005620,MNBBL,44,25,"1,000",370.00,"370,000.00"
2019-08-15,2019081501005619,MNBBL,57,25,500,370.00,"185,000.00"
2019-08-15,2019081501005618,MNBBL,16,25,200,370.00,"74,000.00"
2019-08-15,2019081501005617,MNBBL,29,25,100,370.00,"37,000.00"
2019-08-15,2019081501005616,MNBBL,58,25,250,370.00,"92,500.00"
2019-08-15,2019081501005822,MNBBL,51,48,50,371.00,"18,550.00"
2019-08-15,2019081501005727,MNBBL,32,48,40,371.00,"14,840.00"
2019-08-15,2019081501005696,MNBBL,56,48,500,371.00,"185,500.00"
2019-08-15,2019081501005676,MNBBL,58,48,20,371.00,"7,420.00"
2019-08-15,2019081501005648,MNBBL,48,48,29,371.00,"10,759.00"
2019-08-15,2019081501005646,MNBBL,1,48,175,371.00,"64,925.00"
2019-08-15,2019081501005838,MNBBL,53,58,100,370.00,"37,000.00"
2019-08-15,2019081501005837,MNBBL,29,58,25,370.00,"9,250.00"
2019-08-15,2019081501005836,MNBBL,36,58,50,370.00,"18,500.00"
2019-08-15,2019081501005835,MNBBL,33,58,34,370.00,"12,580.00"
2019-08-15,2019081501005824,MNBBL,14,48,200,371.00,"74,200.00"
2019-08-15,2019081501005515,MSMBS,40,33,200,504.00,"100,800.00"
2019-08-15,2019081501005733,NABIL,6,25,10,784.00,"7,840.00"
2019-08-15,2019081501005438,NABIL,44,25,25,784.00,"19,600.00"
2019-08-15,2019081501005564,NADEP,39,49,10,489.00,"4,890.00"
2019-08-15,2019081501005563,NADEP,26,49,10,490.00,"4,900.00"
2019-08-15,2019081501005536,NADEP,26,44,20,490.00,"9,800.00"
2019-08-15,2019081501005432,NADEP,26,7,20,490.00,"9,800.00"
2019-08-15,2019081501005825,NAGRO,39,41,100,835.00,"83,500.00"
2019-08-15,2019081501005711,NAGRO,34,41,10,835.00,"8,350.00"
2019-08-15,2019081501005622,NAGRO,57,52,10,828.00,"8,280.00"
2019-08-15,2019081501005832,NBB,33,19,500,217.00,"108,500.00"
2019-08-15,2019081501005634,NBB,33,53,500,217.00,"108,500.00"
2019-08-15,2019081501005426,NBB,48,22,100,218.00,"21,800.00"
2019-08-15,2019081501005900,NBL,33,58,20,325.00,"6,500.00"
2019-08-15,2019081501005841,NBL,58,38,100,323.00,"32,300.00"
2019-08-15,2019081501005433,NBL,49,58,25,325.00,"8,125.00"
2019-08-15,2019081501005805,NCCB,19,56,91,205.00,"18,655.00"
2019-08-15,2019081501005644,NCCB,44,57,900,204.00,"183,600.00"
2019-08-15,2019081501005633,NEF,17,1,"7,000",8.01,"56,070.00"
2019-08-15,2019081501005480,NEF,17,40,"14,600",8.01,"116,946.00"
2019-08-15,2019081501005479,NEF,1,40,900,8.02,"7,218.00"
2019-08-15,2019081501005478,NEF,58,40,"1,000",8.03,"8,030.00"
2019-08-15,2019081501005477,NEF,37,40,"3,500",8.05,"28,175.00"
2019-08-15,2019081501005713,NGPL,43,44,11,112.00,"1,232.00"
2019-08-15,2019081501005901,NIB,16,6,10,492.00,"4,920.00"
2019-08-15,2019081501005887,NIB,17,49,10,491.00,"4,910.00"
2019-08-15,2019081501005886,NIB,22,49,308,491.00,"151,228.00"
2019-08-15,2019081501005827,NIB,22,38,192,491.00,"94,272.00"
2019-08-15,2019081501005826,NIB,36,38,208,491.00,"102,128.00"
2019-08-15,2019081501005807,NIB,1,49,183,492.00,"90,036.00"
2019-08-15,2019081501005464,NIB,34,20,44,492.00,"21,648.00"
2019-08-15,2019081501005463,NIB,41,20,30,492.00,"14,760.00"
2019-08-15,2019081501005462,NIB,42,20,131,492.00,"64,452.00"
2019-08-15,2019081501005424,NIB,42,22,69,492.00,"33,948.00"
2019-08-15,2019081501005423,NIB,28,22,31,492.00,"15,252.00"
2019-08-15,2019081501005591,NIB,33,57,50,493.00,"24,650.00"
2019-08-15,2019081501005590,NIB,33,57,18,493.00,"8,874.00"
2019-08-15,2019081501005551,NIB,54,57,92,492.00,"45,264.00"
2019-08-15,2019081501005550,NIB,44,57,10,492.00,"4,920.00"
2019-08-15,2019081501005532,NIB,56,57,40,493.00,"19,720.00"
2019-08-15,2019081501005482,NIB,34,57,50,492.00,"24,600.00"
2019-08-15,2019081501005752,NIB,42,44,50,492.00,"24,600.00"
2019-08-15,2019081501005751,NIB,26,44,200,492.00,"98,400.00"
2019-08-15,2019081501005750,NIB,6,44,30,492.00,"14,760.00"
2019-08-15,2019081501005749,NIB,1,44,10,492.00,"4,920.00"
2019-08-15,2019081501005748,NIB,54,44,58,492.00,"28,536.00"
2019-08-15,2019081501005657,NIB,57,57,50,493.00,"24,650.00"
2019-08-15,2019081501005776,NIB,57,57,50,491.00,"24,550.00"
2019-08-15,2019081501005757,NIB,48,44,20,492.00,"9,840.00"
2019-08-15,2019081501005756,NIB,42,44,50,492.00,"24,600.00"
2019-08-15,2019081501005755,NIB,17,44,120,492.00,"59,040.00"
2019-08-15,2019081501005754,NIB,10,44,30,492.00,"14,760.00"
2019-08-15,2019081501005753,NIB,35,44,15,492.00,"7,380.00"
2019-08-15,2019081501005806,NIB,1,44,417,492.00,"205,164.00"
2019-08-15,2019081501005781,NIB,36,57,292,491.00,"143,372.00"
2019-08-15,2019081501005780,NIB,26,57,200,491.00,"98,200.00"
2019-08-15,2019081501005779,NIB,8,57,200,491.00,"98,200.00"
2019-08-15,2019081501005778,NIB,49,57,50,491.00,"24,550.00"
2019-08-15,2019081501005777,NIB,22,57,50,491.00,"24,550.00"
2019-08-15,2019081501005783,NIBPO,4,33,30,440.00,"13,200.00"
2019-08-15,2019081501005782,NIBPO,4,33,30,440.00,"13,200.00"
2019-08-15,2019081501005747,NIBPO,4,33,20,440.00,"8,800.00"
2019-08-15,2019081501005746,NIBPO,4,50,10,439.00,"4,390.00"
2019-08-15,2019081501005472,NIBPO,20,50,100,439.00,"43,900.00"
2019-08-15,2019081501005471,NIBPO,10,50,100,439.00,"43,900.00"
2019-08-15,2019081501005662,NIBPO,4,50,30,439.00,"13,170.00"
2019-08-15,2019081501005652,NIBPO,4,50,30,439.00,"13,170.00"
2019-08-15,2019081501005642,NIBPO,4,50,30,439.00,"13,170.00"
2019-08-15,2019081501005638,NIBPO,4,50,30,439.00,"13,170.00"
2019-08-15,2019081501005635,NIBPO,4,50,30,439.00,"13,170.00"
2019-08-15,2019081501005682,NIBPO,4,50,30,439.00,"13,170.00"
2019-08-15,2019081501005675,NIBPO,28,14,345,438.00,"151,110.00"
2019-08-15,2019081501005674,NIBPO,22,14,55,438.00,"24,090.00"
2019-08-15,2019081501005673,NIBPO,4,50,30,439.00,"13,170.00"
2019-08-15,2019081501005669,NIBPO,46,50,20,439.00,"8,780.00"
2019-08-15,2019081501005663,NIBPO,4,50,30,439.00,"13,170.00"
2019-08-15,2019081501005714,NIBPO,4,50,30,439.00,"13,170.00"
2019-08-15,2019081501005706,NIBPO,4,50,30,439.00,"13,170.00"
2019-08-15,2019081501005705,NIBPO,4,50,30,439.00,"13,170.00"
2019-08-15,2019081501005697,NIBPO,4,50,30,439.00,"13,170.00"
2019-08-15,2019081501005695,NIBPO,4,50,30,439.00,"13,170.00"
2019-08-15,2019081501005688,NIBPO,4,50,30,439.00,"13,170.00"
2019-08-15,2019081501005741,NIBPO,4,50,30,439.00,"13,170.00"
2019-08-15,2019081501005738,NIBPO,4,50,30,439.00,"13,170.00"
2019-08-15,2019081501005731,NIBPO,4,50,30,439.00,"13,170.00"
2019-08-15,2019081501005725,NIBPO,4,50,30,439.00,"13,170.00"
2019-08-15,2019081501005723,NIBPO,4,50,30,439.00,"13,170.00"
2019-08-15,2019081501005833,NIBSF1,22,51,400,9.30,"3,720.00"
2019-08-15,2019081501005863,NICA,59,28,290,444.00,"128,760.00"
2019-08-15,2019081501005773,NICA,36,26,50,445.00,"22,250.00"
2019-08-15,2019081501005629,NICA,59,59,110,444.00,"48,840.00"
2019-08-15,2019081501005625,NICA,14,26,65,445.00,"28,925.00"
2019-08-15,2019081501005624,NICA,14,33,185,445.00,"82,325.00"
2019-08-15,2019081501005528,NICA,51,33,200,445.00,"89,000.00"
2019-08-15,2019081501005481,NICA,51,33,100,445.00,"44,500.00"
2019-08-15,2019081501005425,NICA,59,35,100,444.00,"44,400.00"
2019-08-15,2019081501005529,NLBBL,49,1,80,551.00,"44,080.00"
2019-08-15,2019081501005786,NLG,57,53,150,679.00,"101,850.00"
2019-08-15,2019081501005724,NLIC,10,54,300,877.00,"263,100.00"
2019-08-15,2019081501005545,NLIC,7,44,17,876.00,"14,892.00"
2019-08-15,2019081501005413,NLIC,10,28,270,875.00,"236,250.00"
2019-08-15,2019081501005412,NLIC,10,44,17,874.00,"14,858.00"
2019-08-15,2019081501005884,NLICL,43,50,10,569.00,"5,690.00"
2019-08-15,2019081501005772,NLICL,25,50,10,569.00,"5,690.00"
2019-08-15,2019081501005508,NLICL,25,35,88,561.00,"49,368.00"
2019-08-15,2019081501005507,NLICL,57,35,101,562.00,"56,762.00"
2019-08-15,2019081501005450,NMFBS,32,37,50,"1,470.00","73,500.00"
2019-08-15,2019081501005449,NMFBS,7,37,20,"1,470.00","29,400.00"
2019-08-15,2019081501005448,NMFBS,55,37,30,"1,471.00","44,130.00"
2019-08-15,2019081501005898,NNLB,6,51,20,461.00,"9,220.00"
2019-08-15,2019081501005809,NNLB,58,55,100,455.00,"45,500.00"
2019-08-15,2019081501005808,NNLB,58,1,100,452.00,"45,200.00"
2019-08-15,2019081501005904,NTC,6,11,755,679.00,"512,645.00"
2019-08-15,2019081501005903,NTC,6,35,100,679.00,"67,900.00"
2019-08-15,2019081501005499,NTC,33,49,100,677.00,"67,700.00"
2019-08-15,2019081501005709,PCBL,55,43,176,276.00,"48,576.00"
2019-08-15,2019081501005708,PCBL,58,43,24,277.00,"6,648.00"
2019-08-15,2019081501005641,PCBL,10,5,"1,055",278.00,"293,290.00"
2019-08-15,2019081501005568,PCBL,29,5,20,278.00,"5,560.00"
2019-08-15,2019081501005500,PFL,58,59,61,135.00,"8,235.00"
2019-08-15,2019081501005473,PFL,59,59,18,135.00,"2,430.00"
2019-08-15,2019081501005579,PIC,39,37,100,460.00,"46,000.00"
2019-08-15,2019081501005562,PIC,47,44,10,461.00,"4,610.00"
2019-08-15,2019081501005544,PLIC,21,36,26,411.00,"10,686.00"
2019-08-15,2019081501005543,PLIC,6,36,24,411.00,"9,864.00"
2019-08-15,2019081501005542,PLIC,35,36,40,411.00,"16,440.00"
2019-08-15,2019081501005523,PLIC,38,36,10,412.00,"4,120.00"
2019-08-15,2019081501005533,PPCL,3,41,30,116.00,"3,480.00"
2019-08-15,2019081501005905,PRIN,7,25,50,348.00,"17,400.00"
2019-08-15,2019081501005744,PRIN,58,35,31,351.00,"10,881.00"
2019-08-15,2019081501005743,PRIN,55,35,33,351.00,"11,583.00"
2019-08-15,2019081501005637,PRIN,55,59,73,351.00,"25,623.00"
2019-08-15,2019081501005896,PROFL,49,34,"2,500",104.00,"260,000.00"
2019-08-15,2019081501005840,PROFL,49,45,200,103.00,"20,600.00"
2019-08-15,2019081501005839,PROFL,49,51,50,103.00,"5,150.00"
2019-08-15,2019081501005760,PRVU,56,44,200,269.00,"53,800.00"
2019-08-15,2019081501005645,PRVU,10,59,302,268.00,"80,936.00"
2019-08-15,2019081501005598,PRVU,10,57,"1,000",268.00,"268,000.00"
2019-08-15,2019081501005639,RBCLPO,59,56,20,"8,545.00","170,900.00"
2019-08-15,2019081501005880,RHPL,37,33,110,210.00,"23,100.00"
2019-08-15,2019081501005879,RHPL,37,43,30,210.00,"6,300.00"
2019-08-15,2019081501005878,RHPL,37,43,30,210.00,"6,300.00"
2019-08-15,2019081501005877,RHPL,37,26,30,210.00,"6,300.00"
2019-08-15,2019081501005871,RHPL,11,26,10,210.00,"2,100.00"
2019-08-15,2019081501005870,RHPL,11,40,50,210.00,"10,500.00"
2019-08-15,2019081501005441,RHPL,59,49,30,210.00,"6,300.00"
2019-08-15,2019081501005436,RHPL,59,44,50,210.00,"10,500.00"
2019-08-15,2019081501005595,RHPL,45,43,"1,000",209.00,"209,000.00"
2019-08-15,2019081501005572,RHPL,45,44,40,209.00,"8,360.00"
2019-08-15,2019081501005571,RHPL,45,45,"1,200",209.00,"250,800.00"
2019-08-15,2019081501005549,RHPL,45,43,50,209.00,"10,450.00"
2019-08-15,2019081501005539,RHPL,45,49,40,209.00,"8,360.00"
2019-08-15,2019081501005486,RHPL,45,44,50,209.00,"10,450.00"
2019-08-15,2019081501005869,RHPL,11,11,10,210.00,"2,100.00"
2019-08-15,2019081501005800,RHPL,45,41,50,209.00,"10,450.00"
2019-08-15,2019081501005793,RHPL,45,49,40,209.00,"8,360.00"
2019-08-15,2019081501005726,RHPL,45,36,500,209.00,"104,500.00"
2019-08-15,2019081501005670,RHPL,45,51,40,209.00,"8,360.00"
2019-08-15,2019081501005667,RHPL,45,49,40,209.00,"8,360.00"
2019-08-15,2019081501005535,RSDC,58,26,11,360.00,"3,960.00"
2019-08-15,2019081501005417,RSDC,49,26,10,360.00,"3,600.00"
2019-08-15,2019081501005416,RSDC,49,45,40,360.00,"14,400.00"
2019-08-15,2019081501005872,SADBL,47,54,172,147.00,"25,284.00"
2019-08-15,2019081501005692,SADBL,17,54,100,148.00,"14,800.00"
2019-08-15,2019081501005691,SADBL,6,54,28,148.00,"4,144.00"
2019-08-15,2019081501005907,SANIMA,45,35,132,350.00,"46,200.00"
2019-08-15,2019081501005850,SANIMA,45,43,500,350.00,"175,000.00"
2019-08-15,2019081501005849,SANIMA,45,50,100,350.00,"35,000.00"
2019-08-15,2019081501005848,SANIMA,45,47,60,350.00,"21,000.00"
2019-08-15,2019081501005847,SANIMA,45,51,200,349.00,"69,800.00"
2019-08-15,2019081501005681,SANIMA,5,51,300,349.00,"104,700.00"
2019-08-15,2019081501005672,SANIMA,11,47,100,350.00,"35,000.00"
2019-08-15,2019081501005658,SANIMA,5,59,200,349.00,"69,800.00"
2019-08-15,2019081501005434,SANIMA,17,51,500,349.00,"174,500.00"
2019-08-15,2019081501005888,SBI,45,59,150,445.00,"66,750.00"
2019-08-15,2019081501005656,SBI,45,25,47,445.00,"20,915.00"
2019-08-15,2019081501005866,SBL,34,52,300,317.00,"95,100.00"
2019-08-15,2019081501005684,SBL,54,59,19,314.00,"5,966.00"
2019-08-15,2019081501005683,SBL,11,59,100,315.00,"31,500.00"
2019-08-15,2019081501005830,SCB,36,48,13,650.00,"8,450.00"
2019-08-15,2019081501005829,SCB,36,16,20,649.00,"12,980.00"
2019-08-15,2019081501005828,SCB,36,26,27,649.00,"17,523.00"
2019-08-15,2019081501005604,SCB,38,44,20,644.00,"12,880.00"
2019-08-15,2019081501005868,SFFIL,51,38,40,270.00,"10,800.00"
2019-08-15,2019081501005842,SFFIL,55,38,50,270.00,"13,500.00"
2019-08-15,2019081501005728,SHINE,45,58,31,254.00,"7,874.00"
2019-08-15,2019081501005883,SHIVM,45,38,530,581.00,"307,930.00"
2019-08-15,2019081501005865,SHIVM,41,40,50,582.00,"29,100.00"
2019-08-15,2019081501005739,SHIVM,41,32,100,582.00,"58,200.00"
2019-08-15,2019081501005623,SHIVM,41,34,50,582.00,"29,100.00"
2019-08-15,2019081501005787,SHL,6,53,100,232.00,"23,200.00"
2019-08-15,2019081501005665,SHL,21,22,100,232.00,"23,200.00"
2019-08-15,2019081501005573,SHL,20,54,110,230.00,"25,300.00"
2019-08-15,2019081501005797,SHPC,40,43,43,236.00,"10,148.00"
2019-08-15,2019081501005796,SHPC,49,43,100,236.00,"23,600.00"
2019-08-15,2019081501005795,SHPC,22,43,22,237.00,"5,214.00"
2019-08-15,2019081501005736,SICL,45,45,125,773.00,"96,625.00"
2019-08-15,2019081501005735,SICL,45,45,85,773.00,"65,705.00"
2019-08-15,2019081501005734,SICL,33,45,300,774.00,"232,200.00"
2019-08-15,2019081501005488,SICL,45,5,40,773.00,"30,920.00"
2019-08-15,2019081501005487,SICL,55,5,10,775.00,"7,750.00"
2019-08-15,2019081501005548,SIL,43,7,32,438.00,"14,016.00"
2019-08-15,2019081501005547,SIL,6,7,25,438.00,"10,950.00"
2019-08-15,2019081501005546,SIL,25,7,10,439.00,"4,390.00"
2019-08-15,2019081501005540,SIL,47,7,20,440.00,"8,800.00"
2019-08-15,2019081501005427,SIL,45,7,100,441.00,"44,100.00"
2019-08-15,2019081501005899,SJCL,17,43,20,222.00,"4,440.00"
2019-08-15,2019081501005823,SJCL,17,51,20,222.00,"4,440.00"
2019-08-15,2019081501005816,SJCL,17,7,310,222.00,"68,820.00"
2019-08-15,2019081501005815,SJCL,58,7,760,222.00,"168,720.00"
2019-08-15,2019081501005431,SJCL,8,49,20,222.00,"4,440.00"
2019-08-15,2019081501005484,SJCL,45,45,30,223.00,"6,690.00"
2019-08-15,2019081501005483,SJCL,8,1,10,222.00,"2,220.00"
2019-08-15,2019081501005467,SJCL,8,1,10,222.00,"2,220.00"
2019-08-15,2019081501005465,SJCL,8,11,10,222.00,"2,220.00"
2019-08-15,2019081501005460,SJCL,8,14,20,222.00,"4,440.00"
2019-08-15,2019081501005627,SJCL,48,43,200,222.00,"44,400.00"
2019-08-15,2019081501005626,SJCL,8,43,480,222.00,"106,560.00"
2019-08-15,2019081501005537,SJCL,8,43,20,222.00,"4,440.00"
2019-08-15,2019081501005525,SJCL,8,49,10,222.00,"2,220.00"
2019-08-15,2019081501005700,SJCL,40,7,150,222.00,"33,300.00"
2019-08-15,2019081501005699,SJCL,10,7,200,222.00,"44,400.00"
2019-08-15,2019081501005698,SJCL,17,7,150,222.00,"33,300.00"
2019-08-15,2019081501005649,SJCL,17,57,10,222.00,"2,220.00"
2019-08-15,2019081501005647,SJCL,17,49,20,222.00,"4,440.00"
2019-08-15,2019081501005628,SJCL,17,43,320,222.00,"71,040.00"
2019-08-15,2019081501005775,SJCL,58,41,20,222.00,"4,440.00"
2019-08-15,2019081501005774,SJCL,58,49,20,222.00,"4,440.00"
2019-08-15,2019081501005702,SJCL,58,7,200,222.00,"44,400.00"
2019-08-15,2019081501005701,SJCL,32,7,200,222.00,"44,400.00"
2019-08-15,2019081501005873,SKBBL,29,32,10,981.00,"9,810.00"
2019-08-15,2019081501005799,SLBSL,18,44,10,676.00,"6,760.00"
2019-08-15,2019081501005785,SLBSL,18,52,40,670.00,"26,800.00"
2019-08-15,2019081501005704,SLBSL,18,52,10,670.00,"6,700.00"
2019-08-15,2019081501005687,SLBSL,52,45,100,665.00,"66,500.00"
2019-08-15,2019081501005686,SLBSL,52,45,90,663.00,"59,670.00"
2019-08-15,2019081501005685,SLBSL,52,25,50,662.00,"33,100.00"
2019-08-15,2019081501005655,SLBSL,18,48,10,660.00,"6,600.00"
2019-08-15,2019081501005654,SLBSL,18,35,20,659.00,"13,180.00"
2019-08-15,2019081501005817,SLICL,45,42,20,302.00,"6,040.00"
2019-08-15,2019081501005763,SLICL,14,42,30,302.00,"9,060.00"
2019-08-15,2019081501005643,SLICL,13,42,50,302.00,"15,100.00"
2019-08-15,2019081501005740,SLICL,14,51,20,301.00,"6,020.00"
2019-08-15,2019081501005710,SMFBS,57,34,10,829.00,"8,290.00"
2019-08-15,2019081501005789,SPARS,6,52,10,619.00,"6,190.00"
2019-08-15,2019081501005788,SPARS,6,45,10,619.00,"6,190.00"
2019-08-15,2019081501005651,SRBL,54,26,938,233.00,"218,554.00"
2019-08-15,2019081501005650,SRBL,54,11,424,233.00,"98,792.00"
2019-08-15,2019081501005597,SRBL,40,11,500,233.00,"116,500.00"
2019-08-15,2019081501005559,SRBL,59,11,200,233.00,"46,600.00"
2019-08-15,2019081501005541,SRBL,18,11,200,233.00,"46,600.00"
2019-08-15,2019081501005419,SRBL,19,11,100,233.00,"23,300.00"
2019-08-15,2019081501005694,TRH,44,49,50,308.00,"15,400.00"
2019-08-15,2019081501005599,UIC,47,22,10,308.00,"3,080.00"
2019-08-15,2019081501005453,UIC,19,56,40,311.00,"12,440.00"
2019-08-15,2019081501005758,UMHL,39,29,10,107.00,"1,070.00"
2019-08-15,2019081501005803,UPCL,58,5,"2,000",83.00,"166,000.00"
2019-08-15,2019081501005721,UPCL,58,5,"1,339",83.00,"111,137.00"
2019-08-15,2019081501005720,UPCL,35,5,100,83.00,"8,300.00"
2019-08-15,2019081501005719,UPCL,41,5,"1,561",83.00,"129,563.00"
2019-08-15,2019081501005653,UPCL,41,13,100,83.00,"8,300.00"
2019-08-15,2019081501005718,UPPER,10,45,200,261.00,"52,200.00"
2019-08-15,2019081501005717,UPPER,28,45,100,261.00,"26,100.00"
2019-08-15,2019081501005716,UPPER,22,45,195,261.00,"50,895.00"
2019-08-15,2019081501005712,UPPER,22,26,50,261.00,"13,050.00"
2019-08-15,2019081501005660,UPPER,22,43,255,261.00,"66,555.00"
2019-08-15,2019081501005659,UPPER,22,43,245,261.00,"63,945.00"
2019-08-15,2019081501005526,UPPER,22,44,100,261.00,"26,100.00"
2019-08-15,2019081501005443,UPPER,22,44,50,261.00,"13,050.00"
2019-08-15,2019081501005821,VLBS,33,53,17,601.00,"10,217.00"
2019-08-15,2019081501005820,VLBS,33,22,50,600.00,"30,000.00"
2019-08-15,2019081501005819,VLBS,33,46,32,600.00,"19,200.00"
2019-08-15,2019081501005722,VLBS,39,33,100,594.00,"59,400.00"
2019-08-15,2019081501005340,ADBL,45,42,500,430.00,"215,000.00"
2019-08-15,2019081501005286,ADBL,45,49,"1,200",430.00,"516,000.00"
2019-08-15,2019081501005243,ADBL,45,36,450,430.00,"193,500.00"
2019-08-15,2019081501005141,ADBL,35,58,25,431.00,"10,775.00"
2019-08-15,2019081501005032,ADBL,6,57,489,431.00,"210,759.00"
2019-08-15,2019081501004984,ADBL,25,57,100,431.00,"43,100.00"
2019-08-15,2019081501004983,ADBL,25,8,100,431.00,"43,100.00"
2019-08-15,2019081501004982,ADBL,25,45,150,431.00,"64,650.00"
2019-08-15,2019081501004981,ADBL,25,49,150,431.00,"64,650.00"
2019-08-15,2019081501004943,ADBL,45,49,250,431.00,"107,750.00"
2019-08-15,2019081501005365,AKPL,8,59,29,160.00,"4,640.00"
2019-08-15,2019081501005364,AKPL,21,59,70,160.00,"11,200.00"
2019-08-15,2019081501005361,AKPL,21,58,30,160.00,"4,800.00"
2019-08-15,2019081501005360,AKPL,45,58,36,160.00,"5,760.00"
2019-08-15,2019081501005359,AKPL,8,58,33,161.00,"5,313.00"
2019-08-15,2019081501005133,AKPL,45,26,13,160.00,"2,080.00"
2019-08-15,2019081501005019,AKPL,25,49,50,160.00,"8,000.00"
2019-08-15,2019081501005338,ALBSL,45,44,10,460.00,"4,600.00"
2019-08-15,2019081501005325,ALBSL,51,38,100,461.00,"46,100.00"
2019-08-15,2019081501005290,ALBSL,6,44,10,461.00,"4,610.00"
2019-08-15,2019081501005056,ALBSL,6,49,10,461.00,"4,610.00"
2019-08-15,2019081501004934,ALICL,33,36,22,347.00,"7,634.00"
2019-08-15,2019081501005253,API,59,6,800,130.00,"104,000.00"
2019-08-15,2019081501005252,API,59,43,359,130.00,"46,670.00"
2019-08-15,2019081501004912,BBC,52,35,48,"1,362.00","65,376.00"
2019-08-15,2019081501005267,BOKL,32,10,202,255.00,"51,510.00"
2019-08-15,2019081501005266,BOKL,41,10,100,255.00,"25,500.00"
2019-08-15,2019081501005265,BOKL,19,10,100,255.00,"25,500.00"
2019-08-15,2019081501005264,BOKL,54,10,200,255.00,"51,000.00"
2019-08-15,2019081501005263,BOKL,6,10,100,255.00,"25,500.00"
2019-08-15,2019081501005262,BOKL,8,10,18,255.00,"4,590.00"
2019-08-15,2019081501005221,BOKL,8,22,100,255.00,"25,500.00"
2019-08-15,2019081501005163,BOKL,34,10,20,256.00,"5,120.00"
2019-08-15,2019081501005097,BOKL,44,10,50,256.00,"12,800.00"
2019-08-15,2019081501005049,BOKL,49,10,200,256.00,"51,200.00"
2019-08-15,2019081501005048,BOKL,7,10,10,256.00,"2,560.00"
2019-08-15,2019081501005349,BPCL,37,3,100,389.00,"38,900.00"
2019-08-15,2019081501005388,CBBL,34,17,500,994.00,"497,000.00"
2019-08-15,2019081501005039,CBBL,34,19,330,998.00,"329,340.00"
2019-08-15,2019081501005038,CBBL,34,6,300,997.00,"299,100.00"
2019-08-15,2019081501005037,CBBL,34,51,40,995.00,"39,800.00"
2019-08-15,2019081501005202,CBBL,34,21,100,993.00,"99,300.00"
2019-08-15,2019081501005119,CBBL,34,44,35,993.00,"34,755.00"
2019-08-15,2019081501005118,CBBL,49,44,15,994.00,"14,910.00"
2019-08-15,2019081501005041,CBBL,34,52,200,999.00,"199,800.00"
2019-08-15,2019081501005040,CBBL,34,32,100,999.00,"99,900.00"
2019-08-15,2019081501005396,CBL,40,43,500,149.00,"74,500.00"
2019-08-15,2019081501005395,CBL,44,43,280,149.00,"41,720.00"
2019-08-15,2019081501005117,CBL,44,49,184,149.00,"27,416.00"
2019-08-15,2019081501005043,CBL,44,48,102,149.00,"15,198.00"
2019-08-15,2019081501005030,CBL,19,5,100,150.00,"15,000.00"
2019-08-15,2019081501005000,CBL,44,49,78,149.00,"11,622.00"
2019-08-15,2019081501004973,CBL,44,25,56,149.00,"8,344.00"
2019-08-15,2019081501004927,CBL,44,54,800,149.00,"119,200.00"
2019-08-15,2019081501005400,CCBL,21,40,250,161.00,"40,250.00"
2019-08-15,2019081501005399,CCBL,21,42,250,161.00,"40,250.00"
2019-08-15,2019081501005392,CCBL,19,42,100,161.00,"16,100.00"
2019-08-15,2019081501005387,CCBL,5,43,30,160.00,"4,800.00"
2019-08-15,2019081501005386,CCBL,26,43,970,160.00,"155,200.00"
2019-08-15,2019081501005353,CCBL,38,42,500,161.00,"80,500.00"
2019-08-15,2019081501004962,CCBL,57,40,50,161.00,"8,050.00"
2019-08-15,2019081501004917,CCBL,45,44,127,160.00,"20,320.00"
2019-08-15,2019081501005050,CCBL,19,25,10,161.00,"1,610.00"
2019-08-15,2019081501005020,CCBL,45,49,57,160.00,"9,120.00"
2019-08-15,2019081501005007,CCBL,45,26,550,161.00,"88,550.00"
2019-08-15,2019081501004987,CCBL,19,26,100,161.00,"16,100.00"
2019-08-15,2019081501004980,CCBL,19,26,323,161.00,"52,003.00"
2019-08-15,2019081501004979,CCBL,19,40,177,161.00,"28,497.00"
2019-08-15,2019081501005222,CCBL,43,26,170,160.00,"27,200.00"
2019-08-15,2019081501005160,CCBL,43,42,59,160.00,"9,440.00"
2019-08-15,2019081501005152,CCBL,45,35,"1,500",160.00,"240,000.00"
2019-08-15,2019081501005138,CCBL,45,49,107,160.00,"17,120.00"
2019-08-15,2019081501005095,CCBL,40,40,500,161.00,"80,500.00"
2019-08-15,2019081501005094,CCBL,19,40,490,161.00,"78,890.00"
2019-08-15,2019081501005352,CCBL,7,42,350,161.00,"56,350.00"
2019-08-15,2019081501005261,CCBL,7,36,150,161.00,"24,150.00"
2019-08-15,2019081501005233,CCBL,43,57,"1,100",161.00,"177,100.00"
2019-08-15,2019081501005232,CCBL,43,40,10,161.00,"1,610.00"
2019-08-15,2019081501005224,CCBL,26,26,30,160.00,"4,800.00"
2019-08-15,2019081501005223,CCBL,59,26,200,160.00,"32,000.00"
2019-08-15,2019081501005181,CHCL,1,49,13,472.00,"6,136.00"
2019-08-15,2019081501005180,CHCL,57,49,141,472.00,"66,552.00"
2019-08-15,2019081501005034,CHCL,57,49,59,472.00,"27,848.00"
2019-08-15,2019081501005033,CHCL,22,49,30,472.00,"14,160.00"
2019-08-15,2019081501005111,CIT,55,1,50,"2,370.00","118,500.00"
2019-08-15,2019081501005110,CIT,48,1,10,"2,371.00","23,710.00"
2019-08-15,2019081501005250,CZBIL,34,42,30,217.00,"6,510.00"
2019-08-15,2019081501005249,CZBIL,57,42,100,217.00,"21,700.00"
2019-08-15,2019081501005248,CZBIL,57,42,10,217.00,"2,170.00"
2019-08-15,2019081501005247,CZBIL,11,42,230,217.00,"49,910.00"
2019-08-15,2019081501005246,CZBIL,43,42,70,217.00,"15,190.00"
2019-08-15,2019081501005245,CZBIL,51,42,200,218.00,"43,600.00"
2019-08-15,2019081501005244,CZBIL,19,42,30,218.00,"6,540.00"
2019-08-15,2019081501005066,CZBIL,32,41,550,218.00,"119,900.00"
2019-08-15,2019081501005015,CZBIL,19,52,70,218.00,"15,260.00"
2019-08-15,2019081501005191,DBBL,36,38,"2,000",141.00,"282,000.00"
2019-08-15,2019081501005190,DBBL,36,56,588,141.00,"82,908.00"
2019-08-15,2019081501005225,EBL,8,49,13,643.00,"8,359.00"
2019-08-15,2019081501005125,EBL,44,34,100,644.00,"64,400.00"
2019-08-15,2019081501005379,EIC,37,32,25,335.00,"8,375.00"
2019-08-15,2019081501005027,EIC,37,32,100,335.00,"33,500.00"
2019-08-15,2019081501005401,FMDBL,49,51,100,394.00,"39,400.00"
2019-08-15,2019081501005391,FMDBL,11,51,150,394.00,"59,100.00"
2019-08-15,2019081501005310,FMDBL,11,43,350,394.00,"137,900.00"
2019-08-15,2019081501005309,FMDBL,34,43,100,394.00,"39,400.00"
2019-08-15,2019081501005308,FMDBL,25,43,50,395.00,"19,750.00"
2019-08-15,2019081501005270,FOWAD,49,49,49,"1,350.00","66,150.00"
2019-08-15,2019081501005295,GBBL,4,42,432,214.00,"92,448.00"
2019-08-15,2019081501005294,GBBL,39,42,50,214.00,"10,700.00"
2019-08-15,2019081501005293,GBBL,19,42,150,214.00,"32,100.00"
2019-08-15,2019081501005339,GBLBS,17,49,10,367.00,"3,670.00"
2019-08-15,2019081501005008,GBLBS,17,44,10,367.00,"3,670.00"
2019-08-15,2019081501005274,GDBL,14,53,100,206.00,"20,600.00"
2019-08-15,2019081501005106,GHL,44,28,30,83.00,"2,490.00"
2019-08-15,2019081501005303,GLBSL,26,38,100,509.00,"50,900.00"
2019-08-15,2019081501005302,GLBSL,38,38,20,510.00,"10,200.00"
2019-08-15,2019081501005126,GLBSL,38,28,10,510.00,"5,100.00"
2019-08-15,2019081501005161,GMFBS,10,44,10,564.00,"5,640.00"
2019-08-15,2019081501005004,HBL,49,25,10,545.00,"5,450.00"
2019-08-15,2019081501005241,HDL,48,25,50,"1,590.00","79,500.00"
2019-08-15,2019081501005240,HDL,48,38,140,"1,590.00","222,600.00"
2019-08-15,2019081501005239,HDL,48,52,100,"1,585.00","158,500.00"
2019-08-15,2019081501005383,HIDCL,10,35,814,149.00,"121,286.00"
2019-08-15,2019081501005382,HIDCL,34,35,38,149.00,"5,662.00"
2019-08-15,2019081501005367,HIDCL,34,49,35,149.00,"5,215.00"
2019-08-15,2019081501005167,HIDCL,34,42,31,149.00,"4,619.00"
2019-08-15,2019081501005109,HIDCL,34,26,61,149.00,"9,089.00"
2019-08-15,2019081501005047,HIDCL,38,5,50,151.00,"7,550.00"
2019-08-15,2019081501005153,HPPL,58,26,10,161.00,"1,610.00"
2019-08-15,2019081501005014,HPPL,58,44,10,161.00,"1,610.00"
2019-08-15,2019081501004926,HPPL,45,44,10,161.00,"1,610.00"
2019-08-15,2019081501005143,HURJA,41,51,10,129.00,"1,290.00"
2019-08-15,2019081501005021,HURJA,41,26,20,129.00,"2,580.00"
2019-08-15,2019081501005005,HURJA,41,26,20,129.00,"2,580.00"
2019-08-15,2019081501004972,HURJA,41,26,20,129.00,"2,580.00"
2019-08-15,2019081501004932,HURJA,22,26,20,128.00,"2,560.00"
2019-08-15,2019081501005373,ILBS,57,44,10,471.00,"4,710.00"
2019-08-15,2019081501005159,ILBS,57,10,10,471.00,"4,710.00"
2019-08-15,2019081501004941,ILBS,57,44,10,471.00,"4,710.00"
2019-08-15,2019081501005326,JBBL,38,46,100,158.00,"15,800.00"
2019-08-15,2019081501005174,JBBL,38,42,19,158.00,"3,002.00"
2019-08-15,2019081501005158,JBBL,38,55,45,158.00,"7,110.00"
2019-08-15,2019081501005149,JBBL,38,55,50,158.00,"7,900.00"
2019-08-15,2019081501005137,JBBL,38,55,100,158.00,"15,800.00"
2019-08-15,2019081501005124,JBBL,38,55,110,158.00,"17,380.00"
2019-08-15,2019081501005018,JBBL,38,46,25,158.00,"3,950.00"
2019-08-15,2019081501005009,JBBL,38,46,50,158.00,"7,900.00"
2019-08-15,2019081501004999,JBBL,38,46,30,158.00,"4,740.00"
2019-08-15,2019081501004992,JBBL,38,46,40,158.00,"6,320.00"
2019-08-15,2019081501005108,JBBL,38,55,295,158.00,"46,610.00"
2019-08-15,2019081501005107,JBBL,38,46,185,158.00,"29,230.00"
2019-08-15,2019081501005083,JBBL,38,46,500,158.00,"79,000.00"
2019-08-15,2019081501005078,JBBL,38,46,60,158.00,"9,480.00"
2019-08-15,2019081501005053,JBBL,38,46,50,158.00,"7,900.00"
2019-08-15,2019081501005025,JBBL,38,46,50,158.00,"7,900.00"
2019-08-15,2019081501005257,KBL,7,5,33,204.00,"6,732.00"
2019-08-15,2019081501005256,KBL,34,5,30,204.00,"6,120.00"
2019-08-15,2019081501005255,KBL,41,5,600,204.00,"122,400.00"
2019-08-15,2019081501005254,KBL,1,5,450,204.00,"91,800.00"
2019-08-15,2019081501005242,KBL,1,35,50,204.00,"10,200.00"
2019-08-15,2019081501005077,KBL,51,14,193,203.00,"39,179.00"
2019-08-15,2019081501005076,KBL,55,14,200,203.00,"40,600.00"
2019-08-15,2019081501005075,KBL,53,14,102,203.00,"20,706.00"
2019-08-15,2019081501005074,KBL,52,14,155,203.00,"31,465.00"
2019-08-15,2019081501005073,KBL,59,14,100,203.00,"20,300.00"
2019-08-15,2019081501005072,KBL,41,14,250,203.00,"50,750.00"
2019-08-15,2019081501004986,KBL,46,57,925,204.00,"188,700.00"
2019-08-15,2019081501005058,KKHC,32,26,16,63.00,"1,008.00"
2019-08-15,2019081501005357,KSBBL,11,54,300,149.00,"44,700.00"
2019-08-15,2019081501004978,LBBL,42,45,100,177.00,"17,700.00"
2019-08-15,2019081501004977,LBBL,14,45,300,177.00,"53,100.00"
2019-08-15,2019081501005185,LBBL,42,45,100,177.00,"17,700.00"
2019-08-15,2019081501005363,LBL,38,11,300,213.00,"63,900.00"
2019-08-15,2019081501005327,LBL,25,25,"1,200",213.00,"255,600.00"
2019-08-15,2019081501005315,LBL,25,43,"1,000",213.00,"213,000.00"
2019-08-15,2019081501005070,LBL,40,57,300,213.00,"63,900.00"
2019-08-15,2019081501005052,LBL,42,57,"1,000",213.00,"213,000.00"
2019-08-15,2019081501005024,LBL,49,57,200,213.00,"42,600.00"
2019-08-15,2019081501004993,LBL,22,57,500,213.00,"106,500.00"
2019-08-15,2019081501004976,LBL,32,57,"1,000",213.00,"213,000.00"
2019-08-15,2019081501005091,LGIL,29,19,140,407.00,"56,980.00"
2019-08-15,2019081501005090,LGIL,26,19,200,407.00,"81,400.00"
2019-08-15,2019081501005089,LGIL,43,19,129,407.00,"52,503.00"
2019-08-15,2019081501005088,LGIL,1,19,50,407.00,"20,350.00"
2019-08-15,2019081501005087,LGIL,38,19,11,408.00,"4,488.00"
2019-08-15,2019081501005086,LGIL,47,19,20,409.00,"8,180.00"
2019-08-15,2019081501005307,LICN,40,57,37,"1,125.00","41,625.00"
2019-08-15,2019081501005292,LICN,57,57,27,"1,125.00","30,375.00"
2019-08-15,2019081501004915,LLBS,18,18,15,735.00,"11,025.00"
2019-08-15,2019081501005067,MBL,1,1,500,256.00,"128,000.00"
2019-08-15,2019081501004930,MBL,17,1,100,256.00,"25,600.00"
2019-08-15,2019081501005371,MEGA,13,13,241,200.00,"48,200.00"
2019-08-15,2019081501004937,MEGA,19,34,450,199.00,"89,550.00"
2019-08-15,2019081501004936,MEGA,33,11,200,200.00,"40,000.00"
2019-08-15,2019081501004956,MEGA,49,11,200,200.00,"40,000.00"
2019-08-15,2019081501004940,MEGA,51,34,50,199.00,"9,950.00"
2019-08-15,2019081501004939,MEGA,57,34,500,199.00,"99,500.00"
2019-08-15,2019081501004938,MEGA,49,34,500,199.00,"99,500.00"
2019-08-15,2019081501004990,MEGA,33,11,200,200.00,"40,000.00"
2019-08-15,2019081501005063,MEGA,51,18,22,199.00,"4,378.00"
2019-08-15,2019081501005046,MEGA,51,49,59,199.00,"11,741.00"
2019-08-15,2019081501005278,MEGA,11,46,"1,005",200.00,"201,000.00"
2019-08-15,2019081501005277,MEGA,11,34,354,200.00,"70,800.00"
2019-08-15,2019081501005276,MEGA,11,11,400,200.00,"80,000.00"
2019-08-15,2019081501005370,MEGA,13,6,759,200.00,"151,800.00"
2019-08-15,2019081501005279,MEGA,11,6,241,200.00,"48,200.00"
2019-08-15,2019081501005170,MERO,45,44,16,532.00,"8,512.00"
2019-08-15,2019081501005169,MERO,38,44,17,533.00,"9,061.00"
2019-08-15,2019081501005393,MLBL,29,49,21,205.00,"4,305.00"
2019-08-15,2019081501005337,MLBL,45,59,33,204.00,"6,732.00"
2019-08-15,2019081501005186,MLBL,57,42,43,203.00,"8,729.00"
2019-08-15,2019081501005171,MLBL,52,52,500,204.00,"102,000.00"
2019-08-15,2019081501005061,MLBL,14,49,950,205.00,"194,750.00"
2019-08-15,2019081501005060,MLBL,14,32,50,205.00,"10,250.00"
2019-08-15,2019081501005012,MLBL,45,41,960,204.00,"195,840.00"
2019-08-15,2019081501004946,MLBL,8,52,260,204.00,"53,040.00"
2019-08-15,2019081501005139,MLBL,57,21,24,203.00,"4,872.00"
2019-08-15,2019081501005129,MLBL,33,52,200,204.00,"40,800.00"
2019-08-15,2019081501005128,MLBL,32,52,500,204.00,"102,000.00"
2019-08-15,2019081501005081,MLBL,21,52,500,204.00,"102,000.00"
2019-08-15,2019081501005080,MLBL,21,52,"1,000",204.00,"204,000.00"
2019-08-15,2019081501005079,MLBL,45,52,40,204.00,"8,160.00"
2019-08-15,2019081501005368,MNBBL,51,28,55,371.00,"20,405.00"
2019-08-15,2019081501005356,MNBBL,21,28,50,371.00,"18,550.00"
2019-08-15,2019081501005348,MNBBL,10,28,49,371.00,"18,179.00"
2019-08-15,2019081501005347,MNBBL,10,34,21,371.00,"7,791.00"
2019-08-15,2019081501005289,MNBBL,17,34,29,371.00,"10,759.00"
2019-08-15,2019081501005288,MNBBL,17,41,198,371.00,"73,458.00"
2019-08-15,2019081501004949,MNBBL,57,25,50,370.00,"18,500.00"
2019-08-15,2019081501004948,MNBBL,53,25,160,370.00,"59,200.00"
2019-08-15,2019081501004947,MNBBL,26,25,96,370.00,"35,520.00"
2019-08-15,2019081501004914,MNBBL,26,1,118,370.00,"43,660.00"
2019-08-15,2019081501004964,MNBBL,16,14,25,371.00,"9,275.00"
2019-08-15,2019081501004960,MNBBL,52,25,490,370.00,"181,300.00"
2019-08-15,2019081501004959,MNBBL,36,25,10,370.00,"3,700.00"
2019-08-15,2019081501004952,MNBBL,36,25,45,370.00,"16,650.00"
2019-08-15,2019081501004951,MNBBL,52,25,99,370.00,"36,630.00"
2019-08-15,2019081501004950,MNBBL,14,25,50,370.00,"18,500.00"
2019-08-15,2019081501005101,MNBBL,52,20,10,370.00,"3,700.00"
2019-08-15,2019081501005028,MNBBL,25,14,100,371.00,"37,100.00"
2019-08-15,2019081501005006,MNBBL,45,14,30,371.00,"11,130.00"
2019-08-15,2019081501004994,MNBBL,42,14,25,371.00,"9,275.00"
2019-08-15,2019081501005287,MNBBL,17,14,73,371.00,"27,083.00"
2019-08-15,2019081501005285,MNBBL,10,14,50,371.00,"18,550.00"
2019-08-15,2019081501005217,MNBBL,34,28,406,370.00,"150,220.00"
2019-08-15,2019081501005216,MNBBL,52,28,100,370.00,"37,000.00"
2019-08-15,2019081501005199,MNBBL,58,14,20,371.00,"7,420.00"
2019-08-15,2019081501005406,MNBBLP,35,33,"1,000",187.00,"187,000.00"
2019-08-15,2019081501005405,MNBBLP,35,33,"5,000",187.00,"935,000.00"
2019-08-15,2019081501005404,MNBBLP,35,33,"1,000",187.00,"187,000.00"
2019-08-15,2019081501004925,NABIL,35,25,200,783.00,"156,600.00"
2019-08-15,2019081501005096,NADEP,39,44,20,489.00,"9,780.00"
2019-08-15,2019081501004933,NADEP,49,44,20,490.00,"9,800.00"
2019-08-15,2019081501005374,NAGRO,49,7,40,823.00,"32,920.00"
2019-08-15,2019081501005035,NBB,17,22,100,218.00,"21,800.00"
2019-08-15,2019081501005031,NBB,32,34,452,217.00,"98,084.00"
2019-08-15,2019081501005304,NBL,34,58,30,325.00,"9,750.00"
2019-08-15,2019081501005183,NBL,10,25,10,323.00,"3,230.00"
2019-08-15,2019081501005182,NBL,10,49,400,323.00,"129,200.00"
2019-08-15,2019081501005092,NBL,53,49,"1,500",323.00,"484,500.00"
2019-08-15,2019081501004997,NBL,40,49,50,323.00,"16,150.00"
2019-08-15,2019081501004996,NBL,45,49,900,323.00,"290,700.00"
2019-08-15,2019081501004991,NBL,45,32,800,323.00,"258,400.00"
2019-08-15,2019081501004913,NBL,45,16,"2,000",323.00,"646,000.00"
2019-08-15,2019081501005235,NCCB,44,22,100,204.00,"20,400.00"
2019-08-15,2019081501005200,NCCB,44,42,50,204.00,"10,200.00"
2019-08-15,2019081501005351,NIB,28,58,333,492.00,"163,836.00"
2019-08-15,2019081501005346,NIB,28,20,302,492.00,"148,584.00"
2019-08-15,2019081501005345,NIB,29,20,50,492.00,"24,600.00"
2019-08-15,2019081501005344,NIB,41,20,16,492.00,"7,872.00"
2019-08-15,2019081501005343,NIB,54,20,50,492.00,"24,600.00"
2019-08-15,2019081501005342,NIB,38,20,56,492.00,"27,552.00"
2019-08-15,2019081501005319,NIB,46,22,15,493.00,"7,395.00"
2019-08-15,2019081501005318,NIB,32,22,30,493.00,"14,790.00"
2019-08-15,2019081501005317,NIB,51,22,10,493.00,"4,930.00"
2019-08-15,2019081501005189,NIB,51,22,40,493.00,"19,720.00"
2019-08-15,2019081501005341,NIB,45,20,26,492.00,"12,792.00"
2019-08-15,2019081501005336,NIB,6,49,996,493.00,"491,028.00"
2019-08-15,2019081501005324,NIB,46,49,30,493.00,"14,790.00"
2019-08-15,2019081501005323,NIB,28,49,"1,000",493.00,"493,000.00"
2019-08-15,2019081501005322,NIB,7,49,55,493.00,"27,115.00"
2019-08-15,2019081501005320,NIB,7,22,45,493.00,"22,185.00"
2019-08-15,2019081501005195,NIBPO,41,33,420,440.00,"184,800.00"
2019-08-15,2019081501005194,NIBPO,41,57,80,440.00,"35,200.00"
2019-08-15,2019081501004923,NIBPO,4,57,30,440.00,"13,200.00"
2019-08-15,2019081501004922,NIBPO,4,57,30,440.00,"13,200.00"
2019-08-15,2019081501004921,NIBPO,4,57,30,440.00,"13,200.00"
2019-08-15,2019081501004920,NIBPO,4,57,30,440.00,"13,200.00"
2019-08-15,2019081501005366,NICA,48,47,369,443.00,"163,467.00"
2019-08-15,2019081501005260,NICA,51,47,270,444.00,"119,880.00"
2019-08-15,2019081501005259,NICA,48,47,200,444.00,"88,800.00"
2019-08-15,2019081501005258,NICA,48,47,161,444.00,"71,484.00"
2019-08-15,2019081501005214,NICA,48,22,39,444.00,"17,316.00"
2019-08-15,2019081501005213,NICA,40,22,61,444.00,"27,084.00"
2019-08-15,2019081501005206,NICA,40,42,39,444.00,"17,316.00"
2019-08-15,2019081501005100,NICA,35,33,100,445.00,"44,500.00"
2019-08-15,2019081501005069,NICA,39,33,25,445.00,"11,125.00"
2019-08-15,2019081501004955,NICA,43,33,10,445.00,"4,450.00"
2019-08-15,2019081501005372,NICL,19,42,100,310.00,"31,000.00"
2019-08-15,2019081501005231,NICL,33,35,100,307.00,"30,700.00"
2019-08-15,2019081501005230,NICL,35,35,100,307.00,"30,700.00"
2019-08-15,2019081501005229,NICL,28,35,100,307.00,"30,700.00"
2019-08-15,2019081501005228,NICL,43,35,100,307.00,"30,700.00"
2019-08-15,2019081501005227,NICL,49,35,267,308.00,"82,236.00"
2019-08-15,2019081501005410,NLBBL,49,58,120,551.00,"66,120.00"
2019-08-15,2019081501005409,NLBBL,33,58,30,555.00,"16,650.00"
2019-08-15,2019081501005148,NLIC,10,54,500,875.00,"437,500.00"
2019-08-15,2019081501005147,NLIC,10,44,17,871.00,"14,807.00"
2019-08-15,2019081501005146,NLIC,10,44,17,871.00,"14,807.00"
2019-08-15,2019081501005145,NLIC,10,44,17,871.00,"14,807.00"
2019-08-15,2019081501005273,NLICL,25,19,10,570.00,"5,700.00"
2019-08-15,2019081501005272,NLICL,41,19,20,570.00,"11,400.00"
2019-08-15,2019081501005271,NLICL,53,19,30,571.00,"17,130.00"
2019-08-15,2019081501005305,PCBL,10,58,500,278.00,"139,000.00"
2019-08-15,2019081501005284,PCBL,55,43,651,276.00,"179,676.00"
2019-08-15,2019081501005283,PCBL,41,43,150,276.00,"41,400.00"
2019-08-15,2019081501005282,PCBL,3,43,100,277.00,"27,700.00"
2019-08-15,2019081501005281,PCBL,32,43,50,277.00,"13,850.00"
2019-08-15,2019081501005280,PCBL,34,43,49,277.00,"13,573.00"
2019-08-15,2019081501005131,PCBL,34,34,200,277.00,"55,400.00"
2019-08-15,2019081501005333,PICL,37,7,50,500.00,"25,000.00"
2019-08-15,2019081501005332,PICL,57,7,10,500.00,"5,000.00"
2019-08-15,2019081501005331,PICL,43,7,100,500.00,"50,000.00"
2019-08-15,2019081501005330,PICL,6,7,50,500.00,"25,000.00"
2019-08-15,2019081501005329,PICL,6,7,100,501.00,"50,100.00"
2019-08-15,2019081501005328,PICL,47,7,20,501.00,"10,020.00"
2019-08-15,2019081501004969,PLIC,37,5,190,412.00,"78,280.00"
2019-08-15,2019081501005358,PPCL,3,51,10,116.00,"1,160.00"
2019-08-15,2019081501005130,PPCL,3,46,10,116.00,"1,160.00"
2019-08-15,2019081501005297,PRVU,21,44,500,269.00,"134,500.00"
2019-08-15,2019081501005268,PRVU,10,45,48,268.00,"12,864.00"
2019-08-15,2019081501005201,PRVU,10,22,100,268.00,"26,800.00"
2019-08-15,2019081501005136,PRVU,32,44,100,269.00,"26,900.00"
2019-08-15,2019081501005122,RBCLPO,59,44,50,"8,560.00","428,000.00"
2019-08-15,2019081501005121,RBCLPO,59,8,30,"8,550.00","256,500.00"
2019-08-15,2019081501005044,RBCLPO,44,8,20,"8,550.00","171,000.00"
2019-08-15,2019081501005411,RHPL,59,1,10,210.00,"2,100.00"
2019-08-15,2019081501005408,RHPL,59,34,400,210.00,"84,000.00"
2019-08-15,2019081501005407,RHPL,59,11,10,210.00,"2,100.00"
2019-08-15,2019081501005394,RHPL,45,1,10,209.00,"2,090.00"
2019-08-15,2019081501005390,RHPL,45,44,40,209.00,"8,360.00"
2019-08-15,2019081501005381,RHPL,45,1,20,209.00,"4,180.00"
2019-08-15,2019081501004924,RHPL,45,28,20,209.00,"4,180.00"
2019-08-15,2019081501004919,RHPL,45,44,40,209.00,"8,360.00"
2019-08-15,2019081501004916,RHPL,45,26,50,209.00,"10,450.00"
2019-08-15,2019081501005023,RHPL,45,58,40,209.00,"8,360.00"
2019-08-15,2019081501005016,RHPL,45,26,40,209.00,"8,360.00"
2019-08-15,2019081501004989,RHPL,45,26,40,209.00,"8,360.00"
2019-08-15,2019081501004958,RHPL,45,26,40,209.00,"8,360.00"
2019-08-15,2019081501004953,RHPL,45,44,40,209.00,"8,360.00"
2019-08-15,2019081501004935,RHPL,45,26,40,209.00,"8,360.00"
2019-08-15,2019081501005105,RHPL,45,10,30,209.00,"6,270.00"
2019-08-15,2019081501005084,RHPL,45,58,40,209.00,"8,360.00"
2019-08-15,2019081501005071,RHPL,45,17,40,209.00,"8,360.00"
2019-08-15,2019081501005068,RHPL,45,16,40,209.00,"8,360.00"
2019-08-15,2019081501005057,RHPL,45,26,50,209.00,"10,450.00"
2019-08-15,2019081501005054,RHPL,45,58,40,209.00,"8,360.00"
2019-08-15,2019081501005155,RHPL,45,16,40,209.00,"8,360.00"
2019-08-15,2019081501005144,RHPL,45,49,20,209.00,"4,180.00"
2019-08-15,2019081501005140,RHPL,45,28,30,209.00,"6,270.00"
2019-08-15,2019081501005120,RHPL,45,58,40,209.00,"8,360.00"
2019-08-15,2019081501005116,RHPL,45,44,40,209.00,"8,360.00"
2019-08-15,2019081501005112,RHPL,45,6,10,209.00,"2,090.00"
2019-08-15,2019081501005184,RHPL,39,58,40,210.00,"8,400.00"
2019-08-15,2019081501005178,RHPL,39,22,40,210.00,"8,400.00"
2019-08-15,2019081501005177,RHPL,39,43,30,210.00,"6,300.00"
2019-08-15,2019081501005176,RHPL,39,43,30,210.00,"6,300.00"
2019-08-15,2019081501005175,RHPL,39,43,30,210.00,"6,300.00"
2019-08-15,2019081501005168,RHPL,45,56,10,209.00,"2,090.00"
2019-08-15,2019081501005234,RHPL,39,44,40,210.00,"8,400.00"
2019-08-15,2019081501005215,RHPL,39,58,40,210.00,"8,400.00"
2019-08-15,2019081501005210,RHPL,39,56,40,210.00,"8,400.00"
2019-08-15,2019081501005209,RHPL,39,59,40,210.00,"8,400.00"
2019-08-15,2019081501005203,RHPL,39,56,10,210.00,"2,100.00"
2019-08-15,2019081501005187,RHPL,39,44,50,210.00,"10,500.00"
2019-08-15,2019081501005350,RHPL,45,44,40,209.00,"8,360.00"
2019-08-15,2019081501005312,RHPL,45,57,20,209.00,"4,180.00"
2019-08-15,2019081501005311,RHPL,39,57,10,210.00,"2,100.00"
2019-08-15,2019081501005306,RHPL,39,44,40,210.00,"8,400.00"
2019-08-15,2019081501005296,RHPL,39,6,40,210.00,"8,400.00"
2019-08-15,2019081501005275,RHPL,39,57,20,210.00,"4,200.00"
2019-08-15,2019081501004954,RRHP,47,44,10,105.00,"1,050.00"
2019-08-15,2019081501005172,SADBL,6,45,66,148.00,"9,768.00"
2019-08-15,2019081501005029,SADBL,6,29,"4,906",148.00,"726,088.00"
2019-08-15,2019081501005385,SANIMA,17,59,38,349.00,"13,262.00"
2019-08-15,2019081501005154,SANIMA,17,21,30,349.00,"10,470.00"
2019-08-15,2019081501005059,SANIMA,45,21,258,348.00,"89,784.00"
2019-08-15,2019081501005013,SANIMA,17,47,100,350.00,"35,000.00"
2019-08-15,2019081501004988,SANIMA,45,57,100,348.00,"34,800.00"
2019-08-15,2019081501005380,SBL,10,44,"2,107",315.00,"663,705.00"
2019-08-15,2019081501005369,SBL,10,42,295,314.00,"92,630.00"
2019-08-15,2019081501005135,SBL,6,44,"1,500",315.00,"472,500.00"
2019-08-15,2019081501005334,SCB,38,18,22,644.00,"14,168.00"
2019-08-15,2019081501005314,SCB,38,44,20,644.00,"12,880.00"
2019-08-15,2019081501005036,SCB,55,44,20,643.00,"12,860.00"
2019-08-15,2019081501004961,SCB,55,44,20,643.00,"12,860.00"
2019-08-15,2019081501005045,SDESI,45,44,27,610.00,"16,470.00"
2019-08-15,2019081501004967,SDESI,57,44,23,612.00,"14,076.00"
2019-08-15,2019081501004966,SDESI,45,44,27,610.00,"16,470.00"
2019-08-15,2019081501005375,SHIVM,41,45,50,582.00,"29,100.00"
2019-08-15,2019081501005193,SHIVM,14,25,50,583.00,"29,150.00"
2019-08-15,2019081501005192,SHIVM,14,51,50,583.00,"29,150.00"
2019-08-15,2019081501005011,SHIVM,48,51,50,583.00,"29,150.00"
2019-08-15,2019081501005397,SHPC,22,6,150,237.00,"35,550.00"
2019-08-15,2019081501005082,SHPC,22,26,28,237.00,"6,636.00"
2019-08-15,2019081501005402,SJCL,8,11,10,222.00,"2,220.00"
2019-08-15,2019081501005389,SJCL,8,58,10,222.00,"2,220.00"
2019-08-15,2019081501005378,SJCL,26,45,500,223.00,"111,500.00"
2019-08-15,2019081501005377,SJCL,39,45,210,223.00,"46,830.00"
2019-08-15,2019081501005376,SJCL,58,45,30,223.00,"6,690.00"
2019-08-15,2019081501004929,SJCL,59,28,20,223.00,"4,460.00"
2019-08-15,2019081501004928,SJCL,59,44,20,223.00,"4,460.00"
2019-08-15,2019081501004918,SJCL,59,26,20,223.00,"4,460.00"
2019-08-15,2019081501004963,SJCL,59,32,10,223.00,"2,230.00"
2019-08-15,2019081501004942,SJCL,59,26,20,223.00,"4,460.00"
2019-08-15,2019081501004995,SJCL,59,26,20,223.00,"4,460.00"
2019-08-15,2019081501004985,SJCL,59,32,20,223.00,"4,460.00"
2019-08-15,2019081501004974,SJCL,59,32,20,223.00,"4,460.00"
2019-08-15,2019081501004968,SJCL,59,32,20,223.00,"4,460.00"
2019-08-15,2019081501004965,SJCL,59,26,20,223.00,"4,460.00"
2019-08-15,2019081501005042,SJCL,59,58,20,223.00,"4,460.00"
2019-08-15,2019081501005026,SJCL,59,26,20,223.00,"4,460.00"
2019-08-15,2019081501005022,SJCL,59,32,20,223.00,"4,460.00"
2019-08-15,2019081501005017,SJCL,59,32,20,223.00,"4,460.00"
2019-08-15,2019081501005010,SJCL,59,32,20,223.00,"4,460.00"
2019-08-15,2019081501004998,SJCL,59,32,20,223.00,"4,460.00"
2019-08-15,2019081501005093,SJCL,59,17,20,223.00,"4,460.00"
2019-08-15,2019081501005085,SJCL,59,6,10,223.00,"2,230.00"
2019-08-15,2019081501005065,SJCL,59,58,20,223.00,"4,460.00"
2019-08-15,2019081501005062,SJCL,59,28,10,223.00,"2,230.00"
2019-08-15,2019081501005123,SJCL,16,37,20,223.00,"4,460.00"
2019-08-15,2019081501005115,SJCL,16,10,10,223.00,"2,230.00"
2019-08-15,2019081501005114,SJCL,16,37,20,223.00,"4,460.00"
2019-08-15,2019081501005104,SJCL,16,37,20,223.00,"4,460.00"
2019-08-15,2019081501005099,SJCL,59,58,20,223.00,"4,460.00"
2019-08-15,2019081501005098,SJCL,59,16,20,223.00,"4,460.00"
2019-08-15,2019081501005162,SJCL,16,37,20,223.00,"4,460.00"
2019-08-15,2019081501005157,SJCL,16,22,20,223.00,"4,460.00"
2019-08-15,2019081501005156,SJCL,16,37,20,223.00,"4,460.00"
2019-08-15,2019081501005142,SJCL,16,37,20,223.00,"4,460.00"
2019-08-15,2019081501005134,SJCL,16,37,20,223.00,"4,460.00"
2019-08-15,2019081501005132,SJCL,16,58,20,223.00,"4,460.00"
2019-08-15,2019081501005196,SJCL,39,37,20,223.00,"4,460.00"
2019-08-15,2019081501005179,SJCL,39,56,10,223.00,"2,230.00"
2019-08-15,2019081501005173,SJCL,39,37,10,223.00,"2,230.00"
2019-08-15,2019081501005166,SJCL,39,37,10,223.00,"2,230.00"
2019-08-15,2019081501005165,SJCL,39,16,10,223.00,"2,230.00"
2019-08-15,2019081501005164,SJCL,16,16,10,223.00,"2,230.00"
2019-08-15,2019081501005226,SJCL,39,37,20,223.00,"4,460.00"
2019-08-15,2019081501005220,SJCL,39,37,20,223.00,"4,460.00"
2019-08-15,2019081501005218,SJCL,39,37,20,223.00,"4,460.00"
2019-08-15,2019081501005208,SJCL,39,56,10,223.00,"2,230.00"
2019-08-15,2019081501005205,SJCL,39,37,20,223.00,"4,460.00"
2019-08-15,2019081501005197,SJCL,39,58,20,223.00,"4,460.00"
2019-08-15,2019081501005269,SJCL,39,56,10,223.00,"2,230.00"
2019-08-15,2019081501005237,SJCL,39,37,20,223.00,"4,460.00"
2019-08-15,2019081501005236,SJCL,39,37,20,223.00,"4,460.00"
2019-08-15,2019081501005335,SJCL,39,11,20,223.00,"4,460.00"
2019-08-15,2019081501005316,SJCL,39,57,10,223.00,"2,230.00"
2019-08-15,2019081501005313,SJCL,39,6,20,223.00,"4,460.00"
2019-08-15,2019081501005291,SJCL,39,57,20,223.00,"4,460.00"
2019-08-15,2019081501005198,SKBBL,3,19,100,979.00,"97,900.00"
2019-08-15,2019081501005103,SLBBL,42,7,50,548.00,"27,400.00"
2019-08-15,2019081501005102,SLBBL,57,7,70,548.00,"38,360.00"
2019-08-15,2019081501005238,SLBSL,42,7,50,656.00,"32,800.00"
2019-08-15,2019081501005204,SLBSL,42,44,10,656.00,"6,560.00"
2019-08-15,2019081501005113,SLICL,47,42,630,302.00,"190,260.00"
2019-08-15,2019081501004957,SLICL,34,42,270,301.00,"81,270.00"
2019-08-15,2019081501004945,SLICL,35,42,50,302.00,"15,100.00"
2019-08-15,2019081501004944,SLICL,58,42,50,302.00,"15,100.00"
2019-08-15,2019081501005055,SMB,45,44,10,474.00,"4,740.00"
2019-08-15,2019081501005355,SMFBS,13,38,90,816.00,"73,440.00"
2019-08-15,2019081501005354,SMFBS,7,38,20,820.00,"16,400.00"
2019-08-15,2019081501005064,SMFBS,13,44,10,816.00,"8,160.00"
2019-08-15,2019081501004931,SMFBS,18,18,10,817.00,"8,170.00"
2019-08-15,2019081501005300,SMFDB,16,59,68,538.00,"36,584.00"
2019-08-15,2019081501005299,SMFDB,6,59,90,538.00,"48,420.00"
2019-08-15,2019081501005298,SMFDB,42,59,100,540.00,"54,000.00"
2019-08-15,2019081501005398,SPARS,39,45,30,612.00,"18,360.00"
2019-08-15,2019081501005362,SPARS,13,44,10,610.00,"6,100.00"
2019-08-15,2019081501005151,SPARS,13,46,80,610.00,"48,800.00"
2019-08-15,2019081501005150,SPARS,34,46,20,611.00,"12,220.00"
2019-08-15,2019081501005219,SRBL,25,11,326,233.00,"75,958.00"
2019-08-15,2019081501005127,SRBL,35,11,50,233.00,"11,650.00"
2019-08-15,2019081501005001,SRBL,19,11,100,233.00,"23,300.00"
2019-08-15,2019081501005403,SWBBL,7,8,250,918.00,"229,500.00"
2019-08-15,2019081501005003,SWBBL,34,5,300,925.00,"277,500.00"
2019-08-15,2019081501005002,SWBBL,34,5,500,925.00,"462,500.00"
2019-08-15,2019081501005384,UIC,19,22,60,308.00,"18,480.00"
2019-08-15,2019081501004971,UIC,19,56,41,311.00,"12,751.00"
2019-08-15,2019081501004970,UIC,19,44,59,310.00,"18,290.00"
2019-08-15,2019081501005301,UPCL,41,57,50,83.00,"4,150.00"
2019-08-15,2019081501005321,UPPER,22,44,50,261.00,"13,050.00"
2019-08-15,2019081501005251,UPPER,22,44,40,261.00,"10,440.00"
2019-08-15,2019081501005212,UPPER,22,44,15,261.00,"3,915.00"
2019-08-15,2019081501005211,UPPER,45,44,35,261.00,"9,135.00"
2019-08-15,2019081501005207,UPPER,45,57,15,261.00,"3,915.00"
2019-08-15,2019081501004975,UPPER,45,44,50,261.00,"13,050.00"
2019-08-15,2019081501005188,VLBS,33,51,13,591.00,"7,683.00"
2019-08-15,2019081501005051,VLBS,33,17,13,591.00,"7,683.00"
2019-08-15,2019081501004630,ADBL,8,36,99,430.00,"42,570.00"
2019-08-15,2019081501004629,ADBL,54,36,451,430.00,"193,930.00"
2019-08-15,2019081501004533,ADBL,54,42,25,430.00,"10,750.00"
2019-08-15,2019081501004580,AHPC,47,6,85,103.00,"8,755.00"
2019-08-15,2019081501004661,AKJCL,22,22,20,66.00,"1,320.00"
2019-08-15,2019081501004488,AKJCL,25,14,10,67.00,670.00
2019-08-15,2019081501004566,AKPL,45,49,59,160.00,"9,440.00"
2019-08-15,2019081501004889,ALBSL,6,44,10,461.00,"4,610.00"
2019-08-15,2019081501004666,ALBSL,6,44,10,461.00,"4,610.00"
2019-08-15,2019081501004620,ALBSL,6,44,10,461.00,"4,610.00"
2019-08-15,2019081501004504,ALBSL,35,14,10,461.00,"4,610.00"
2019-08-15,2019081501004474,ALBSL,39,38,100,462.00,"46,200.00"
2019-08-15,2019081501004473,ALBSL,52,38,20,462.00,"9,240.00"
2019-08-15,2019081501004472,ALBSL,17,38,20,464.00,"9,280.00"
2019-08-15,2019081501004471,ALBSL,57,38,120,464.00,"55,680.00"
2019-08-15,2019081501004457,ALBSL,57,38,50,464.00,"23,200.00"
2019-08-15,2019081501004860,API,17,43,99,130.00,"12,870.00"
2019-08-15,2019081501004433,API,43,43,100,130.00,"13,000.00"
2019-08-15,2019081501004432,API,42,43,50,130.00,"6,500.00"
2019-08-15,2019081501004431,API,17,43,100,130.00,"13,000.00"
2019-08-15,2019081501004430,API,37,43,200,130.00,"26,000.00"
2019-08-15,2019081501004429,API,40,43,29,130.00,"3,770.00"
2019-08-15,2019081501004911,BBC,52,58,20,"1,362.00","27,240.00"
2019-08-15,2019081501004415,BBC,4,35,10,"1,336.00","13,360.00"
2019-08-15,2019081501004900,BOKL,46,11,810,256.00,"207,360.00"
2019-08-15,2019081501004610,BOKL,38,11,100,256.00,"25,600.00"
2019-08-15,2019081501004573,BOKL,8,57,"1,911",255.00,"487,305.00"
2019-08-15,2019081501004572,BOKL,25,57,89,255.00,"22,695.00"
2019-08-15,2019081501004523,BOKL,25,10,411,255.00,"104,805.00"
2019-08-15,2019081501004460,BOKL,58,36,43,255.00,"10,965.00"
2019-08-15,2019081501004459,BOKL,39,36,50,255.00,"12,750.00"
2019-08-15,2019081501004458,BOKL,26,36,200,255.00,"51,000.00"
2019-08-15,2019081501004804,BPCL,57,49,100,390.00,"39,000.00"
2019-08-15,2019081501004425,BPCL,53,49,442,390.00,"172,380.00"
2019-08-15,2019081501004834,CBL,51,35,460,148.00,"68,080.00"
2019-08-15,2019081501004833,CBL,29,35,"1,000",148.00,"148,000.00"
2019-08-15,2019081501004832,CBL,35,35,100,148.00,"14,800.00"
2019-08-15,2019081501004831,CBL,41,35,250,148.00,"37,000.00"
2019-08-15,2019081501004830,CBL,57,35,"1,000",148.00,"148,000.00"
2019-08-15,2019081501004829,CBL,43,35,190,148.00,"28,120.00"
2019-08-15,2019081501004479,CBL,55,49,50,149.00,"7,450.00"
2019-08-15,2019081501004478,CBL,55,49,113,149.00,"16,837.00"
2019-08-15,2019081501004477,CBL,54,49,27,149.00,"4,023.00"
2019-08-15,2019081501004791,CBL,43,53,810,148.00,"119,880.00"
2019-08-15,2019081501004790,CBL,39,53,"1,000",148.00,"148,000.00"
2019-08-15,2019081501004789,CBL,58,53,"3,000",148.00,"444,000.00"
2019-08-15,2019081501004788,CBL,45,53,190,148.00,"28,120.00"
2019-08-15,2019081501004547,CBL,21,54,200,149.00,"29,800.00"
2019-08-15,2019081501004480,CBL,45,49,310,148.00,"45,880.00"
2019-08-15,2019081501004874,CCBL,45,16,200,160.00,"32,000.00"
2019-08-15,2019081501004769,CCBL,32,40,100,161.00,"16,100.00"
2019-08-15,2019081501004768,CCBL,56,40,200,161.00,"32,200.00"
2019-08-15,2019081501004767,CCBL,39,40,"1,059",161.00,"170,499.00"
2019-08-15,2019081501004753,CCBL,39,48,200,161.00,"32,200.00"
2019-08-15,2019081501004456,CCBL,39,18,66,161.00,"10,626.00"
2019-08-15,2019081501004494,CEFL,40,44,70,115.00,"8,050.00"
2019-08-15,2019081501004577,CFCL,1,49,300,115.00,"34,500.00"
2019-08-15,2019081501004730,CHCL,8,43,100,475.00,"47,500.00"
2019-08-15,2019081501004729,CHCL,28,43,500,475.00,"237,500.00"
2019-08-15,2019081501004728,CHCL,39,43,150,475.00,"71,250.00"
2019-08-15,2019081501004727,CHCL,28,43,20,475.00,"9,500.00"
2019-08-15,2019081501004726,CHCL,54,43,100,476.00,"47,600.00"
2019-08-15,2019081501004725,CHCL,42,43,50,476.00,"23,800.00"
2019-08-15,2019081501004711,CHCL,53,43,98,477.00,"46,746.00"
2019-08-15,2019081501004710,CHCL,33,43,25,478.00,"11,950.00"
2019-08-15,2019081501004423,CZBIL,43,45,10,217.00,"2,170.00"
2019-08-15,2019081501004676,DDBL,25,25,500,765.00,"382,500.00"
2019-08-15,2019081501004675,DDBL,25,39,35,765.00,"26,775.00"
2019-08-15,2019081501004674,DDBL,25,43,200,764.00,"152,800.00"
2019-08-15,2019081501004673,DDBL,25,33,100,762.00,"76,200.00"
2019-08-15,2019081501004672,DDBL,25,26,300,760.00,"228,000.00"
2019-08-15,2019081501004671,DDBL,25,53,100,759.00,"75,900.00"
2019-08-15,2019081501004905,EBL,48,49,500,645.00,"322,500.00"
2019-08-15,2019081501004481,EBL,58,55,500,644.00,"322,000.00"
2019-08-15,2019081501004908,FMDBL,57,47,100,395.00,"39,500.00"
2019-08-15,2019081501004616,FMDBL,39,40,33,395.00,"13,035.00"
2019-08-15,2019081501004701,GBLBS,5,42,90,366.00,"32,940.00"
2019-08-15,2019081501004700,GBLBS,40,42,10,366.00,"3,660.00"
2019-08-15,2019081501004678,GBLBS,40,44,10,366.00,"3,660.00"
2019-08-15,2019081501004501,GBLBS,57,44,10,367.00,"3,670.00"
2019-08-15,2019081501004746,GHL,44,43,30,83.00,"2,490.00"
2019-08-15,2019081501004614,GILB,5,5,2,685.00,"1,370.00"
2019-08-15,2019081501004699,GLBSL,38,44,10,510.00,"5,100.00"
2019-08-15,2019081501004698,GLBSL,38,39,10,510.00,"5,100.00"
2019-08-15,2019081501004662,GLBSL,26,39,210,509.00,"106,890.00"
2019-08-15,2019081501004517,GLBSL,26,39,10,509.00,"5,090.00"
2019-08-15,2019081501004452,GLBSL,13,39,10,509.00,"5,090.00"
2019-08-15,2019081501004441,GLBSL,13,39,10,509.00,"5,090.00"
2019-08-15,2019081501004436,GLBSL,13,45,10,509.00,"5,090.00"
2019-08-15,2019081501004417,GLBSL,13,39,10,509.00,"5,090.00"
2019-08-15,2019081501004591,GMFBS,39,49,10,568.00,"5,680.00"
2019-08-15,2019081501004756,HIDCL,29,11,20,153.00,"3,060.00"
2019-08-15,2019081501004749,HIDCL,29,26,15,150.00,"2,250.00"
2019-08-15,2019081501004748,HIDCL,29,56,500,150.00,"75,000.00"
2019-08-15,2019081501004605,HIDCL,34,49,35,149.00,"5,215.00"
2019-08-15,2019081501004625,HPPL,45,49,10,161.00,"1,610.00"
2019-08-15,2019081501004549,HPPL,45,44,10,161.00,"1,610.00"
2019-08-15,2019081501004548,HPPL,42,44,10,162.00,"1,620.00"
2019-08-15,2019081501004910,HURJA,22,26,20,128.00,"2,560.00"
2019-08-15,2019081501004896,HURJA,22,26,10,128.00,"1,280.00"
2019-08-15,2019081501004848,HURJA,22,36,136,128.00,"17,408.00"
2019-08-15,2019081501004847,HURJA,41,36,80,128.00,"10,240.00"
2019-08-15,2019081501004845,HURJA,41,26,20,128.00,"2,560.00"
2019-08-15,2019081501004821,HURJA,41,26,10,128.00,"1,280.00"
2019-08-15,2019081501004820,HURJA,1,26,10,130.00,"1,300.00"
2019-08-15,2019081501004873,ILBS,57,52,10,471.00,"4,710.00"
2019-08-15,2019081501004765,ILBS,1,43,10,470.00,"4,700.00"
2019-08-15,2019081501004758,ILBS,57,45,40,472.00,"18,880.00"
2019-08-15,2019081501004747,ILBS,57,52,10,472.00,"4,720.00"
2019-08-15,2019081501004615,ILBS,38,52,10,471.00,"4,710.00"
2019-08-15,2019081501004553,ILBS,38,57,10,471.00,"4,710.00"
2019-08-15,2019081501004552,ILBS,38,44,10,471.00,"4,710.00"
2019-08-15,2019081501004491,ILBS,1,38,10,470.00,"4,700.00"
2019-08-15,2019081501004490,ILBS,34,38,90,470.00,"42,300.00"
2019-08-15,2019081501004447,ILBS,34,45,10,470.00,"4,700.00"
2019-08-15,2019081501004506,JOSHI,41,14,20,70.00,"1,400.00"
2019-08-15,2019081501004627,JSLBB,34,52,14,968.00,"13,552.00"
2019-08-15,2019081501004853,KBL,13,57,100,203.00,"20,300.00"
2019-08-15,2019081501004852,KBL,58,57,100,203.00,"20,300.00"
2019-08-15,2019081501004851,KBL,42,57,200,203.00,"40,600.00"
2019-08-15,2019081501004850,KBL,19,57,100,203.00,"20,300.00"
2019-08-15,2019081501004849,KBL,40,57,240,203.00,"48,720.00"
2019-08-15,2019081501004828,KBL,40,57,260,203.00,"52,780.00"
2019-08-15,2019081501004827,KBL,8,57,200,203.00,"40,600.00"
2019-08-15,2019081501004826,KBL,53,57,100,203.00,"20,300.00"
2019-08-15,2019081501004825,KBL,39,57,440,203.00,"89,320.00"
2019-08-15,2019081501004439,KBL,39,18,60,203.00,"12,180.00"
2019-08-15,2019081501004438,KBL,43,18,100,203.00,"20,300.00"
2019-08-15,2019081501004602,KPCL,42,56,10,86.00,860.00
2019-08-15,2019081501004515,KPCL,42,14,10,86.00,860.00
2019-08-15,2019081501004453,KPCL,42,45,10,86.00,860.00
2019-08-15,2019081501004840,LBL,32,43,"1,000",213.00,"213,000.00"
2019-08-15,2019081501004592,LBL,22,43,450,213.00,"95,850.00"
2019-08-15,2019081501004578,LBL,22,43,300,213.00,"63,900.00"
2019-08-15,2019081501004899,MBL,47,16,100,255.00,"25,500.00"
2019-08-15,2019081501004719,MBL,1,6,"1,448",256.00,"370,688.00"
2019-08-15,2019081501004502,MEGA,55,40,50,200.00,"10,000.00"
2019-08-15,2019081501004482,MEGA,55,40,35,200.00,"7,000.00"
2019-08-15,2019081501004561,MEGA,10,22,300,200.00,"60,000.00"
2019-08-15,2019081501004560,MEGA,10,33,590,200.00,"118,000.00"
2019-08-15,2019081501004559,MEGA,10,40,95,200.00,"19,000.00"
2019-08-15,2019081501004702,MEGA,10,35,"1,015",200.00,"203,000.00"
2019-08-15,2019081501004576,MERO,38,44,33,533.00,"17,589.00"
2019-08-15,2019081501004745,MERO,42,58,10,539.00,"5,390.00"
2019-08-15,2019081501004665,MERO,17,55,50,537.00,"26,850.00"
2019-08-15,2019081501004795,MFIL,45,33,90,130.00,"11,700.00"
2019-08-15,2019081501004794,MFIL,45,1,300,130.00,"39,000.00"
2019-08-15,2019081501004793,MFIL,45,3,500,129.00,"64,500.00"
2019-08-15,2019081501004792,MFIL,45,57,110,129.00,"14,190.00"
2019-08-15,2019081501004600,MFIL,6,57,40,129.00,"5,160.00"
2019-08-15,2019081501004879,MLBL,8,52,440,204.00,"89,760.00"
2019-08-15,2019081501004866,MLBL,21,52,"1,000",204.00,"204,000.00"
2019-08-15,2019081501004815,MLBL,8,18,100,204.00,"20,400.00"
2019-08-15,2019081501004803,MLBL,16,32,250,205.00,"51,250.00"
2019-08-15,2019081501004779,MLBL,8,26,600,204.00,"122,400.00"
2019-08-15,2019081501004778,MLBL,8,49,960,204.00,"195,840.00"
2019-08-15,2019081501004435,MLBL,14,49,"1,000",203.00,"203,000.00"
2019-08-15,2019081501004526,MLBL,14,49,100,204.00,"20,400.00"
2019-08-15,2019081501004503,MLBL,57,41,"1,165",203.00,"236,495.00"
2019-08-15,2019081501004486,MLBL,57,22,40,203.00,"8,120.00"
2019-08-15,2019081501004485,MLBL,57,38,490,203.00,"99,470.00"
2019-08-15,2019081501004484,MLBL,57,49,153,203.00,"31,059.00"
2019-08-15,2019081501004455,MLBL,14,49,500,203.00,"101,500.00"
2019-08-15,2019081501004639,MLBL,47,51,800,204.00,"163,200.00"
2019-08-15,2019081501004638,MLBL,47,49,"1,200",204.00,"244,800.00"
2019-08-15,2019081501004634,MLBL,21,49,500,204.00,"102,000.00"
2019-08-15,2019081501004622,MLBL,21,49,"1,000",204.00,"204,000.00"
2019-08-15,2019081501004531,MLBL,1,49,200,204.00,"40,800.00"
2019-08-15,2019081501004763,MLBL,41,49,120,204.00,"24,480.00"
2019-08-15,2019081501004762,MLBL,41,52,130,204.00,"26,520.00"
2019-08-15,2019081501004709,MLBL,49,52,500,204.00,"102,000.00"
2019-08-15,2019081501004681,MLBL,49,51,200,204.00,"40,800.00"
2019-08-15,2019081501004903,MNBBL,26,17,86,370.00,"31,820.00"
2019-08-15,2019081501004902,MNBBL,16,17,423,370.00,"156,510.00"
2019-08-15,2019081501004836,MNBBL,16,35,77,370.00,"28,490.00"
2019-08-15,2019081501004835,MNBBL,37,35,90,370.00,"33,300.00"
2019-08-15,2019081501004784,MNBBL,37,46,10,370.00,"3,700.00"
2019-08-15,2019081501004783,MNBBL,41,46,90,370.00,"33,300.00"
2019-08-15,2019081501004643,MNBBL,6,52,30,370.00,"11,100.00"
2019-08-15,2019081501004642,MNBBL,25,52,20,370.00,"7,400.00"
2019-08-15,2019081501004641,MNBBL,26,52,200,370.00,"74,000.00"
2019-08-15,2019081501004640,MNBBL,51,52,50,370.00,"18,500.00"
2019-08-15,2019081501004487,MNBBL,42,14,400,371.00,"148,400.00"
2019-08-15,2019081501004752,MNBBL,11,14,150,371.00,"55,650.00"
2019-08-15,2019081501004743,MNBBL,41,14,180,370.00,"66,600.00"
2019-08-15,2019081501004742,MNBBL,50,14,50,370.00,"18,500.00"
2019-08-15,2019081501004741,MNBBL,6,14,270,370.00,"99,900.00"
2019-08-15,2019081501004721,MNBBL,22,14,527,371.00,"195,517.00"
2019-08-15,2019081501004720,MNBBL,22,14,273,371.00,"101,283.00"
2019-08-15,2019081501004814,MSLB,1,29,26,965.00,"25,090.00"
2019-08-15,2019081501004680,MSMBS,40,33,71,503.00,"35,713.00"
2019-08-15,2019081501004800,NABIL,22,25,50,783.00,"39,150.00"
2019-08-15,2019081501004799,NABIL,45,25,"3,000",783.00,"2,349,000.00"
2019-08-15,2019081501004798,NABIL,44,25,50,783.00,"39,150.00"
2019-08-15,2019081501004797,NABIL,32,25,170,783.00,"133,110.00"
2019-08-15,2019081501004796,NABIL,35,25,38,784.00,"29,792.00"
2019-08-15,2019081501004599,NABIL,35,49,32,784.00,"25,088.00"
2019-08-15,2019081501004466,NABIL,32,17,21,785.00,"16,485.00"
2019-08-15,2019081501004428,NABIL,7,17,10,785.00,"7,850.00"
2019-08-15,2019081501004500,NABIL,49,49,99,784.00,"77,616.00"
2019-08-15,2019081501004499,NABIL,42,49,20,784.00,"15,680.00"
2019-08-15,2019081501004498,NABIL,16,49,"1,000",784.00,"784,000.00"
2019-08-15,2019081501004497,NABIL,48,49,20,784.00,"15,680.00"
2019-08-15,2019081501004496,NABIL,48,49,50,784.00,"39,200.00"
2019-08-15,2019081501004495,NABIL,32,49,279,785.00,"219,015.00"
2019-08-15,2019081501004839,NADEP,34,37,10,489.00,"4,890.00"
2019-08-15,2019081501004819,NADEP,34,44,10,489.00,"4,890.00"
2019-08-15,2019081501004818,NADEP,3,44,10,490.00,"4,900.00"
2019-08-15,2019081501004516,NADEP,59,57,10,494.00,"4,940.00"
2019-08-15,2019081501004434,NAGRO,51,36,10,822.00,"8,220.00"
2019-08-15,2019081501004822,NBL,10,58,"2,000",324.00,"648,000.00"
2019-08-15,2019081501004776,NBL,45,53,250,324.00,"81,000.00"
2019-08-15,2019081501004775,NBL,45,10,"1,500",324.00,"486,000.00"
2019-08-15,2019081501004774,NBL,45,51,750,324.00,"243,000.00"
2019-08-15,2019081501004773,NBL,45,49,"2,000",323.00,"646,000.00"
2019-08-15,2019081501004772,NBL,45,5,850,323.00,"274,550.00"
2019-08-15,2019081501004528,NBL,10,49,500,323.00,"161,500.00"
2019-08-15,2019081501004511,NBL,56,42,174,322.00,"56,028.00"
2019-08-15,2019081501004510,NBL,56,42,100,322.00,"32,200.00"
2019-08-15,2019081501004509,NBL,56,42,100,322.00,"32,200.00"
2019-08-15,2019081501004508,NBL,7,42,500,322.00,"161,000.00"
2019-08-15,2019081501004507,NBL,58,42,126,322.00,"40,572.00"
2019-08-15,2019081501004771,NBL,45,5,950,323.00,"306,850.00"
2019-08-15,2019081501004761,NBL,22,42,174,322.00,"56,028.00"
2019-08-15,2019081501004760,NBL,56,42,326,322.00,"104,972.00"
2019-08-15,2019081501004562,NBL,43,5,50,323.00,"16,150.00"
2019-08-15,2019081501004530,NBL,10,58,"2,000",323.00,"646,000.00"
2019-08-15,2019081501004529,NBL,10,5,"1,000",323.00,"323,000.00"
2019-08-15,2019081501004877,NCCB,53,56,50,205.00,"10,250.00"
2019-08-15,2019081501004663,NCCB,44,16,200,204.00,"40,800.00"
2019-08-15,2019081501004470,NCCB,44,6,500,204.00,"102,000.00"
2019-08-15,2019081501004424,NCCB,44,14,"1,000",204.00,"204,000.00"
2019-08-15,2019081501004555,NHPC,11,44,250,62.00,"15,500.00"
2019-08-15,2019081501004898,NIB,45,44,24,492.00,"11,808.00"
2019-08-15,2019081501004897,NIB,50,44,14,492.00,"6,888.00"
2019-08-15,2019081501004890,NIB,17,57,20,494.00,"9,880.00"
2019-08-15,2019081501004837,NIB,50,44,38,492.00,"18,696.00"
2019-08-15,2019081501004781,NIB,50,47,100,492.00,"49,200.00"
2019-08-15,2019081501004658,NIB,50,11,848,492.00,"417,216.00"
2019-08-15,2019081501004440,NIB,54,11,345,493.00,"170,085.00"
2019-08-15,2019081501004418,NIB,50,11,486,493.00,"239,598.00"
2019-08-15,2019081501004581,NIB,13,44,38,493.00,"18,734.00"
2019-08-15,2019081501004557,NIB,57,57,10,494.00,"4,940.00"
2019-08-15,2019081501004556,NIB,57,43,190,494.00,"93,860.00"
2019-08-15,2019081501004505,NIB,13,43,50,494.00,"24,700.00"
2019-08-15,2019081501004464,NIB,58,49,95,492.00,"46,740.00"
2019-08-15,2019081501004463,NIB,54,49,105,493.00,"51,765.00"
2019-08-15,2019081501004651,NIB,51,11,50,492.00,"24,600.00"
2019-08-15,2019081501004650,NIB,41,11,50,492.00,"24,600.00"
2019-08-15,2019081501004649,NIB,54,11,100,492.00,"49,200.00"
2019-08-15,2019081501004648,NIB,13,11,320,492.00,"157,440.00"
2019-08-15,2019081501004647,NIB,58,11,55,492.00,"27,060.00"
2019-08-15,2019081501004646,NIB,13,11,82,493.00,"40,426.00"
2019-08-15,2019081501004657,NIB,49,11,100,492.00,"49,200.00"
2019-08-15,2019081501004656,NIB,48,11,45,492.00,"22,140.00"
2019-08-15,2019081501004655,NIB,28,11,"1,000",492.00,"492,000.00"
2019-08-15,2019081501004654,NIB,48,11,200,492.00,"98,400.00"
2019-08-15,2019081501004653,NIB,39,11,100,492.00,"49,200.00"
2019-08-15,2019081501004652,NIB,19,11,50,492.00,"24,600.00"
2019-08-15,2019081501004888,NIBPO,4,33,30,440.00,"13,200.00"
2019-08-15,2019081501004887,NIBPO,4,33,30,440.00,"13,200.00"
2019-08-15,2019081501004886,NIBPO,4,33,30,440.00,"13,200.00"
2019-08-15,2019081501004885,NIBPO,4,33,30,440.00,"13,200.00"
2019-08-15,2019081501004884,NIBPO,4,33,30,440.00,"13,200.00"
2019-08-15,2019081501004883,NIBPO,4,33,30,440.00,"13,200.00"
2019-08-15,2019081501004882,NIBPO,4,33,20,440.00,"8,800.00"
2019-08-15,2019081501004731,NIBPO,4,1,10,440.00,"4,400.00"
2019-08-15,2019081501004716,NIBPO,4,1,30,440.00,"13,200.00"
2019-08-15,2019081501004713,NIBPO,4,1,30,440.00,"13,200.00"
2019-08-15,2019081501004708,NIBPO,4,1,30,440.00,"13,200.00"
2019-08-15,2019081501004704,NIBPO,52,1,30,440.00,"13,200.00"
2019-08-15,2019081501004596,NLBBL,28,21,10,562.00,"5,620.00"
2019-08-15,2019081501004904,NLIC,6,44,17,870.00,"14,790.00"
2019-08-15,2019081501004859,NLIC,6,44,17,870.00,"14,790.00"
2019-08-15,2019081501004707,NLIC,6,44,17,870.00,"14,790.00"
2019-08-15,2019081501004697,NLIC,10,6,100,875.00,"87,500.00"
2019-08-15,2019081501004696,NLIC,10,8,224,875.00,"196,000.00"
2019-08-15,2019081501004695,NLIC,10,28,131,874.00,"114,494.00"
2019-08-15,2019081501004598,NLIC,6,49,30,870.00,"26,100.00"
2019-08-15,2019081501004512,NLIC,38,44,17,868.00,"14,756.00"
2019-08-15,2019081501004451,NLIC,38,44,17,868.00,"14,756.00"
2019-08-15,2019081501004448,NLIC,41,28,49,874.00,"42,826.00"
2019-08-15,2019081501004660,NLICL,41,19,30,570.00,"17,100.00"
2019-08-15,2019081501004613,NLICL,53,1,20,571.00,"11,420.00"
2019-08-15,2019081501004893,NMBMF,50,49,25,"1,023.00","25,575.00"
2019-08-15,2019081501004892,NMBMF,4,49,10,"1,024.00","10,240.00"
2019-08-15,2019081501004782,NMBSF1,28,52,"2,610",11.07,"28,892.70"
2019-08-15,2019081501004764,NMBSF1,28,52,"2,610",11.07,"28,892.70"
2019-08-15,2019081501004732,NMBSF1,28,52,"2,610",11.07,"28,892.70"
2019-08-15,2019081501004712,NMBSF1,28,52,"2,610",11.07,"28,892.70"
2019-08-15,2019081501004604,NMBSF1,28,52,"2,610",11.07,"28,892.70"
2019-08-15,2019081501004593,NMBSF1,28,52,"2,610",11.07,"28,892.70"
2019-08-15,2019081501004567,NMBSF1,28,52,"2,610",11.07,"28,892.70"
2019-08-15,2019081501004588,NSEWA,34,44,10,440.00,"4,400.00"
2019-08-15,2019081501004544,NTC,6,34,110,676.00,"74,360.00"
2019-08-15,2019081501004543,NTC,6,34,300,676.00,"202,800.00"
2019-08-15,2019081501004542,NTC,6,34,100,676.00,"67,600.00"
2019-08-15,2019081501004541,NTC,6,34,250,676.00,"169,000.00"
2019-08-15,2019081501004540,NTC,6,34,100,676.00,"67,600.00"
2019-08-15,2019081501004539,NTC,6,4,300,676.00,"202,800.00"
2019-08-15,2019081501004538,NTC,6,4,100,676.00,"67,600.00"
2019-08-15,2019081501004537,NTC,6,4,100,676.00,"67,600.00"
2019-08-15,2019081501004536,NTC,6,4,100,676.00,"67,600.00"
2019-08-15,2019081501004535,NTC,6,17,130,675.00,"87,750.00"
2019-08-15,2019081501004534,NTC,6,29,310,675.00,"209,250.00"
2019-08-15,2019081501004489,NTC,6,29,70,674.00,"47,180.00"
2019-08-15,2019081501004750,NUBL,34,57,300,873.00,"261,900.00"
2019-08-15,2019081501004739,PCBL,10,45,440,279.00,"122,760.00"
2019-08-15,2019081501004738,PCBL,10,17,60,278.00,"16,680.00"
2019-08-15,2019081501004737,PCBL,10,53,350,278.00,"97,300.00"
2019-08-15,2019081501004619,PCBL,57,53,100,278.00,"27,800.00"
2019-08-15,2019081501004608,PCBL,34,16,51,277.00,"14,127.00"
2019-08-15,2019081501004607,PCBL,44,16,50,277.00,"13,850.00"
2019-08-15,2019081501004606,PCBL,34,16,19,277.00,"5,263.00"
2019-08-15,2019081501004551,PCBL,34,11,191,277.00,"52,907.00"
2019-08-15,2019081501004628,PIC,42,49,22,457.00,"10,054.00"
2019-08-15,2019081501004454,PIC,47,44,11,458.00,"5,038.00"
2019-08-15,2019081501004875,PLIC,10,5,10,412.00,"4,120.00"
2019-08-15,2019081501004524,PMHPL,54,14,10,101.00,"1,010.00"
2019-08-15,2019081501004546,PPCL,3,14,10,116.00,"1,160.00"
2019-08-15,2019081501004846,PRIN,55,41,44,351.00,"15,444.00"
2019-08-15,2019081501004518,PRIN,55,22,250,350.00,"87,500.00"
2019-08-15,2019081501004633,PRVU,10,44,"1,861",268.00,"498,748.00"
2019-08-15,2019081501004590,PRVU,32,49,350,267.00,"93,450.00"
2019-08-15,2019081501004568,PRVU,32,11,92,267.00,"24,564.00"
2019-08-15,2019081501004469,PRVU,32,18,70,267.00,"18,690.00"
2019-08-15,2019081501004843,RBCLPO,33,56,20,"8,435.00","168,700.00"
2019-08-15,2019081501004571,RBCLPO,59,44,50,"8,560.00","428,000.00"
2019-08-15,2019081501004901,RHPL,45,26,40,209.00,"8,360.00"
2019-08-15,2019081501004881,RHPL,45,56,10,209.00,"2,090.00"
2019-08-15,2019081501004878,RHPL,45,57,40,209.00,"8,360.00"
2019-08-15,2019081501004876,RHPL,45,26,40,209.00,"8,360.00"
2019-08-15,2019081501004871,RHPL,45,44,40,209.00,"8,360.00"
2019-08-15,2019081501004856,RHPL,45,26,50,209.00,"10,450.00"
2019-08-15,2019081501004449,RHPL,45,37,20,209.00,"4,180.00"
2019-08-15,2019081501004413,RHPL,45,37,20,209.00,"4,180.00"
2019-08-15,2019081501004550,RHPL,45,14,40,209.00,"8,360.00"
2019-08-15,2019081501004532,RHPL,45,7,30,209.00,"6,270.00"
2019-08-15,2019081501004525,RHPL,45,57,40,209.00,"8,360.00"
2019-08-15,2019081501004514,RHPL,45,44,40,209.00,"8,360.00"
2019-08-15,2019081501004513,RHPL,45,37,20,209.00,"4,180.00"
2019-08-15,2019081501004461,RHPL,45,44,40,209.00,"8,360.00"
2019-08-15,2019081501004595,RHPL,45,44,40,209.00,"8,360.00"
2019-08-15,2019081501004594,RHPL,45,11,10,209.00,"2,090.00"
2019-08-15,2019081501004583,RHPL,45,43,40,209.00,"8,360.00"
2019-08-15,2019081501004575,RHPL,45,43,40,209.00,"8,360.00"
2019-08-15,2019081501004558,RHPL,45,37,20,209.00,"4,180.00"
2019-08-15,2019081501004554,RHPL,45,44,40,209.00,"8,360.00"
2019-08-15,2019081501004677,RHPL,45,18,10,209.00,"2,090.00"
2019-08-15,2019081501004664,RHPL,45,22,10,209.00,"2,090.00"
2019-08-15,2019081501004626,RHPL,45,37,20,209.00,"4,180.00"
2019-08-15,2019081501004624,RHPL,45,44,40,209.00,"8,360.00"
2019-08-15,2019081501004609,RHPL,45,43,40,209.00,"8,360.00"
2019-08-15,2019081501004603,RHPL,45,22,40,209.00,"8,360.00"
2019-08-15,2019081501004687,RHPL,34,49,"1,000",210.00,"210,000.00"
2019-08-15,2019081501004686,RHPL,34,13,40,210.00,"8,400.00"
2019-08-15,2019081501004685,RHPL,34,10,40,210.00,"8,400.00"
2019-08-15,2019081501004684,RHPL,34,28,10,210.00,"2,100.00"
2019-08-15,2019081501004683,RHPL,34,28,10,210.00,"2,100.00"
2019-08-15,2019081501004682,RHPL,34,28,30,210.00,"6,300.00"
2019-08-15,2019081501004693,RHPL,34,43,30,210.00,"6,300.00"
2019-08-15,2019081501004692,RHPL,34,34,500,210.00,"105,000.00"
2019-08-15,2019081501004691,RHPL,34,43,30,210.00,"6,300.00"
2019-08-15,2019081501004690,RHPL,34,43,30,210.00,"6,300.00"
2019-08-15,2019081501004689,RHPL,34,37,20,210.00,"4,200.00"
2019-08-15,2019081501004688,RHPL,34,10,40,210.00,"8,400.00"
2019-08-15,2019081501004744,RHPL,45,28,40,209.00,"8,360.00"
2019-08-15,2019081501004736,RHPL,45,49,40,209.00,"8,360.00"
2019-08-15,2019081501004734,RHPL,45,49,30,209.00,"6,270.00"
2019-08-15,2019081501004718,RHPL,45,49,40,209.00,"8,360.00"
2019-08-15,2019081501004715,RHPL,45,44,40,209.00,"8,360.00"
2019-08-15,2019081501004703,RHPL,45,37,20,209.00,"4,180.00"
2019-08-15,2019081501004842,RHPL,45,57,50,209.00,"10,450.00"
2019-08-15,2019081501004824,RHPL,45,26,40,209.00,"8,360.00"
2019-08-15,2019081501004780,RHPL,45,14,10,209.00,"2,090.00"
2019-08-15,2019081501004757,RHPL,45,43,50,209.00,"10,450.00"
2019-08-15,2019081501004755,RHPL,45,44,40,209.00,"8,360.00"
2019-08-15,2019081501004751,RHPL,45,49,40,209.00,"8,360.00"
2019-08-15,2019081501004823,RRHP,47,59,10,105.00,"1,050.00"
2019-08-15,2019081501004621,RRHP,47,56,10,105.00,"1,050.00"
2019-08-15,2019081501004563,RRHP,47,14,10,105.00,"1,050.00"
2019-08-15,2019081501004483,RRHP,47,18,10,105.00,"1,050.00"
2019-08-15,2019081501004766,RSDC,49,49,13,355.00,"4,615.00"
2019-08-15,2019081501004706,RSDC,41,51,40,356.00,"14,240.00"
2019-08-15,2019081501004705,RSDC,1,51,50,356.00,"17,800.00"
2019-08-15,2019081501004492,SADBL,22,48,90,149.00,"13,410.00"
2019-08-15,2019081501004668,SAEF,43,46,200,10.08,"2,016.00"
2019-08-15,2019081501004636,SAEF,43,32,"2,000",9.95,"19,900.00"
2019-08-15,2019081501004635,SAEF,43,6,300,9.89,"2,967.00"
2019-08-15,2019081501004412,SANIMA,45,41,679,348.00,"236,292.00"
2019-08-15,2019081501004870,SBI,48,13,943,446.00,"420,578.00"
2019-08-15,2019081501004869,SBI,48,7,105,445.00,"46,725.00"
2019-08-15,2019081501004868,SBI,48,52,208,443.00,"92,144.00"
2019-08-15,2019081501004867,SBI,48,57,344,441.00,"151,704.00"
2019-08-15,2019081501004777,SBI,48,57,62,441.00,"27,342.00"
2019-08-15,2019081501004865,SBL,10,22,"1,468",314.00,"460,952.00"
2019-08-15,2019081501004864,SBL,25,22,200,314.00,"62,800.00"
2019-08-15,2019081501004863,SBL,17,22,20,314.00,"6,280.00"
2019-08-15,2019081501004862,SBL,8,22,312,314.00,"97,968.00"
2019-08-15,2019081501004574,SBL,57,44,300,315.00,"94,500.00"
2019-08-15,2019081501004422,SBL,8,40,188,314.00,"59,032.00"
2019-08-15,2019081501004421,SBL,28,40,50,314.00,"15,700.00"
2019-08-15,2019081501004420,SBL,35,40,80,314.00,"25,120.00"
2019-08-15,2019081501004419,SBL,35,40,32,314.00,"10,048.00"
2019-08-15,2019081501004909,SCB,55,44,20,643.00,"12,860.00"
2019-08-15,2019081501004816,SCB,43,36,25,645.00,"16,125.00"
2019-08-15,2019081501004759,SCB,47,44,20,642.00,"12,840.00"
2019-08-15,2019081501004468,SCB,22,44,10,641.00,"6,410.00"
2019-08-15,2019081501004467,SCB,34,44,10,641.00,"6,410.00"
2019-08-15,2019081501004416,SCB,44,36,10,645.00,"6,450.00"
2019-08-15,2019081501004414,SCB,34,44,20,641.00,"12,820.00"
2019-08-15,2019081501004717,SCB,22,44,20,641.00,"12,820.00"
2019-08-15,2019081501004632,SCB,22,44,10,641.00,"6,410.00"
2019-08-15,2019081501004631,SCB,21,44,10,642.00,"6,420.00"
2019-08-15,2019081501004601,SCB,22,44,20,641.00,"12,820.00"
2019-08-15,2019081501004589,SCB,6,36,40,645.00,"25,800.00"
2019-08-15,2019081501004565,SCB,22,44,20,641.00,"12,820.00"
2019-08-15,2019081501004770,SDESI,57,49,27,612.00,"16,524.00"
2019-08-15,2019081501004735,SDESI,4,44,27,613.00,"16,551.00"
2019-08-15,2019081501004644,SDESI,4,44,27,613.00,"16,551.00"
2019-08-15,2019081501004521,SDESI,4,44,27,613.00,"16,551.00"
2019-08-15,2019081501004841,SHIVM,45,28,100,581.00,"58,100.00"
2019-08-15,2019081501004817,SHIVM,25,28,100,582.00,"58,200.00"
2019-08-15,2019081501004801,SHIVM,17,40,75,584.00,"43,800.00"
2019-08-15,2019081501004637,SHIVM,45,22,50,581.00,"29,050.00"
2019-08-15,2019081501004564,SHIVM,32,40,50,584.00,"29,200.00"
2019-08-15,2019081501004493,SHIVM,45,51,50,581.00,"29,050.00"
2019-08-15,2019081501004446,SHIVM,45,40,165,584.00,"96,360.00"
2019-08-15,2019081501004445,SHIVM,45,22,300,583.00,"174,900.00"
2019-08-15,2019081501004444,SHIVM,45,13,335,582.00,"194,970.00"
2019-08-15,2019081501004443,SHIVM,45,19,500,582.00,"291,000.00"
2019-08-15,2019081501004442,SHIVM,45,21,40,581.00,"23,240.00"
2019-08-15,2019081501004427,SHIVM,57,38,150,580.00,"87,000.00"
2019-08-15,2019081501004611,SHPC,40,49,100,236.00,"23,600.00"
2019-08-15,2019081501004907,SJCL,59,56,10,223.00,"2,230.00"
2019-08-15,2019081501004906,SJCL,59,26,20,223.00,"4,460.00"
2019-08-15,2019081501004895,SJCL,59,43,20,223.00,"4,460.00"
2019-08-15,2019081501004891,SJCL,59,57,20,223.00,"4,460.00"
2019-08-15,2019081501004880,SJCL,59,26,20,223.00,"4,460.00"
2019-08-15,2019081501004861,SJCL,51,26,20,222.00,"4,440.00"
2019-08-15,2019081501004522,SJCL,51,7,20,222.00,"4,440.00"
2019-08-15,2019081501004462,SJCL,51,37,20,222.00,"4,440.00"
2019-08-15,2019081501004569,SJCL,51,14,20,222.00,"4,440.00"
2019-08-15,2019081501004545,SJCL,51,57,20,222.00,"4,440.00"
2019-08-15,2019081501004527,SJCL,51,37,20,222.00,"4,440.00"
2019-08-15,2019081501004694,SJCL,51,18,10,222.00,"2,220.00"
2019-08-15,2019081501004667,SJCL,51,22,10,222.00,"2,220.00"
2019-08-15,2019081501004645,SJCL,51,37,20,222.00,"4,440.00"
2019-08-15,2019081501004617,SJCL,51,22,20,222.00,"4,440.00"
2019-08-15,2019081501004582,SJCL,51,11,10,222.00,"2,220.00"
2019-08-15,2019081501004570,SJCL,51,37,20,222.00,"4,440.00"
2019-08-15,2019081501004754,SJCL,51,28,20,222.00,"4,440.00"
2019-08-15,2019081501004740,SJCL,51,37,20,222.00,"4,440.00"
2019-08-15,2019081501004733,SJCL,51,43,20,222.00,"4,440.00"
2019-08-15,2019081501004724,SJCL,51,37,20,222.00,"4,440.00"
2019-08-15,2019081501004714,SJCL,51,37,20,222.00,"4,440.00"
2019-08-15,2019081501004810,SJCL,21,43,20,223.00,"4,460.00"
2019-08-15,2019081501004809,SJCL,21,43,20,223.00,"4,460.00"
2019-08-15,2019081501004808,SJCL,21,10,20,223.00,"4,460.00"
2019-08-15,2019081501004807,SJCL,21,13,20,223.00,"4,460.00"
2019-08-15,2019081501004806,SJCL,21,10,20,223.00,"4,460.00"
2019-08-15,2019081501004805,SJCL,21,45,310,223.00,"69,130.00"
2019-08-15,2019081501004855,SJCL,51,57,10,222.00,"2,220.00"
2019-08-15,2019081501004854,SJCL,21,57,10,223.00,"2,230.00"
2019-08-15,2019081501004838,SJCL,21,26,20,223.00,"4,460.00"
2019-08-15,2019081501004813,SJCL,21,43,20,223.00,"4,460.00"
2019-08-15,2019081501004812,SJCL,21,43,20,223.00,"4,460.00"
2019-08-15,2019081501004811,SJCL,21,43,20,223.00,"4,460.00"
2019-08-15,2019081501004858,SKBBL,34,22,312,980.00,"305,760.00"
2019-08-15,2019081501004857,SKBBL,34,35,"1,500",980.00,"1,470,000.00"
2019-08-15,2019081501004670,SKBBL,44,19,500,979.00,"489,500.00"
2019-08-15,2019081501004669,SKBBL,44,7,16,979.00,"15,664.00"
2019-08-15,2019081501004618,SLBBL,57,49,30,548.00,"16,440.00"
2019-08-15,2019081501004587,SLICL,34,51,230,301.00,"69,230.00"
2019-08-15,2019081501004586,SLICL,38,51,50,301.00,"15,050.00"
2019-08-15,2019081501004585,SLICL,34,51,100,302.00,"30,200.00"
2019-08-15,2019081501004584,SLICL,47,51,20,302.00,"6,040.00"
2019-08-15,2019081501004802,SMB,45,49,10,472.00,"4,720.00"
2019-08-15,2019081501004426,SMB,45,44,10,472.00,"4,720.00"
2019-08-15,2019081501004787,SMFBS,37,28,10,816.00,"8,160.00"
2019-08-15,2019081501004786,SMFBS,13,28,70,817.00,"57,190.00"
2019-08-15,2019081501004785,SMFBS,34,28,20,818.00,"16,360.00"
2019-08-15,2019081501004579,SPARS,34,14,10,611.00,"6,110.00"
2019-08-15,2019081501004476,SPARS,17,45,70,612.00,"42,840.00"
2019-08-15,2019081501004465,SPARS,17,38,30,612.00,"18,360.00"
2019-08-15,2019081501004844,SPDL,45,49,15,86.00,"1,290.00"
2019-08-15,2019081501004623,SRBL,38,11,100,233.00,"23,300.00"
2019-08-15,2019081501004894,SWBBL,39,52,50,916.00,"45,800.00"
2019-08-15,2019081501004520,SWBBL,34,5,500,925.00,"462,500.00"
2019-08-15,2019081501004519,SWBBL,34,56,50,924.00,"46,200.00"
2019-08-15,2019081501004679,UPCL,41,22,50,83.00,"4,150.00"
2019-08-15,2019081501004597,UPCL,41,14,50,83.00,"4,150.00"
2019-08-15,2019081501004450,UPCL,36,5,50,84.00,"4,200.00"
2019-08-15,2019081501004872,UPPER,53,16,100,262.00,"26,200.00"
2019-08-15,2019081501004723,UPPER,11,49,100,262.00,"26,200.00"
2019-08-15,2019081501004722,UPPER,57,49,200,262.00,"52,400.00"
2019-08-15,2019081501004659,UPPER,49,44,50,262.00,"13,100.00"
2019-08-15,2019081501004612,UPPER,49,44,40,262.00,"10,480.00"
2019-08-15,2019081501004475,UPPER,49,44,40,262.00,"10,480.00"
2019-08-15,2019081501004437,UPPER,49,44,40,262.00,"10,480.00"
2019-08-15,2019081501004210,ADBL,54,42,100,430.00,"43,000.00"
2019-08-15,2019081501004154,ADBL,54,48,10,430.00,"4,300.00"
2019-08-15,2019081501004296,AHPC,14,6,15,103.00,"1,545.00"
2019-08-15,2019081501004192,AHPC,26,6,300,103.00,"30,900.00"
2019-08-15,2019081501004191,AHPC,41,6,100,103.00,"10,300.00"
2019-08-15,2019081501004298,AKJCL,25,7,20,67.00,"1,340.00"
2019-08-15,2019081501004263,AKJCL,25,53,10,67.00,670.00
2019-08-15,2019081501004317,ALBSL,38,7,10,465.00,"4,650.00"
2019-08-15,2019081501004292,ALBSL,38,38,80,465.00,"37,200.00"
2019-08-15,2019081501004041,ALBSL,38,44,10,465.00,"4,650.00"
2019-08-15,2019081501004001,ALBSL,57,53,10,464.00,"4,640.00"
2019-08-15,2019081501003939,ALBSL,57,44,10,464.00,"4,640.00"
2019-08-15,2019081501004371,ALICL,57,26,25,345.00,"8,625.00"
2019-08-15,2019081501004370,ALICL,26,26,429,345.00,"148,005.00"
2019-08-15,2019081501004369,ALICL,47,26,20,346.00,"6,920.00"
2019-08-15,2019081501004108,ALICL,26,28,71,345.00,"24,495.00"
2019-08-15,2019081501004107,ALICL,57,28,40,345.00,"13,800.00"
2019-08-15,2019081501004106,ALICL,37,28,39,345.00,"13,455.00"
2019-08-15,2019081501004045,BFC,34,38,10,99.00,990.00
2019-08-15,2019081501004274,BOKL,53,11,50,256.00,"12,800.00"
2019-08-15,2019081501004237,BOKL,11,11,10,256.00,"2,560.00"
2019-08-15,2019081501004216,BOKL,34,11,30,256.00,"7,680.00"
2019-08-15,2019081501004089,BOKL,32,11,"1,000",256.00,"256,000.00"
2019-08-15,2019081501003927,BOKL,51,39,100,256.00,"25,600.00"
2019-08-15,2019081501003926,BOKL,1,39,100,256.00,"25,600.00"
2019-08-15,2019081501003974,CBBL,34,6,450,997.00,"448,650.00"
2019-08-15,2019081501003973,CBBL,34,52,200,996.00,"199,200.00"
2019-08-15,2019081501003972,CBBL,34,22,335,995.00,"333,325.00"
2019-08-15,2019081501003971,CBBL,34,5,200,994.00,"198,800.00"
2019-08-15,2019081501004394,CBL,54,36,43,149.00,"6,407.00"
2019-08-15,2019081501004096,CBL,54,32,130,149.00,"19,370.00"
2019-08-15,2019081501004095,CBL,58,32,70,149.00,"10,430.00"
2019-08-15,2019081501004299,CCBL,39,44,114,161.00,"18,354.00"
2019-08-15,2019081501004048,CCBL,39,35,300,161.00,"48,300.00"
2019-08-15,2019081501004012,CCBL,39,44,119,161.00,"19,159.00"
2019-08-15,2019081501003950,CCBL,39,58,142,161.00,"22,862.00"
2019-08-15,2019081501003949,CCBL,58,58,683,161.00,"109,963.00"
2019-08-15,2019081501004281,CHL,1,4,10,82.00,820.00
2019-08-15,2019081501004178,CIT,39,1,50,"2,370.00","118,500.00"
2019-08-15,2019081501004177,CIT,46,1,73,"2,370.00","173,010.00"
2019-08-15,2019081501004300,CZBIL,43,42,100,217.00,"21,700.00"
2019-08-15,2019081501004244,DBBL,14,56,412,141.00,"58,092.00"
2019-08-15,2019081501004102,DBBL,14,7,51,141.00,"7,191.00"
2019-08-15,2019081501004165,DDBL,44,6,20,755.00,"15,100.00"
2019-08-15,2019081501004364,EBL,43,11,10,641.00,"6,410.00"
2019-08-15,2019081501004113,EBL,51,6,50,645.00,"32,250.00"
2019-08-15,2019081501004112,EBL,44,6,200,645.00,"129,000.00"
2019-08-15,2019081501004111,EBL,41,6,20,646.00,"12,920.00"
2019-08-15,2019081501004110,EBL,17,6,50,646.00,"32,300.00"
2019-08-15,2019081501004082,EBL,55,49,25,647.00,"16,175.00"
2019-08-15,2019081501003979,EBL,55,49,25,647.00,"16,175.00"
2019-08-15,2019081501003990,EIC,17,42,105,336.00,"35,280.00"
2019-08-15,2019081501004286,GBLBS,57,57,70,367.00,"25,690.00"
2019-08-15,2019081501004058,GBLBS,57,44,10,367.00,"3,670.00"
2019-08-15,2019081501003995,GBLBS,49,49,10,369.00,"3,690.00"
2019-08-15,2019081501003930,GHL,44,41,30,83.00,"2,490.00"
2019-08-15,2019081501004152,GILB,49,49,1,677.00,677.00
2019-08-15,2019081501004407,GLBSL,13,43,110,509.00,"55,990.00"
2019-08-15,2019081501004406,GLBSL,39,43,100,510.00,"51,000.00"
2019-08-15,2019081501004405,GLBSL,6,43,70,511.00,"35,770.00"
2019-08-15,2019081501004404,GLBSL,6,41,10,511.00,"5,110.00"
2019-08-15,2019081501004401,GLBSL,6,39,10,511.00,"5,110.00"
2019-08-15,2019081501004395,GLBSL,6,58,20,511.00,"10,220.00"
2019-08-15,2019081501004328,GLBSL,13,38,150,513.00,"76,950.00"
2019-08-15,2019081501004327,GLBSL,48,38,40,514.00,"20,560.00"
2019-08-15,2019081501004325,GLBSL,48,38,10,514.00,"5,140.00"
2019-08-15,2019081501004301,GLBSL,38,16,10,516.00,"5,160.00"
2019-08-15,2019081501004391,GLBSL,6,39,10,511.00,"5,110.00"
2019-08-15,2019081501004381,GLBSL,6,45,50,511.00,"25,550.00"
2019-08-15,2019081501004363,GLBSL,6,39,10,511.00,"5,110.00"
2019-08-15,2019081501004352,GLBSL,6,39,10,511.00,"5,110.00"
2019-08-15,2019081501004336,GLBSL,6,39,10,511.00,"5,110.00"
2019-08-15,2019081501004329,GLBSL,22,38,190,512.00,"97,280.00"
2019-08-15,2019081501004399,GMFBS,39,38,35,568.00,"19,880.00"
2019-08-15,2019081501004398,GMFBS,33,38,20,569.00,"11,380.00"
2019-08-15,2019081501004397,GMFBS,39,38,50,569.00,"28,450.00"
2019-08-15,2019081501004351,GMFBS,14,38,70,570.00,"39,900.00"
2019-08-15,2019081501004350,GMFBS,14,7,10,570.00,"5,700.00"
2019-08-15,2019081501004349,GMFBS,14,16,10,570.00,"5,700.00"
2019-08-15,2019081501004348,GMFBS,14,49,10,570.00,"5,700.00"
2019-08-15,2019081501004346,HBL,49,11,15,545.00,"8,175.00"
2019-08-15,2019081501004234,HBL,49,57,50,545.00,"27,250.00"
2019-08-15,2019081501004233,HBL,17,57,100,546.00,"54,600.00"
2019-08-15,2019081501004232,HBL,7,57,50,548.00,"27,400.00"
2019-08-15,2019081501004290,HDL,48,33,10,"1,580.00","15,800.00"
2019-08-15,2019081501004265,HDL,48,49,40,"1,580.00","63,200.00"
2019-08-15,2019081501004172,HIDCL,8,5,200,150.00,"30,000.00"
2019-08-15,2019081501004010,HIDCL,10,5,217,150.00,"32,550.00"
2019-08-15,2019081501004004,HIDCL,10,16,61,150.00,"9,150.00"
2019-08-15,2019081501003975,HIDCL,10,16,61,150.00,"9,150.00"
2019-08-15,2019081501003951,HIDCL,10,16,61,150.00,"9,150.00"
2019-08-15,2019081501004366,HPPL,42,22,20,162.00,"3,240.00"
2019-08-15,2019081501004064,HPPL,42,44,20,162.00,"3,240.00"
2019-08-15,2019081501004060,HURJA,1,28,10,130.00,"1,300.00"
2019-08-15,2019081501004059,HURJA,42,28,10,130.00,"1,300.00"
2019-08-15,2019081501003947,HURJA,42,49,20,130.00,"2,600.00"
2019-08-15,2019081501003940,HURJA,42,28,20,130.00,"2,600.00"
2019-08-15,2019081501004393,ILBS,22,44,10,471.00,"4,710.00"
2019-08-15,2019081501004291,ILBS,22,57,10,471.00,"4,710.00"
2019-08-15,2019081501004280,ILBS,22,57,10,471.00,"4,710.00"
2019-08-15,2019081501004271,ILBS,11,53,10,471.00,"4,710.00"
2019-08-15,2019081501004270,ILBS,11,57,10,471.00,"4,710.00"
2019-08-15,2019081501004261,ILBS,11,57,10,471.00,"4,710.00"
2019-08-15,2019081501004251,ILBS,11,57,10,471.00,"4,710.00"
2019-08-15,2019081501004186,ILBS,11,16,10,471.00,"4,710.00"
2019-08-15,2019081501004017,ILBS,11,16,10,471.00,"4,710.00"
2019-08-15,2019081501003970,ILBS,11,44,10,471.00,"4,710.00"
2019-08-15,2019081501003944,ILBS,11,44,10,471.00,"4,710.00"
2019-08-15,2019081501003915,ILBS,11,39,10,471.00,"4,710.00"
2019-08-15,2019081501004156,JBBL,38,37,500,157.00,"78,500.00"
2019-08-15,2019081501004155,JBBL,38,3,681,157.00,"106,917.00"
2019-08-15,2019081501004151,JBBL,38,3,345,157.00,"54,165.00"
2019-08-15,2019081501004093,JBBL,38,3,255,157.00,"40,035.00"
2019-08-15,2019081501004016,JOSHI,41,53,20,70.00,"1,400.00"
2019-08-15,2019081501004185,KBL,10,11,400,204.00,"81,600.00"
2019-08-15,2019081501004184,KBL,26,11,100,204.00,"20,400.00"
2019-08-15,2019081501004183,KBL,43,11,"1,000",204.00,"204,000.00"
2019-08-15,2019081501004182,KBL,1,11,100,204.00,"20,400.00"
2019-08-15,2019081501004181,KBL,55,11,"1,000",204.00,"204,000.00"
2019-08-15,2019081501004180,KBL,4,11,400,204.00,"81,600.00"
2019-08-15,2019081501004338,KPCL,42,7,10,86.00,860.00
2019-08-15,2019081501004029,KPCL,42,53,10,86.00,860.00
2019-08-15,2019081501003946,KPCL,42,28,10,86.00,860.00
2019-08-15,2019081501004320,LBBL,59,25,100,176.00,"17,600.00"
2019-08-15,2019081501004242,LBBL,33,32,70,177.00,"12,390.00"
2019-08-15,2019081501004324,LBL,50,43,45,213.00,"9,585.00"
2019-08-15,2019081501004246,LBL,25,43,205,213.00,"43,665.00"
2019-08-15,2019081501004166,LGIL,33,7,100,415.00,"41,500.00"
2019-08-15,2019081501004408,MBL,55,6,50,256.00,"12,800.00"
2019-08-15,2019081501004390,MBL,55,6,50,256.00,"12,800.00"
