Date,Transact. No.,Symbol,Buyer,Seller,Quantity,Rate,Amount
2019-06-10,2019061001008231,ADBL,22,25,100,412.00,"41,200.00"
2019-06-10,2019061001008230,ADBL,22,40,85,412.00,"35,020.00"
2019-06-10,2019061001008229,ADBL,22,33,250,412.00,"103,000.00"
2019-06-10,2019061001008195,ADBL,22,33,250,412.00,"103,000.00"
2019-06-10,2019061001008194,ADBL,22,6,250,412.00,"103,000.00"
2019-06-10,2019061001007956,ADBL,49,57,500,411.00,"205,500.00"
2019-06-10,2019061001007882,ADBL,28,6,50,412.00,"20,600.00"
2019-06-10,2019061001007965,AKPL,28,19,10,191.00,"1,910.00"
2019-06-10,2019061001008271,ALBSL,40,41,20,428.00,"8,560.00"
2019-06-10,2019061001008270,ALBSL,41,41,200,428.00,"85,600.00"
2019-06-10,2019061001008201,ALBSL,1,41,20,429.00,"8,580.00"
2019-06-10,2019061001007898,ALBSL,1,38,10,429.00,"4,290.00"
2019-06-10,2019061001007853,ALBSL,1,49,10,429.00,"4,290.00"
2019-06-10,2019061001008117,ALICL,40,48,100,396.00,"39,600.00"
2019-06-10,2019061001008092,ALICL,58,26,100,400.00,"40,000.00"
2019-06-10,2019061001008274,API,19,57,29,149.00,"4,321.00"
2019-06-10,2019061001008267,API,25,57,10,151.00,"1,510.00"
2019-06-10,2019061001008266,API,25,34,310,150.00,"46,500.00"
2019-06-10,2019061001008191,API,19,39,"1,940",149.00,"289,060.00"
2019-06-10,2019061001007969,API,25,39,60,150.00,"9,000.00"
2019-06-10,2019061001007855,API,6,57,62,148.00,"9,176.00"
2019-06-10,2019061001007854,API,45,57,838,148.00,"124,024.00"
2019-06-10,2019061001008176,BFC,45,42,500,105.00,"52,500.00"
2019-06-10,2019061001008097,BFC,45,34,500,105.00,"52,500.00"
2019-06-10,2019061001007986,BOKL,28,59,788,264.00,"208,032.00"
2019-06-10,2019061001007985,BOKL,6,59,700,264.00,"184,800.00"
2019-06-10,2019061001007984,BOKL,6,59,500,264.00,"132,000.00"
2019-06-10,2019061001007983,BOKL,52,59,947,265.00,"250,955.00"
2019-06-10,2019061001007834,BOKL,52,59,53,265.00,"14,045.00"
2019-06-10,2019061001007833,BOKL,57,59,211,265.00,"55,915.00"
2019-06-10,2019061001008249,BPCL,36,33,152,402.00,"61,104.00"
2019-06-10,2019061001008248,BPCL,21,33,"1,000",403.00,"403,000.00"
2019-06-10,2019061001008247,BPCL,1,33,150,403.00,"60,450.00"
2019-06-10,2019061001008246,BPCL,37,33,500,403.00,"201,500.00"
2019-06-10,2019061001008245,BPCL,34,33,184,403.00,"74,152.00"
2019-06-10,2019061001008244,BPCL,26,33,14,404.00,"5,656.00"
2019-06-10,2019061001008148,BPCL,52,49,50,405.00,"20,250.00"
2019-06-10,2019061001007913,BPCL,26,38,11,404.00,"4,444.00"
2019-06-10,2019061001008087,CBBL,42,3,69,939.00,"64,791.00"
2019-06-10,2019061001007926,CBBL,42,41,234,939.00,"219,726.00"
2019-06-10,2019061001007903,CBBL,42,8,200,939.00,"187,800.00"
2019-06-10,2019061001008311,CBL,51,37,496,145.00,"71,920.00"
2019-06-10,2019061001008310,CBL,52,37,200,145.00,"29,000.00"
2019-06-10,2019061001008309,CBL,39,37,304,145.00,"44,080.00"
2019-06-10,2019061001007990,CBL,39,19,70,145.00,"10,150.00"
2019-06-10,2019061001008318,CEFL,39,58,"3,000",103.00,"309,000.00"
2019-06-10,2019061001007887,CFCL,1,22,313,119.00,"37,247.00"
2019-06-10,2019061001008212,CHCL,34,49,49,520.00,"25,480.00"
2019-06-10,2019061001008211,CHCL,13,49,51,520.00,"26,520.00"
2019-06-10,2019061001008018,CHL,1,19,10,95.00,950.00
2019-06-10,2019061001007897,CHL,1,28,10,95.00,950.00
2019-06-10,2019061001008315,CIT,16,25,10,"2,535.00","25,350.00"
2019-06-10,2019061001008299,CZBIL,7,26,"2,619",221.00,"578,799.00"
2019-06-10,2019061001008257,CZBIL,45,26,100,221.00,"22,100.00"
2019-06-10,2019061001008256,CZBIL,22,26,250,221.00,"55,250.00"
2019-06-10,2019061001008255,CZBIL,6,26,"1,000",221.00,"221,000.00"
2019-06-10,2019061001008254,CZBIL,34,26,100,221.00,"22,100.00"
2019-06-10,2019061001008253,CZBIL,37,26,200,221.00,"44,200.00"
2019-06-10,2019061001008252,CZBIL,1,26,500,221.00,"110,500.00"
2019-06-10,2019061001008251,CZBIL,46,26,47,221.00,"10,387.00"
2019-06-10,2019061001008072,CZBIL,57,26,88,222.00,"19,536.00"
2019-06-10,2019061001008049,CZBIL,46,19,10,221.00,"2,210.00"
2019-06-10,2019061001008173,DBBL,51,4,10,147.00,"1,470.00"
2019-06-10,2019061001008279,DDBL,43,42,50,699.00,"34,950.00"
2019-06-10,2019061001008278,DDBL,6,42,100,699.00,"69,900.00"
2019-06-10,2019061001008277,DDBL,43,42,50,699.00,"34,950.00"
2019-06-10,2019061001008276,DDBL,43,42,30,699.00,"20,970.00"
2019-06-10,2019061001008112,DDBL,43,34,10,699.00,"6,990.00"
2019-06-10,2019061001008111,DDBL,43,34,40,699.00,"27,960.00"
2019-06-10,2019061001008110,DDBL,43,34,50,699.00,"34,950.00"
2019-06-10,2019061001008325,EBL,52,53,216,661.00,"142,776.00"
2019-06-10,2019061001008324,EBL,46,53,60,661.00,"39,660.00"
2019-06-10,2019061001008323,EBL,53,53,24,663.00,"15,912.00"
2019-06-10,2019061001008210,EBL,38,26,61,664.00,"40,504.00"
2019-06-10,2019061001008209,EBL,38,14,39,664.00,"25,896.00"
2019-06-10,2019061001007980,FOWAD,43,44,50,"1,415.00","70,750.00"
2019-06-10,2019061001007979,FOWAD,43,6,18,"1,415.00","25,470.00"
2019-06-10,2019061001007978,FOWAD,43,45,10,"1,415.00","14,150.00"
2019-06-10,2019061001007977,FOWAD,43,55,10,"1,414.00","14,140.00"
2019-06-10,2019061001007976,FOWAD,43,3,10,"1,414.00","14,140.00"
2019-06-10,2019061001008186,GBBL,38,37,140,227.00,"31,780.00"
2019-06-10,2019061001008164,GBBL,38,37,500,227.00,"113,500.00"
2019-06-10,2019061001008122,GBBL,38,37,51,227.00,"11,577.00"
2019-06-10,2019061001008121,GBBL,38,37,649,226.00,"146,674.00"
2019-06-10,2019061001008088,GBBL,38,37,25,226.00,"5,650.00"
2019-06-10,2019061001008082,GBBL,6,37,399,226.00,"90,174.00"
2019-06-10,2019061001007904,GBBL,38,59,88,225.00,"19,800.00"
2019-06-10,2019061001007910,GBBL,38,37,678,227.00,"153,906.00"
2019-06-10,2019061001007909,GBBL,38,22,521,227.00,"118,267.00"
2019-06-10,2019061001007908,GBBL,38,16,268,227.00,"60,836.00"
2019-06-10,2019061001007907,GBBL,38,58,465,227.00,"105,555.00"
2019-06-10,2019061001007906,GBBL,38,57,500,226.00,"113,000.00"
2019-06-10,2019061001007905,GBBL,38,14,180,226.00,"40,680.00"
2019-06-10,2019061001008081,GBBL,6,25,"1,601",226.00,"361,826.00"
2019-06-10,2019061001008057,GBBL,38,37,150,226.00,"33,900.00"
2019-06-10,2019061001008039,GBBL,38,37,245,226.00,"55,370.00"
2019-06-10,2019061001008013,GBBL,38,37,64,226.00,"14,464.00"
2019-06-10,2019061001008007,GBBL,38,37,470,226.00,"106,220.00"
2019-06-10,2019061001007937,GBBL,38,38,365,226.00,"82,490.00"
2019-06-10,2019061001008180,GBIME,38,16,38,301.00,"11,438.00"
2019-06-10,2019061001008179,GBIME,38,11,60,301.00,"18,060.00"
2019-06-10,2019061001007963,GBIME,18,11,10,301.00,"3,010.00"
2019-06-10,2019061001007880,GBIME,36,11,60,301.00,"18,060.00"
2019-06-10,2019061001007873,GBIME,44,11,10,301.00,"3,010.00"
2019-06-10,2019061001008282,GBLBS,57,25,100,360.00,"36,000.00"
2019-06-10,2019061001008261,GBLBS,39,41,30,357.00,"10,710.00"
2019-06-10,2019061001008208,GBLBS,58,41,100,357.00,"35,700.00"
2019-06-10,2019061001008207,GBLBS,3,41,50,357.00,"17,850.00"
2019-06-10,2019061001008206,GBLBS,17,41,100,358.00,"35,800.00"
2019-06-10,2019061001008205,GBLBS,13,41,210,358.00,"75,180.00"
2019-06-10,2019061001008099,GLICL,26,54,50,521.00,"26,050.00"
2019-06-10,2019061001008071,GRDBL,41,19,50,121.00,"6,050.00"
2019-06-10,2019061001008322,GUFL,45,53,10,122.00,"1,220.00"
2019-06-10,2019061001008259,GUFL,51,53,10,122.00,"1,220.00"
2019-06-10,2019061001008258,GUFL,51,5,40,120.00,"4,800.00"
2019-06-10,2019061001008098,GUFL,45,5,10,120.00,"1,200.00"
2019-06-10,2019061001008306,HDL,17,21,10,"1,734.00","17,340.00"
2019-06-10,2019061001008305,HDL,17,53,100,"1,734.00","173,400.00"
2019-06-10,2019061001008107,HIDCL,34,19,20,161.00,"3,220.00"
2019-06-10,2019061001007911,HIDCL,34,25,"1,100",161.00,"177,100.00"
2019-06-10,2019061001008147,HPPL,1,19,10,180.00,"1,800.00"
2019-06-10,2019061001008100,HPPL,56,39,70,182.00,"12,740.00"
2019-06-10,2019061001008120,HURJA,55,57,300,147.00,"44,100.00"
2019-06-10,2019061001008011,HURJA,33,6,20,146.00,"2,920.00"
2019-06-10,2019061001007974,ICFC,57,55,100,167.00,"16,700.00"
2019-06-10,2019061001008291,JBBL,6,51,830,158.00,"131,140.00"
2019-06-10,2019061001008290,JBBL,41,51,170,158.00,"26,860.00"
2019-06-10,2019061001008185,JBBL,41,19,30,158.00,"4,740.00"
2019-06-10,2019061001008002,JBBL,41,21,300,158.00,"47,400.00"
2019-06-10,2019061001007888,JBBL,35,25,"2,900",158.00,"458,200.00"
2019-06-10,2019061001007866,JBBL,41,25,700,158.00,"110,600.00"
2019-06-10,2019061001007865,JBBL,35,25,"1,000",158.00,"158,000.00"
2019-06-10,2019061001007864,JBBL,45,25,424,158.00,"66,992.00"
2019-06-10,2019061001007858,JBBL,45,47,200,158.00,"31,600.00"
2019-06-10,2019061001007849,JBBL,45,25,76,158.00,"12,008.00"
2019-06-10,2019061001007848,JBBL,46,25,511,158.00,"80,738.00"
2019-06-10,2019061001008285,JBNL,57,19,107,208.00,"22,256.00"
2019-06-10,2019061001008284,JBNL,57,37,300,208.00,"62,400.00"
2019-06-10,2019061001008213,JBNL,19,37,"1,000",208.00,"208,000.00"
2019-06-10,2019061001008064,JBNL,49,37,"2,000",208.00,"416,000.00"
2019-06-10,2019061001007916,JSLBB,43,43,2,"2,000.00","4,000.00"
2019-06-10,2019061001008214,KBBL,34,56,150,235.00,"35,250.00"
2019-06-10,2019061001007928,KBBL,34,58,850,235.00,"199,750.00"
2019-06-10,2019061001007851,KBBL,42,58,150,236.00,"35,400.00"
2019-06-10,2019061001008288,KBL,39,48,30,215.00,"6,450.00"
2019-06-10,2019061001008250,KBL,46,19,50,214.00,"10,700.00"
2019-06-10,2019061001008113,KBL,59,48,57,215.00,"12,255.00"
2019-06-10,2019061001007850,KBL,57,48,100,215.00,"21,500.00"
2019-06-10,2019061001008321,KSBBL,50,29,10,164.00,"1,640.00"
2019-06-10,2019061001008260,LBBL,59,35,10,198.00,"1,980.00"
2019-06-10,2019061001008190,LBL,38,47,"1,252",217.00,"271,684.00"
2019-06-10,2019061001008189,LBL,34,47,950,217.00,"206,150.00"
2019-06-10,2019061001008184,LBL,34,43,50,217.00,"10,850.00"
2019-06-10,2019061001008183,LBL,49,43,450,217.00,"97,650.00"
2019-06-10,2019061001008170,LBL,49,21,550,217.00,"119,350.00"
2019-06-10,2019061001007890,LBL,42,47,133,217.00,"28,861.00"
2019-06-10,2019061001007889,LBL,52,47,67,217.00,"14,539.00"
2019-06-10,2019061001008169,LBL,50,21,500,217.00,"108,500.00"
2019-06-10,2019061001008168,LBL,28,21,500,217.00,"108,500.00"
2019-06-10,2019061001008167,LBL,52,21,200,217.00,"43,400.00"
2019-06-10,2019061001008166,LBL,42,21,250,217.00,"54,250.00"
2019-06-10,2019061001008045,LBL,42,38,67,217.00,"14,539.00"
2019-06-10,2019061001007951,LBL,36,44,"1,900",218.00,"414,200.00"
2019-06-10,2019061001008105,LGIL,25,21,500,473.00,"236,500.00"
2019-06-10,2019061001008104,LGIL,25,21,200,473.00,"94,600.00"
2019-06-10,2019061001008103,LGIL,17,21,300,473.00,"141,900.00"
2019-06-10,2019061001008062,LGIL,17,52,500,476.00,"238,000.00"
2019-06-10,2019061001007879,LGIL,43,52,50,476.00,"23,800.00"
2019-06-10,2019061001007925,LICN,22,47,84,"1,645.00","138,180.00"
2019-06-10,2019061001007924,LICN,56,47,20,"1,646.00","32,920.00"
2019-06-10,2019061001007923,LICN,34,47,20,"1,648.00","32,960.00"
2019-06-10,2019061001007922,LICN,17,47,10,"1,650.00","16,500.00"
2019-06-10,2019061001007921,LICN,44,47,35,"1,650.00","57,750.00"
2019-06-10,2019061001007920,LICN,36,47,10,"1,650.00","16,500.00"
2019-06-10,2019061001007856,LICN,35,47,100,"1,651.00","165,100.00"
2019-06-10,2019061001008286,MEGA,34,19,50,199.00,"9,950.00"
2019-06-10,2019061001008281,MEGA,34,56,131,199.00,"26,069.00"
2019-06-10,2019061001008280,MEGA,56,56,10,199.00,"1,990.00"
2019-06-10,2019061001008093,MEGA,1,52,500,200.00,"100,000.00"
2019-06-10,2019061001008021,MEGA,17,52,450,200.00,"90,000.00"
2019-06-10,2019061001008020,MEGA,17,53,550,200.00,"110,000.00"
2019-06-10,2019061001007917,MEGA,58,53,50,200.00,"10,000.00"
2019-06-10,2019061001007899,MEGAPO,57,49,"46,616",108.00,"5,034,528.00"
2019-06-10,2019061001008149,MERO,25,56,20,568.00,"11,360.00"
2019-06-10,2019061001008101,MERO,25,42,14,568.00,"7,952.00"
2019-06-10,2019061001007876,MERO,25,7,16,567.00,"9,072.00"
2019-06-10,2019061001007875,MERO,25,34,16,567.00,"9,072.00"
2019-06-10,2019061001008269,MNBBL,57,36,100,372.00,"37,200.00"
2019-06-10,2019061001008012,MNBBL,57,49,100,372.00,"37,200.00"
2019-06-10,2019061001007973,MNBBL,41,7,41,374.00,"15,334.00"
2019-06-10,2019061001007972,MNBBL,41,48,100,374.00,"37,400.00"
2019-06-10,2019061001007971,MNBBL,41,17,59,374.00,"22,066.00"
2019-06-10,2019061001007902,MNBBL,42,44,100,373.00,"37,300.00"
2019-06-10,2019061001007901,MNBBL,49,44,100,373.00,"37,300.00"
2019-06-10,2019061001007857,MSLB,50,54,15,915.00,"13,725.00"
2019-06-10,2019061001008240,NABIL,35,38,60,826.00,"49,560.00"
2019-06-10,2019061001008182,NABIL,36,38,40,826.00,"33,040.00"
2019-06-10,2019061001008022,NABIL,36,1,20,826.00,"16,520.00"
2019-06-10,2019061001007964,NABIL,7,13,10,829.00,"8,290.00"
2019-06-10,2019061001007934,NABIL,36,13,60,829.00,"49,740.00"
2019-06-10,2019061001008312,NABILP,45,26,338,800.00,"270,400.00"
2019-06-10,2019061001008056,NABILP,39,49,100,800.00,"80,000.00"
2019-06-10,2019061001008146,NADEP,43,19,20,441.00,"8,820.00"
2019-06-10,2019061001008091,NADEP,43,25,20,441.00,"8,820.00"
2019-06-10,2019061001008303,NBB,34,51,100,223.00,"22,300.00"
2019-06-10,2019061001008302,NBB,44,51,200,223.00,"44,600.00"
2019-06-10,2019061001008301,NBB,44,51,173,223.00,"38,579.00"
2019-06-10,2019061001008215,NBB,3,59,200,224.00,"44,800.00"
2019-06-10,2019061001007919,NBB,44,47,127,223.00,"28,321.00"
2019-06-10,2019061001007918,NBB,55,47,123,223.00,"27,429.00"
2019-06-10,2019061001008328,NBL,33,17,20,325.00,"6,500.00"
2019-06-10,2019061001008327,NBL,33,57,50,325.00,"16,250.00"
2019-06-10,2019061001008326,NBL,33,51,330,324.00,"106,920.00"
2019-06-10,2019061001008219,NBL,34,51,670,324.00,"217,080.00"
2019-06-10,2019061001008218,NBL,34,25,100,324.00,"32,400.00"
2019-06-10,2019061001008217,NBL,34,16,230,324.00,"74,520.00"
2019-06-10,2019061001008054,NBL,50,16,500,324.00,"162,000.00"
2019-06-10,2019061001008048,NBL,53,47,500,323.00,"161,500.00"
2019-06-10,2019061001007970,NBL,53,57,470,323.00,"151,810.00"
2019-06-10,2019061001007957,NBL,46,16,300,324.00,"97,200.00"
2019-06-10,2019061001007932,NBL,53,36,"1,975",323.00,"637,925.00"
2019-06-10,2019061001007831,NBL,45,7,100,323.00,"32,300.00"
2019-06-10,2019061001008203,NCCB,56,4,500,257.00,"128,500.00"
2019-06-10,2019061001008202,NCCB,52,18,100,258.00,"25,800.00"
2019-06-10,2019061001008163,NCCB,56,18,476,257.00,"122,332.00"
2019-06-10,2019061001008162,NCCB,1,18,300,257.00,"77,100.00"
2019-06-10,2019061001008161,NCCB,47,18,500,257.00,"128,500.00"
2019-06-10,2019061001008160,NCCB,52,18,100,257.00,"25,700.00"
2019-06-10,2019061001007929,NCCB,40,51,250,257.00,"64,250.00"
2019-06-10,2019061001008059,NCCB,34,57,400,258.00,"103,200.00"
2019-06-10,2019061001008044,NCCB,29,50,150,257.00,"38,550.00"
2019-06-10,2019061001008043,NCCB,55,50,"1,500",257.00,"385,500.00"
2019-06-10,2019061001008042,NCCB,42,50,100,257.00,"25,700.00"
2019-06-10,2019061001008041,NCCB,58,50,150,257.00,"38,550.00"
2019-06-10,2019061001008040,NCCB,40,50,100,257.00,"25,700.00"
2019-06-10,2019061001008153,NCCB,7,18,500,257.00,"128,500.00"
2019-06-10,2019061001008152,NCCB,34,18,"1,000",257.00,"257,000.00"
2019-06-10,2019061001008151,NCCB,7,18,300,257.00,"77,100.00"
2019-06-10,2019061001008150,NCCB,29,18,294,257.00,"75,558.00"
2019-06-10,2019061001008094,NCCB,29,38,56,257.00,"14,392.00"
2019-06-10,2019061001008060,NCCB,34,18,100,258.00,"25,800.00"
2019-06-10,2019061001008159,NCCB,42,18,30,257.00,"7,710.00"
2019-06-10,2019061001008158,NCCB,51,18,250,257.00,"64,250.00"
2019-06-10,2019061001008157,NCCB,59,18,500,257.00,"128,500.00"
2019-06-10,2019061001008156,NCCB,6,18,50,257.00,"12,850.00"
2019-06-10,2019061001008155,NCCB,21,18,200,257.00,"51,400.00"
2019-06-10,2019061001008154,NCCB,47,18,500,257.00,"128,500.00"
2019-06-10,2019061001008268,NIB,56,51,250,526.00,"131,500.00"
2019-06-10,2019061001008242,NIB,38,51,100,526.00,"52,600.00"
2019-06-10,2019061001008199,NIB,52,34,75,525.00,"39,375.00"
2019-06-10,2019061001007943,NIB,10,51,100,526.00,"52,600.00"
2019-06-10,2019061001007942,NIB,49,51,100,526.00,"52,600.00"
2019-06-10,2019061001007941,NIB,52,51,50,526.00,"26,300.00"
2019-06-10,2019061001007940,NIB,38,51,200,526.00,"105,200.00"
2019-06-10,2019061001007939,NIB,38,51,100,526.00,"52,600.00"
2019-06-10,2019061001007938,NIB,38,51,66,526.00,"34,716.00"
2019-06-10,2019061001007861,NIB,38,7,24,526.00,"12,624.00"
2019-06-10,2019061001007860,NIB,41,7,50,526.00,"26,300.00"
2019-06-10,2019061001007859,NIB,45,7,11,526.00,"5,786.00"
2019-06-10,2019061001008287,NICA,28,4,200,451.00,"90,200.00"
2019-06-10,2019061001008019,NICA,11,4,100,451.00,"45,100.00"
2019-06-10,2019061001008006,NICA,10,29,70,450.00,"31,500.00"
2019-06-10,2019061001008005,NICA,19,29,400,450.00,"180,000.00"
2019-06-10,2019061001008004,NICA,42,29,100,450.00,"45,000.00"
2019-06-10,2019061001008003,NICA,45,29,35,450.00,"15,750.00"
2019-06-10,2019061001007955,NICA,59,4,400,451.00,"180,400.00"
2019-06-10,2019061001007948,NICA,59,53,100,451.00,"45,100.00"
2019-06-10,2019061001007947,NICA,29,53,200,451.00,"90,200.00"
2019-06-10,2019061001007944,NICA,35,42,20,452.00,"9,040.00"
2019-06-10,2019061001007894,NICA,59,42,50,452.00,"22,600.00"
2019-06-10,2019061001008177,NICL,33,44,100,372.00,"37,200.00"
2019-06-10,2019061001008297,NIL,46,34,100,500.00,"50,000.00"
2019-06-10,2019061001008090,NIL,34,49,20,499.00,"9,980.00"
2019-06-10,2019061001008089,NIL,34,49,80,499.00,"39,920.00"
2019-06-10,2019061001008070,NLBBL,47,39,110,490.00,"53,900.00"
2019-06-10,2019061001008069,NLBBL,21,39,50,490.00,"24,500.00"
2019-06-10,2019061001008068,NLBBL,19,39,500,493.00,"246,500.00"
2019-06-10,2019061001008067,NLBBL,25,39,20,494.00,"9,880.00"
2019-06-10,2019061001008308,NLG,49,17,100,771.00,"77,100.00"
2019-06-10,2019061001008037,NLG,49,48,90,771.00,"69,390.00"
2019-06-10,2019061001008036,NLG,45,48,10,772.00,"7,720.00"
2019-06-10,2019061001008232,NLIC,21,39,21,920.00,"19,320.00"
2019-06-10,2019061001008196,NLIC,21,39,20,920.00,"18,400.00"
2019-06-10,2019061001008126,NLIC,33,29,49,919.00,"45,031.00"
2019-06-10,2019061001008125,NLIC,8,29,100,919.00,"91,900.00"
2019-06-10,2019061001008124,NLIC,29,29,50,919.00,"45,950.00"
2019-06-10,2019061001008123,NLIC,34,29,90,919.00,"82,710.00"
2019-06-10,2019061001007945,NLIC,34,36,125,919.00,"114,875.00"
2019-06-10,2019061001007962,NLICL,34,25,282,623.00,"175,686.00"
2019-06-10,2019061001007961,NLICL,46,25,90,624.00,"56,160.00"
2019-06-10,2019061001007896,NMFBS,33,21,15,"1,500.00","22,500.00"
2019-06-10,2019061001007895,NMFBS,33,51,15,"1,500.00","22,500.00"
2019-06-10,2019061001008316,NNLB,52,42,20,380.00,"7,600.00"
2019-06-10,2019061001008200,NTC,34,28,10,705.00,"7,050.00"
2019-06-10,2019061001007886,NTC,21,39,430,697.00,"299,710.00"
2019-06-10,2019061001007885,NTC,49,39,20,697.00,"13,940.00"
2019-06-10,2019061001007884,NTC,51,39,50,700.00,"35,000.00"
2019-06-10,2019061001007954,NUBL,34,49,90,831.00,"74,790.00"
2019-06-10,2019061001007953,NUBL,58,49,10,835.00,"8,350.00"
2019-06-10,2019061001008187,OHL,42,48,150,644.00,"96,600.00"
2019-06-10,2019061001008220,PCBL,6,47,40,296.00,"11,840.00"
2019-06-10,2019061001008109,PCBL,53,38,23,295.00,"6,785.00"
2019-06-10,2019061001008096,PCBL,53,32,200,295.00,"59,000.00"
2019-06-10,2019061001007862,PCBL,53,34,"1,000",295.00,"295,000.00"
2019-06-10,2019061001008283,PIC,35,37,500,"1,088.00","544,000.00"
2019-06-10,2019061001008239,PIC,35,39,74,"1,088.00","80,512.00"
2019-06-10,2019061001008238,PIC,17,39,200,"1,088.00","217,600.00"
2019-06-10,2019061001008237,PIC,35,39,11,"1,088.00","11,968.00"
2019-06-10,2019061001008236,PIC,58,39,15,"1,088.00","16,320.00"
2019-06-10,2019061001008055,PIC,48,33,100,"1,091.00","109,100.00"
2019-06-10,2019061001007878,PIC,42,33,10,"1,093.00","10,930.00"
2019-06-10,2019061001008313,PICL,29,34,10,644.00,"6,440.00"
2019-06-10,2019061001007952,PICL,56,41,110,642.00,"70,620.00"
2019-06-10,2019061001007967,PLIC,32,45,100,446.00,"44,600.00"
2019-06-10,2019061001007950,PLIC,35,45,200,446.00,"89,200.00"
2019-06-10,2019061001007949,PLIC,35,45,200,447.00,"89,400.00"
2019-06-10,2019061001008084,PPCL,38,29,10,126.00,"1,260.00"
2019-06-10,2019061001007975,PPCL,38,29,10,126.00,"1,260.00"
2019-06-10,2019061001007931,PPCL,38,29,10,126.00,"1,260.00"
2019-06-10,2019061001007891,PPCL,38,42,20,126.00,"2,520.00"
2019-06-10,2019061001007881,PPCL,38,29,10,126.00,"1,260.00"
2019-06-10,2019061001007835,PPCL,38,16,10,126.00,"1,260.00"
2019-06-10,2019061001008175,PROFL,32,34,10,112.00,"1,120.00"
2019-06-10,2019061001008243,PRVU,35,58,30,271.00,"8,130.00"
2019-06-10,2019061001008193,PRVU,19,58,183,271.00,"49,593.00"
2019-06-10,2019061001008080,PRVU,5,58,150,271.00,"40,650.00"
2019-06-10,2019061001008066,PRVU,45,59,90,270.00,"24,300.00"
2019-06-10,2019061001008065,PRVU,1,59,310,270.00,"83,700.00"
2019-06-10,2019061001007936,PRVU,58,59,50,271.00,"13,550.00"
2019-06-10,2019061001008108,RBCL,45,6,25,"10,000.00","250,000.00"
2019-06-10,2019061001008294,RBCLPO,25,33,10,"9,257.00","92,570.00"
2019-06-10,2019061001007981,RBCLPO,42,28,10,"9,200.00","92,000.00"
2019-06-10,2019061001007959,RBCLPO,42,28,10,"9,257.00","92,570.00"
2019-06-10,2019061001007982,RBCLPO,56,28,10,"9,192.00","91,920.00"
2019-06-10,2019061001008216,RLFL,39,46,420,135.00,"56,700.00"
2019-06-10,2019061001008165,RLFL,20,46,30,135.00,"4,050.00"
2019-06-10,2019061001008197,RRHP,47,38,10,103.00,"1,030.00"
2019-06-10,2019061001008275,RSDC,39,13,25,364.00,"9,100.00"
2019-06-10,2019061001008050,SAEF,35,26,500,9.75,"4,875.00"
2019-06-10,2019061001008289,SANIMA,42,54,"2,048",348.00,"712,704.00"
2019-06-10,2019061001008102,SANIMA,49,49,"2,888",347.00,"1,002,136.00"
2019-06-10,2019061001007968,SANIMA,35,54,30,348.00,"10,440.00"
2019-06-10,2019061001007960,SANIMA,14,47,200,347.00,"69,400.00"
2019-06-10,2019061001008052,SBI,42,1,270,470.00,"126,900.00"
2019-06-10,2019061001008051,SBI,42,34,55,469.00,"25,795.00"
2019-06-10,2019061001008204,SBL,51,39,50,325.00,"16,250.00"
2019-06-10,2019061001007935,SCB,7,45,10,675.00,"6,750.00"
2019-06-10,2019061001008106,SFFIL,41,19,113,214.00,"24,182.00"
2019-06-10,2019061001008300,SHIVM,34,19,230,671.00,"154,330.00"
2019-06-10,2019061001008198,SHIVM,7,19,20,671.00,"13,420.00"
2019-06-10,2019061001008192,SHIVM,45,45,30,670.00,"20,100.00"
2019-06-10,2019061001008127,SHIVM,45,44,10,670.00,"6,700.00"
2019-06-10,2019061001008116,SHIVM,45,55,200,670.00,"134,000.00"
2019-06-10,2019061001008115,SHIVM,45,3,150,670.00,"100,500.00"
2019-06-10,2019061001007838,SHIVM,42,34,125,671.00,"83,875.00"
2019-06-10,2019061001007844,SHIVM,1,34,200,670.00,"134,000.00"
2019-06-10,2019061001007843,SHIVM,16,34,100,670.00,"67,000.00"
2019-06-10,2019061001007842,SHIVM,41,34,10,670.00,"6,700.00"
2019-06-10,2019061001007841,SHIVM,48,34,50,671.00,"33,550.00"
2019-06-10,2019061001007840,SHIVM,51,34,50,671.00,"33,550.00"
2019-06-10,2019061001007839,SHIVM,35,34,500,671.00,"335,500.00"
2019-06-10,2019061001007869,SHIVM,1,41,100,670.00,"67,000.00"
2019-06-10,2019061001007868,SHIVM,1,41,10,670.00,"6,700.00"
2019-06-10,2019061001007867,SHIVM,45,41,535,670.00,"358,450.00"
2019-06-10,2019061001007847,SHIVM,45,34,465,670.00,"311,550.00"
2019-06-10,2019061001007846,SHIVM,4,34,500,670.00,"335,000.00"
2019-06-10,2019061001007845,SHIVM,4,34,500,670.00,"335,000.00"
2019-06-10,2019061001007912,SHIVM,42,55,100,669.00,"66,900.00"
2019-06-10,2019061001007900,SHIVM,36,39,100,669.00,"66,900.00"
2019-06-10,2019061001007877,SHIVM,21,51,795,670.00,"532,650.00"
2019-06-10,2019061001007872,SHIVM,21,41,205,670.00,"137,350.00"
2019-06-10,2019061001007871,SHIVM,40,41,100,670.00,"67,000.00"
2019-06-10,2019061001007870,SHIVM,42,41,50,670.00,"33,500.00"
2019-06-10,2019061001007993,SHIVM,42,29,260,670.00,"174,200.00"
2019-06-10,2019061001007992,SHIVM,42,34,200,670.00,"134,000.00"
2019-06-10,2019061001007991,SHIVM,42,51,205,670.00,"137,350.00"
2019-06-10,2019061001007966,SHIVM,42,19,30,669.00,"20,070.00"
2019-06-10,2019061001007946,SHIVM,42,55,50,669.00,"33,450.00"
2019-06-10,2019061001007914,SHIVM,42,1,100,669.00,"66,900.00"
2019-06-10,2019061001008114,SHIVM,45,43,700,670.00,"469,000.00"
2019-06-10,2019061001008086,SHIVM,35,43,100,670.00,"67,000.00"
2019-06-10,2019061001008085,SHIVM,25,43,200,670.00,"134,000.00"
2019-06-10,2019061001007996,SHIVM,40,36,270,669.00,"180,630.00"
2019-06-10,2019061001007995,SHIVM,42,36,220,669.00,"147,180.00"
2019-06-10,2019061001007994,SHIVM,42,36,10,670.00,"6,700.00"
2019-06-10,2019061001008235,SHPC,40,43,558,251.00,"140,058.00"
2019-06-10,2019061001008073,SHPC,1,43,100,251.00,"25,100.00"
2019-06-10,2019061001008023,SHPC,29,43,871,252.00,"219,492.00"
2019-06-10,2019061001008001,SHPC,29,49,89,252.00,"22,428.00"
2019-06-10,2019061001008000,SHPC,21,49,"1,000",253.00,"253,000.00"
2019-06-10,2019061001007999,SHPC,29,49,50,253.00,"12,650.00"
2019-06-10,2019061001007998,SHPC,55,49,461,253.00,"116,633.00"
2019-06-10,2019061001008029,SHPC,39,43,200,251.00,"50,200.00"
2019-06-10,2019061001008028,SHPC,29,43,200,251.00,"50,200.00"
2019-06-10,2019061001008027,SHPC,42,43,"2,000",251.00,"502,000.00"
2019-06-10,2019061001008026,SHPC,25,43,100,251.00,"25,100.00"
2019-06-10,2019061001008025,SHPC,29,43,671,251.00,"168,421.00"
2019-06-10,2019061001008024,SHPC,22,43,300,252.00,"75,600.00"
2019-06-10,2019061001008296,SIC,13,25,150,"1,346.00","201,900.00"
2019-06-10,2019061001008295,SIC,25,25,50,"1,346.00","67,300.00"
2019-06-10,2019061001008079,SIC,49,17,100,"1,355.00","135,500.00"
2019-06-10,2019061001007930,SIC,5,58,255,"1,350.00","344,250.00"
2019-06-10,2019061001007927,SICL,53,54,245,830.00,"203,350.00"
2019-06-10,2019061001008228,SIL,25,19,10,568.00,"5,680.00"
2019-06-10,2019061001008227,SIL,25,48,100,565.00,"56,500.00"
2019-06-10,2019061001008226,SIL,25,45,324,564.00,"182,736.00"
2019-06-10,2019061001008225,SIL,25,22,136,564.00,"76,704.00"
2019-06-10,2019061001008119,SIL,25,22,24,564.00,"13,536.00"
2019-06-10,2019061001008118,SIL,25,41,76,560.00,"42,560.00"
2019-06-10,2019061001008078,SIL,25,41,24,560.00,"13,440.00"
2019-06-10,2019061001008077,SIL,54,41,35,561.00,"19,635.00"
2019-06-10,2019061001008047,SIL,17,22,40,564.00,"22,560.00"
2019-06-10,2019061001008223,SINDU,29,45,138,141.00,"19,458.00"
2019-06-10,2019061001008304,SLICL,44,4,58,560.00,"32,480.00"
2019-06-10,2019061001008265,SLICL,44,4,20,560.00,"11,200.00"
2019-06-10,2019061001008264,SLICL,26,4,10,560.00,"5,600.00"
2019-06-10,2019061001008263,SLICL,44,4,20,560.00,"11,200.00"
2019-06-10,2019061001008262,SLICL,21,28,10,565.00,"5,650.00"
2019-06-10,2019061001008188,SLICL,44,4,50,560.00,"28,000.00"
2019-06-10,2019061001007933,SLICL,44,54,550,560.00,"308,000.00"
2019-06-10,2019061001007893,SLICL,14,34,50,559.00,"27,950.00"
2019-06-10,2019061001007863,SLICL,5,34,300,559.00,"167,700.00"
2019-06-10,2019061001008074,SLICL,14,55,50,559.00,"27,950.00"
2019-06-10,2019061001008046,SLICL,36,13,20,564.00,"11,280.00"
2019-06-10,2019061001008038,SLICL,52,55,108,560.00,"60,480.00"
2019-06-10,2019061001007989,SLICL,32,55,30,560.00,"16,800.00"
2019-06-10,2019061001007988,SLICL,34,55,58,560.00,"32,480.00"
2019-06-10,2019061001007958,SLICL,34,57,62,560.00,"34,720.00"
2019-06-10,2019061001008174,SLICL,44,49,20,560.00,"11,200.00"
2019-06-10,2019061001008145,SLICL,44,4,60,560.00,"33,600.00"
2019-06-10,2019061001008095,SLICL,44,4,50,560.00,"28,000.00"
2019-06-10,2019061001008083,SLICL,44,13,80,564.00,"45,120.00"
2019-06-10,2019061001008076,SLICL,47,55,50,559.00,"27,950.00"
2019-06-10,2019061001008075,SLICL,54,55,200,559.00,"111,800.00"
2019-06-10,2019061001008224,SMFDB,35,45,31,549.00,"17,019.00"
2019-06-10,2019061001008058,SPARS,44,21,10,513.00,"5,130.00"
2019-06-10,2019061001008017,SRBL,40,45,20,254.00,"5,080.00"
2019-06-10,2019061001008010,SRBL,40,3,10,254.00,"2,540.00"
2019-06-10,2019061001008009,SRBL,51,3,100,254.00,"25,400.00"
2019-06-10,2019061001008008,SRBL,34,3,380,254.00,"96,520.00"
2019-06-10,2019061001008314,TRH,43,25,500,303.00,"151,500.00"
2019-06-10,2019061001008293,TRH,43,55,820,303.00,"248,460.00"
2019-06-10,2019061001008292,TRH,3,55,200,305.00,"61,000.00"
2019-06-10,2019061001008222,TRH,3,59,200,306.00,"61,200.00"
2019-06-10,2019061001008221,TRH,48,59,50,308.00,"15,400.00"
2019-06-10,2019061001008181,TRH,22,55,500,307.00,"153,500.00"
2019-06-10,2019061001008053,TRH,57,58,500,307.00,"153,500.00"
2019-06-10,2019061001007830,TRH,32,45,300,307.00,"92,100.00"
2019-06-10,2019061001007829,TRH,58,45,265,308.00,"81,620.00"
2019-06-10,2019061001008178,UIC,49,17,20,967.00,"19,340.00"
2019-06-10,2019061001008307,UMHL,53,44,10,117.00,"1,170.00"
2019-06-10,2019061001008234,UMHL,29,53,400,116.00,"46,400.00"
2019-06-10,2019061001008233,UMHL,11,53,40,116.00,"4,640.00"
2019-06-10,2019061001008144,UPCL,51,59,100,92.00,"9,200.00"
2019-06-10,2019061001008143,UPCL,37,59,"1,000",92.00,"92,000.00"
2019-06-10,2019061001008142,UPCL,17,59,"1,000",92.00,"92,000.00"
2019-06-10,2019061001008141,UPCL,34,59,50,92.00,"4,600.00"
2019-06-10,2019061001008140,UPCL,42,59,"1,000",92.00,"92,000.00"
2019-06-10,2019061001008139,UPCL,37,59,500,92.00,"46,000.00"
2019-06-10,2019061001008132,UPCL,1,59,300,92.00,"27,600.00"
2019-06-10,2019061001008131,UPCL,34,59,900,92.00,"82,800.00"
2019-06-10,2019061001008130,UPCL,13,59,150,93.00,"13,950.00"
2019-06-10,2019061001008129,UPCL,46,59,250,93.00,"23,250.00"
2019-06-10,2019061001008128,UPCL,29,59,650,93.00,"60,450.00"
2019-06-10,2019061001008138,UPCL,16,59,"2,000",92.00,"184,000.00"
2019-06-10,2019061001008137,UPCL,53,59,"2,000",92.00,"184,000.00"
2019-06-10,2019061001008136,UPCL,35,59,100,92.00,"9,200.00"
2019-06-10,2019061001008135,UPCL,26,59,200,92.00,"18,400.00"
2019-06-10,2019061001008134,UPCL,58,59,500,92.00,"46,000.00"
2019-06-10,2019061001008133,UPCL,34,59,"1,000",92.00,"92,000.00"
2019-06-10,2019061001008320,UPPER,6,34,151,269.00,"40,619.00"
2019-06-10,2019061001008319,UPPER,6,39,849,269.00,"228,381.00"
2019-06-10,2019061001008317,UPPER,36,39,50,269.00,"13,450.00"
2019-06-10,2019061001008273,UPPER,47,43,19,268.00,"5,092.00"
2019-06-10,2019061001008272,UPPER,39,43,181,268.00,"48,508.00"
2019-06-10,2019061001008241,UPPER,39,38,50,268.00,"13,400.00"
2019-06-10,2019061001007852,UPPER,39,47,50,269.00,"13,450.00"
2019-06-10,2019061001007837,UPPER,14,44,20,268.00,"5,360.00"
2019-06-10,2019061001007836,UPPER,42,44,20,268.00,"5,360.00"
2019-06-10,2019061001007832,UPPER,42,38,40,268.00,"10,720.00"
2019-06-10,2019061001007997,UPPER,14,44,40,268.00,"10,720.00"
2019-06-10,2019061001007987,UPPER,14,4,100,268.00,"26,800.00"
2019-06-10,2019061001007915,UPPER,14,44,40,268.00,"10,720.00"
2019-06-10,2019061001007892,UPPER,14,44,40,268.00,"10,720.00"
2019-06-10,2019061001007883,UPPER,45,58,50,269.00,"13,450.00"
2019-06-10,2019061001007874,UPPER,14,44,50,268.00,"13,400.00"
2019-06-10,2019061001008032,UPPER,39,43,"1,000",268.00,"268,000.00"
2019-06-10,2019061001008031,UPPER,56,43,200,268.00,"53,600.00"
2019-06-10,2019061001008030,UPPER,11,43,73,268.00,"19,564.00"
2019-06-10,2019061001008016,UPPER,11,34,27,268.00,"7,236.00"
2019-06-10,2019061001008015,UPPER,39,34,20,268.00,"5,360.00"
2019-06-10,2019061001008014,UPPER,14,34,10,268.00,"2,680.00"
2019-06-10,2019061001008172,UPPER,45,39,101,269.00,"27,169.00"
2019-06-10,2019061001008171,UPPER,45,58,399,269.00,"107,331.00"
2019-06-10,2019061001008063,UPPER,39,38,50,268.00,"13,400.00"
2019-06-10,2019061001008035,UPPER,39,51,192,268.00,"51,456.00"
2019-06-10,2019061001008034,UPPER,39,43,27,268.00,"7,236.00"
2019-06-10,2019061001008033,UPPER,42,43,200,268.00,"53,600.00"
2019-06-10,2019061001007727,ADBL,49,29,82,411.00,"33,702.00"
2019-06-10,2019061001007503,ADBL,11,6,200,412.00,"82,400.00"
2019-06-10,2019061001007435,ADBL,49,41,103,411.00,"42,333.00"
2019-06-10,2019061001007434,ADBL,11,41,97,411.00,"39,867.00"
2019-06-10,2019061001007330,ADBL,11,54,50,411.00,"20,550.00"
2019-06-10,2019061001007794,AHPC,52,45,30,108.00,"3,240.00"
2019-06-10,2019061001007364,AHPC,52,43,13,108.00,"1,404.00"
2019-06-10,2019061001007363,AHPC,45,43,44,108.00,"4,752.00"
2019-06-10,2019061001007751,ALBSL,1,49,10,429.00,"4,290.00"
2019-06-10,2019061001007722,ALBSL,25,59,10,430.00,"4,300.00"
2019-06-10,2019061001007721,ALBSL,25,38,10,430.00,"4,300.00"
2019-06-10,2019061001007675,ALBSL,56,49,10,430.00,"4,300.00"
2019-06-10,2019061001007418,ALBSL,56,49,10,430.00,"4,300.00"
2019-06-10,2019061001007560,API,25,57,50,151.00,"7,550.00"
2019-06-10,2019061001007553,API,25,34,200,150.00,"30,000.00"
2019-06-10,2019061001007552,API,25,53,200,150.00,"30,000.00"
2019-06-10,2019061001007551,API,25,44,50,150.00,"7,500.00"
2019-06-10,2019061001007798,BFC,42,42,"1,000",106.00,"106,000.00"
2019-06-10,2019061001007797,BFC,52,42,450,106.00,"47,700.00"
2019-06-10,2019061001007796,BFC,45,42,500,106.00,"53,000.00"
2019-06-10,2019061001007795,BFC,38,42,70,106.00,"7,420.00"
2019-06-10,2019061001007337,BFC,57,42,"1,500",107.00,"160,500.00"
2019-06-10,2019061001007640,BOKL,36,26,20,266.00,"5,320.00"
2019-06-10,2019061001007627,BOKL,36,26,"1,000",266.00,"266,000.00"
2019-06-10,2019061001007616,BOKL,57,45,89,265.00,"23,585.00"
2019-06-10,2019061001007672,BPCL,26,16,33,404.00,"13,332.00"
2019-06-10,2019061001007554,BPCL,26,57,42,404.00,"16,968.00"
2019-06-10,2019061001007446,BPCL,34,6,16,403.00,"6,448.00"
2019-06-10,2019061001007445,BPCL,43,6,84,403.00,"33,852.00"
2019-06-10,2019061001007359,BPCL,43,45,116,403.00,"46,748.00"
2019-06-10,2019061001007358,BPCL,29,45,400,403.00,"161,200.00"
2019-06-10,2019061001007351,BPCL,21,45,890,405.00,"360,450.00"
2019-06-10,2019061001007357,BPCL,34,45,27,403.00,"10,881.00"
2019-06-10,2019061001007356,BPCL,57,45,200,404.00,"80,800.00"
2019-06-10,2019061001007355,BPCL,37,45,467,404.00,"188,668.00"
2019-06-10,2019061001007354,BPCL,17,45,500,405.00,"202,500.00"
2019-06-10,2019061001007353,BPCL,7,45,300,405.00,"121,500.00"
2019-06-10,2019061001007352,BPCL,7,45,100,405.00,"40,500.00"
2019-06-10,2019061001007716,CBL,42,51,"1,000",146.00,"146,000.00"
2019-06-10,2019061001007663,CBL,42,40,"4,000",146.00,"584,000.00"
2019-06-10,2019061001007662,CBL,42,41,181,146.00,"26,426.00"
2019-06-10,2019061001007661,CBL,42,41,181,146.00,"26,426.00"
2019-06-10,2019061001007660,CBL,42,19,226,146.00,"32,996.00"
2019-06-10,2019061001007659,CBL,42,17,"2,269",146.00,"331,274.00"
2019-06-10,2019061001007645,CBL,51,17,581,146.00,"84,826.00"
2019-06-10,2019061001007644,CBL,51,42,419,146.00,"61,174.00"
2019-06-10,2019061001007592,CBL,39,52,126,145.00,"18,270.00"
2019-06-10,2019061001007591,CBL,6,52,"2,000",145.00,"290,000.00"
2019-06-10,2019061001007590,CBL,1,52,874,145.00,"126,730.00"
2019-06-10,2019061001007822,CCBL,34,57,41,165.00,"6,765.00"
2019-06-10,2019061001007714,CCBL,34,1,120,165.00,"19,800.00"
2019-06-10,2019061001007505,CCBL,34,41,10,165.00,"1,650.00"
2019-06-10,2019061001007681,CHCL,13,1,50,521.00,"26,050.00"
2019-06-10,2019061001007680,CHCL,45,1,50,521.00,"26,050.00"
2019-06-10,2019061001007500,CIT,17,51,20,"2,525.00","50,500.00"
2019-06-10,2019061001007343,CIT,45,6,21,"2,519.00","52,899.00"
2019-06-10,2019061001007646,CLBSL,54,1,10,507.00,"5,070.00"
2019-06-10,2019061001007625,CZBIL,46,36,243,221.00,"53,703.00"
2019-06-10,2019061001007609,CZBIL,49,36,"1,500",221.00,"331,500.00"
2019-06-10,2019061001007608,CZBIL,36,36,200,221.00,"44,200.00"
2019-06-10,2019061001007607,CZBIL,51,36,200,221.00,"44,200.00"
2019-06-10,2019061001007606,CZBIL,36,36,500,221.00,"110,500.00"
2019-06-10,2019061001007605,CZBIL,32,36,500,221.00,"110,500.00"
2019-06-10,2019061001007604,CZBIL,40,36,250,221.00,"55,250.00"
2019-06-10,2019061001007603,CZBIL,1,36,300,221.00,"66,300.00"
2019-06-10,2019061001007602,CZBIL,36,36,307,221.00,"67,847.00"
2019-06-10,2019061001007557,CZBIL,36,26,500,222.00,"111,000.00"
2019-06-10,2019061001007396,CZBIL,36,19,10,221.00,"2,210.00"
2019-06-10,2019061001007338,CZBIL,36,59,62,221.00,"13,702.00"
2019-06-10,2019061001007474,DDBL,42,44,675,697.00,"470,475.00"
2019-06-10,2019061001007473,DDBL,33,44,65,698.00,"45,370.00"
2019-06-10,2019061001007472,DDBL,43,44,50,699.00,"34,950.00"
2019-06-10,2019061001007405,DDBL,33,28,35,698.00,"24,430.00"
2019-06-10,2019061001007404,DDBL,42,28,40,698.00,"27,920.00"
2019-06-10,2019061001007403,DDBL,32,28,25,698.00,"17,450.00"
2019-06-10,2019061001007828,EBL,46,45,20,661.00,"13,220.00"
2019-06-10,2019061001007707,EBL,46,6,320,661.00,"211,520.00"
2019-06-10,2019061001007706,EBL,33,6,30,662.00,"19,860.00"
2019-06-10,2019061001007705,EBL,45,6,100,662.00,"66,200.00"
2019-06-10,2019061001007704,EBL,52,6,50,663.00,"33,150.00"
2019-06-10,2019061001007802,GBBL,38,14,20,226.00,"4,520.00"
2019-06-10,2019061001007695,GBBL,38,37,80,226.00,"18,080.00"
2019-06-10,2019061001007676,GBBL,38,37,60,226.00,"13,560.00"
2019-06-10,2019061001007668,GBBL,38,37,90,226.00,"20,340.00"
2019-06-10,2019061001007641,GBBL,38,37,"1,500",226.00,"339,000.00"
2019-06-10,2019061001007587,GBBL,38,37,268,226.00,"60,568.00"
2019-06-10,2019061001007436,GBBL,45,41,100,224.00,"22,400.00"
2019-06-10,2019061001007586,GBBL,38,33,32,226.00,"7,232.00"
2019-06-10,2019061001007576,GBBL,38,33,468,226.00,"105,768.00"
2019-06-10,2019061001007575,GBBL,38,37,132,226.00,"29,832.00"
2019-06-10,2019061001007572,GBBL,38,37,268,226.00,"60,568.00"
2019-06-10,2019061001007571,GBBL,38,13,173,225.00,"38,925.00"
2019-06-10,2019061001007570,GBBL,38,38,159,225.00,"35,775.00"
2019-06-10,2019061001007775,GBIME,32,7,79,300.00,"23,700.00"
2019-06-10,2019061001007758,GBIME,32,11,455,300.00,"136,500.00"
2019-06-10,2019061001007757,GBIME,42,11,545,300.00,"163,500.00"
2019-06-10,2019061001007749,GBIME,49,49,"5,000",300.00,"1,500,000.00"
2019-06-10,2019061001007732,GBIME,42,33,718,300.00,"215,400.00"
2019-06-10,2019061001007694,GBIME,42,1,54,300.00,"16,200.00"
2019-06-10,2019061001007537,GBIME,45,55,400,300.00,"120,000.00"
2019-06-10,2019061001007433,GBIME,49,11,100,301.00,"30,100.00"
2019-06-10,2019061001007432,GBIME,45,11,783,300.00,"234,900.00"
2019-06-10,2019061001007431,GBIME,43,11,217,300.00,"65,100.00"
2019-06-10,2019061001007422,GBIME,43,13,77,300.00,"23,100.00"
2019-06-10,2019061001007401,GBIME,43,59,14,300.00,"4,200.00"
2019-06-10,2019061001007624,GBIME,42,11,683,300.00,"204,900.00"
2019-06-10,2019061001007623,GBIME,26,11,200,300.00,"60,000.00"
2019-06-10,2019061001007622,GBIME,1,11,117,300.00,"35,100.00"
2019-06-10,2019061001007621,GBIME,57,49,"6,294",300.00,"1,888,200.00"
2019-06-10,2019061001007568,GBIME,1,11,183,300.00,"54,900.00"
2019-06-10,2019061001007567,GBIME,45,11,817,300.00,"245,100.00"
2019-06-10,2019061001007569,GBLBS,58,14,30,360.00,"10,800.00"
2019-06-10,2019061001007421,GBLBS,58,19,10,360.00,"3,600.00"
2019-06-10,2019061001007664,GLICL,34,11,30,523.00,"15,690.00"
2019-06-10,2019061001007812,HGI,3,47,50,374.00,"18,700.00"
2019-06-10,2019061001007793,HIDCL,34,43,"1,575",161.00,"253,575.00"
2019-06-10,2019061001007792,HIDCL,6,43,425,161.00,"68,425.00"
2019-06-10,2019061001007767,HIDCL,6,43,575,161.00,"92,575.00"
2019-06-10,2019061001007766,HIDCL,49,43,660,161.00,"106,260.00"
2019-06-10,2019061001007765,HIDCL,19,43,265,161.00,"42,665.00"
2019-06-10,2019061001007541,HIDCL,36,43,500,162.00,"81,000.00"
2019-06-10,2019061001007540,HIDCL,36,43,500,162.00,"81,000.00"
2019-06-10,2019061001007457,HPPL,45,19,10,179.00,"1,790.00"
2019-06-10,2019061001007349,HURJA,33,39,20,146.00,"2,920.00"
2019-06-10,2019061001007336,HURJA,33,39,20,146.00,"2,920.00"
2019-06-10,2019061001007719,JBNL,34,26,"2,547",208.00,"529,776.00"
2019-06-10,2019061001007718,JBNL,34,21,425,208.00,"88,400.00"
2019-06-10,2019061001007643,JBNL,34,40,418,207.00,"86,526.00"
2019-06-10,2019061001007611,JBNL,57,26,18,208.00,"3,744.00"
2019-06-10,2019061001007382,JBNL,57,3,132,208.00,"27,456.00"
2019-06-10,2019061001007381,JBNL,41,3,468,208.00,"97,344.00"
2019-06-10,2019061001007819,JSLBB,43,43,2,"2,000.00","4,000.00"
2019-06-10,2019061001007754,JSLBB,43,43,2,"2,000.00","4,000.00"
2019-06-10,2019061001007736,JSLBB,21,51,10,"2,035.00","20,350.00"
2019-06-10,2019061001007612,KBL,46,51,97,214.00,"20,758.00"
2019-06-10,2019061001007515,KBL,13,41,12,213.00,"2,556.00"
2019-06-10,2019061001007538,KPCL,19,41,10,91.00,910.00
2019-06-10,2019061001007657,KRBL,45,34,804,124.00,"99,696.00"
2019-06-10,2019061001007578,KRBL,49,1,"1,000",125.00,"125,000.00"
2019-06-10,2019061001007482,KSBBL,29,59,394,162.00,"63,828.00"
2019-06-10,2019061001007481,KSBBL,42,59,270,162.00,"43,740.00"
2019-06-10,2019061001007480,KSBBL,22,59,20,162.00,"3,240.00"
2019-06-10,2019061001007479,KSBBL,57,59,"1,000",162.00,"162,000.00"
2019-06-10,2019061001007478,KSBBL,43,59,300,162.00,"48,600.00"
2019-06-10,2019061001007477,KSBBL,32,59,366,162.00,"59,292.00"
2019-06-10,2019061001007631,LBBL,35,33,20,196.00,"3,920.00"
2019-06-10,2019061001007630,LBBL,45,33,50,196.00,"9,800.00"
2019-06-10,2019061001007629,LBBL,51,33,202,196.00,"39,592.00"
2019-06-10,2019061001007628,LBBL,1,33,28,197.00,"5,516.00"
2019-06-10,2019061001007785,LBL,42,44,100,218.00,"21,800.00"
2019-06-10,2019061001007536,LBL,42,45,100,218.00,"21,800.00"
2019-06-10,2019061001007789,LGIL,46,35,100,475.00,"47,500.00"
2019-06-10,2019061001007581,LGIL,43,35,50,474.00,"23,700.00"
2019-06-10,2019061001007809,LICN,33,47,500,"1,651.00","825,500.00"
2019-06-10,2019061001007808,LICN,45,47,20,"1,651.00","33,020.00"
2019-06-10,2019061001007807,LICN,35,47,50,"1,652.00","82,600.00"
2019-06-10,2019061001007806,LICN,50,47,25,"1,655.00","41,375.00"
2019-06-10,2019061001007805,LICN,22,47,30,"1,655.00","49,650.00"
2019-06-10,2019061001007774,LICN,35,47,100,"1,656.00","165,600.00"
2019-06-10,2019061001007632,LICN,14,17,200,"1,699.00","339,800.00"
2019-06-10,2019061001007620,LICN,14,25,171,"1,698.00","290,358.00"
2019-06-10,2019061001007656,LICN,55,47,100,"1,670.00","167,000.00"
2019-06-10,2019061001007655,LICN,28,47,100,"1,671.00","167,100.00"
2019-06-10,2019061001007654,LICN,25,47,50,"1,672.00","83,600.00"
2019-06-10,2019061001007653,LICN,28,47,10,"1,675.00","16,750.00"
2019-06-10,2019061001007652,LICN,19,47,50,"1,675.00","83,750.00"
2019-06-10,2019061001007651,LICN,26,47,30,"1,680.00","50,400.00"
2019-06-10,2019061001007770,LICN,40,47,20,"1,656.00","33,120.00"
2019-06-10,2019061001007735,LICN,35,47,20,"1,656.00","33,120.00"
2019-06-10,2019061001007711,LICN,28,47,150,"1,656.00","248,400.00"
2019-06-10,2019061001007710,LICN,17,47,10,"1,656.00","16,560.00"
2019-06-10,2019061001007709,LICN,48,47,100,"1,668.00","166,800.00"
2019-06-10,2019061001007708,LICN,28,47,100,"1,669.00","166,900.00"
2019-06-10,2019061001007522,MBL,38,26,101,269.00,"27,169.00"
2019-06-10,2019061001007497,MBL,38,26,600,269.00,"161,400.00"
2019-06-10,2019061001007471,MBL,38,26,500,269.00,"134,500.00"
2019-06-10,2019061001007459,MBL,38,26,60,269.00,"16,140.00"
2019-06-10,2019061001007454,MBL,38,26,85,269.00,"22,865.00"
2019-06-10,2019061001007426,MBL,38,26,500,269.00,"134,500.00"
2019-06-10,2019061001007339,MBL,38,26,275,269.00,"73,975.00"
2019-06-10,2019061001007333,MBL,38,26,55,269.00,"14,795.00"
2019-06-10,2019061001007419,MBL,38,26,100,269.00,"26,900.00"
2019-06-10,2019061001007417,MBL,34,59,80,266.00,"21,280.00"
2019-06-10,2019061001007406,MBL,38,26,95,269.00,"25,555.00"
2019-06-10,2019061001007385,MBL,38,1,50,268.00,"13,400.00"
2019-06-10,2019061001007384,MBL,38,26,90,269.00,"24,210.00"
2019-06-10,2019061001007350,MBL,38,26,105,269.00,"28,245.00"
2019-06-10,2019061001007823,MEGA,56,57,100,199.00,"19,900.00"
2019-06-10,2019061001007730,MEGA,56,1,90,199.00,"17,910.00"
2019-06-10,2019061001007729,MEGA,7,1,15,199.00,"2,985.00"
2019-06-10,2019061001007550,MEGA,33,53,400,200.00,"80,000.00"
2019-06-10,2019061001007549,MEGA,33,32,260,200.00,"52,000.00"
2019-06-10,2019061001007548,MEGA,33,42,240,200.00,"48,000.00"
2019-06-10,2019061001007367,MEGA,11,42,596,199.00,"118,604.00"
2019-06-10,2019061001007366,MEGA,6,42,104,199.00,"20,696.00"
2019-06-10,2019061001007531,MEGA,22,38,308,199.00,"61,292.00"
2019-06-10,2019061001007530,MEGA,40,38,"1,000",199.00,"199,000.00"
2019-06-10,2019061001007529,MEGA,28,38,"1,000",199.00,"199,000.00"
2019-06-10,2019061001007528,MEGA,11,38,319,199.00,"63,481.00"
2019-06-10,2019061001007527,MEGA,11,47,50,199.00,"9,950.00"
2019-06-10,2019061001007420,MEGA,11,59,35,199.00,"6,965.00"
2019-06-10,2019061001007547,MEGA,7,38,985,199.00,"196,015.00"
2019-06-10,2019061001007546,MEGA,57,38,200,199.00,"39,800.00"
2019-06-10,2019061001007545,MEGA,22,38,50,199.00,"9,950.00"
2019-06-10,2019061001007544,MEGA,13,38,500,199.00,"99,500.00"
2019-06-10,2019061001007543,MEGA,6,38,200,199.00,"39,800.00"
2019-06-10,2019061001007542,MEGA,22,38,692,199.00,"137,708.00"
2019-06-10,2019061001007456,MERO,25,49,16,565.00,"9,040.00"
2019-06-10,2019061001007341,MLBL,51,43,162,195.00,"31,590.00"
2019-06-10,2019061001007615,MNBBL,14,49,400,373.00,"149,200.00"
2019-06-10,2019061001007614,MNBBL,14,56,15,373.00,"5,595.00"
2019-06-10,2019061001007443,MNBBL,13,59,37,371.00,"13,727.00"
2019-06-10,2019061001007800,NABIL,39,13,50,829.00,"41,450.00"
2019-06-10,2019061001007559,NABIL,51,13,122,825.00,"100,650.00"
2019-06-10,2019061001007558,NABIL,45,13,78,825.00,"64,350.00"
2019-06-10,2019061001007726,NABILP,35,6,300,800.00,"240,000.00"
2019-06-10,2019061001007392,NABILP,47,6,200,802.00,"160,400.00"
2019-06-10,2019061001007509,NABILP,59,6,200,800.00,"160,000.00"
2019-06-10,2019061001007425,NABILP,42,59,"1,000",800.00,"800,000.00"
2019-06-10,2019061001007424,NABILP,14,59,100,800.00,"80,000.00"
2019-06-10,2019061001007423,NABILP,34,59,"1,900",801.00,"1,521,900.00"
2019-06-10,2019061001007400,NABILP,34,6,100,801.00,"80,100.00"
2019-06-10,2019061001007399,NABILP,58,6,200,801.00,"160,200.00"
2019-06-10,2019061001007715,NADEP,36,19,20,441.00,"8,820.00"
2019-06-10,2019061001007702,NADEP,36,16,20,441.00,"8,820.00"
2019-06-10,2019061001007332,NADEP,43,16,20,440.00,"8,800.00"
2019-06-10,2019061001007803,NBB,55,16,250,223.00,"55,750.00"
2019-06-10,2019061001007698,NBB,55,35,110,223.00,"24,530.00"
2019-06-10,2019061001007674,NBB,55,32,17,223.00,"3,791.00"
2019-06-10,2019061001007673,NBB,33,32,83,223.00,"18,509.00"
2019-06-10,2019061001007484,NBB,33,42,917,223.00,"204,491.00"
2019-06-10,2019061001007483,NBB,4,42,83,223.00,"18,509.00"
2019-06-10,2019061001007507,NBL,6,16,50,324.00,"16,200.00"
2019-06-10,2019061001007506,NBL,7,16,20,324.00,"6,480.00"
2019-06-10,2019061001007820,NCCB,40,40,500,257.00,"128,500.00"
2019-06-10,2019061001007779,NCCB,52,57,100,258.00,"25,800.00"
2019-06-10,2019061001007601,NCCB,56,47,50,258.00,"12,900.00"
2019-06-10,2019061001007600,NCCB,56,18,"2,000",258.00,"516,000.00"
2019-06-10,2019061001007476,NEF,17,19,241,8.22,"1,981.02"
2019-06-10,2019061001007725,NGPL,28,16,11,119.00,"1,309.00"
2019-06-10,2019061001007388,NGPL,28,46,11,119.00,"1,309.00"
2019-06-10,2019061001007635,NIBPO,39,6,200,495.00,"99,000.00"
2019-06-10,2019061001007634,NIBPO,17,6,100,495.00,"49,500.00"
2019-06-10,2019061001007633,NIBPO,36,6,10,496.00,"4,960.00"
2019-06-10,2019061001007649,NIBPO,42,6,51,494.00,"25,194.00"
2019-06-10,2019061001007648,NIBPO,59,6,300,494.00,"148,200.00"
2019-06-10,2019061001007647,NIBPO,42,6,149,495.00,"73,755.00"
2019-06-10,2019061001007637,NIBPO,42,6,151,495.00,"74,745.00"
2019-06-10,2019061001007636,NIBPO,16,6,39,495.00,"19,305.00"
2019-06-10,2019061001007670,NIBPO,42,6,682,494.00,"336,908.00"
2019-06-10,2019061001007791,NICA,45,7,65,450.00,"29,250.00"
2019-06-10,2019061001007790,NICA,42,7,10,450.00,"4,500.00"
2019-06-10,2019061001007778,NICA,57,57,190,451.00,"85,690.00"
2019-06-10,2019061001007777,NICA,42,38,90,450.00,"40,500.00"
2019-06-10,2019061001007776,NICA,39,38,10,450.00,"4,500.00"
2019-06-10,2019061001007712,NICA,45,57,200,451.00,"90,200.00"
2019-06-10,2019061001007619,NICA,43,53,50,451.00,"22,550.00"
2019-06-10,2019061001007580,NICA,53,53,50,451.00,"22,550.00"
2019-06-10,2019061001007574,NICA,52,53,50,451.00,"22,550.00"
2019-06-10,2019061001007496,NICA,50,53,200,451.00,"90,200.00"
2019-06-10,2019061001007495,NICA,29,53,300,451.00,"135,300.00"
2019-06-10,2019061001007697,NICA,22,57,500,451.00,"225,500.00"
2019-06-10,2019061001007684,NICA,7,57,110,451.00,"49,610.00"
2019-06-10,2019061001007683,NICA,7,53,90,451.00,"40,590.00"
2019-06-10,2019061001007682,NICA,51,53,40,451.00,"18,040.00"
2019-06-10,2019061001007669,NICA,7,53,20,451.00,"9,020.00"
2019-06-10,2019061001007667,NICA,42,53,200,451.00,"90,200.00"
2019-06-10,2019061001007666,NICL,37,44,100,370.00,"37,000.00"
2019-06-10,2019061001007665,NICL,25,44,55,370.00,"20,350.00"
2019-06-10,2019061001007331,NICL,25,34,65,373.00,"24,245.00"
2019-06-10,2019061001007699,NIL,39,34,200,500.00,"100,000.00"
2019-06-10,2019061001007692,NIL,51,34,111,500.00,"55,500.00"
2019-06-10,2019061001007517,NIL,38,34,50,500.00,"25,000.00"
2019-06-10,2019061001007516,NIL,42,34,50,500.00,"25,000.00"
2019-06-10,2019061001007460,NIL,42,6,50,500.00,"25,000.00"
2019-06-10,2019061001007402,NLBBL,6,28,100,498.00,"49,800.00"
2019-06-10,2019061001007383,NLIC,34,32,105,919.00,"96,495.00"
2019-06-10,2019061001007340,NLIC,34,11,17,919.00,"15,623.00"
2019-06-10,2019061001007610,NLICL,46,50,10,624.00,"6,240.00"
2019-06-10,2019061001007387,NLICL,34,8,168,623.00,"104,664.00"
2019-06-10,2019061001007386,NLICL,55,8,100,624.00,"62,400.00"
2019-06-10,2019061001007753,NMFBS,42,13,15,"1,484.00","22,260.00"
2019-06-10,2019061001007752,NMFBS,42,34,15,"1,480.00","22,200.00"
2019-06-10,2019061001007691,NMFBS,33,28,75,"1,471.00","110,325.00"
2019-06-10,2019061001007690,NMFBS,35,28,25,"1,472.00","36,800.00"
2019-06-10,2019061001007393,NMFBS,35,11,15,"1,472.00","22,080.00"
2019-06-10,2019061001007618,NNLB,41,44,50,383.00,"19,150.00"
2019-06-10,2019061001007617,NNLB,34,44,100,384.00,"38,400.00"
2019-06-10,2019061001007696,PCBL,53,4,100,295.00,"29,500.00"
2019-06-10,2019061001007671,PCBL,43,47,60,296.00,"17,760.00"
2019-06-10,2019061001007430,PCBL,53,11,212,295.00,"62,540.00"
2019-06-10,2019061001007429,PCBL,6,11,10,296.00,"2,960.00"
2019-06-10,2019061001007407,PCBL,6,47,20,296.00,"5,920.00"
2019-06-10,2019061001007523,PFL,49,19,26,138.00,"3,588.00"
2019-06-10,2019061001007514,PFL,49,57,"5,612",137.00,"768,844.00"
2019-06-10,2019061001007769,PIC,58,5,11,"1,088.00","11,968.00"
2019-06-10,2019061001007733,PIC,58,5,11,"1,088.00","11,968.00"
2019-06-10,2019061001007678,PIC,58,57,13,"1,088.00","14,144.00"
2019-06-10,2019061001007626,PIC,22,57,10,"1,088.00","10,880.00"
2019-06-10,2019061001007589,PIC,47,57,25,"1,088.00","27,200.00"
2019-06-10,2019061001007556,PIC,35,19,11,"1,087.00","11,957.00"
2019-06-10,2019061001007411,PIC,22,38,75,"1,088.00","81,600.00"
2019-06-10,2019061001007347,PIC,3,38,11,"1,089.00","11,979.00"
2019-06-10,2019061001007346,PIC,53,38,89,"1,089.00","96,921.00"
2019-06-10,2019061001007539,PIC,45,57,50,"1,088.00","54,400.00"
2019-06-10,2019061001007416,PIC,17,57,100,"1,088.00","108,800.00"
2019-06-10,2019061001007415,PIC,41,57,100,"1,088.00","108,800.00"
2019-06-10,2019061001007414,PIC,29,57,100,"1,088.00","108,800.00"
2019-06-10,2019061001007413,PIC,13,57,10,"1,088.00","10,880.00"
2019-06-10,2019061001007412,PIC,22,57,92,"1,088.00","100,096.00"
2019-06-10,2019061001007469,PICL,17,41,150,650.00,"97,500.00"
2019-06-10,2019061001007437,PICL,17,35,50,650.00,"32,500.00"
2019-06-10,2019061001007475,PLIC,29,45,21,453.00,"9,513.00"
2019-06-10,2019061001007455,PLIC,39,7,200,455.00,"91,000.00"
2019-06-10,2019061001007398,PLIC,29,7,50,457.00,"22,850.00"
2019-06-10,2019061001007804,PMHPL,6,38,10,106.00,"1,060.00"
2019-06-10,2019061001007345,PMHPL,6,16,10,106.00,"1,060.00"
2019-06-10,2019061001007342,PMHPL,6,16,10,106.00,"1,060.00"
2019-06-10,2019061001007748,PPCL,14,25,200,128.00,"25,600.00"
2019-06-10,2019061001007747,PPCL,14,16,10,128.00,"1,280.00"
2019-06-10,2019061001007746,PPCL,14,16,10,128.00,"1,280.00"
2019-06-10,2019061001007745,PPCL,14,16,10,128.00,"1,280.00"
2019-06-10,2019061001007744,PPCL,14,16,10,127.00,"1,270.00"
2019-06-10,2019061001007734,PPCL,38,16,30,126.00,"3,780.00"
2019-06-10,2019061001007377,PPCL,36,39,20,127.00,"2,540.00"
2019-06-10,2019061001007376,PPCL,36,38,10,127.00,"1,270.00"
2019-06-10,2019061001007375,PPCL,36,38,10,127.00,"1,270.00"
2019-06-10,2019061001007365,PPCL,38,16,30,126.00,"3,780.00"
2019-06-10,2019061001007448,PPCL,38,50,30,128.00,"3,840.00"
2019-06-10,2019061001007447,PPCL,38,51,10,128.00,"1,280.00"
2019-06-10,2019061001007389,PPCL,38,16,30,126.00,"3,780.00"
2019-06-10,2019061001007380,PPCL,36,37,10,127.00,"1,270.00"
2019-06-10,2019061001007379,PPCL,36,37,20,127.00,"2,540.00"
2019-06-10,2019061001007378,PPCL,36,37,30,127.00,"3,810.00"
2019-06-10,2019061001007533,PPCL,38,3,100,129.00,"12,900.00"
2019-06-10,2019061001007453,PPCL,38,37,"1,190",128.00,"152,320.00"
2019-06-10,2019061001007452,PPCL,38,25,100,128.00,"12,800.00"
2019-06-10,2019061001007451,PPCL,38,51,30,128.00,"3,840.00"
2019-06-10,2019061001007450,PPCL,38,34,20,128.00,"2,560.00"
2019-06-10,2019061001007449,PPCL,38,34,30,128.00,"3,840.00"
2019-06-10,2019061001007731,PPCL,38,21,10,126.00,"1,260.00"
2019-06-10,2019061001007701,PPCL,38,16,10,126.00,"1,260.00"
2019-06-10,2019061001007650,PPCL,38,16,10,126.00,"1,260.00"
2019-06-10,2019061001007585,PPCL,38,19,10,127.00,"1,270.00"
2019-06-10,2019061001007535,PPCL,38,29,"1,970",129.00,"254,130.00"
2019-06-10,2019061001007534,PPCL,38,25,200,129.00,"25,800.00"
2019-06-10,2019061001007397,PRIN,32,42,100,395.00,"39,500.00"
2019-06-10,2019061001007465,PRVU,28,57,427,272.00,"116,144.00"
2019-06-10,2019061001007464,PRVU,28,38,20,272.00,"5,440.00"
2019-06-10,2019061001007463,PRVU,28,40,302,271.00,"81,842.00"
2019-06-10,2019061001007462,PRVU,28,35,251,271.00,"68,021.00"
2019-06-10,2019061001007458,PRVU,1,59,12,270.00,"3,240.00"
2019-06-10,2019061001007760,RADHI,52,51,17,164.00,"2,788.00"
2019-06-10,2019061001007759,RADHI,28,51,256,164.00,"41,984.00"
2019-06-10,2019061001007391,RADHI,28,16,11,164.00,"1,804.00"
2019-06-10,2019061001007787,RBCL,28,6,10,"10,000.00","100,000.00"
2019-06-10,2019061001007786,RBCL,7,6,10,"10,000.00","100,000.00"
2019-06-10,2019061001007689,RBCL,7,8,10,"10,000.00","100,000.00"
2019-06-10,2019061001007688,RBCL,35,8,10,"10,001.00","100,010.00"
2019-06-10,2019061001007687,RBCL,56,8,10,"10,045.00","100,450.00"
2019-06-10,2019061001007686,RBCL,43,8,10,"10,100.00","101,000.00"
2019-06-10,2019061001007685,RBCL,6,8,10,"10,101.00","101,010.00"
2019-06-10,2019061001007492,RBCLPO,42,34,10,"9,300.00","93,000.00"
2019-06-10,2019061001007521,RBCLPO,42,22,178,"9,445.00","1,681,210.00"
2019-06-10,2019061001007520,RBCLPO,42,34,10,"9,389.00","93,890.00"
2019-06-10,2019061001007494,RBCLPO,42,8,50,"9,350.00","467,500.00"
2019-06-10,2019061001007493,RBCLPO,42,36,30,"9,350.00","280,500.00"
2019-06-10,2019061001007784,RHPC,35,16,12,91.00,"1,092.00"
2019-06-10,2019061001007750,RHPC,35,1,17,91.00,"1,547.00"
2019-06-10,2019061001007468,RHPC,35,11,23,91.00,"2,093.00"
2019-06-10,2019061001007467,RHPC,1,11,59,92.00,"5,428.00"
2019-06-10,2019061001007773,RMDC,6,5,177,641.00,"113,457.00"
2019-06-10,2019061001007772,RMDC,10,5,400,642.00,"256,800.00"
2019-06-10,2019061001007771,RMDC,22,5,23,642.00,"14,766.00"
2019-06-10,2019061001007579,RMDC,22,51,27,642.00,"17,334.00"
2019-06-10,2019061001007821,RRHP,47,38,10,103.00,"1,030.00"
2019-06-10,2019061001007470,SANIMA,53,59,69,346.00,"23,874.00"
2019-06-10,2019061001007720,SBBLJ,49,25,150,199.00,"29,850.00"
2019-06-10,2019061001007811,SBI,26,34,10,469.00,"4,690.00"
2019-06-10,2019061001007764,SBL,56,39,200,325.00,"65,000.00"
2019-06-10,2019061001007763,SBL,48,39,500,325.00,"162,500.00"
2019-06-10,2019061001007762,SBL,44,39,50,325.00,"16,250.00"
2019-06-10,2019061001007761,SBL,21,39,38,325.00,"12,350.00"
2019-06-10,2019061001007693,SBL,21,1,702,325.00,"228,150.00"
2019-06-10,2019061001007508,SBL,21,49,100,325.00,"32,500.00"
2019-06-10,2019061001007504,SBL,6,43,250,326.00,"81,500.00"
2019-06-10,2019061001007502,SBL,21,59,60,325.00,"19,500.00"
2019-06-10,2019061001007826,SCB,26,45,10,675.00,"6,750.00"
2019-06-10,2019061001007501,SCB,56,11,20,670.00,"13,400.00"
2019-06-10,2019061001007335,SCB,56,25,20,670.00,"13,400.00"
2019-06-10,2019061001007525,SDESI,57,32,17,580.00,"9,860.00"
2019-06-10,2019061001007524,SDESI,57,49,23,579.00,"13,317.00"
2019-06-10,2019061001007827,SHIVM,42,22,"1,225",671.00,"821,975.00"
2019-06-10,2019061001007799,SHIVM,42,21,400,671.00,"268,400.00"
2019-06-10,2019061001007768,SHIVM,42,56,100,671.00,"67,100.00"
2019-06-10,2019061001007724,SHIVM,42,55,100,671.00,"67,100.00"
2019-06-10,2019061001007723,SHIVM,42,42,50,671.00,"33,550.00"
2019-06-10,2019061001007703,SHIVM,36,59,200,672.00,"134,400.00"
2019-06-10,2019061001007526,SHIVM,42,3,20,672.00,"13,440.00"
2019-06-10,2019061001007344,SHIVM,42,11,300,672.00,"201,600.00"
2019-06-10,2019061001007566,SHIVM,39,59,10,672.00,"6,720.00"
2019-06-10,2019061001007565,SHIVM,39,48,90,672.00,"60,480.00"
2019-06-10,2019061001007564,SHIVM,22,48,100,672.00,"67,200.00"
2019-06-10,2019061001007563,SHIVM,1,48,50,672.00,"33,600.00"
2019-06-10,2019061001007562,SHIVM,42,48,260,672.00,"174,720.00"
2019-06-10,2019061001007532,SHL,57,11,138,235.00,"32,430.00"
2019-06-10,2019061001007788,SHPC,55,1,39,253.00,"9,867.00"
2019-06-10,2019061001007598,SHPC,39,49,500,258.00,"129,000.00"
2019-06-10,2019061001007597,SHPC,39,32,500,256.00,"128,000.00"
2019-06-10,2019061001007596,SHPC,39,49,"7,000",255.00,"1,785,000.00"
2019-06-10,2019061001007595,SHPC,39,43,500,254.00,"127,000.00"
2019-06-10,2019061001007594,SHPC,39,41,500,253.00,"126,500.00"
2019-06-10,2019061001007593,SHPC,39,43,500,253.00,"126,500.00"
2019-06-10,2019061001007577,SIC,17,58,10,"1,350.00","13,500.00"
2019-06-10,2019061001007442,SIC,29,48,13,"1,350.00","17,550.00"
2019-06-10,2019061001007441,SIC,55,48,50,"1,350.00","67,500.00"
2019-06-10,2019061001007440,SIC,37,48,287,"1,350.00","387,450.00"
2019-06-10,2019061001007439,SIC,8,48,200,"1,351.00","270,200.00"
2019-06-10,2019061001007438,SIC,28,48,50,"1,351.00","67,550.00"
2019-06-10,2019061001007825,SICL,39,41,150,828.00,"124,200.00"
2019-06-10,2019061001007824,SICL,29,41,50,828.00,"41,400.00"
2019-06-10,2019061001007613,SICL,45,54,100,830.00,"83,000.00"
2019-06-10,2019061001007374,SIL,25,22,11,564.00,"6,204.00"
2019-06-10,2019061001007348,SIL,25,10,576,560.00,"322,560.00"
2019-06-10,2019061001007584,SINDU,58,59,"2,000",139.00,"278,000.00"
2019-06-10,2019061001007583,SINDU,22,59,200,139.00,"27,800.00"
2019-06-10,2019061001007582,SINDU,57,59,"1,000",141.00,"141,000.00"
2019-06-10,2019061001007519,SKBBL,34,17,500,965.00,"482,500.00"
2019-06-10,2019061001007518,SKBBL,34,17,459,966.00,"443,394.00"
2019-06-10,2019061001007817,SLICL,34,58,53,555.00,"29,415.00"
2019-06-10,2019061001007816,SLICL,52,58,155,555.00,"86,025.00"
2019-06-10,2019061001007815,SLICL,43,58,428,556.00,"237,968.00"
2019-06-10,2019061001007814,SLICL,46,58,18,557.00,"10,026.00"
2019-06-10,2019061001007813,SLICL,52,58,30,557.00,"16,710.00"
2019-06-10,2019061001007801,SLICL,17,34,90,559.00,"50,310.00"
2019-06-10,2019061001007368,SLICL,38,54,15,560.00,"8,400.00"
2019-06-10,2019061001007362,SLICL,42,49,19,564.00,"10,716.00"
2019-06-10,2019061001007361,SLICL,42,17,70,564.00,"39,480.00"
2019-06-10,2019061001007444,SLICL,42,34,200,559.00,"111,800.00"
2019-06-10,2019061001007373,SLICL,25,54,500,558.00,"279,000.00"
2019-06-10,2019061001007372,SLICL,1,54,500,558.00,"279,000.00"
2019-06-10,2019061001007371,SLICL,16,54,52,559.00,"29,068.00"
2019-06-10,2019061001007370,SLICL,21,54,50,560.00,"28,000.00"
2019-06-10,2019061001007369,SLICL,47,54,23,560.00,"12,880.00"
2019-06-10,2019061001007588,SLICL,22,35,187,557.00,"104,159.00"
2019-06-10,2019061001007561,SLICL,26,35,10,557.00,"5,570.00"
2019-06-10,2019061001007555,SLICL,14,35,100,557.00,"55,700.00"
2019-06-10,2019061001007658,SLICL,29,34,10,559.00,"5,590.00"
2019-06-10,2019061001007783,SLICL,52,34,20,557.00,"11,140.00"
2019-06-10,2019061001007782,SLICL,4,34,50,557.00,"27,850.00"
2019-06-10,2019061001007781,SLICL,51,34,50,557.00,"27,850.00"
2019-06-10,2019061001007728,SLICL,44,34,100,559.00,"55,900.00"
2019-06-10,2019061001007677,SLICL,29,34,20,559.00,"11,180.00"
2019-06-10,2019061001007743,SMATA,54,17,10,"1,254.00","12,540.00"
2019-06-10,2019061001007700,SPARS,52,32,10,510.00,"5,100.00"
2019-06-10,2019061001007498,SPARS,38,25,15,512.00,"7,680.00"
2019-06-10,2019061001007642,SRBL,34,43,500,254.00,"127,000.00"
2019-06-10,2019061001007599,SRBL,18,45,20,255.00,"5,100.00"
2019-06-10,2019061001007510,SRBL,34,59,139,254.00,"35,306.00"
2019-06-10,2019061001007390,SWBBL,51,25,100,869.00,"86,900.00"
2019-06-10,2019061001007742,TRH,58,59,735,308.00,"226,380.00"
2019-06-10,2019061001007741,TRH,6,59,500,308.00,"154,000.00"
2019-06-10,2019061001007740,TRH,32,59,150,308.00,"46,200.00"
2019-06-10,2019061001007739,TRH,34,59,100,308.00,"30,800.00"
2019-06-10,2019061001007738,TRH,34,59,100,308.00,"30,800.00"
2019-06-10,2019061001007737,TRH,43,59,165,309.00,"50,985.00"
2019-06-10,2019061001007490,TRH,43,25,335,309.00,"103,515.00"
2019-06-10,2019061001007489,TRH,25,25,15,309.00,"4,635.00"
2019-06-10,2019061001007488,TRH,6,25,50,309.00,"15,450.00"
2019-06-10,2019061001007487,TRH,32,25,100,309.00,"30,900.00"
2019-06-10,2019061001007410,TRH,32,41,200,309.00,"61,800.00"
2019-06-10,2019061001007409,TRH,45,41,100,310.00,"31,000.00"
2019-06-10,2019061001007491,UIC,40,48,180,949.00,"170,820.00"
2019-06-10,2019061001007461,UIC,39,48,20,950.00,"19,000.00"
2019-06-10,2019061001007679,UMHL,11,19,10,116.00,"1,160.00"
2019-06-10,2019061001007818,UPPER,42,16,40,268.00,"10,720.00"
2019-06-10,2019061001007810,UPPER,10,44,40,268.00,"10,720.00"
2019-06-10,2019061001007780,UPPER,10,44,40,268.00,"10,720.00"
2019-06-10,2019061001007755,UPPER,10,44,40,268.00,"10,720.00"
2019-06-10,2019061001007717,UPPER,10,44,40,268.00,"10,720.00"
2019-06-10,2019061001007713,UPPER,10,42,160,268.00,"42,880.00"
2019-06-10,2019061001007360,UPPER,43,57,40,268.00,"10,720.00"
2019-06-10,2019061001007334,UPPER,43,57,40,268.00,"10,720.00"
2019-06-10,2019061001007329,UPPER,6,49,250,269.00,"67,250.00"
2019-06-10,2019061001007466,UPPER,10,44,40,268.00,"10,720.00"
2019-06-10,2019061001007428,UPPER,10,44,38,268.00,"10,184.00"
2019-06-10,2019061001007427,UPPER,35,44,12,268.00,"3,216.00"
2019-06-10,2019061001007408,UPPER,35,16,50,268.00,"13,400.00"
2019-06-10,2019061001007395,UPPER,35,57,28,268.00,"7,504.00"
2019-06-10,2019061001007394,UPPER,43,57,12,268.00,"3,216.00"
2019-06-10,2019061001007639,UPPER,10,11,50,268.00,"13,400.00"
2019-06-10,2019061001007573,UPPER,17,17,50,269.00,"13,450.00"
2019-06-10,2019061001007499,UPPER,10,4,50,268.00,"13,400.00"
2019-06-10,2019061001007486,UPPER,42,48,250,270.00,"67,500.00"
2019-06-10,2019061001007485,UPPER,42,16,50,269.00,"13,450.00"
2019-06-10,2019061001007638,VLBS,33,44,32,535.00,"17,120.00"
2019-06-10,2019061001007224,ADBL,32,50,100,412.00,"41,200.00"
2019-06-10,2019061001006970,ADBL,11,45,16,411.00,"6,576.00"
2019-06-10,2019061001006988,AKJCL,38,11,10,74.00,740.00
2019-06-10,2019061001006909,AKJCL,38,11,10,74.00,740.00
2019-06-10,2019061001006891,AKJCL,38,5,10,74.00,740.00
2019-06-10,2019061001007081,AKPL,28,11,11,191.00,"2,101.00"
2019-06-10,2019061001007201,ALBSL,56,16,10,430.00,"4,300.00"
2019-06-10,2019061001007087,ALBSL,56,16,10,430.00,"4,300.00"
2019-06-10,2019061001006995,ALBSL,56,49,10,430.00,"4,300.00"
2019-06-10,2019061001006898,ALBSL,56,41,10,430.00,"4,300.00"
2019-06-10,2019061001006886,ALICL,40,41,407,399.00,"162,393.00"
2019-06-10,2019061001007125,API,45,11,29,148.00,"4,292.00"
2019-06-10,2019061001007126,BOKL,28,43,"1,000",264.00,"264,000.00"
2019-06-10,2019061001006888,BOKL,34,21,100,265.00,"26,500.00"
2019-06-10,2019061001006887,BOKL,34,47,700,265.00,"185,500.00"
2019-06-10,2019061001007314,BPCL,21,16,33,405.00,"13,365.00"
2019-06-10,2019061001007242,BPCL,21,16,33,405.00,"13,365.00"
2019-06-10,2019061001007152,BPCL,6,57,13,406.00,"5,278.00"
2019-06-10,2019061001007122,BPCL,6,16,33,406.00,"13,398.00"
2019-06-10,2019061001007036,BPCL,6,41,11,406.00,"4,466.00"
2019-06-10,2019061001006882,BPCL,6,16,33,406.00,"13,398.00"
2019-06-10,2019061001006878,BPCL,6,49,44,406.00,"17,864.00"
2019-06-10,2019061001006937,CBBL,42,41,400,939.00,"375,600.00"
2019-06-10,2019061001007299,CBL,33,42,30,146.00,"4,380.00"
2019-06-10,2019061001007221,CBL,34,42,51,146.00,"7,446.00"
2019-06-10,2019061001007220,CBL,34,40,249,146.00,"36,354.00"
2019-06-10,2019061001006874,CBL,1,38,42,145.00,"6,090.00"
2019-06-10,2019061001007108,CHCL,13,38,148,522.00,"77,256.00"
2019-06-10,2019061001007173,CLBSL,54,11,10,507.00,"5,070.00"
2019-06-10,2019061001006875,CMF1,32,26,800,9.58,"7,664.00"
2019-06-10,2019061001006869,CORBL,57,50,200,126.00,"25,200.00"
2019-06-10,2019061001007026,CZBIL,36,50,190,221.00,"41,990.00"
2019-06-10,2019061001007025,CZBIL,17,50,15,222.00,"3,330.00"
2019-06-10,2019061001007024,CZBIL,36,50,76,222.00,"16,872.00"
2019-06-10,2019061001006971,CZBIL,36,39,194,222.00,"43,068.00"
2019-06-10,2019061001006854,DBBL,17,42,78,145.00,"11,310.00"
2019-06-10,2019061001006853,DBBL,48,42,300,145.00,"43,500.00"
2019-06-10,2019061001006852,DBBL,58,42,100,145.00,"14,500.00"
2019-06-10,2019061001006851,DBBL,7,42,"1,000",145.00,"145,000.00"
2019-06-10,2019061001006850,DBBL,57,42,200,145.00,"29,000.00"
2019-06-10,2019061001006849,DBBL,32,42,500,145.00,"72,500.00"
2019-06-10,2019061001006830,DBBL,38,42,"1,000",147.00,"147,000.00"
2019-06-10,2019061001006829,DBBL,5,42,22,147.00,"3,234.00"
2019-06-10,2019061001006836,DBBL,16,42,500,146.00,"73,000.00"
2019-06-10,2019061001006835,DBBL,16,42,500,146.00,"73,000.00"
2019-06-10,2019061001006834,DBBL,49,42,"2,000",146.00,"292,000.00"
2019-06-10,2019061001006833,DBBL,33,42,400,146.00,"58,400.00"
2019-06-10,2019061001006832,DBBL,39,42,"1,000",146.00,"146,000.00"
2019-06-10,2019061001006831,DBBL,5,42,"1,000",147.00,"147,000.00"
2019-06-10,2019061001006842,DBBL,51,42,"5,000",145.00,"725,000.00"
2019-06-10,2019061001006841,DBBL,36,42,700,145.00,"101,500.00"
2019-06-10,2019061001006840,DBBL,42,42,500,145.00,"72,500.00"
2019-06-10,2019061001006839,DBBL,39,42,100,145.00,"14,500.00"
2019-06-10,2019061001006838,DBBL,51,42,"2,000",146.00,"292,000.00"
2019-06-10,2019061001006837,DBBL,49,42,300,146.00,"43,800.00"
2019-06-10,2019061001006848,DBBL,57,42,500,145.00,"72,500.00"
2019-06-10,2019061001006847,DBBL,21,42,100,145.00,"14,500.00"
2019-06-10,2019061001006846,DBBL,1,42,500,145.00,"72,500.00"
2019-06-10,2019061001006845,DBBL,48,42,200,145.00,"29,000.00"
2019-06-10,2019061001006844,DBBL,35,42,500,145.00,"72,500.00"
2019-06-10,2019061001006843,DBBL,7,42,"1,000",145.00,"145,000.00"
2019-06-10,2019061001007069,DDBL,33,44,100,700.00,"70,000.00"
2019-06-10,2019061001007068,DDBL,34,44,110,700.00,"77,000.00"
2019-06-10,2019061001007021,DDBL,34,57,4,700.00,"2,800.00"
2019-06-10,2019061001007020,DDBL,34,7,41,700.00,"28,700.00"
2019-06-10,2019061001007019,DDBL,34,7,20,700.00,"14,000.00"
2019-06-10,2019061001007018,DDBL,34,7,39,700.00,"27,300.00"
2019-06-10,2019061001006919,EIC,21,17,50,387.00,"19,350.00"
2019-06-10,2019061001007178,GBBL,45,29,100,224.00,"22,400.00"
2019-06-10,2019061001007080,GBBL,25,38,200,225.00,"45,000.00"
2019-06-10,2019061001006938,GBBL,58,38,76,225.00,"17,100.00"
2019-06-10,2019061001007138,GBIME,52,11,100,301.00,"30,100.00"
2019-06-10,2019061001007137,GBIME,1,11,50,301.00,"15,050.00"
2019-06-10,2019061001007136,GBIME,45,11,100,301.00,"30,100.00"
2019-06-10,2019061001007135,GBIME,17,11,510,301.00,"153,510.00"
2019-06-10,2019061001007049,GBIME,17,42,200,301.00,"60,200.00"
2019-06-10,2019061001006941,GBIME,17,45,20,301.00,"6,020.00"
2019-06-10,2019061001006873,GBIME,19,33,28,302.00,"8,456.00"
2019-06-10,2019061001006855,GBIME,17,57,230,301.00,"69,230.00"
2019-06-10,2019061001007305,GBLBS,58,17,10,360.00,"3,600.00"
2019-06-10,2019061001006992,GBLBS,13,19,10,358.00,"3,580.00"
2019-06-10,2019061001006962,GBLBS,13,41,10,358.00,"3,580.00"
2019-06-10,2019061001006969,GDBL,34,38,27,213.00,"5,751.00"
2019-06-10,2019061001007190,GDBL,34,29,100,213.00,"21,300.00"
2019-06-10,2019061001006876,GHL,21,5,30,86.00,"2,580.00"
2019-06-10,2019061001006868,GILB,58,58,10,"1,300.00","13,000.00"
2019-06-10,2019061001006862,GILB,58,28,11,"1,280.00","14,080.00"
2019-06-10,2019061001007322,GLICL,26,38,10,521.00,"5,210.00"
2019-06-10,2019061001007248,GLICL,45,11,10,523.00,"5,230.00"
2019-06-10,2019061001007241,GLICL,45,38,10,522.00,"5,220.00"
2019-06-10,2019061001007185,GLICL,45,11,10,523.00,"5,230.00"
2019-06-10,2019061001007154,GLICL,26,5,50,521.00,"26,050.00"
2019-06-10,2019061001006930,HDL,4,45,100,"1,720.00","172,000.00"
2019-06-10,2019061001006929,HDL,4,39,100,"1,720.00","172,000.00"
2019-06-10,2019061001006928,HDL,4,21,200,"1,718.00","343,600.00"
2019-06-10,2019061001006927,HDL,4,58,100,"1,718.00","171,800.00"
2019-06-10,2019061001006926,HDL,4,22,15,"1,715.00","25,725.00"
2019-06-10,2019061001006925,HDL,4,56,20,"1,715.00","34,300.00"
2019-06-10,2019061001006924,HDL,4,22,50,"1,714.00","85,700.00"
2019-06-10,2019061001006923,HDL,4,50,30,"1,713.00","51,390.00"
2019-06-10,2019061001006922,HDL,4,56,90,"1,712.00","154,080.00"
2019-06-10,2019061001007189,HIDCL,49,11,22,161.00,"3,542.00"
2019-06-10,2019061001007188,HIDCL,29,11,39,162.00,"6,318.00"
2019-06-10,2019061001007076,HIDCL,29,38,100,162.00,"16,200.00"
2019-06-10,2019061001007050,HIDCL,29,41,61,162.00,"9,882.00"
2019-06-10,2019061001007005,HIDCL,29,43,800,162.00,"129,600.00"
2019-06-10,2019061001006894,HIDCL,41,43,200,162.00,"32,400.00"
2019-06-10,2019061001007054,HPPL,55,41,10,180.00,"1,800.00"
2019-06-10,2019061001007046,HPPL,55,36,10,180.00,"1,800.00"
2019-06-10,2019061001007023,HPPL,55,36,10,180.00,"1,800.00"
2019-06-10,2019061001007002,HPPL,55,19,10,180.00,"1,800.00"
2019-06-10,2019061001006980,HPPL,55,45,10,180.00,"1,800.00"
2019-06-10,2019061001007319,HURJA,33,39,20,146.00,"2,920.00"
2019-06-10,2019061001007300,HURJA,33,39,20,146.00,"2,920.00"
2019-06-10,2019061001007184,HURJA,33,49,20,146.00,"2,920.00"
2019-06-10,2019061001006871,IGI,5,39,100,383.00,"38,300.00"
2019-06-10,2019061001007034,JBBL,26,47,112,159.00,"17,808.00"
2019-06-10,2019061001007033,JBBL,26,43,19,159.00,"3,021.00"
2019-06-10,2019061001007032,JBBL,26,22,"1,000",159.00,"159,000.00"
2019-06-10,2019061001007031,JBBL,26,57,500,159.00,"79,500.00"
2019-06-10,2019061001007030,JBBL,26,34,943,159.00,"149,937.00"
2019-06-10,2019061001006991,JBBL,46,59,594,158.00,"93,852.00"
2019-06-10,2019061001006979,JBBL,46,38,150,158.00,"23,700.00"
2019-06-10,2019061001006900,JBBL,46,14,249,158.00,"39,342.00"
2019-06-10,2019061001006872,JBBL,46,29,300,158.00,"47,400.00"
2019-06-10,2019061001006890,JBNL,41,26,532,208.00,"110,656.00"
2019-06-10,2019061001006889,JBNL,28,26,"1,968",208.00,"409,344.00"
2019-06-10,2019061001007146,JSLBB,1,26,14,"2,036.00","28,504.00"
2019-06-10,2019061001007145,JSLBB,39,26,10,"2,037.00","20,370.00"
2019-06-10,2019061001006877,KBBL,42,19,"1,000",235.00,"235,000.00"
2019-06-10,2019061001007257,KBL,55,51,"1,000",214.00,"214,000.00"
2019-06-10,2019061001007256,KBL,40,51,200,214.00,"42,800.00"
2019-06-10,2019061001007255,KBL,40,51,200,214.00,"42,800.00"
2019-06-10,2019061001007254,KBL,42,51,25,214.00,"5,350.00"
2019-06-10,2019061001007253,KBL,41,51,300,214.00,"64,200.00"
2019-06-10,2019061001007252,KBL,19,51,50,214.00,"10,700.00"
2019-06-10,2019061001007011,KBL,16,48,50,215.00,"10,750.00"
2019-06-10,2019061001006961,KBL,34,48,245,215.00,"52,675.00"
2019-06-10,2019061001007251,KBL,32,51,300,214.00,"64,200.00"
2019-06-10,2019061001007250,KBL,58,51,150,214.00,"32,100.00"
2019-06-10,2019061001007249,KBL,34,51,678,214.00,"145,092.00"
2019-06-10,2019061001007166,KBL,34,43,"1,000",214.00,"214,000.00"
2019-06-10,2019061001007077,KBL,34,5,100,214.00,"21,400.00"
2019-06-10,2019061001007015,KBL,34,45,50,214.00,"10,700.00"
2019-06-10,2019061001007066,KKHC,32,41,10,65.00,650.00
2019-06-10,2019061001006908,KPCL,19,5,10,91.00,910.00
2019-06-10,2019061001006883,KPCL,19,11,10,91.00,910.00
2019-06-10,2019061001006959,KRBL,45,32,111,124.00,"13,764.00"
2019-06-10,2019061001007072,KSBBL,32,41,67,162.00,"10,854.00"
2019-06-10,2019061001007012,KSBBL,32,39,452,162.00,"73,224.00"
2019-06-10,2019061001006996,KSBBL,33,39,"2,000",163.00,"326,000.00"
2019-06-10,2019061001007312,LBBL,1,35,72,197.00,"14,184.00"
2019-06-10,2019061001007311,LBBL,6,35,500,197.00,"98,500.00"
2019-06-10,2019061001007310,LBBL,42,35,500,197.00,"98,500.00"
2019-06-10,2019061001007309,LBBL,44,35,100,197.00,"19,700.00"
2019-06-10,2019061001007308,LBBL,11,35,300,197.00,"59,100.00"
2019-06-10,2019061001007307,LBBL,35,35,100,197.00,"19,700.00"
2019-06-10,2019061001007306,LBBL,50,35,12,197.00,"2,364.00"
2019-06-10,2019061001007086,LBL,7,14,120,218.00,"26,160.00"
2019-06-10,2019061001007085,LBL,16,14,50,218.00,"10,900.00"
2019-06-10,2019061001007009,LBL,52,38,33,217.00,"7,161.00"
2019-06-10,2019061001006880,LGIL,56,52,100,474.00,"47,400.00"
2019-06-10,2019061001006879,LGIL,32,52,100,474.00,"47,400.00"
2019-06-10,2019061001007232,LLBS,36,11,12,722.00,"8,664.00"
2019-06-10,2019061001007318,MBL,38,26,135,269.00,"36,315.00"
2019-06-10,2019061001007313,MBL,38,26,145,269.00,"39,005.00"
2019-06-10,2019061001007274,MBL,38,26,110,269.00,"29,590.00"
2019-06-10,2019061001007259,MBL,38,25,85,268.00,"22,780.00"
2019-06-10,2019061001007258,MBL,38,25,115,269.00,"30,935.00"
2019-06-10,2019061001007235,MBL,38,26,135,269.00,"36,315.00"
2019-06-10,2019061001007097,MBL,38,53,500,267.00,"133,500.00"
2019-06-10,2019061001007096,MBL,38,16,400,267.00,"106,800.00"
2019-06-10,2019061001007095,MBL,38,16,"1,800",267.00,"480,600.00"
2019-06-10,2019061001007094,MBL,38,16,660,267.00,"176,220.00"
2019-06-10,2019061001007071,MBL,38,16,140,267.00,"37,380.00"
2019-06-10,2019061001007161,MBL,38,44,38,269.00,"10,222.00"
2019-06-10,2019061001007141,MBL,38,56,170,268.00,"45,560.00"
2019-06-10,2019061001007140,MBL,38,52,100,268.00,"26,800.00"
2019-06-10,2019061001007139,MBL,38,39,"2,000",268.00,"536,000.00"
2019-06-10,2019061001007123,MBL,38,39,"1,000",268.00,"268,000.00"
2019-06-10,2019061001007111,MBL,34,22,50,266.00,"13,300.00"
2019-06-10,2019061001007233,MBL,38,26,40,269.00,"10,760.00"
2019-06-10,2019061001007209,MBL,38,26,115,269.00,"30,935.00"
2019-06-10,2019061001007200,MBL,38,26,35,269.00,"9,415.00"
2019-06-10,2019061001007164,MBL,38,26,264,269.00,"71,016.00"
2019-06-10,2019061001007163,MBL,38,45,98,269.00,"26,362.00"
2019-06-10,2019061001007162,MBL,38,10,"1,000",269.00,"269,000.00"
2019-06-10,2019061001007177,MEGA,6,5,375,199.00,"74,625.00"
2019-06-10,2019061001007176,MEGA,34,5,"1,125",199.00,"223,875.00"
2019-06-10,2019061001007128,MEGA,34,38,104,199.00,"20,696.00"
2019-06-10,2019061001007043,MEGA,34,16,150,199.00,"29,850.00"
2019-06-10,2019061001006933,MEGA,34,45,100,199.00,"19,900.00"
2019-06-10,2019061001007261,MERO,26,11,16,562.00,"8,992.00"
2019-06-10,2019061001007000,MNBBL,38,56,100,373.00,"37,300.00"
2019-06-10,2019061001006994,MNBBL,38,56,150,373.00,"55,950.00"
2019-06-10,2019061001006984,MNBBL,38,56,115,373.00,"42,895.00"
2019-06-10,2019061001006897,MNBBL,6,4,50,372.00,"18,600.00"
2019-06-10,2019061001006896,MNBBL,6,51,50,372.00,"18,600.00"
2019-06-10,2019061001006895,MNBBL,6,56,100,371.00,"37,100.00"
2019-06-10,2019061001007192,MNBBL,42,56,200,372.00,"74,400.00"
2019-06-10,2019061001007048,MNBBL,6,39,407,370.00,"150,590.00"
2019-06-10,2019061001007047,MNBBL,22,39,90,370.00,"33,300.00"
2019-06-10,2019061001007035,MNBBL,38,56,70,373.00,"26,110.00"
2019-06-10,2019061001007010,MNBBL,38,56,50,373.00,"18,650.00"
2019-06-10,2019061001006910,MSMBS,1,59,10,481.00,"4,810.00"
2019-06-10,2019061001006990,NABILP,42,16,70,803.00,"56,210.00"
2019-06-10,2019061001007168,NADEP,40,49,10,440.00,"4,400.00"
2019-06-10,2019061001007003,NADEP,39,49,10,440.00,"4,400.00"
2019-06-10,2019061001006939,NADEP,36,16,10,438.00,"4,380.00"
2019-06-10,2019061001006918,NADEP,47,16,10,440.00,"4,400.00"
2019-06-10,2019061001007045,NBB,4,39,358,223.00,"79,834.00"
2019-06-10,2019061001007041,NBB,16,59,50,224.00,"11,200.00"
2019-06-10,2019061001006977,NBB,4,34,500,224.00,"112,000.00"
2019-06-10,2019061001006885,NBB,4,33,397,224.00,"88,928.00"
2019-06-10,2019061001006884,NBB,4,33,103,224.00,"23,072.00"
2019-06-10,2019061001007134,NBL,7,32,480,324.00,"155,520.00"
2019-06-10,2019061001007133,NBL,36,32,500,324.00,"162,000.00"
2019-06-10,2019061001007132,NBL,25,32,20,324.00,"6,480.00"
2019-06-10,2019061001007093,NCCB,14,49,130,258.00,"33,540.00"
2019-06-10,2019061001007007,NCCB,42,49,180,258.00,"46,440.00"
2019-06-10,2019061001007006,NCCB,42,25,200,258.00,"51,600.00"
2019-06-10,2019061001006905,NCCB,8,49,190,258.00,"49,020.00"
2019-06-10,2019061001006904,NCCB,8,46,110,258.00,"28,380.00"
2019-06-10,2019061001007051,NEF,17,19,241,8.22,"1,981.02"
2019-06-10,2019061001007296,NGPL,28,16,11,119.00,"1,309.00"
2019-06-10,2019061001007325,NIB,45,11,44,526.00,"23,144.00"
2019-06-10,2019061001007151,NIB,45,38,44,526.00,"23,144.00"
2019-06-10,2019061001007116,NIB,45,5,31,526.00,"16,306.00"
2019-06-10,2019061001007328,NICA,57,38,831,449.00,"373,119.00"
2019-06-10,2019061001007327,NICA,25,38,500,450.00,"225,000.00"
2019-06-10,2019061001007326,NICA,6,38,22,450.00,"9,900.00"
2019-06-10,2019061001007317,NICA,6,42,"1,978",450.00,"890,100.00"
2019-06-10,2019061001007316,NICA,55,42,305,450.00,"137,250.00"
2019-06-10,2019061001007294,NICA,55,42,695,450.00,"312,750.00"
2019-06-10,2019061001006985,NICA,26,57,200,453.00,"90,600.00"
2019-06-10,2019061001006936,NICA,59,53,20,455.00,"9,100.00"
2019-06-10,2019061001006881,NICA,59,43,100,454.00,"45,400.00"
2019-06-10,2019061001007103,NICA,46,57,290,453.00,"131,370.00"
2019-06-10,2019061001007055,NICA,40,57,300,453.00,"135,900.00"
2019-06-10,2019061001007029,NICA,59,57,10,453.00,"4,530.00"
2019-06-10,2019061001007014,NICA,55,4,840,452.00,"379,680.00"
2019-06-10,2019061001007013,NICA,29,4,160,452.00,"72,320.00"
2019-06-10,2019061001006986,NICA,48,57,300,453.00,"135,900.00"
2019-06-10,2019061001007239,NICA,42,38,200,453.00,"90,600.00"
2019-06-10,2019061001007238,NICA,14,38,310,452.00,"140,120.00"
2019-06-10,2019061001007182,NICA,11,38,130,452.00,"58,760.00"
2019-06-10,2019061001007181,NICA,57,38,200,452.00,"90,400.00"
2019-06-10,2019061001007180,NICA,55,38,160,452.00,"72,320.00"
2019-06-10,2019061001007143,NICA,46,38,10,453.00,"4,530.00"
2019-06-10,2019061001007281,NICA,49,42,100,450.00,"45,000.00"
2019-06-10,2019061001007280,NICA,44,42,500,451.00,"225,500.00"
2019-06-10,2019061001007279,NICA,6,42,300,451.00,"135,300.00"
2019-06-10,2019061001007278,NICA,43,42,200,451.00,"90,200.00"
2019-06-10,2019061001007277,NICA,54,42,100,451.00,"45,100.00"
2019-06-10,2019061001007276,NICA,14,42,20,452.00,"9,040.00"
2019-06-10,2019061001007287,NICA,11,42,200,450.00,"90,000.00"
2019-06-10,2019061001007286,NICA,58,42,100,450.00,"45,000.00"
2019-06-10,2019061001007285,NICA,1,42,150,450.00,"67,500.00"
2019-06-10,2019061001007284,NICA,17,42,100,450.00,"45,000.00"
2019-06-10,2019061001007283,NICA,14,42,200,450.00,"90,000.00"
2019-06-10,2019061001007282,NICA,45,42,500,450.00,"225,000.00"
2019-06-10,2019061001007293,NICA,56,42,"1,000",450.00,"450,000.00"
2019-06-10,2019061001007292,NICA,1,42,10,450.00,"4,500.00"
2019-06-10,2019061001007291,NICA,51,42,25,450.00,"11,250.00"
2019-06-10,2019061001007290,NICA,54,42,50,450.00,"22,500.00"
2019-06-10,2019061001007289,NICA,34,42,50,450.00,"22,500.00"
2019-06-10,2019061001007288,NICA,59,42,200,450.00,"90,000.00"
2019-06-10,2019061001007320,NICL,25,54,445,370.00,"164,650.00"
2019-06-10,2019061001007302,NICL,34,54,125,370.00,"46,250.00"
2019-06-10,2019061001007245,NICL,43,54,100,370.00,"37,000.00"
2019-06-10,2019061001007183,NICL,45,54,50,370.00,"18,500.00"
2019-06-10,2019061001007027,NICL,56,54,80,370.00,"29,600.00"
2019-06-10,2019061001006899,NICL,58,54,100,370.00,"37,000.00"
2019-06-10,2019061001007273,NIL,34,59,50,499.00,"24,950.00"
2019-06-10,2019061001006921,NIL,52,51,500,502.00,"251,000.00"
2019-06-10,2019061001006920,NIL,52,50,80,502.00,"40,160.00"
2019-06-10,2019061001006860,NIL,40,37,249,500.00,"124,500.00"
2019-06-10,2019061001006859,NIL,40,16,100,500.00,"50,000.00"
2019-06-10,2019061001007083,NLG,49,49,93,771.00,"71,703.00"
2019-06-10,2019061001007062,NLG,46,10,100,772.00,"77,200.00"
2019-06-10,2019061001007061,NLG,35,10,100,773.00,"77,300.00"
2019-06-10,2019061001007210,NLIC,47,39,10,920.00,"9,200.00"
2019-06-10,2019061001007144,NLIC,34,36,73,919.00,"67,087.00"
2019-06-10,2019061001007092,NMFBS,42,28,50,"1,475.00","73,750.00"
2019-06-10,2019061001007091,NMFBS,21,28,20,"1,475.00","29,500.00"
2019-06-10,2019061001007090,NMFBS,33,28,15,"1,476.00","22,140.00"
2019-06-10,2019061001007089,NMFBS,41,28,13,"1,477.00","19,201.00"
2019-06-10,2019061001007056,NMFBS,41,52,15,"1,477.00","22,155.00"
2019-06-10,2019061001007017,NMFBS,41,52,15,"1,477.00","22,155.00"
2019-06-10,2019061001007131,NTC,59,28,10,705.00,"7,050.00"
2019-06-10,2019061001007159,NUBL,22,3,60,834.00,"50,040.00"
2019-06-10,2019061001007158,NUBL,22,47,30,834.00,"25,020.00"
2019-06-10,2019061001007157,NUBL,22,48,130,834.00,"108,420.00"
2019-06-10,2019061001007028,OHL,42,17,"1,000",643.00,"643,000.00"
2019-06-10,2019061001007174,OHL,48,38,20,640.00,"12,800.00"
2019-06-10,2019061001007226,PCBL,42,4,50,296.00,"14,800.00"
2019-06-10,2019061001007225,PCBL,42,52,519,296.00,"153,624.00"
2019-06-10,2019061001007121,PCBL,42,52,100,296.00,"29,600.00"
2019-06-10,2019061001007070,PCBL,53,26,350,295.00,"103,250.00"
2019-06-10,2019061001007067,PCBL,53,11,380,295.00,"112,100.00"
2019-06-10,2019061001007065,PCBL,16,52,30,296.00,"8,880.00"
2019-06-10,2019061001007040,PCBL,28,52,70,296.00,"20,720.00"
2019-06-10,2019061001006935,PCBL,28,52,100,296.00,"29,600.00"
2019-06-10,2019061001007243,PFL,49,57,200,138.00,"27,600.00"
2019-06-10,2019061001007079,PFL,14,19,13,137.00,"1,781.00"
2019-06-10,2019061001007324,PIC,53,16,11,"1,089.00","11,979.00"
2019-06-10,2019061001007301,PIC,53,49,11,"1,089.00","11,979.00"
2019-06-10,2019061001007160,PIC,22,16,11,"1,088.00","11,968.00"
2019-06-10,2019061001007120,PIC,22,41,11,"1,088.00","11,968.00"
2019-06-10,2019061001007119,PIC,22,19,11,"1,088.00","11,968.00"
2019-06-10,2019061001007053,PIC,58,11,118,"1,087.00","128,266.00"
2019-06-10,2019061001006912,PIC,59,53,10,"1,089.00","10,890.00"
2019-06-10,2019061001006911,PIC,38,53,39,"1,089.00","42,471.00"
2019-06-10,2019061001006867,PIC,52,57,10,"1,090.00","10,900.00"
2019-06-10,2019061001006866,PIC,45,57,100,"1,090.00","109,000.00"
2019-06-10,2019061001006865,PIC,34,57,40,"1,090.00","43,600.00"
2019-06-10,2019061001007052,PIC,3,11,11,"1,088.00","11,968.00"
2019-06-10,2019061001006917,PIC,58,53,231,"1,087.00","251,097.00"
2019-06-10,2019061001006916,PIC,6,53,100,"1,087.00","108,700.00"
2019-06-10,2019061001006915,PIC,39,53,20,"1,087.00","21,740.00"
2019-06-10,2019061001006914,PIC,45,53,50,"1,088.00","54,400.00"
2019-06-10,2019061001006913,PIC,29,53,50,"1,088.00","54,400.00"
2019-06-10,2019061001007039,PICL,21,35,20,641.00,"12,820.00"
2019-06-10,2019061001007038,PICL,45,35,100,641.00,"64,100.00"
2019-06-10,2019061001007037,PICL,57,35,150,641.00,"96,150.00"
2019-06-10,2019061001007208,PMHPL,6,45,10,106.00,"1,060.00"
2019-06-10,2019061001007186,PMHPL,6,16,10,106.00,"1,060.00"
2019-06-10,2019061001007150,PMHPL,46,16,10,108.00,"1,080.00"
2019-06-10,2019061001007149,PMHPL,46,42,10,107.00,"1,070.00"
2019-06-10,2019061001007148,PMHPL,46,39,10,107.00,"1,070.00"
2019-06-10,2019061001007147,PMHPL,46,56,10,107.00,"1,070.00"
2019-06-10,2019061001006976,PMHPL,6,16,10,106.00,"1,060.00"
2019-06-10,2019061001007206,PPCL,38,16,30,126.00,"3,780.00"
2019-06-10,2019061001007153,PPCL,38,19,10,126.00,"1,260.00"
2019-06-10,2019061001007060,PPCL,38,1,30,126.00,"3,780.00"
2019-06-10,2019061001007016,PPCL,38,11,20,126.00,"2,520.00"
2019-06-10,2019061001007001,PPCL,38,16,30,126.00,"3,780.00"
2019-06-10,2019061001006940,PPCL,38,25,120,126.00,"15,120.00"
2019-06-10,2019061001006934,PPCL,38,5,10,126.00,"1,260.00"
2019-06-10,2019061001006858,PPCL,38,39,10,126.00,"1,260.00"
2019-06-10,2019061001007107,PRIN,38,48,50,392.00,"19,600.00"
2019-06-10,2019061001007219,PRVU,1,25,178,270.00,"48,060.00"
2019-06-10,2019061001007218,PRVU,53,25,22,270.00,"5,940.00"
2019-06-10,2019061001007199,PRVU,53,58,978,270.00,"264,060.00"
2019-06-10,2019061001007198,PRVU,45,58,"1,000",270.00,"270,000.00"
2019-06-10,2019061001007197,PRVU,18,58,22,270.00,"5,940.00"
2019-06-10,2019061001007195,PRVU,7,35,73,271.00,"19,783.00"
2019-06-10,2019061001006870,PRVU,10,26,100,270.00,"27,000.00"
2019-06-10,2019061001006857,PRVU,10,59,670,270.00,"180,900.00"
2019-06-10,2019061001006856,PRVU,29,59,330,270.00,"89,100.00"
2019-06-10,2019061001007106,PRVU,18,51,500,270.00,"135,000.00"
2019-06-10,2019061001006907,PRVU,44,29,200,271.00,"54,200.00"
2019-06-10,2019061001006893,PRVU,18,28,270,270.00,"72,900.00"
2019-06-10,2019061001006892,PRVU,10,28,230,270.00,"62,100.00"
2019-06-10,2019061001007194,PRVU,7,42,540,271.00,"146,340.00"
2019-06-10,2019061001007193,PRVU,7,29,387,271.00,"104,877.00"
2019-06-10,2019061001007167,PRVU,18,45,100,270.00,"27,000.00"
2019-06-10,2019061001007156,PRVU,18,16,108,270.00,"29,160.00"
2019-06-10,2019061001007231,RADHI,28,16,11,164.00,"1,804.00"
2019-06-10,2019061001007110,RBCL,28,6,10,"10,193.00","101,930.00"
2019-06-10,2019061001007109,RBCL,51,6,10,"10,193.00","101,930.00"
2019-06-10,2019061001007118,RBCLPO,46,45,10,"9,200.00","92,000.00"
2019-06-10,2019061001007117,RBCLPO,18,45,10,"9,200.00","92,000.00"
2019-06-10,2019061001007004,RBCLPO,18,33,10,"9,200.00","92,000.00"
2019-06-10,2019061001007187,RHPC,1,38,18,92.00,"1,656.00"
2019-06-10,2019061001007304,RRHP,56,49,10,104.00,"1,040.00"
2019-06-10,2019061001007303,RRHP,56,34,10,104.00,"1,040.00"
2019-06-10,2019061001006957,RRHP,47,5,10,103.00,"1,030.00"
2019-06-10,2019061001007234,SADBL,34,58,53,152.00,"8,056.00"
2019-06-10,2019061001007222,SADBL,34,21,700,152.00,"106,400.00"
2019-06-10,2019061001007247,SANIMA,14,47,"1,000",347.00,"347,000.00"
2019-06-10,2019061001007246,SANIMA,14,42,340,347.00,"117,980.00"
2019-06-10,2019061001007172,SANIMA,25,42,400,347.00,"138,800.00"
2019-06-10,2019061001007171,SANIMA,6,42,100,347.00,"34,700.00"
2019-06-10,2019061001007170,SANIMA,58,42,100,347.00,"34,700.00"
2019-06-10,2019061001007169,SANIMA,53,42,60,347.00,"20,820.00"
2019-06-10,2019061001007099,SANIMA,42,42,25,348.00,"8,700.00"
2019-06-10,2019061001007098,SANIMA,26,42,298,348.00,"103,704.00"
2019-06-10,2019061001007074,SANIMA,26,42,109,348.00,"37,932.00"
2019-06-10,2019061001007073,SANIMA,34,42,891,348.00,"310,068.00"
2019-06-10,2019061001007057,SANIMA,34,42,"1,000",348.00,"348,000.00"
2019-06-10,2019061001006987,SANIMA,34,54,"1,558",349.00,"543,742.00"
2019-06-10,2019061001007115,SANIMA,29,54,500,348.00,"174,000.00"
2019-06-10,2019061001007114,SANIMA,44,54,300,348.00,"104,400.00"
2019-06-10,2019061001007113,SANIMA,32,54,843,348.00,"293,364.00"
2019-06-10,2019061001007102,SANIMA,32,42,157,348.00,"54,636.00"
2019-06-10,2019061001007101,SANIMA,48,42,20,348.00,"6,960.00"
2019-06-10,2019061001007100,SANIMA,36,42,500,348.00,"174,000.00"
2019-06-10,2019061001006983,SBI,7,47,147,465.00,"68,355.00"
2019-06-10,2019061001006982,SBI,19,47,500,465.00,"232,500.00"
2019-06-10,2019061001006981,SBI,38,47,440,465.00,"204,600.00"
2019-06-10,2019061001006956,SBI,42,47,"1,000",466.00,"466,000.00"
2019-06-10,2019061001006955,SBI,42,47,100,466.00,"46,600.00"
2019-06-10,2019061001006954,SBI,44,47,100,466.00,"46,600.00"
2019-06-10,2019061001006947,SBI,8,47,500,469.00,"234,500.00"
2019-06-10,2019061001006946,SBI,41,47,40,470.00,"18,800.00"
2019-06-10,2019061001006945,SBI,36,47,20,470.00,"9,400.00"
2019-06-10,2019061001006944,SBI,36,47,48,470.00,"22,560.00"
2019-06-10,2019061001006953,SBI,26,47,100,466.00,"46,600.00"
2019-06-10,2019061001006952,SBI,36,47,387,467.00,"180,729.00"
2019-06-10,2019061001006951,SBI,4,47,400,468.00,"187,200.00"
2019-06-10,2019061001006950,SBI,4,47,400,468.00,"187,200.00"
2019-06-10,2019061001006949,SBI,4,47,400,468.00,"187,200.00"
2019-06-10,2019061001006948,SBI,4,47,418,468.00,"195,624.00"
2019-06-10,2019061001007321,SCB,56,25,20,670.00,"13,400.00"
2019-06-10,2019061001007165,SCB,56,41,20,670.00,"13,400.00"
2019-06-10,2019061001007142,SCB,56,41,20,670.00,"13,400.00"
2019-06-10,2019061001006863,SDESI,4,32,10,590.00,"5,900.00"
2019-06-10,2019061001006943,SHINE,34,49,50,255.00,"12,750.00"
2019-06-10,2019061001006942,SHINE,47,49,135,255.00,"34,425.00"
2019-06-10,2019061001007315,SHIVM,42,11,600,672.00,"403,200.00"
2019-06-10,2019061001007237,SHIVM,1,52,50,673.00,"33,650.00"
2019-06-10,2019061001007236,SHIVM,1,43,50,673.00,"33,650.00"
2019-06-10,2019061001007127,SHIVM,42,51,"2,000",672.00,"1,344,000.00"
2019-06-10,2019061001007059,SHIVM,42,48,500,672.00,"336,000.00"
2019-06-10,2019061001007008,SHIVM,19,52,100,673.00,"67,300.00"
2019-06-10,2019061001006932,SHIVM,42,14,320,672.00,"215,040.00"
2019-06-10,2019061001006931,SHIVM,21,14,180,672.00,"120,960.00"
2019-06-10,2019061001006906,SHIVM,36,6,100,673.00,"67,300.00"
2019-06-10,2019061001006901,SHIVM,45,6,150,673.00,"100,950.00"
2019-06-10,2019061001006864,SHIVM,45,28,100,673.00,"67,300.00"
2019-06-10,2019061001007217,SHL,34,43,300,236.00,"70,800.00"
2019-06-10,2019061001007216,SHL,34,43,"1,000",236.00,"236,000.00"
2019-06-10,2019061001007215,SHL,3,43,200,236.00,"47,200.00"
2019-06-10,2019061001007214,SHL,34,43,"1,000",236.00,"236,000.00"
2019-06-10,2019061001007213,SHL,58,43,500,236.00,"118,000.00"
2019-06-10,2019061001007105,SHL,54,45,"1,225",237.00,"290,325.00"
2019-06-10,2019061001007104,SHL,54,41,500,237.00,"118,500.00"
2019-06-10,2019061001007022,SHPC,39,49,"2,000",254.00,"508,000.00"
2019-06-10,2019061001006903,SHPC,39,49,370,254.00,"93,980.00"
2019-06-10,2019061001006902,SHPC,39,17,630,254.00,"160,020.00"
2019-06-10,2019061001006993,SIFC,56,34,50,153.00,"7,650.00"
2019-06-10,2019061001007082,SIL,14,44,12,557.00,"6,684.00"
2019-06-10,2019061001007112,SKBBL,34,39,41,966.00,"39,606.00"
2019-06-10,2019061001006978,SKBBL,34,14,"1,000",970.00,"970,000.00"
2019-06-10,2019061001007323,SLICL,4,18,47,564.00,"26,508.00"
2019-06-10,2019061001007298,SLICL,58,18,10,564.00,"5,640.00"
2019-06-10,2019061001007272,SLICL,38,17,45,560.00,"25,200.00"
2019-06-10,2019061001007271,SLICL,32,17,40,560.00,"22,400.00"
2019-06-10,2019061001007270,SLICL,41,17,300,560.00,"168,000.00"
2019-06-10,2019061001007269,SLICL,42,17,30,560.00,"16,800.00"
2019-06-10,2019061001007262,SLICL,44,17,50,563.00,"28,150.00"
2019-06-10,2019061001007244,SLICL,18,18,30,564.00,"16,920.00"
2019-06-10,2019061001007203,SLICL,44,17,950,563.00,"534,850.00"
2019-06-10,2019061001007202,SLICL,56,17,50,563.00,"28,150.00"
2019-06-10,2019061001007155,SLICL,34,57,17,565.00,"9,605.00"
2019-06-10,2019061001006958,SLICL,58,58,200,568.00,"113,600.00"
2019-06-10,2019061001007268,SLICL,13,17,157,560.00,"87,920.00"
2019-06-10,2019061001007267,SLICL,25,17,200,560.00,"112,000.00"
2019-06-10,2019061001007266,SLICL,54,17,200,560.00,"112,000.00"
2019-06-10,2019061001007265,SLICL,45,17,20,561.00,"11,220.00"
2019-06-10,2019061001007264,SLICL,21,17,20,561.00,"11,220.00"
2019-06-10,2019061001007263,SLICL,6,17,938,562.00,"527,156.00"
2019-06-10,2019061001007175,SMB,1,19,10,435.00,"4,350.00"
2019-06-10,2019061001007075,SMFDB,35,10,49,549.00,"26,901.00"
2019-06-10,2019061001007129,SPARS,52,25,10,511.00,"5,110.00"
2019-06-10,2019061001006989,SPARS,50,25,55,513.00,"28,215.00"
2019-06-10,2019061001006960,SPARS,50,44,10,513.00,"5,130.00"
2019-06-10,2019061001007078,SPDL,38,10,"1,000",91.00,"91,000.00"
2019-06-10,2019061001007297,SRBL,34,52,100,254.00,"25,400.00"
2019-06-10,2019061001007260,SRBL,34,25,400,254.00,"101,600.00"
2019-06-10,2019061001007196,SRBL,45,25,100,255.00,"25,500.00"
2019-06-10,2019061001007064,SWBBL,28,22,50,870.00,"43,500.00"
2019-06-10,2019061001007063,SWBBL,59,22,10,870.00,"8,700.00"
2019-06-10,2019061001007295,TRH,33,45,600,310.00,"186,000.00"
2019-06-10,2019061001007204,TRH,28,58,10,311.00,"3,110.00"
2019-06-10,2019061001006999,UIC,6,40,200,968.00,"193,600.00"
2019-06-10,2019061001006998,UIC,7,7,300,961.00,"288,300.00"
2019-06-10,2019061001006997,UIC,17,7,40,961.00,"38,440.00"
2019-06-10,2019061001006968,UIC,17,7,160,961.00,"153,760.00"
2019-06-10,2019061001006967,UIC,48,7,500,963.00,"481,500.00"
2019-06-10,2019061001006966,UIC,21,7,100,964.00,"96,400.00"
2019-06-10,2019061001006965,UIC,43,7,100,964.00,"96,400.00"
2019-06-10,2019061001006964,UIC,22,7,100,965.00,"96,500.00"
2019-06-10,2019061001006963,UIC,56,7,40,966.00,"38,640.00"
2019-06-10,2019061001007179,UMHL,11,41,10,116.00,"1,160.00"
2019-06-10,2019061001007084,UMHL,11,59,14,116.00,"1,624.00"
2019-06-10,2019061001007130,UNL,3,56,10,"19,590.00","195,900.00"
2019-06-10,2019061001007044,UPCL,29,11,50,93.00,"4,650.00"
2019-06-10,2019061001007275,UPPER,43,28,40,268.00,"10,720.00"
2019-06-10,2019061001007240,UPPER,43,16,50,268.00,"13,400.00"
2019-06-10,2019061001007230,UPPER,43,7,18,268.00,"4,824.00"
2019-06-10,2019061001007223,UPPER,46,45,40,267.00,"10,680.00"
2019-06-10,2019061001007212,UPPER,13,7,400,268.00,"107,200.00"
2019-06-10,2019061001007211,UPPER,42,7,20,268.00,"5,360.00"
2019-06-10,2019061001006861,UPPER,26,38,50,268.00,"13,400.00"
2019-06-10,2019061001006975,UPPER,40,11,80,267.00,"21,360.00"
2019-06-10,2019061001006974,UPPER,29,11,500,267.00,"133,500.00"
2019-06-10,2019061001006973,UPPER,51,11,100,267.00,"26,700.00"
2019-06-10,2019061001006972,UPPER,6,11,320,267.00,"85,440.00"
2019-06-10,2019061001007207,UPPER,42,19,40,268.00,"10,720.00"
2019-06-10,2019061001007205,UPPER,42,38,40,268.00,"10,720.00"
2019-06-10,2019061001007191,UPPER,42,41,50,268.00,"13,400.00"
2019-06-10,2019061001007088,UPPER,42,39,50,268.00,"13,400.00"
2019-06-10,2019061001007058,UPPER,46,59,40,267.00,"10,680.00"
2019-06-10,2019061001007042,UPPER,46,16,40,267.00,"10,680.00"
2019-06-10,2019061001006348,ADBL,11,59,65,411.00,"26,715.00"
2019-06-10,2019061001006336,ADBL,42,42,200,412.00,"82,400.00"
2019-06-10,2019061001006656,AHPC,45,16,200,108.00,"21,600.00"
2019-06-10,2019061001006540,AHPC,45,32,13,108.00,"1,404.00"
2019-06-10,2019061001006798,AKPL,28,38,20,191.00,"3,820.00"
2019-06-10,2019061001006741,AKPL,28,38,13,191.00,"2,483.00"
2019-06-10,2019061001006672,AKPL,28,41,10,191.00,"1,910.00"
2019-06-10,2019061001006653,AKPL,28,38,13,191.00,"2,483.00"
2019-06-10,2019061001006632,AKPL,28,38,20,191.00,"3,820.00"
2019-06-10,2019061001006433,AKPL,28,26,11,191.00,"2,101.00"
2019-06-10,2019061001006778,ALBSL,56,6,10,430.00,"4,300.00"
2019-06-10,2019061001006735,ALBSL,56,57,10,430.00,"4,300.00"
2019-06-10,2019061001006538,ALBSL,56,5,10,430.00,"4,300.00"
2019-06-10,2019061001006340,ALBSL,56,57,10,430.00,"4,300.00"
2019-06-10,2019061001006562,ALICL,8,14,112,398.00,"44,576.00"
2019-06-10,2019061001006561,ALICL,8,6,100,398.00,"39,800.00"
2019-06-10,2019061001006499,API,25,44,51,150.00,"7,650.00"
2019-06-10,2019061001006498,API,25,34,10,150.00,"1,500.00"
2019-06-10,2019061001006537,BOKL,59,47,200,265.00,"53,000.00"
2019-06-10,2019061001006536,BOKL,39,47,100,265.00,"26,500.00"
2019-06-10,2019061001006337,BOKL,32,38,286,265.00,"75,790.00"
2019-06-10,2019061001006694,BPCL,6,51,55,406.00,"22,330.00"
2019-06-10,2019061001006676,BPCL,6,41,11,406.00,"4,466.00"
2019-06-10,2019061001006550,BPCL,21,34,11,405.00,"4,455.00"
2019-06-10,2019061001006535,BPCL,41,34,11,406.00,"4,466.00"
2019-06-10,2019061001006465,BPCL,41,34,11,406.00,"4,466.00"
2019-06-10,2019061001006440,BPCL,41,26,11,406.00,"4,466.00"
2019-06-10,2019061001006599,CBBL,38,54,77,938.00,"72,226.00"
2019-06-10,2019061001006598,CBBL,33,54,296,939.00,"277,944.00"
2019-06-10,2019061001006640,CBL,1,38,42,145.00,"6,090.00"
2019-06-10,2019061001006390,CCBL,34,45,68,165.00,"11,220.00"
2019-06-10,2019061001006487,CHCL,34,7,251,522.00,"131,022.00"
2019-06-10,2019061001006486,CHCL,34,19,"1,000",522.00,"522,000.00"
2019-06-10,2019061001006485,CHCL,34,13,772,521.00,"402,212.00"
2019-06-10,2019061001006779,CIT,17,51,50,"2,525.00","126,250.00"
2019-06-10,2019061001006621,CIT,49,35,100,"2,518.00","251,800.00"
2019-06-10,2019061001006593,CIT,16,35,100,"2,520.00","252,000.00"
2019-06-10,2019061001006480,CMF1,32,26,"2,000",9.58,"19,160.00"
2019-06-10,2019061001006733,CZBIL,4,56,10,223.00,"2,230.00"
2019-06-10,2019061001006732,CZBIL,26,56,100,223.00,"22,300.00"
2019-06-10,2019061001006602,CZBIL,36,38,70,222.00,"15,540.00"
2019-06-10,2019061001006581,DBBL,5,29,214,147.00,"31,458.00"
2019-06-10,2019061001006699,DDBL,34,48,66,700.00,"46,200.00"
2019-06-10,2019061001006698,DDBL,34,48,50,700.00,"35,000.00"
2019-06-10,2019061001006697,DDBL,34,48,20,700.00,"14,000.00"
2019-06-10,2019061001006464,DDBL,34,45,90,700.00,"63,000.00"
2019-06-10,2019061001006463,DDBL,34,45,40,700.00,"28,000.00"
2019-06-10,2019061001006462,DDBL,34,45,25,700.00,"17,500.00"
2019-06-10,2019061001006461,DDBL,34,45,35,700.00,"24,500.00"
2019-06-10,2019061001006460,DDBL,34,45,30,700.00,"21,000.00"
2019-06-10,2019061001006675,FOWAD,38,38,18,"1,410.00","25,380.00"
2019-06-10,2019061001006515,GBIME,17,38,40,301.00,"12,040.00"
2019-06-10,2019061001006411,GBIME,43,49,200,300.00,"60,000.00"
2019-06-10,2019061001006624,GBLBS,13,36,10,358.00,"3,580.00"
2019-06-10,2019061001006723,GFCL,59,52,100,138.00,"13,800.00"
2019-06-10,2019061001006722,GFCL,59,45,37,138.00,"5,106.00"
2019-06-10,2019061001006721,GFCL,59,13,100,137.00,"13,700.00"
2019-06-10,2019061001006554,GHL,21,5,30,86.00,"2,580.00"
2019-06-10,2019061001006373,GHL,21,51,30,86.00,"2,580.00"
2019-06-10,2019061001006362,GHL,21,51,20,86.00,"1,720.00"
2019-06-10,2019061001006352,GHL,21,51,20,86.00,"1,720.00"
2019-06-10,2019061001006335,GHL,21,51,20,86.00,"1,720.00"
2019-06-10,2019061001006391,GHL,21,51,30,86.00,"2,580.00"
2019-06-10,2019061001006380,GHL,21,51,30,86.00,"2,580.00"
2019-06-10,2019061001006823,GILB,58,28,10,"1,280.00","12,800.00"
2019-06-10,2019061001006774,GILB,58,14,47,"1,260.00","59,220.00"
2019-06-10,2019061001006768,GILB,38,14,50,"1,260.00","63,000.00"
2019-06-10,2019061001006759,GILB,38,14,50,"1,260.00","63,000.00"
2019-06-10,2019061001006819,HBL,52,41,60,565.00,"33,900.00"
2019-06-10,2019061001006549,HIDCL,49,38,225,161.00,"36,225.00"
2019-06-10,2019061001006488,HIDCL,49,26,18,161.00,"2,898.00"
2019-06-10,2019061001006483,HIDCL,51,26,106,162.00,"17,172.00"
2019-06-10,2019061001006341,HIDCL,57,26,341,162.00,"55,242.00"
2019-06-10,2019061001006772,HPPL,55,38,20,180.00,"3,600.00"
2019-06-10,2019061001006706,HPPL,55,38,10,180.00,"1,800.00"
2019-06-10,2019061001006696,HPPL,39,38,10,181.00,"1,810.00"
2019-06-10,2019061001006695,HPPL,39,41,10,181.00,"1,810.00"
2019-06-10,2019061001006534,HPPL,39,5,10,181.00,"1,810.00"
2019-06-10,2019061001006776,HURJA,33,11,20,146.00,"2,920.00"
2019-06-10,2019061001006678,HURJA,33,6,10,146.00,"1,460.00"
2019-06-10,2019061001006677,HURJA,34,6,230,146.00,"33,580.00"
2019-06-10,2019061001006648,HURJA,34,40,20,146.00,"2,920.00"
2019-06-10,2019061001006510,HURJA,56,57,290,147.00,"42,630.00"
2019-06-10,2019061001006367,IGI,5,32,700,383.00,"268,100.00"
2019-06-10,2019061001006366,IGI,5,28,60,381.00,"22,860.00"
2019-06-10,2019061001006828,JBBL,46,44,"1,000",158.00,"158,000.00"
2019-06-10,2019061001006707,JBBL,46,38,150,158.00,"23,700.00"
2019-06-10,2019061001006566,JBBL,46,29,146,158.00,"23,068.00"
2019-06-10,2019061001006355,JBBL,35,49,468,158.00,"73,944.00"
2019-06-10,2019061001006354,JBBL,35,17,85,158.00,"13,430.00"
2019-06-10,2019061001006564,JBNL,28,38,32,208.00,"6,656.00"
2019-06-10,2019061001006801,JFL,56,19,719,180.00,"129,420.00"
2019-06-10,2019061001006800,JFL,56,34,51,180.00,"9,180.00"
2019-06-10,2019061001006659,KBBL,59,49,300,236.00,"70,800.00"
2019-06-10,2019061001006658,KBBL,34,49,32,236.00,"7,552.00"
2019-06-10,2019061001006604,KBBL,34,58,"1,000",236.00,"236,000.00"
2019-06-10,2019061001006597,KBBL,34,58,"1,968",236.00,"464,448.00"
2019-06-10,2019061001006596,KBBL,35,58,32,236.00,"7,552.00"
2019-06-10,2019061001006470,KBL,34,51,"1,755",215.00,"377,325.00"
2019-06-10,2019061001006469,KBL,46,51,245,215.00,"52,675.00"
2019-06-10,2019061001006703,KKHC,25,41,10,65.00,650.00
2019-06-10,2019061001006773,KSBBL,7,1,200,163.00,"32,600.00"
2019-06-10,2019061001006377,KSBBL,28,28,36,164.00,"5,904.00"
2019-06-10,2019061001006767,LBL,52,34,292,218.00,"63,656.00"
2019-06-10,2019061001006448,LBL,28,28,67,218.00,"14,606.00"
2019-06-10,2019061001006439,LGIL,55,36,50,474.00,"23,700.00"
2019-06-10,2019061001006438,LGIL,34,36,50,475.00,"23,750.00"
2019-06-10,2019061001006437,LGIL,59,36,10,475.00,"4,750.00"
2019-06-10,2019061001006436,LGIL,35,36,20,476.00,"9,520.00"
2019-06-10,2019061001006435,LGIL,57,36,190,476.00,"90,440.00"
2019-06-10,2019061001006427,LGIL,52,16,500,477.00,"238,500.00"
2019-06-10,2019061001006820,MBL,34,3,496,266.00,"131,936.00"
2019-06-10,2019061001006810,MBL,44,16,500,267.00,"133,500.00"
2019-06-10,2019061001006805,MBL,34,54,"1,504",266.00,"400,064.00"
2019-06-10,2019061001006804,MBL,50,54,500,266.00,"133,000.00"
2019-06-10,2019061001006803,MBL,34,54,"2,496",266.00,"663,936.00"
2019-06-10,2019061001006353,MBL,14,16,500,267.00,"133,500.00"
2019-06-10,2019061001006349,MBL,34,25,50,266.00,"13,300.00"
2019-06-10,2019061001006734,MEGA,34,57,187,199.00,"37,213.00"
2019-06-10,2019061001006714,MEGA,34,38,104,199.00,"20,696.00"
2019-06-10,2019061001006649,MEGA,17,42,200,200.00,"40,000.00"
