Date,Transact. No.,Symbol,Buyer,Seller,Quantity,Rate,Amount
2019-05-09,2019050901006735,ADBL,22,38,500,388.00,"194,000.00"
2019-05-09,2019050901006660,ADBL,22,13,131,388.00,"50,828.00"
2019-05-09,2019050901006659,ADBL,40,13,49,388.00,"19,012.00"
2019-05-09,2019050901006414,ADBL,40,58,451,388.00,"174,988.00"
2019-05-09,2019050901006413,ADBL,40,58,49,388.00,"19,012.00"
2019-05-09,2019050901006360,AHPC,41,48,"2,560",102.00,"261,120.00"
2019-05-09,2019050901006359,AHPC,33,48,"5,000",102.00,"510,000.00"
2019-05-09,2019050901006358,AHPC,53,48,610,102.00,"62,220.00"
2019-05-09,2019050901006357,AHPC,28,48,"3,000",102.00,"306,000.00"
2019-05-09,2019050901006656,ALBSL,1,40,30,469.00,"14,070.00"
2019-05-09,2019050901006655,ALBSL,1,54,10,468.00,"4,680.00"
2019-05-09,2019050901006620,ALBSL,7,37,10,465.00,"4,650.00"
2019-05-09,2019050901006768,ALICL,54,58,40,439.00,"17,560.00"
2019-05-09,2019050901006713,ALICL,51,58,100,439.00,"43,900.00"
2019-05-09,2019050901006699,ALICL,8,35,200,437.00,"87,400.00"
2019-05-09,2019050901006618,ALICL,8,35,65,437.00,"28,405.00"
2019-05-09,2019050901006617,ALICL,11,35,20,438.00,"8,760.00"
2019-05-09,2019050901006616,ALICL,35,35,15,438.00,"6,570.00"
2019-05-09,2019050901006775,API,6,39,145,135.00,"19,575.00"
2019-05-09,2019050901006698,API,25,39,13,137.00,"1,781.00"
2019-05-09,2019050901006640,API,6,25,"1,835",135.00,"247,725.00"
2019-05-09,2019050901006372,BHBL,58,28,500,175.00,"87,500.00"
2019-05-09,2019050901006371,BHBL,58,45,48,175.00,"8,400.00"
2019-05-09,2019050901006810,BOKL,48,13,130,276.00,"35,880.00"
2019-05-09,2019050901006787,CBBL,34,34,10,953.00,"9,530.00"
2019-05-09,2019050901006786,CBBL,34,13,20,952.00,"19,040.00"
2019-05-09,2019050901006785,CBBL,34,35,30,950.00,"28,500.00"
2019-05-09,2019050901006598,CBBL,47,37,45,947.00,"42,615.00"
2019-05-09,2019050901006577,CBBL,42,37,100,949.00,"94,900.00"
2019-05-09,2019050901006522,CBBL,54,37,20,950.00,"19,000.00"
2019-05-09,2019050901006509,CBBL,46,57,125,949.00,"118,625.00"
2019-05-09,2019050901006364,CBBL,29,37,45,950.00,"42,750.00"
2019-05-09,2019050901006725,CBL,37,4,150,152.00,"22,800.00"
2019-05-09,2019050901006521,CBL,37,22,350,151.00,"52,850.00"
2019-05-09,2019050901006520,CBL,59,22,150,151.00,"22,650.00"
2019-05-09,2019050901006499,CBL,59,55,150,151.00,"22,650.00"
2019-05-09,2019050901006498,CBL,35,55,150,151.00,"22,650.00"
2019-05-09,2019050901006497,CBL,45,55,500,151.00,"75,500.00"
2019-05-09,2019050901006479,CBL,29,4,500,152.00,"76,000.00"
2019-05-09,2019050901006415,CBL,45,48,500,151.00,"75,500.00"
2019-05-09,2019050901006744,CCBL,52,55,12,176.00,"2,112.00"
2019-05-09,2019050901006603,CCBL,57,55,188,176.00,"33,088.00"
2019-05-09,2019050901006580,CCBL,57,37,200,176.00,"35,200.00"
2019-05-09,2019050901006579,CCBL,57,19,612,176.00,"107,712.00"
2019-05-09,2019050901006523,CCBL,19,44,42,175.00,"7,350.00"
2019-05-09,2019050901006834,CHCL,6,51,379,530.00,"200,870.00"
2019-05-09,2019050901006833,CHCL,6,59,100,529.00,"52,900.00"
2019-05-09,2019050901006832,CHCL,6,36,21,529.00,"11,109.00"
2019-05-09,2019050901006622,CHCL,39,48,100,528.00,"52,800.00"
2019-05-09,2019050901006452,CHCL,44,36,65,527.00,"34,255.00"
2019-05-09,2019050901006831,CIT,25,6,68,"2,675.00","181,900.00"
2019-05-09,2019050901006772,CIT,44,6,80,"2,678.00","214,240.00"
2019-05-09,2019050901006771,CIT,41,6,20,"2,680.00","53,600.00"
2019-05-09,2019050901006613,CIT,19,17,80,"2,687.00","214,960.00"
2019-05-09,2019050901006502,CIT,44,17,20,"2,678.00","53,560.00"
2019-05-09,2019050901006446,CIT,10,17,80,"2,678.00","214,240.00"
2019-05-09,2019050901006425,CIT,10,17,20,"2,678.00","53,560.00"
2019-05-09,2019050901006368,CIT,25,6,132,"2,675.00","353,100.00"
2019-05-09,2019050901006367,CIT,22,6,18,"2,682.00","48,276.00"
2019-05-09,2019050901006809,CZBIL,16,36,26,224.00,"5,824.00"
2019-05-09,2019050901006644,CZBIL,49,4,440,225.00,"99,000.00"
2019-05-09,2019050901006573,CZBIL,49,17,60,225.00,"13,500.00"
2019-05-09,2019050901006403,CZBIL,16,33,11,224.00,"2,464.00"
2019-05-09,2019050901006383,CZBIL,37,17,124,225.00,"27,900.00"
2019-05-09,2019050901006376,CZBIL,37,55,10,225.00,"2,250.00"
2019-05-09,2019050901006375,CZBIL,37,59,866,225.00,"194,850.00"
2019-05-09,2019050901006835,DBBL,10,1,350,133.00,"46,550.00"
2019-05-09,2019050901006747,DBBL,10,26,100,133.00,"13,300.00"
2019-05-09,2019050901006680,DBBL,10,4,400,133.00,"53,200.00"
2019-05-09,2019050901006463,DBBL,10,55,650,133.00,"86,450.00"
2019-05-09,2019050901006462,DBBL,10,55,350,133.00,"46,550.00"
2019-05-09,2019050901006581,DHPL,37,57,70,77.00,"5,390.00"
2019-05-09,2019050901006818,EBL,11,57,50,665.00,"33,250.00"
2019-05-09,2019050901006569,FMDBL,53,19,100,412.00,"41,200.00"
2019-05-09,2019050901006753,FOWAD,49,8,35,"1,540.00","53,900.00"
2019-05-09,2019050901006714,FOWAD,49,8,15,"1,540.00","23,100.00"
2019-05-09,2019050901006683,FOWAD,29,8,100,"1,541.00","154,100.00"
2019-05-09,2019050901006637,FOWAD,29,50,50,"1,541.00","77,050.00"
2019-05-09,2019050901006550,GBBL,47,7,600,222.00,"133,200.00"
2019-05-09,2019050901006543,GBBL,4,14,50,221.00,"11,050.00"
2019-05-09,2019050901006542,GBBL,4,14,50,221.00,"11,050.00"
2019-05-09,2019050901006488,GBBL,4,32,50,221.00,"11,050.00"
2019-05-09,2019050901006548,GBIME,57,43,335,310.00,"103,850.00"
2019-05-09,2019050901006547,GBIME,50,43,500,310.00,"155,000.00"
2019-05-09,2019050901006546,GBIME,33,43,200,310.00,"62,000.00"
2019-05-09,2019050901006545,GBIME,34,43,50,310.00,"15,500.00"
2019-05-09,2019050901006544,GBIME,35,43,415,310.00,"128,650.00"
2019-05-09,2019050901006447,GBIME,43,45,50,311.00,"15,550.00"
2019-05-09,2019050901006408,GBIME,25,45,400,311.00,"124,400.00"
2019-05-09,2019050901006347,GBIME,35,45,136,310.00,"42,160.00"
2019-05-09,2019050901006697,GDBL,45,32,100,213.00,"21,300.00"
2019-05-09,2019050901006428,GFCL,1,28,114,119.00,"13,566.00"
2019-05-09,2019050901006427,GFCL,59,28,386,119.00,"45,934.00"
2019-05-09,2019050901006496,GILB,20,1,19,"1,244.00","23,636.00"
2019-05-09,2019050901006454,GILB,20,1,19,"1,244.00","23,636.00"
2019-05-09,2019050901006808,GLICL,5,13,100,565.00,"56,500.00"
2019-05-09,2019050901006474,GUFL,19,33,200,108.00,"21,600.00"
2019-05-09,2019050901006760,HDL,58,58,10,"1,955.00","19,550.00"
2019-05-09,2019050901006759,HDL,58,17,10,"1,920.00","19,200.00"
2019-05-09,2019050901006568,HGI,42,20,13,391.00,"5,083.00"
2019-05-09,2019050901006567,HGI,34,20,37,392.00,"14,504.00"
2019-05-09,2019050901006434,HGI,34,39,163,392.00,"63,896.00"
2019-05-09,2019050901006433,HGI,41,39,100,392.00,"39,200.00"
2019-05-09,2019050901006432,HGI,42,39,77,393.00,"30,261.00"
2019-05-09,2019050901006431,HGI,44,39,50,394.00,"19,700.00"
2019-05-09,2019050901006430,HGI,45,39,110,395.00,"43,450.00"
2019-05-09,2019050901006748,HIDCL,1,52,500,143.00,"71,500.00"
2019-05-09,2019050901006742,HIDCL,14,17,89,145.00,"12,905.00"
2019-05-09,2019050901006597,HIDCL,5,17,20,145.00,"2,900.00"
2019-05-09,2019050901006504,HIDCL,14,43,200,144.00,"28,800.00"
2019-05-09,2019050901006385,HIDCL,1,38,102,143.00,"14,586.00"
2019-05-09,2019050901006795,IGI,37,35,50,415.00,"20,750.00"
2019-05-09,2019050901006715,IGI,37,19,50,415.00,"20,750.00"
2019-05-09,2019050901006619,IGI,7,13,10,419.00,"4,190.00"
2019-05-09,2019050901006793,JBBL,1,48,20,141.00,"2,820.00"
2019-05-09,2019050901006754,JBBL,1,48,20,141.00,"2,820.00"
2019-05-09,2019050901006721,JBBL,29,48,40,141.00,"5,640.00"
2019-05-09,2019050901006589,JBBL,29,33,360,141.00,"50,760.00"
2019-05-09,2019050901006588,JBBL,1,33,140,141.00,"19,740.00"
2019-05-09,2019050901006365,JBBL,1,28,60,141.00,"8,460.00"
2019-05-09,2019050901006682,JBNL,47,17,120,204.00,"24,480.00"
2019-05-09,2019050901006443,JBNL,26,58,255,205.00,"52,275.00"
2019-05-09,2019050901006442,JBNL,26,58,25,205.00,"5,125.00"
2019-05-09,2019050901006441,JBNL,26,38,"1,000",204.00,"204,000.00"
2019-05-09,2019050901006440,JBNL,26,21,220,204.00,"44,880.00"
2019-05-09,2019050901006571,JSLBB,47,50,10,"2,061.00","20,610.00"
2019-05-09,2019050901006570,JSLBB,47,50,30,"2,062.00","61,860.00"
2019-05-09,2019050901006635,KBBL,6,28,18,223.00,"4,014.00"
2019-05-09,2019050901006634,KBBL,29,28,500,223.00,"111,500.00"
2019-05-09,2019050901006633,KBBL,28,28,82,223.00,"18,286.00"
2019-05-09,2019050901006566,KBBL,28,44,68,223.00,"15,164.00"
2019-05-09,2019050901006355,KBBL,34,44,200,224.00,"44,800.00"
2019-05-09,2019050901006705,KBL,49,40,304,223.00,"67,792.00"
2019-05-09,2019050901006704,KBL,52,40,200,223.00,"44,600.00"
2019-05-09,2019050901006703,KBL,5,40,100,223.00,"22,300.00"
2019-05-09,2019050901006702,KBL,51,40,200,223.00,"44,600.00"
2019-05-09,2019050901006701,KBL,25,40,246,223.00,"54,858.00"
2019-05-09,2019050901006724,KNBL,42,33,20,135.00,"2,700.00"
2019-05-09,2019050901006707,KNBL,42,29,196,133.00,"26,068.00"
2019-05-09,2019050901006669,KNBL,42,35,10,132.00,"1,320.00"
2019-05-09,2019050901006639,KNBL,35,29,10,133.00,"1,330.00"
2019-05-09,2019050901006418,KRBL,21,6,10,100.00,"1,000.00"
2019-05-09,2019050901006417,KSBBL,5,32,47,149.00,"7,003.00"
2019-05-09,2019050901006416,KSBBL,32,32,103,149.00,"15,347.00"
2019-05-09,2019050901006607,LBBL,58,22,50,193.00,"9,650.00"
2019-05-09,2019050901006767,LBL,26,16,50,229.00,"11,450.00"
2019-05-09,2019050901006451,LBL,54,41,683,226.00,"154,358.00"
2019-05-09,2019050901006373,LEMF,57,55,"1,500",8.36,"12,540.00"
2019-05-09,2019050901006743,LGIL,34,1,19,527.00,"10,013.00"
2019-05-09,2019050901006710,LGIL,34,47,100,520.00,"52,000.00"
2019-05-09,2019050901006709,LGIL,34,43,50,520.00,"26,000.00"
2019-05-09,2019050901006708,LGIL,34,34,451,520.00,"234,520.00"
2019-05-09,2019050901006610,LGIL,34,25,80,518.00,"41,440.00"
2019-05-09,2019050901006501,LGIL,34,21,82,518.00,"42,476.00"
2019-05-09,2019050901006804,LICN,56,58,100,"1,902.00","190,200.00"
2019-05-09,2019050901006565,LICN,39,58,100,"1,910.00","191,000.00"
2019-05-09,2019050901006791,MBL,39,52,45,266.00,"11,970.00"
2019-05-09,2019050901006790,MBL,49,52,455,266.00,"121,030.00"
2019-05-09,2019050901006679,MBL,49,21,800,267.00,"213,600.00"
2019-05-09,2019050901006602,MBL,11,41,274,268.00,"73,432.00"
2019-05-09,2019050901006601,MBL,11,58,500,268.00,"134,000.00"
2019-05-09,2019050901006600,MBL,11,58,226,268.00,"60,568.00"
2019-05-09,2019050901006712,MEGA,42,6,200,193.00,"38,600.00"
2019-05-09,2019050901006681,MEGA,14,40,10,194.00,"1,940.00"
2019-05-09,2019050901006674,MEGA,51,40,250,194.00,"48,500.00"
2019-05-09,2019050901006564,MEGA,46,32,500,193.00,"96,500.00"
2019-05-09,2019050901006563,MEGA,16,32,200,193.00,"38,600.00"
2019-05-09,2019050901006562,MEGA,20,32,"3,000",193.00,"579,000.00"
2019-05-09,2019050901006555,MEGA,11,32,"1,000",193.00,"193,000.00"
2019-05-09,2019050901006554,MEGA,57,32,500,193.00,"96,500.00"
2019-05-09,2019050901006553,MEGA,13,32,300,193.00,"57,900.00"
2019-05-09,2019050901006552,MEGA,50,32,741,193.00,"143,013.00"
2019-05-09,2019050901006353,MEGA,50,21,259,193.00,"49,987.00"
2019-05-09,2019050901006352,MEGA,32,21,341,193.00,"65,813.00"
2019-05-09,2019050901006561,MEGA,25,32,300,193.00,"57,900.00"
2019-05-09,2019050901006560,MEGA,55,32,"1,000",193.00,"193,000.00"
2019-05-09,2019050901006559,MEGA,6,32,"1,550",193.00,"299,150.00"
2019-05-09,2019050901006558,MEGA,22,32,300,193.00,"57,900.00"
2019-05-09,2019050901006557,MEGA,58,32,181,193.00,"34,933.00"
2019-05-09,2019050901006556,MEGA,34,32,100,193.00,"19,300.00"
2019-05-09,2019050901006609,MFIL,6,1,228,112.00,"25,536.00"
2019-05-09,2019050901006608,MFIL,16,1,32,113.00,"3,616.00"
2019-05-09,2019050901006765,MNBBL,35,32,144,376.00,"54,144.00"
2019-05-09,2019050901006764,MNBBL,45,32,120,377.00,"45,240.00"
2019-05-09,2019050901006763,MNBBL,47,32,100,377.00,"37,700.00"
2019-05-09,2019050901006762,MNBBL,48,32,20,377.00,"7,540.00"
2019-05-09,2019050901006761,MNBBL,42,32,10,377.00,"3,770.00"
2019-05-09,2019050901006623,MNBBL,4,32,300,378.00,"113,400.00"
2019-05-09,2019050901006495,MNBBL,43,32,50,378.00,"18,900.00"
2019-05-09,2019050901006426,MNBBL,42,29,90,377.00,"33,930.00"
2019-05-09,2019050901006797,MSLB,1,45,48,"1,185.00","56,880.00"
2019-05-09,2019050901006494,MSLB,17,6,50,"1,190.00","59,500.00"
2019-05-09,2019050901006478,MSLB,52,6,50,"1,191.00","59,550.00"
2019-05-09,2019050901006477,MSLB,49,6,10,"1,195.00","11,950.00"
2019-05-09,2019050901006807,NABIL,56,38,50,841.00,"42,050.00"
2019-05-09,2019050901006706,NABIL,5,38,20,841.00,"16,820.00"
2019-05-09,2019050901006657,NABIL,34,49,50,839.00,"41,950.00"
2019-05-09,2019050901006351,NABIL,5,22,30,840.00,"25,200.00"
2019-05-09,2019050901006350,NABIL,5,57,120,839.00,"100,680.00"
2019-05-09,2019050901006526,NABILP,40,8,"1,000",818.00,"818,000.00"
2019-05-09,2019050901006525,NABILP,39,8,100,818.00,"81,800.00"
2019-05-09,2019050901006524,NABILP,40,8,120,819.00,"98,280.00"
2019-05-09,2019050901006472,NABILP,40,45,230,819.00,"188,370.00"
2019-05-09,2019050901006471,NABILP,34,45,100,820.00,"82,000.00"
2019-05-09,2019050901006461,NABILP,40,59,650,819.00,"532,350.00"
2019-05-09,2019050901006460,NABILP,11,59,100,820.00,"82,000.00"
2019-05-09,2019050901006792,NADEP,43,43,20,511.00,"10,220.00"
2019-05-09,2019050901006779,NADEP,29,17,50,513.00,"25,650.00"
2019-05-09,2019050901006510,NADEP,43,32,10,511.00,"5,110.00"
2019-05-09,2019050901006750,NBB,47,4,300,228.00,"68,400.00"
2019-05-09,2019050901006711,NBB,43,55,750,228.00,"171,000.00"
2019-05-09,2019050901006678,NBB,43,22,250,228.00,"57,000.00"
2019-05-09,2019050901006518,NBB,49,20,606,228.00,"138,168.00"
2019-05-09,2019050901006826,NBL,33,7,100,312.00,"31,200.00"
2019-05-09,2019050901006783,NBL,33,4,100,311.00,"31,100.00"
2019-05-09,2019050901006782,NBL,33,55,124,311.00,"38,564.00"
2019-05-09,2019050901006774,NBL,16,13,888,310.00,"275,280.00"
2019-05-09,2019050901006773,NBL,8,13,112,310.00,"34,720.00"
2019-05-09,2019050901006615,NBL,35,4,100,311.00,"31,100.00"
2019-05-09,2019050901006585,NBL,8,34,188,310.00,"58,280.00"
2019-05-09,2019050901006584,NBL,28,34,"1,000",310.00,"310,000.00"
2019-05-09,2019050901006583,NBL,49,34,500,310.00,"155,000.00"
2019-05-09,2019050901006582,NBL,43,34,462,310.00,"143,220.00"
2019-05-09,2019050901006836,NCCB,41,58,402,246.00,"98,892.00"
2019-05-09,2019050901006825,NCCB,58,40,300,248.00,"74,400.00"
2019-05-09,2019050901006824,NCCB,58,34,400,247.00,"98,800.00"
2019-05-09,2019050901006823,NCCB,58,52,200,247.00,"49,400.00"
2019-05-09,2019050901006822,NCCB,58,47,"1,000",247.00,"247,000.00"
2019-05-09,2019050901006821,NCCB,58,52,100,247.00,"24,700.00"
2019-05-09,2019050901006776,NCCB,34,52,500,247.00,"123,500.00"
2019-05-09,2019050901006438,NCCB,41,34,400,246.00,"98,400.00"
2019-05-09,2019050901006437,NCCB,1,34,100,246.00,"24,600.00"
2019-05-09,2019050901006391,NCCB,26,52,400,247.00,"98,800.00"
2019-05-09,2019050901006390,NCCB,26,46,"1,100",247.00,"271,700.00"
2019-05-09,2019050901006389,NCCB,26,43,500,246.00,"123,000.00"
2019-05-09,2019050901006723,NHDL,34,13,10,135.00,"1,350.00"
2019-05-09,2019050901006814,NHPC,49,13,"1,600",68.00,"108,800.00"
2019-05-09,2019050901006813,NIB,51,51,100,562.00,"56,200.00"
2019-05-09,2019050901006812,NIB,51,51,100,562.00,"56,200.00"
2019-05-09,2019050901006811,NIB,37,51,162,562.00,"91,044.00"
2019-05-09,2019050901006485,NIB,37,25,100,562.00,"56,200.00"
2019-05-09,2019050901006449,NIB,37,59,198,562.00,"111,276.00"
2019-05-09,2019050901006448,NIB,37,22,40,562.00,"22,480.00"
2019-05-09,2019050901006638,NIBPO,44,38,500,530.00,"265,000.00"
2019-05-09,2019050901006384,NIBPO,44,52,100,530.00,"53,000.00"
2019-05-09,2019050901006784,NICA,22,55,730,488.00,"356,240.00"
2019-05-09,2019050901006769,NICA,35,55,100,488.00,"48,800.00"
2019-05-09,2019050901006740,NICA,28,38,300,487.00,"146,100.00"
2019-05-09,2019050901006739,NICA,28,38,100,487.00,"48,700.00"
2019-05-09,2019050901006738,NICA,38,38,400,487.00,"194,800.00"
2019-05-09,2019050901006636,NICA,47,55,300,488.00,"146,400.00"
2019-05-09,2019050901006604,NICA,10,38,200,489.00,"97,800.00"
2019-05-09,2019050901006551,NICA,38,25,100,487.00,"48,700.00"
2019-05-09,2019050901006517,NICA,49,54,342,488.00,"166,896.00"
2019-05-09,2019050901006516,NICA,49,54,100,488.00,"48,800.00"
2019-05-09,2019050901006356,NICA,53,54,80,488.00,"39,040.00"
2019-05-09,2019050901006483,NICGF,51,54,800,9.65,"7,720.00"
2019-05-09,2019050901006722,NICL,14,28,10,401.00,"4,010.00"
2019-05-09,2019050901006663,NICL,58,40,450,397.00,"178,650.00"
2019-05-09,2019050901006662,NICL,39,40,50,398.00,"19,900.00"
2019-05-09,2019050901006507,NICL,39,52,100,398.00,"39,800.00"
2019-05-09,2019050901006741,NIL,7,33,100,524.00,"52,400.00"
2019-05-09,2019050901006667,NIL,7,45,100,524.00,"52,400.00"
2019-05-09,2019050901006666,NIL,7,45,200,524.00,"104,800.00"
2019-05-09,2019050901006665,NIL,7,45,200,524.00,"104,800.00"
2019-05-09,2019050901006661,NIL,18,17,20,527.00,"10,540.00"
2019-05-09,2019050901006515,NIL,51,17,500,525.00,"262,500.00"
2019-05-09,2019050901006514,NIL,13,17,60,525.00,"31,500.00"
2019-05-09,2019050901006513,NIL,42,17,50,525.00,"26,250.00"
2019-05-09,2019050901006512,NIL,13,17,17,525.00,"8,925.00"
2019-05-09,2019050901006511,NIL,45,17,100,526.00,"52,600.00"
2019-05-09,2019050901006670,NLBBL,26,6,50,533.00,"26,650.00"
2019-05-09,2019050901006590,NLBBL,59,6,200,533.00,"106,600.00"
2019-05-09,2019050901006487,NLBBL,26,17,34,535.00,"18,190.00"
2019-05-09,2019050901006473,NLBBL,10,29,215,527.00,"113,305.00"
2019-05-09,2019050901006411,NLBBL,10,55,281,527.00,"148,087.00"
2019-05-09,2019050901006410,NLBBL,14,55,20,530.00,"10,600.00"
2019-05-09,2019050901006409,NLBBL,39,55,100,531.00,"53,100.00"
2019-05-09,2019050901006370,NLBBL,39,14,200,531.00,"106,200.00"
2019-05-09,2019050901006363,NLBBL,26,17,366,535.00,"195,810.00"
2019-05-09,2019050901006362,NLBBL,26,34,109,534.00,"58,206.00"
2019-05-09,2019050901006361,NLBBL,26,40,25,532.00,"13,300.00"
2019-05-09,2019050901006755,NLG,41,48,50,860.00,"43,000.00"
2019-05-09,2019050901006801,NLIC,40,49,200,971.00,"194,200.00"
2019-05-09,2019050901006668,NLIC,40,53,50,971.00,"48,550.00"
2019-05-09,2019050901006519,NLIC,43,49,300,972.00,"291,600.00"
2019-05-09,2019050901006503,NLIC,49,49,350,970.00,"339,500.00"
2019-05-09,2019050901006484,NLIC,40,55,293,970.00,"284,210.00"
2019-05-09,2019050901006382,NLIC,40,28,17,970.00,"16,490.00"
2019-05-09,2019050901006794,NLICL,14,58,10,669.00,"6,690.00"
2019-05-09,2019050901006587,NLICL,43,52,50,661.00,"33,050.00"
2019-05-09,2019050901006586,NLICL,35,52,50,662.00,"33,100.00"
2019-05-09,2019050901006480,NLICL,35,52,200,665.00,"133,000.00"
2019-05-09,2019050901006778,NMB,32,45,270,380.00,"102,600.00"
2019-05-09,2019050901006777,NMB,42,45,25,382.00,"9,550.00"
2019-05-09,2019050901006541,NMB,32,55,"1,730",380.00,"657,400.00"
2019-05-09,2019050901006540,NMB,47,55,200,380.00,"76,000.00"
2019-05-09,2019050901006539,NMB,25,55,500,380.00,"190,000.00"
2019-05-09,2019050901006538,NMB,26,55,200,380.00,"76,000.00"
2019-05-09,2019050901006531,NMB,41,55,500,380.00,"190,000.00"
2019-05-09,2019050901006530,NMB,55,55,60,380.00,"22,800.00"
2019-05-09,2019050901006529,NMB,6,55,100,380.00,"38,000.00"
2019-05-09,2019050901006528,NMB,52,55,100,380.00,"38,000.00"
2019-05-09,2019050901006527,NMB,32,55,"1,667",380.00,"633,460.00"
2019-05-09,2019050901006366,NMB,28,25,83,381.00,"31,623.00"
2019-05-09,2019050901006537,NMB,45,55,88,380.00,"33,440.00"
2019-05-09,2019050901006536,NMB,6,55,100,380.00,"38,000.00"
2019-05-09,2019050901006535,NMB,35,55,42,380.00,"15,960.00"
2019-05-09,2019050901006534,NMB,11,55,"1,000",380.00,"380,000.00"
2019-05-09,2019050901006533,NMB,14,55,150,380.00,"57,000.00"
2019-05-09,2019050901006532,NMB,41,55,100,380.00,"38,000.00"
2019-05-09,2019050901006627,NMFBS,22,58,10,"1,666.00","16,660.00"
2019-05-09,2019050901006626,NMFBS,45,58,50,"1,666.00","83,300.00"
2019-05-09,2019050901006625,NMFBS,16,58,10,"1,667.00","16,670.00"
2019-05-09,2019050901006624,NMFBS,6,58,10,"1,675.00","16,750.00"
2019-05-09,2019050901006482,NMFBS,57,51,10,"1,699.00","16,990.00"
2019-05-09,2019050901006749,NTC,14,21,10,704.00,"7,040.00"
2019-05-09,2019050901006664,NTC,38,45,"1,000",696.00,"696,000.00"
2019-05-09,2019050901006549,NTC,38,5,"1,115",696.00,"776,040.00"
2019-05-09,2019050901006402,NTC,33,33,500,697.00,"348,500.00"
2019-05-09,2019050901006401,NTC,22,33,200,697.00,"139,400.00"
2019-05-09,2019050901006400,NTC,1,33,100,697.00,"69,700.00"
2019-05-09,2019050901006752,NUBL,57,47,100,866.00,"86,600.00"
2019-05-09,2019050901006751,NUBL,57,35,50,866.00,"43,300.00"
2019-05-09,2019050901006605,NUBL,49,6,18,860.00,"15,480.00"
2019-05-09,2019050901006500,NUBL,28,6,100,860.00,"86,000.00"
2019-05-09,2019050901006439,NUBL,22,6,82,862.00,"70,684.00"
2019-05-09,2019050901006737,OHL,18,4,300,580.00,"174,000.00"
2019-05-09,2019050901006736,OHL,18,4,300,580.00,"174,000.00"
2019-05-09,2019050901006407,OHL,40,4,"1,000",581.00,"581,000.00"
2019-05-09,2019050901006817,PCBL,32,4,182,355.00,"64,610.00"
2019-05-09,2019050901006816,PCBL,32,41,218,355.00,"77,390.00"
2019-05-09,2019050901006815,PCBL,32,45,200,354.00,"70,800.00"
2019-05-09,2019050901006799,PCBL,53,45,363,353.00,"128,139.00"
2019-05-09,2019050901006798,PCBL,25,45,137,353.00,"48,361.00"
2019-05-09,2019050901006469,PCBL,25,52,98,353.00,"34,594.00"
2019-05-09,2019050901006468,PCBL,58,52,10,354.00,"3,540.00"
2019-05-09,2019050901006467,PCBL,32,52,100,354.00,"35,400.00"
2019-05-09,2019050901006466,PCBL,34,52,292,354.00,"103,368.00"
2019-05-09,2019050901006379,PCBL,26,4,77,356.00,"27,412.00"
2019-05-09,2019050901006378,PCBL,26,32,623,356.00,"221,788.00"
2019-05-09,2019050901006377,PCBL,26,25,300,355.00,"106,500.00"
2019-05-09,2019050901006381,PFL,25,55,26,135.00,"3,510.00"
2019-05-09,2019050901006380,PFL,25,58,26,135.00,"3,510.00"
2019-05-09,2019050901006820,PIC,6,32,280,"1,165.00","326,200.00"
2019-05-09,2019050901006819,PIC,6,59,20,"1,164.00","23,280.00"
2019-05-09,2019050901006806,PIC,40,51,40,"1,156.00","46,240.00"
2019-05-09,2019050901006805,PIC,43,51,10,"1,156.00","11,560.00"
2019-05-09,2019050901006789,PIC,43,33,190,"1,156.00","219,640.00"
2019-05-09,2019050901006788,PIC,56,33,110,"1,157.00","127,270.00"
2019-05-09,2019050901006405,PIC,7,1,11,"1,164.00","12,804.00"
2019-05-09,2019050901006404,PIC,7,28,12,"1,164.00","13,968.00"
2019-05-09,2019050901006392,PIC,26,10,100,"1,161.00","116,100.00"
2019-05-09,2019050901006354,PIC,26,19,11,"1,161.00","12,771.00"
2019-05-09,2019050901006716,PIC,58,53,11,"1,164.00","12,804.00"
2019-05-09,2019050901006671,PIC,26,32,11,"1,161.00","12,771.00"
2019-05-09,2019050901006599,PIC,7,41,21,"1,164.00","24,444.00"
2019-05-09,2019050901006578,PIC,26,29,11,"1,161.00","12,771.00"
2019-05-09,2019050901006464,PIC,26,21,11,"1,161.00","12,771.00"
2019-05-09,2019050901006406,PIC,7,19,11,"1,165.00","12,815.00"
2019-05-09,2019050901006781,PIC,58,52,11,"1,164.00","12,804.00"
2019-05-09,2019050901006756,PIC,56,11,90,"1,157.00","104,130.00"
2019-05-09,2019050901006746,PIC,5,42,20,"1,161.00","23,220.00"
2019-05-09,2019050901006745,PIC,26,42,56,"1,161.00","65,016.00"
2019-05-09,2019050901006718,PIC,49,38,61,"1,164.00","71,004.00"
2019-05-09,2019050901006717,PIC,49,53,39,"1,164.00","45,396.00"
2019-05-09,2019050901006612,PICL,41,20,24,725.00,"17,400.00"
2019-05-09,2019050901006611,PICL,21,20,16,729.00,"11,664.00"
2019-05-09,2019050901006572,PICL,43,21,14,730.00,"10,220.00"
2019-05-09,2019050901006444,PLIC,25,6,50,483.00,"24,150.00"
2019-05-09,2019050901006374,PLIC,52,43,50,485.00,"24,250.00"
2019-05-09,2019050901006830,PRIN,48,34,100,424.00,"42,400.00"
2019-05-09,2019050901006632,PRIN,34,48,88,420.00,"36,960.00"
2019-05-09,2019050901006631,PRIN,25,48,100,420.00,"42,000.00"
2019-05-09,2019050901006630,PRIN,14,48,22,420.00,"9,240.00"
2019-05-09,2019050901006629,PRIN,59,48,23,421.00,"9,683.00"
2019-05-09,2019050901006628,PRIN,58,48,10,421.00,"4,210.00"
2019-05-09,2019050901006575,PRIN,11,34,30,424.00,"12,720.00"
2019-05-09,2019050901006574,PRIN,11,43,50,423.00,"21,150.00"
2019-05-09,2019050901006758,PRVU,22,46,229,281.00,"64,349.00"
2019-05-09,2019050901006757,PRVU,22,34,71,281.00,"19,951.00"
2019-05-09,2019050901006654,PRVU,34,34,190,280.00,"53,200.00"
2019-05-09,2019050901006349,PRVU,53,34,929,281.00,"261,049.00"
2019-05-09,2019050901006348,PRVU,53,45,71,281.00,"19,951.00"
2019-05-09,2019050901006344,PRVU,34,28,23,280.00,"6,440.00"
2019-05-09,2019050901006780,RBCLPO,25,10,10,"8,990.00","89,900.00"
2019-05-09,2019050901006493,RSDC,26,41,30,389.00,"11,670.00"
2019-05-09,2019050901006492,RSDC,21,41,10,389.00,"3,890.00"
2019-05-09,2019050901006686,SANIMA,10,20,346,356.00,"123,176.00"
2019-05-09,2019050901006685,SANIMA,10,20,246,356.00,"87,576.00"
2019-05-09,2019050901006676,SANIMA,10,57,554,356.00,"197,224.00"
2019-05-09,2019050901006675,SANIMA,42,57,"1,007",356.00,"358,492.00"
2019-05-09,2019050901006445,SANIMA,42,4,593,356.00,"211,108.00"
2019-05-09,2019050901006419,SANIMA,6,38,146,357.00,"52,122.00"
2019-05-09,2019050901006343,SANIMA,19,34,800,357.00,"285,600.00"
2019-05-09,2019050901006643,SBI,45,53,478,483.00,"230,874.00"
2019-05-09,2019050901006642,SBI,37,53,22,483.00,"10,626.00"
2019-05-09,2019050901006387,SBI,37,55,478,483.00,"230,874.00"
2019-05-09,2019050901006386,SBI,48,55,22,483.00,"10,626.00"
2019-05-09,2019050901006596,SBL,47,43,313,342.00,"107,046.00"
2019-05-09,2019050901006595,SBL,25,43,500,342.00,"171,000.00"
2019-05-09,2019050901006594,SBL,8,43,10,342.00,"3,420.00"
2019-05-09,2019050901006593,SBL,40,43,177,342.00,"60,534.00"
2019-05-09,2019050901006429,SBL,40,45,159,342.00,"54,378.00"
2019-05-09,2019050901006696,SCB,51,22,25,690.00,"17,250.00"
2019-05-09,2019050901006695,SCB,58,22,10,690.00,"6,900.00"
2019-05-09,2019050901006694,SCB,17,22,50,690.00,"34,500.00"
2019-05-09,2019050901006693,SCB,11,22,15,690.00,"10,350.00"
2019-05-09,2019050901006470,SCB,11,45,20,690.00,"13,800.00"
2019-05-09,2019050901006827,SDESI,49,45,46,628.00,"28,888.00"
2019-05-09,2019050901006491,SHINE,26,51,166,249.00,"41,334.00"
2019-05-09,2019050901006490,SHINE,50,51,100,249.00,"24,900.00"
2019-05-09,2019050901006489,SHINE,34,51,34,249.00,"8,466.00"
2019-05-09,2019050901006829,SHIVM,44,47,80,411.00,"32,880.00"
2019-05-09,2019050901006828,SHIVM,33,47,20,411.00,"8,220.00"
2019-05-09,2019050901006796,SHIVM,33,47,80,411.00,"32,880.00"
2019-05-09,2019050901006770,SHIVM,33,38,400,411.00,"164,400.00"
2019-05-09,2019050901006766,SHIVM,42,47,100,410.00,"41,000.00"
2019-05-09,2019050901006700,SHIVM,17,17,100,411.00,"41,100.00"
2019-05-09,2019050901006346,SHIVM,36,25,80,412.00,"32,960.00"
2019-05-09,2019050901006345,SHIVM,44,25,20,412.00,"8,240.00"
2019-05-09,2019050901006420,SHIVM,38,58,270,412.00,"111,240.00"
2019-05-09,2019050901006399,SHIVM,38,35,200,412.00,"82,400.00"
2019-05-09,2019050901006394,SHIVM,38,44,30,412.00,"12,360.00"
2019-05-09,2019050901006393,SHIVM,36,44,20,412.00,"8,240.00"
2019-05-09,2019050901006388,SHIVM,36,49,50,412.00,"20,600.00"
2019-05-09,2019050901006369,SHIVM,36,29,50,412.00,"20,600.00"
2019-05-09,2019050901006453,SHIVM,46,45,200,411.00,"82,200.00"
2019-05-09,2019050901006436,SHIVM,38,17,406,412.00,"167,272.00"
2019-05-09,2019050901006424,SHIVM,38,58,380,412.00,"156,560.00"
2019-05-09,2019050901006423,SHIVM,47,58,150,412.00,"61,800.00"
2019-05-09,2019050901006422,SHIVM,5,58,100,412.00,"41,200.00"
2019-05-09,2019050901006421,SHIVM,40,58,100,412.00,"41,200.00"
2019-05-09,2019050901006481,SHIVM,37,51,50,412.00,"20,600.00"
2019-05-09,2019050901006459,SHIVM,34,49,541,414.00,"223,974.00"
2019-05-09,2019050901006458,SHIVM,34,50,240,414.00,"99,360.00"
2019-05-09,2019050901006457,SHIVM,34,34,50,413.00,"20,650.00"
2019-05-09,2019050901006456,SHIVM,34,3,75,413.00,"30,975.00"
2019-05-09,2019050901006455,SHIVM,34,17,94,412.00,"38,728.00"
2019-05-09,2019050901006649,SHIVM,37,58,"1,000",411.00,"411,000.00"
2019-05-09,2019050901006648,SHIVM,22,58,50,411.00,"20,550.00"
2019-05-09,2019050901006647,SHIVM,46,58,300,411.00,"123,300.00"
2019-05-09,2019050901006646,SHIVM,37,58,400,412.00,"164,800.00"
2019-05-09,2019050901006614,SHIVM,45,38,50,413.00,"20,650.00"
2019-05-09,2019050901006606,SHIVM,45,45,100,413.00,"41,300.00"
2019-05-09,2019050901006677,SHIVM,40,58,200,412.00,"82,400.00"
2019-05-09,2019050901006673,SHIVM,58,38,50,413.00,"20,650.00"
2019-05-09,2019050901006653,SHIVM,42,58,"1,325",410.00,"543,250.00"
2019-05-09,2019050901006652,SHIVM,36,58,200,410.00,"82,000.00"
2019-05-09,2019050901006651,SHIVM,38,58,725,410.00,"297,250.00"
2019-05-09,2019050901006650,SHIVM,38,58,"1,000",410.00,"410,000.00"
2019-05-09,2019050901006837,SHPC,4,6,100,257.00,"25,700.00"
2019-05-09,2019050901006720,SHPC,4,6,840,258.00,"216,720.00"
2019-05-09,2019050901006719,SHPC,4,6,760,259.00,"196,840.00"
2019-05-09,2019050901006576,SHPC,4,7,"1,000",259.00,"259,000.00"
2019-05-09,2019050901006506,SHPC,43,17,450,260.00,"117,000.00"
2019-05-09,2019050901006435,SHPC,43,49,100,260.00,"26,000.00"
2019-05-09,2019050901006734,SIC,32,7,60,"1,530.00","91,800.00"
2019-05-09,2019050901006733,SIC,32,44,50,"1,530.00","76,500.00"
2019-05-09,2019050901006732,SIC,32,40,100,"1,530.00","153,000.00"
2019-05-09,2019050901006731,SIC,32,29,"1,228","1,530.00","1,878,840.00"
2019-05-09,2019050901006730,SIC,32,3,50,"1,529.00","76,450.00"
2019-05-09,2019050901006729,SIC,32,16,147,"1,529.00","224,763.00"
2019-05-09,2019050901006689,SIC,44,52,20,"1,523.00","30,460.00"
2019-05-09,2019050901006688,SIC,44,40,80,"1,522.00","121,760.00"
2019-05-09,2019050901006645,SIC,26,40,20,"1,522.00","30,440.00"
2019-05-09,2019050901006728,SIC,32,22,50,"1,528.00","76,400.00"
2019-05-09,2019050901006727,SIC,32,58,200,"1,526.00","305,200.00"
2019-05-09,2019050901006726,SIC,32,42,25,"1,525.00","38,125.00"
2019-05-09,2019050901006692,SIC,44,42,275,"1,525.00","419,375.00"
2019-05-09,2019050901006691,SIC,44,58,35,"1,525.00","53,375.00"
2019-05-09,2019050901006690,SIC,44,7,90,"1,524.00","137,160.00"
2019-05-09,2019050901006687,SIL,46,11,85,621.00,"52,785.00"
2019-05-09,2019050901006340,SLBBL,35,55,86,493.00,"42,398.00"
2019-05-09,2019050901006339,SLBBL,20,55,20,494.00,"9,880.00"
2019-05-09,2019050901006338,SLBBL,36,55,50,494.00,"24,700.00"
2019-05-09,2019050901006342,SLBBL,29,55,41,486.00,"19,926.00"
2019-05-09,2019050901006341,SLBBL,37,55,100,486.00,"48,600.00"
2019-05-09,2019050901006398,SLBSL,19,33,10,600.00,"6,000.00"
2019-05-09,2019050901006397,SLBSL,35,33,90,600.00,"54,000.00"
2019-05-09,2019050901006396,SLBSL,17,33,40,601.00,"24,040.00"
2019-05-09,2019050901006395,SLBSL,51,33,50,602.00,"30,100.00"
2019-05-09,2019050901006802,SLICL,42,49,50,575.00,"28,750.00"
2019-05-09,2019050901006684,SLICL,51,51,50,580.00,"29,000.00"
2019-05-09,2019050901006592,SLICL,42,42,169,575.00,"97,175.00"
2019-05-09,2019050901006591,SLICL,5,42,10,578.00,"5,780.00"
2019-05-09,2019050901006505,SMFDB,32,45,25,623.00,"15,575.00"
2019-05-09,2019050901006672,SRBL,34,25,41,253.00,"10,373.00"
2019-05-09,2019050901006476,SRBL,34,41,116,253.00,"29,348.00"
2019-05-09,2019050901006475,SRBL,45,41,144,253.00,"36,432.00"
2019-05-09,2019050901006800,UMHL,59,7,380,118.00,"44,840.00"
2019-05-09,2019050901006465,UMHL,52,7,10,118.00,"1,180.00"
2019-05-09,2019050901006658,UPPER,42,4,40,234.00,"9,360.00"
2019-05-09,2019050901006641,UPPER,1,45,17,236.00,"4,012.00"
2019-05-09,2019050901006621,UPPER,42,4,52,234.00,"12,168.00"
2019-05-09,2019050901006508,UPPER,28,25,50,235.00,"11,750.00"
2019-05-09,2019050901006486,UPPER,21,25,40,235.00,"9,400.00"
2019-05-09,2019050901006450,UPPER,42,25,40,234.00,"9,360.00"
2019-05-09,2019050901006412,UPPER,42,25,40,234.00,"9,360.00"
2019-05-09,2019050901006238,ADBL,52,50,108,389.00,"42,012.00"
2019-05-09,2019050901006225,ADBL,40,32,451,388.00,"174,988.00"
2019-05-09,2019050901006224,ADBL,22,32,549,388.00,"213,012.00"
2019-05-09,2019050901006098,ADBL,22,49,209,388.00,"81,092.00"
2019-05-09,2019050901005894,ADBL,8,33,100,389.00,"38,900.00"
2019-05-09,2019050901005893,ADBL,8,7,107,389.00,"41,623.00"
2019-05-09,2019050901006314,AHPC,34,48,"1,000",103.00,"103,000.00"
2019-05-09,2019050901006313,AHPC,47,48,"1,000",103.00,"103,000.00"
2019-05-09,2019050901006312,AHPC,29,48,"1,000",103.00,"103,000.00"
2019-05-09,2019050901006311,AHPC,51,48,500,103.00,"51,500.00"
2019-05-09,2019050901006310,AHPC,10,48,"2,000",103.00,"206,000.00"
2019-05-09,2019050901006309,AHPC,25,48,500,104.00,"52,000.00"
2019-05-09,2019050901006308,AHPC,48,48,300,104.00,"31,200.00"
2019-05-09,2019050901006307,AHPC,7,48,500,104.00,"52,000.00"
2019-05-09,2019050901006306,AHPC,48,48,500,104.00,"52,000.00"
2019-05-09,2019050901006305,AHPC,39,48,30,104.00,"3,120.00"
2019-05-09,2019050901006304,AHPC,42,48,"1,500",105.00,"157,500.00"
2019-05-09,2019050901005924,AHPC,19,37,"1,000",105.00,"105,000.00"
2019-05-09,2019050901006273,ALBSL,46,40,10,469.00,"4,690.00"
2019-05-09,2019050901006272,ALBSL,46,36,10,469.00,"4,690.00"
2019-05-09,2019050901006271,ALBSL,46,57,10,469.00,"4,690.00"
2019-05-09,2019050901006270,ALBSL,46,13,10,468.00,"4,680.00"
2019-05-09,2019050901005953,ALBSL,45,32,30,468.00,"14,040.00"
2019-05-09,2019050901005888,AMFI,49,44,10,567.00,"5,670.00"
2019-05-09,2019050901006063,API,21,25,165,136.00,"22,440.00"
2019-05-09,2019050901005999,BHBL,28,28,"1,000",174.00,"174,000.00"
2019-05-09,2019050901006303,BOKL,48,6,"1,000",276.00,"276,000.00"
2019-05-09,2019050901006201,BOKL,26,17,134,277.00,"37,118.00"
2019-05-09,2019050901006186,BOKL,26,37,66,277.00,"18,282.00"
2019-05-09,2019050901006185,BOKL,22,37,200,277.00,"55,400.00"
2019-05-09,2019050901006184,BOKL,32,37,300,277.00,"83,100.00"
2019-05-09,2019050901006183,BOKL,49,37,434,277.00,"120,218.00"
2019-05-09,2019050901006065,BOKL,49,5,66,277.00,"18,282.00"
2019-05-09,2019050901006064,BOKL,42,5,100,277.00,"27,700.00"
2019-05-09,2019050901006002,BOKL,42,42,100,277.00,"27,700.00"
2019-05-09,2019050901005958,BOKL,42,25,300,277.00,"83,100.00"
2019-05-09,2019050901006174,CBBL,26,37,500,948.00,"474,000.00"
2019-05-09,2019050901006173,CBBL,39,37,50,948.00,"47,400.00"
2019-05-09,2019050901006172,CBBL,56,37,100,949.00,"94,900.00"
2019-05-09,2019050901006171,CBBL,48,37,99,949.00,"93,951.00"
2019-05-09,2019050901006170,CBBL,20,37,41,949.00,"38,909.00"
2019-05-09,2019050901006291,CBL,49,33,"3,200",151.00,"483,200.00"
2019-05-09,2019050901006290,CBL,46,33,"1,000",151.00,"151,000.00"
2019-05-09,2019050901006289,CBL,5,33,100,151.00,"15,100.00"
2019-05-09,2019050901006288,CBL,17,33,"1,000",151.00,"151,000.00"
2019-05-09,2019050901006287,CBL,1,33,"2,500",151.00,"377,500.00"
2019-05-09,2019050901006286,CBL,40,33,"2,000",151.00,"302,000.00"
2019-05-09,2019050901005890,CBL,11,6,340,151.00,"51,340.00"
2019-05-09,2019050901006264,CBL,44,38,"2,260",151.00,"341,260.00"
2019-05-09,2019050901006263,CBL,36,38,740,151.00,"111,740.00"
2019-05-09,2019050901006180,CBL,36,52,260,151.00,"39,260.00"
2019-05-09,2019050901006179,CBL,43,52,400,151.00,"60,400.00"
2019-05-09,2019050901006178,CBL,11,52,340,151.00,"51,340.00"
2019-05-09,2019050901005891,CBL,11,6,660,151.00,"99,660.00"
2019-05-09,2019050901006285,CBL,19,33,260,151.00,"39,260.00"
2019-05-09,2019050901006284,CBL,38,33,200,151.00,"30,200.00"
2019-05-09,2019050901006283,CBL,6,33,500,151.00,"75,500.00"
2019-05-09,2019050901006282,CBL,6,33,500,151.00,"75,500.00"
2019-05-09,2019050901006281,CBL,33,33,"1,000",151.00,"151,000.00"
2019-05-09,2019050901006280,CBL,44,33,"2,740",151.00,"413,740.00"
2019-05-09,2019050901006302,CCBL,19,28,27,175.00,"4,725.00"
2019-05-09,2019050901006241,CCBL,19,28,27,175.00,"4,725.00"
2019-05-09,2019050901005997,CCBL,29,32,300,177.00,"53,100.00"
2019-05-09,2019050901005989,CCBL,19,48,114,175.00,"19,950.00"
2019-05-09,2019050901005949,CCBL,35,28,100,176.00,"17,600.00"
2019-05-09,2019050901005948,CCBL,18,28,432,176.00,"76,032.00"
2019-05-09,2019050901005929,CCBL,6,32,100,177.00,"17,700.00"
2019-05-09,2019050901005923,CCBL,18,49,351,176.00,"61,776.00"
2019-05-09,2019050901005896,CCBL,18,7,217,176.00,"38,192.00"
2019-05-09,2019050901005895,CCBL,59,7,783,176.00,"137,808.00"
2019-05-09,2019050901006177,CHCL,1,36,85,527.00,"44,795.00"
2019-05-09,2019050901005990,CHL,58,57,50,100.00,"5,000.00"
2019-05-09,2019050901006326,CHLBS,46,6,40,484.00,"19,360.00"
2019-05-09,2019050901006294,CIT,22,42,82,"2,682.00","219,924.00"
2019-05-09,2019050901006293,CIT,42,42,250,"2,682.00","670,500.00"
2019-05-09,2019050901006292,CIT,22,42,18,"2,683.00","48,294.00"
2019-05-09,2019050901006253,CIT,22,25,82,"2,683.00","220,006.00"
2019-05-09,2019050901006096,CIT,22,35,100,"2,683.00","268,300.00"
2019-05-09,2019050901005926,CIT,22,17,100,"2,699.00","269,900.00"
2019-05-09,2019050901006221,CZBIL,6,59,200,225.00,"45,000.00"
2019-05-09,2019050901005956,DHPL,34,57,68,77.00,"5,236.00"
2019-05-09,2019050901005955,DHPL,34,57,46,78.00,"3,588.00"
2019-05-09,2019050901005954,DHPL,55,57,16,79.00,"1,264.00"
2019-05-09,2019050901005941,EBL,57,49,129,660.00,"85,140.00"
2019-05-09,2019050901005940,EBL,37,49,500,660.00,"330,000.00"
2019-05-09,2019050901005939,EBL,10,49,200,661.00,"132,200.00"
2019-05-09,2019050901005938,EBL,41,49,171,661.00,"113,031.00"
2019-05-09,2019050901005870,EDBL,34,55,41,295.00,"12,095.00"
2019-05-09,2019050901005869,EDBL,56,55,200,296.00,"59,200.00"
2019-05-09,2019050901005868,EDBL,38,55,10,296.00,"2,960.00"
2019-05-09,2019050901006121,EIC,49,55,32,435.00,"13,920.00"
2019-05-09,2019050901006110,EIC,49,55,35,435.00,"15,225.00"
2019-05-09,2019050901006109,EIC,45,55,50,435.00,"21,750.00"
2019-05-09,2019050901006108,EIC,47,55,15,435.00,"6,525.00"
2019-05-09,2019050901006132,GBBL,4,17,100,222.00,"22,200.00"
2019-05-09,2019050901006131,GBBL,4,17,100,222.00,"22,200.00"
2019-05-09,2019050901006130,GBBL,4,17,100,222.00,"22,200.00"
2019-05-09,2019050901006129,GBBL,4,17,100,222.00,"22,200.00"
2019-05-09,2019050901006128,GBBL,4,17,100,222.00,"22,200.00"
2019-05-09,2019050901006127,GBBL,4,17,100,222.00,"22,200.00"
2019-05-09,2019050901006126,GBBL,4,17,100,222.00,"22,200.00"
2019-05-09,2019050901006125,GBBL,39,17,200,222.00,"44,400.00"
2019-05-09,2019050901006124,GBBL,55,17,49,222.00,"10,878.00"
2019-05-09,2019050901005951,GBBL,41,59,100,223.00,"22,300.00"
2019-05-09,2019050901006269,GBIME,28,45,"1,000",311.00,"311,000.00"
2019-05-09,2019050901006222,GBIME,35,37,500,310.00,"155,000.00"
2019-05-09,2019050901006219,GBIME,35,28,71,310.00,"22,010.00"
2019-05-09,2019050901006157,GBIME,35,36,70,310.00,"21,700.00"
2019-05-09,2019050901006095,GBIME,35,33,200,310.00,"62,000.00"
2019-05-09,2019050901005991,GBIME,28,45,"1,500",311.00,"466,500.00"
2019-05-09,2019050901005947,GBIME,35,6,608,310.00,"188,480.00"
2019-05-09,2019050901005946,GBIME,55,6,100,310.00,"31,000.00"
2019-05-09,2019050901005945,GBIME,28,6,500,310.00,"155,000.00"
2019-05-09,2019050901005944,GBIME,55,6,50,310.00,"15,500.00"
2019-05-09,2019050901005943,GBIME,17,6,100,310.00,"31,000.00"
2019-05-09,2019050901005942,GBIME,28,6,883,310.00,"273,730.00"
2019-05-09,2019050901005904,GBLBS,40,55,100,363.00,"36,300.00"
2019-05-09,2019050901006243,GDBL,21,28,990,213.00,"210,870.00"
2019-05-09,2019050901006242,GDBL,21,33,400,213.00,"85,200.00"
2019-05-09,2019050901006220,GDBL,21,25,341,212.00,"72,292.00"
2019-05-09,2019050901005905,GFCL,59,33,196,119.00,"23,324.00"
2019-05-09,2019050901006297,GLICL,5,42,70,565.00,"39,550.00"
2019-05-09,2019050901006296,GLICL,34,42,50,565.00,"28,250.00"
2019-05-09,2019050901006196,HBL,34,55,323,578.00,"186,694.00"
2019-05-09,2019050901006155,HBL,34,56,100,578.00,"57,800.00"
2019-05-09,2019050901006154,HBL,45,56,200,578.00,"115,600.00"
2019-05-09,2019050901005865,HBL,49,55,720,580.00,"417,600.00"
2019-05-09,2019050901005864,HBL,34,55,800,581.00,"464,800.00"
2019-05-09,2019050901005863,HBL,48,55,30,581.00,"17,430.00"
2019-05-09,2019050901005862,HBL,26,55,100,582.00,"58,200.00"
2019-05-09,2019050901005861,HBL,45,55,152,582.00,"88,464.00"
2019-05-09,2019050901005860,HBL,49,55,255,582.00,"148,410.00"
2019-05-09,2019050901005853,HGI,42,57,23,393.00,"9,039.00"
2019-05-09,2019050901005852,HGI,26,57,77,393.00,"30,261.00"
2019-05-09,2019050901006113,HIDCL,1,6,12,143.00,"1,716.00"
2019-05-09,2019050901005950,HIDCL,38,13,189,144.00,"27,216.00"
2019-05-09,2019050901005858,HIDCL,38,19,11,144.00,"1,584.00"
2019-05-09,2019050901006031,IGI,19,25,44,413.00,"18,172.00"
2019-05-09,2019050901006030,IGI,26,25,200,414.00,"82,800.00"
2019-05-09,2019050901006029,IGI,5,25,256,415.00,"106,240.00"
2019-05-09,2019050901006232,JBBL,22,28,60,141.00,"8,460.00"
2019-05-09,2019050901006077,JBBL,22,42,39,141.00,"5,499.00"
2019-05-09,2019050901006245,JBNL,26,21,480,204.00,"97,920.00"
2019-05-09,2019050901006153,JBNL,49,58,250,205.00,"51,250.00"
2019-05-09,2019050901006006,JBNL,26,29,20,204.00,"4,080.00"
2019-05-09,2019050901006005,JBNL,48,29,410,204.00,"83,640.00"
2019-05-09,2019050901005922,JBNL,48,29,500,204.00,"102,000.00"
2019-05-09,2019050901005916,JBNL,48,5,90,204.00,"18,360.00"
2019-05-09,2019050901005915,JBNL,42,5,10,204.00,"2,040.00"
2019-05-09,2019050901005889,JBNL,42,58,"1,000",204.00,"204,000.00"
2019-05-09,2019050901006316,KBBL,14,44,100,225.00,"22,500.00"
2019-05-09,2019050901006315,KBBL,45,44,300,225.00,"67,500.00"
2019-05-09,2019050901006327,KBL,25,7,215,223.00,"47,945.00"
2019-05-09,2019050901005887,KBL,25,29,60,224.00,"13,440.00"
2019-05-09,2019050901005886,KBL,25,32,53,224.00,"11,872.00"
2019-05-09,2019050901006333,KMCDB,6,33,164,715.00,"117,260.00"
2019-05-09,2019050901006279,KMCDB,57,33,300,716.00,"214,800.00"
2019-05-09,2019050901006329,KRBL,22,6,100,100.00,"10,000.00"
2019-05-09,2019050901005914,LBBL,41,6,50,194.00,"9,700.00"
2019-05-09,2019050901005859,LBBL,45,7,19,193.00,"3,667.00"
2019-05-09,2019050901006008,LBBL,45,22,40,193.00,"7,720.00"
2019-05-09,2019050901006323,LBL,54,5,43,226.00,"9,718.00"
2019-05-09,2019050901006216,LBL,22,5,300,226.00,"67,800.00"
2019-05-09,2019050901006215,LBL,38,5,150,226.00,"33,900.00"
2019-05-09,2019050901006214,LBL,51,5,500,226.00,"113,000.00"
2019-05-09,2019050901006213,LBL,6,5,250,226.00,"56,500.00"
2019-05-09,2019050901006212,LBL,6,5,250,226.00,"56,500.00"
2019-05-09,2019050901006211,LBL,54,5,"1,698",226.00,"383,748.00"
2019-05-09,2019050901006210,LBL,41,5,500,226.00,"113,000.00"
2019-05-09,2019050901006209,LBL,21,5,309,226.00,"69,834.00"
2019-05-09,2019050901006202,LBL,21,36,200,226.00,"45,200.00"
2019-05-09,2019050901006102,LBL,48,41,78,227.00,"17,706.00"
2019-05-09,2019050901006258,LICN,40,55,249,"1,910.00","475,590.00"
2019-05-09,2019050901006200,MBL,49,20,300,266.00,"79,800.00"
2019-05-09,2019050901006165,MBL,36,58,500,268.00,"134,000.00"
2019-05-09,2019050901006161,MBL,49,33,800,266.00,"212,800.00"
2019-05-09,2019050901006160,MBL,44,33,200,267.00,"53,400.00"
2019-05-09,2019050901006148,MBL,36,58,500,268.00,"134,000.00"
2019-05-09,2019050901006106,MBL,36,58,920,268.00,"246,560.00"
2019-05-09,2019050901006105,MBL,36,53,80,268.00,"21,440.00"
2019-05-09,2019050901006099,MBL,44,37,800,267.00,"213,600.00"
2019-05-09,2019050901006097,MBL,17,37,200,267.00,"53,400.00"
2019-05-09,2019050901006078,MBL,17,58,"1,000",267.00,"267,000.00"
2019-05-09,2019050901005993,MBL,17,37,200,267.00,"53,400.00"
2019-05-09,2019050901006325,MEGA,8,32,200,194.00,"38,800.00"
2019-05-09,2019050901006324,MEGA,32,56,505,193.00,"97,465.00"
2019-05-09,2019050901006247,MEGA,32,5,154,193.00,"29,722.00"
2019-05-09,2019050901006246,MEGA,16,5,46,193.00,"8,878.00"
2019-05-09,2019050901006229,MEGA,32,32,100,194.00,"19,400.00"
2019-05-09,2019050901006176,MEGA,16,4,500,193.00,"96,500.00"
2019-05-09,2019050901005899,MEGA,52,34,200,195.00,"39,000.00"
2019-05-09,2019050901005898,MEGA,52,13,100,195.00,"19,500.00"
2019-05-09,2019050901005897,MEGA,33,57,100,194.00,"19,400.00"
2019-05-09,2019050901005972,MEGA,36,42,30,194.00,"5,820.00"
2019-05-09,2019050901005971,MEGA,11,42,80,194.00,"15,520.00"
2019-05-09,2019050901005961,MEGA,11,33,297,194.00,"57,618.00"
2019-05-09,2019050901005921,MEGA,11,25,123,194.00,"23,862.00"
2019-05-09,2019050901005920,MEGA,33,25,200,194.00,"38,800.00"
2019-05-09,2019050901005919,MEGA,33,25,277,194.00,"53,738.00"
2019-05-09,2019050901005979,MEGA,48,34,50,194.00,"9,700.00"
2019-05-09,2019050901005978,MEGA,25,34,210,194.00,"40,740.00"
2019-05-09,2019050901005977,MEGA,46,34,500,194.00,"97,000.00"
2019-05-09,2019050901005975,MEGA,25,42,290,194.00,"56,260.00"
2019-05-09,2019050901005974,MEGA,13,42,300,194.00,"58,200.00"
2019-05-09,2019050901005973,MEGA,42,42,50,194.00,"9,700.00"
2019-05-09,2019050901006104,MEGA,33,32,"1,107",194.00,"214,758.00"
2019-05-09,2019050901006100,MEGA,33,5,253,194.00,"49,082.00"
2019-05-09,2019050901006007,MEGA,33,33,600,194.00,"116,400.00"
2019-05-09,2019050901005982,MEGA,33,34,40,194.00,"7,760.00"
2019-05-09,2019050901005981,MEGA,32,34,100,194.00,"19,400.00"
2019-05-09,2019050901005980,MEGA,13,34,100,194.00,"19,400.00"
2019-05-09,2019050901006147,MERO,41,7,200,635.00,"127,000.00"
2019-05-09,2019050901006146,MERO,14,7,200,636.00,"127,200.00"
2019-05-09,2019050901005959,MFIL,16,48,59,113.00,"6,667.00"
2019-05-09,2019050901006337,MLBL,33,7,50,190.00,"9,500.00"
2019-05-09,2019050901006262,MLBL,33,45,91,187.00,"17,017.00"
2019-05-09,2019050901006257,MLBL,33,28,20,187.00,"3,740.00"
2019-05-09,2019050901006133,MLBL,59,44,40,189.00,"7,560.00"
2019-05-09,2019050901006019,MLBL,58,42,500,188.00,"94,000.00"
2019-05-09,2019050901006274,MNBBL,17,32,256,378.00,"96,768.00"
2019-05-09,2019050901006239,MNBBL,45,47,206,377.00,"77,662.00"
2019-05-09,2019050901006198,MNBBL,58,47,173,377.00,"65,221.00"
2019-05-09,2019050901006197,MNBBL,58,48,327,377.00,"123,279.00"
2019-05-09,2019050901006169,MNBBL,49,48,100,377.00,"37,700.00"
2019-05-09,2019050901006107,MNBBL,42,48,333,377.00,"125,541.00"
2019-05-09,2019050901005963,MNBBL,39,48,490,377.00,"184,730.00"
2019-05-09,2019050901005968,MNBBL,16,48,300,377.00,"113,100.00"
2019-05-09,2019050901005967,MNBBL,41,48,100,377.00,"37,700.00"
2019-05-09,2019050901005966,MNBBL,34,48,50,377.00,"18,850.00"
2019-05-09,2019050901005965,MNBBL,39,48,100,377.00,"37,700.00"
2019-05-09,2019050901005964,MNBBL,1,48,200,377.00,"75,400.00"
2019-05-09,2019050901006052,NABIL,6,45,20,838.00,"16,760.00"
2019-05-09,2019050901006336,NABILP,28,58,24,819.00,"19,656.00"
2019-05-09,2019050901006335,NABILP,28,58,20,819.00,"16,380.00"
2019-05-09,2019050901006334,NABILP,45,58,136,820.00,"111,520.00"
2019-05-09,2019050901006000,NABILP,45,45,50,823.00,"41,150.00"
2019-05-09,2019050901005879,NADEP,13,17,104,513.00,"53,352.00"
2019-05-09,2019050901006268,NBB,53,29,"1,480",227.00,"335,960.00"
2019-05-09,2019050901006267,NBB,8,29,500,227.00,"113,500.00"
2019-05-09,2019050901006266,NBB,11,29,"1,000",227.00,"227,000.00"
2019-05-09,2019050901006265,NBB,50,29,20,227.00,"4,540.00"
2019-05-09,2019050901006087,NBB,22,20,100,228.00,"22,800.00"
2019-05-09,2019050901006049,NBB,50,13,480,227.00,"108,960.00"
2019-05-09,2019050901006048,NBB,56,13,20,227.00,"4,540.00"
2019-05-09,2019050901006047,NBB,22,20,100,228.00,"22,800.00"
2019-05-09,2019050901005843,NBB,38,20,100,228.00,"22,800.00"
2019-05-09,2019050901006320,NBL,43,58,538,310.00,"166,780.00"
2019-05-09,2019050901006319,NBL,48,58,500,310.00,"155,000.00"
2019-05-09,2019050901006318,NBL,35,58,100,310.00,"31,000.00"
2019-05-09,2019050901006317,NBL,5,58,200,310.00,"62,000.00"
2019-05-09,2019050901006193,NBL,44,34,150,311.00,"46,650.00"
2019-05-09,2019050901006081,NBL,5,45,40,310.00,"12,400.00"
2019-05-09,2019050901006032,NBL,5,28,100,310.00,"31,000.00"
2019-05-09,2019050901006013,NBL,5,13,660,310.00,"204,600.00"
2019-05-09,2019050901006012,NBL,34,13,"1,500",310.00,"465,000.00"
2019-05-09,2019050901006011,NBL,35,13,100,310.00,"31,000.00"
2019-05-09,2019050901006010,NBL,5,13,740,310.00,"229,400.00"
2019-05-09,2019050901006261,NCCB,13,25,"1,503",246.00,"369,738.00"
2019-05-09,2019050901006190,NCCB,58,25,387,246.00,"95,202.00"
2019-05-09,2019050901006116,NCCB,58,17,50,246.00,"12,300.00"
2019-05-09,2019050901006062,NCCB,58,33,63,246.00,"15,498.00"
2019-05-09,2019050901006061,NCCB,7,33,500,246.00,"123,000.00"
2019-05-09,2019050901006060,NCCB,52,33,552,246.00,"135,792.00"
2019-05-09,2019050901005866,NCCB,45,25,10,247.00,"2,470.00"
2019-05-09,2019050901005839,NCCB,32,25,100,247.00,"24,700.00"
2019-05-09,2019050901005838,NCCB,32,41,100,247.00,"24,700.00"
2019-05-09,2019050901006059,NCCB,33,33,100,246.00,"24,600.00"
2019-05-09,2019050901006058,NCCB,1,33,300,246.00,"73,800.00"
2019-05-09,2019050901006057,NCCB,58,33,466,246.00,"114,636.00"
2019-05-09,2019050901005937,NCCB,58,3,534,246.00,"131,364.00"
2019-05-09,2019050901005936,NCCB,58,3,300,246.00,"73,800.00"
2019-05-09,2019050901005892,NCCB,58,1,500,246.00,"123,000.00"
2019-05-09,2019050901006117,NHDL,34,5,10,135.00,"1,350.00"
2019-05-09,2019050901005913,NHPC,7,52,675,69.00,"46,575.00"
2019-05-09,2019050901006298,NIB,43,45,140,560.00,"78,400.00"
2019-05-09,2019050901006234,NIB,40,44,200,561.00,"112,200.00"
2019-05-09,2019050901006189,NIB,25,34,500,561.00,"280,500.00"
2019-05-09,2019050901006036,NIB,43,33,204,560.00,"114,240.00"
2019-05-09,2019050901006035,NIB,48,33,50,560.00,"28,000.00"
2019-05-09,2019050901006034,NIB,40,33,500,560.00,"280,000.00"
2019-05-09,2019050901006033,NIB,6,33,46,561.00,"25,806.00"
2019-05-09,2019050901006301,NICA,29,54,500,488.00,"244,000.00"
2019-05-09,2019050901006300,NICA,54,54,320,488.00,"156,160.00"
2019-05-09,2019050901006207,NICA,54,54,680,488.00,"331,840.00"
2019-05-09,2019050901006206,NICA,28,54,20,488.00,"9,760.00"
2019-05-09,2019050901006205,NICA,28,54,300,489.00,"146,700.00"
2019-05-09,2019050901006164,NICA,28,34,380,488.00,"185,440.00"
2019-05-09,2019050901006022,NICA,43,54,500,488.00,"244,000.00"
2019-05-09,2019050901006021,NICA,16,54,50,488.00,"24,400.00"
2019-05-09,2019050901006020,NICA,25,54,300,488.00,"146,400.00"
2019-05-09,2019050901006014,NICA,52,38,100,489.00,"48,900.00"
2019-05-09,2019050901006080,NICA,36,1,457,489.00,"223,473.00"
2019-05-09,2019050901006079,NICA,36,46,100,489.00,"48,900.00"
2019-05-09,2019050901006038,NICA,36,46,100,489.00,"48,900.00"
2019-05-09,2019050901006037,NICA,36,38,900,489.00,"440,100.00"
2019-05-09,2019050901006026,NICA,46,42,130,488.00,"63,440.00"
2019-05-09,2019050901006023,NICA,46,54,150,488.00,"73,200.00"
2019-05-09,2019050901006150,NICA,53,34,50,488.00,"24,400.00"
2019-05-09,2019050901006149,NICA,5,34,570,488.00,"278,160.00"
2019-05-09,2019050901006086,NICA,5,54,430,488.00,"209,840.00"
2019-05-09,2019050901006085,NICA,25,54,50,488.00,"24,400.00"
2019-05-09,2019050901006084,NICA,6,54,300,488.00,"146,400.00"
2019-05-09,2019050901006083,NICA,46,54,220,488.00,"107,360.00"
2019-05-09,2019050901006103,NICL,25,28,20,401.00,"8,020.00"
2019-05-09,2019050901006256,NIL,49,21,113,528.00,"59,664.00"
2019-05-09,2019050901006255,NIL,49,26,87,528.00,"45,936.00"
2019-05-09,2019050901006250,NLBBL,39,45,200,531.00,"106,200.00"
2019-05-09,2019050901006162,NLG,39,50,240,860.00,"206,400.00"
2019-05-09,2019050901006017,NLG,39,10,50,860.00,"43,000.00"
2019-05-09,2019050901006016,NLG,26,10,300,861.00,"258,300.00"
2019-05-09,2019050901006260,NLIC,40,1,88,970.00,"85,360.00"
2019-05-09,2019050901006259,NLIC,41,1,12,970.00,"11,640.00"
2019-05-09,2019050901006144,NLIC,41,28,88,970.00,"85,360.00"
2019-05-09,2019050901006143,NLIC,5,28,20,970.00,"19,400.00"
2019-05-09,2019050901006142,NLIC,21,28,200,970.00,"194,000.00"
2019-05-09,2019050901006141,NLIC,45,28,40,970.00,"38,800.00"
2019-05-09,2019050901005884,NLIC,26,7,82,971.00,"79,622.00"
2019-05-09,2019050901005883,NLIC,37,7,100,972.00,"97,200.00"
2019-05-09,2019050901005842,NLIC,26,36,17,971.00,"16,507.00"
2019-05-09,2019050901006056,NLIC,49,35,118,970.00,"114,460.00"
2019-05-09,2019050901006055,NLIC,49,35,"1,000",970.00,"970,000.00"
2019-05-09,2019050901006054,NLIC,56,35,100,971.00,"97,100.00"
2019-05-09,2019050901006053,NLIC,40,35,682,971.00,"662,222.00"
2019-05-09,2019050901005912,NLIC,39,49,100,972.00,"97,200.00"
2019-05-09,2019050901005885,NLIC,40,7,318,971.00,"308,778.00"
2019-05-09,2019050901006140,NLIC,6,28,20,970.00,"19,400.00"
2019-05-09,2019050901006139,NLIC,5,28,300,970.00,"291,000.00"
2019-05-09,2019050901006138,NLIC,25,28,50,970.00,"48,500.00"
2019-05-09,2019050901006137,NLIC,49,28,582,970.00,"564,540.00"
2019-05-09,2019050901006120,NLIC,49,49,200,970.00,"194,000.00"
2019-05-09,2019050901006118,NLIC,49,36,100,970.00,"97,000.00"
2019-05-09,2019050901005988,NLICL,43,4,20,665.00,"13,300.00"
2019-05-09,2019050901005903,NLICL,49,42,100,663.00,"66,300.00"
2019-05-09,2019050901005902,NLICL,46,42,100,663.00,"66,300.00"
2019-05-09,2019050901005901,NLICL,39,42,100,663.00,"66,300.00"
2019-05-09,2019050901005874,NLICL,35,4,100,665.00,"66,500.00"
2019-05-09,2019050901005873,NLICL,21,4,20,665.00,"13,300.00"
2019-05-09,2019050901005872,NLICL,26,4,100,665.00,"66,500.00"
2019-05-09,2019050901005871,NLICL,22,4,60,665.00,"39,900.00"
2019-05-09,2019050901006322,NMB,32,25,100,381.00,"38,100.00"
2019-05-09,2019050901006321,NMB,6,25,17,381.00,"6,477.00"
2019-05-09,2019050901006123,NMB,49,55,160,382.00,"61,120.00"
2019-05-09,2019050901006122,NMB,49,13,90,382.00,"34,380.00"
2019-05-09,2019050901006027,NMB,6,49,70,381.00,"26,670.00"
2019-05-09,2019050901005855,NMB,6,37,613,381.00,"233,553.00"
2019-05-09,2019050901005854,NMB,6,43,500,381.00,"190,500.00"
2019-05-09,2019050901006208,NMFBS,38,38,98,"1,667.00","163,366.00"
2019-05-09,2019050901006228,NUBL,22,7,118,862.00,"101,716.00"
2019-05-09,2019050901006227,NUBL,59,7,120,862.00,"103,440.00"
2019-05-09,2019050901005841,OHL,49,4,100,581.00,"58,100.00"
2019-05-09,2019050901005840,OHL,40,4,500,581.00,"290,500.00"
2019-05-09,2019050901006230,PCBL,38,32,100,356.00,"35,600.00"
2019-05-09,2019050901006226,PCBL,34,57,12,354.00,"4,248.00"
2019-05-09,2019050901006093,PCBL,26,14,100,355.00,"35,500.00"
2019-05-09,2019050901006092,PCBL,26,38,200,355.00,"71,000.00"
2019-05-09,2019050901006091,PCBL,26,13,500,355.00,"177,500.00"
2019-05-09,2019050901006090,PCBL,26,47,495,355.00,"175,725.00"
2019-05-09,2019050901006001,PCBL,34,54,300,354.00,"106,200.00"
2019-05-09,2019050901006223,PIC,26,45,11,"1,162.00","12,782.00"
2019-05-09,2019050901006218,PIC,7,25,11,"1,166.00","12,826.00"
2019-05-09,2019050901006217,PIC,7,35,59,"1,166.00","68,794.00"
2019-05-09,2019050901006163,PIC,49,39,100,"1,162.00","116,200.00"
2019-05-09,2019050901006076,PIC,49,42,16,"1,162.00","18,592.00"
2019-05-09,2019050901006075,PIC,7,42,100,"1,166.00","116,600.00"
2019-05-09,2019050901005952,PIC,58,48,30,"1,164.00","34,920.00"
2019-05-09,2019050901005934,PIC,19,11,10,"1,162.00","11,620.00"
2019-05-09,2019050901006074,PIC,7,54,200,"1,166.00","233,200.00"
2019-05-09,2019050901006051,PIC,41,57,100,"1,165.00","116,500.00"
2019-05-09,2019050901006050,PIC,41,48,46,"1,164.00","53,544.00"
2019-05-09,2019050901006041,PIC,49,29,84,"1,162.00","97,608.00"
2019-05-09,2019050901006040,PIC,19,29,10,"1,162.00","11,620.00"
2019-05-09,2019050901006039,PIC,55,29,50,"1,162.00","58,100.00"
2019-05-09,2019050901006199,PICL,43,45,24,730.00,"17,520.00"
2019-05-09,2019050901006331,PLIC,28,35,100,484.00,"48,400.00"
2019-05-09,2019050901006330,PLIC,53,35,58,484.00,"28,072.00"
2019-05-09,2019050901005962,PMHPL,17,55,10,112.00,"1,120.00"
2019-05-09,2019050901006278,PRVU,56,45,100,281.00,"28,100.00"
2019-05-09,2019050901006277,PRVU,34,28,13,280.00,"3,640.00"
2019-05-09,2019050901006276,PRVU,25,28,10,280.00,"2,800.00"
2019-05-09,2019050901006004,PRVU,36,45,"1,000",281.00,"281,000.00"
2019-05-09,2019050901005987,PRVU,36,45,829,281.00,"232,949.00"
2019-05-09,2019050901005986,PRVU,36,43,171,281.00,"48,051.00"
2019-05-09,2019050901005881,RBCLPO,33,38,30,"8,900.00","267,000.00"
2019-05-09,2019050901005880,RBCLPO,59,38,20,"8,900.00","178,000.00"
2019-05-09,2019050901006295,SANIMA,42,16,200,356.00,"71,200.00"
2019-05-09,2019050901006252,SANIMA,6,34,200,357.00,"71,400.00"
2019-05-09,2019050901006254,SBBLPO,50,33,"95,000",180.10,"17,109,500.00"
2019-05-09,2019050901006233,SBBLPO,50,33,"95,000",180.10,"17,109,500.00"
2019-05-09,2019050901006167,SBBLPO,50,33,"95,000",180.10,"17,109,500.00"
2019-05-09,2019050901006152,SBBLPO,50,33,"95,000",180.10,"17,109,500.00"
2019-05-09,2019050901006119,SBBLPO,50,33,"95,000",180.10,"17,109,500.00"
2019-05-09,2019050901006112,SBBLPO,50,33,"95,000",180.10,"17,109,500.00"
2019-05-09,2019050901005900,SBBLPO,50,33,"95,000",180.10,"17,109,500.00"
2019-05-09,2019050901005882,SBBLPO,50,33,"95,000",180.10,"17,109,500.00"
2019-05-09,2019050901005856,SBBLPO,50,33,"95,000",180.10,"17,109,500.00"
2019-05-09,2019050901006094,SBBLPO,50,33,"95,000",180.10,"17,109,500.00"
2019-05-09,2019050901006066,SBBLPO,50,33,"95,000",180.10,"17,109,500.00"
2019-05-09,2019050901006018,SBBLPO,50,33,"95,000",180.10,"17,109,500.00"
2019-05-09,2019050901005992,SBBLPO,50,33,"95,000",180.10,"17,109,500.00"
2019-05-09,2019050901005960,SBBLPO,50,33,"95,000",180.10,"17,109,500.00"
2019-05-09,2019050901005925,SBBLPO,50,33,"95,000",180.10,"17,109,500.00"
2019-05-09,2019050901005996,SBI,48,55,178,483.00,"85,974.00"
2019-05-09,2019050901005995,SBI,7,55,10,483.00,"4,830.00"
2019-05-09,2019050901005994,SBI,40,55,312,484.00,"151,008.00"
2019-05-09,2019050901005933,SBI,40,55,688,484.00,"332,992.00"
2019-05-09,2019050901005932,SBI,45,55,102,485.00,"49,470.00"
2019-05-09,2019050901005931,SBI,14,55,400,485.00,"194,000.00"
2019-05-09,2019050901005930,SBI,20,55,40,485.00,"19,400.00"
2019-05-09,2019050901006188,SBL,40,36,164,342.00,"56,088.00"
2019-05-09,2019050901006187,SBL,35,36,36,342.00,"12,312.00"
2019-05-09,2019050901006115,SBL,42,37,17,343.00,"5,831.00"
2019-05-09,2019050901006114,SBL,42,35,"2,600",343.00,"891,800.00"
2019-05-09,2019050901006015,SBL,42,45,35,343.00,"12,005.00"
2019-05-09,2019050901005970,SBL,42,33,48,343.00,"16,464.00"
2019-05-09,2019050901005845,SBL,35,14,644,342.00,"220,248.00"
2019-05-09,2019050901006328,SCB,11,28,20,690.00,"13,800.00"
2019-05-09,2019050901006191,SCB,17,49,25,695.00,"17,375.00"
2019-05-09,2019050901006073,SCB,11,55,185,690.00,"127,650.00"
2019-05-09,2019050901006072,SCB,35,55,200,690.00,"138,000.00"
2019-05-09,2019050901006071,SCB,28,55,100,690.00,"69,000.00"
2019-05-09,2019050901006070,SCB,35,55,100,690.00,"69,000.00"
2019-05-09,2019050901005910,SCB,10,45,90,694.00,"62,460.00"
2019-05-09,2019050901005909,SCB,17,45,100,694.00,"69,400.00"
2019-05-09,2019050901005908,SCB,4,45,99,694.00,"68,706.00"
2019-05-09,2019050901005907,SCB,26,45,100,695.00,"69,500.00"
2019-05-09,2019050901005906,SCB,26,45,65,695.00,"45,175.00"
2019-05-09,2019050901006069,SCB,4,55,50,690.00,"34,500.00"
2019-05-09,2019050901006068,SCB,37,55,500,691.00,"345,500.00"
2019-05-09,2019050901006067,SCB,5,55,30,691.00,"20,730.00"
2019-05-09,2019050901005998,SCB,13,49,24,694.00,"16,656.00"
2019-05-09,2019050901005969,SCB,13,47,80,694.00,"55,520.00"
2019-05-09,2019050901005911,SCB,13,45,146,694.00,"101,324.00"
2019-05-09,2019050901006192,SDESI,41,45,50,629.00,"31,450.00"
2019-05-09,2019050901006237,SFFIL,1,17,50,215.00,"10,750.00"
2019-05-09,2019050901006236,SFFIL,55,17,20,215.00,"4,300.00"
2019-05-09,2019050901006235,SFFIL,58,17,30,218.00,"6,540.00"
2019-05-09,2019050901006332,SHIVM,44,58,50,412.00,"20,600.00"
2019-05-09,2019050901006299,SHIVM,22,3,100,413.00,"41,300.00"
2019-05-09,2019050901006204,SHIVM,44,45,700,412.00,"288,400.00"
2019-05-09,2019050901006175,SHIVM,44,40,230,412.00,"94,760.00"
2019-05-09,2019050901006166,SHIVM,8,3,25,413.00,"10,325.00"
2019-05-09,2019050901006156,SHIVM,16,3,300,413.00,"123,900.00"
2019-05-09,2019050901005857,SHIVM,38,1,50,413.00,"20,650.00"
2019-05-09,2019050901005918,SHIVM,37,38,100,413.00,"41,300.00"
2019-05-09,2019050901005878,SHIVM,37,58,400,413.00,"165,200.00"
2019-05-09,2019050901005877,SHIVM,21,58,"1,000",413.00,"413,000.00"
2019-05-09,2019050901005876,SHIVM,22,58,500,413.00,"206,500.00"
2019-05-09,2019050901005875,SHIVM,38,58,100,413.00,"41,300.00"
2019-05-09,2019050901005867,SHIVM,34,58,500,414.00,"207,000.00"
2019-05-09,2019050901006042,SHIVM,26,38,150,413.00,"61,950.00"
2019-05-09,2019050901006028,SHIVM,25,29,50,412.00,"20,600.00"
2019-05-09,2019050901006009,SHIVM,57,38,150,413.00,"61,950.00"
2019-05-09,2019050901006003,SHIVM,25,40,50,412.00,"20,600.00"
2019-05-09,2019050901005983,SHIVM,25,59,50,412.00,"20,600.00"
2019-05-09,2019050901005976,SHIVM,20,38,100,413.00,"41,300.00"
2019-05-09,2019050901006151,SHIVM,16,45,150,413.00,"61,950.00"
2019-05-09,2019050901006101,SHIVM,16,42,50,413.00,"20,650.00"
2019-05-09,2019050901006046,SHIVM,26,50,690,414.00,"285,660.00"
2019-05-09,2019050901006045,SHIVM,26,58,60,414.00,"24,840.00"
2019-05-09,2019050901006044,SHIVM,26,35,50,413.00,"20,650.00"
2019-05-09,2019050901006043,SHIVM,26,41,50,413.00,"20,650.00"
2019-05-09,2019050901006240,SHL,32,1,100,233.00,"23,300.00"
2019-05-09,2019050901006145,SHPC,4,16,50,259.00,"12,950.00"
2019-05-09,2019050901006025,SIC,32,29,260,"1,515.00","393,900.00"
2019-05-09,2019050901006024,SIC,32,29,200,"1,515.00","303,000.00"
2019-05-09,2019050901006089,SIL,25,11,15,629.00,"9,435.00"
2019-05-09,2019050901006088,SIL,25,33,10,627.00,"6,270.00"
2019-05-09,2019050901006249,SKBBL,35,34,445,"1,000.00","445,000.00"
2019-05-09,2019050901006248,SKBBL,41,34,258,"1,001.00","258,258.00"
2019-05-09,2019050901006159,SKBBL,41,45,242,"1,001.00","242,242.00"
2019-05-09,2019050901006158,SKBBL,58,45,58,"1,002.00","58,116.00"
2019-05-09,2019050901005957,SLBBL,14,45,100,495.00,"49,500.00"
2019-05-09,2019050901006195,SLBS,22,14,20,964.00,"19,280.00"
2019-05-09,2019050901006194,SLBS,6,14,10,970.00,"9,700.00"
2019-05-09,2019050901006168,SLBSL,17,5,10,601.00,"6,010.00"
2019-05-09,2019050901005928,SLICL,17,32,100,580.00,"58,000.00"
2019-05-09,2019050901005927,SLICL,17,5,100,579.00,"57,900.00"
2019-05-09,2019050901006275,SMATA,28,1,19,"1,241.00","23,579.00"
2019-05-09,2019050901006251,SMATA,28,1,19,"1,241.00","23,579.00"
2019-05-09,2019050901006231,SMATA,28,1,19,"1,241.00","23,579.00"
2019-05-09,2019050901006203,SMATA,28,1,19,"1,241.00","23,579.00"
2019-05-09,2019050901006082,SMB,43,45,10,480.00,"4,800.00"
2019-05-09,2019050901005985,SRBL,45,56,55,253.00,"13,915.00"
2019-05-09,2019050901005984,SRBL,45,56,144,253.00,"36,432.00"
2019-05-09,2019050901005935,SRBL,45,57,856,253.00,"216,568.00"
2019-05-09,2019050901006136,SWBBL,20,14,25,896.00,"22,400.00"
2019-05-09,2019050901006135,SWBBL,13,14,60,897.00,"53,820.00"
2019-05-09,2019050901006134,SWBBL,42,14,25,897.00,"22,425.00"
2019-05-09,2019050901006111,SWBBL,47,47,38,899.00,"34,162.00"
2019-05-09,2019050901005917,SWBBL,42,45,25,897.00,"22,425.00"
2019-05-09,2019050901006182,UMHL,29,59,10,116.00,"1,160.00"
2019-05-09,2019050901006181,UMHL,29,57,11,115.00,"1,265.00"
2019-05-09,2019050901006244,UPPER,37,41,171,234.00,"40,014.00"
2019-05-09,2019050901005851,UPPER,37,42,321,234.00,"75,114.00"
2019-05-09,2019050901005850,UPPER,1,42,"1,769",234.00,"413,946.00"
2019-05-09,2019050901005849,UPPER,17,42,500,235.00,"117,500.00"
2019-05-09,2019050901005848,UPPER,37,42,100,235.00,"23,500.00"
2019-05-09,2019050901005847,UPPER,43,42,"1,000",235.00,"235,000.00"
2019-05-09,2019050901005846,UPPER,5,42,310,235.00,"72,850.00"
2019-05-09,2019050901005844,UPPER,5,44,50,235.00,"11,750.00"
2019-05-09,2019050901005689,ADBL,22,7,93,389.00,"36,177.00"
2019-05-09,2019050901005650,ADBL,58,33,100,389.00,"38,900.00"
2019-05-09,2019050901005649,ADBL,13,33,300,389.00,"116,700.00"
2019-05-09,2019050901005600,ADBL,45,49,100,389.00,"38,900.00"
2019-05-09,2019050901005599,ADBL,28,49,100,389.00,"38,900.00"
2019-05-09,2019050901005428,ADBL,22,47,150,389.00,"58,350.00"
2019-05-09,2019050901005389,ADBL,22,55,100,389.00,"38,900.00"
2019-05-09,2019050901005525,ALICL,40,17,70,440.00,"30,800.00"
2019-05-09,2019050901005803,API,43,39,55,137.00,"7,535.00"
2019-05-09,2019050901005778,API,43,32,70,137.00,"9,590.00"
2019-05-09,2019050901005741,API,43,25,225,137.00,"30,825.00"
2019-05-09,2019050901005538,API,21,25,835,136.00,"113,560.00"
2019-05-09,2019050901005440,API,37,16,590,136.00,"80,240.00"
2019-05-09,2019050901005349,API,53,16,10,136.00,"1,360.00"
2019-05-09,2019050901005820,BARUN,1,39,418,91.00,"38,038.00"
2019-05-09,2019050901005819,BARUN,7,39,200,91.00,"18,200.00"
2019-05-09,2019050901005818,BARUN,19,39,80,91.00,"7,280.00"
2019-05-09,2019050901005735,BHBL,28,44,15,174.00,"2,610.00"
2019-05-09,2019050901005413,BHBL,29,33,138,176.00,"24,288.00"
2019-05-09,2019050901005412,BHBL,29,29,300,176.00,"52,800.00"
2019-05-09,2019050901005411,BHBL,29,4,62,175.00,"10,850.00"
2019-05-09,2019050901005816,BOKL,42,13,500,277.00,"138,500.00"
2019-05-09,2019050901005793,BOKL,48,57,284,276.00,"78,384.00"
2019-05-09,2019050901005792,BOKL,26,57,200,276.00,"55,200.00"
2019-05-09,2019050901005791,BOKL,32,57,300,276.00,"82,800.00"
2019-05-09,2019050901005790,BOKL,49,57,429,276.00,"118,404.00"
2019-05-09,2019050901005739,BOKL,57,14,47,277.00,"13,019.00"
2019-05-09,2019050901005638,BOKL,57,38,953,277.00,"263,981.00"
2019-05-09,2019050901005637,BOKL,52,38,500,277.00,"138,500.00"
2019-05-09,2019050901005636,BOKL,50,38,47,277.00,"13,019.00"
2019-05-09,2019050901005564,BOKL,50,59,294,277.00,"81,438.00"
2019-05-09,2019050901005473,BOKL,50,45,100,277.00,"27,700.00"
2019-05-09,2019050901005481,BPCL,49,49,200,367.00,"73,400.00"
2019-05-09,2019050901005477,BPCL,49,42,15,367.00,"5,505.00"
2019-05-09,2019050901005476,BPCL,59,42,18,367.00,"6,606.00"
2019-05-09,2019050901005427,BPCL,59,42,22,367.00,"8,074.00"
2019-05-09,2019050901005372,BPCL,59,42,22,367.00,"8,074.00"
2019-05-09,2019050901005831,CBBL,46,57,125,950.00,"118,750.00"
2019-05-09,2019050901005795,CBBL,46,46,72,950.00,"68,400.00"
2019-05-09,2019050901005794,CBBL,41,46,28,950.00,"26,600.00"
2019-05-09,2019050901005434,CBBL,40,58,500,950.00,"475,000.00"
2019-05-09,2019050901005433,CBBL,33,58,100,950.00,"95,000.00"
2019-05-09,2019050901005432,CBBL,45,58,100,952.00,"95,200.00"
2019-05-09,2019050901005431,CBBL,34,58,500,953.00,"476,500.00"
2019-05-09,2019050901005430,CBBL,18,58,100,955.00,"95,500.00"
2019-05-09,2019050901005714,CBL,11,1,360,151.00,"54,360.00"
2019-05-09,2019050901005713,CBL,43,1,200,151.00,"30,200.00"
2019-05-09,2019050901005712,CBL,58,1,551,151.00,"83,201.00"
2019-05-09,2019050901005706,CBL,58,33,"1,000",151.00,"151,000.00"
2019-05-09,2019050901005642,CBL,58,56,64,151.00,"9,664.00"
2019-05-09,2019050901005580,CBL,42,4,100,152.00,"15,200.00"
2019-05-09,2019050901005546,CBL,47,4,100,152.00,"15,200.00"
2019-05-09,2019050901005391,CBL,58,42,174,151.00,"26,274.00"
2019-05-09,2019050901005812,CCBL,59,1,204,176.00,"35,904.00"
2019-05-09,2019050901005762,CCBL,59,36,13,176.00,"2,288.00"
2019-05-09,2019050901005761,CCBL,34,36,10,176.00,"1,760.00"
2019-05-09,2019050901005745,CCBL,34,36,23,176.00,"4,048.00"
2019-05-09,2019050901005671,CCBL,34,22,40,176.00,"7,040.00"
2019-05-09,2019050901005611,CCBL,34,55,200,176.00,"35,200.00"
2019-05-09,2019050901005579,CCBL,34,35,100,176.00,"17,600.00"
2019-05-09,2019050901005486,CCBL,34,19,200,176.00,"35,200.00"
2019-05-09,2019050901005447,CCBL,34,59,"1,200",176.00,"211,200.00"
2019-05-09,2019050901005443,CCBL,34,7,200,176.00,"35,200.00"
2019-05-09,2019050901005418,CCBL,34,38,27,176.00,"4,752.00"
2019-05-09,2019050901005417,CCBL,56,38,52,176.00,"9,152.00"
2019-05-09,2019050901005699,CFCL,1,32,"1,000",109.00,"109,000.00"
2019-05-09,2019050901005698,CFCL,14,32,"1,000",110.00,"110,000.00"
2019-05-09,2019050901005697,CFCL,28,32,956,110.00,"105,160.00"
2019-05-09,2019050901005830,CHCL,1,13,415,527.00,"218,705.00"
2019-05-09,2019050901005829,CHCL,45,13,85,527.00,"44,795.00"
2019-05-09,2019050901005553,CHCL,45,49,15,527.00,"7,905.00"
2019-05-09,2019050901005552,CHCL,51,49,10,527.00,"5,270.00"
2019-05-09,2019050901005551,CHCL,1,49,95,528.00,"50,160.00"
2019-05-09,2019050901005837,CHL,58,21,10,100.00,"1,000.00"
2019-05-09,2019050901005386,CHLBS,43,42,10,477.00,"4,770.00"
2019-05-09,2019050901005614,CMF1,26,26,"1,000",9.70,"9,700.00"
2019-05-09,2019050901005688,CZBIL,16,55,100,224.00,"22,400.00"
2019-05-09,2019050901005482,CZBIL,45,59,20,225.00,"4,500.00"
2019-05-09,2019050901005438,CZBIL,25,59,100,225.00,"22,500.00"
2019-05-09,2019050901005437,CZBIL,34,59,114,225.00,"25,650.00"
2019-05-09,2019050901005402,CZBIL,34,49,200,225.00,"45,000.00"
2019-05-09,2019050901005396,CZBIL,34,42,10,225.00,"2,250.00"
2019-05-09,2019050901005388,CZBIL,34,21,400,225.00,"90,000.00"
2019-05-09,2019050901005436,DBBL,6,14,200,134.00,"26,800.00"
2019-05-09,2019050901005435,DBBL,6,41,300,134.00,"40,200.00"
2019-05-09,2019050901005788,DDBL,45,42,198,750.00,"148,500.00"
2019-05-09,2019050901005787,DDBL,45,7,500,749.00,"374,500.00"
2019-05-09,2019050901005786,DDBL,45,34,200,745.00,"149,000.00"
2019-05-09,2019050901005785,DDBL,45,56,612,745.00,"455,940.00"
2019-05-09,2019050901005784,DDBL,45,44,990,745.00,"737,550.00"
2019-05-09,2019050901005783,DDBL,45,43,500,744.00,"372,000.00"
2019-05-09,2019050901005809,EBL,41,55,29,661.00,"19,169.00"
2019-05-09,2019050901005397,EBL,58,22,284,662.00,"188,008.00"
2019-05-09,2019050901005339,EBL,58,1,16,662.00,"10,592.00"
2019-05-09,2019050901005647,EDBL,13,43,60,300.00,"18,000.00"
2019-05-09,2019050901005359,EDBL,34,14,395,300.00,"118,500.00"
2019-05-09,2019050901005559,EIC,47,55,85,435.00,"36,975.00"
2019-05-09,2019050901005558,EIC,21,55,100,435.00,"43,500.00"
2019-05-09,2019050901005557,EIC,49,55,100,436.00,"43,600.00"
2019-05-09,2019050901005556,EIC,57,55,65,436.00,"28,340.00"
2019-05-09,2019050901005738,FMDBL,19,33,46,411.00,"18,906.00"
2019-05-09,2019050901005737,FMDBL,55,33,15,411.00,"6,165.00"
2019-05-09,2019050901005736,FMDBL,53,33,39,412.00,"16,068.00"
2019-05-09,2019050901005631,FMDBL,53,21,61,412.00,"25,132.00"
2019-05-09,2019050901005630,FMDBL,25,21,39,413.00,"16,107.00"
2019-05-09,2019050901005384,FMDBL,25,1,61,413.00,"25,193.00"
2019-05-09,2019050901005383,FMDBL,33,1,65,415.00,"26,975.00"
2019-05-09,2019050901005524,FOWAD,32,21,99,"1,550.00","153,450.00"
2019-05-09,2019050901005781,GBBL,55,33,140,222.00,"31,080.00"
2019-05-09,2019050901005475,GBBL,58,59,20,223.00,"4,460.00"
2019-05-09,2019050901005767,GBIME,28,21,100,310.00,"31,000.00"
2019-05-09,2019050901005723,GBIME,43,45,19,311.00,"5,909.00"
2019-05-09,2019050901005717,GBIME,28,32,500,310.00,"155,000.00"
2019-05-09,2019050901005588,GBIME,28,1,17,310.00,"5,270.00"
2019-05-09,2019050901005587,GBIME,34,1,65,310.00,"20,150.00"
2019-05-09,2019050901005657,GBLBS,37,32,"1,000",363.00,"363,000.00"
2019-05-09,2019050901005656,GBLBS,25,32,100,363.00,"36,300.00"
2019-05-09,2019050901005655,GBLBS,51,32,25,363.00,"9,075.00"
2019-05-09,2019050901005602,GBLBS,53,49,300,365.00,"109,500.00"
2019-05-09,2019050901005594,GDBL,21,25,300,212.00,"63,600.00"
2019-05-09,2019050901005593,GDBL,21,22,112,212.00,"23,744.00"
2019-05-09,2019050901005548,HBL,49,25,10,582.00,"5,820.00"
2019-05-09,2019050901005547,HBL,22,25,110,583.00,"64,130.00"
2019-05-09,2019050901005573,HIDCL,14,22,500,144.00,"72,000.00"
2019-05-09,2019050901005572,HIDCL,14,59,63,144.00,"9,072.00"
2019-05-09,2019050901005571,HIDCL,14,11,87,144.00,"12,528.00"
2019-05-09,2019050901005570,HIDCL,14,41,61,144.00,"8,784.00"
2019-05-09,2019050901005569,HIDCL,14,52,300,144.00,"43,200.00"
2019-05-09,2019050901005568,HIDCL,14,4,100,144.00,"14,400.00"
2019-05-09,2019050901005470,HIDCL,1,41,95,143.00,"13,585.00"
2019-05-09,2019050901005469,HIDCL,1,16,100,143.00,"14,300.00"
2019-05-09,2019050901005468,HIDCL,1,37,50,143.00,"7,150.00"
2019-05-09,2019050901005467,HIDCL,1,22,61,143.00,"8,723.00"
2019-05-09,2019050901005466,HIDCL,1,34,61,143.00,"8,723.00"
2019-05-09,2019050901005465,HIDCL,1,56,47,143.00,"6,721.00"
2019-05-09,2019050901005652,IGI,5,8,44,415.00,"18,260.00"
2019-05-09,2019050901005651,IGI,5,8,200,415.00,"83,000.00"
2019-05-09,2019050901005731,JBNL,42,32,451,204.00,"92,004.00"
2019-05-09,2019050901005730,JBNL,42,57,100,204.00,"20,400.00"
2019-05-09,2019050901005724,JBNL,42,26,900,204.00,"183,600.00"
2019-05-09,2019050901005534,JBNL,42,1,200,204.00,"40,800.00"
2019-05-09,2019050901005489,JBNL,42,14,95,204.00,"19,380.00"
2019-05-09,2019050901005472,JBNL,47,58,325,205.00,"66,625.00"
2019-05-09,2019050901005471,JBNL,47,58,175,205.00,"35,875.00"
2019-05-09,2019050901005393,JBNL,42,58,"3,000",204.00,"612,000.00"
2019-05-09,2019050901005822,KBL,25,48,39,223.00,"8,697.00"
2019-05-09,2019050901005821,KBL,25,48,28,223.00,"6,244.00"
2019-05-09,2019050901005763,KBL,58,29,20,224.00,"4,480.00"
2019-05-09,2019050901005742,KBL,51,29,20,224.00,"4,480.00"
2019-05-09,2019050901005715,KBL,51,17,180,224.00,"40,320.00"
2019-05-09,2019050901005710,KBL,25,5,100,223.00,"22,300.00"
2019-05-09,2019050901005419,KBL,43,17,20,224.00,"4,480.00"
2019-05-09,2019050901005549,KMCDB,21,33,300,716.00,"214,800.00"
2019-05-09,2019050901005453,KMCDB,49,52,500,717.00,"358,500.00"
2019-05-09,2019050901005827,LBBL,45,6,20,194.00,"3,880.00"
2019-05-09,2019050901005645,LBBL,45,7,41,193.00,"7,913.00"
2019-05-09,2019050901005644,LBBL,59,7,100,193.00,"19,300.00"
2019-05-09,2019050901005643,LBBL,56,7,15,193.00,"2,895.00"
2019-05-09,2019050901005777,LBL,48,52,14,227.00,"3,178.00"
2019-05-09,2019050901005506,LBL,48,45,108,227.00,"24,516.00"
2019-05-09,2019050901005505,LBL,48,45,403,227.00,"91,481.00"
2019-05-09,2019050901005504,LBL,34,45,189,228.00,"43,092.00"
2019-05-09,2019050901005654,LEMF,55,26,"4,000",8.52,"34,080.00"
2019-05-09,2019050901005653,LEMF,55,6,"1,000",8.51,"8,510.00"
2019-05-09,2019050901005833,LICN,48,58,10,"1,917.00","19,170.00"
2019-05-09,2019050901005828,MBL,17,55,100,267.00,"26,700.00"
2019-05-09,2019050901005789,MBL,38,53,20,268.00,"5,360.00"
2019-05-09,2019050901005577,MBL,18,58,500,267.00,"133,500.00"
2019-05-09,2019050901005576,MBL,18,40,400,267.00,"106,800.00"
2019-05-09,2019050901005507,MBL,49,47,445,266.00,"118,370.00"
2019-05-09,2019050901005500,MBL,51,13,100,267.00,"26,700.00"
2019-05-09,2019050901005499,MBL,51,42,16,267.00,"4,272.00"
2019-05-09,2019050901005721,MEGA,33,33,"1,000",194.00,"194,000.00"
2019-05-09,2019050901005510,MEGA,33,35,200,194.00,"38,800.00"
2019-05-09,2019050901005360,MEGA,33,1,223,194.00,"43,262.00"
2019-05-09,2019050901005352,MEGA,33,21,200,194.00,"38,800.00"
2019-05-09,2019050901005351,MEGA,11,21,400,194.00,"77,600.00"
2019-05-09,2019050901005448,MLBL,49,49,216,189.00,"40,824.00"
2019-05-09,2019050901005707,MNBBL,37,32,500,378.00,"189,000.00"
2019-05-09,2019050901005673,MNBBL,37,45,64,378.00,"24,192.00"
2019-05-09,2019050901005672,MNBBL,40,45,500,378.00,"189,000.00"
2019-05-09,2019050901005523,MNBBL,42,45,150,378.00,"56,700.00"
2019-05-09,2019050901005522,MNBBL,49,45,80,378.00,"30,240.00"
2019-05-09,2019050901005521,MNBBL,40,45,500,378.00,"189,000.00"
2019-05-09,2019050901005520,MNBBL,17,45,39,378.00,"14,742.00"
2019-05-09,2019050901005345,MNBBL,33,57,112,379.00,"42,448.00"
2019-05-09,2019050901005555,MNBBL,39,21,10,377.00,"3,770.00"
2019-05-09,2019050901005554,MNBBL,50,21,90,377.00,"33,930.00"
2019-05-09,2019050901005533,MNBBL,50,20,110,377.00,"41,470.00"
2019-05-09,2019050901005532,MNBBL,52,20,100,377.00,"37,700.00"
2019-05-09,2019050901005531,MNBBL,40,20,490,377.00,"184,730.00"
2019-05-09,2019050901005612,MSLB,11,5,25,"1,215.00","30,375.00"
2019-05-09,2019050901005836,NABIL,29,57,30,839.00,"25,170.00"
2019-05-09,2019050901005824,NABIL,38,22,20,840.00,"16,800.00"
2019-05-09,2019050901005518,NABIL,49,25,43,839.00,"36,077.00"
2019-05-09,2019050901005619,NABILP,45,28,14,820.00,"11,480.00"
2019-05-09,2019050901005385,NABILP,59,45,10,823.00,"8,230.00"
2019-05-09,2019050901005375,NABILP,45,59,850,820.00,"697,000.00"
2019-05-09,2019050901005374,NABILP,17,59,50,820.00,"41,000.00"
2019-05-09,2019050901005373,NABILP,33,59,100,821.00,"82,100.00"
2019-05-09,2019050901005806,NADEP,13,6,17,513.00,"8,721.00"
2019-05-09,2019050901005805,NADEP,6,6,13,513.00,"6,669.00"
2019-05-09,2019050901005804,NADEP,35,6,10,513.00,"5,130.00"
2019-05-09,2019050901005591,NADEP,35,21,10,513.00,"5,130.00"
2019-05-09,2019050901005709,NBB,51,20,50,228.00,"11,400.00"
2019-05-09,2019050901005589,NBB,47,20,100,228.00,"22,800.00"
2019-05-09,2019050901005586,NBB,17,20,150,228.00,"34,200.00"
2019-05-09,2019050901005585,NBB,28,20,64,228.00,"14,592.00"
2019-05-09,2019050901005562,NBB,28,55,131,228.00,"29,868.00"
2019-05-09,2019050901005561,NBB,1,55,"1,200",228.00,"273,600.00"
2019-05-09,2019050901005537,NBB,59,17,100,229.00,"22,900.00"
2019-05-09,2019050901005813,NBL,38,34,50,311.00,"15,550.00"
2019-05-09,2019050901005692,NBL,55,34,150,311.00,"46,650.00"
2019-05-09,2019050901005691,NBL,55,59,50,311.00,"15,550.00"
2019-05-09,2019050901005690,NBL,55,55,300,311.00,"93,300.00"
2019-05-09,2019050901005513,NBL,5,39,260,310.00,"80,600.00"
2019-05-09,2019050901005512,NBL,55,39,500,310.00,"155,000.00"
2019-05-09,2019050901005511,NBL,25,39,740,310.00,"229,400.00"
2019-05-09,2019050901005815,NCCB,58,58,200,246.00,"49,200.00"
2019-05-09,2019050901005814,NCCB,43,58,300,246.00,"73,800.00"
2019-05-09,2019050901005701,NCCB,58,41,500,247.00,"123,500.00"
2019-05-09,2019050901005693,NCCB,58,20,"1,000",247.00,"247,000.00"
2019-05-09,2019050901005676,NCCB,58,51,950,247.00,"234,650.00"
2019-05-09,2019050901005675,NCCB,58,38,150,247.00,"37,050.00"
2019-05-09,2019050901005392,NCCB,58,21,10,247.00,"2,470.00"
2019-05-09,2019050901005356,NCCB,55,42,100,248.00,"24,800.00"
2019-05-09,2019050901005527,NCCB,58,55,100,247.00,"24,700.00"
2019-05-09,2019050901005495,NCCB,58,4,150,247.00,"37,050.00"
2019-05-09,2019050901005488,NCCB,58,40,450,248.00,"111,600.00"
2019-05-09,2019050901005487,NCCB,58,42,50,248.00,"12,400.00"
2019-05-09,2019050901005485,NCCB,58,35,200,247.00,"49,400.00"
2019-05-09,2019050901005480,NCCB,40,42,500,248.00,"124,000.00"
2019-05-09,2019050901005613,NCCB,58,49,500,247.00,"123,500.00"
2019-05-09,2019050901005609,NCCB,58,4,50,247.00,"12,350.00"
2019-05-09,2019050901005601,NCCB,58,39,400,247.00,"98,800.00"
2019-05-09,2019050901005590,NCCB,58,45,635,247.00,"156,845.00"
2019-05-09,2019050901005578,NCCB,58,4,218,247.00,"53,846.00"
2019-05-09,2019050901005539,NCCB,58,4,100,247.00,"24,700.00"
2019-05-09,2019050901005629,NCCB,58,51,60,247.00,"14,820.00"
2019-05-09,2019050901005628,NCCB,38,51,500,247.00,"123,500.00"
2019-05-09,2019050901005627,NCCB,38,51,440,247.00,"108,680.00"
2019-05-09,2019050901005626,NCCB,38,51,60,247.00,"14,820.00"
2019-05-09,2019050901005625,NCCB,34,51,"1,000",247.00,"247,000.00"
2019-05-09,2019050901005624,NCCB,58,51,240,247.00,"59,280.00"
2019-05-09,2019050901005728,NCDB,28,52,200,138.00,"27,600.00"
2019-05-09,2019050901005674,NCDB,28,36,"1,000",139.00,"139,000.00"
2019-05-09,2019050901005421,NCDB,28,59,233,140.00,"32,620.00"
2019-05-09,2019050901005369,NHDL,34,47,50,137.00,"6,850.00"
2019-05-09,2019050901005368,NHDL,34,39,100,137.00,"13,700.00"
2019-05-09,2019050901005367,NHDL,34,59,60,137.00,"8,220.00"
2019-05-09,2019050901005366,NHDL,34,41,100,137.00,"13,700.00"
2019-05-09,2019050901005365,NHDL,34,41,100,137.00,"13,700.00"
2019-05-09,2019050901005364,NHDL,34,28,90,137.00,"12,330.00"
2019-05-09,2019050901005363,NHDL,34,48,"1,700",135.00,"229,500.00"
2019-05-09,2019050901005362,NHDL,34,59,10,135.00,"1,350.00"
2019-05-09,2019050901005361,NHDL,34,41,10,135.00,"1,350.00"
2019-05-09,2019050901005545,NHPC,49,29,"1,000",69.00,"69,000.00"
2019-05-09,2019050901005826,NIB,29,22,10,562.00,"5,620.00"
2019-05-09,2019050901005807,NIB,6,36,17,561.00,"9,537.00"
2019-05-09,2019050901005796,NIB,6,36,17,561.00,"9,537.00"
2019-05-09,2019050901005747,NIB,38,51,160,562.00,"89,920.00"
2019-05-09,2019050901005746,NIB,38,13,40,562.00,"22,480.00"
2019-05-09,2019050901005708,NIB,43,51,10,562.00,"5,620.00"
2019-05-09,2019050901005574,NIB,40,51,27,562.00,"15,174.00"
2019-05-09,2019050901005509,NIB,40,32,23,562.00,"12,926.00"
2019-05-09,2019050901005478,NIB,40,25,80,562.00,"44,960.00"
2019-05-09,2019050901005357,NIB,40,59,17,562.00,"9,554.00"
2019-05-09,2019050901005353,NIB,40,32,23,562.00,"12,926.00"
2019-05-09,2019050901005530,NIBPO,44,28,390,530.00,"206,700.00"
2019-05-09,2019050901005529,NIBPO,35,28,50,530.00,"26,500.00"
2019-05-09,2019050901005528,NIBPO,17,28,60,530.00,"31,800.00"
2019-05-09,2019050901005390,NIBPO,1,8,400,531.00,"212,400.00"
2019-05-09,2019050901005779,NIBSF1,21,17,"10,000",9.50,"95,000.00"
2019-05-09,2019050901005759,NICA,6,58,50,489.00,"24,450.00"
2019-05-09,2019050901005758,NICA,22,58,250,489.00,"122,250.00"
2019-05-09,2019050901005720,NICA,22,17,110,489.00,"53,790.00"
2019-05-09,2019050901005703,NICA,22,17,57,489.00,"27,873.00"
2019-05-09,2019050901005702,NICA,22,17,53,489.00,"25,917.00"
2019-05-09,2019050901005684,NICA,22,17,190,489.00,"92,910.00"
2019-05-09,2019050901005414,NICA,43,47,823,489.00,"402,447.00"
2019-05-09,2019050901005348,NICA,10,49,25,490.00,"12,250.00"
2019-05-09,2019050901005347,NICA,10,38,275,490.00,"134,750.00"
2019-05-09,2019050901005683,NICA,22,33,100,489.00,"48,900.00"
2019-05-09,2019050901005592,NICA,22,41,100,489.00,"48,900.00"
2019-05-09,2019050901005446,NICA,22,38,108,490.00,"52,920.00"
2019-05-09,2019050901005445,NICA,22,49,475,490.00,"232,750.00"
2019-05-09,2019050901005416,NICA,22,47,67,489.00,"32,763.00"
2019-05-09,2019050901005415,NICA,6,47,100,489.00,"48,900.00"
2019-05-09,2019050901005808,NICGF,51,21,200,9.65,"1,930.00"
2019-05-09,2019050901005687,NICGF,26,26,700,9.66,"6,762.00"
2019-05-09,2019050901005426,NIL,52,26,13,528.00,"6,864.00"
2019-05-09,2019050901005399,NIL,13,49,100,525.00,"52,500.00"
2019-05-09,2019050901005622,NLBBL,38,40,50,532.00,"26,600.00"
2019-05-09,2019050901005621,NLBBL,38,40,50,532.00,"26,600.00"
2019-05-09,2019050901005519,NLBBL,46,40,100,533.00,"53,300.00"
2019-05-09,2019050901005450,NLBBL,53,40,90,533.00,"47,970.00"
2019-05-09,2019050901005400,NLBBL,53,5,50,533.00,"26,650.00"
2019-05-09,2019050901005544,NLG,44,48,100,870.00,"87,000.00"
2019-05-09,2019050901005825,NLIC,56,4,100,973.00,"97,300.00"
2019-05-09,2019050901005755,NLIC,57,25,89,972.00,"86,508.00"
2019-05-09,2019050901005705,NLIC,26,52,101,971.00,"98,071.00"
2019-05-09,2019050901005704,NLIC,44,52,150,971.00,"145,650.00"
2019-05-09,2019050901005670,NLIC,36,41,20,970.00,"19,400.00"
2019-05-09,2019050901005669,NLIC,57,41,20,970.00,"19,400.00"
2019-05-09,2019050901005463,NLIC,51,55,50,972.00,"48,600.00"
2019-05-09,2019050901005462,NLIC,16,55,10,972.00,"9,720.00"
2019-05-09,2019050901005668,NLIC,1,41,150,970.00,"145,500.00"
2019-05-09,2019050901005667,NLIC,36,41,50,970.00,"48,500.00"
2019-05-09,2019050901005666,NLIC,43,41,50,970.00,"48,500.00"
2019-05-09,2019050901005665,NLIC,21,41,30,971.00,"29,130.00"
2019-05-09,2019050901005664,NLIC,58,41,20,971.00,"19,420.00"
2019-05-09,2019050901005464,NLIC,40,55,179,972.00,"173,988.00"
2019-05-09,2019050901005623,NMB,32,20,100,380.00,"38,000.00"
2019-05-09,2019050901005608,NMB,32,35,233,380.00,"88,540.00"
2019-05-09,2019050901005607,NMB,32,35,148,380.00,"56,240.00"
2019-05-09,2019050901005606,NMB,17,35,100,381.00,"38,100.00"
2019-05-09,2019050901005605,NMB,22,35,199,381.00,"75,819.00"
2019-05-09,2019050901005410,NMB,22,55,26,381.00,"9,906.00"
2019-05-09,2019050901005409,NMB,11,55,"1,000",381.00,"381,000.00"
2019-05-09,2019050901005408,NMB,17,55,100,381.00,"38,100.00"
2019-05-09,2019050901005407,NMB,26,55,200,381.00,"76,200.00"
2019-05-09,2019050901005406,NMB,26,55,90,382.00,"34,380.00"
2019-05-09,2019050901005501,NMFBS,48,58,40,"1,670.00","66,800.00"
2019-05-09,2019050901005757,OHL,34,16,100,582.00,"58,200.00"
2019-05-09,2019050901005756,OHL,16,16,100,583.00,"58,300.00"
2019-05-09,2019050901005719,PCBL,34,22,246,354.00,"87,084.00"
2019-05-09,2019050901005718,PCBL,34,1,150,354.00,"53,100.00"
2019-05-09,2019050901005458,PCBL,18,13,40,354.00,"14,160.00"
2019-05-09,2019050901005457,PCBL,18,38,529,354.00,"187,266.00"
2019-05-09,2019050901005498,PFL,59,42,39,134.00,"5,226.00"
2019-05-09,2019050901005459,PFL,45,42,16,135.00,"2,160.00"
2019-05-09,2019050901005420,PFL,59,42,39,134.00,"5,226.00"
2019-05-09,2019050901005387,PFL,59,42,39,134.00,"5,226.00"
2019-05-09,2019050901005341,PFL,59,26,13,134.00,"1,742.00"
2019-05-09,2019050901005338,PFL,59,42,39,134.00,"5,226.00"
2019-05-09,2019050901005799,PIC,6,59,10,"1,163.00","11,630.00"
2019-05-09,2019050901005740,PIC,49,48,71,"1,164.00","82,644.00"
2019-05-09,2019050901005716,PIC,49,10,79,"1,164.00","91,956.00"
2019-05-09,2019050901005694,PIC,33,33,30,"1,166.00","34,980.00"
2019-05-09,2019050901005679,PIC,6,58,200,"1,165.00","233,000.00"
2019-05-09,2019050901005646,PIC,49,58,150,"1,164.00","174,600.00"
2019-05-09,2019050901005616,PIC,44,59,150,"1,164.00","174,600.00"
2019-05-09,2019050901005584,PICL,43,1,50,730.00,"36,500.00"
2019-05-09,2019050901005503,PICL,43,32,112,730.00,"81,760.00"
2019-05-09,2019050901005502,PICL,53,32,50,730.00,"36,500.00"
2019-05-09,2019050901005727,PLIC,53,38,41,484.00,"19,844.00"
2019-05-09,2019050901005726,PLIC,22,38,60,485.00,"29,100.00"
2019-05-09,2019050901005725,PLIC,28,38,72,485.00,"34,920.00"
2019-05-09,2019050901005494,PLIC,53,58,31,484.00,"15,004.00"
2019-05-09,2019050901005493,PLIC,56,58,500,484.00,"242,000.00"
2019-05-09,2019050901005492,PLIC,28,58,30,484.00,"14,520.00"
2019-05-09,2019050901005491,PLIC,41,58,300,486.00,"145,800.00"
2019-05-09,2019050901005454,PLIC,35,49,49,486.00,"23,814.00"
2019-05-09,2019050901005350,PLIC,35,26,51,486.00,"24,786.00"
2019-05-09,2019050901005733,PMHPL,17,55,10,112.00,"1,120.00"
2019-05-09,2019050901005595,PMHPL,17,56,10,112.00,"1,120.00"
2019-05-09,2019050901005583,PMHPL,17,56,10,112.00,"1,120.00"
2019-05-09,2019050901005514,PMHPL,17,42,10,112.00,"1,120.00"
2019-05-09,2019050901005439,PMHPL,17,42,10,112.00,"1,120.00"
2019-05-09,2019050901005422,PMHPL,17,7,10,112.00,"1,120.00"
2019-05-09,2019050901005541,PRIN,58,14,290,421.00,"122,090.00"
2019-05-09,2019050901005540,PRIN,18,14,10,422.00,"4,220.00"
2019-05-09,2019050901005455,PRIN,40,34,40,424.00,"16,960.00"
2019-05-09,2019050901005823,PRVU,13,43,"1,000",281.00,"281,000.00"
2019-05-09,2019050901005685,PRVU,25,49,40,280.00,"11,200.00"
2019-05-09,2019050901005633,PRVU,14,28,909,281.00,"255,429.00"
2019-05-09,2019050901005620,PRVU,51,20,492,280.00,"137,760.00"
2019-05-09,2019050901005441,PRVU,50,40,40,281.00,"11,240.00"
2019-05-09,2019050901005370,PRVU,51,26,20,280.00,"5,600.00"
2019-05-09,2019050901005598,PRVU,16,28,420,281.00,"118,020.00"
2019-05-09,2019050901005596,PRVU,16,1,80,281.00,"22,480.00"
2019-05-09,2019050901005560,PRVU,51,1,80,280.00,"22,400.00"
2019-05-09,2019050901005442,PRVU,50,11,157,281.00,"44,117.00"
2019-05-09,2019050901005752,RADHI,42,28,200,156.00,"31,200.00"
2019-05-09,2019050901005751,RADHI,39,28,200,156.00,"31,200.00"
2019-05-09,2019050901005750,RADHI,13,28,178,157.00,"27,946.00"
2019-05-09,2019050901005749,RADHI,37,28,200,158.00,"31,600.00"
2019-05-09,2019050901005748,RADHI,37,28,57,158.00,"9,006.00"
2019-05-09,2019050901005490,RADHI,37,32,11,158.00,"1,738.00"
2019-05-09,2019050901005342,RBCL,45,38,10,"9,900.00","99,000.00"
2019-05-09,2019050901005810,RBCLPO,52,33,10,"8,976.00","89,760.00"
2019-05-09,2019050901005771,RBCLPO,52,49,20,"8,976.00","179,520.00"
2019-05-09,2019050901005452,RRHP,40,32,10,92.00,920.00
2019-05-09,2019050901005382,RRHP,40,26,10,92.00,920.00
2019-05-09,2019050901005550,RSDC,34,5,63,389.00,"24,507.00"
2019-05-09,2019050901005729,SANIMA,42,55,200,356.00,"71,200.00"
2019-05-09,2019050901005686,SANIMA,19,43,"1,000",357.00,"357,000.00"
2019-05-09,2019050901005682,SANIMA,34,38,120,358.00,"42,960.00"
2019-05-09,2019050901005681,SANIMA,34,13,40,358.00,"14,320.00"
2019-05-09,2019050901005680,SANIMA,34,40,400,358.00,"143,200.00"
2019-05-09,2019050901005663,SANIMA,34,6,440,357.00,"157,080.00"
2019-05-09,2019050901005662,SANIMA,45,6,130,357.00,"46,410.00"
2019-05-09,2019050901005661,SANIMA,45,6,100,357.00,"35,700.00"
2019-05-09,2019050901005660,SANIMA,49,6,80,357.00,"28,560.00"
2019-05-09,2019050901005659,SANIMA,41,6,150,357.00,"53,550.00"
2019-05-09,2019050901005658,SANIMA,29,6,100,357.00,"35,700.00"
2019-05-09,2019050901005401,SANIMA,17,21,10,357.00,"3,570.00"
2019-05-09,2019050901005780,SBBLJ,33,14,125,202.00,"25,250.00"
2019-05-09,2019050901005782,SBBLPO,50,33,"95,000",180.10,"17,109,500.00"
2019-05-09,2019050901005760,SBBLPO,50,33,"95,000",180.10,"17,109,500.00"
2019-05-09,2019050901005743,SBBLPO,50,33,"95,000",180.10,"17,109,500.00"
2019-05-09,2019050901005700,SBBLPO,50,33,"95,000",180.10,"17,109,500.00"
2019-05-09,2019050901005536,SBI,20,45,170,485.00,"82,450.00"
2019-05-09,2019050901005535,SBI,6,45,30,485.00,"14,550.00"
2019-05-09,2019050901005395,SBI,6,26,11,485.00,"5,335.00"
2019-05-09,2019050901005394,SBI,25,26,10,486.00,"4,860.00"
2019-05-09,2019050901005835,SBL,38,37,30,344.00,"10,320.00"
2019-05-09,2019050901005696,SBL,35,38,420,342.00,"143,640.00"
2019-05-09,2019050901005695,SBL,47,38,200,343.00,"68,600.00"
2019-05-09,2019050901005575,SBL,35,45,200,342.00,"68,400.00"
2019-05-09,2019050901005381,SBL,35,55,741,342.00,"253,422.00"
2019-05-09,2019050901005380,SBL,13,55,251,343.00,"86,093.00"
2019-05-09,2019050901005379,SBL,59,55,20,343.00,"6,860.00"
2019-05-09,2019050901005378,SBL,57,55,173,343.00,"59,339.00"
2019-05-09,2019050901005344,SBL,57,58,200,343.00,"68,600.00"
2019-05-09,2019050901005456,SCB,26,26,20,695.00,"13,900.00"
2019-05-09,2019050901005424,SCB,14,55,50,700.00,"35,000.00"
2019-05-09,2019050901005817,SHIVM,8,38,150,414.00,"62,100.00"
2019-05-09,2019050901005802,SHIVM,8,54,50,414.00,"20,700.00"
2019-05-09,2019050901005797,SHIVM,38,19,50,413.00,"20,650.00"
2019-05-09,2019050901005765,SHIVM,38,42,50,413.00,"20,650.00"
2019-05-09,2019050901005764,SHIVM,38,33,400,413.00,"165,200.00"
2019-05-09,2019050901005732,SHIVM,38,51,50,413.00,"20,650.00"
2019-05-09,2019050901005355,SHIVM,14,58,410,414.00,"169,740.00"
2019-05-09,2019050901005354,SHIVM,1,58,90,414.00,"37,260.00"
2019-05-09,2019050901005566,SHIVM,26,19,50,414.00,"20,700.00"
2019-05-09,2019050901005565,SHIVM,26,17,30,414.00,"12,420.00"
2019-05-09,2019050901005461,SHIVM,7,38,10,414.00,"4,140.00"
2019-05-09,2019050901005460,SHIVM,14,38,180,414.00,"74,520.00"
2019-05-09,2019050901005423,SHIVM,14,38,410,414.00,"169,740.00"
2019-05-09,2019050901005403,SHIVM,14,47,50,415.00,"20,750.00"
2019-05-09,2019050901005648,SHIVM,38,51,50,413.00,"20,650.00"
2019-05-09,2019050901005635,SHIVM,45,16,25,414.00,"10,350.00"
2019-05-09,2019050901005618,SHIVM,38,45,350,413.00,"144,550.00"
2019-05-09,2019050901005617,SHIVM,46,45,200,413.00,"82,600.00"
2019-05-09,2019050901005610,SHIVM,26,38,370,414.00,"153,180.00"
2019-05-09,2019050901005597,SHIVM,26,32,50,414.00,"20,700.00"
2019-05-09,2019050901005769,SHPC,4,32,150,259.00,"38,850.00"
2019-05-09,2019050901005768,SHPC,4,55,40,259.00,"10,360.00"
2019-05-09,2019050901005734,SHPC,4,59,50,258.00,"12,900.00"
2019-05-09,2019050901005474,SHPC,4,21,15,258.00,"3,870.00"
2019-05-09,2019050901005444,SHPC,4,32,95,258.00,"24,510.00"
2019-05-09,2019050901005429,SHPC,1,55,300,259.00,"77,700.00"
2019-05-09,2019050901005811,SIC,32,53,50,"1,514.00","75,700.00"
2019-05-09,2019050901005800,SIC,39,11,10,"1,513.00","15,130.00"
2019-05-09,2019050901005776,SIC,43,53,100,"1,514.00","151,400.00"
2019-05-09,2019050901005775,SIC,43,53,100,"1,514.00","151,400.00"
2019-05-09,2019050901005774,SIC,13,53,50,"1,514.00","75,700.00"
2019-05-09,2019050901005773,SIC,28,53,50,"1,515.00","75,750.00"
2019-05-09,2019050901005772,SIC,32,53,150,"1,515.00","227,250.00"
2019-05-09,2019050901005754,SIC,32,45,700,"1,522.00","1,065,400.00"
2019-05-09,2019050901005722,SIC,32,4,40,"1,516.00","60,640.00"
2019-05-09,2019050901005634,SIC,58,45,50,"1,522.00","76,100.00"
2019-05-09,2019050901005632,SICL,44,57,53,892.00,"47,276.00"
2019-05-09,2019050901005582,SICL,44,55,47,892.00,"41,924.00"
2019-05-09,2019050901005358,SICL,26,40,90,891.00,"80,190.00"
2019-05-09,2019050901005343,SICL,26,16,10,891.00,"8,910.00"
2019-05-09,2019050901005371,SIL,19,22,29,621.00,"18,009.00"
2019-05-09,2019050901005604,SLBBL,46,17,25,495.00,"12,375.00"
2019-05-09,2019050901005603,SLBBL,7,17,45,496.00,"22,320.00"
2019-05-09,2019050901005376,SLBBL,57,3,190,499.00,"94,810.00"
2019-05-09,2019050901005405,SLICL,40,39,200,580.00,"116,000.00"
2019-05-09,2019050901005404,SLICL,35,39,100,580.00,"58,000.00"
2019-05-09,2019050901005543,SMATA,28,59,19,"1,241.00","23,579.00"
2019-05-09,2019050901005832,SRBL,45,57,10,253.00,"2,530.00"
2019-05-09,2019050901005801,SRBL,25,40,18,252.00,"4,536.00"
2019-05-09,2019050901005770,SRBL,25,40,265,252.00,"66,780.00"
2019-05-09,2019050901005753,SRBL,25,40,265,252.00,"66,780.00"
2019-05-09,2019050901005744,SRBL,45,57,434,253.00,"109,802.00"
2019-05-09,2019050901005711,SRBL,45,14,566,253.00,"143,198.00"
2019-05-09,2019050901005581,SRBL,45,14,435,253.00,"110,055.00"
2019-05-09,2019050901005567,SRBL,45,49,350,253.00,"88,550.00"
2019-05-09,2019050901005496,SRBL,47,22,500,254.00,"127,000.00"
2019-05-09,2019050901005484,SRBL,45,28,"1,215",253.00,"307,395.00"
2019-05-09,2019050901005483,SRBL,41,28,285,253.00,"72,105.00"
2019-05-09,2019050901005425,SRBL,41,13,15,253.00,"3,795.00"
2019-05-09,2019050901005678,SWBBL,20,33,10,896.00,"8,960.00"
2019-05-09,2019050901005677,SWBBL,34,33,10,897.00,"8,970.00"
2019-05-09,2019050901005798,UIC,55,38,30,975.00,"29,250.00"
2019-05-09,2019050901005641,UIC,45,5,100,967.00,"96,700.00"
2019-05-09,2019050901005640,UIC,17,5,100,968.00,"96,800.00"
2019-05-09,2019050901005639,UIC,28,5,200,969.00,"193,800.00"
2019-05-09,2019050901005615,UIC,17,40,500,970.00,"485,000.00"
2019-05-09,2019050901005563,UMHL,59,56,10,114.00,"1,140.00"
2019-05-09,2019050901005542,UMHL,59,56,10,114.00,"1,140.00"
2019-05-09,2019050901005479,UPCL,26,26,500,94.00,"47,000.00"
2019-05-09,2019050901005834,UPPER,5,48,50,235.00,"11,750.00"
2019-05-09,2019050901005766,UPPER,5,45,40,235.00,"9,400.00"
2019-05-09,2019050901005340,UPPER,34,42,50,237.00,"11,850.00"
2019-05-09,2019050901005451,UPPER,28,5,100,236.00,"23,600.00"
2019-05-09,2019050901005449,UPPER,28,42,40,236.00,"9,440.00"
2019-05-09,2019050901005398,UPPER,34,42,40,237.00,"9,480.00"
2019-05-09,2019050901005377,UPPER,34,42,50,237.00,"11,850.00"
2019-05-09,2019050901005346,UPPER,34,42,50,237.00,"11,850.00"
2019-05-09,2019050901005526,UPPER,5,42,50,235.00,"11,750.00"
2019-05-09,2019050901005517,UPPER,17,58,"1,000",236.00,"236,000.00"
2019-05-09,2019050901005516,UPPER,17,58,300,236.00,"70,800.00"
2019-05-09,2019050901005515,UPPER,28,58,290,236.00,"68,440.00"
2019-05-09,2019050901005508,UPPER,28,6,160,236.00,"37,760.00"
2019-05-09,2019050901005497,UPPER,28,26,50,236.00,"11,800.00"
2019-05-09,2019050901005251,ADBL,22,57,100,389.00,"38,900.00"
2019-05-09,2019050901005206,ADBL,22,20,57,389.00,"22,173.00"
2019-05-09,2019050901005088,ADBL,13,20,443,389.00,"172,327.00"
2019-05-09,2019050901005015,ADBL,34,50,373,390.00,"145,470.00"
2019-05-09,2019050901005014,ADBL,34,50,500,390.00,"195,000.00"
2019-05-09,2019050901005013,ADBL,34,18,127,390.00,"49,530.00"
2019-05-09,2019050901004914,ADBL,22,17,202,389.00,"78,578.00"
2019-05-09,2019050901004913,ADBL,22,41,100,389.00,"38,900.00"
2019-05-09,2019050901004912,ADBL,22,14,698,389.00,"271,522.00"
2019-05-09,2019050901004898,ADBL,38,14,50,389.00,"19,450.00"
2019-05-09,2019050901004971,ADBL,22,18,670,390.00,"261,300.00"
2019-05-09,2019050901004970,ADBL,22,18,"1,000",390.00,"390,000.00"
2019-05-09,2019050901004969,ADBL,22,45,50,390.00,"19,500.00"
2019-05-09,2019050901004968,ADBL,22,32,200,390.00,"78,000.00"
2019-05-09,2019050901004967,ADBL,22,58,80,390.00,"31,200.00"
2019-05-09,2019050901004962,ADBL,13,17,57,389.00,"22,173.00"
2019-05-09,2019050901005310,AHPC,42,37,"2,000",105.00,"210,000.00"
2019-05-09,2019050901005309,AHPC,43,37,"2,000",105.00,"210,000.00"
2019-05-09,2019050901005289,AHPC,37,48,100,107.00,"10,700.00"
2019-05-09,2019050901005288,AHPC,37,6,45,107.00,"4,815.00"
2019-05-09,2019050901005149,AKJCL,26,26,10,79.00,790.00
2019-05-09,2019050901005042,AKPL,38,52,873,181.00,"158,013.00"
2019-05-09,2019050901005041,AKPL,38,29,13,180.00,"2,340.00"
2019-05-09,2019050901005004,AKPL,37,37,13,180.00,"2,340.00"
2019-05-09,2019050901005003,AKPL,37,29,46,180.00,"8,280.00"
2019-05-09,2019050901005162,ALBSL,7,26,10,465.00,"4,650.00"
2019-05-09,2019050901005128,ALBSL,11,32,80,466.00,"37,280.00"
2019-05-09,2019050901005111,ALICL,22,44,500,442.00,"221,000.00"
2019-05-09,2019050901004947,ALICL,40,44,930,440.00,"409,200.00"
2019-05-09,2019050901004946,ALICL,33,44,300,440.00,"132,000.00"
2019-05-09,2019050901004945,ALICL,45,44,200,440.00,"88,000.00"
2019-05-09,2019050901004944,ALICL,42,44,350,441.00,"154,350.00"
2019-05-09,2019050901004943,ALICL,25,44,20,442.00,"8,840.00"
2019-05-09,2019050901004927,ALICL,37,19,50,443.00,"22,150.00"
2019-05-09,2019050901004926,ALICL,37,6,20,443.00,"8,860.00"
2019-05-09,2019050901005333,API,37,16,500,136.00,"68,000.00"
2019-05-09,2019050901005325,API,37,16,100,136.00,"13,600.00"
2019-05-09,2019050901005105,API,6,22,"2,159",135.00,"291,465.00"
2019-05-09,2019050901004982,API,6,6,11,135.00,"1,485.00"
2019-05-09,2019050901004902,API,47,22,700,136.00,"95,200.00"
2019-05-09,2019050901004955,BARUN,19,35,10,91.00,910.00
2019-05-09,2019050901005237,BHBL,1,17,131,175.00,"22,925.00"
2019-05-09,2019050901004993,BHBL,1,38,211,175.00,"36,925.00"
2019-05-09,2019050901004992,BHBL,1,39,100,175.00,"17,500.00"
2019-05-09,2019050901004995,BHBL,1,52,30,175.00,"5,250.00"
2019-05-09,2019050901004994,BHBL,1,33,470,175.00,"82,250.00"
2019-05-09,2019050901005290,BOKL,59,59,100,278.00,"27,800.00"
2019-05-09,2019050901005262,BOKL,14,59,300,278.00,"83,400.00"
2019-05-09,2019050901005104,BOKL,50,16,50,277.00,"13,850.00"
2019-05-09,2019050901005053,BOKL,51,59,55,278.00,"15,290.00"
2019-05-09,2019050901005052,BOKL,26,59,50,278.00,"13,900.00"
2019-05-09,2019050901004923,BOKL,26,46,150,278.00,"41,700.00"
2019-05-09,2019050901004922,BOKL,28,46,50,278.00,"13,900.00"
2019-05-09,2019050901004877,BOKL,33,59,56,279.00,"15,624.00"
2019-05-09,2019050901005328,BPCL,59,42,33,367.00,"12,111.00"
2019-05-09,2019050901005319,BPCL,59,42,22,367.00,"8,074.00"
2019-05-09,2019050901005291,BPCL,49,42,28,368.00,"10,304.00"
2019-05-09,2019050901005269,BPCL,59,42,33,367.00,"12,111.00"
2019-05-09,2019050901005225,BPCL,49,42,33,368.00,"12,144.00"
2019-05-09,2019050901004851,BPCL,25,49,24,368.00,"8,832.00"
2019-05-09,2019050901004917,BPCL,25,1,51,368.00,"18,768.00"
2019-05-09,2019050901004916,BPCL,7,1,26,369.00,"9,594.00"
2019-05-09,2019050901004904,BPCL,7,1,77,369.00,"28,413.00"
2019-05-09,2019050901004895,BPCL,7,1,77,369.00,"28,413.00"
2019-05-09,2019050901004894,BPCL,7,49,20,369.00,"7,380.00"
2019-05-09,2019050901004890,BPCL,25,1,77,368.00,"28,336.00"
2019-05-09,2019050901005181,BPCL,49,26,11,368.00,"4,048.00"
2019-05-09,2019050901005011,BPCL,17,36,250,370.00,"92,500.00"
2019-05-09,2019050901005010,BPCL,17,25,629,370.00,"232,730.00"
2019-05-09,2019050901004937,BPCL,49,1,77,368.00,"28,336.00"
2019-05-09,2019050901004931,BPCL,49,1,51,368.00,"18,768.00"
2019-05-09,2019050901004930,BPCL,25,1,26,368.00,"9,568.00"
2019-05-09,2019050901005185,CBL,58,26,11,151.00,"1,661.00"
2019-05-09,2019050901005000,CBL,34,4,358,152.00,"54,416.00"
2019-05-09,2019050901004999,CBL,34,54,20,152.00,"3,040.00"
2019-05-09,2019050901004998,CBL,34,6,24,152.00,"3,648.00"
2019-05-09,2019050901004997,CBL,34,4,"2,598",152.00,"394,896.00"
2019-05-09,2019050901004960,CBL,38,4,10,152.00,"1,520.00"
2019-05-09,2019050901005126,CCBL,59,59,1,176.00,176.00
2019-05-09,2019050901004975,CCBL,56,48,35,176.00,"6,160.00"
2019-05-09,2019050901004963,CCBL,56,35,11,176.00,"1,936.00"
2019-05-09,2019050901004957,CCBL,56,53,402,176.00,"70,752.00"
2019-05-09,2019050901004956,CCBL,38,53,98,176.00,"17,248.00"
2019-05-09,2019050901004879,CCBL,19,11,100,175.00,"17,500.00"
2019-05-09,2019050901005327,CHCL,1,32,148,528.00,"78,144.00"
2019-05-09,2019050901005202,CHCL,19,36,79,529.00,"41,791.00"
2019-05-09,2019050901005201,CHCL,19,6,21,529.00,"11,109.00"
2019-05-09,2019050901004915,CHCL,44,6,50,529.00,"26,450.00"
2019-05-09,2019050901005007,CHL,58,6,10,100.00,"1,000.00"
2019-05-09,2019050901005100,CIT,22,17,100,"2,714.00","271,400.00"
2019-05-09,2019050901005047,CIT,22,28,50,"2,710.00","135,500.00"
2019-05-09,2019050901005046,CIT,22,49,10,"2,705.00","27,050.00"
2019-05-09,2019050901004889,CIT,42,50,200,"2,700.00","540,000.00"
2019-05-09,2019050901004888,CIT,42,42,100,"2,700.00","270,000.00"
2019-05-09,2019050901004887,CIT,42,19,100,"2,700.00","270,000.00"
2019-05-09,2019050901004857,CIT,42,5,59,"2,695.00","159,005.00"
2019-05-09,2019050901004856,CIT,42,1,56,"2,695.00","150,920.00"
2019-05-09,2019050901004855,CIT,42,16,100,"2,690.00","269,000.00"
2019-05-09,2019050901004854,CIT,42,45,500,"2,690.00","1,345,000.00"
2019-05-09,2019050901004863,CIT,42,45,10,"2,700.00","27,000.00"
2019-05-09,2019050901004862,CIT,42,40,20,"2,700.00","54,000.00"
2019-05-09,2019050901004861,CIT,42,50,50,"2,699.00","134,950.00"
2019-05-09,2019050901004860,CIT,42,41,20,"2,699.00","53,980.00"
2019-05-09,2019050901004859,CIT,42,28,110,"2,698.00","296,780.00"
2019-05-09,2019050901004858,CIT,42,41,25,"2,697.00","67,425.00"
2019-05-09,2019050901004886,CIT,42,40,40,"2,700.00","108,000.00"
2019-05-09,2019050901004885,CIT,42,41,50,"2,700.00","135,000.00"
2019-05-09,2019050901004884,CIT,42,37,150,"2,700.00","405,000.00"
2019-05-09,2019050901004883,CIT,42,16,60,"2,700.00","162,000.00"
2019-05-09,2019050901004882,CIT,42,41,50,"2,700.00","135,000.00"
