Date,Transact. No.,Symbol,Buyer,Seller,Quantity,Rate,Amount
2019-09-04,2019090401006403,ADBL,13,57,30,426.00,"12,780.00"
2019-09-04,2019090401006359,ADBL,40,57,400,426.00,"170,400.00"
2019-09-04,2019090401006299,ADBL,45,26,18,425.00,"7,650.00"
2019-09-04,2019090401006205,ADBL,45,40,311,428.00,"133,108.00"
2019-09-04,2019090401006204,ADBL,45,48,76,428.00,"32,528.00"
2019-09-04,2019090401006203,ADBL,45,38,100,428.00,"42,800.00"
2019-09-04,2019090401006202,ADBL,45,58,"2,000",427.00,"854,000.00"
2019-09-04,2019090401006201,ADBL,45,25,200,427.00,"85,400.00"
2019-09-04,2019090401006200,ADBL,45,20,150,427.00,"64,050.00"
2019-09-04,2019090401006199,ADBL,45,35,63,427.00,"26,901.00"
2019-09-04,2019090401006198,ADBL,45,38,100,426.00,"42,600.00"
2019-09-04,2019090401006153,ADBL,34,34,"1,000",426.00,"426,000.00"
2019-09-04,2019090401006597,AHPC,37,58,10,101.00,"1,010.00"
2019-09-04,2019090401006401,AHPC,39,48,535,100.00,"53,500.00"
2019-09-04,2019090401006625,ALICL,58,13,11,333.00,"3,663.00"
2019-09-04,2019090401006569,ALICL,34,51,350,329.00,"115,150.00"
2019-09-04,2019090401006568,ALICL,5,51,150,330.00,"49,500.00"
2019-09-04,2019090401006500,ALICL,34,21,30,329.00,"9,870.00"
2019-09-04,2019090401006499,ALICL,58,21,500,330.00,"165,000.00"
2019-09-04,2019090401006498,ALICL,16,21,270,331.00,"89,370.00"
2019-09-04,2019090401006151,ALICL,16,5,30,331.00,"9,930.00"
2019-09-04,2019090401006150,ALICL,36,5,50,331.00,"16,550.00"
2019-09-04,2019090401006573,API,25,25,50,118.00,"5,900.00"
2019-09-04,2019090401006572,API,25,51,900,116.00,"104,400.00"
2019-09-04,2019090401006441,API,25,51,100,116.00,"11,600.00"
2019-09-04,2019090401006282,API,25,41,25,116.00,"2,900.00"
2019-09-04,2019090401006229,API,25,41,50,116.00,"5,800.00"
2019-09-04,2019090401006188,API,13,48,300,114.00,"34,200.00"
2019-09-04,2019090401006430,API,11,56,55,114.00,"6,270.00"
2019-09-04,2019090401006429,API,34,56,100,114.00,"11,400.00"
2019-09-04,2019090401006428,API,22,56,490,114.00,"55,860.00"
2019-09-04,2019090401006427,API,13,56,330,114.00,"37,620.00"
2019-09-04,2019090401006426,API,37,56,"1,000",115.00,"115,000.00"
2019-09-04,2019090401006373,API,25,56,25,116.00,"2,900.00"
2019-09-04,2019090401006322,BOKL,42,25,100,261.00,"26,100.00"
2019-09-04,2019090401006242,BOKL,52,25,200,261.00,"52,200.00"
2019-09-04,2019090401006194,BOKL,16,25,99,261.00,"25,839.00"
2019-09-04,2019090401006520,BPCL,14,36,640,380.00,"243,200.00"
2019-09-04,2019090401006519,BPCL,29,36,400,381.00,"152,400.00"
2019-09-04,2019090401006295,BPCL,14,37,"1,800",380.00,"684,000.00"
2019-09-04,2019090401006196,BPCL,43,36,10,384.00,"3,840.00"
2019-09-04,2019090401006563,CBBL,36,53,200,980.00,"196,000.00"
2019-09-04,2019090401006562,CBBL,51,53,10,980.00,"9,800.00"
2019-09-04,2019090401006507,CBBL,42,51,10,990.00,"9,900.00"
2019-09-04,2019090401006571,CBL,43,57,10,149.00,"1,490.00"
2019-09-04,2019090401006435,CBL,58,40,30,148.00,"4,440.00"
2019-09-04,2019090401006291,CBL,58,57,800,148.00,"118,400.00"
2019-09-04,2019090401006594,CHCL,32,36,22,445.00,"9,790.00"
2019-09-04,2019090401006601,CIT,40,22,100,"2,297.00","229,700.00"
2019-09-04,2019090401006576,CIT,18,22,10,"2,308.00","23,080.00"
2019-09-04,2019090401006574,CIT,11,35,20,"2,309.00","46,180.00"
2019-09-04,2019090401006564,CIT,18,26,40,"2,308.00","92,320.00"
2019-09-04,2019090401006555,CIT,7,22,10,"2,297.00","22,970.00"
2019-09-04,2019090401006514,CIT,6,22,60,"2,300.00","138,000.00"
2019-09-04,2019090401006185,CIT,57,17,400,"2,298.00","919,200.00"
2019-09-04,2019090401006183,CIT,44,19,10,"2,300.00","23,000.00"
2019-09-04,2019090401006167,CIT,49,22,87,"2,299.00","200,013.00"
2019-09-04,2019090401006244,CIT,54,22,20,"2,299.00","45,980.00"
2019-09-04,2019090401006243,CIT,36,38,100,"2,300.00","230,000.00"
2019-09-04,2019090401006232,CIT,10,52,30,"2,301.00","69,030.00"
2019-09-04,2019090401006206,CIT,57,22,100,"2,298.00","229,800.00"
2019-09-04,2019090401006193,CIT,43,25,30,"2,301.00","69,030.00"
2019-09-04,2019090401006192,CIT,43,43,50,"2,300.00","115,000.00"
2019-09-04,2019090401006302,CIT,25,22,46,"2,304.00","105,984.00"
2019-09-04,2019090401006301,CIT,25,49,23,"2,302.00","52,946.00"
2019-09-04,2019090401006300,CIT,25,59,101,"2,302.00","232,502.00"
2019-09-04,2019090401006296,CIT,57,53,53,"2,298.00","121,794.00"
2019-09-04,2019090401006279,CIT,57,22,27,"2,298.00","62,046.00"
2019-09-04,2019090401006278,CIT,34,22,40,"2,299.00","91,960.00"
2019-09-04,2019090401006476,CIT,10,54,10,"2,298.00","22,980.00"
2019-09-04,2019090401006475,CIT,57,54,20,"2,298.00","45,960.00"
2019-09-04,2019090401006474,CIT,35,54,20,"2,300.00","46,000.00"
2019-09-04,2019090401006305,CIT,25,22,50,"2,310.00","115,500.00"
2019-09-04,2019090401006304,CIT,25,7,150,"2,310.00","346,500.00"
2019-09-04,2019090401006303,CIT,25,39,30,"2,309.00","69,270.00"
2019-09-04,2019090401006490,CIT,6,25,40,"2,300.00","92,000.00"
2019-09-04,2019090401006481,CIT,29,54,35,"2,296.00","80,360.00"
2019-09-04,2019090401006480,CIT,37,54,100,"2,297.00","229,700.00"
2019-09-04,2019090401006479,CIT,37,54,100,"2,297.00","229,700.00"
2019-09-04,2019090401006478,CIT,48,54,14,"2,297.00","32,158.00"
2019-09-04,2019090401006477,CIT,52,54,22,"2,297.00","50,534.00"
2019-09-04,2019090401006432,CMF1,43,17,200,9.70,"1,940.00"
2019-09-04,2019090401006567,CZBIL,41,26,956,219.00,"209,364.00"
2019-09-04,2019090401006566,CZBIL,32,26,44,219.00,"9,636.00"
2019-09-04,2019090401006473,CZBIL,32,6,456,219.00,"99,864.00"
2019-09-04,2019090401006482,DDBL,11,21,50,736.00,"36,800.00"
2019-09-04,2019090401006468,EBL,55,41,20,626.00,"12,520.00"
2019-09-04,2019090401006467,EBL,4,41,30,626.00,"18,780.00"
2019-09-04,2019090401006366,EBL,6,58,200,629.00,"125,800.00"
2019-09-04,2019090401006365,EBL,6,58,500,629.00,"314,500.00"
2019-09-04,2019090401006364,EBL,8,58,173,629.00,"108,817.00"
2019-09-04,2019090401006389,EIC,51,19,13,309.00,"4,017.00"
2019-09-04,2019090401006388,EIC,34,19,37,309.00,"11,433.00"
2019-09-04,2019090401006582,FMDBL,28,39,100,384.00,"38,400.00"
2019-09-04,2019090401006581,FMDBL,19,39,250,384.00,"96,000.00"
2019-09-04,2019090401006580,FMDBL,16,39,100,385.00,"38,500.00"
2019-09-04,2019090401006546,FMDBL,49,33,10,390.00,"3,900.00"
2019-09-04,2019090401006372,FMDBL,16,28,100,385.00,"38,500.00"
2019-09-04,2019090401006371,FMDBL,58,28,200,385.00,"77,000.00"
2019-09-04,2019090401006370,FMDBL,44,28,50,386.00,"19,300.00"
2019-09-04,2019090401006369,FMDBL,25,28,20,386.00,"7,720.00"
2019-09-04,2019090401006368,FMDBL,41,28,30,386.00,"11,580.00"
2019-09-04,2019090401006283,FOWAD,16,42,19,"1,311.00","24,909.00"
2019-09-04,2019090401006440,GBBL,39,6,650,214.00,"139,100.00"
2019-09-04,2019090401006289,GBBL,59,6,250,214.00,"53,500.00"
2019-09-04,2019090401006213,GBBL,22,6,100,214.00,"21,400.00"
2019-09-04,2019090401006611,GBLBS,6,21,240,342.00,"82,080.00"
2019-09-04,2019090401006610,GBLBS,34,21,260,342.00,"88,920.00"
2019-09-04,2019090401006502,GBLBS,34,38,40,342.00,"13,680.00"
2019-09-04,2019090401006501,GBLBS,25,38,460,342.00,"157,320.00"
2019-09-04,2019090401006144,GBLBS,52,40,35,344.00,"12,040.00"
2019-09-04,2019090401006143,GBLBS,52,6,150,344.00,"51,600.00"
2019-09-04,2019090401006497,GFCL,13,1,193,139.00,"26,827.00"
2019-09-04,2019090401006407,GLBSL,42,38,200,490.00,"98,000.00"
2019-09-04,2019090401006406,GLBSL,42,38,40,488.00,"19,520.00"
2019-09-04,2019090401006405,GLBSL,42,21,10,485.00,"4,850.00"
2019-09-04,2019090401006404,GLBSL,42,48,10,485.00,"4,850.00"
2019-09-04,2019090401006591,GLICL,37,42,369,395.00,"145,755.00"
2019-09-04,2019090401006590,GLICL,37,35,71,395.00,"28,045.00"
2019-09-04,2019090401006351,GLICL,29,56,200,392.00,"78,400.00"
2019-09-04,2019090401006180,GLICL,29,5,25,392.00,"9,800.00"
2019-09-04,2019090401006197,GUFL,3,5,100,117.00,"11,700.00"
2019-09-04,2019090401006587,HDL,49,17,250,"1,500.00","375,000.00"
2019-09-04,2019090401006586,HDL,48,17,20,"1,500.00","30,000.00"
2019-09-04,2019090401006585,HDL,5,17,20,"1,500.00","30,000.00"
2019-09-04,2019090401006584,HDL,14,17,20,"1,501.00","30,020.00"
2019-09-04,2019090401006583,HDL,56,17,30,"1,506.00","45,180.00"
2019-09-04,2019090401006187,HGI,17,46,49,297.00,"14,553.00"
2019-09-04,2019090401006179,HGI,34,46,500,299.00,"149,500.00"
2019-09-04,2019090401006130,HGI,1,45,30,300.00,"9,000.00"
2019-09-04,2019090401006129,HGI,53,45,67,300.00,"20,100.00"
2019-09-04,2019090401006276,HIDCL,37,5,700,141.00,"98,700.00"
2019-09-04,2019090401006275,HIDCL,57,5,500,141.00,"70,500.00"
2019-09-04,2019090401006274,HIDCL,41,5,100,141.00,"14,100.00"
2019-09-04,2019090401006273,HIDCL,4,5,378,141.00,"53,298.00"
2019-09-04,2019090401006272,HIDCL,6,5,200,142.00,"28,400.00"
2019-09-04,2019090401006271,HIDCL,5,5,500,142.00,"71,000.00"
2019-09-04,2019090401006270,HIDCL,28,5,622,142.00,"88,324.00"
2019-09-04,2019090401006331,HPPL,59,40,480,144.00,"69,120.00"
2019-09-04,2019090401006294,HPPL,59,42,10,144.00,"1,440.00"
2019-09-04,2019090401006280,HPPL,1,32,20,146.00,"2,920.00"
2019-09-04,2019090401006290,ILBS,38,28,20,457.00,"9,140.00"
2019-09-04,2019090401006578,JBBL,38,45,47,163.00,"7,661.00"
2019-09-04,2019090401006577,JBBL,42,45,547,163.00,"89,161.00"
2019-09-04,2019090401006420,JBBL,47,39,310,164.00,"50,840.00"
2019-09-04,2019090401006620,JFL,52,6,100,190.00,"19,000.00"
2019-09-04,2019090401006619,JFL,10,6,50,190.00,"9,500.00"
2019-09-04,2019090401006434,JOSHI,7,48,30,63.00,"1,890.00"
2019-09-04,2019090401006537,KBL,43,43,20,206.00,"4,120.00"
2019-09-04,2019090401006506,KBL,22,43,140,206.00,"28,840.00"
2019-09-04,2019090401006464,KBL,39,43,39,204.00,"7,956.00"
2019-09-04,2019090401006463,KBL,39,43,50,204.00,"10,200.00"
2019-09-04,2019090401006462,KBL,39,43,50,204.00,"10,200.00"
2019-09-04,2019090401006461,KBL,39,43,50,204.00,"10,200.00"
2019-09-04,2019090401006352,KBL,39,53,50,205.00,"10,250.00"
2019-09-04,2019090401006327,KBL,22,43,200,206.00,"41,200.00"
2019-09-04,2019090401006268,KBL,29,43,100,206.00,"20,600.00"
2019-09-04,2019090401006220,KBL,52,43,200,206.00,"41,200.00"
2019-09-04,2019090401006431,KBL,22,43,100,206.00,"20,600.00"
2019-09-04,2019090401006358,KBL,7,58,"1,013",206.00,"208,678.00"
2019-09-04,2019090401006357,KBL,7,43,500,206.00,"103,000.00"
2019-09-04,2019090401006356,KBL,7,43,150,206.00,"30,900.00"
2019-09-04,2019090401006354,KBL,6,53,100,205.00,"20,500.00"
2019-09-04,2019090401006353,KBL,39,53,50,205.00,"10,250.00"
2019-09-04,2019090401006448,KBL,25,43,"1,000",204.00,"204,000.00"
2019-09-04,2019090401006447,KBL,13,43,"1,000",204.00,"204,000.00"
2019-09-04,2019090401006446,KBL,22,43,100,204.00,"20,400.00"
2019-09-04,2019090401006445,KBL,26,43,10,204.00,"2,040.00"
2019-09-04,2019090401006444,KBL,39,43,50,205.00,"10,250.00"
2019-09-04,2019090401006443,KBL,6,43,100,205.00,"20,500.00"
2019-09-04,2019090401006454,KBL,39,43,50,204.00,"10,200.00"
2019-09-04,2019090401006453,KBL,39,43,50,204.00,"10,200.00"
2019-09-04,2019090401006452,KBL,39,43,50,204.00,"10,200.00"
2019-09-04,2019090401006451,KBL,39,43,50,204.00,"10,200.00"
2019-09-04,2019090401006450,KBL,39,43,51,204.00,"10,404.00"
2019-09-04,2019090401006449,KBL,39,43,50,204.00,"10,200.00"
2019-09-04,2019090401006460,KBL,39,43,50,204.00,"10,200.00"
2019-09-04,2019090401006459,KBL,39,43,50,204.00,"10,200.00"
2019-09-04,2019090401006458,KBL,39,43,50,204.00,"10,200.00"
2019-09-04,2019090401006457,KBL,39,43,50,204.00,"10,200.00"
2019-09-04,2019090401006456,KBL,39,43,50,204.00,"10,200.00"
2019-09-04,2019090401006455,KBL,41,43,"1,000",204.00,"204,000.00"
2019-09-04,2019090401006561,KSBBL,14,35,90,145.00,"13,050.00"
2019-09-04,2019090401006360,LBBL,57,16,30,178.00,"5,340.00"
2019-09-04,2019090401006398,LBL,34,26,425,216.00,"91,800.00"
2019-09-04,2019090401006397,LBL,34,45,658,216.00,"142,128.00"
2019-09-04,2019090401006142,LGIL,38,38,325,389.00,"126,425.00"
2019-09-04,2019090401006390,LICN,25,28,10,"1,028.00","10,280.00"
2019-09-04,2019090401006565,LLBS,49,45,10,735.00,"7,350.00"
2019-09-04,2019090401006525,MBL,49,58,10,258.00,"2,580.00"
2019-09-04,2019090401006518,MBL,7,58,10,258.00,"2,580.00"
2019-09-04,2019090401006516,MBL,34,58,10,258.00,"2,580.00"
2019-09-04,2019090401006412,MBL,46,50,500,257.00,"128,500.00"
2019-09-04,2019090401006614,MEGA,52,50,45,202.00,"9,090.00"
2019-09-04,2019090401006613,MEGA,49,50,455,202.00,"91,910.00"
2019-09-04,2019090401006606,MEGA,49,19,38,202.00,"7,676.00"
2019-09-04,2019090401006311,MEGA,49,42,65,202.00,"13,130.00"
2019-09-04,2019090401006178,MEGA,49,37,12,202.00,"2,424.00"
2019-09-04,2019090401006552,MEGA,49,57,100,202.00,"20,200.00"
2019-09-04,2019090401006512,MEGA,47,35,350,203.00,"71,050.00"
2019-09-04,2019090401006323,MEGA,49,48,209,202.00,"42,218.00"
2019-09-04,2019090401006595,MERO,17,45,150,569.00,"85,350.00"
2019-09-04,2019090401006184,MERO,32,45,350,570.00,"199,500.00"
2019-09-04,2019090401006171,MERO,32,22,100,570.00,"57,000.00"
2019-09-04,2019090401006362,MFIL,3,13,50,126.00,"6,300.00"
2019-09-04,2019090401006524,MHNL,7,59,480,90.00,"43,200.00"
2019-09-04,2019090401006504,MHNL,39,59,50,91.00,"4,550.00"
2019-09-04,2019090401006503,MHNL,39,59,10,93.00,930.00
2019-09-04,2019090401006181,MHNL,39,59,50,92.00,"4,600.00"
2019-09-04,2019090401006154,MHNL,39,59,50,91.00,"4,550.00"
2019-09-04,2019090401006251,MLBBL,46,33,50,455.00,"22,750.00"
2019-09-04,2019090401006228,MLBBL,43,33,100,456.00,"45,600.00"
2019-09-04,2019090401006227,MLBBL,38,33,30,456.00,"13,680.00"
2019-09-04,2019090401006191,MLBBL,58,33,50,457.00,"22,850.00"
2019-09-04,2019090401006190,MLBBL,6,33,100,457.00,"45,700.00"
2019-09-04,2019090401006189,MLBBL,55,33,20,458.00,"9,160.00"
2019-09-04,2019090401006394,MLBL,33,48,100,213.00,"21,300.00"
2019-09-04,2019090401006616,MNBBL,37,57,50,320.00,"16,000.00"
2019-09-04,2019090401006615,MNBBL,14,57,50,320.00,"16,000.00"
2019-09-04,2019090401006603,MSLB,38,48,10,950.00,"9,500.00"
2019-09-04,2019090401006513,NABIL,34,52,330,777.00,"256,410.00"
2019-09-04,2019090401006470,NABIL,25,52,50,777.00,"38,850.00"
2019-09-04,2019090401006469,NABIL,25,41,50,777.00,"38,850.00"
2019-09-04,2019090401006212,NABIL,42,52,120,778.00,"93,360.00"
2019-09-04,2019090401006298,NADEP,36,38,109,460.00,"50,140.00"
2019-09-04,2019090401006297,NADEP,39,38,381,463.00,"176,403.00"
2019-09-04,2019090401006169,NADEP,39,3,109,463.00,"50,467.00"
2019-09-04,2019090401006168,NADEP,41,3,161,464.00,"74,704.00"
2019-09-04,2019090401006550,NBB,56,34,10,216.00,"2,160.00"
2019-09-04,2019090401006495,NBB,34,53,400,214.00,"85,600.00"
2019-09-04,2019090401006472,NBB,44,57,700,215.00,"150,500.00"
2019-09-04,2019090401006471,NBB,44,45,"1,000",215.00,"215,000.00"
2019-09-04,2019090401006602,NBL,34,19,250,320.00,"80,000.00"
2019-09-04,2019090401006570,NBL,13,19,50,320.00,"16,000.00"
2019-09-04,2019090401006399,NBL,36,6,30,321.00,"9,630.00"
2019-09-04,2019090401006321,NBL,38,45,200,319.00,"63,800.00"
2019-09-04,2019090401006320,NBL,34,45,400,319.00,"127,600.00"
2019-09-04,2019090401006319,NBL,3,45,30,320.00,"9,600.00"
2019-09-04,2019090401006318,NBL,59,45,"1,000",320.00,"320,000.00"
2019-09-04,2019090401006317,NBL,33,45,300,320.00,"96,000.00"
2019-09-04,2019090401006316,NBL,21,45,500,320.00,"160,000.00"
2019-09-04,2019090401006315,NBL,45,45,500,320.00,"160,000.00"
2019-09-04,2019090401006314,NBL,5,45,20,320.00,"6,400.00"
2019-09-04,2019090401006313,NBL,29,45,50,320.00,"16,000.00"
2019-09-04,2019090401006626,NCCB,58,40,10,205.00,"2,050.00"
2019-09-04,2019090401006599,NCCB,33,40,50,205.00,"10,250.00"
2019-09-04,2019090401006598,NCCB,33,34,200,204.00,"40,800.00"
2019-09-04,2019090401006517,NCCB,59,34,300,204.00,"61,200.00"
2019-09-04,2019090401006491,NCCB,38,34,500,204.00,"102,000.00"
2019-09-04,2019090401006324,NCCB,59,25,"1,000",204.00,"204,000.00"
2019-09-04,2019090401006147,NCCB,10,41,50,204.00,"10,200.00"
2019-09-04,2019090401006146,NCCB,39,41,50,204.00,"10,200.00"
2019-09-04,2019090401006145,NCCB,33,41,80,204.00,"16,320.00"
2019-09-04,2019090401006172,NCCB,52,46,580,204.00,"118,320.00"
2019-09-04,2019090401006166,NCCB,52,17,420,204.00,"85,680.00"
2019-09-04,2019090401006165,NCCB,29,17,400,204.00,"81,600.00"
2019-09-04,2019090401006164,NCCB,13,17,180,204.00,"36,720.00"
2019-09-04,2019090401006149,NCCB,13,41,820,204.00,"167,280.00"
2019-09-04,2019090401006148,NCCB,34,41,500,204.00,"102,000.00"
2019-09-04,2019090401006293,NCCB,44,40,277,205.00,"56,785.00"
2019-09-04,2019090401006292,NCCB,44,48,223,205.00,"45,715.00"
2019-09-04,2019090401006235,NCCB,36,48,10,205.00,"2,050.00"
2019-09-04,2019090401006234,NCCB,36,46,130,204.00,"26,520.00"
2019-09-04,2019090401006174,NCCB,52,46,200,204.00,"40,800.00"
2019-09-04,2019090401006173,NCCB,28,46,100,204.00,"20,400.00"
2019-09-04,2019090401006559,NHPC,58,42,20,58.00,"1,160.00"
2019-09-04,2019090401006558,NHPC,42,42,30,58.00,"1,740.00"
2019-09-04,2019090401006557,NHPC,17,42,150,58.00,"8,700.00"
2019-09-04,2019090401006527,NHPC,17,53,200,58.00,"11,600.00"
2019-09-04,2019090401006526,NHPC,34,53,500,58.00,"29,000.00"
2019-09-04,2019090401006592,NIB,42,55,300,460.00,"138,000.00"
2019-09-04,2019090401006549,NIB,35,52,58,459.00,"26,622.00"
2019-09-04,2019090401006548,NIB,56,52,200,459.00,"91,800.00"
2019-09-04,2019090401006547,NIB,56,52,56,459.00,"25,704.00"
2019-09-04,2019090401006332,NIB,56,42,44,459.00,"20,196.00"
2019-09-04,2019090401006442,NICA,46,45,31,451.00,"13,981.00"
2019-09-04,2019090401006286,NICA,45,46,272,448.00,"121,856.00"
2019-09-04,2019090401006285,NICA,29,46,27,449.00,"12,123.00"
2019-09-04,2019090401006284,NICA,6,46,20,450.00,"9,000.00"
2019-09-04,2019090401006609,NICL,43,26,10,282.00,"2,820.00"
2019-09-04,2019090401006163,NLBBL,6,53,50,525.00,"26,250.00"
2019-09-04,2019090401006162,NLBBL,7,53,100,525.00,"52,500.00"
2019-09-04,2019090401006161,NLBBL,26,53,50,525.00,"26,250.00"
2019-09-04,2019090401006160,NLBBL,56,53,35,525.00,"18,375.00"
2019-09-04,2019090401006159,NLBBL,43,53,300,526.00,"157,800.00"
2019-09-04,2019090401006158,NLBBL,49,53,200,527.00,"105,400.00"
2019-09-04,2019090401006157,NLBBL,44,53,50,529.00,"26,450.00"
2019-09-04,2019090401006156,NLBBL,7,53,100,529.00,"52,900.00"
2019-09-04,2019090401006155,NLBBL,33,53,55,529.00,"29,095.00"
2019-09-04,2019090401006393,NLG,49,38,70,595.00,"41,650.00"
2019-09-04,2019090401006600,NLIC,6,28,25,810.00,"20,250.00"
2019-09-04,2019090401006579,NLIC,32,28,20,810.00,"16,200.00"
2019-09-04,2019090401006560,NLIC,32,28,62,810.00,"50,220.00"
2019-09-04,2019090401006489,NLIC,38,4,20,809.00,"16,180.00"
2019-09-04,2019090401006488,NLIC,49,4,100,809.00,"80,900.00"
2019-09-04,2019090401006485,NLIC,32,28,43,811.00,"34,873.00"
2019-09-04,2019090401006133,NLIC,42,51,153,812.00,"124,236.00"
2019-09-04,2019090401006132,NLIC,6,51,73,813.00,"59,349.00"
2019-09-04,2019090401006131,NLIC,40,51,74,813.00,"60,162.00"
2019-09-04,2019090401006344,NLIC,6,28,21,810.00,"17,010.00"
2019-09-04,2019090401006226,NLIC,6,4,33,810.00,"26,730.00"
2019-09-04,2019090401006225,NLIC,4,4,10,811.00,"8,110.00"
2019-09-04,2019090401006224,NLIC,16,4,57,811.00,"46,227.00"
2019-09-04,2019090401006195,NLIC,16,40,43,811.00,"34,873.00"
2019-09-04,2019090401006182,NLIC,42,25,347,812.00,"281,764.00"
2019-09-04,2019090401006395,NLIC,43,32,50,811.00,"40,550.00"
2019-09-04,2019090401006349,NLIC,6,28,112,810.00,"90,720.00"
2019-09-04,2019090401006348,NLIC,29,28,10,810.00,"8,100.00"
2019-09-04,2019090401006347,NLIC,38,28,200,810.00,"162,000.00"
2019-09-04,2019090401006346,NLIC,58,28,200,810.00,"162,000.00"
2019-09-04,2019090401006345,NLIC,32,28,60,810.00,"48,600.00"
2019-09-04,2019090401006433,NLIC,43,28,43,810.00,"34,830.00"
2019-09-04,2019090401006411,NLIC,6,28,62,810.00,"50,220.00"
2019-09-04,2019090401006410,NLIC,59,28,300,810.00,"243,000.00"
2019-09-04,2019090401006409,NLIC,6,28,75,810.00,"60,750.00"
2019-09-04,2019090401006408,NLIC,59,28,120,811.00,"97,320.00"
2019-09-04,2019090401006396,NLIC,6,32,13,810.00,"10,530.00"
2019-09-04,2019090401006556,NLICL,32,35,10,545.00,"5,450.00"
2019-09-04,2019090401006528,NLICL,43,35,10,545.00,"5,450.00"
2019-09-04,2019090401006484,NLICL,5,45,27,537.00,"14,499.00"
2019-09-04,2019090401006483,NLICL,6,45,200,538.00,"107,600.00"
2019-09-04,2019090401006231,NLICL,5,5,46,537.00,"24,702.00"
2019-09-04,2019090401006170,NLICL,5,19,80,537.00,"42,960.00"
2019-09-04,2019090401006593,NTC,43,34,10,653.00,"6,530.00"
2019-09-04,2019090401006575,NTC,59,34,10,653.00,"6,530.00"
2019-09-04,2019090401006545,NTC,14,22,460,650.00,"299,000.00"
2019-09-04,2019090401006493,NTC,14,45,55,650.00,"35,750.00"
2019-09-04,2019090401006492,NTC,33,45,100,651.00,"65,100.00"
2019-09-04,2019090401006361,PCBL,34,45,200,273.00,"54,600.00"
2019-09-04,2019090401006269,PCBL,25,5,300,274.00,"82,200.00"
2019-09-04,2019090401006152,PCBL,25,6,178,274.00,"48,772.00"
2019-09-04,2019090401006418,PIC,55,34,128,408.00,"52,224.00"
2019-09-04,2019090401006417,PIC,56,34,10,410.00,"4,100.00"
2019-09-04,2019090401006416,PIC,45,34,72,410.00,"29,520.00"
2019-09-04,2019090401006415,PIC,56,34,59,411.00,"24,249.00"
2019-09-04,2019090401006414,PIC,56,34,19,411.00,"7,809.00"
2019-09-04,2019090401006413,PIC,42,34,112,411.00,"46,032.00"
2019-09-04,2019090401006621,PLIC,48,36,10,411.00,"4,110.00"
2019-09-04,2019090401006139,PPCL,6,39,10,106.00,"1,060.00"
2019-09-04,2019090401006138,PPCL,6,52,20,105.00,"2,100.00"
2019-09-04,2019090401006137,PPCL,6,38,10,103.00,"1,030.00"
2019-09-04,2019090401006136,PPCL,6,38,30,103.00,"3,090.00"
2019-09-04,2019090401006135,PPCL,6,38,30,103.00,"3,090.00"
2019-09-04,2019090401006134,PPCL,6,38,30,103.00,"3,090.00"
2019-09-04,2019090401006306,PRIN,16,46,620,333.00,"206,460.00"
2019-09-04,2019090401006222,PRIN,16,48,30,333.00,"9,990.00"
2019-09-04,2019090401006221,PRIN,58,48,120,334.00,"40,080.00"
2019-09-04,2019090401006535,PRVU,1,14,500,269.00,"134,500.00"
2019-09-04,2019090401006424,PRVU,36,14,10,269.00,"2,690.00"
2019-09-04,2019090401006423,PRVU,36,46,20,269.00,"5,380.00"
2019-09-04,2019090401006219,PRVU,40,45,92,268.00,"24,656.00"
2019-09-04,2019090401006218,PRVU,6,45,200,268.00,"53,600.00"
2019-09-04,2019090401006217,PRVU,38,45,100,268.00,"26,800.00"
2019-09-04,2019090401006216,PRVU,56,45,"1,000",268.00,"268,000.00"
2019-09-04,2019090401006215,PRVU,49,45,50,268.00,"13,400.00"
2019-09-04,2019090401006214,PRVU,58,45,541,268.00,"144,988.00"
2019-09-04,2019090401006425,RBCL,8,21,20,"9,160.00","183,200.00"
2019-09-04,2019090401006604,RBCLPO,20,33,10,"8,060.00","80,600.00"
2019-09-04,2019090401006325,RBCLPO,32,33,10,"8,050.00","80,500.00"
2019-09-04,2019090401006402,RHPC,38,21,19,85.00,"1,615.00"
2019-09-04,2019090401006623,RHPL,45,34,10,177.00,"1,770.00"
2019-09-04,2019090401006622,RHPL,45,6,40,176.00,"7,040.00"
2019-09-04,2019090401006553,RHPL,35,29,50,175.00,"8,750.00"
2019-09-04,2019090401006523,RHPL,35,17,40,175.00,"7,000.00"
2019-09-04,2019090401006522,RHPL,35,46,30,175.00,"5,250.00"
2019-09-04,2019090401006521,RHPL,35,46,10,175.00,"1,750.00"
2019-09-04,2019090401006496,RHPL,35,46,40,175.00,"7,000.00"
2019-09-04,2019090401006466,RHPL,35,41,40,175.00,"7,000.00"
2019-09-04,2019090401006392,RHPL,35,41,10,175.00,"1,750.00"
2019-09-04,2019090401006391,RHPL,35,41,30,175.00,"5,250.00"
2019-09-04,2019090401006335,RHPL,35,41,40,175.00,"7,000.00"
2019-09-04,2019090401006628,SABSL,5,51,10,518.00,"5,180.00"
2019-09-04,2019090401006536,SABSL,34,17,10,509.00,"5,090.00"
2019-09-04,2019090401006505,SABSL,25,44,10,510.00,"5,100.00"
2019-09-04,2019090401006387,SABSL,41,28,10,520.00,"5,200.00"
2019-09-04,2019090401006386,SABSL,41,28,10,520.00,"5,200.00"
2019-09-04,2019090401006385,SABSL,41,11,10,520.00,"5,200.00"
2019-09-04,2019090401006266,SABSL,41,57,10,518.00,"5,180.00"
2019-09-04,2019090401006265,SABSL,41,18,10,518.00,"5,180.00"
2019-09-04,2019090401006264,SABSL,41,19,10,518.00,"5,180.00"
2019-09-04,2019090401006263,SABSL,41,1,10,517.00,"5,170.00"
2019-09-04,2019090401006262,SABSL,41,28,50,516.00,"25,800.00"
2019-09-04,2019090401006241,SABSL,5,44,10,510.00,"5,100.00"
2019-09-04,2019090401006312,SABSL,5,44,10,509.00,"5,090.00"
2019-09-04,2019090401006310,SABSL,5,41,10,509.00,"5,090.00"
2019-09-04,2019090401006288,SABSL,5,41,10,509.00,"5,090.00"
2019-09-04,2019090401006281,SABSL,25,49,10,510.00,"5,100.00"
2019-09-04,2019090401006277,SABSL,5,44,10,509.00,"5,090.00"
2019-09-04,2019090401006267,SABSL,41,19,10,518.00,"5,180.00"
2019-09-04,2019090401006336,SABSL,41,44,10,519.00,"5,190.00"
2019-09-04,2019090401006334,SABSL,41,48,10,519.00,"5,190.00"
2019-09-04,2019090401006333,SABSL,41,36,10,519.00,"5,190.00"
2019-09-04,2019090401006330,SABSL,41,7,10,519.00,"5,190.00"
2019-09-04,2019090401006329,SABSL,41,19,10,519.00,"5,190.00"
2019-09-04,2019090401006328,SABSL,41,41,10,519.00,"5,190.00"
2019-09-04,2019090401006378,SABSL,41,17,10,520.00,"5,200.00"
2019-09-04,2019090401006377,SABSL,41,48,100,520.00,"52,000.00"
2019-09-04,2019090401006376,SABSL,41,29,10,520.00,"5,200.00"
2019-09-04,2019090401006375,SABSL,41,29,10,520.00,"5,200.00"
2019-09-04,2019090401006374,SABSL,41,48,10,519.00,"5,190.00"
2019-09-04,2019090401006338,SABSL,41,48,190,519.00,"98,610.00"
2019-09-04,2019090401006384,SABSL,41,21,10,520.00,"5,200.00"
2019-09-04,2019090401006383,SABSL,41,21,10,520.00,"5,200.00"
2019-09-04,2019090401006382,SABSL,41,25,10,520.00,"5,200.00"
2019-09-04,2019090401006381,SABSL,41,34,10,520.00,"5,200.00"
2019-09-04,2019090401006380,SABSL,41,34,10,520.00,"5,200.00"
2019-09-04,2019090401006379,SABSL,41,6,10,520.00,"5,200.00"
2019-09-04,2019090401006400,SADBL,44,59,500,145.00,"72,500.00"
2019-09-04,2019090401006627,SANIMA,43,50,100,354.00,"35,400.00"
2019-09-04,2019090401006261,SANIMA,38,45,452,353.00,"159,556.00"
2019-09-04,2019090401006260,SANIMA,21,45,100,353.00,"35,300.00"
2019-09-04,2019090401006259,SANIMA,45,45,100,353.00,"35,300.00"
2019-09-04,2019090401006258,SANIMA,32,45,83,353.00,"29,299.00"
2019-09-04,2019090401006257,SANIMA,35,45,500,354.00,"177,000.00"
2019-09-04,2019090401006140,SANIMA,52,25,156,355.00,"55,380.00"
2019-09-04,2019090401006256,SANIMA,36,45,400,354.00,"141,600.00"
2019-09-04,2019090401006255,SANIMA,16,45,101,354.00,"35,754.00"
2019-09-04,2019090401006254,SANIMA,45,45,108,354.00,"38,232.00"
2019-09-04,2019090401006253,SANIMA,43,45,156,355.00,"55,380.00"
2019-09-04,2019090401006207,SANIMA,11,50,200,356.00,"71,200.00"
2019-09-04,2019090401006141,SANIMA,43,25,844,355.00,"299,620.00"
2019-09-04,2019090401006617,SBI,40,45,100,445.00,"44,500.00"
2019-09-04,2019090401006511,SBI,35,45,20,446.00,"8,920.00"
2019-09-04,2019090401006510,SBI,56,45,100,446.00,"44,600.00"
2019-09-04,2019090401006509,SBI,34,45,100,446.00,"44,600.00"
2019-09-04,2019090401006508,SBI,34,45,100,447.00,"44,700.00"
2019-09-04,2019090401006421,SBL,11,52,236,318.00,"75,048.00"
2019-09-04,2019090401006177,SBL,59,52,500,319.00,"159,500.00"
2019-09-04,2019090401006176,SBL,59,56,800,319.00,"255,200.00"
2019-09-04,2019090401006337,SCB,39,42,20,622.00,"12,440.00"
2019-09-04,2019090401006240,SFFIL,56,19,110,255.00,"28,050.00"
2019-09-04,2019090401006239,SFFIL,52,19,20,255.00,"5,100.00"
2019-09-04,2019090401006238,SFFIL,14,19,20,255.00,"5,100.00"
2019-09-04,2019090401006237,SFFIL,19,19,50,256.00,"12,800.00"
2019-09-04,2019090401006236,SFFIL,57,19,40,258.00,"10,320.00"
2019-09-04,2019090401006175,SHINE,39,45,200,257.00,"51,400.00"
2019-09-04,2019090401006487,SHIVM,29,48,128,544.00,"69,632.00"
2019-09-04,2019090401006486,SHIVM,58,48,10,544.00,"5,440.00"
2019-09-04,2019090401006439,SHIVM,38,21,200,545.00,"109,000.00"
2019-09-04,2019090401006438,SHIVM,52,21,50,545.00,"27,250.00"
2019-09-04,2019090401006437,SHIVM,44,21,50,545.00,"27,250.00"
2019-09-04,2019090401006339,SHIVM,32,47,30,545.00,"16,350.00"
2019-09-04,2019090401006309,SHIVM,34,7,200,546.00,"109,200.00"
2019-09-04,2019090401006308,SHIVM,52,7,100,546.00,"54,600.00"
2019-09-04,2019090401006307,SHIVM,29,7,321,546.00,"175,266.00"
2019-09-04,2019090401006250,SHIVM,29,6,60,546.00,"32,760.00"
2019-09-04,2019090401006249,SHIVM,34,6,190,546.00,"103,740.00"
2019-09-04,2019090401006436,SHIVM,42,21,520,545.00,"283,400.00"
2019-09-04,2019090401006422,SHIVM,42,57,150,545.00,"81,750.00"
2019-09-04,2019090401006343,SHIVM,42,47,330,545.00,"179,850.00"
2019-09-04,2019090401006342,SHIVM,6,47,100,545.00,"54,500.00"
2019-09-04,2019090401006341,SHIVM,45,47,30,545.00,"16,350.00"
2019-09-04,2019090401006340,SHIVM,6,47,10,545.00,"5,450.00"
2019-09-04,2019090401006223,SHL,44,4,500,226.00,"113,000.00"
2019-09-04,2019090401006534,SIC,35,25,70,541.00,"37,870.00"
2019-09-04,2019090401006533,SIC,6,25,230,541.00,"124,430.00"
2019-09-04,2019090401006532,SIC,35,25,100,542.00,"54,200.00"
2019-09-04,2019090401006531,SIC,20,25,20,542.00,"10,840.00"
2019-09-04,2019090401006530,SIC,34,25,154,543.00,"83,622.00"
2019-09-04,2019090401006529,SIC,20,25,20,544.00,"10,880.00"
2019-09-04,2019090401006624,SJCL,32,42,20,192.00,"3,840.00"
2019-09-04,2019090401006596,SJCL,42,44,270,191.00,"51,570.00"
2019-09-04,2019090401006554,SJCL,42,17,20,191.00,"3,820.00"
2019-09-04,2019090401006252,SJCL,14,42,100,192.00,"19,200.00"
2019-09-04,2019090401006233,SJCL,14,55,10,192.00,"1,920.00"
2019-09-04,2019090401006186,SJCL,14,42,890,192.00,"170,880.00"
2019-09-04,2019090401006494,SJCL,42,41,20,191.00,"3,820.00"
2019-09-04,2019090401006419,SJCL,42,41,20,191.00,"3,820.00"
2019-09-04,2019090401006326,SJCL,42,41,20,191.00,"3,820.00"
2019-09-04,2019090401006589,SKBBL,34,58,51,967.00,"49,317.00"
2019-09-04,2019090401006608,SLBBL,7,45,50,560.00,"28,000.00"
2019-09-04,2019090401006588,SLBBL,44,45,100,561.00,"56,100.00"
2019-09-04,2019090401006618,SLBSL,52,46,10,744.00,"7,440.00"
2019-09-04,2019090401006539,SLBSL,57,33,365,735.00,"268,275.00"
2019-09-04,2019090401006538,SLBSL,57,33,35,737.00,"25,795.00"
2019-09-04,2019090401006367,SLBSL,6,48,10,738.00,"7,380.00"
2019-09-04,2019090401006350,SLBSL,6,26,10,738.00,"7,380.00"
2019-09-04,2019090401006287,SLICL,5,17,221,295.00,"65,195.00"
2019-09-04,2019090401006248,SLICL,5,57,279,295.00,"82,305.00"
2019-09-04,2019090401006247,SLICL,44,57,50,296.00,"14,800.00"
2019-09-04,2019090401006246,SLICL,5,57,200,296.00,"59,200.00"
2019-09-04,2019090401006245,SLICL,57,57,43,296.00,"12,728.00"
2019-09-04,2019090401006230,SLICL,57,1,30,296.00,"8,880.00"
2019-09-04,2019090401006211,SLICL,59,17,223,299.00,"66,677.00"
2019-09-04,2019090401006210,SLICL,59,51,92,299.00,"27,508.00"
2019-09-04,2019090401006209,SLICL,59,57,15,298.00,"4,470.00"
2019-09-04,2019090401006515,SMFBS,51,45,10,813.00,"8,130.00"
2019-09-04,2019090401006607,SRBL,25,51,10,240.00,"2,400.00"
2019-09-04,2019090401006363,SRBL,56,42,35,236.00,"8,260.00"
2019-09-04,2019090401006208,TRH,33,7,10,305.00,"3,050.00"
2019-09-04,2019090401006544,UFL,22,28,"1,800",180.00,"324,000.00"
2019-09-04,2019090401006543,UFL,34,28,500,180.00,"90,000.00"
2019-09-04,2019090401006542,UFL,40,28,120,180.00,"21,600.00"
2019-09-04,2019090401006541,UFL,40,28,100,180.00,"18,000.00"
2019-09-04,2019090401006540,UFL,34,28,400,181.00,"72,400.00"
2019-09-04,2019090401006612,UPCL,41,59,300,84.00,"25,200.00"
2019-09-04,2019090401006605,UPPER,48,50,400,248.00,"99,200.00"
2019-09-04,2019090401006551,UPPER,48,37,148,248.00,"36,704.00"
2019-09-04,2019090401006355,UPPER,48,48,50,248.00,"12,400.00"
2019-09-04,2019090401006465,VLBS,22,39,100,580.00,"58,000.00"
2019-09-04,2019090401006024,ADBL,44,8,100,426.00,"42,600.00"
2019-09-04,2019090401006023,ADBL,49,8,71,426.00,"30,246.00"
2019-09-04,2019090401005831,ADBL,36,35,37,427.00,"15,799.00"
2019-09-04,2019090401005830,ADBL,36,28,263,427.00,"112,301.00"
2019-09-04,2019090401005784,ADBL,49,10,79,426.00,"33,654.00"
2019-09-04,2019090401005751,ADBL,22,28,87,427.00,"37,149.00"
2019-09-04,2019090401005650,AHPC,39,56,55,100.00,"5,500.00"
2019-09-04,2019090401006090,ALBSL,37,25,10,454.00,"4,540.00"
2019-09-04,2019090401006089,ALBSL,37,51,10,450.00,"4,500.00"
2019-09-04,2019090401005722,ALBSL,39,25,140,446.00,"62,440.00"
2019-09-04,2019090401005753,ALICL,16,5,10,335.00,"3,350.00"
2019-09-04,2019090401006119,API,13,56,"1,370",114.00,"156,180.00"
2019-09-04,2019090401006118,API,7,56,230,114.00,"26,220.00"
2019-09-04,2019090401006073,API,25,56,60,116.00,"6,960.00"
2019-09-04,2019090401005983,API,38,56,50,116.00,"5,800.00"
2019-09-04,2019090401005982,API,8,56,190,116.00,"22,040.00"
2019-09-04,2019090401005981,API,45,56,100,117.00,"11,700.00"
2019-09-04,2019090401005769,API,25,48,50,118.00,"5,900.00"
2019-09-04,2019090401005765,API,45,25,900,117.00,"105,300.00"
2019-09-04,2019090401005662,API,25,42,50,118.00,"5,900.00"
2019-09-04,2019090401006126,BOKL,16,52,101,261.00,"26,361.00"
2019-09-04,2019090401006125,BOKL,40,52,399,261.00,"104,139.00"
2019-09-04,2019090401006083,BOKL,40,53,100,261.00,"26,100.00"
2019-09-04,2019090401006066,BOKL,40,28,100,261.00,"26,100.00"
2019-09-04,2019090401006065,BOKL,40,35,20,261.00,"5,220.00"
2019-09-04,2019090401005908,BOKL,40,47,356,261.00,"92,916.00"
2019-09-04,2019090401005723,BOKL,40,52,25,261.00,"6,525.00"
2019-09-04,2019090401005638,BOKL,46,52,250,261.00,"65,250.00"
2019-09-04,2019090401005637,BOKL,46,52,400,261.00,"104,400.00"
2019-09-04,2019090401005636,BOKL,36,52,250,261.00,"65,250.00"
2019-09-04,2019090401005635,BOKL,44,52,575,262.00,"150,650.00"
2019-09-04,2019090401005816,BPCL,10,51,104,380.00,"39,520.00"
2019-09-04,2019090401005773,BPCL,34,51,100,380.00,"38,000.00"
2019-09-04,2019090401005752,BPCL,36,37,36,387.00,"13,932.00"
2019-09-04,2019090401005713,BPCL,55,37,"1,000",380.00,"380,000.00"
2019-09-04,2019090401005712,BPCL,32,37,50,380.00,"19,000.00"
2019-09-04,2019090401005700,BPCL,5,37,200,382.00,"76,400.00"
2019-09-04,2019090401005699,BPCL,45,37,50,382.00,"19,100.00"
2019-09-04,2019090401005698,BPCL,43,37,100,383.00,"38,300.00"
2019-09-04,2019090401005711,BPCL,34,37,100,380.00,"38,000.00"
2019-09-04,2019090401005705,BPCL,53,37,300,381.00,"114,300.00"
2019-09-04,2019090401005704,BPCL,10,37,500,381.00,"190,500.00"
2019-09-04,2019090401005703,BPCL,38,37,50,381.00,"19,050.00"
2019-09-04,2019090401005702,BPCL,13,37,30,381.00,"11,430.00"
2019-09-04,2019090401005701,BPCL,21,37,300,382.00,"114,600.00"
2019-09-04,2019090401005907,CBL,58,38,10,148.00,"1,480.00"
2019-09-04,2019090401005678,CBL,44,48,27,150.00,"4,050.00"
2019-09-04,2019090401006039,CCBL,50,32,266,160.00,"42,560.00"
2019-09-04,2019090401006038,CCBL,50,6,734,160.00,"117,440.00"
2019-09-04,2019090401006037,CCBL,41,6,66,160.00,"10,560.00"
2019-09-04,2019090401005997,CCBL,41,6,34,160.00,"5,440.00"
2019-09-04,2019090401005996,CCBL,6,6,20,160.00,"3,200.00"
2019-09-04,2019090401005995,CCBL,25,6,708,160.00,"113,280.00"
2019-09-04,2019090401005726,CCBL,25,45,200,160.00,"32,000.00"
2019-09-04,2019090401005959,CHCL,13,21,39,442.00,"17,238.00"
2019-09-04,2019090401005838,CHCL,44,7,14,440.00,"6,160.00"
2019-09-04,2019090401005758,CHCL,58,22,45,441.00,"19,845.00"
2019-09-04,2019090401005757,CHCL,25,22,50,441.00,"22,050.00"
2019-09-04,2019090401005731,CHCL,44,21,300,442.00,"132,600.00"
2019-09-04,2019090401005730,CHCL,6,21,251,442.00,"110,942.00"
2019-09-04,2019090401006122,CIT,48,58,21,"2,301.00","48,321.00"
2019-09-04,2019090401006102,CIT,49,32,13,"2,299.00","29,887.00"
2019-09-04,2019090401006101,CIT,19,32,20,"2,302.00","46,040.00"
2019-09-04,2019090401006082,CIT,37,22,50,"2,300.00","115,000.00"
2019-09-04,2019090401006072,CIT,37,50,50,"2,300.00","115,000.00"
2019-09-04,2019090401006035,CIT,40,5,40,"2,300.00","92,000.00"
2019-09-04,2019090401005648,CIT,7,42,30,"2,310.00","69,300.00"
2019-09-04,2019090401005801,CIT,41,59,50,"2,307.00","115,350.00"
2019-09-04,2019090401005764,CIT,46,50,20,"2,310.00","46,200.00"
2019-09-04,2019090401005695,CIT,34,52,17,"2,314.00","39,338.00"
2019-09-04,2019090401005694,CIT,34,39,43,"2,314.00","99,502.00"
2019-09-04,2019090401005671,CIT,45,39,20,"2,314.00","46,280.00"
2019-09-04,2019090401005649,CIT,37,42,20,"2,310.00","46,200.00"
2019-09-04,2019090401005807,CIT,45,59,20,"2,303.00","46,060.00"
2019-09-04,2019090401005806,CIT,6,59,14,"2,303.00","32,242.00"
2019-09-04,2019090401005805,CIT,21,59,150,"2,305.00","345,750.00"
2019-09-04,2019090401005804,CIT,57,59,30,"2,306.00","69,180.00"
2019-09-04,2019090401005803,CIT,14,59,20,"2,307.00","46,140.00"
2019-09-04,2019090401005802,CIT,41,59,50,"2,307.00","115,350.00"
2019-09-04,2019090401005867,CIT,28,59,20,"2,301.00","46,020.00"
2019-09-04,2019090401005866,CIT,28,52,100,"2,301.00","230,100.00"
2019-09-04,2019090401005851,CIT,28,58,80,"2,301.00","184,080.00"
2019-09-04,2019090401005842,CIT,7,50,50,"2,302.00","115,100.00"
2019-09-04,2019090401005836,CIT,42,59,50,"2,310.00","115,500.00"
2019-09-04,2019090401005808,CIT,7,59,46,"2,302.00","105,892.00"
2019-09-04,2019090401005985,CIT,6,22,253,"2,300.00","581,900.00"
2019-09-04,2019090401005962,CIT,46,58,10,"2,304.00","23,040.00"
2019-09-04,2019090401005949,CIT,6,22,47,"2,300.00","108,100.00"
2019-09-04,2019090401005919,CIT,40,13,100,"2,300.00","230,000.00"
2019-09-04,2019090401005900,CIT,51,59,100,"2,300.00","230,000.00"
2019-09-04,2019090401005899,CIT,37,59,100,"2,300.00","230,000.00"
2019-09-04,2019090401005693,CLBSL,14,49,56,529.00,"29,624.00"
2019-09-04,2019090401005934,CZBIL,42,6,44,221.00,"9,724.00"
2019-09-04,2019090401005901,CZBIL,44,26,"1,990",219.00,"435,810.00"
2019-09-04,2019090401005870,DBBL,58,58,630,133.00,"83,790.00"
2019-09-04,2019090401005729,DBBL,58,21,370,133.00,"49,210.00"
2019-09-04,2019090401006104,EBL,8,25,148,629.00,"93,092.00"
2019-09-04,2019090401006055,EBL,52,25,30,630.00,"18,900.00"
2019-09-04,2019090401006001,EBL,28,25,50,630.00,"31,500.00"
2019-09-04,2019090401005882,EBL,8,5,179,629.00,"112,591.00"
2019-09-04,2019090401005856,EBL,38,25,170,630.00,"107,100.00"
2019-09-04,2019090401005727,EBL,7,46,20,633.00,"12,660.00"
2019-09-04,2019090401005716,EBL,38,36,30,630.00,"18,900.00"
2019-09-04,2019090401006077,FOWAD,55,21,12,"1,311.00","15,732.00"
2019-09-04,2019090401005925,GBBL,39,6,500,214.00,"107,000.00"
2019-09-04,2019090401005880,GBLBS,19,6,50,344.00,"17,200.00"
2019-09-04,2019090401005827,GBLBS,40,25,75,343.00,"25,725.00"
2019-09-04,2019090401005815,GBLBS,49,13,100,343.00,"34,300.00"
2019-09-04,2019090401005814,GBLBS,19,13,200,343.00,"68,600.00"
2019-09-04,2019090401005778,GBLBS,41,6,300,344.00,"103,200.00"
2019-09-04,2019090401005660,GBLBS,5,34,200,345.00,"69,000.00"
2019-09-04,2019090401005653,GDBL,49,45,100,209.00,"20,900.00"
2019-09-04,2019090401005767,GLICL,37,5,30,391.00,"11,730.00"
2019-09-04,2019090401005766,GLICL,7,5,20,397.00,"7,940.00"
2019-09-04,2019090401005740,GLICL,7,56,200,397.00,"79,400.00"
2019-09-04,2019090401005739,GLICL,7,48,250,397.00,"99,250.00"
2019-09-04,2019090401005738,GLICL,7,25,10,397.00,"3,970.00"
2019-09-04,2019090401005737,GLICL,7,21,20,396.00,"7,920.00"
2019-09-04,2019090401006029,GRDBL,45,34,100,107.00,"10,700.00"
2019-09-04,2019090401005837,GRDBL,45,14,300,107.00,"32,100.00"
2019-09-04,2019090401005674,GUFL,3,14,400,117.00,"46,800.00"
2019-09-04,2019090401006081,HGI,53,48,33,300.00,"9,900.00"
2019-09-04,2019090401006080,HGI,56,48,30,301.00,"9,030.00"
2019-09-04,2019090401006071,HGI,56,45,70,301.00,"21,070.00"
2019-09-04,2019090401006070,HGI,39,45,30,302.00,"9,060.00"
2019-09-04,2019090401005972,HIDCL,42,26,39,143.00,"5,577.00"
2019-09-04,2019090401005884,HIDCL,28,43,378,142.00,"53,676.00"
2019-09-04,2019090401005883,HIDCL,36,43,122,142.00,"17,324.00"
2019-09-04,2019090401005707,HPPL,45,40,10,146.00,"1,460.00"
2019-09-04,2019090401005706,HPPL,59,40,500,146.00,"73,000.00"
2019-09-04,2019090401006088,HURJA,42,51,10,119.00,"1,190.00"
2019-09-04,2019090401005677,ICFC,52,49,30,165.00,"4,950.00"
2019-09-04,2019090401006069,ILBS,42,46,10,450.00,"4,500.00"
2019-09-04,2019090401006006,ILBS,14,46,10,450.00,"4,500.00"
2019-09-04,2019090401005918,ILBS,52,48,10,449.00,"4,490.00"
2019-09-04,2019090401005721,ILBS,49,38,80,455.00,"36,400.00"
2019-09-04,2019090401005720,ILBS,49,38,88,455.00,"40,040.00"
2019-09-04,2019090401005719,ILBS,49,13,10,455.00,"4,550.00"
2019-09-04,2019090401006063,JBBL,42,34,55,163.00,"8,965.00"
2019-09-04,2019090401005927,JBBL,42,38,10,163.00,"1,630.00"
2019-09-04,2019090401005655,JFL,25,6,50,191.00,"9,550.00"
2019-09-04,2019090401005841,JSLBB,44,44,2,930.00,"1,860.00"
2019-09-04,2019090401006022,KBL,39,16,33,205.00,"6,765.00"
2019-09-04,2019090401005994,KBL,39,43,17,205.00,"3,485.00"
2019-09-04,2019090401005993,KBL,39,43,50,205.00,"10,250.00"
2019-09-04,2019090401005992,KBL,39,43,50,205.00,"10,250.00"
2019-09-04,2019090401005991,KBL,39,43,50,205.00,"10,250.00"
2019-09-04,2019090401005990,KBL,39,43,50,205.00,"10,250.00"
2019-09-04,2019090401005664,KBL,39,50,50,206.00,"10,300.00"
2019-09-04,2019090401005659,KBL,39,50,50,206.00,"10,300.00"
2019-09-04,2019090401005735,KBL,39,43,50,206.00,"10,300.00"
2019-09-04,2019090401005734,KBL,39,43,100,206.00,"20,600.00"
2019-09-04,2019090401005733,KBL,39,43,50,206.00,"10,300.00"
2019-09-04,2019090401005732,KBL,39,43,50,206.00,"10,300.00"
2019-09-04,2019090401005672,KBL,39,50,50,206.00,"10,300.00"
2019-09-04,2019090401005667,KBL,39,50,50,206.00,"10,300.00"
2019-09-04,2019090401005989,KBL,56,43,150,205.00,"30,750.00"
2019-09-04,2019090401005988,KBL,34,43,"1,000",205.00,"205,000.00"
2019-09-04,2019090401005987,KBL,29,43,"1,000",205.00,"205,000.00"
2019-09-04,2019090401005986,KBL,17,43,633,205.00,"129,765.00"
2019-09-04,2019090401005742,KBL,39,43,50,206.00,"10,300.00"
2019-09-04,2019090401005736,KBL,39,43,50,206.00,"10,300.00"
2019-09-04,2019090401006076,KRBL,42,11,10,110.00,"1,100.00"
2019-09-04,2019090401006094,KSBBL,52,35,200,145.00,"29,000.00"
2019-09-04,2019090401005950,KSBBL,14,38,10,144.00,"1,440.00"
2019-09-04,2019090401005915,LBBL,50,45,200,177.00,"35,400.00"
2019-09-04,2019090401005914,LBBL,50,34,143,177.00,"25,311.00"
2019-09-04,2019090401005874,LBBL,39,34,125,177.00,"22,125.00"
2019-09-04,2019090401005760,LBBL,56,34,200,177.00,"35,400.00"
2019-09-04,2019090401005657,LBBL,44,34,32,177.00,"5,664.00"
2019-09-04,2019090401005656,LBBL,44,14,18,177.00,"3,186.00"
2019-09-04,2019090401006115,LBL,34,45,101,216.00,"21,816.00"
2019-09-04,2019090401006114,LBL,47,45,241,216.00,"52,056.00"
2019-09-04,2019090401006078,LBL,47,34,59,216.00,"12,744.00"
2019-09-04,2019090401006040,LBL,17,16,50,216.00,"10,800.00"
2019-09-04,2019090401005961,LBL,34,52,"1,000",217.00,"217,000.00"
2019-09-04,2019090401005960,LBL,34,34,500,217.00,"108,500.00"
2019-09-04,2019090401005861,LBL,6,6,"1,000",217.00,"217,000.00"
2019-09-04,2019090401005754,LBL,40,34,500,217.00,"108,500.00"
2019-09-04,2019090401006100,LGIL,38,45,175,389.00,"68,075.00"
2019-09-04,2019090401006075,LGIL,34,38,"1,000",388.00,"388,000.00"
2019-09-04,2019090401006050,LGIL,55,38,500,390.00,"195,000.00"
2019-09-04,2019090401006049,LGIL,26,38,300,390.00,"117,000.00"
2019-09-04,2019090401006048,LGIL,36,38,20,390.00,"7,800.00"
2019-09-04,2019090401005854,LGIL,36,5,180,390.00,"70,200.00"
2019-09-04,2019090401005853,LGIL,57,5,100,391.00,"39,100.00"
2019-09-04,2019090401005852,LGIL,38,5,20,392.00,"7,840.00"
2019-09-04,2019090401005685,LICN,56,28,371,"1,015.00","376,565.00"
2019-09-04,2019090401005684,LICN,41,28,10,"1,017.00","10,170.00"
2019-09-04,2019090401005683,LICN,19,28,20,"1,017.00","20,340.00"
2019-09-04,2019090401005673,LICN,25,25,10,"1,028.00","10,280.00"
2019-09-04,2019090401005984,LLBS,49,55,30,725.00,"21,750.00"
2019-09-04,2019090401005687,LLBS,11,51,90,730.00,"65,700.00"
2019-09-04,2019090401006056,MBL,26,58,100,258.00,"25,800.00"
2019-09-04,2019090401005776,MBL,17,34,"1,000",257.00,"257,000.00"
2019-09-04,2019090401006128,MEGA,11,21,199,203.00,"40,397.00"
2019-09-04,2019090401006127,MEGA,11,26,301,203.00,"61,103.00"
2019-09-04,2019090401006060,MEGA,49,57,50,202.00,"10,100.00"
2019-09-04,2019090401005708,MEGA,49,5,446,202.00,"90,092.00"
2019-09-04,2019090401005651,MEGA,13,36,15,203.00,"3,045.00"
2019-09-04,2019090401005857,MEGA,36,58,500,203.00,"101,500.00"
2019-09-04,2019090401005833,MEGA,10,36,11,202.00,"2,222.00"
2019-09-04,2019090401005832,MEGA,49,36,554,202.00,"111,908.00"
2019-09-04,2019090401005941,MEGA,32,58,500,203.00,"101,500.00"
2019-09-04,2019090401006033,MEGA,49,53,900,202.00,"181,800.00"
2019-09-04,2019090401005974,MEGA,49,6,116,202.00,"23,432.00"
2019-09-04,2019090401005973,MEGA,10,6,29,202.00,"5,858.00"
2019-09-04,2019090401005965,MEGA,10,38,10,202.00,"2,020.00"
2019-09-04,2019090401006106,MERO,32,39,50,570.00,"28,500.00"
2019-09-04,2019090401006105,MERO,33,39,50,570.00,"28,500.00"
2019-09-04,2019090401006064,MERO,33,45,450,570.00,"256,500.00"
2019-09-04,2019090401005980,MERO,34,39,100,571.00,"57,100.00"
2019-09-04,2019090401005977,MERO,52,6,10,574.00,"5,740.00"
2019-09-04,2019090401005976,MERO,52,45,40,574.00,"22,960.00"
2019-09-04,2019090401005975,MFIL,3,38,10,126.00,"1,260.00"
2019-09-04,2019090401005798,MFIL,14,32,200,128.00,"25,600.00"
2019-09-04,2019090401006007,MLBL,14,14,300,214.00,"64,200.00"
2019-09-04,2019090401005971,MLBL,14,25,700,214.00,"149,800.00"
2019-09-04,2019090401005970,MLBL,38,25,300,214.00,"64,200.00"
2019-09-04,2019090401005898,MLBL,43,45,384,215.00,"82,560.00"
2019-09-04,2019090401005791,MLBL,38,52,500,214.00,"107,000.00"
2019-09-04,2019090401005790,MNBBL,14,51,150,320.00,"48,000.00"
2019-09-04,2019090401005789,MNBBL,19,51,50,320.00,"16,000.00"
2019-09-04,2019090401005646,MNBBL,22,50,100,323.00,"32,300.00"
2019-09-04,2019090401006117,NABIL,42,35,180,778.00,"140,040.00"
2019-09-04,2019090401006047,NABIL,35,35,200,779.00,"155,800.00"
2019-09-04,2019090401006028,NABIL,42,6,200,778.00,"155,600.00"
2019-09-04,2019090401006027,NABIL,7,6,500,778.00,"389,000.00"
2019-09-04,2019090401005788,NABIL,6,49,50,780.00,"39,000.00"
2019-09-04,2019090401005759,NABIL,6,35,100,780.00,"78,000.00"
2019-09-04,2019090401005692,NABIL,6,52,250,781.00,"195,250.00"
2019-09-04,2019090401005682,NABIL,46,52,50,781.00,"39,050.00"
2019-09-04,2019090401005666,NABIL,34,25,"1,690",780.00,"1,318,200.00"
2019-09-04,2019090401005654,NABIL,22,25,10,780.00,"7,800.00"
2019-09-04,2019090401005850,NADEP,41,57,19,464.00,"8,816.00"
2019-09-04,2019090401005823,NADEP,1,57,20,465.00,"9,300.00"
2019-09-04,2019090401005800,NAGRO,34,22,10,770.00,"7,700.00"
2019-09-04,2019090401005935,NBB,34,45,"1,874",215.00,"402,910.00"
2019-09-04,2019090401005933,NBB,34,45,"1,060",214.00,"226,840.00"
2019-09-04,2019090401005746,NBB,17,5,662,215.00,"142,330.00"
2019-09-04,2019090401005910,NBB,5,45,228,215.00,"49,020.00"
2019-09-04,2019090401005906,NBB,5,51,72,215.00,"15,480.00"
2019-09-04,2019090401005905,NBB,59,51,100,215.00,"21,500.00"
2019-09-04,2019090401005904,NBB,42,51,80,215.00,"17,200.00"
2019-09-04,2019090401005903,NBB,29,51,500,215.00,"107,500.00"
2019-09-04,2019090401005902,NBB,17,51,138,215.00,"29,670.00"
2019-09-04,2019090401006054,NBL,59,6,200,321.00,"64,200.00"
2019-09-04,2019090401006053,NBL,22,6,100,321.00,"32,100.00"
2019-09-04,2019090401006052,NBL,13,6,200,321.00,"64,200.00"
2019-09-04,2019090401006021,NBL,17,34,500,321.00,"160,500.00"
2019-09-04,2019090401006002,NBL,17,38,10,321.00,"3,210.00"
2019-09-04,2019090401005797,NBL,39,44,450,322.00,"144,900.00"
2019-09-04,2019090401006096,NCCB,33,34,30,204.00,"6,120.00"
2019-09-04,2019090401006095,NCCB,33,36,500,204.00,"102,000.00"
2019-09-04,2019090401005956,NCCB,33,36,"1,000",204.00,"204,000.00"
2019-09-04,2019090401005881,NCCB,33,47,500,204.00,"102,000.00"
2019-09-04,2019090401005875,NCCB,33,47,500,204.00,"102,000.00"
2019-09-04,2019090401005787,NCCB,19,48,152,205.00,"31,160.00"
2019-09-04,2019090401005786,NCCB,19,36,148,205.00,"30,340.00"
2019-09-04,2019090401005763,NCCB,58,36,10,205.00,"2,050.00"
2019-09-04,2019090401005822,NHPC,57,56,500,59.00,"29,500.00"
2019-09-04,2019090401006014,NIB,44,52,12,460.00,"5,520.00"
2019-09-04,2019090401006013,NIB,44,1,44,460.00,"20,240.00"
2019-09-04,2019090401006012,NIB,44,1,44,460.00,"20,240.00"
2019-09-04,2019090401005928,NIB,50,52,31,460.00,"14,260.00"
2019-09-04,2019090401005922,NIB,50,17,169,460.00,"77,740.00"
2019-09-04,2019090401005921,NIB,50,48,200,460.00,"92,000.00"
2019-09-04,2019090401005756,NIB,22,48,300,460.00,"138,000.00"
2019-09-04,2019090401005697,NIB,56,48,200,460.00,"92,000.00"
2019-09-04,2019090401005665,NIB,39,48,300,460.00,"138,000.00"
2019-09-04,2019090401006046,NICA,29,45,73,449.00,"32,777.00"
2019-09-04,2019090401006045,NICA,17,45,"1,000",449.00,"449,000.00"
2019-09-04,2019090401006044,NICA,45,45,400,449.00,"179,600.00"
2019-09-04,2019090401006043,NICA,17,45,527,450.00,"237,150.00"
2019-09-04,2019090401006032,NICA,17,58,473,450.00,"212,850.00"
2019-09-04,2019090401006031,NICA,34,58,27,451.00,"12,177.00"
2019-09-04,2019090401005818,NICA,7,39,427,451.00,"192,577.00"
2019-09-04,2019090401005817,NICA,36,16,200,452.00,"90,400.00"
2019-09-04,2019090401005777,NICA,7,35,100,451.00,"45,100.00"
2019-09-04,2019090401005743,NICA,7,51,100,451.00,"45,100.00"
2019-09-04,2019090401005741,NICA,57,16,50,452.00,"22,600.00"
2019-09-04,2019090401005634,NICA,22,16,100,452.00,"45,200.00"
2019-09-04,2019090401005964,NICA,34,58,73,451.00,"32,923.00"
2019-09-04,2019090401005963,NICA,17,58,27,451.00,"12,177.00"
2019-09-04,2019090401005958,NICA,17,6,500,451.00,"225,500.00"
2019-09-04,2019090401005821,NICA,17,39,473,451.00,"213,323.00"
2019-09-04,2019090401005820,NICA,16,39,"1,000",451.00,"451,000.00"
2019-09-04,2019090401005819,NICA,34,39,100,451.00,"45,100.00"
2019-09-04,2019090401006109,NICL,13,5,10,277.00,"2,770.00"
2019-09-04,2019090401006108,NICL,32,5,100,278.00,"27,800.00"
2019-09-04,2019090401006107,NICL,43,5,10,285.00,"2,850.00"
2019-09-04,2019090401005891,NICL,17,38,126,280.00,"35,280.00"
2019-09-04,2019090401005890,NICL,22,38,500,280.00,"140,000.00"
2019-09-04,2019090401005889,NICL,16,38,100,281.00,"28,100.00"
2019-09-04,2019090401005888,NICL,29,38,200,282.00,"56,400.00"
2019-09-04,2019090401005887,NICL,43,38,100,283.00,"28,300.00"
2019-09-04,2019090401005886,NICL,34,38,50,283.00,"14,150.00"
2019-09-04,2019090401005885,NICL,46,38,108,284.00,"30,672.00"
2019-09-04,2019090401005691,NICL,26,7,46,285.00,"13,110.00"
2019-09-04,2019090401006116,NIL,42,41,100,390.00,"39,000.00"
2019-09-04,2019090401005913,NIL,42,53,50,390.00,"19,500.00"
2019-09-04,2019090401005897,NIL,44,53,50,391.00,"19,550.00"
2019-09-04,2019090401005715,NLBBL,33,5,45,529.00,"23,805.00"
2019-09-04,2019090401006103,NLG,34,38,100,597.00,"59,700.00"
2019-09-04,2019090401005679,NLG,39,32,100,594.00,"59,400.00"
2019-09-04,2019090401006099,NLIC,40,58,11,813.00,"8,943.00"
2019-09-04,2019090401006098,NLIC,51,58,80,813.00,"65,040.00"
2019-09-04,2019090401006068,NLIC,51,4,20,813.00,"16,260.00"
2019-09-04,2019090401006067,NLIC,32,4,30,814.00,"24,420.00"
2019-09-04,2019090401005999,NLIC,33,40,100,815.00,"81,500.00"
2019-09-04,2019090401005998,NLIC,43,40,157,815.00,"127,955.00"
2019-09-04,2019090401005865,NLIC,43,4,43,815.00,"35,045.00"
2019-09-04,2019090401005864,NLIC,25,4,20,815.00,"16,300.00"
2019-09-04,2019090401005863,NLIC,42,4,100,815.00,"81,500.00"
2019-09-04,2019090401005862,NLIC,58,4,37,815.00,"30,155.00"
2019-09-04,2019090401005828,NLIC,58,38,21,815.00,"17,115.00"
2019-09-04,2019090401005799,NLIC,58,14,21,815.00,"17,115.00"
2019-09-04,2019090401005717,NLICP,43,40,"10,000",508.00,"5,080,000.00"
2019-09-04,2019090401005893,NMBHF1,7,4,370,9.60,"3,552.00"
2019-09-04,2019090401005909,NNLB,5,38,10,451.00,"4,510.00"
2019-09-04,2019090401005876,NNLB,5,45,20,450.00,"9,000.00"
2019-09-04,2019090401006120,NTC,59,22,10,654.00,"6,540.00"
2019-09-04,2019090401006111,NTC,14,34,10,650.00,"6,500.00"
2019-09-04,2019090401006004,NTC,14,4,80,647.00,"51,760.00"
2019-09-04,2019090401006003,NTC,34,4,920,648.00,"596,160.00"
2019-09-04,2019090401005633,NTC,59,22,20,654.00,"13,080.00"
2019-09-04,2019090401005632,NTC,33,22,10,654.00,"6,540.00"
2019-09-04,2019090401005871,PCBL,25,22,22,274.00,"6,028.00"
2019-09-04,2019090401005795,PCBL,1,22,28,274.00,"7,672.00"
2019-09-04,2019090401005794,PCBL,1,55,72,274.00,"19,728.00"
2019-09-04,2019090401006016,PFL,38,38,10,134.00,"1,340.00"
2019-09-04,2019090401006079,PIC,42,38,11,411.00,"4,521.00"
2019-09-04,2019090401006000,PIC,56,42,50,412.00,"20,600.00"
2019-09-04,2019090401005920,PIC,25,37,100,412.00,"41,200.00"
2019-09-04,2019090401005750,PIC,25,35,50,412.00,"20,600.00"
2019-09-04,2019090401005749,PIC,58,35,20,412.00,"8,240.00"
2019-09-04,2019090401005748,PIC,58,35,20,412.00,"8,240.00"
2019-09-04,2019090401005747,PIC,20,35,10,412.00,"4,120.00"
2019-09-04,2019090401006086,PLIC,51,5,200,408.00,"81,600.00"
2019-09-04,2019090401006085,PLIC,21,5,50,408.00,"20,400.00"
2019-09-04,2019090401005714,PPCL,6,3,10,104.00,"1,040.00"
2019-09-04,2019090401005647,PPCL,6,3,10,102.00,"1,020.00"
2019-09-04,2019090401005843,PRIN,49,1,38,335.00,"12,730.00"
2019-09-04,2019090401006020,PRVU,17,28,"1,000",269.00,"269,000.00"
2019-09-04,2019090401006019,PRVU,57,28,65,269.00,"17,485.00"
2019-09-04,2019090401006018,PRVU,52,28,200,269.00,"53,800.00"
2019-09-04,2019090401005955,PRVU,32,25,110,270.00,"29,700.00"
2019-09-04,2019090401005940,PRVU,32,34,390,270.00,"105,300.00"
2019-09-04,2019090401005939,PRVU,36,34,200,270.00,"54,000.00"
2019-09-04,2019090401005770,PRVU,53,35,38,270.00,"10,260.00"
2019-09-04,2019090401005658,PRVU,21,34,20,271.00,"5,420.00"
2019-09-04,2019090401005631,PRVU,22,34,100,271.00,"27,100.00"
2019-09-04,2019090401005630,PRVU,53,59,38,270.00,"10,260.00"
2019-09-04,2019090401005938,PRVU,39,34,300,270.00,"81,000.00"
2019-09-04,2019090401005937,PRVU,38,34,100,270.00,"27,000.00"
2019-09-04,2019090401005936,PRVU,38,34,10,270.00,"2,700.00"
2019-09-04,2019090401005775,PRVU,38,6,78,270.00,"21,060.00"
2019-09-04,2019090401005772,PRVU,38,35,12,270.00,"3,240.00"
2019-09-04,2019090401005771,PRVU,58,35,50,270.00,"13,500.00"
2019-09-04,2019090401005924,RBCLPO,45,33,10,"8,100.00","81,000.00"
2019-09-04,2019090401006113,RHPL,35,38,30,175.00,"5,250.00"
2019-09-04,2019090401006110,RHPL,35,43,40,175.00,"7,000.00"
2019-09-04,2019090401006058,RHPL,44,7,60,176.00,"10,560.00"
2019-09-04,2019090401006057,RHPL,14,7,290,176.00,"51,040.00"
2019-09-04,2019090401006015,RHPL,14,38,30,176.00,"5,280.00"
2019-09-04,2019090401005923,RHPL,14,38,30,176.00,"5,280.00"
2019-09-04,2019090401005668,RHPL,35,29,10,177.00,"1,770.00"
2019-09-04,2019090401005917,RHPL,42,34,30,177.00,"5,310.00"
2019-09-04,2019090401005916,RHPL,42,29,30,177.00,"5,310.00"
2019-09-04,2019090401005848,RHPL,14,38,30,176.00,"5,280.00"
2019-09-04,2019090401005834,RHPL,14,47,20,176.00,"3,520.00"
2019-09-04,2019090401005796,RHPL,37,35,30,176.00,"5,280.00"
2019-09-04,2019090401005761,RHPL,37,29,40,176.00,"7,040.00"
2019-09-04,2019090401005846,RMDC,34,14,16,663.00,"10,608.00"
2019-09-04,2019090401005845,RMDC,34,13,42,662.00,"27,804.00"
2019-09-04,2019090401006097,SABSL,5,38,10,509.00,"5,090.00"
2019-09-04,2019090401006062,SABSL,25,21,10,510.00,"5,100.00"
2019-09-04,2019090401006059,SABSL,5,44,10,509.00,"5,090.00"
2019-09-04,2019090401006025,SABSL,5,44,10,509.00,"5,090.00"
2019-09-04,2019090401005979,SABSL,5,38,10,509.00,"5,090.00"
2019-09-04,2019090401005978,SABSL,5,44,10,509.00,"5,090.00"
2019-09-04,2019090401005676,SABSL,41,17,10,511.00,"5,110.00"
2019-09-04,2019090401005670,SABSL,41,17,10,511.00,"5,110.00"
2019-09-04,2019090401005639,SABSL,41,46,10,511.00,"5,110.00"
2019-09-04,2019090401005629,SABSL,41,58,10,511.00,"5,110.00"
2019-09-04,2019090401005725,SABSL,14,21,10,518.00,"5,180.00"
2019-09-04,2019090401005710,SABSL,34,58,10,511.00,"5,110.00"
2019-09-04,2019090401005696,SABSL,34,58,10,511.00,"5,110.00"
2019-09-04,2019090401005690,SABSL,34,21,10,511.00,"5,110.00"
2019-09-04,2019090401005686,SABSL,58,21,10,511.00,"5,110.00"
2019-09-04,2019090401005680,SABSL,41,35,10,511.00,"5,110.00"
2019-09-04,2019090401005826,SABSL,50,21,10,510.00,"5,100.00"
2019-09-04,2019090401005825,SABSL,50,59,10,510.00,"5,100.00"
2019-09-04,2019090401005793,SABSL,58,21,10,511.00,"5,110.00"
2019-09-04,2019090401005780,SABSL,34,21,10,511.00,"5,110.00"
2019-09-04,2019090401005768,SABSL,34,21,10,511.00,"5,110.00"
2019-09-04,2019090401005728,SABSL,14,13,10,517.00,"5,170.00"
2019-09-04,2019090401005859,SABSL,16,36,10,510.00,"5,100.00"
2019-09-04,2019090401005855,SABSL,16,59,10,510.00,"5,100.00"
2019-09-04,2019090401005849,SABSL,16,21,10,510.00,"5,100.00"
2019-09-04,2019090401005847,SABSL,16,59,10,510.00,"5,100.00"
2019-09-04,2019090401005840,SABSL,16,59,10,510.00,"5,100.00"
2019-09-04,2019090401005835,SABSL,50,38,10,510.00,"5,100.00"
2019-09-04,2019090401005896,SABSL,19,59,10,510.00,"5,100.00"
2019-09-04,2019090401005894,SABSL,45,36,10,510.00,"5,100.00"
2019-09-04,2019090401005892,SABSL,45,38,10,510.00,"5,100.00"
2019-09-04,2019090401005879,SABSL,45,59,10,510.00,"5,100.00"
2019-09-04,2019090401005877,SABSL,45,36,10,510.00,"5,100.00"
2019-09-04,2019090401005873,SABSL,45,59,10,510.00,"5,100.00"
2019-09-04,2019090401005957,SABSL,5,44,10,509.00,"5,090.00"
2019-09-04,2019090401005944,SABSL,5,21,20,510.00,"10,200.00"
2019-09-04,2019090401005943,SABSL,19,21,10,510.00,"5,100.00"
2019-09-04,2019090401005942,SABSL,19,48,10,510.00,"5,100.00"
2019-09-04,2019090401005926,SABSL,19,44,10,510.00,"5,100.00"
2019-09-04,2019090401005911,SABSL,19,36,10,510.00,"5,100.00"
2019-09-04,2019090401005785,SADBL,14,36,100,146.00,"14,600.00"
2019-09-04,2019090401006042,SANIMA,52,57,844,355.00,"299,620.00"
2019-09-04,2019090401006041,SANIMA,42,57,156,355.00,"55,380.00"
2019-09-04,2019090401005642,SANIMA,42,25,24,355.00,"8,520.00"
2019-09-04,2019090401005641,SANIMA,18,25,200,355.00,"71,000.00"
2019-09-04,2019090401005640,SANIMA,56,25,276,355.00,"97,980.00"
2019-09-04,2019090401006011,SCB,45,1,5,623.00,"3,115.00"
2019-09-04,2019090401006010,SCB,45,5,45,623.00,"28,035.00"
2019-09-04,2019090401006009,SCB,14,5,50,624.00,"31,200.00"
2019-09-04,2019090401006008,SCB,21,5,60,625.00,"37,500.00"
2019-09-04,2019090401005967,SCB,21,21,100,625.00,"62,500.00"
2019-09-04,2019090401005954,SCB,21,48,40,625.00,"25,000.00"
2019-09-04,2019090401005953,SCB,34,48,100,626.00,"62,600.00"
2019-09-04,2019090401006026,SDESI,34,38,27,623.00,"16,821.00"
2019-09-04,2019090401005689,SFFIL,43,19,100,258.00,"25,800.00"
2019-09-04,2019090401005688,SFFIL,29,19,90,258.00,"23,220.00"
2019-09-04,2019090401005675,SFFIL,47,19,100,259.00,"25,900.00"
2019-09-04,2019090401006051,SHINE,39,32,50,256.00,"12,800.00"
2019-09-04,2019090401005969,SHINE,34,8,"1,400",255.00,"357,000.00"
2019-09-04,2019090401005968,SHINE,57,8,50,255.00,"12,750.00"
2019-09-04,2019090401006093,SHIVM,34,14,10,546.00,"5,460.00"
2019-09-04,2019090401006092,SHIVM,29,14,50,546.00,"27,300.00"
2019-09-04,2019090401006091,SHIVM,8,14,90,546.00,"49,140.00"
2019-09-04,2019090401006084,SHIVM,38,7,200,547.00,"109,400.00"
2019-09-04,2019090401005869,SHIVM,14,48,50,549.00,"27,450.00"
2019-09-04,2019090401005868,SHIVM,43,48,100,549.00,"54,900.00"
2019-09-04,2019090401005844,SHIVM,7,21,200,550.00,"110,000.00"
2019-09-04,2019090401005839,SHIVM,28,47,500,550.00,"275,000.00"
2019-09-04,2019090401005718,SHIVM,51,21,100,551.00,"55,100.00"
2019-09-04,2019090401005824,SHL,17,7,500,225.00,"112,500.00"
2019-09-04,2019090401005652,SICL,34,37,500,764.00,"382,000.00"
2019-09-04,2019090401005762,SICL,34,55,300,768.00,"230,400.00"
2019-09-04,2019090401005858,SIFC,52,38,14,157.00,"2,198.00"
2019-09-04,2019090401006030,SIL,25,35,10,409.00,"4,090.00"
2019-09-04,2019090401005709,SIL,55,57,965,405.00,"390,825.00"
2019-09-04,2019090401006124,SJCL,42,38,10,191.00,"1,910.00"
2019-09-04,2019090401006123,SJCL,42,43,20,191.00,"3,820.00"
2019-09-04,2019090401006034,SJCL,42,38,10,191.00,"1,910.00"
2019-09-04,2019090401005643,SJCL,17,42,140,192.00,"26,880.00"
2019-09-04,2019090401005774,SJCL,14,21,20,192.00,"3,840.00"
2019-09-04,2019090401005755,SJCL,42,21,"1,000",192.00,"192,000.00"
2019-09-04,2019090401005645,SJCL,34,42,500,192.00,"96,000.00"
2019-09-04,2019090401005644,SJCL,33,42,500,192.00,"96,000.00"
2019-09-04,2019090401005872,SJCL,34,38,10,191.00,"1,910.00"
2019-09-04,2019090401005813,SJCL,34,21,20,191.00,"3,820.00"
2019-09-04,2019090401005779,SJCL,14,42,980,192.00,"188,160.00"
2019-09-04,2019090401005952,SJCL,42,42,60,192.00,"11,520.00"
2019-09-04,2019090401005951,SJCL,42,42,20,192.00,"3,840.00"
2019-09-04,2019090401005948,SJCL,42,45,88,191.00,"16,808.00"
2019-09-04,2019090401005947,SJCL,34,45,"1,412",191.00,"269,692.00"
2019-09-04,2019090401005945,SJCL,34,38,10,191.00,"1,910.00"
2019-09-04,2019090401006005,SJCL,17,17,5,193.00,965.00
2019-09-04,2019090401005966,SJCL,14,42,50,192.00,"9,600.00"
2019-09-04,2019090401005912,SKBBL,5,22,10,970.00,"9,700.00"
2019-09-04,2019090401005860,SLBSL,36,58,10,738.00,"7,380.00"
2019-09-04,2019090401005661,SLBSL,21,55,10,738.00,"7,380.00"
2019-09-04,2019090401005932,SLBSL,57,38,165,737.00,"121,605.00"
2019-09-04,2019090401005931,SLBSL,18,38,100,737.00,"73,700.00"
2019-09-04,2019090401005930,SLBSL,17,38,10,737.00,"7,370.00"
2019-09-04,2019090401005929,SLBSL,36,38,125,738.00,"92,250.00"
2019-09-04,2019090401005895,SLBSL,44,44,2,740.00,"1,480.00"
2019-09-04,2019090401005878,SLBSL,36,38,100,738.00,"73,800.00"
2019-09-04,2019090401006061,SLICL,57,6,60,296.00,"17,760.00"
2019-09-04,2019090401005681,SLICL,32,34,50,300.00,"15,000.00"
2019-09-04,2019090401005946,SMFBS,51,5,10,810.00,"8,100.00"
2019-09-04,2019090401005809,SMFDB,52,32,83,536.00,"44,488.00"
2019-09-04,2019090401005663,SMFDB,52,51,17,536.00,"9,112.00"
2019-09-04,2019090401005812,SMFDB,1,32,207,530.00,"109,710.00"
2019-09-04,2019090401005811,SMFDB,57,32,500,531.00,"265,500.00"
2019-09-04,2019090401005810,SMFDB,7,32,10,535.00,"5,350.00"
2019-09-04,2019090401006074,SRBL,17,50,"1,000",237.00,"237,000.00"
2019-09-04,2019090401005829,SRBL,17,35,100,237.00,"23,700.00"
2019-09-04,2019090401005669,SRBL,17,16,600,237.00,"142,200.00"
2019-09-04,2019090401005783,SWBBL,48,5,30,926.00,"27,780.00"
2019-09-04,2019090401005782,SWBBL,21,5,100,927.00,"92,700.00"
2019-09-04,2019090401005781,SWBBL,34,5,60,930.00,"55,800.00"
2019-09-04,2019090401005724,UIC,38,5,10,291.00,"2,910.00"
2019-09-04,2019090401006121,UMHL,7,34,42,105.00,"4,410.00"
2019-09-04,2019090401005792,UMHL,7,19,220,105.00,"23,100.00"
2019-09-04,2019090401006017,UPCL,41,7,12,83.00,996.00
2019-09-04,2019090401006112,UPPER,48,50,22,249.00,"5,478.00"
2019-09-04,2019090401006087,UPPER,48,29,18,249.00,"4,482.00"
2019-09-04,2019090401006036,UPPER,22,29,20,249.00,"4,980.00"
2019-09-04,2019090401005745,UPPER,48,48,170,248.00,"42,160.00"
2019-09-04,2019090401005744,UPPER,36,48,330,248.00,"81,840.00"
2019-09-04,2019090401005527,ADBL,22,22,13,426.00,"5,538.00"
2019-09-04,2019090401005526,ADBL,28,22,117,426.00,"49,842.00"
2019-09-04,2019090401005419,ADBL,40,37,200,427.00,"85,400.00"
2019-09-04,2019090401005418,ADBL,40,6,100,427.00,"42,700.00"
2019-09-04,2019090401005417,ADBL,40,6,100,427.00,"42,700.00"
2019-09-04,2019090401005416,ADBL,40,17,110,427.00,"46,970.00"
2019-09-04,2019090401005415,ADBL,40,53,100,427.00,"42,700.00"
2019-09-04,2019090401005155,ADBL,28,48,83,426.00,"35,358.00"
2019-09-04,2019090401005397,AHPC,39,25,10,100.00,"1,000.00"
2019-09-04,2019090401005273,AHPC,52,54,33,99.00,"3,267.00"
2019-09-04,2019090401005272,AHPC,43,54,100,99.00,"9,900.00"
2019-09-04,2019090401005215,AHPC,38,54,237,100.00,"23,700.00"
2019-09-04,2019090401005214,AHPC,41,54,100,100.00,"10,000.00"
2019-09-04,2019090401005213,AHPC,14,54,30,100.00,"3,000.00"
2019-09-04,2019090401005160,AKJCL,47,47,20,61.00,"1,220.00"
2019-09-04,2019090401005142,AKJCL,22,43,20,60.00,"1,200.00"
2019-09-04,2019090401005230,ALBSL,45,25,20,450.00,"9,000.00"
2019-09-04,2019090401005229,ALBSL,49,25,50,450.00,"22,500.00"
2019-09-04,2019090401005221,ALBSL,49,47,10,450.00,"4,500.00"
2019-09-04,2019090401005204,ALBSL,49,58,10,450.00,"4,500.00"
2019-09-04,2019090401005455,API,8,25,500,116.00,"58,000.00"
2019-09-04,2019090401005405,API,8,38,310,116.00,"35,960.00"
2019-09-04,2019090401005404,API,45,38,90,116.00,"10,440.00"
2019-09-04,2019090401005319,API,45,25,10,116.00,"1,160.00"
2019-09-04,2019090401005187,API,22,25,10,116.00,"1,160.00"
2019-09-04,2019090401005149,API,21,25,10,114.00,"1,140.00"
2019-09-04,2019090401005237,API,7,54,370,114.00,"42,180.00"
2019-09-04,2019090401005236,API,39,54,50,114.00,"5,700.00"
2019-09-04,2019090401005235,API,14,54,50,114.00,"5,700.00"
2019-09-04,2019090401005234,API,21,54,30,114.00,"3,420.00"
2019-09-04,2019090401005309,BFC,25,40,300,92.00,"27,600.00"
2019-09-04,2019090401005599,BOKL,44,7,500,262.00,"131,000.00"
2019-09-04,2019090401005590,BOKL,44,3,25,262.00,"6,550.00"
2019-09-04,2019090401005581,BOKL,44,49,200,262.00,"52,400.00"
2019-09-04,2019090401005409,BOKL,44,48,500,262.00,"131,000.00"
2019-09-04,2019090401005388,BOKL,3,26,500,262.00,"131,000.00"
2019-09-04,2019090401005352,BOKL,55,56,500,262.00,"131,000.00"
2019-09-04,2019090401005220,BOKL,36,1,500,261.00,"130,500.00"
2019-09-04,2019090401005219,BOKL,36,38,300,261.00,"78,300.00"
2019-09-04,2019090401005218,BOKL,36,36,250,261.00,"65,250.00"
2019-09-04,2019090401005217,BOKL,36,44,500,261.00,"130,500.00"
2019-09-04,2019090401005216,BOKL,36,28,200,261.00,"52,200.00"
2019-09-04,2019090401005336,BPCL,43,35,10,388.00,"3,880.00"
2019-09-04,2019090401005335,BPCL,43,16,22,387.00,"8,514.00"
2019-09-04,2019090401005141,CBBL,44,7,375,985.00,"369,375.00"
2019-09-04,2019090401005140,CBBL,44,19,122,984.00,"120,048.00"
2019-09-04,2019090401005131,CBL,28,54,300,149.00,"44,700.00"
2019-09-04,2019090401005130,CBL,28,43,220,149.00,"32,780.00"
2019-09-04,2019090401005313,CCBL,25,49,41,160.00,"6,560.00"
2019-09-04,2019090401005180,CCBL,45,38,200,161.00,"32,200.00"
2019-09-04,2019090401005595,CHCL,6,37,49,442.00,"21,658.00"
2019-09-04,2019090401005594,CHCL,44,37,50,442.00,"22,100.00"
2019-09-04,2019090401005592,CHCL,6,21,310,445.00,"137,950.00"
2019-09-04,2019090401005591,CHCL,6,53,90,445.00,"40,050.00"
2019-09-04,2019090401005624,CIT,17,39,37,"2,314.00","85,618.00"
2019-09-04,2019090401005600,CIT,57,29,16,"2,310.00","36,960.00"
2019-09-04,2019090401005545,CIT,33,22,10,"2,315.00","23,150.00"
2019-09-04,2019090401005532,CIT,28,19,100,"2,314.00","231,400.00"
2019-09-04,2019090401005521,CIT,37,21,19,"2,310.00","43,890.00"
2019-09-04,2019090401005517,CIT,43,21,11,"2,310.00","25,410.00"
2019-09-04,2019090401005394,CIT,59,32,49,"2,314.00","113,386.00"
2019-09-04,2019090401005393,CIT,59,52,49,"2,314.00","113,386.00"
2019-09-04,2019090401005392,CIT,6,26,36,"2,300.00","82,800.00"
2019-09-04,2019090401005355,CIT,42,52,100,"2,315.00","231,500.00"
2019-09-04,2019090401005283,CIT,22,52,51,"2,314.00","118,014.00"
2019-09-04,2019090401005485,CIT,39,58,62,"2,310.00","143,220.00"
2019-09-04,2019090401005478,CIT,43,5,89,"2,309.00","205,501.00"
2019-09-04,2019090401005464,CIT,41,58,10,"2,310.00","23,100.00"
2019-09-04,2019090401005443,CIT,11,58,13,"2,310.00","30,030.00"
2019-09-04,2019090401005414,CIT,33,58,15,"2,310.00","34,650.00"
2019-09-04,2019090401005395,CIT,59,22,13,"2,315.00","30,095.00"
2019-09-04,2019090401005246,CLBSL,29,56,11,529.00,"5,819.00"
2019-09-04,2019090401005195,CLBSL,29,45,17,525.00,"8,925.00"
2019-09-04,2019090401005194,CLBSL,29,29,22,525.00,"11,550.00"
2019-09-04,2019090401005193,CLBSL,29,35,11,525.00,"5,775.00"
2019-09-04,2019090401005192,CLBSL,29,35,11,525.00,"5,775.00"
2019-09-04,2019090401005191,CLBSL,29,35,11,525.00,"5,775.00"
2019-09-04,2019090401005190,CLBSL,29,21,15,520.00,"7,800.00"
2019-09-04,2019090401005189,CLBSL,29,58,20,520.00,"10,400.00"
2019-09-04,2019090401005134,CLBSL,26,42,25,515.00,"12,875.00"
2019-09-04,2019090401005623,CZBIL,17,26,"1,000",220.00,"220,000.00"
2019-09-04,2019090401005622,CZBIL,17,26,990,220.00,"217,800.00"
2019-09-04,2019090401005378,CZBIL,50,5,57,221.00,"12,597.00"
2019-09-04,2019090401005377,CZBIL,50,6,500,221.00,"110,500.00"
2019-09-04,2019090401005376,CZBIL,50,7,60,221.00,"13,260.00"
2019-09-04,2019090401005375,CZBIL,50,38,500,221.00,"110,500.00"
2019-09-04,2019090401005374,CZBIL,50,25,950,221.00,"209,950.00"
2019-09-04,2019090401005188,CZBIL,49,25,50,221.00,"11,050.00"
2019-09-04,2019090401005171,CZBIL,17,47,10,220.00,"2,200.00"
2019-09-04,2019090401005577,EBL,58,34,350,630.00,"220,500.00"
2019-09-04,2019090401005550,EBL,6,34,100,630.00,"63,000.00"
2019-09-04,2019090401005491,EBL,34,18,71,629.00,"44,659.00"
2019-09-04,2019090401005446,EBL,49,18,29,628.00,"18,212.00"
2019-09-04,2019090401005364,EBL,49,18,471,628.00,"295,788.00"
2019-09-04,2019090401005151,EBL,28,34,100,630.00,"63,000.00"
2019-09-04,2019090401005363,EBL,25,18,82,629.00,"51,578.00"
2019-09-04,2019090401005291,EBL,26,34,50,630.00,"31,500.00"
2019-09-04,2019090401005185,EBL,25,34,168,630.00,"105,840.00"
2019-09-04,2019090401005174,EBL,28,34,200,630.00,"126,000.00"
2019-09-04,2019090401005531,FMDBL,41,33,50,390.00,"19,500.00"
2019-09-04,2019090401005320,FOWAD,34,49,17,"1,306.00","22,202.00"
2019-09-04,2019090401005323,GBLBS,28,28,185,346.00,"64,010.00"
2019-09-04,2019090401005306,GBLBS,28,29,15,343.00,"5,145.00"
2019-09-04,2019090401005146,GBLBS,6,51,25,346.00,"8,650.00"
2019-09-04,2019090401005584,GDBL,26,6,91,208.00,"18,928.00"
2019-09-04,2019090401005430,GDBL,49,6,200,208.00,"41,600.00"
2019-09-04,2019090401005429,GDBL,47,6,159,208.00,"33,072.00"
2019-09-04,2019090401005431,GDBL,10,6,50,208.00,"10,400.00"
2019-09-04,2019090401005265,GHL,16,8,30,71.00,"2,130.00"
2019-09-04,2019090401005536,GILB,44,43,140,748.00,"104,720.00"
2019-09-04,2019090401005535,GILB,44,16,100,747.00,"74,700.00"
2019-09-04,2019090401005534,GILB,44,58,46,742.00,"34,132.00"
2019-09-04,2019090401005343,GILB,44,43,300,740.00,"222,000.00"
2019-09-04,2019090401005390,GLICL,29,38,500,395.00,"197,500.00"
2019-09-04,2019090401005329,GMFBS,38,33,110,525.00,"57,750.00"
2019-09-04,2019090401005328,GMFBS,38,39,30,524.00,"15,720.00"
2019-09-04,2019090401005327,GMFBS,38,8,10,523.00,"5,230.00"
2019-09-04,2019090401005436,HBL,28,28,100,539.00,"53,900.00"
2019-09-04,2019090401005287,HBL,22,29,150,535.00,"80,250.00"
2019-09-04,2019090401005286,HBL,22,17,30,534.00,"16,020.00"
2019-09-04,2019090401005285,HBL,22,39,100,534.00,"53,400.00"
2019-09-04,2019090401005618,HDL,14,17,10,"1,525.00","15,250.00"
2019-09-04,2019090401005578,HDL,39,17,90,"1,520.00","136,800.00"
2019-09-04,2019090401005129,HDL,48,17,10,"1,520.00","15,200.00"
2019-09-04,2019090401005321,HGI,17,58,80,304.00,"24,320.00"
2019-09-04,2019090401005583,HIDCL,51,26,365,143.00,"52,195.00"
2019-09-04,2019090401005567,HIDCL,13,26,20,144.00,"2,880.00"
2019-09-04,2019090401005516,HPPL,45,40,10,148.00,"1,480.00"
2019-09-04,2019090401005505,HPPL,22,32,210,144.00,"30,240.00"
2019-09-04,2019090401005504,HPPL,22,57,10,144.00,"1,440.00"
2019-09-04,2019090401005503,HPPL,22,26,10,144.00,"1,440.00"
2019-09-04,2019090401005502,HPPL,22,46,10,144.00,"1,440.00"
2019-09-04,2019090401005501,HPPL,22,26,10,144.00,"1,440.00"
2019-09-04,2019090401005500,HPPL,22,22,390,144.00,"56,160.00"
2019-09-04,2019090401005407,HPPL,48,52,100,142.00,"14,200.00"
2019-09-04,2019090401005334,HPPL,48,49,10,142.00,"1,420.00"
2019-09-04,2019090401005461,HURJA,58,58,20,118.00,"2,360.00"
2019-09-04,2019090401005261,HURJA,11,51,10,119.00,"1,190.00"
2019-09-04,2019090401005616,IGI,34,25,100,338.00,"33,800.00"
2019-09-04,2019090401005494,ILBS,11,38,20,453.00,"9,060.00"
2019-09-04,2019090401005493,ILBS,11,25,10,452.00,"4,520.00"
2019-09-04,2019090401005492,ILBS,11,57,10,450.00,"4,500.00"
2019-09-04,2019090401005211,ILBS,14,47,10,448.00,"4,480.00"
2019-09-04,2019090401005549,JBBL,28,39,"1,000",164.00,"164,000.00"
2019-09-04,2019090401005210,JBBL,42,43,245,163.00,"39,935.00"
2019-09-04,2019090401005209,JBBL,45,43,55,164.00,"9,020.00"
2019-09-04,2019090401005559,JOSHI,7,29,20,63.00,"1,260.00"
2019-09-04,2019090401005568,JSLBB,17,51,10,927.00,"9,270.00"
2019-09-04,2019090401005421,JSLBB,1,48,10,920.00,"9,200.00"
2019-09-04,2019090401005615,KBL,26,50,100,206.00,"20,600.00"
2019-09-04,2019090401005614,KBL,7,50,200,206.00,"41,200.00"
2019-09-04,2019090401005613,KBL,7,43,500,206.00,"103,000.00"
2019-09-04,2019090401005612,KBL,7,38,300,206.00,"61,800.00"
2019-09-04,2019090401005606,KBL,7,38,600,206.00,"123,600.00"
2019-09-04,2019090401005605,KBL,7,43,400,206.00,"82,400.00"
2019-09-04,2019090401005179,KBL,49,43,100,206.00,"20,600.00"
2019-09-04,2019090401005139,KBL,18,43,200,206.00,"41,200.00"
2019-09-04,2019090401005596,KBL,17,38,42,205.00,"8,610.00"
2019-09-04,2019090401005466,KBL,14,43,500,206.00,"103,000.00"
2019-09-04,2019090401005460,KBL,17,29,25,205.00,"5,125.00"
2019-09-04,2019090401005340,KBL,17,43,300,205.00,"61,500.00"
2019-09-04,2019090401005339,KBL,7,43,700,205.00,"143,500.00"
2019-09-04,2019090401005262,KBL,7,40,300,205.00,"61,500.00"
2019-09-04,2019090401005435,KKHC,32,52,100,56.00,"5,600.00"
2019-09-04,2019090401005565,KPCL,55,29,10,82.00,820.00
2019-09-04,2019090401005470,KSBBL,20,56,490,145.00,"71,050.00"
2019-09-04,2019090401005469,KSBBL,38,56,500,145.00,"72,500.00"
2019-09-04,2019090401005609,LBBL,44,14,50,177.00,"8,850.00"
2019-09-04,2019090401005555,LBBL,45,14,100,177.00,"17,700.00"
2019-09-04,2019090401005541,LBBL,10,14,50,177.00,"8,850.00"
2019-09-04,2019090401005540,LBBL,47,14,400,177.00,"70,800.00"
2019-09-04,2019090401005539,LBBL,32,14,500,177.00,"88,500.00"
2019-09-04,2019090401005538,LBBL,25,14,50,177.00,"8,850.00"
2019-09-04,2019090401005537,LBBL,14,14,500,177.00,"88,500.00"
2019-09-04,2019090401005482,LBBL,59,14,200,178.00,"35,600.00"
2019-09-04,2019090401005621,LBL,17,6,"1,000",217.00,"217,000.00"
2019-09-04,2019090401005310,LBL,17,17,"1,000",217.00,"217,000.00"
2019-09-04,2019090401005570,LLBS,11,58,24,733.00,"17,592.00"
2019-09-04,2019090401005569,LLBS,11,58,24,733.00,"17,592.00"
2019-09-04,2019090401005604,MBL,25,6,100,258.00,"25,800.00"
2019-09-04,2019090401005603,MBL,25,54,400,258.00,"103,200.00"
2019-09-04,2019090401005441,MBL,3,50,17,259.00,"4,403.00"
2019-09-04,2019090401005440,MBL,3,34,124,259.00,"32,116.00"
2019-09-04,2019090401005439,MBL,3,6,69,259.00,"17,871.00"
2019-09-04,2019090401005438,MBL,3,57,100,259.00,"25,900.00"
2019-09-04,2019090401005437,MBL,3,50,190,258.00,"49,020.00"
2019-09-04,2019090401005370,MBL,55,50,10,258.00,"2,580.00"
2019-09-04,2019090401005150,MDB,34,57,10,238.00,"2,380.00"
2019-09-04,2019090401005608,MEGA,29,36,"1,000",203.00,"203,000.00"
2019-09-04,2019090401005533,MEGA,29,40,"1,000",203.00,"203,000.00"
2019-09-04,2019090401005480,MEGA,50,38,"1,000",203.00,"203,000.00"
2019-09-04,2019090401005479,MEGA,50,10,103,203.00,"20,909.00"
2019-09-04,2019090401005551,MERO,34,45,17,570.00,"9,690.00"
2019-09-04,2019090401005499,MERO,33,22,130,575.00,"74,750.00"
2019-09-04,2019090401005498,MERO,33,59,70,574.00,"40,180.00"
2019-09-04,2019090401005148,MHNL,7,43,20,90.00,"1,800.00"
2019-09-04,2019090401005147,MHNL,52,43,10,91.00,910.00
2019-09-04,2019090401005325,MLBBL,58,33,50,466.00,"23,300.00"
2019-09-04,2019090401005324,MLBBL,55,33,50,467.00,"23,350.00"
2019-09-04,2019090401005602,MLBL,38,34,200,214.00,"42,800.00"
2019-09-04,2019090401005593,MLBL,14,39,500,214.00,"107,000.00"
2019-09-04,2019090401005484,MLBL,52,39,60,214.00,"12,840.00"
2019-09-04,2019090401005152,MLBL,43,58,400,214.00,"85,600.00"
2019-09-04,2019090401005138,MLBL,16,43,500,214.00,"107,000.00"
2019-09-04,2019090401005399,MLBL,51,17,450,215.00,"96,750.00"
2019-09-04,2019090401005346,MLBL,13,17,50,215.00,"10,750.00"
2019-09-04,2019090401005326,MLBL,43,58,310,214.00,"66,340.00"
2019-09-04,2019090401005302,MLBL,35,58,240,214.00,"51,360.00"
2019-09-04,2019090401005297,MLBL,58,58,50,214.00,"10,700.00"
2019-09-04,2019090401005280,MLBL,43,58,"2,000",214.00,"428,000.00"
2019-09-04,2019090401005467,MLBL,33,39,250,214.00,"53,500.00"
2019-09-04,2019090401005447,MLBL,43,39,690,214.00,"147,660.00"
2019-09-04,2019090401005403,MLBL,51,45,370,215.00,"79,550.00"
2019-09-04,2019090401005402,MLBL,51,22,500,215.00,"107,500.00"
2019-09-04,2019090401005401,MLBL,51,28,100,215.00,"21,500.00"
2019-09-04,2019090401005400,MLBL,51,19,580,215.00,"124,700.00"
2019-09-04,2019090401005276,MNBBL,14,26,200,323.00,"64,600.00"
2019-09-04,2019090401005275,MNBBL,14,51,100,322.00,"32,200.00"
2019-09-04,2019090401005274,MNBBL,14,39,160,322.00,"51,520.00"
2019-09-04,2019090401005163,MSMBS,32,10,10,500.00,"5,000.00"
2019-09-04,2019090401005162,MSMBS,32,46,11,494.00,"5,434.00"
2019-09-04,2019090401005161,MSMBS,32,51,11,490.00,"5,390.00"
2019-09-04,2019090401005620,NABIL,8,25,250,780.00,"195,000.00"
2019-09-04,2019090401005619,NABIL,8,52,30,779.00,"23,370.00"
2019-09-04,2019090401005266,NABIL,39,52,20,779.00,"15,580.00"
2019-09-04,2019090401005224,NABIL,6,52,50,779.00,"38,950.00"
2019-09-04,2019090401005177,NABIL,32,25,"1,000",780.00,"780,000.00"
2019-09-04,2019090401005159,NABIL,6,25,150,779.00,"116,850.00"
2019-09-04,2019090401005158,NABIL,42,25,50,779.00,"38,950.00"
2019-09-04,2019090401005156,NABIL,1,25,50,780.00,"39,000.00"
2019-09-04,2019090401005316,NAGRO,48,50,10,766.00,"7,660.00"
2019-09-04,2019090401005597,NBB,17,6,200,215.00,"43,000.00"
2019-09-04,2019090401005348,NBB,56,51,110,216.00,"23,760.00"
2019-09-04,2019090401005610,NBL,36,44,45,322.00,"14,490.00"
2019-09-04,2019090401005554,NBL,17,6,351,321.00,"112,671.00"
2019-09-04,2019090401005463,NBL,10,44,950,322.00,"305,900.00"
2019-09-04,2019090401005449,NBL,36,32,40,323.00,"12,920.00"
2019-09-04,2019090401005445,NBL,22,22,"1,000",321.00,"321,000.00"
2019-09-04,2019090401005428,NBL,51,44,"2,000",322.00,"644,000.00"
2019-09-04,2019090401005212,NBL,6,45,150,321.00,"48,150.00"
2019-09-04,2019090401005137,NBL,28,45,170,321.00,"54,570.00"
2019-09-04,2019090401005136,NBL,28,32,330,321.00,"105,930.00"
2019-09-04,2019090401005427,NBL,51,45,"1,000",322.00,"322,000.00"
2019-09-04,2019090401005271,NBL,33,13,500,322.00,"161,000.00"
2019-09-04,2019090401005270,NBL,33,5,100,322.00,"32,200.00"
2019-09-04,2019090401005269,NBL,33,59,235,322.00,"75,670.00"
2019-09-04,2019090401005245,NBL,36,59,50,322.00,"16,100.00"
2019-09-04,2019090401005225,NBL,22,45,680,321.00,"218,280.00"
2019-09-04,2019090401005579,NCCB,33,36,45,204.00,"9,180.00"
2019-09-04,2019090401005281,NCCB,33,40,200,204.00,"40,800.00"
2019-09-04,2019090401005260,NCCB,39,36,10,205.00,"2,050.00"
2019-09-04,2019090401005255,NCCB,33,45,100,204.00,"20,400.00"
2019-09-04,2019090401005562,NGPL,45,48,89,108.00,"9,612.00"
2019-09-04,2019090401005561,NGPL,45,25,11,108.00,"1,188.00"
2019-09-04,2019090401005338,NHDL,39,49,10,103.00,"1,030.00"
2019-09-04,2019090401005607,NIB,48,25,44,460.00,"20,240.00"
2019-09-04,2019090401005351,NIB,52,40,120,459.00,"55,080.00"
2019-09-04,2019090401005580,NIBPO,7,58,"1,000",427.00,"427,000.00"
2019-09-04,2019090401005520,NICA,34,16,100,452.00,"45,200.00"
2019-09-04,2019090401005337,NICA,36,36,41,453.00,"18,573.00"
2019-09-04,2019090401005244,NICA,28,16,320,452.00,"144,640.00"
2019-09-04,2019090401005205,NICA,46,36,50,453.00,"22,650.00"
2019-09-04,2019090401005199,NICA,28,43,180,452.00,"81,360.00"
2019-09-04,2019090401005198,NICA,6,43,75,452.00,"33,900.00"
2019-09-04,2019090401005186,NICA,6,58,25,452.00,"11,300.00"
2019-09-04,2019090401005514,NICL,46,25,192,284.00,"54,528.00"
2019-09-04,2019090401005513,NICL,34,25,12,285.00,"3,420.00"
2019-09-04,2019090401005314,NICL,32,7,19,287.00,"5,453.00"
2019-09-04,2019090401005548,NLBBL,41,25,50,539.00,"26,950.00"
2019-09-04,2019090401005259,NLG,39,56,"2,270",594.00,"1,348,380.00"
2019-09-04,2019090401005258,NLG,3,56,10,594.00,"5,940.00"
2019-09-04,2019090401005257,NLG,49,56,200,595.00,"119,000.00"
2019-09-04,2019090401005256,NLG,53,56,20,595.00,"11,900.00"
2019-09-04,2019090401005387,NLIC,45,4,200,816.00,"163,200.00"
2019-09-04,2019090401005386,NLIC,45,35,30,815.00,"24,450.00"
2019-09-04,2019090401005385,NLIC,45,25,37,815.00,"30,155.00"
2019-09-04,2019090401005384,NLIC,45,52,100,815.00,"81,500.00"
2019-09-04,2019090401005383,NLIC,45,38,200,815.00,"163,000.00"
2019-09-04,2019090401005382,NLIC,45,36,270,815.00,"220,050.00"
2019-09-04,2019090401005172,NLIC,1,48,49,813.00,"39,837.00"
2019-09-04,2019090401005381,NLIC,45,19,21,815.00,"17,115.00"
2019-09-04,2019090401005380,NLIC,45,48,100,815.00,"81,500.00"
2019-09-04,2019090401005379,NLIC,45,4,170,815.00,"138,550.00"
2019-09-04,2019090401005308,NLIC,32,4,70,814.00,"56,980.00"
2019-09-04,2019090401005238,NLIC,4,4,100,814.00,"81,400.00"
2019-09-04,2019090401005173,NLIC,1,57,51,813.00,"41,463.00"
2019-09-04,2019090401005184,NLICL,38,25,20,543.00,"10,860.00"
2019-09-04,2019090401005183,NLICL,38,48,70,542.00,"37,940.00"
2019-09-04,2019090401005413,NMBMF,45,40,45,"1,065.00","47,925.00"
2019-09-04,2019090401005412,NMBMF,45,48,41,"1,064.00","43,624.00"
2019-09-04,2019090401005411,NMBMF,45,58,200,"1,063.00","212,600.00"
2019-09-04,2019090401005410,NMBMF,45,56,41,"1,060.00","43,460.00"
2019-09-04,2019090401005628,NMFBS,33,25,40,"1,558.00","62,320.00"
2019-09-04,2019090401005627,NMFBS,33,35,30,"1,558.00","46,740.00"
2019-09-04,2019090401005626,NMFBS,33,52,32,"1,550.00","49,600.00"
2019-09-04,2019090401005611,NMFBS,33,54,10,"1,530.00","15,300.00"
2019-09-04,2019090401005426,NMFBS,49,49,15,"1,500.00","22,500.00"
2019-09-04,2019090401005145,NMFBS,58,44,30,"1,528.00","45,840.00"
2019-09-04,2019090401005144,NMFBS,58,21,15,"1,525.00","22,875.00"
2019-09-04,2019090401005143,NMFBS,58,45,10,"1,503.00","15,030.00"
2019-09-04,2019090401005553,NNLB,18,34,10,448.00,"4,480.00"
2019-09-04,2019090401005557,NTC,59,45,500,650.00,"325,000.00"
2019-09-04,2019090401005586,PCBL,42,55,28,274.00,"7,672.00"
2019-09-04,2019090401005468,PCBL,52,52,1,269.00,269.00
2019-09-04,2019090401005300,PCBL,26,55,900,274.00,"246,600.00"
2019-09-04,2019090401005299,PCBL,26,11,100,274.00,"27,400.00"
2019-09-04,2019090401005563,PIC,1,58,20,413.00,"8,260.00"
2019-09-04,2019090401005295,PIC,42,47,11,411.00,"4,521.00"
2019-09-04,2019090401005232,PIC,42,47,11,411.00,"4,521.00"
2019-09-04,2019090401005241,PLIC,57,51,220,410.00,"90,200.00"
2019-09-04,2019090401005157,PLIC,10,51,180,410.00,"73,800.00"
2019-09-04,2019090401005369,PMHPL,29,50,10,97.00,970.00
2019-09-04,2019090401005368,PMHPL,29,38,10,97.00,970.00
2019-09-04,2019090401005367,PMHPL,29,50,10,97.00,970.00
2019-09-04,2019090401005366,PMHPL,29,25,10,97.00,970.00
2019-09-04,2019090401005365,PMHPL,29,1,10,97.00,970.00
2019-09-04,2019090401005288,PMHPL,49,47,10,96.00,960.00
2019-09-04,2019090401005453,PRIN,49,7,42,335.00,"14,070.00"
2019-09-04,2019090401005451,PRIN,58,7,30,334.00,"10,020.00"
2019-09-04,2019090401005450,PRIN,1,7,50,334.00,"16,700.00"
2019-09-04,2019090401005588,PRVU,53,44,424,270.00,"114,480.00"
2019-09-04,2019090401005587,PRVU,44,44,100,270.00,"27,000.00"
2019-09-04,2019090401005510,PRVU,50,45,305,270.00,"82,350.00"
2019-09-04,2019090401005497,PRVU,25,45,300,270.00,"81,000.00"
2019-09-04,2019090401005496,PRVU,58,45,"1,200",270.00,"324,000.00"
2019-09-04,2019090401005423,PRVU,3,34,200,270.00,"54,000.00"
2019-09-04,2019090401005422,PRVU,54,34,480,270.00,"129,600.00"
2019-09-04,2019090401005267,PRVU,54,53,20,270.00,"5,400.00"
2019-09-04,2019090401005495,PRVU,33,45,195,270.00,"52,650.00"
2019-09-04,2019090401005465,PRVU,33,3,150,270.00,"40,500.00"
2019-09-04,2019090401005459,PRVU,53,34,100,271.00,"27,100.00"
2019-09-04,2019090401005458,PRVU,53,28,400,271.00,"108,400.00"
2019-09-04,2019090401005452,PRVU,33,34,155,270.00,"41,850.00"
2019-09-04,2019090401005560,RADHI,35,33,11,135.00,"1,485.00"
2019-09-04,2019090401005240,RBCL,51,22,10,"9,180.00","91,800.00"
2019-09-04,2019090401005556,RHPL,37,47,40,176.00,"7,040.00"
2019-09-04,2019090401005552,RHPL,37,46,20,176.00,"3,520.00"
2019-09-04,2019090401005528,RHPL,37,42,40,176.00,"7,040.00"
2019-09-04,2019090401005518,RHPL,42,42,40,178.00,"7,120.00"
2019-09-04,2019090401005511,RHPL,35,42,10,178.00,"1,780.00"
2019-09-04,2019090401005483,RHPL,37,17,30,176.00,"5,280.00"
2019-09-04,2019090401005176,RHPL,41,42,500,177.00,"88,500.00"
2019-09-04,2019090401005307,RHPL,37,47,30,176.00,"5,280.00"
2019-09-04,2019090401005268,RHPL,37,47,30,176.00,"5,280.00"
2019-09-04,2019090401005248,RHPL,37,43,10,176.00,"1,760.00"
2019-09-04,2019090401005247,RHPL,8,43,30,176.00,"5,280.00"
2019-09-04,2019090401005242,RHPL,8,58,40,176.00,"7,040.00"
2019-09-04,2019090401005203,RHPL,8,47,30,176.00,"5,280.00"
2019-09-04,2019090401005476,RHPL,58,58,50,177.00,"8,850.00"
2019-09-04,2019090401005396,RHPL,37,38,30,176.00,"5,280.00"
2019-09-04,2019090401005358,RHPL,37,58,40,176.00,"7,040.00"
2019-09-04,2019090401005349,RHPL,37,38,30,176.00,"5,280.00"
2019-09-04,2019090401005322,RHPL,37,38,30,176.00,"5,280.00"
2019-09-04,2019090401005315,RHPL,34,42,500,178.00,"89,000.00"
2019-09-04,2019090401005347,RSDC,47,49,13,353.00,"4,589.00"
2019-09-04,2019090401005332,RSDC,25,1,350,355.00,"124,250.00"
2019-09-04,2019090401005331,RSDC,25,7,83,355.00,"29,465.00"
2019-09-04,2019090401005617,SABSL,41,48,10,511.00,"5,110.00"
2019-09-04,2019090401005544,SABSL,41,22,10,511.00,"5,110.00"
2019-09-04,2019090401005525,SABSL,25,29,10,512.00,"5,120.00"
2019-09-04,2019090401005524,SABSL,25,40,10,512.00,"5,120.00"
2019-09-04,2019090401005481,SABSL,41,40,10,511.00,"5,110.00"
2019-09-04,2019090401005477,SABSL,41,46,10,511.00,"5,110.00"
2019-09-04,2019090401005133,SABSL,34,38,10,515.00,"5,150.00"
2019-09-04,2019090401005132,SABSL,34,1,10,515.00,"5,150.00"
2019-09-04,2019090401005233,SABSL,19,49,10,510.00,"5,100.00"
2019-09-04,2019090401005197,SABSL,19,41,10,510.00,"5,100.00"
2019-09-04,2019090401005196,SABSL,19,28,10,510.00,"5,100.00"
2019-09-04,2019090401005178,SABSL,19,47,10,510.00,"5,100.00"
2019-09-04,2019090401005170,SABSL,19,41,10,510.00,"5,100.00"
2019-09-04,2019090401005153,SABSL,19,28,10,510.00,"5,100.00"
2019-09-04,2019090401005356,SABSL,50,32,10,510.00,"5,100.00"
2019-09-04,2019090401005354,SABSL,25,42,10,512.00,"5,120.00"
2019-09-04,2019090401005345,SABSL,50,38,10,510.00,"5,100.00"
2019-09-04,2019090401005317,SABSL,50,38,10,510.00,"5,100.00"
2019-09-04,2019090401005305,SABSL,50,49,10,510.00,"5,100.00"
2019-09-04,2019090401005301,SABSL,19,47,10,510.00,"5,100.00"
2019-09-04,2019090401005432,SABSL,40,40,10,511.00,"5,110.00"
2019-09-04,2019090401005420,SABSL,40,8,10,511.00,"5,110.00"
2019-09-04,2019090401005408,SABSL,40,40,10,511.00,"5,110.00"
2019-09-04,2019090401005373,SABSL,50,38,10,510.00,"5,100.00"
2019-09-04,2019090401005372,SABSL,50,32,10,510.00,"5,100.00"
2019-09-04,2019090401005371,SABSL,50,8,10,510.00,"5,100.00"
2019-09-04,2019090401005474,SABSL,41,40,10,511.00,"5,110.00"
2019-09-04,2019090401005457,SABSL,25,46,10,511.00,"5,110.00"
2019-09-04,2019090401005448,SABSL,40,46,10,511.00,"5,110.00"
2019-09-04,2019090401005442,SABSL,40,40,10,511.00,"5,110.00"
2019-09-04,2019090401005434,SABSL,13,8,10,512.00,"5,120.00"
2019-09-04,2019090401005433,SABSL,40,46,10,511.00,"5,110.00"
2019-09-04,2019090401005625,SANIMA,56,49,200,355.00,"71,000.00"
2019-09-04,2019090401005601,SANIMA,26,50,50,356.00,"17,800.00"
2019-09-04,2019090401005585,SANIMA,56,19,150,355.00,"53,250.00"
2019-09-04,2019090401005547,SANIMA,56,50,300,355.00,"106,500.00"
2019-09-04,2019090401005546,SANIMA,56,52,74,355.00,"26,270.00"
2019-09-04,2019090401005508,SANIMA,39,52,176,355.00,"62,480.00"
2019-09-04,2019090401005226,SANIMA,7,45,"1,000",354.00,"354,000.00"
2019-09-04,2019090401005223,SANIMA,38,4,300,355.00,"106,500.00"
2019-09-04,2019090401005135,SANIMA,29,4,166,355.00,"58,930.00"
2019-09-04,2019090401005507,SANIMA,39,19,200,355.00,"71,000.00"
2019-09-04,2019090401005506,SANIMA,39,4,124,355.00,"44,020.00"
2019-09-04,2019090401005350,SANIMA,3,4,500,355.00,"177,500.00"
2019-09-04,2019090401005296,SANIMA,39,4,100,355.00,"35,500.00"
2019-09-04,2019090401005228,SANIMA,17,45,"1,000",354.00,"354,000.00"
2019-09-04,2019090401005227,SANIMA,51,45,"1,000",354.00,"354,000.00"
2019-09-04,2019090401005529,SBI,49,8,141,447.00,"63,027.00"
2019-09-04,2019090401005473,SBI,45,56,100,448.00,"44,800.00"
2019-09-04,2019090401005472,SBI,45,57,100,448.00,"44,800.00"
2019-09-04,2019090401005471,SBI,45,13,400,448.00,"179,200.00"
2019-09-04,2019090401005462,SBI,49,28,100,447.00,"44,700.00"
2019-09-04,2019090401005293,SBI,49,40,50,447.00,"22,350.00"
2019-09-04,2019090401005573,SBL,35,32,"2,000",317.00,"634,000.00"
2019-09-04,2019090401005572,SBL,43,32,"1,500",317.00,"475,500.00"
2019-09-04,2019090401005571,SBL,34,32,300,318.00,"95,400.00"
2019-09-04,2019090401005292,SBL,50,32,"1,500",319.00,"478,500.00"
2019-09-04,2019090401005389,SCB,38,6,431,625.00,"269,375.00"
2019-09-04,2019090401005362,SCB,34,49,20,621.00,"12,420.00"
2019-09-04,2019090401005312,SCB,42,6,30,625.00,"18,750.00"
2019-09-04,2019090401005282,SEF,3,21,"10,000",9.00,"90,000.00"
2019-09-04,2019090401005456,SHINE,34,58,"2,000",255.00,"510,000.00"
2019-09-04,2019090401005304,SHINE,57,57,"12,200",254.00,"3,098,800.00"
2019-09-04,2019090401005303,SHINE,34,57,800,256.00,"204,800.00"
2019-09-04,2019090401005582,SHIVM,33,16,200,550.00,"110,000.00"
2019-09-04,2019090401005523,SHIVM,33,33,30,550.00,"16,500.00"
2019-09-04,2019090401005522,SHIVM,20,33,20,551.00,"11,020.00"
2019-09-04,2019090401005284,SHIVM,6,28,50,555.00,"27,750.00"
2019-09-04,2019090401005264,SHIVM,52,17,10,553.00,"5,530.00"
2019-09-04,2019090401005263,SHIVM,52,46,20,553.00,"11,060.00"
2019-09-04,2019090401005357,SIC,5,13,45,545.00,"24,525.00"
2019-09-04,2019090401005344,SIC,5,52,104,544.00,"56,576.00"
2019-09-04,2019090401005294,SIC,26,52,50,544.00,"27,200.00"
2019-09-04,2019090401005574,SIL,55,40,12,405.00,"4,860.00"
2019-09-04,2019090401005487,SIL,25,6,10,411.00,"4,110.00"
2019-09-04,2019090401005486,SIL,25,7,11,407.00,"4,477.00"
2019-09-04,2019090401005290,SIL,55,54,23,405.00,"9,315.00"
2019-09-04,2019090401005289,SIL,13,54,77,405.00,"31,185.00"
2019-09-04,2019090401005279,SIL,56,7,20,407.00,"8,140.00"
2019-09-04,2019090401005278,SIL,20,7,20,407.00,"8,140.00"
2019-09-04,2019090401005589,SJCL,17,29,20,192.00,"3,840.00"
2019-09-04,2019090401005564,SJCL,17,47,20,192.00,"3,840.00"
2019-09-04,2019090401005558,SJCL,17,46,20,192.00,"3,840.00"
2019-09-04,2019090401005543,SJCL,17,42,20,192.00,"3,840.00"
2019-09-04,2019090401005311,SJCL,17,47,20,192.00,"3,840.00"
2019-09-04,2019090401005277,SJCL,17,47,20,192.00,"3,840.00"
2019-09-04,2019090401005249,SJCL,17,58,20,192.00,"3,840.00"
2019-09-04,2019090401005231,SJCL,17,43,20,192.00,"3,840.00"
2019-09-04,2019090401005206,SJCL,17,47,10,192.00,"1,920.00"
2019-09-04,2019090401005519,SJCL,58,45,20,193.00,"3,860.00"
2019-09-04,2019090401005406,SJCL,17,38,10,192.00,"1,920.00"
2019-09-04,2019090401005353,SJCL,17,38,10,192.00,"1,920.00"
2019-09-04,2019090401005330,SJCL,17,38,10,192.00,"1,920.00"
2019-09-04,2019090401005566,SKBBL,47,41,200,970.00,"194,000.00"
2019-09-04,2019090401005398,SKBBL,22,45,400,970.00,"388,000.00"
2019-09-04,2019090401005391,SKBBL,34,45,100,970.00,"97,000.00"
2019-09-04,2019090401005512,SLBBL,49,44,100,570.00,"57,000.00"
2019-09-04,2019090401005454,SLBBL,52,1,40,565.00,"22,600.00"
2019-09-04,2019090401005298,SLBBL,20,8,200,560.00,"112,000.00"
2019-09-04,2019090401005475,SLBSL,6,18,16,748.00,"11,968.00"
2019-09-04,2019090401005243,SLBSL,51,18,280,745.00,"208,600.00"
2019-09-04,2019090401005202,SLBSL,51,38,50,745.00,"37,250.00"
2019-09-04,2019090401005201,SLBSL,51,38,50,745.00,"37,250.00"
2019-09-04,2019090401005200,SLBSL,51,48,10,745.00,"7,450.00"
2019-09-04,2019090401005208,SLBSL,51,38,100,745.00,"74,500.00"
2019-09-04,2019090401005207,SLBSL,51,58,10,745.00,"7,450.00"
2019-09-04,2019090401005444,SLICL,57,58,690,300.00,"207,000.00"
2019-09-04,2019090401005342,SLICL,38,25,10,299.00,"2,990.00"
2019-09-04,2019090401005341,SLICL,38,28,52,298.00,"15,496.00"
2019-09-04,2019090401005318,SLICL,38,28,10,298.00,"2,980.00"
2019-09-04,2019090401005222,SLICL,28,13,285,297.00,"84,645.00"
2019-09-04,2019090401005361,SMFBS,51,58,10,810.00,"8,100.00"
2019-09-04,2019090401005360,SMFBS,51,58,10,810.00,"8,100.00"
2019-09-04,2019090401005359,SMFBS,51,58,10,810.00,"8,100.00"
2019-09-04,2019090401005333,SMFBS,51,21,10,807.00,"8,070.00"
2019-09-04,2019090401005175,SMFBS,20,44,10,805.00,"8,050.00"
2019-09-04,2019090401005425,SPARS,34,57,10,600.00,"6,000.00"
2019-09-04,2019090401005424,SPARS,34,13,10,600.00,"6,000.00"
2019-09-04,2019090401005542,SPDL,39,49,32,71.00,"2,272.00"
2019-09-04,2019090401005515,SRBL,48,59,12,241.00,"2,892.00"
2019-09-04,2019090401005254,SRBL,55,26,500,240.00,"120,000.00"
2019-09-04,2019090401005253,SRBL,55,44,100,240.00,"24,000.00"
2019-09-04,2019090401005252,SRBL,55,6,"1,000",240.00,"240,000.00"
2019-09-04,2019090401005251,SRBL,55,35,50,240.00,"12,000.00"
2019-09-04,2019090401005250,SRBL,55,56,21,239.00,"5,019.00"
2019-09-04,2019090401005239,SWBBL,56,5,112,934.00,"104,608.00"
2019-09-04,2019090401005154,TRH,21,7,10,301.00,"3,010.00"
2019-09-04,2019090401005169,UIC,17,13,430,287.00,"123,410.00"
2019-09-04,2019090401005168,UIC,58,13,20,287.00,"5,740.00"
2019-09-04,2019090401005167,UIC,45,13,500,288.00,"144,000.00"
2019-09-04,2019090401005166,UIC,35,13,500,290.00,"145,000.00"
2019-09-04,2019090401005165,UIC,45,13,20,290.00,"5,800.00"
2019-09-04,2019090401005164,UIC,6,13,30,290.00,"8,700.00"
2019-09-04,2019090401005490,UPCL,34,7,200,84.00,"16,800.00"
2019-09-04,2019090401005489,UPCL,39,7,300,84.00,"25,200.00"
2019-09-04,2019090401005488,UPCL,7,7,488,84.00,"40,992.00"
2019-09-04,2019090401005598,UPPER,40,29,12,249.00,"2,988.00"
2019-09-04,2019090401005576,UPPER,40,25,238,249.00,"59,262.00"
2019-09-04,2019090401005575,UPPER,45,25,500,249.00,"124,500.00"
2019-09-04,2019090401005530,UPPER,6,54,50,250.00,"12,500.00"
2019-09-04,2019090401005509,UPPER,7,54,170,250.00,"42,500.00"
2019-09-04,2019090401005182,UPPER,7,43,30,250.00,"7,500.00"
2019-09-04,2019090401005181,UPPER,1,43,10,250.00,"2,500.00"
2019-09-04,2019090401004803,ADBL,28,53,150,426.00,"63,900.00"
2019-09-04,2019090401004802,ADBL,28,53,150,426.00,"63,900.00"
2019-09-04,2019090401004642,AKJCL,17,17,10,61.00,610.00
2019-09-04,2019090401004956,ALBSL,49,47,10,450.00,"4,500.00"
2019-09-04,2019090401004788,ALBSL,17,17,10,451.00,"4,510.00"
2019-09-04,2019090401004758,ALICL,39,26,269,341.00,"91,729.00"
2019-09-04,2019090401004757,ALICL,39,43,281,340.00,"95,540.00"
2019-09-04,2019090401004756,ALICL,39,59,100,340.00,"34,000.00"
2019-09-04,2019090401004755,ALICL,39,59,150,339.00,"50,850.00"
2019-09-04,2019090401004637,ALICL,58,35,47,335.00,"15,745.00"
2019-09-04,2019090401004636,ALICL,58,43,200,334.00,"66,800.00"
2019-09-04,2019090401005043,API,44,45,"1,522",113.00,"171,986.00"
2019-09-04,2019090401005042,API,58,45,100,113.00,"11,300.00"
2019-09-04,2019090401005041,API,25,45,100,113.00,"11,300.00"
2019-09-04,2019090401005040,API,25,45,500,113.00,"56,500.00"
2019-09-04,2019090401005039,API,42,45,500,113.00,"56,500.00"
2019-09-04,2019090401005038,API,42,45,150,113.00,"16,950.00"
2019-09-04,2019090401004996,API,48,45,"1,000",116.00,"116,000.00"
2019-09-04,2019090401004995,API,57,45,100,116.00,"11,600.00"
2019-09-04,2019090401004863,API,25,42,50,118.00,"5,900.00"
2019-09-04,2019090401005010,API,42,45,300,115.00,"34,500.00"
2019-09-04,2019090401005009,API,45,45,100,115.00,"11,500.00"
2019-09-04,2019090401005008,API,16,45,100,115.00,"11,500.00"
2019-09-04,2019090401005007,API,52,45,108,115.00,"12,420.00"
2019-09-04,2019090401005006,API,38,45,100,115.00,"11,500.00"
2019-09-04,2019090401005005,API,6,45,120,115.00,"13,800.00"
2019-09-04,2019090401005016,API,25,45,"1,500",114.00,"171,000.00"
2019-09-04,2019090401005015,API,58,45,50,114.00,"5,700.00"
2019-09-04,2019090401005014,API,22,45,"1,000",114.00,"114,000.00"
2019-09-04,2019090401005013,API,57,45,"1,000",114.00,"114,000.00"
2019-09-04,2019090401005012,API,42,45,50,115.00,"5,750.00"
2019-09-04,2019090401005011,API,37,45,900,115.00,"103,500.00"
2019-09-04,2019090401005025,API,35,45,700,113.00,"79,100.00"
2019-09-04,2019090401005024,API,22,45,20,113.00,"2,260.00"
2019-09-04,2019090401005023,API,34,45,200,113.00,"22,600.00"
2019-09-04,2019090401005022,API,52,45,"1,000",113.00,"113,000.00"
2019-09-04,2019090401005018,API,41,45,400,114.00,"45,600.00"
2019-09-04,2019090401005017,API,6,45,80,114.00,"9,120.00"
2019-09-04,2019090401005031,API,25,45,"2,000",113.00,"226,000.00"
2019-09-04,2019090401005030,API,38,45,100,113.00,"11,300.00"
2019-09-04,2019090401005029,API,52,45,50,113.00,"5,650.00"
2019-09-04,2019090401005028,API,36,45,50,113.00,"5,650.00"
2019-09-04,2019090401005027,API,41,45,"1,500",113.00,"169,500.00"
2019-09-04,2019090401005026,API,52,45,100,113.00,"11,300.00"
2019-09-04,2019090401005037,API,56,45,50,113.00,"5,650.00"
2019-09-04,2019090401005036,API,25,45,"3,000",113.00,"339,000.00"
2019-09-04,2019090401005035,API,53,45,50,113.00,"5,650.00"
2019-09-04,2019090401005034,API,43,45,300,113.00,"33,900.00"
2019-09-04,2019090401005033,API,47,45,"1,000",113.00,"113,000.00"
2019-09-04,2019090401005032,API,58,45,100,113.00,"11,300.00"
2019-09-04,2019090401004927,BOKL,4,49,"1,000",260.00,"260,000.00"
2019-09-04,2019090401004683,BOKL,56,49,500,260.00,"130,000.00"
2019-09-04,2019090401004662,BOKL,29,49,500,260.00,"130,000.00"
2019-09-04,2019090401005128,BPCL,47,47,11,385.00,"4,235.00"
2019-09-04,2019090401004964,BPCL,43,38,16,385.00,"6,160.00"
2019-09-04,2019090401004805,BPCL,49,32,132,384.00,"50,688.00"
2019-09-04,2019090401004804,BPCL,49,32,88,384.00,"33,792.00"
2019-09-04,2019090401005098,CBL,49,43,280,149.00,"41,720.00"
2019-09-04,2019090401005097,CBL,49,32,20,149.00,"2,980.00"
2019-09-04,2019090401004855,CBL,7,32,400,149.00,"59,600.00"
2019-09-04,2019090401004684,CBL,58,49,90,148.00,"13,320.00"
2019-09-04,2019090401004967,CHCL,41,58,200,446.00,"89,200.00"
2019-09-04,2019090401005045,CHL,58,38,18,77.00,"1,386.00"
2019-09-04,2019090401004706,CIT,40,22,16,"2,310.00","36,960.00"
2019-09-04,2019090401004678,CIT,45,22,30,"2,310.00","69,300.00"
2019-09-04,2019090401004630,CIT,6,57,10,"2,309.00","23,090.00"
2019-09-04,2019090401005092,CLBSL,26,43,10,515.00,"5,150.00"
2019-09-04,2019090401004791,CLBSL,3,58,30,520.00,"15,600.00"
2019-09-04,2019090401004950,CZBIL,50,33,79,220.00,"17,380.00"
2019-09-04,2019090401004949,CZBIL,50,14,75,220.00,"16,500.00"
2019-09-04,2019090401004948,CZBIL,50,47,10,220.00,"2,200.00"
2019-09-04,2019090401004947,CZBIL,50,47,10,220.00,"2,200.00"
2019-09-04,2019090401004946,CZBIL,50,43,500,220.00,"110,000.00"
2019-09-04,2019090401004945,CZBIL,50,6,500,220.00,"110,000.00"
2019-09-04,2019090401004917,CZBIL,22,46,25,219.00,"5,475.00"
2019-09-04,2019090401004734,CZBIL,49,49,1,217.00,217.00
2019-09-04,2019090401004723,CZBIL,49,49,1,217.00,217.00
2019-09-04,2019090401004944,CZBIL,50,14,76,220.00,"16,720.00"
2019-09-04,2019090401004943,CZBIL,50,42,380,220.00,"83,600.00"
2019-09-04,2019090401004935,CZBIL,44,5,10,219.00,"2,190.00"
2019-09-04,2019090401004920,CZBIL,22,38,10,219.00,"2,190.00"
2019-09-04,2019090401004919,CZBIL,22,38,10,219.00,"2,190.00"
2019-09-04,2019090401004918,CZBIL,22,6,500,219.00,"109,500.00"
2019-09-04,2019090401005053,DDBL,48,21,110,735.00,"80,850.00"
2019-09-04,2019090401005052,DDBL,48,53,100,734.00,"73,400.00"
2019-09-04,2019090401005051,DDBL,48,17,290,733.00,"212,570.00"
2019-09-04,2019090401004860,EBL,28,50,200,630.00,"126,000.00"
2019-09-04,2019090401004789,EBL,44,44,"1,000",629.00,"629,000.00"
2019-09-04,2019090401004693,EBL,58,40,200,629.00,"125,800.00"
2019-09-04,2019090401004680,EBL,34,10,"2,000",628.00,"1,256,000.00"
2019-09-04,2019090401004679,EBL,34,10,500,627.00,"313,500.00"
2019-09-04,2019090401005073,EIC,34,11,63,309.00,"19,467.00"
2019-09-04,2019090401004787,FMDBL,25,33,100,392.00,"39,200.00"
2019-09-04,2019090401004786,FMDBL,25,43,120,392.00,"47,040.00"
2019-09-04,2019090401004785,FMDBL,25,42,200,392.00,"78,400.00"
2019-09-04,2019090401004772,FMDBL,41,39,400,391.00,"156,400.00"
2019-09-04,2019090401004771,FMDBL,41,39,100,390.00,"39,000.00"
2019-09-04,2019090401004719,FMDBL,36,46,200,390.00,"78,000.00"
2019-09-04,2019090401004718,FMDBL,36,49,70,390.00,"27,300.00"
2019-09-04,2019090401004717,FMDBL,36,53,50,390.00,"19,500.00"
2019-09-04,2019090401004716,FMDBL,36,19,50,389.00,"19,450.00"
2019-09-04,2019090401004830,GBBL,48,58,300,215.00,"64,500.00"
2019-09-04,2019090401004866,GBLBS,25,7,40,342.00,"13,680.00"
2019-09-04,2019090401004865,GBLBS,57,7,85,342.00,"29,070.00"
2019-09-04,2019090401004864,GBLBS,50,7,200,343.00,"68,600.00"
2019-09-04,2019090401004656,GDBL,17,26,30,208.00,"6,240.00"
2019-09-04,2019090401004655,GDBL,44,26,109,208.00,"22,672.00"
2019-09-04,2019090401004822,GDBL,47,26,41,208.00,"8,528.00"
2019-09-04,2019090401004990,GILB,57,43,10,734.00,"7,340.00"
2019-09-04,2019090401004989,GILB,57,40,22,730.00,"16,060.00"
2019-09-04,2019090401004988,GILB,57,39,39,730.00,"28,470.00"
2019-09-04,2019090401004829,GIMES1,7,8,"4,000",7.47,"29,880.00"
2019-09-04,2019090401005122,GLBSL,42,38,100,489.00,"48,900.00"
2019-09-04,2019090401005094,GLBSL,42,39,50,488.00,"24,400.00"
2019-09-04,2019090401005081,GLBSL,42,51,80,487.00,"38,960.00"
2019-09-04,2019090401005064,GLBSL,42,58,10,480.00,"4,800.00"
2019-09-04,2019090401004987,GLBSL,42,40,25,473.00,"11,825.00"
2019-09-04,2019090401005084,GMFBS,56,19,10,520.00,"5,200.00"
2019-09-04,2019090401005069,GMFBS,38,43,10,520.00,"5,200.00"
2019-09-04,2019090401005044,GMFBS,38,38,100,522.00,"52,200.00"
2019-09-04,2019090401005004,GMFBS,56,8,10,521.00,"5,210.00"
2019-09-04,2019090401005003,GMFBS,56,56,10,521.00,"5,210.00"
2019-09-04,2019090401005002,GMFBS,56,43,10,520.00,"5,200.00"
