Date,Transact. No.,Symbol,Buyer,Seller,Quantity,Rate,Amount
2020-03-04,2020030401029080,ADBL,55,51,38,416.00,"15,808.00"
2020-03-04,2020030401029079,ADBL,55,51,12,416.00,"4,992.00"
2020-03-04,2020030401029049,ADBL,28,59,100,413.00,"41,300.00"
2020-03-04,2020030401028930,ADBL,28,1,339,413.00,"140,007.00"
2020-03-04,2020030401028929,ADBL,57,1,50,413.00,"20,650.00"
2020-03-04,2020030401028928,ADBL,37,1,111,413.00,"45,843.00"
2020-03-04,2020030401028752,ADBL,37,50,300,413.00,"123,900.00"
2020-03-04,2020030401028818,AHPC,10,56,500,98.00,"49,000.00"
2020-03-04,2020030401028817,AHPC,25,56,500,98.00,"49,000.00"
2020-03-04,2020030401028804,AHPC,40,56,293,99.00,"29,007.00"
2020-03-04,2020030401028759,AHPC,40,47,207,99.00,"20,493.00"
2020-03-04,2020030401028758,AHPC,25,47,500,99.00,"49,500.00"
2020-03-04,2020030401028757,AHPC,43,47,"1,000",99.00,"99,000.00"
2020-03-04,2020030401028756,AHPC,34,47,300,99.00,"29,700.00"
2020-03-04,2020030401028810,AHPC,10,56,"1,000",98.00,"98,000.00"
2020-03-04,2020030401028809,AHPC,47,56,500,98.00,"49,000.00"
2020-03-04,2020030401028808,AHPC,33,56,"1,000",99.00,"99,000.00"
2020-03-04,2020030401028807,AHPC,49,56,500,99.00,"49,500.00"
2020-03-04,2020030401028806,AHPC,40,56,100,99.00,"9,900.00"
2020-03-04,2020030401028805,AHPC,40,56,200,99.00,"19,800.00"
2020-03-04,2020030401028816,AHPC,58,56,"1,000",98.00,"98,000.00"
2020-03-04,2020030401028815,AHPC,59,56,300,98.00,"29,400.00"
2020-03-04,2020030401028814,AHPC,38,56,100,98.00,"9,800.00"
2020-03-04,2020030401028813,AHPC,42,56,500,98.00,"49,000.00"
2020-03-04,2020030401028812,AHPC,21,56,"1,000",98.00,"98,000.00"
2020-03-04,2020030401028811,AHPC,49,56,"2,000",98.00,"196,000.00"
2020-03-04,2020030401028870,AKPL,52,6,13,126.00,"1,638.00"
2020-03-04,2020030401029058,ALBSL,58,5,10,670.00,"6,700.00"
2020-03-04,2020030401029057,ALBSL,58,21,27,665.00,"17,955.00"
2020-03-04,2020030401029173,ALICL,34,45,100,584.00,"58,400.00"
2020-03-04,2020030401029078,ALICL,37,57,25,577.00,"14,425.00"
2020-03-04,2020030401029028,ALICL,18,44,28,583.00,"16,324.00"
2020-03-04,2020030401028960,ALICL,34,44,10,583.00,"5,830.00"
2020-03-04,2020030401028888,API,47,25,"1,000",130.00,"130,000.00"
2020-03-04,2020030401028958,API,25,56,30,133.00,"3,990.00"
2020-03-04,2020030401028927,API,25,38,26,132.00,"3,432.00"
2020-03-04,2020030401028926,API,25,39,500,132.00,"66,000.00"
2020-03-04,2020030401029106,BOKL,21,6,100,249.00,"24,900.00"
2020-03-04,2020030401029033,BOKL,33,6,10,249.00,"2,490.00"
2020-03-04,2020030401029031,BOKL,49,54,50,245.00,"12,250.00"
2020-03-04,2020030401028905,BOKL,49,5,356,245.00,"87,220.00"
2020-03-04,2020030401028904,BOKL,58,5,100,245.00,"24,500.00"
2020-03-04,2020030401028903,BOKL,8,5,100,245.00,"24,500.00"
2020-03-04,2020030401028902,BOKL,34,5,644,245.00,"157,780.00"
2020-03-04,2020030401028901,BOKL,1,5,300,246.00,"73,800.00"
2020-03-04,2020030401028745,BOKL,32,39,800,246.00,"196,800.00"
2020-03-04,2020030401028744,BOKL,1,39,100,246.00,"24,600.00"
2020-03-04,2020030401028743,BOKL,10,39,100,246.00,"24,600.00"
2020-03-04,2020030401029165,BPCL,37,41,50,364.00,"18,200.00"
2020-03-04,2020030401028980,CBL,56,26,419,150.00,"62,850.00"
2020-03-04,2020030401028932,CBL,56,26,81,150.00,"12,150.00"
2020-03-04,2020030401028931,CBL,56,51,"1,519",150.00,"227,850.00"
2020-03-04,2020030401028920,CBL,43,51,10,150.00,"1,500.00"
2020-03-04,2020030401029053,CCBL,22,34,100,186.00,"18,600.00"
2020-03-04,2020030401028850,CCBL,45,34,256,185.00,"47,360.00"
2020-03-04,2020030401028849,CCBL,6,34,10,185.00,"1,850.00"
2020-03-04,2020030401028848,CCBL,41,34,434,185.00,"80,290.00"
2020-03-04,2020030401028996,CFCL,52,43,10,136.00,"1,360.00"
2020-03-04,2020030401029205,CHCL,3,52,10,420.00,"4,200.00"
2020-03-04,2020030401028887,CHCL,17,14,240,412.00,"98,880.00"
2020-03-04,2020030401028755,CIT,50,17,20,"2,705.00","54,100.00"
2020-03-04,2020030401028754,CIT,3,17,10,"2,706.00","27,060.00"
2020-03-04,2020030401028941,CZBIL,13,34,97,208.00,"20,176.00"
2020-03-04,2020030401028881,CZBIL,46,34,139,208.00,"28,912.00"
2020-03-04,2020030401028880,CZBIL,46,50,61,207.00,"12,627.00"
2020-03-04,2020030401028846,CZBIL,57,50,90,207.00,"18,630.00"
2020-03-04,2020030401029183,DDBL,50,22,25,868.00,"21,700.00"
2020-03-04,2020030401028738,DHPL,35,36,10,51.00,510.00
2020-03-04,2020030401029172,EBL,43,1,200,764.00,"152,800.00"
2020-03-04,2020030401029124,EBL,28,38,164,763.00,"125,132.00"
2020-03-04,2020030401028983,EBL,1,1,10,764.00,"7,640.00"
2020-03-04,2020030401028981,EBL,6,1,100,764.00,"76,400.00"
2020-03-04,2020030401028966,EBL,44,1,500,764.00,"382,000.00"
2020-03-04,2020030401028823,EBL,28,57,416,763.00,"317,408.00"
2020-03-04,2020030401028772,EBL,11,1,120,767.00,"92,040.00"
2020-03-04,2020030401028771,EBL,44,1,20,768.00,"15,360.00"
2020-03-04,2020030401028784,EBL,28,16,500,763.00,"381,500.00"
2020-03-04,2020030401028777,EBL,29,1,25,765.00,"19,125.00"
2020-03-04,2020030401028776,EBL,29,1,200,765.00,"153,000.00"
2020-03-04,2020030401028775,EBL,14,1,100,765.00,"76,500.00"
2020-03-04,2020030401028774,EBL,44,1,100,766.00,"76,600.00"
2020-03-04,2020030401028773,EBL,44,1,200,767.00,"153,400.00"
2020-03-04,2020030401029089,EDBL,59,56,148,390.00,"57,720.00"
2020-03-04,2020030401029088,EDBL,46,56,52,390.00,"20,280.00"
2020-03-04,2020030401029192,EIC,26,50,20,410.00,"8,200.00"
2020-03-04,2020030401029177,EIC,36,50,100,410.00,"41,000.00"
2020-03-04,2020030401029133,EIC,6,50,20,410.00,"8,200.00"
2020-03-04,2020030401028781,EIC,37,28,950,409.00,"388,550.00"
2020-03-04,2020030401029131,FOWAD,29,56,200,"1,464.00","292,800.00"
2020-03-04,2020030401029130,FOWAD,17,56,50,"1,465.00","73,250.00"
2020-03-04,2020030401029119,FOWAD,22,1,100,"1,478.00","147,800.00"
2020-03-04,2020030401029116,FOWAD,17,1,10,"1,478.00","14,780.00"
2020-03-04,2020030401028987,GBBL,21,48,"1,000",245.00,"245,000.00"
2020-03-04,2020030401029207,GBIME,1,44,95,288.00,"27,360.00"
2020-03-04,2020030401029206,GBIME,52,44,305,288.00,"87,840.00"
2020-03-04,2020030401029122,GBIME,44,42,"2,000",289.00,"578,000.00"
2020-03-04,2020030401028825,GBIME,38,42,50,289.00,"14,450.00"
2020-03-04,2020030401028824,GBIME,38,42,150,289.00,"43,350.00"
2020-03-04,2020030401029168,GBLBS,44,19,950,488.00,"463,600.00"
2020-03-04,2020030401029151,GBLBS,44,13,50,488.00,"24,400.00"
2020-03-04,2020030401028922,GBLBS,17,19,50,489.00,"24,450.00"
2020-03-04,2020030401028893,GBLBS,13,19,500,489.00,"244,500.00"
2020-03-04,2020030401028868,GBLBS,22,19,500,489.00,"244,500.00"
2020-03-04,2020030401028768,GBLBS,44,36,15,488.00,"7,320.00"
2020-03-04,2020030401028737,GBLBS,44,26,50,488.00,"24,400.00"
2020-03-04,2020030401028736,GBLBS,44,49,400,488.00,"195,200.00"
2020-03-04,2020030401028732,GBLBS,44,52,"1,500",487.00,"730,500.00"
2020-03-04,2020030401028796,GLBSL,6,36,10,656.00,"6,560.00"
2020-03-04,2020030401029214,GLICL,1,46,250,840.00,"210,000.00"
2020-03-04,2020030401029210,GLICL,1,7,40,840.00,"33,600.00"
2020-03-04,2020030401029194,GLICL,7,44,45,841.00,"37,845.00"
2020-03-04,2020030401029150,GLICL,40,13,50,840.00,"42,000.00"
2020-03-04,2020030401029149,GLICL,40,17,50,840.00,"42,000.00"
2020-03-04,2020030401029093,GLICL,38,58,93,840.00,"78,120.00"
2020-03-04,2020030401028830,GLICL,52,20,10,840.00,"8,400.00"
2020-03-04,2020030401028829,GLICL,29,20,20,841.00,"16,820.00"
2020-03-04,2020030401028828,GLICL,54,20,20,841.00,"16,820.00"
2020-03-04,2020030401028826,GLICL,45,52,60,842.00,"50,520.00"
2020-03-04,2020030401028764,GLICL,14,52,250,842.00,"210,500.00"
2020-03-04,2020030401028739,GLICL,45,52,100,842.00,"84,200.00"
2020-03-04,2020030401028948,GLICL,14,58,50,840.00,"42,000.00"
2020-03-04,2020030401028947,GLICL,46,58,50,840.00,"42,000.00"
2020-03-04,2020030401028946,GLICL,48,58,50,842.00,"42,100.00"
2020-03-04,2020030401028915,GLICL,54,52,100,843.00,"84,300.00"
2020-03-04,2020030401028847,GLICL,44,52,200,843.00,"168,600.00"
2020-03-04,2020030401028840,GLICL,48,52,70,842.00,"58,940.00"
2020-03-04,2020030401029035,GLICL,41,5,500,836.00,"418,000.00"
2020-03-04,2020030401029034,GLICL,5,5,50,836.00,"41,800.00"
2020-03-04,2020030401029003,GLICL,21,58,100,840.00,"84,000.00"
2020-03-04,2020030401028988,GLICL,32,58,50,840.00,"42,000.00"
2020-03-04,2020030401028979,GLICL,32,47,50,839.00,"41,950.00"
2020-03-04,2020030401028978,GLICL,32,47,50,839.00,"41,950.00"
2020-03-04,2020030401029083,GLICL,58,7,100,836.00,"83,600.00"
2020-03-04,2020030401029043,GLICL,54,58,200,840.00,"168,000.00"
2020-03-04,2020030401029039,GLICL,38,5,50,835.00,"41,750.00"
2020-03-04,2020030401029038,GLICL,52,5,100,835.00,"83,500.00"
2020-03-04,2020030401029037,GLICL,43,5,100,835.00,"83,500.00"
2020-03-04,2020030401029036,GLICL,7,5,200,836.00,"167,200.00"
2020-03-04,2020030401028769,GMFBS,14,57,30,796.00,"23,880.00"
2020-03-04,2020030401028989,GMFIL,32,4,10,139.00,"1,390.00"
2020-03-04,2020030401028943,GMFIL,32,4,255,137.00,"34,935.00"
2020-03-04,2020030401029123,GUFL,39,21,10,130.00,"1,300.00"
2020-03-04,2020030401029213,HBL,4,58,443,610.00,"270,230.00"
2020-03-04,2020030401029212,HBL,6,58,25,615.00,"15,375.00"
2020-03-04,2020030401029048,HBL,6,11,50,615.00,"30,750.00"
2020-03-04,2020030401029047,HBL,6,32,70,615.00,"43,050.00"
2020-03-04,2020030401028965,HBL,4,57,300,610.00,"183,000.00"
2020-03-04,2020030401028964,HBL,44,57,100,611.00,"61,100.00"
2020-03-04,2020030401029158,HDL,49,45,500,"1,619.00","809,500.00"
2020-03-04,2020030401029115,HDL,4,6,50,"1,620.00","81,000.00"
2020-03-04,2020030401029114,HDL,57,6,10,"1,620.00","16,200.00"
2020-03-04,2020030401029113,HDL,10,6,20,"1,620.00","32,400.00"
2020-03-04,2020030401029112,HDL,38,6,30,"1,620.00","48,600.00"
2020-03-04,2020030401029073,HDL,38,25,70,"1,620.00","113,400.00"
2020-03-04,2020030401028767,HDL,4,45,100,"1,620.00","162,000.00"
2020-03-04,2020030401028766,HDL,41,45,200,"1,621.00","324,200.00"
2020-03-04,2020030401029072,HDL,46,25,100,"1,620.00","162,000.00"
2020-03-04,2020030401029071,HDL,45,25,10,"1,620.00","16,200.00"
2020-03-04,2020030401029070,HDL,39,25,20,"1,621.00","32,420.00"
2020-03-04,2020030401028798,HDL,14,3,30,"1,620.00","48,600.00"
2020-03-04,2020030401028793,HDL,53,57,50,"1,629.00","81,450.00"
2020-03-04,2020030401028792,HDL,53,3,20,"1,629.00","32,580.00"
2020-03-04,2020030401029193,HGI,45,48,150,401.00,"60,150.00"
2020-03-04,2020030401028839,HPPL,26,36,10,147.00,"1,470.00"
2020-03-04,2020030401029081,ICFC,28,13,"1,800",189.00,"340,200.00"
2020-03-04,2020030401028783,ILBS,58,39,10,740.00,"7,400.00"
2020-03-04,2020030401028782,ILBS,58,39,25,740.00,"18,500.00"
2020-03-04,2020030401029108,JBBL,4,57,400,191.00,"76,400.00"
2020-03-04,2020030401029107,JBBL,59,57,100,192.00,"19,200.00"
2020-03-04,2020030401029195,JSLBB,4,42,30,"1,495.00","44,850.00"
2020-03-04,2020030401029127,JSLBB,4,49,33,"1,495.00","49,335.00"
2020-03-04,2020030401029126,JSLBB,37,49,104,"1,496.00","155,584.00"
2020-03-04,2020030401029105,KBL,50,54,100,211.00,"21,100.00"
2020-03-04,2020030401029054,KMCDB,7,48,10,864.00,"8,640.00"
2020-03-04,2020030401029164,KPCL,25,44,100,110.00,"11,000.00"
2020-03-04,2020030401029163,KPCL,25,44,10,108.00,"1,080.00"
2020-03-04,2020030401029162,KPCL,25,44,10,108.00,"1,080.00"
2020-03-04,2020030401029161,KPCL,25,44,10,108.00,"1,080.00"
2020-03-04,2020030401028906,KPCL,22,36,11,106.00,"1,166.00"
2020-03-04,2020030401029160,KPCL,25,41,10,108.00,"1,080.00"
2020-03-04,2020030401029159,KPCL,25,41,10,108.00,"1,080.00"
2020-03-04,2020030401028877,KRBL,1,19,131,109.00,"14,279.00"
2020-03-04,2020030401028876,KRBL,35,19,100,109.00,"10,900.00"
2020-03-04,2020030401028875,KRBL,19,19,100,109.00,"10,900.00"
2020-03-04,2020030401028874,KRBL,34,19,200,109.00,"21,800.00"
2020-03-04,2020030401028873,KRBL,25,19,100,110.00,"11,000.00"
2020-03-04,2020030401028872,KRBL,8,19,300,110.00,"33,000.00"
2020-03-04,2020030401028871,KRBL,37,19,69,110.00,"7,590.00"
2020-03-04,2020030401029176,LBBL,38,39,100,191.00,"19,100.00"
2020-03-04,2020030401029175,LBBL,59,39,50,192.00,"9,600.00"
2020-03-04,2020030401029174,LBBL,54,39,50,193.00,"9,650.00"
2020-03-04,2020030401028860,LBBL,53,45,200,191.00,"38,200.00"
2020-03-04,2020030401029228,LBL,51,57,250,233.00,"58,250.00"
2020-03-04,2020030401029005,LBL,51,1,"1,000",233.00,"233,000.00"
2020-03-04,2020030401028982,LBL,51,41,"1,800",233.00,"419,400.00"
2020-03-04,2020030401028963,LBL,51,22,293,233.00,"68,269.00"
2020-03-04,2020030401028962,LBL,14,22,50,233.00,"11,650.00"
2020-03-04,2020030401028961,LBL,4,22,657,233.00,"153,081.00"
2020-03-04,2020030401028925,LBL,4,4,220,233.00,"51,260.00"
2020-03-04,2020030401029197,LICN,45,5,10,"1,490.00","14,900.00"
2020-03-04,2020030401029090,LICN,34,54,10,"1,519.00","15,190.00"
2020-03-04,2020030401028959,LICN,14,28,500,"1,510.00","755,000.00"
2020-03-04,2020030401028949,LICN,45,5,10,"1,490.00","14,900.00"
2020-03-04,2020030401028918,MBL,48,5,"1,000",249.00,"249,000.00"
2020-03-04,2020030401029211,MDB,43,41,500,454.00,"227,000.00"
2020-03-04,2020030401028967,MDB,43,25,50,453.00,"22,650.00"
2020-03-04,2020030401028884,MDB,43,22,100,452.00,"45,200.00"
2020-03-04,2020030401028883,MDB,43,22,100,452.00,"45,200.00"
2020-03-04,2020030401029087,MEGA,43,33,10,235.00,"2,350.00"
2020-03-04,2020030401028841,MEGA,48,33,200,232.00,"46,400.00"
2020-03-04,2020030401028820,MEGA,43,33,10,235.00,"2,350.00"
2020-03-04,2020030401028819,MEGA,43,29,215,234.00,"50,310.00"
2020-03-04,2020030401028761,MEGA,43,29,"1,785",234.00,"417,690.00"
2020-03-04,2020030401028760,MEGA,43,33,215,234.00,"50,310.00"
2020-03-04,2020030401028955,MEGA,36,41,100,232.00,"23,200.00"
2020-03-04,2020030401028954,MEGA,46,41,200,233.00,"46,600.00"
2020-03-04,2020030401028844,MEGA,36,33,400,232.00,"92,800.00"
2020-03-04,2020030401028843,MEGA,49,33,200,232.00,"46,400.00"
2020-03-04,2020030401028842,MEGA,36,33,200,232.00,"46,400.00"
2020-03-04,2020030401029203,MFIL,49,38,20,290.00,"5,800.00"
2020-03-04,2020030401029202,MFIL,49,44,180,288.00,"51,840.00"
2020-03-04,2020030401029201,MFIL,49,47,100,288.00,"28,800.00"
2020-03-04,2020030401029132,MFIL,43,44,10,288.00,"2,880.00"
2020-03-04,2020030401029066,MFIL,49,47,182,283.00,"51,506.00"
2020-03-04,2020030401029065,MFIL,19,47,18,283.00,"5,094.00"
2020-03-04,2020030401029029,MFIL,43,44,10,288.00,"2,880.00"
2020-03-04,2020030401028845,MFIL,43,1,100,286.00,"28,600.00"
2020-03-04,2020030401028795,MFIL,19,1,100,285.00,"28,500.00"
2020-03-04,2020030401028794,MFIL,19,34,800,285.00,"228,000.00"
2020-03-04,2020030401029153,MLBL,25,34,100,219.00,"21,900.00"
2020-03-04,2020030401029056,MLBL,59,34,200,219.00,"43,800.00"
2020-03-04,2020030401029055,MLBL,59,28,300,219.00,"65,700.00"
2020-03-04,2020030401029200,MNBBL,54,48,200,339.00,"67,800.00"
2020-03-04,2020030401029086,MNBBL,54,48,350,339.00,"118,650.00"
2020-03-04,2020030401029085,MNBBL,18,48,200,339.00,"67,800.00"
2020-03-04,2020030401029084,MNBBL,1,48,50,339.00,"16,950.00"
2020-03-04,2020030401029068,MNBBL,57,48,200,340.00,"68,000.00"
2020-03-04,2020030401029067,MNBBL,13,48,250,340.00,"85,000.00"
2020-03-04,2020030401029030,MNBBL,13,1,200,340.00,"68,000.00"
2020-03-04,2020030401029199,NABIL,22,52,25,847.00,"21,175.00"
2020-03-04,2020030401028835,NABIL,49,6,100,847.00,"84,700.00"
2020-03-04,2020030401028791,NABIL,3,14,100,848.00,"84,800.00"
2020-03-04,2020030401028741,NABIL,49,6,500,847.00,"423,500.00"
2020-03-04,2020030401029009,NADEP,5,4,11,700.00,"7,700.00"
2020-03-04,2020030401029008,NADEP,5,42,23,699.00,"16,077.00"
2020-03-04,2020030401029007,NADEP,5,41,23,698.00,"16,054.00"
2020-03-04,2020030401029006,NADEP,5,21,11,695.00,"7,645.00"
2020-03-04,2020030401029215,NBB,38,25,190,226.00,"42,940.00"
2020-03-04,2020030401029186,NBB,33,25,10,226.00,"2,260.00"
2020-03-04,2020030401029179,NBB,59,25,300,226.00,"67,800.00"
2020-03-04,2020030401029222,NBL,33,36,50,288.00,"14,400.00"
2020-03-04,2020030401028939,NBL,10,16,500,287.00,"143,500.00"
2020-03-04,2020030401028854,NBL,28,45,200,286.00,"57,200.00"
2020-03-04,2020030401028851,NBL,38,16,500,287.00,"143,500.00"
2020-03-04,2020030401029157,NCCB,56,59,44,203.00,"8,932.00"
2020-03-04,2020030401029156,NCCB,56,21,19,203.00,"3,857.00"
2020-03-04,2020030401029155,NCCB,56,38,"4,337",202.00,"876,074.00"
2020-03-04,2020030401029111,NCCB,45,51,389,201.00,"78,189.00"
2020-03-04,2020030401029110,NCCB,6,51,"1,511",201.00,"303,711.00"
2020-03-04,2020030401029076,NCCB,6,45,100,201.00,"20,100.00"
2020-03-04,2020030401028894,NCCB,48,38,100,202.00,"20,200.00"
2020-03-04,2020030401028780,NCCB,35,38,200,202.00,"40,400.00"
2020-03-04,2020030401028779,NCCB,8,38,200,202.00,"40,400.00"
2020-03-04,2020030401028778,NCCB,32,38,242,202.00,"48,884.00"
2020-03-04,2020030401028977,NCCB,26,38,150,202.00,"30,300.00"
2020-03-04,2020030401028945,NCCB,59,38,100,202.00,"20,200.00"
2020-03-04,2020030401028900,NCCB,6,34,389,201.00,"78,189.00"
2020-03-04,2020030401028899,NCCB,47,34,500,201.00,"100,500.00"
2020-03-04,2020030401028898,NCCB,26,34,120,201.00,"24,120.00"
2020-03-04,2020030401028897,NCCB,36,34,267,201.00,"53,667.00"
2020-03-04,2020030401029170,NIB,45,59,200,423.00,"84,600.00"
2020-03-04,2020030401029169,NIB,45,57,388,423.00,"164,124.00"
2020-03-04,2020030401029147,NIB,11,34,138,421.00,"58,098.00"
2020-03-04,2020030401029146,NIB,34,34,30,421.00,"12,630.00"
2020-03-04,2020030401029145,NIB,42,34,56,421.00,"23,576.00"
2020-03-04,2020030401029026,NIB,6,5,150,422.00,"63,300.00"
2020-03-04,2020030401028886,NIB,42,11,44,421.00,"18,524.00"
2020-03-04,2020030401029134,NICA,34,6,200,577.00,"115,400.00"
2020-03-04,2020030401029118,NICA,22,19,50,578.00,"28,900.00"
2020-03-04,2020030401029109,NICA,57,50,100,579.00,"57,900.00"
2020-03-04,2020030401029052,NICA,32,50,100,579.00,"57,900.00"
2020-03-04,2020030401029042,NICA,34,38,111,577.00,"64,047.00"
2020-03-04,2020030401029041,NICA,38,38,360,577.00,"207,720.00"
2020-03-04,2020030401028789,NICA,46,28,500,578.00,"289,000.00"
2020-03-04,2020030401028921,NICA,28,39,29,578.00,"16,762.00"
2020-03-04,2020030401028853,NICA,28,21,500,578.00,"289,000.00"
2020-03-04,2020030401028852,NICA,28,41,500,578.00,"289,000.00"
2020-03-04,2020030401028822,NICA,28,58,171,578.00,"98,838.00"
2020-03-04,2020030401028821,NICA,44,58,79,578.00,"45,662.00"
2020-03-04,2020030401028790,NICA,44,28,500,578.00,"289,000.00"
2020-03-04,2020030401029040,NICA,28,38,29,578.00,"16,762.00"
2020-03-04,2020030401028968,NICA,28,48,900,578.00,"520,200.00"
2020-03-04,2020030401028956,NICA,28,39,71,578.00,"41,038.00"
2020-03-04,2020030401028953,NICA,38,58,140,577.00,"80,780.00"
2020-03-04,2020030401028952,NICA,28,58,200,577.00,"115,400.00"
2020-03-04,2020030401028951,NICA,53,58,50,577.00,"28,850.00"
2020-03-04,2020030401029204,NICL,43,38,200,453.00,"90,600.00"
2020-03-04,2020030401029103,NICL,40,41,85,452.00,"38,420.00"
2020-03-04,2020030401029102,NICL,6,41,50,452.00,"22,600.00"
2020-03-04,2020030401028985,NICL,34,38,127,453.00,"57,531.00"
2020-03-04,2020030401028984,NICL,42,38,50,454.00,"22,700.00"
2020-03-04,2020030401028976,NIL,42,44,200,579.00,"115,800.00"
2020-03-04,2020030401028973,NIL,42,42,162,579.00,"93,798.00"
2020-03-04,2020030401028742,NIL,7,44,200,580.00,"116,000.00"
2020-03-04,2020030401028801,NIL,42,43,190,579.00,"110,010.00"
2020-03-04,2020030401028800,NIL,42,43,42,579.00,"24,318.00"
2020-03-04,2020030401028799,NIL,37,43,300,580.00,"174,000.00"
2020-03-04,2020030401029101,NLBBL,48,29,50,740.00,"37,000.00"
2020-03-04,2020030401028827,NLBBL,57,33,20,745.00,"14,900.00"
2020-03-04,2020030401028834,NLG,45,57,50,655.00,"32,750.00"
2020-03-04,2020030401028833,NLG,40,57,15,655.00,"9,825.00"
2020-03-04,2020030401028750,NLG,40,52,100,655.00,"65,500.00"
2020-03-04,2020030401028749,NLG,40,52,95,655.00,"62,225.00"
2020-03-04,2020030401029220,NLIC,39,34,215,"1,250.00","268,750.00"
2020-03-04,2020030401029219,NLIC,39,40,35,"1,250.00","43,750.00"
2020-03-04,2020030401029218,NLIC,39,20,115,"1,249.00","143,635.00"
2020-03-04,2020030401029217,NLIC,39,38,10,"1,248.00","12,480.00"
2020-03-04,2020030401029216,NLIC,39,34,125,"1,247.00","155,875.00"
2020-03-04,2020030401029154,NLIC,21,57,49,"1,243.00","60,907.00"
2020-03-04,2020030401028747,NLIC,36,50,100,"1,243.00","124,300.00"
2020-03-04,2020030401028746,NLIC,58,50,100,"1,243.00","124,300.00"
2020-03-04,2020030401028861,NLIC,58,34,10,"1,245.00","12,450.00"
2020-03-04,2020030401028855,NLIC,36,20,100,"1,249.00","124,900.00"
2020-03-04,2020030401028788,NLIC,14,20,10,"1,249.00","12,490.00"
2020-03-04,2020030401028787,NLIC,14,49,90,"1,245.00","112,050.00"
2020-03-04,2020030401028763,NLIC,5,50,65,"1,243.00","80,795.00"
2020-03-04,2020030401028748,NLIC,48,50,50,"1,243.00","62,150.00"
2020-03-04,2020030401028974,NLIC,17,20,25,"1,249.00","31,225.00"
2020-03-04,2020030401028957,NLIC,40,20,100,"1,249.00","124,900.00"
2020-03-04,2020030401028865,NLIC,21,34,140,"1,243.00","174,020.00"
2020-03-04,2020030401028864,NLIC,58,34,40,"1,244.00","49,760.00"
2020-03-04,2020030401028863,NLIC,35,34,10,"1,244.00","12,440.00"
2020-03-04,2020030401028862,NLIC,32,34,100,"1,245.00","124,500.00"
2020-03-04,2020030401029226,NMB,33,57,199,460.00,"91,540.00"
2020-03-04,2020030401029225,NMB,45,57,131,461.00,"60,391.00"
2020-03-04,2020030401029208,NMB,45,49,589,461.00,"271,529.00"
2020-03-04,2020030401029178,NMB,52,58,200,462.00,"92,400.00"
2020-03-04,2020030401029045,NMB,45,48,280,461.00,"129,080.00"
2020-03-04,2020030401029027,NMB,33,42,60,460.00,"27,600.00"
2020-03-04,2020030401028895,NMB,21,58,"2,000",462.00,"924,000.00"
2020-03-04,2020030401028838,NMB,49,25,200,463.00,"92,600.00"
2020-03-04,2020030401028995,NMB,42,48,200,461.00,"92,200.00"
2020-03-04,2020030401028994,NMB,37,48,500,461.00,"230,500.00"
2020-03-04,2020030401028993,NMB,26,48,50,461.00,"23,050.00"
2020-03-04,2020030401028992,NMB,55,48,250,461.00,"115,250.00"
2020-03-04,2020030401028991,NMB,49,48,220,461.00,"101,420.00"
2020-03-04,2020030401028975,NMB,56,58,300,462.00,"138,600.00"
2020-03-04,2020030401029198,NMBMF,28,7,250,823.00,"205,750.00"
2020-03-04,2020030401028950,NMBMF,28,16,103,824.00,"84,872.00"
2020-03-04,2020030401028837,NMBMF,28,33,94,824.00,"77,456.00"
2020-03-04,2020030401028836,NMBMF,38,33,10,824.00,"8,240.00"
2020-03-04,2020030401029209,NTC,44,45,10,653.00,"6,530.00"
2020-03-04,2020030401029189,PCBL,4,32,200,303.00,"60,600.00"
2020-03-04,2020030401028924,PCBL,57,29,200,304.00,"60,800.00"
2020-03-04,2020030401028923,PCBL,35,29,436,304.00,"132,544.00"
2020-03-04,2020030401029137,PIC,34,52,400,607.00,"242,800.00"
2020-03-04,2020030401029136,PIC,40,52,100,608.00,"60,800.00"
2020-03-04,2020030401029185,PICL,57,58,50,478.00,"23,900.00"
2020-03-04,2020030401029227,PLIC,42,28,10,595.00,"5,950.00"
2020-03-04,2020030401029144,PLIC,4,1,153,585.00,"89,505.00"
2020-03-04,2020030401029143,PLIC,34,1,50,585.00,"29,250.00"
2020-03-04,2020030401029142,PLIC,7,1,100,585.00,"58,500.00"
2020-03-04,2020030401029141,PLIC,7,1,97,585.00,"56,745.00"
2020-03-04,2020030401029140,PLIC,34,1,100,586.00,"58,600.00"
2020-03-04,2020030401028879,PLIC,34,28,10,595.00,"5,950.00"
2020-03-04,2020030401028878,PLIC,34,40,100,594.00,"59,400.00"
2020-03-04,2020030401029171,PPCL,59,50,20,119.00,"2,380.00"
2020-03-04,2020030401029184,PRIN,10,14,200,445.00,"89,000.00"
2020-03-04,2020030401028969,PRIN,49,14,10,445.00,"4,450.00"
2020-03-04,2020030401028735,PRIN,49,32,50,440.00,"22,000.00"
2020-03-04,2020030401028734,PRIN,49,49,300,440.00,"132,000.00"
2020-03-04,2020030401028733,PRIN,49,26,100,440.00,"44,000.00"
2020-03-04,2020030401029069,PRVU,41,38,500,256.00,"128,000.00"
2020-03-04,2020030401029032,PRVU,41,53,500,256.00,"128,000.00"
2020-03-04,2020030401028972,PRVU,41,53,500,256.00,"128,000.00"
2020-03-04,2020030401029082,RADHI,51,53,12,166.00,"1,992.00"
2020-03-04,2020030401028944,RADHI,51,50,12,165.00,"1,980.00"
2020-03-04,2020030401028971,RBCLPO,6,32,10,"8,805.00","88,050.00"
2020-03-04,2020030401028970,RBCLPO,49,32,10,"8,805.00","88,050.00"
2020-03-04,2020030401028762,RBCLPO,49,52,10,"8,805.00","88,050.00"
2020-03-04,2020030401029125,RHPL,29,36,25,161.00,"4,025.00"
2020-03-04,2020030401028831,RHPL,16,45,10,160.00,"1,600.00"
2020-03-04,2020030401028802,RHPL,6,36,60,161.00,"9,660.00"
2020-03-04,2020030401028751,RHPL,16,47,30,160.00,"4,800.00"
2020-03-04,2020030401029196,RMDC,49,42,30,688.00,"20,640.00"
2020-03-04,2020030401029167,RMDC,49,33,"1,000",688.00,"688,000.00"
2020-03-04,2020030401029075,RMDC,51,13,54,695.00,"37,530.00"
2020-03-04,2020030401029074,RMDC,51,56,46,694.00,"31,924.00"
2020-03-04,2020030401029224,RSDC,51,26,51,509.00,"25,959.00"
2020-03-04,2020030401029223,RSDC,51,11,13,508.00,"6,604.00"
2020-03-04,2020030401029221,RSDC,21,11,10,508.00,"5,080.00"
2020-03-04,2020030401028896,RSDC,36,13,50,502.00,"25,100.00"
2020-03-04,2020030401029099,SABSL,38,34,20,793.00,"15,860.00"
2020-03-04,2020030401029098,SABSL,17,34,200,793.00,"158,600.00"
2020-03-04,2020030401029097,SABSL,58,34,60,794.00,"47,640.00"
2020-03-04,2020030401029096,SABSL,58,34,60,794.00,"47,640.00"
2020-03-04,2020030401029095,SABSL,42,34,100,794.00,"79,400.00"
2020-03-04,2020030401029094,SABSL,58,34,100,795.00,"79,500.00"
2020-03-04,2020030401028867,SABSL,6,45,10,796.00,"7,960.00"
2020-03-04,2020030401028917,SAND2085,16,32,40,948.00,"37,920.00"
2020-03-04,2020030401028866,SANIMA,14,39,"1,000",369.00,"369,000.00"
2020-03-04,2020030401029002,SBI,34,56,330,481.00,"158,730.00"
2020-03-04,2020030401029001,SBI,44,56,100,481.00,"48,100.00"
2020-03-04,2020030401029000,SBI,52,56,60,481.00,"28,860.00"
2020-03-04,2020030401028999,SBI,58,56,300,481.00,"144,300.00"
2020-03-04,2020030401028998,SBI,45,56,500,481.00,"240,500.00"
2020-03-04,2020030401028997,SBI,45,56,"1,000",482.00,"482,000.00"
2020-03-04,2020030401028916,SBL,32,52,191,329.00,"62,839.00"
2020-03-04,2020030401028859,SBL,32,52,671,329.00,"220,759.00"
2020-03-04,2020030401028858,SBL,20,52,"1,000",329.00,"329,000.00"
2020-03-04,2020030401028857,SBL,39,52,309,329.00,"101,661.00"
2020-03-04,2020030401028856,SBL,19,52,20,330.00,"6,600.00"
2020-03-04,2020030401029121,SCB,49,35,10,712.00,"7,120.00"
2020-03-04,2020030401029120,SCB,49,35,10,709.00,"7,090.00"
2020-03-04,2020030401028882,SCB,57,50,15,708.00,"10,620.00"
2020-03-04,2020030401028753,SCB,8,50,20,708.00,"14,160.00"
2020-03-04,2020030401028770,SEF,13,21,"4,000",9.49,"37,960.00"
2020-03-04,2020030401029230,SHIVM,22,51,185,608.00,"112,480.00"
2020-03-04,2020030401029152,SHIVM,22,34,15,605.00,"9,075.00"
2020-03-04,2020030401029148,SHIVM,45,34,50,605.00,"30,250.00"
2020-03-04,2020030401029100,SHIVM,45,34,435,605.00,"263,175.00"
2020-03-04,2020030401029077,SHIVM,29,41,500,607.00,"303,500.00"
2020-03-04,2020030401029046,SHIVM,45,3,65,605.00,"39,325.00"
2020-03-04,2020030401028909,SHIVM,48,50,"1,000",605.00,"605,000.00"
2020-03-04,2020030401028908,SHIVM,38,34,50,604.00,"30,200.00"
2020-03-04,2020030401028869,SHIVM,29,34,100,604.00,"60,400.00"
2020-03-04,2020030401028786,SHIVM,35,34,100,604.00,"60,400.00"
2020-03-04,2020030401028785,SHIVM,6,34,200,604.00,"120,800.00"
2020-03-04,2020030401029117,SICL,46,34,10,990.00,"9,900.00"
2020-03-04,2020030401028740,SICL,45,34,100,981.00,"98,100.00"
2020-03-04,2020030401029004,SIL,34,49,24,560.00,"13,440.00"
2020-03-04,2020030401029135,SJCL,54,42,150,156.00,"23,400.00"
2020-03-04,2020030401029025,SJCL,54,34,20,156.00,"3,120.00"
2020-03-04,2020030401029024,SJCL,54,38,20,156.00,"3,120.00"
2020-03-04,2020030401029023,SJCL,54,38,20,156.00,"3,120.00"
2020-03-04,2020030401029022,SJCL,54,38,20,156.00,"3,120.00"
2020-03-04,2020030401028797,SJCL,52,47,20,153.00,"3,060.00"
2020-03-04,2020030401028907,SJCL,52,45,10,153.00,"1,530.00"
2020-03-04,2020030401029015,SJCL,54,38,20,156.00,"3,120.00"
2020-03-04,2020030401029014,SJCL,54,45,10,156.00,"1,560.00"
2020-03-04,2020030401029013,SJCL,54,38,20,156.00,"3,120.00"
2020-03-04,2020030401029012,SJCL,54,43,10,156.00,"1,560.00"
2020-03-04,2020030401029011,SJCL,54,38,20,154.00,"3,080.00"
2020-03-04,2020030401029010,SJCL,54,25,500,154.00,"77,000.00"
2020-03-04,2020030401029021,SJCL,54,38,20,156.00,"3,120.00"
2020-03-04,2020030401029020,SJCL,54,38,20,156.00,"3,120.00"
2020-03-04,2020030401029019,SJCL,54,38,20,156.00,"3,120.00"
2020-03-04,2020030401029018,SJCL,54,38,20,156.00,"3,120.00"
2020-03-04,2020030401029017,SJCL,54,38,10,156.00,"1,560.00"
2020-03-04,2020030401029016,SJCL,54,38,20,156.00,"3,120.00"
2020-03-04,2020030401028885,SKBBL,32,36,15,"1,114.00","16,710.00"
2020-03-04,2020030401029191,SLBBL,58,25,79,880.00,"69,520.00"
2020-03-04,2020030401029190,SLBBL,58,34,19,879.00,"16,701.00"
2020-03-04,2020030401028913,SLBBL,58,34,60,879.00,"52,740.00"
2020-03-04,2020030401028912,SLBBL,58,45,100,878.00,"87,800.00"
2020-03-04,2020030401028911,SLBBL,58,6,490,868.00,"425,320.00"
2020-03-04,2020030401029139,SLBBL,58,34,10,879.00,"8,790.00"
2020-03-04,2020030401029138,SLBBL,58,45,40,866.00,"34,640.00"
2020-03-04,2020030401029044,SLBBL,58,34,101,879.00,"88,779.00"
2020-03-04,2020030401029182,SLBSL,38,57,10,875.00,"8,750.00"
2020-03-04,2020030401029181,SLBSL,38,25,10,875.00,"8,750.00"
2020-03-04,2020030401029180,SLBSL,38,48,50,875.00,"43,750.00"
2020-03-04,2020030401029064,SLBSL,38,16,25,858.00,"21,450.00"
2020-03-04,2020030401029063,SLBSL,38,48,120,858.00,"102,960.00"
2020-03-04,2020030401029062,SLBSL,38,56,10,857.00,"8,570.00"
2020-03-04,2020030401028765,SLBSL,38,38,10,855.00,"8,550.00"
2020-03-04,2020030401029061,SLBSL,38,48,100,857.00,"85,700.00"
2020-03-04,2020030401029060,SLBSL,38,25,100,857.00,"85,700.00"
2020-03-04,2020030401029059,SLBSL,38,38,30,856.00,"25,680.00"
2020-03-04,2020030401029229,SLICL,44,51,12,467.00,"5,604.00"
2020-03-04,2020030401029166,SLICL,13,16,430,465.00,"199,950.00"
2020-03-04,2020030401028942,SLICL,57,16,500,465.00,"232,500.00"
2020-03-04,2020030401028919,SLICL,38,25,100,464.00,"46,400.00"
2020-03-04,2020030401029091,SMATA,3,59,10,720.00,"7,200.00"
2020-03-04,2020030401029128,SMFBS,34,25,40,982.00,"39,280.00"
2020-03-04,2020030401029092,SRBL,42,33,100,260.00,"26,000.00"
2020-03-04,2020030401029051,SRBL,19,41,166,257.00,"42,662.00"
2020-03-04,2020030401029050,SRBL,19,41,134,257.00,"34,438.00"
2020-03-04,2020030401028990,SRBL,19,58,200,257.00,"51,400.00"
2020-03-04,2020030401028910,SRBL,19,39,200,257.00,"51,400.00"
2020-03-04,2020030401028892,SRBL,19,1,466,257.00,"119,762.00"
2020-03-04,2020030401028891,SRBL,28,1,50,257.00,"12,850.00"
2020-03-04,2020030401028890,SRBL,50,1,384,257.00,"98,688.00"
2020-03-04,2020030401028889,SRBL,52,1,100,258.00,"25,800.00"
2020-03-04,2020030401028832,STC,5,34,10,"2,743.00","27,430.00"
2020-03-04,2020030401029188,TMDBL,26,37,100,194.00,"19,400.00"
2020-03-04,2020030401029187,TMDBL,42,37,258,194.00,"50,052.00"
2020-03-04,2020030401029231,UIC,34,34,20,381.00,"7,620.00"
2020-03-04,2020030401029104,UIC,21,34,50,381.00,"19,050.00"
2020-03-04,2020030401028803,UIC,49,55,40,376.00,"15,040.00"
2020-03-04,2020030401028940,UPPER,38,45,40,235.00,"9,400.00"
2020-03-04,2020030401028914,UPPER,7,36,260,236.00,"61,360.00"
2020-03-04,2020030401029129,UPPER,22,36,140,236.00,"33,040.00"
2020-03-04,2020030401028986,WOMI,14,43,19,"1,035.00","19,665.00"
2020-03-04,2020030401028938,WOMI,21,43,100,"1,038.00","103,800.00"
2020-03-04,2020030401028937,WOMI,35,43,30,"1,038.00","31,140.00"
2020-03-04,2020030401028936,WOMI,36,43,20,"1,039.00","20,780.00"
2020-03-04,2020030401028935,WOMI,41,43,10,"1,039.00","10,390.00"
2020-03-04,2020030401028934,WOMI,58,43,20,"1,040.00","20,800.00"
2020-03-04,2020030401028933,WOMI,51,43,10,"1,040.00","10,400.00"
2020-03-04,2020030401028637,ADBL,37,49,589,413.00,"243,257.00"
2020-03-04,2020030401028636,ADBL,37,49,411,415.00,"170,565.00"
2020-03-04,2020030401028497,ADBL,37,41,58,415.00,"24,070.00"
2020-03-04,2020030401028273,ADBL,37,13,186,415.00,"77,190.00"
2020-03-04,2020030401028686,AHPC,34,1,700,99.00,"69,300.00"
2020-03-04,2020030401028685,AHPC,33,1,300,100.00,"30,000.00"
2020-03-04,2020030401028560,AHPC,33,47,"1,700",100.00,"170,000.00"
2020-03-04,2020030401028559,AHPC,22,47,300,100.00,"30,000.00"
2020-03-04,2020030401028373,AHPC,46,55,203,100.00,"20,300.00"
2020-03-04,2020030401028375,AHPC,57,55,97,100.00,"9,700.00"
2020-03-04,2020030401028374,AHPC,57,55,100,100.00,"10,000.00"
2020-03-04,2020030401028690,AKPL,34,26,"1,416",127.00,"179,832.00"
2020-03-04,2020030401028650,AKPL,34,36,99,127.00,"12,573.00"
2020-03-04,2020030401028364,ALBSL,29,45,11,662.00,"7,282.00"
2020-03-04,2020030401028720,ALICL,37,41,350,577.00,"201,950.00"
2020-03-04,2020030401028719,ALICL,16,41,150,577.00,"86,550.00"
2020-03-04,2020030401028359,ALICL,37,57,500,586.00,"293,000.00"
2020-03-04,2020030401028326,ALICL,37,57,500,586.00,"293,000.00"
2020-03-04,2020030401028605,API,25,58,50,132.00,"6,600.00"
2020-03-04,2020030401028566,API,13,25,500,130.00,"65,000.00"
2020-03-04,2020030401028676,BPCL,37,36,11,368.00,"4,048.00"
2020-03-04,2020030401028526,BPCL,37,36,205,368.00,"75,440.00"
2020-03-04,2020030401028525,BPCL,37,6,100,368.00,"36,800.00"
2020-03-04,2020030401028524,BPCL,37,41,152,367.00,"55,784.00"
2020-03-04,2020030401028523,BPCL,37,33,290,367.00,"106,430.00"
2020-03-04,2020030401028728,CBBL,32,21,13,"1,021.00","13,273.00"
2020-03-04,2020030401028653,CBBL,6,46,265,"1,024.00","271,360.00"
2020-03-04,2020030401028609,CBBL,6,16,293,"1,024.00","300,032.00"
2020-03-04,2020030401028529,CBBL,6,57,400,"1,024.00","409,600.00"
2020-03-04,2020030401028352,CBBL,6,59,42,"1,024.00","43,008.00"
2020-03-04,2020030401028345,CBBL,29,59,200,"1,026.00","205,200.00"
2020-03-04,2020030401028351,CBBL,38,59,15,"1,025.00","15,375.00"
2020-03-04,2020030401028350,CBBL,35,59,50,"1,025.00","51,250.00"
2020-03-04,2020030401028349,CBBL,38,59,165,"1,025.00","169,125.00"
2020-03-04,2020030401028348,CBBL,55,59,200,"1,025.00","205,000.00"
2020-03-04,2020030401028347,CBBL,32,59,10,"1,025.00","10,250.00"
2020-03-04,2020030401028346,CBBL,1,59,18,"1,025.00","18,450.00"
2020-03-04,2020030401028247,CBL,1,21,743,149.00,"110,707.00"
2020-03-04,2020030401028246,CBL,4,21,258,149.00,"38,442.00"
2020-03-04,2020030401028620,CCBLPO,34,43,"21,327",103.00,"2,196,681.00"
2020-03-04,2020030401028536,CHCL,17,39,450,412.00,"185,400.00"
2020-03-04,2020030401028535,CHCL,13,39,500,412.00,"206,000.00"
2020-03-04,2020030401028534,CHCL,5,39,50,413.00,"20,650.00"
2020-03-04,2020030401028642,CIT,58,28,30,"2,716.00","81,480.00"
2020-03-04,2020030401028611,CIT,58,49,69,"2,715.00","187,335.00"
2020-03-04,2020030401028567,CIT,58,25,20,"2,714.00","54,280.00"
2020-03-04,2020030401028539,CIT,58,54,140,"2,713.00","379,820.00"
2020-03-04,2020030401028356,CIT,45,34,156,"2,710.00","422,760.00"
2020-03-04,2020030401028329,CIT,45,34,20,"2,710.00","54,200.00"
2020-03-04,2020030401028279,CLBSL,45,50,10,"1,102.00","11,020.00"
2020-03-04,2020030401028702,CZBIL,57,36,10,207.00,"2,070.00"
2020-03-04,2020030401028461,CZBIL,36,55,200,206.00,"41,200.00"
2020-03-04,2020030401028377,CZBIL,45,34,285,208.00,"59,280.00"
2020-03-04,2020030401028376,CZBIL,45,38,15,207.00,"3,105.00"
2020-03-04,2020030401028727,DDBL,32,29,30,868.00,"26,040.00"
2020-03-04,2020030401028516,DDBL,20,14,400,868.00,"347,200.00"
2020-03-04,2020030401028450,DDBL,48,29,200,869.00,"173,800.00"
2020-03-04,2020030401028281,DDBL,13,29,50,869.00,"43,450.00"
2020-03-04,2020030401028344,EBL,44,16,80,768.00,"61,440.00"
2020-03-04,2020030401028597,EIC,37,19,50,411.00,"20,550.00"
2020-03-04,2020030401028491,EIC,39,19,50,411.00,"20,550.00"
2020-03-04,2020030401028287,EIC,32,58,20,410.00,"8,200.00"
2020-03-04,2020030401028630,FMDBL,35,14,100,503.00,"50,300.00"
2020-03-04,2020030401028518,GBBL,58,26,596,241.00,"143,636.00"
2020-03-04,2020030401028517,GBBL,4,26,294,241.00,"70,854.00"
2020-03-04,2020030401028365,GBBL,4,4,706,241.00,"170,146.00"
2020-03-04,2020030401028285,GBBL,38,4,100,241.00,"24,100.00"
2020-03-04,2020030401028243,GBBL,57,28,550,240.00,"132,000.00"
2020-03-04,2020030401028680,GBIME,38,54,50,289.00,"14,450.00"
2020-03-04,2020030401028674,GBIME,52,48,195,288.00,"56,160.00"
2020-03-04,2020030401028673,GBIME,49,48,17,288.00,"4,896.00"
2020-03-04,2020030401028618,GBIME,45,54,210,289.00,"60,690.00"
2020-03-04,2020030401028592,GBIME,41,54,40,289.00,"11,560.00"
2020-03-04,2020030401028546,GBIME,59,54,"2,500",289.00,"722,500.00"
2020-03-04,2020030401028545,GBIME,59,59,500,289.00,"144,500.00"
2020-03-04,2020030401028392,GBIME,6,54,200,289.00,"57,800.00"
2020-03-04,2020030401028323,GBIME,49,21,55,288.00,"15,840.00"
2020-03-04,2020030401028629,GBLBS,44,34,15,487.00,"7,305.00"
2020-03-04,2020030401028619,GBLBS,57,49,100,488.00,"48,800.00"
2020-03-04,2020030401028548,GBLBS,44,34,15,487.00,"7,305.00"
2020-03-04,2020030401028470,GBLBS,44,34,15,487.00,"7,305.00"
2020-03-04,2020030401028399,GBLBS,42,49,50,488.00,"24,400.00"
2020-03-04,2020030401028380,GBLBS,6,49,65,488.00,"31,720.00"
2020-03-04,2020030401028379,GBLBS,34,49,385,488.00,"187,880.00"
2020-03-04,2020030401028286,GBLBS,34,36,115,488.00,"56,120.00"
2020-03-04,2020030401028643,GFCL,1,36,500,157.00,"78,500.00"
2020-03-04,2020030401028258,GFCL,21,22,352,158.00,"55,616.00"
2020-03-04,2020030401028726,GLICL,54,46,50,841.00,"42,050.00"
2020-03-04,2020030401028697,GLICL,6,52,20,842.00,"16,840.00"
2020-03-04,2020030401028675,GLICL,54,52,180,841.00,"151,380.00"
2020-03-04,2020030401028660,GLICL,38,47,200,840.00,"168,000.00"
2020-03-04,2020030401028613,GLICL,54,47,100,840.00,"84,000.00"
2020-03-04,2020030401028596,GLICL,43,52,50,841.00,"42,050.00"
2020-03-04,2020030401028240,GLICL,32,29,50,840.00,"42,000.00"
2020-03-04,2020030401028295,GLICL,48,25,71,837.00,"59,427.00"
2020-03-04,2020030401028294,GLICL,45,25,50,838.00,"41,900.00"
2020-03-04,2020030401028293,GLICL,19,25,20,838.00,"16,760.00"
2020-03-04,2020030401028268,GLICL,6,29,10,840.00,"8,400.00"
2020-03-04,2020030401028266,GLICL,38,29,100,840.00,"84,000.00"
2020-03-04,2020030401028265,GLICL,38,46,400,840.00,"336,000.00"
2020-03-04,2020030401028328,GLICL,57,29,100,840.00,"84,000.00"
2020-03-04,2020030401028300,GLICL,57,25,179,836.00,"149,644.00"
2020-03-04,2020030401028299,GLICL,39,25,50,836.00,"41,800.00"
2020-03-04,2020030401028298,GLICL,14,25,20,837.00,"16,740.00"
2020-03-04,2020030401028297,GLICL,19,25,10,837.00,"8,370.00"
2020-03-04,2020030401028296,GLICL,14,25,100,837.00,"83,700.00"
2020-03-04,2020030401028390,GLICL,45,43,10,840.00,"8,400.00"
2020-03-04,2020030401028389,GLICL,45,29,13,840.00,"10,920.00"
2020-03-04,2020030401028372,GLICL,5,40,150,836.00,"125,400.00"
2020-03-04,2020030401028371,GLICL,57,40,21,836.00,"17,556.00"
2020-03-04,2020030401028370,GLICL,41,40,10,837.00,"8,370.00"
2020-03-04,2020030401028369,GLICL,14,40,10,838.00,"8,380.00"
2020-03-04,2020030401028406,GLICL,39,33,100,835.00,"83,500.00"
2020-03-04,2020030401028405,GLICL,57,33,100,835.00,"83,500.00"
2020-03-04,2020030401028404,GLICL,57,33,50,835.00,"41,750.00"
2020-03-04,2020030401028403,GLICL,32,33,20,836.00,"16,720.00"
2020-03-04,2020030401028402,GLICL,45,33,50,836.00,"41,800.00"
2020-03-04,2020030401028391,GLICL,45,26,200,840.00,"168,000.00"
2020-03-04,2020030401028412,GLICL,44,33,35,835.00,"29,225.00"
2020-03-04,2020030401028411,GLICL,47,33,100,835.00,"83,500.00"
2020-03-04,2020030401028410,GLICL,47,33,100,835.00,"83,500.00"
2020-03-04,2020030401028409,GLICL,57,33,50,835.00,"41,750.00"
2020-03-04,2020030401028408,GLICL,35,33,30,835.00,"25,050.00"
2020-03-04,2020030401028407,GLICL,48,33,10,835.00,"8,350.00"
2020-03-04,2020030401028438,GLICL,52,33,50,834.00,"41,700.00"
2020-03-04,2020030401028434,GLICL,42,40,180,833.00,"149,940.00"
2020-03-04,2020030401028433,GLICL,49,40,20,833.00,"16,660.00"
2020-03-04,2020030401028415,GLICL,34,33,300,834.00,"250,200.00"
2020-03-04,2020030401028414,GLICL,44,33,50,835.00,"41,750.00"
2020-03-04,2020030401028413,GLICL,45,33,100,835.00,"83,500.00"
2020-03-04,2020030401028562,GLICL,29,52,270,841.00,"227,070.00"
2020-03-04,2020030401028561,GLICL,29,42,30,840.00,"25,200.00"
2020-03-04,2020030401028530,GLICL,29,57,200,840.00,"168,000.00"
2020-03-04,2020030401028492,GLICL,42,51,300,833.00,"249,900.00"
2020-03-04,2020030401028487,GLICL,42,43,50,833.00,"41,650.00"
2020-03-04,2020030401028469,GLICL,38,33,285,834.00,"237,690.00"
2020-03-04,2020030401028282,GMFBS,14,36,20,796.00,"15,920.00"
2020-03-04,2020030401028717,GMFIL,43,4,20,137.00,"2,740.00"
2020-03-04,2020030401028672,GUFL,45,21,200,128.00,"25,600.00"
2020-03-04,2020030401028574,HDL,4,51,100,"1,620.00","162,000.00"
2020-03-04,2020030401028573,HDL,40,51,100,"1,622.00","162,200.00"
2020-03-04,2020030401028520,HDL,53,51,90,"1,620.00","145,800.00"
2020-03-04,2020030401028512,HDL,35,25,100,"1,616.00","161,600.00"
2020-03-04,2020030401028511,HDL,17,25,50,"1,616.00","80,800.00"
2020-03-04,2020030401028510,HDL,53,25,100,"1,617.00","161,700.00"
2020-03-04,2020030401028314,HDL,45,48,20,"1,621.00","32,420.00"
2020-03-04,2020030401028313,HDL,53,48,50,"1,621.00","81,050.00"
2020-03-04,2020030401028312,HDL,6,48,50,"1,621.00","81,050.00"
2020-03-04,2020030401028262,HDL,6,47,50,"1,621.00","81,050.00"
2020-03-04,2020030401028418,HDL,38,45,145,"1,620.00","234,900.00"
2020-03-04,2020030401028319,HDL,38,48,55,"1,620.00","89,100.00"
2020-03-04,2020030401028318,HDL,57,48,20,"1,620.00","32,400.00"
2020-03-04,2020030401028317,HDL,41,48,200,"1,620.00","324,000.00"
2020-03-04,2020030401028316,HDL,17,48,100,"1,620.00","162,000.00"
2020-03-04,2020030401028315,HDL,54,48,500,"1,620.00","810,000.00"
2020-03-04,2020030401028509,HDL,4,25,100,"1,617.00","161,700.00"
2020-03-04,2020030401028508,HDL,53,25,100,"1,617.00","161,700.00"
2020-03-04,2020030401028507,HDL,1,25,50,"1,619.00","80,950.00"
2020-03-04,2020030401028421,HDL,43,45,95,"1,620.00","153,900.00"
2020-03-04,2020030401028420,HDL,4,45,900,"1,620.00","1,458,000.00"
2020-03-04,2020030401028419,HDL,57,45,60,"1,620.00","97,200.00"
2020-03-04,2020030401028343,HGI,16,6,127,400.00,"50,800.00"
2020-03-04,2020030401028342,HGI,38,6,200,401.00,"80,200.00"
2020-03-04,2020030401028341,HGI,47,6,200,401.00,"80,200.00"
2020-03-04,2020030401028340,HGI,19,6,300,402.00,"120,600.00"
2020-03-04,2020030401028339,HGI,16,6,20,402.00,"8,040.00"
2020-03-04,2020030401028338,HGI,16,6,20,402.00,"8,040.00"
2020-03-04,2020030401028337,HGI,16,6,20,402.00,"8,040.00"
2020-03-04,2020030401028336,HGI,1,6,100,402.00,"40,200.00"
2020-03-04,2020030401028335,HGI,34,6,13,402.00,"5,226.00"
2020-03-04,2020030401028367,HIDCL,29,55,300,138.00,"41,400.00"
2020-03-04,2020030401028679,ILBS,58,38,10,740.00,"7,400.00"
2020-03-04,2020030401028603,JBBL,57,14,"1,000",190.00,"190,000.00"
2020-03-04,2020030401028602,JBBL,53,14,"1,000",190.00,"190,000.00"
2020-03-04,2020030401028601,JBBL,28,14,"2,000",190.00,"380,000.00"
2020-03-04,2020030401028600,JBBL,35,14,"1,000",190.00,"190,000.00"
2020-03-04,2020030401028599,JBBL,32,14,600,191.00,"114,600.00"
2020-03-04,2020030401028310,JBBL,32,28,400,191.00,"76,400.00"
2020-03-04,2020030401028333,KBL,50,35,858,211.00,"181,038.00"
2020-03-04,2020030401028332,KBL,6,35,500,211.00,"105,500.00"
2020-03-04,2020030401028331,KBL,49,35,490,211.00,"103,390.00"
2020-03-04,2020030401028330,KBL,50,35,250,212.00,"53,000.00"
2020-03-04,2020030401028384,KMCDB,25,6,50,864.00,"43,200.00"
2020-03-04,2020030401028383,KMCDB,45,6,20,864.00,"17,280.00"
2020-03-04,2020030401028513,KPCL,22,45,10,106.00,"1,060.00"
2020-03-04,2020030401028427,KRBL,37,55,431,110.00,"47,410.00"
2020-03-04,2020030401028249,KRBL,57,35,969,111.00,"107,559.00"
2020-03-04,2020030401028248,KRBL,57,35,700,112.00,"78,400.00"
2020-03-04,2020030401028426,KRBL,52,55,69,111.00,"7,659.00"
2020-03-04,2020030401028251,KRBL,52,35,931,111.00,"103,341.00"
2020-03-04,2020030401028250,KRBL,57,35,"1,000",111.00,"111,000.00"
2020-03-04,2020030401028665,KSBBL,33,14,257,167.00,"42,919.00"
2020-03-04,2020030401028664,KSBBL,59,14,500,167.00,"83,500.00"
2020-03-04,2020030401028663,KSBBL,39,14,100,167.00,"16,700.00"
2020-03-04,2020030401028662,KSBBL,13,14,10,167.00,"1,670.00"
2020-03-04,2020030401028661,KSBBL,48,14,147,167.00,"24,549.00"
2020-03-04,2020030401028557,KSBBL,48,4,353,167.00,"58,951.00"
2020-03-04,2020030401028556,KSBBL,57,4,500,167.00,"83,500.00"
2020-03-04,2020030401028478,LBL,4,35,"1,100",233.00,"256,300.00"
2020-03-04,2020030401028493,LGIL,19,10,70,497.00,"34,790.00"
2020-03-04,2020030401028272,LGIL,32,51,700,496.00,"347,200.00"
2020-03-04,2020030401028271,LGIL,22,51,200,496.00,"99,200.00"
2020-03-04,2020030401028270,LGIL,33,51,500,497.00,"248,500.00"
2020-03-04,2020030401028269,LGIL,10,51,100,497.00,"49,700.00"
2020-03-04,2020030401028255,LICN,39,54,10,"1,519.00","15,190.00"
2020-03-04,2020030401028254,LICN,39,28,40,"1,518.00","60,720.00"
2020-03-04,2020030401028382,MBL,1,34,500,250.00,"125,000.00"
2020-03-04,2020030401028646,MEGA,43,33,10,235.00,"2,350.00"
2020-03-04,2020030401028577,MEGA,36,10,500,232.00,"116,000.00"
2020-03-04,2020030401028506,MEGA,43,33,10,235.00,"2,350.00"
2020-03-04,2020030401028445,MEGA,40,11,500,232.00,"116,000.00"
2020-03-04,2020030401028439,MEGA,43,33,10,235.00,"2,350.00"
2020-03-04,2020030401028321,MEGA,43,34,"1,000",234.00,"234,000.00"
2020-03-04,2020030401028462,MERO,34,58,10,656.00,"6,560.00"
2020-03-04,2020030401028432,MERO,34,45,14,645.00,"9,030.00"
2020-03-04,2020030401028305,MERO,17,35,38,640.00,"24,320.00"
2020-03-04,2020030401028242,MERO,25,4,47,635.00,"29,845.00"
2020-03-04,2020030401028241,MERO,4,4,53,635.00,"33,655.00"
2020-03-04,2020030401028628,MFIL,19,25,100,284.00,"28,400.00"
2020-03-04,2020030401028622,MFIL,19,10,10,283.00,"2,830.00"
2020-03-04,2020030401028472,MFIL,19,49,200,284.00,"56,800.00"
2020-03-04,2020030401028471,MFIL,19,7,100,284.00,"28,400.00"
2020-03-04,2020030401028354,MLBL,25,28,20,219.00,"4,380.00"
2020-03-04,2020030401028678,MNBBL,13,56,50,340.00,"17,000.00"
2020-03-04,2020030401028621,MNBBL,1,45,50,339.00,"16,950.00"
2020-03-04,2020030401028394,MNBBL,45,56,100,340.00,"34,000.00"
2020-03-04,2020030401028564,MSMBS,46,45,11,754.00,"8,294.00"
2020-03-04,2020030401028721,NABIL,49,58,400,845.00,"338,000.00"
2020-03-04,2020030401028718,NABIL,39,19,32,844.00,"27,008.00"
2020-03-04,2020030401028681,NABIL,35,58,100,846.00,"84,600.00"
2020-03-04,2020030401028537,NABIL,26,44,12,848.00,"10,176.00"
2020-03-04,2020030401028514,NABIL,48,50,154,844.00,"129,976.00"
2020-03-04,2020030401028458,NABIL,48,45,52,844.00,"43,888.00"
2020-03-04,2020030401028366,NABIL,48,47,25,844.00,"21,100.00"
2020-03-04,2020030401028327,NABIL,22,29,48,845.00,"40,560.00"
2020-03-04,2020030401028264,NABIL,22,16,100,843.00,"84,300.00"
2020-03-04,2020030401028263,NABIL,45,16,50,844.00,"42,200.00"
2020-03-04,2020030401028684,NADEP,34,56,13,692.00,"8,996.00"
2020-03-04,2020030401028683,NADEP,34,44,23,690.00,"15,870.00"
2020-03-04,2020030401028659,NADEP,34,13,23,680.00,"15,640.00"
2020-03-04,2020030401028658,NADEP,34,38,23,680.00,"15,640.00"
2020-03-04,2020030401028595,NADEP,34,20,103,668.00,"68,804.00"
2020-03-04,2020030401028381,NADEP,5,49,20,663.00,"13,260.00"
2020-03-04,2020030401028311,NADEP,21,36,50,650.00,"32,500.00"
2020-03-04,2020030401028283,NADEP,48,36,94,651.00,"61,194.00"
2020-03-04,2020030401028547,NBB,4,16,400,225.00,"90,000.00"
2020-03-04,2020030401028501,NBB,25,16,500,225.00,"112,500.00"
2020-03-04,2020030401028334,NBB,53,16,100,225.00,"22,500.00"
2020-03-04,2020030401028677,NBL,28,29,"1,909",286.00,"545,974.00"
2020-03-04,2020030401028651,NBL,1,29,50,287.00,"14,350.00"
2020-03-04,2020030401028576,NBL,45,29,500,287.00,"143,500.00"
2020-03-04,2020030401028575,NBL,52,29,541,287.00,"155,267.00"
2020-03-04,2020030401028393,NBL,52,21,119,287.00,"34,153.00"
2020-03-04,2020030401028689,NCCB,32,59,200,202.00,"40,400.00"
2020-03-04,2020030401028657,NCCB,32,46,58,202.00,"11,716.00"
2020-03-04,2020030401028656,NCCB,53,46,138,202.00,"27,876.00"
2020-03-04,2020030401028649,NCCB,37,21,38,203.00,"7,714.00"
2020-03-04,2020030401028476,NGPL,34,33,"1,000",117.00,"117,000.00"
2020-03-04,2020030401028475,NGPL,34,36,11,116.00,"1,276.00"
2020-03-04,2020030401028641,NIB,55,5,250,422.00,"105,500.00"
2020-03-04,2020030401028640,NIB,6,5,500,422.00,"211,000.00"
2020-03-04,2020030401028639,NIB,34,5,500,422.00,"211,000.00"
2020-03-04,2020030401028638,NIB,33,5,100,422.00,"42,200.00"
2020-03-04,2020030401028494,NIB,52,57,20,423.00,"8,460.00"
2020-03-04,2020030401028292,NIB,53,57,100,423.00,"42,300.00"
2020-03-04,2020030401028291,NIB,38,57,100,423.00,"42,300.00"
2020-03-04,2020030401028290,NIB,13,57,50,423.00,"21,150.00"
2020-03-04,2020030401028289,NIB,21,57,20,423.00,"8,460.00"
2020-03-04,2020030401028288,NIB,34,57,22,423.00,"9,306.00"
2020-03-04,2020030401028682,NICA,44,55,300,578.00,"173,400.00"
2020-03-04,2020030401028654,NICA,44,48,100,579.00,"57,900.00"
2020-03-04,2020030401028587,NICA,44,38,121,578.00,"69,938.00"
2020-03-04,2020030401028586,NICA,1,38,10,578.00,"5,780.00"
2020-03-04,2020030401028585,NICA,34,38,104,578.00,"60,112.00"
2020-03-04,2020030401028584,NICA,57,38,50,579.00,"28,950.00"
2020-03-04,2020030401028456,NICA,21,48,50,578.00,"28,900.00"
2020-03-04,2020030401028455,NICA,11,48,200,578.00,"115,600.00"
2020-03-04,2020030401028454,NICA,56,48,100,578.00,"57,800.00"
2020-03-04,2020030401028453,NICA,49,48,20,578.00,"11,560.00"
2020-03-04,2020030401028452,NICA,28,48,165,578.00,"95,370.00"
2020-03-04,2020030401028583,NICA,59,38,15,580.00,"8,700.00"
2020-03-04,2020030401028522,NICA,59,50,35,580.00,"20,300.00"
2020-03-04,2020030401028521,NICA,14,50,65,580.00,"37,700.00"
2020-03-04,2020030401028500,NICA,14,50,300,580.00,"174,000.00"
2020-03-04,2020030401028499,NICA,14,39,135,580.00,"78,300.00"
2020-03-04,2020030401028457,NICA,34,48,96,578.00,"55,488.00"
2020-03-04,2020030401028607,NICL,52,13,500,460.00,"230,000.00"
2020-03-04,2020030401028701,NIL,58,44,200,580.00,"116,000.00"
2020-03-04,2020030401028700,NIL,35,44,150,580.00,"87,000.00"
2020-03-04,2020030401028699,NIL,13,44,50,580.00,"29,000.00"
2020-03-04,2020030401028698,NIL,14,44,93,580.00,"53,940.00"
2020-03-04,2020030401028582,NIL,14,14,407,580.00,"236,060.00"
2020-03-04,2020030401028368,NIL,42,43,560,579.00,"324,240.00"
2020-03-04,2020030401028324,NIL,42,29,92,579.00,"53,268.00"
2020-03-04,2020030401028306,NIL,1,59,100,580.00,"58,000.00"
2020-03-04,2020030401028355,NLG,42,10,100,652.00,"65,200.00"
2020-03-04,2020030401028723,NLIC,45,29,100,"1,248.00","124,800.00"
2020-03-04,2020030401028722,NLIC,45,22,100,"1,248.00","124,800.00"
2020-03-04,2020030401028694,NLIC,6,14,100,"1,243.00","124,300.00"
2020-03-04,2020030401028693,NLIC,42,14,30,"1,243.00","37,290.00"
2020-03-04,2020030401028692,NLIC,41,14,100,"1,243.00","124,300.00"
2020-03-04,2020030401028691,NLIC,59,14,270,"1,243.00","335,610.00"
2020-03-04,2020030401028378,NLIC,20,20,1,"1,246.00","1,246.00"
2020-03-04,2020030401028278,NLIC,5,57,20,"1,245.00","24,900.00"
2020-03-04,2020030401028277,NLIC,5,51,50,"1,245.00","62,250.00"
2020-03-04,2020030401028239,NLIC,11,51,50,"1,245.00","62,250.00"
2020-03-04,2020030401028238,NLIC,43,44,57,"1,244.00","70,908.00"
2020-03-04,2020030401028484,NLIC,29,17,50,"1,245.00","62,250.00"
2020-03-04,2020030401028483,NLIC,56,17,100,"1,245.00","124,500.00"
2020-03-04,2020030401028482,NLIC,55,17,10,"1,245.00","12,450.00"
2020-03-04,2020030401028481,NLIC,38,17,50,"1,245.00","62,250.00"
2020-03-04,2020030401028480,NLIC,48,17,10,"1,245.00","12,450.00"
2020-03-04,2020030401028479,NLIC,5,17,130,"1,245.00","161,850.00"
2020-03-04,2020030401028652,NLIC,39,34,200,"1,247.00","249,400.00"
2020-03-04,2020030401028591,NLIC,59,22,230,"1,243.00","285,890.00"
2020-03-04,2020030401028590,NLIC,42,22,27,"1,244.00","33,588.00"
2020-03-04,2020030401028589,NLIC,43,22,43,"1,244.00","53,492.00"
2020-03-04,2020030401028555,NLIC,5,17,40,"1,245.00","49,800.00"
2020-03-04,2020030401028485,NLIC,6,17,10,"1,245.00","12,450.00"
2020-03-04,2020030401028593,NLICL,54,43,30,717.00,"21,510.00"
2020-03-04,2020030401028572,NLICL,54,57,10,717.00,"7,170.00"
2020-03-04,2020030401028474,NLICL,29,57,100,717.00,"71,700.00"
2020-03-04,2020030401028473,NLICL,51,57,100,717.00,"71,700.00"
2020-03-04,2020030401028416,NLICL,25,50,31,719.00,"22,289.00"
2020-03-04,2020030401028731,NMB,49,3,290,461.00,"133,690.00"
2020-03-04,2020030401028730,NMB,10,39,150,462.00,"69,300.00"
2020-03-04,2020030401028729,NMB,10,58,"1,150",462.00,"531,300.00"
2020-03-04,2020030401028608,NMB,49,50,200,461.00,"92,200.00"
2020-03-04,2020030401028606,NMB,49,20,300,461.00,"138,300.00"
2020-03-04,2020030401028594,NMB,14,58,850,462.00,"392,700.00"
2020-03-04,2020030401028275,NMB,17,35,10,461.00,"4,610.00"
2020-03-04,2020030401028588,NMB,14,46,150,462.00,"69,300.00"
2020-03-04,2020030401028532,NMB,10,58,436,462.00,"201,432.00"
2020-03-04,2020030401028515,NMB,49,16,500,461.00,"230,500.00"
2020-03-04,2020030401028468,NMB,51,58,"1,000",462.00,"462,000.00"
2020-03-04,2020030401028280,NMB,10,58,500,462.00,"231,000.00"
2020-03-04,2020030401028276,NMB,49,35,490,461.00,"225,890.00"
2020-03-04,2020030401028401,NMBMF,38,40,40,824.00,"32,960.00"
2020-03-04,2020030401028400,NMBMF,53,40,10,835.00,"8,350.00"
2020-03-04,2020030401028502,NUBL,6,5,467,975.00,"455,325.00"
2020-03-04,2020030401028422,OHL,10,16,12,456.00,"5,472.00"
2020-03-04,2020030401028687,PCBL,28,29,50,306.00,"15,300.00"
2020-03-04,2020030401028612,PCBL,35,17,50,304.00,"15,200.00"
2020-03-04,2020030401028531,PCBL,35,6,500,304.00,"152,000.00"
2020-03-04,2020030401028528,PCBL,35,52,332,304.00,"100,928.00"
2020-03-04,2020030401028527,PCBL,8,52,150,305.00,"45,750.00"
2020-03-04,2020030401028257,PCBL,35,4,100,304.00,"30,400.00"
2020-03-04,2020030401028647,PIC,34,17,20,607.00,"12,140.00"
2020-03-04,2020030401028543,PIC,34,45,11,607.00,"6,677.00"
2020-03-04,2020030401028571,PICL,41,10,19,475.00,"9,025.00"
2020-03-04,2020030401028570,PICL,37,10,50,476.00,"23,800.00"
2020-03-04,2020030401028362,PICL,11,58,50,480.00,"24,000.00"
2020-03-04,2020030401028361,PICL,11,58,100,481.00,"48,100.00"
2020-03-04,2020030401028360,PICL,34,58,10,481.00,"4,810.00"
2020-03-04,2020030401028670,PLIC,7,16,850,585.00,"497,250.00"
2020-03-04,2020030401028669,PLIC,57,16,100,586.00,"58,600.00"
2020-03-04,2020030401028668,PLIC,14,16,50,590.00,"29,500.00"
2020-03-04,2020030401028655,PLIC,14,22,450,590.00,"265,500.00"
2020-03-04,2020030401028444,PLIC,34,22,50,590.00,"29,500.00"
2020-03-04,2020030401028303,PLIC,7,55,91,585.00,"53,235.00"
2020-03-04,2020030401028245,PLIC,40,57,100,586.00,"58,600.00"
2020-03-04,2020030401028244,PLIC,49,57,100,586.00,"58,600.00"
2020-03-04,2020030401028666,PMHPL,39,45,10,84.00,840.00
2020-03-04,2020030401028558,PRIN,33,26,400,440.00,"176,000.00"
2020-03-04,2020030401028544,PRVU,37,21,150,257.00,"38,550.00"
2020-03-04,2020030401028533,PRVU,41,53,"3,480",256.00,"890,880.00"
2020-03-04,2020030401028467,PRVU,37,32,109,258.00,"28,122.00"
2020-03-04,2020030401028466,PRVU,37,14,500,258.00,"129,000.00"
2020-03-04,2020030401028465,PRVU,37,44,300,258.00,"77,400.00"
2020-03-04,2020030401028464,PRVU,37,45,91,258.00,"23,478.00"
2020-03-04,2020030401028235,PRVU,59,41,300,256.00,"76,800.00"
2020-03-04,2020030401028234,PRVU,41,41,30,256.00,"7,680.00"
2020-03-04,2020030401028233,PRVU,58,41,"1,000",256.00,"256,000.00"
2020-03-04,2020030401028232,PRVU,41,41,264,256.00,"67,584.00"
2020-03-04,2020030401028437,PRVU,41,48,310,256.00,"79,360.00"
2020-03-04,2020030401028436,PRVU,48,48,18,256.00,"4,608.00"
2020-03-04,2020030401028322,PRVU,48,25,100,256.00,"25,600.00"
2020-03-04,2020030401028237,PRVU,48,41,382,256.00,"97,792.00"
2020-03-04,2020030401028236,PRVU,17,41,"1,050",256.00,"268,800.00"
2020-03-04,2020030401028388,RBCLPO,39,32,30,"8,800.00","264,000.00"
2020-03-04,2020030401028302,RBCLPO,3,52,20,"8,805.00","176,100.00"
2020-03-04,2020030401028301,RBCLPO,53,52,10,"8,806.00","88,060.00"
2020-03-04,2020030401028267,RBCLPO,3,32,20,"8,930.00","178,600.00"
2020-03-04,2020030401028623,RHPL,25,36,90,161.00,"14,490.00"
2020-03-04,2020030401028417,RMDC,58,13,25,695.00,"17,375.00"
2020-03-04,2020030401028554,RSDC,36,16,14,502.00,"7,028.00"
2020-03-04,2020030401028553,RSDC,42,16,216,502.00,"108,432.00"
2020-03-04,2020030401028552,RSDC,13,16,100,503.00,"50,300.00"
2020-03-04,2020030401028551,RSDC,26,16,50,503.00,"25,150.00"
2020-03-04,2020030401028550,RSDC,57,16,100,503.00,"50,300.00"
2020-03-04,2020030401028549,RSDC,44,16,20,503.00,"10,060.00"
2020-03-04,2020030401028429,SADBL,39,28,351,166.00,"58,266.00"
2020-03-04,2020030401028428,SADBL,14,28,49,166.00,"8,134.00"
2020-03-04,2020030401028309,SADBL,14,44,451,166.00,"74,866.00"
2020-03-04,2020030401028308,SADBL,51,44,"1,000",166.00,"166,000.00"
2020-03-04,2020030401028307,SADBL,13,44,10,166.00,"1,660.00"
2020-03-04,2020030401028725,SANIMA,21,33,573,370.00,"212,010.00"
2020-03-04,2020030401028724,SANIMA,21,32,427,370.00,"157,990.00"
2020-03-04,2020030401028644,SANIMA,6,32,100,370.00,"37,000.00"
2020-03-04,2020030401028498,SANIMA,35,21,"1,000",368.00,"368,000.00"
2020-03-04,2020030401028395,SANIMA,13,32,50,370.00,"18,500.00"
2020-03-04,2020030401028304,SANIMA,1,32,100,370.00,"37,000.00"
2020-03-04,2020030401028253,SANIMA,35,57,395,368.00,"145,360.00"
2020-03-04,2020030401028252,SANIMA,57,57,105,369.00,"38,745.00"
2020-03-04,2020030401028716,SBI,32,13,100,483.00,"48,300.00"
2020-03-04,2020030401028715,SBI,38,13,100,483.00,"48,300.00"
2020-03-04,2020030401028714,SBI,19,13,30,483.00,"14,490.00"
2020-03-04,2020030401028713,SBI,56,13,100,483.00,"48,300.00"
2020-03-04,2020030401028712,SBI,7,13,331,483.00,"159,873.00"
2020-03-04,2020030401028711,SBI,42,13,81,484.00,"39,204.00"
2020-03-04,2020030401028568,SBI,42,21,19,484.00,"9,196.00"
2020-03-04,2020030401028645,SBL,39,21,48,329.00,"15,792.00"
2020-03-04,2020030401028610,SBL,7,52,11,333.00,"3,663.00"
2020-03-04,2020030401028598,SBL,47,57,150,330.00,"49,500.00"
2020-03-04,2020030401028542,SBL,47,38,50,330.00,"16,500.00"
2020-03-04,2020030401028541,SBL,11,38,50,330.00,"16,500.00"
2020-03-04,2020030401028540,SBL,28,38,400,330.00,"132,000.00"
2020-03-04,2020030401028671,SCB,58,50,40,708.00,"28,320.00"
2020-03-04,2020030401028261,SCB,50,50,100,708.00,"70,800.00"
2020-03-04,2020030401028260,SCB,38,50,100,708.00,"70,800.00"
2020-03-04,2020030401028259,SCB,47,50,25,708.00,"17,700.00"
2020-03-04,2020030401028667,SHIVM,8,34,500,606.00,"303,000.00"
2020-03-04,2020030401028617,SHIVM,34,16,380,603.00,"229,140.00"
2020-03-04,2020030401028616,SHIVM,38,16,600,603.00,"361,800.00"
2020-03-04,2020030401028615,SHIVM,35,16,10,604.00,"6,040.00"
2020-03-04,2020030401028614,SHIVM,49,16,10,604.00,"6,040.00"
2020-03-04,2020030401028431,SHIVM,48,48,150,605.00,"90,750.00"
2020-03-04,2020030401028430,SHIVM,48,45,757,605.00,"457,985.00"
2020-03-04,2020030401028284,SHIVM,35,45,10,605.00,"6,050.00"
2020-03-04,2020030401028256,SHIVM,48,45,233,605.00,"140,965.00"
2020-03-04,2020030401028505,SHIVM,25,38,150,604.00,"90,600.00"
2020-03-04,2020030401028496,SHIVM,38,40,400,603.00,"241,200.00"
2020-03-04,2020030401028495,SHIVM,37,40,100,603.00,"60,300.00"
2020-03-04,2020030401028460,SHIVM,5,38,50,604.00,"30,200.00"
2020-03-04,2020030401028435,SHIVM,5,35,450,604.00,"271,800.00"
2020-03-04,2020030401028569,SICL,45,51,150,981.00,"147,150.00"
2020-03-04,2020030401028397,SICL,45,10,50,981.00,"49,050.00"
2020-03-04,2020030401028627,SIL,44,33,742,555.00,"411,810.00"
2020-03-04,2020030401028626,SIL,17,33,100,556.00,"55,600.00"
2020-03-04,2020030401028625,SIL,6,33,50,557.00,"27,850.00"
2020-03-04,2020030401028624,SIL,51,33,108,558.00,"60,264.00"
2020-03-04,2020030401028490,SJCL,52,36,405,153.00,"61,965.00"
2020-03-04,2020030401028489,SJCL,25,36,200,153.00,"30,600.00"
2020-03-04,2020030401028488,SJCL,49,36,345,153.00,"52,785.00"
2020-03-04,2020030401028688,SKBBL,5,36,15,"1,114.00","16,710.00"
2020-03-04,2020030401028504,SLBBL,34,6,10,868.00,"8,680.00"
2020-03-04,2020030401028503,SLBBL,34,6,20,865.00,"17,300.00"
2020-03-04,2020030401028463,SLBBL,58,35,325,861.00,"279,825.00"
2020-03-04,2020030401028320,SLBBL,53,6,30,865.00,"25,950.00"
2020-03-04,2020030401028387,SLBBL,58,35,314,861.00,"270,354.00"
2020-03-04,2020030401028386,SLBBL,55,35,50,861.00,"43,050.00"
2020-03-04,2020030401028385,SLBBL,47,35,36,862.00,"31,032.00"
2020-03-04,2020030401028358,SLBBL,47,13,464,862.00,"399,968.00"
2020-03-04,2020030401028357,SLBBL,44,13,50,863.00,"43,150.00"
2020-03-04,2020030401028353,SLBBL,44,49,100,863.00,"86,300.00"
2020-03-04,2020030401028443,SLBSL,38,49,10,839.00,"8,390.00"
2020-03-04,2020030401028442,SLBSL,38,17,10,839.00,"8,390.00"
2020-03-04,2020030401028441,SLBSL,38,49,10,835.00,"8,350.00"
2020-03-04,2020030401028440,SLBSL,38,17,120,830.00,"99,600.00"
2020-03-04,2020030401028696,SLICL,25,16,50,465.00,"23,250.00"
2020-03-04,2020030401028695,SLICL,47,16,20,465.00,"9,300.00"
2020-03-04,2020030401028635,SLICL,47,16,80,465.00,"37,200.00"
2020-03-04,2020030401028634,SLICL,18,16,"1,000",465.00,"465,000.00"
2020-03-04,2020030401028633,SLICL,40,16,100,465.00,"46,500.00"
2020-03-04,2020030401028632,SLICL,47,16,200,465.00,"93,000.00"
2020-03-04,2020030401028423,SLICL,29,51,20,467.00,"9,340.00"
2020-03-04,2020030401028274,SLICL,29,51,50,467.00,"23,350.00"
2020-03-04,2020030401028631,SLICL,36,16,20,465.00,"9,300.00"
2020-03-04,2020030401028581,SLICL,36,26,400,465.00,"186,000.00"
2020-03-04,2020030401028580,SLICL,44,26,300,465.00,"139,500.00"
2020-03-04,2020030401028579,SLICL,32,26,100,465.00,"46,500.00"
2020-03-04,2020030401028578,SLICL,17,26,200,466.00,"93,200.00"
2020-03-04,2020030401028451,SLICL,6,51,80,467.00,"37,360.00"
2020-03-04,2020030401028538,SMATA,42,49,100,720.00,"72,000.00"
2020-03-04,2020030401028398,SPARS,45,41,10,831.00,"8,310.00"
2020-03-04,2020030401028710,SRBL,50,41,116,257.00,"29,812.00"
2020-03-04,2020030401028709,SRBL,38,41,200,257.00,"51,400.00"
2020-03-04,2020030401028708,SRBL,59,41,200,258.00,"51,600.00"
2020-03-04,2020030401028707,SRBL,29,41,20,258.00,"5,160.00"
2020-03-04,2020030401028706,SRBL,52,41,179,258.00,"46,182.00"
2020-03-04,2020030401028705,SRBL,44,41,500,259.00,"129,500.00"
2020-03-04,2020030401028704,SRBL,4,41,65,259.00,"16,835.00"
2020-03-04,2020030401028703,SRBL,14,41,50,260.00,"13,000.00"
2020-03-04,2020030401028363,SRBL,4,22,115,259.00,"29,785.00"
2020-03-04,2020030401028604,STC,51,34,10,"2,692.00","26,920.00"
2020-03-04,2020030401028486,STC,51,43,20,"2,692.00","53,840.00"
2020-03-04,2020030401028477,STC,45,39,10,"2,658.00","26,580.00"
2020-03-04,2020030401028425,TRH,37,44,357,270.00,"96,390.00"
2020-03-04,2020030401028424,TRH,5,44,150,271.00,"40,650.00"
2020-03-04,2020030401028459,UIC,14,48,41,376.00,"15,416.00"
2020-03-04,2020030401028449,UIC,49,48,800,376.00,"300,800.00"
2020-03-04,2020030401028448,UIC,39,48,"1,300",376.00,"488,800.00"
2020-03-04,2020030401028447,UIC,28,48,359,376.00,"134,984.00"
2020-03-04,2020030401028446,UIC,35,48,500,377.00,"188,500.00"
2020-03-04,2020030401028563,UPPER,21,49,200,237.00,"47,400.00"
2020-03-04,2020030401028519,UPPER,7,34,40,236.00,"9,440.00"
2020-03-04,2020030401028648,VLBS,46,14,90,965.00,"86,850.00"
2020-03-04,2020030401028325,VLBS,46,54,71,970.00,"68,870.00"
2020-03-04,2020030401028565,VLBS,25,14,10,965.00,"9,650.00"
2020-03-04,2020030401028396,WOMI,38,34,100,"1,040.00","104,000.00"
2020-03-04,2020030401028221,ADBL,37,19,100,415.00,"41,500.00"
2020-03-04,2020030401028220,ADBL,37,38,245,415.00,"101,675.00"
2020-03-04,2020030401028219,ADBL,8,38,150,415.00,"62,250.00"
2020-03-04,2020030401028218,ADBL,29,38,200,415.00,"83,000.00"
2020-03-04,2020030401028217,ADBL,49,38,100,415.00,"41,500.00"
2020-03-04,2020030401028216,ADBL,29,38,28,415.00,"11,620.00"
2020-03-04,2020030401027921,ADBL,29,39,190,415.00,"78,850.00"
2020-03-04,2020030401027894,AKPL,34,58,985,127.00,"125,095.00"
2020-03-04,2020030401027893,AKPL,34,58,15,127.00,"1,905.00"
2020-03-04,2020030401027791,ALBSL,29,46,10,662.00,"6,620.00"
2020-03-04,2020030401027790,ALBSL,3,46,40,662.00,"26,480.00"
2020-03-04,2020030401027758,ALBSL,3,34,10,662.00,"6,620.00"
2020-03-04,2020030401028065,BFC,6,25,863,104.00,"89,752.00"
2020-03-04,2020030401028064,BFC,38,25,262,104.00,"27,248.00"
2020-03-04,2020030401028227,BPCL,13,34,200,365.00,"73,000.00"
2020-03-04,2020030401027852,BPCL,26,22,11,362.00,"3,982.00"
2020-03-04,2020030401027803,CBBL,52,59,48,"1,026.00","49,248.00"
2020-03-04,2020030401027909,CBBL,39,48,41,"1,026.00","42,066.00"
2020-03-04,2020030401027908,CBBL,39,26,35,"1,026.00","35,910.00"
2020-03-04,2020030401027955,CBL,6,48,327,151.00,"49,377.00"
2020-03-04,2020030401027927,CBL,28,14,500,150.00,"75,000.00"
2020-03-04,2020030401028152,CCBL,41,21,500,185.00,"92,500.00"
2020-03-04,2020030401028151,CCBL,35,21,"1,000",185.00,"185,000.00"
2020-03-04,2020030401028150,CCBL,49,21,500,186.00,"93,000.00"
2020-03-04,2020030401028100,CCBL,49,34,300,186.00,"55,800.00"
2020-03-04,2020030401027932,CCBL,49,4,200,186.00,"37,200.00"
2020-03-04,2020030401028086,CHCL,13,48,343,415.00,"142,345.00"
2020-03-04,2020030401027788,CHCL,35,49,58,410.00,"23,780.00"
2020-03-04,2020030401027770,CHCL,35,49,17,410.00,"6,970.00"
2020-03-04,2020030401027769,CHCL,55,49,33,410.00,"13,530.00"
2020-03-04,2020030401027869,CLBSL,47,50,80,"1,102.00","88,160.00"
2020-03-04,2020030401028054,CZBIL,36,40,50,206.00,"10,300.00"
2020-03-04,2020030401028211,DDBL,13,42,100,869.00,"86,900.00"
2020-03-04,2020030401027977,DDBL,13,41,50,869.00,"43,450.00"
2020-03-04,2020030401027976,DDBL,44,41,100,870.00,"87,000.00"
2020-03-04,2020030401027914,DDBL,1,29,20,874.00,"17,480.00"
2020-03-04,2020030401028160,EBL,11,16,180,767.00,"138,060.00"
2020-03-04,2020030401028159,EBL,45,16,20,767.00,"15,340.00"
2020-03-04,2020030401028041,EBL,45,58,210,767.00,"161,070.00"
2020-03-04,2020030401028040,EBL,17,58,500,768.00,"384,000.00"
2020-03-04,2020030401028039,EBL,34,58,10,774.00,"7,740.00"
2020-03-04,2020030401028205,EIC,28,58,330,410.00,"135,300.00"
2020-03-04,2020030401028085,EIC,28,28,670,410.00,"274,700.00"
2020-03-04,2020030401028084,EIC,28,28,330,410.00,"135,300.00"
2020-03-04,2020030401027815,EIC,28,22,50,410.00,"20,500.00"
2020-03-04,2020030401027807,EIC,28,41,200,410.00,"82,000.00"
2020-03-04,2020030401028046,FMDBL,36,14,50,503.00,"25,150.00"
2020-03-04,2020030401028045,FMDBL,36,49,50,503.00,"25,150.00"
2020-03-04,2020030401027765,FMDBL,13,49,50,503.00,"25,150.00"
2020-03-04,2020030401027764,FMDBL,13,47,50,503.00,"25,150.00"
2020-03-04,2020030401027837,FOWAD,34,1,70,"1,478.00","103,460.00"
2020-03-04,2020030401027836,FOWAD,34,26,30,"1,464.00","43,920.00"
2020-03-04,2020030401027814,FOWAD,37,26,100,"1,464.00","146,400.00"
2020-03-04,2020030401027809,FOWAD,49,26,20,"1,464.00","29,280.00"
2020-03-04,2020030401028171,GBBL,49,4,"1,000",241.00,"241,000.00"
2020-03-04,2020030401028170,GBBL,1,4,200,241.00,"48,200.00"
2020-03-04,2020030401028169,GBBL,4,4,"1,000",241.00,"241,000.00"
2020-03-04,2020030401028168,GBBL,33,4,100,241.00,"24,100.00"
2020-03-04,2020030401028167,GBBL,39,4,300,242.00,"72,600.00"
2020-03-04,2020030401028166,GBBL,48,4,80,243.00,"19,440.00"
2020-03-04,2020030401028165,GBBL,49,4,514,243.00,"124,902.00"
2020-03-04,2020030401028126,GBIME,6,16,480,288.00,"138,240.00"
2020-03-04,2020030401028096,GBIME,6,54,367,287.00,"105,329.00"
2020-03-04,2020030401028095,GBIME,36,54,200,287.00,"57,400.00"
2020-03-04,2020030401028094,GBIME,56,54,200,287.00,"57,400.00"
2020-03-04,2020030401028093,GBIME,19,54,233,287.00,"66,871.00"
2020-03-04,2020030401027959,GBIME,14,16,500,288.00,"144,000.00"
2020-03-04,2020030401027750,GBIME,38,49,38,289.00,"10,982.00"
2020-03-04,2020030401027749,GBIME,38,44,27,288.00,"7,776.00"
2020-03-04,2020030401027958,GBIME,14,16,520,288.00,"149,760.00"
2020-03-04,2020030401027872,GBIME,14,41,980,288.00,"282,240.00"
2020-03-04,2020030401027871,GBIME,41,41,100,288.00,"28,800.00"
2020-03-04,2020030401027870,GBIME,52,41,420,288.00,"120,960.00"
2020-03-04,2020030401027848,GBIME,52,57,180,288.00,"51,840.00"
2020-03-04,2020030401027847,GBIME,59,57,20,288.00,"5,760.00"
2020-03-04,2020030401027843,GBLBS,6,42,635,487.00,"309,245.00"
2020-03-04,2020030401027842,GBLBS,50,42,15,487.00,"7,305.00"
2020-03-04,2020030401027841,GBLBS,44,42,300,488.00,"146,400.00"
2020-03-04,2020030401027759,GBLBS,33,21,50,490.00,"24,500.00"
2020-03-04,2020030401028178,GLICL,14,29,20,840.00,"16,800.00"
2020-03-04,2020030401028144,GLICL,50,29,100,840.00,"84,000.00"
2020-03-04,2020030401028135,GLICL,5,29,15,840.00,"12,600.00"
2020-03-04,2020030401028134,GLICL,46,29,58,840.00,"48,720.00"
2020-03-04,2020030401028133,GLICL,46,38,50,840.00,"42,000.00"
2020-03-04,2020030401028129,GLICL,46,19,392,840.00,"329,280.00"
2020-03-04,2020030401027752,GLICL,17,38,200,844.00,"168,800.00"
2020-03-04,2020030401027832,GLICL,14,32,285,840.00,"239,400.00"
2020-03-04,2020030401027789,GLICL,14,57,15,840.00,"12,600.00"
2020-03-04,2020030401027780,GLICL,58,57,10,840.00,"8,400.00"
2020-03-04,2020030401027757,GLICL,19,57,100,840.00,"84,000.00"
2020-03-04,2020030401027756,GLICL,13,57,50,840.00,"42,000.00"
2020-03-04,2020030401027753,GLICL,17,13,50,844.00,"42,200.00"
2020-03-04,2020030401027918,GLICL,44,38,200,839.00,"167,800.00"
2020-03-04,2020030401027877,GLICL,44,32,200,839.00,"167,800.00"
2020-03-04,2020030401027876,GLICL,6,32,250,840.00,"210,000.00"
2020-03-04,2020030401027875,GLICL,6,32,50,844.00,"42,200.00"
2020-03-04,2020030401027856,GLICL,38,13,150,844.00,"126,600.00"
2020-03-04,2020030401027833,GLICL,44,32,215,839.00,"180,385.00"
2020-03-04,2020030401028012,GLICL,44,14,85,839.00,"71,315.00"
2020-03-04,2020030401027983,GLICL,44,38,300,839.00,"251,700.00"
2020-03-04,2020030401027975,GLICL,57,32,91,840.00,"76,440.00"
2020-03-04,2020030401027974,GLICL,5,32,50,840.00,"42,000.00"
2020-03-04,2020030401027945,GLICL,34,38,300,840.00,"252,000.00"
2020-03-04,2020030401027924,GLICL,34,41,200,840.00,"168,000.00"
2020-03-04,2020030401028018,GLICL,22,14,154,838.00,"129,052.00"
2020-03-04,2020030401028017,GLICL,52,14,200,839.00,"167,800.00"
2020-03-04,2020030401028016,GLICL,19,14,100,839.00,"83,900.00"
2020-03-04,2020030401028015,GLICL,38,14,50,839.00,"41,950.00"
2020-03-04,2020030401028014,GLICL,41,14,10,839.00,"8,390.00"
2020-03-04,2020030401028013,GLICL,52,14,45,839.00,"37,755.00"
2020-03-04,2020030401028024,GLICL,43,14,10,837.00,"8,370.00"
2020-03-04,2020030401028023,GLICL,32,14,20,838.00,"16,760.00"
2020-03-04,2020030401028022,GLICL,47,14,100,838.00,"83,800.00"
2020-03-04,2020030401028021,GLICL,34,14,200,838.00,"167,600.00"
2020-03-04,2020030401028020,GLICL,52,14,50,838.00,"41,900.00"
2020-03-04,2020030401028019,GLICL,26,14,150,838.00,"125,700.00"
2020-03-04,2020030401028128,GLICL,39,19,108,840.00,"90,720.00"
2020-03-04,2020030401028122,GLICL,10,40,50,842.00,"42,100.00"
2020-03-04,2020030401028121,GLICL,10,17,50,841.00,"42,050.00"
2020-03-04,2020030401028037,GLICL,38,57,200,840.00,"168,000.00"
2020-03-04,2020030401028036,GLICL,48,38,103,837.00,"86,211.00"
2020-03-04,2020030401028025,GLICL,48,14,326,837.00,"272,862.00"
2020-03-04,2020030401028172,GMFBS,56,19,10,796.00,"7,960.00"
2020-03-04,2020030401027754,GMFBS,34,19,90,796.00,"71,640.00"
2020-03-04,2020030401028198,GMFIL,59,55,324,136.00,"44,064.00"
2020-03-04,2020030401027917,GMFIL,59,51,180,136.00,"24,480.00"
2020-03-04,2020030401027762,HBL,4,34,"1,532",610.00,"934,520.00"
2020-03-04,2020030401027896,HDL,53,14,100,"1,627.00","162,700.00"
2020-03-04,2020030401028191,HGI,34,47,487,402.00,"195,774.00"
2020-03-04,2020030401028190,HGI,17,47,200,402.00,"80,400.00"
2020-03-04,2020030401028189,HGI,39,47,133,404.00,"53,732.00"
2020-03-04,2020030401028188,HGI,34,47,100,404.00,"40,400.00"
2020-03-04,2020030401028187,HGI,57,47,40,404.00,"16,160.00"
2020-03-04,2020030401028186,HGI,55,47,40,406.00,"16,240.00"
2020-03-04,2020030401028177,HGI,55,36,10,406.00,"4,060.00"
2020-03-04,2020030401028109,HGI,33,36,100,406.00,"40,600.00"
2020-03-04,2020030401028108,HGI,43,36,90,406.00,"36,540.00"
2020-03-04,2020030401028149,HIDCL,29,50,141,138.00,"19,458.00"
2020-03-04,2020030401028130,HURJA,56,17,20,102.00,"2,040.00"
2020-03-04,2020030401027939,HURJA,56,1,19,102.00,"1,938.00"
2020-03-04,2020030401027951,ICFC,28,1,510,189.00,"96,390.00"
2020-03-04,2020030401027923,ICFC,37,14,120,190.00,"22,800.00"
2020-03-04,2020030401027922,ICFC,45,14,500,190.00,"95,000.00"
2020-03-04,2020030401028047,IGI,10,14,200,436.00,"87,200.00"
2020-03-04,2020030401028058,KBL,49,10,510,211.00,"107,610.00"
2020-03-04,2020030401028057,KBL,1,10,100,211.00,"21,100.00"
2020-03-04,2020030401028056,KBL,34,10,197,211.00,"41,567.00"
2020-03-04,2020030401028055,KBL,43,10,200,212.00,"42,400.00"
2020-03-04,2020030401028009,KBL,22,3,500,213.00,"106,500.00"
2020-03-04,2020030401027969,KBL,39,3,71,213.00,"15,123.00"
2020-03-04,2020030401027968,KBL,39,51,19,213.00,"4,047.00"
2020-03-04,2020030401027844,KBL,39,51,90,213.00,"19,170.00"
2020-03-04,2020030401027895,KMCDB,45,7,10,864.00,"8,640.00"
2020-03-04,2020030401027740,KMCDB,7,39,66,868.00,"57,288.00"
2020-03-04,2020030401028207,KMCDB,45,25,10,864.00,"8,640.00"
2020-03-04,2020030401028174,KMCDB,45,51,10,864.00,"8,640.00"
2020-03-04,2020030401028127,KMCDB,7,28,484,865.00,"418,660.00"
2020-03-04,2020030401028089,KMCDB,7,28,50,865.00,"43,250.00"
2020-03-04,2020030401028061,KMCDB,7,28,20,865.00,"17,300.00"
2020-03-04,2020030401027962,KMCDB,7,57,10,865.00,"8,650.00"
2020-03-04,2020030401028203,KSBBL,57,17,"1,000",167.00,"167,000.00"
2020-03-04,2020030401028148,KSBBL,57,1,500,167.00,"83,500.00"
2020-03-04,2020030401028147,KSBBL,54,1,500,167.00,"83,500.00"
2020-03-04,2020030401028176,LBL,4,44,"1,000",233.00,"233,000.00"
2020-03-04,2020030401027973,LBL,34,34,234,234.00,"54,756.00"
2020-03-04,2020030401027834,LBL,4,48,20,233.00,"4,660.00"
2020-03-04,2020030401027866,LGIL,44,41,199,496.00,"98,704.00"
2020-03-04,2020030401027865,LGIL,6,41,70,498.00,"34,860.00"
2020-03-04,2020030401027733,LGIL,6,52,30,498.00,"14,940.00"
2020-03-04,2020030401027824,LICN,34,28,60,"1,518.00","91,080.00"
2020-03-04,2020030401027823,LICN,34,1,40,"1,515.00","60,600.00"
2020-03-04,2020030401028158,LLBS,36,34,15,"1,018.00","15,270.00"
2020-03-04,2020030401028224,MDB,43,45,100,452.00,"45,200.00"
2020-03-04,2020030401028223,MEGA,36,33,750,232.00,"174,000.00"
2020-03-04,2020030401028222,MEGA,36,29,250,232.00,"58,000.00"
2020-03-04,2020030401028044,MEGA,21,29,100,232.00,"23,200.00"
2020-03-04,2020030401028043,MEGA,37,29,200,232.00,"46,400.00"
2020-03-04,2020030401028042,MEGA,42,29,450,232.00,"104,400.00"
2020-03-04,2020030401027732,MEGA,25,1,100,233.00,"23,300.00"
2020-03-04,2020030401028199,MERO,34,35,14,640.00,"8,960.00"
2020-03-04,2020030401028146,MERO,4,16,147,635.00,"93,345.00"
2020-03-04,2020030401028145,MERO,22,16,200,636.00,"127,200.00"
2020-03-04,2020030401027787,MERO,45,41,200,633.00,"126,600.00"
2020-03-04,2020030401027742,MERO,45,54,20,633.00,"12,660.00"
2020-03-04,2020030401027755,MFIL,45,57,100,284.00,"28,400.00"
2020-03-04,2020030401027933,MLBL,21,26,32,219.00,"7,008.00"
2020-03-04,2020030401028116,MNBBL,44,16,117,338.00,"39,546.00"
2020-03-04,2020030401028115,MNBBL,21,16,400,338.00,"135,200.00"
2020-03-04,2020030401028114,MNBBL,22,16,20,339.00,"6,780.00"
2020-03-04,2020030401028113,MNBBL,41,16,75,339.00,"25,425.00"
2020-03-04,2020030401028112,MNBBL,14,16,50,339.00,"16,950.00"
2020-03-04,2020030401028111,MNBBL,35,16,300,339.00,"101,700.00"
2020-03-04,2020030401028110,MNBBL,54,16,38,339.00,"12,882.00"
2020-03-04,2020030401028099,MNBBL,54,35,112,339.00,"37,968.00"
2020-03-04,2020030401028098,MNBBL,48,35,300,339.00,"101,700.00"
2020-03-04,2020030401028097,MNBBL,11,35,88,339.00,"29,832.00"
2020-03-04,2020030401027751,MNBBL,11,28,412,339.00,"139,668.00"
2020-03-04,2020030401028120,NABIL,6,34,494,849.00,"419,406.00"
2020-03-04,2020030401028119,NABIL,6,1,190,848.00,"161,120.00"
2020-03-04,2020030401028118,NABIL,6,34,164,848.00,"139,072.00"
2020-03-04,2020030401028117,NABIL,6,50,67,845.00,"56,615.00"
2020-03-04,2020030401028035,NABIL,22,43,50,843.00,"42,150.00"
2020-03-04,2020030401028010,NABIL,6,50,50,845.00,"42,250.00"
2020-03-04,2020030401027885,NABIL,47,47,50,844.00,"42,200.00"
2020-03-04,2020030401027805,NABIL,22,17,38,843.00,"32,034.00"
2020-03-04,2020030401027804,NABIL,11,17,62,845.00,"52,390.00"
2020-03-04,2020030401027771,NABIL,11,13,20,845.00,"16,900.00"
2020-03-04,2020030401027964,NADEP,48,36,50,651.00,"32,550.00"
2020-03-04,2020030401028157,NBB,33,33,10,227.00,"2,270.00"
2020-03-04,2020030401027851,NBB,25,47,"1,500",224.00,"336,000.00"
2020-03-04,2020030401027816,NBB,47,47,200,225.00,"45,000.00"
2020-03-04,2020030401027763,NBB,10,21,100,225.00,"22,500.00"
2020-03-04,2020030401027850,NBB,45,47,500,225.00,"112,500.00"
2020-03-04,2020030401027822,NBB,34,14,65,226.00,"14,690.00"
2020-03-04,2020030401027821,NBB,34,41,250,226.00,"56,500.00"
2020-03-04,2020030401027819,NBB,25,47,300,224.00,"67,200.00"
2020-03-04,2020030401027818,NBB,48,47,"1,000",224.00,"224,000.00"
2020-03-04,2020030401027817,NBB,26,47,500,224.00,"112,000.00"
2020-03-04,2020030401027813,NBF2,55,39,"3,000",8.98,"26,940.00"
2020-03-04,2020030401027812,NBF2,26,39,"5,000",8.98,"44,900.00"
2020-03-04,2020030401027811,NBF2,41,39,"5,000",9.00,"45,000.00"
2020-03-04,2020030401027810,NBF2,56,39,"2,500",9.02,"22,550.00"
2020-03-04,2020030401028143,NBL,10,59,100,288.00,"28,800.00"
2020-03-04,2020030401028142,NBL,10,36,"1,000",288.00,"288,000.00"
2020-03-04,2020030401028141,NBL,10,26,100,288.00,"28,800.00"
2020-03-04,2020030401028140,NBL,10,21,200,288.00,"57,600.00"
2020-03-04,2020030401028124,NBL,52,44,90,287.00,"25,830.00"
2020-03-04,2020030401028027,NBL,52,39,200,287.00,"57,400.00"
2020-03-04,2020030401027967,NBL,52,45,50,287.00,"14,350.00"
2020-03-04,2020030401028201,NCCB,53,56,862,202.00,"174,124.00"
2020-03-04,2020030401028200,NCCB,57,56,140,202.00,"28,280.00"
2020-03-04,2020030401028088,NCCB,57,35,160,202.00,"32,320.00"
2020-03-04,2020030401027928,NCCB,56,21,10,203.00,"2,030.00"
2020-03-04,2020030401027913,NCCB,36,34,115,201.00,"23,115.00"
2020-03-04,2020030401027900,NCCB,6,33,60,202.00,"12,120.00"
2020-03-04,2020030401027899,NCCB,6,16,652,202.00,"131,704.00"
2020-03-04,2020030401028153,NHPC,14,57,141,58.00,"8,178.00"
2020-03-04,2020030401028125,NHPC,38,29,"1,000",59.00,"59,000.00"
2020-03-04,2020030401027929,NIB,14,8,322,424.00,"136,528.00"
2020-03-04,2020030401027855,NIB,14,45,50,424.00,"21,200.00"
2020-03-04,2020030401027916,NIBPO,11,56,50,360.00,"18,000.00"
2020-03-04,2020030401027779,NIBPO,34,32,200,359.00,"71,800.00"
2020-03-04,2020030401027778,NIBPO,39,32,"1,000",359.00,"359,000.00"
2020-03-04,2020030401028164,NICA,28,35,500,578.00,"289,000.00"
2020-03-04,2020030401028162,NICA,17,39,50,580.00,"29,000.00"
2020-03-04,2020030401028107,NICA,28,28,335,578.00,"193,630.00"
2020-03-04,2020030401028053,NICA,45,28,30,579.00,"17,370.00"
2020-03-04,2020030401028052,NICA,52,28,35,579.00,"20,265.00"
2020-03-04,2020030401028051,NICA,52,40,15,579.00,"8,685.00"
2020-03-04,2020030401028030,NICA,41,28,100,579.00,"57,900.00"
2020-03-04,2020030401028002,NICA,17,28,500,580.00,"290,000.00"
2020-03-04,2020030401027907,NICA,45,51,190,580.00,"110,200.00"
2020-03-04,2020030401027881,NICA,33,51,25,580.00,"14,500.00"
2020-03-04,2020030401027737,NICA,8,43,95,579.00,"55,005.00"
2020-03-04,2020030401028050,NICA,17,40,50,579.00,"28,950.00"
2020-03-04,2020030401028049,NICA,35,40,50,579.00,"28,950.00"
2020-03-04,2020030401028048,NICA,59,40,175,579.00,"101,325.00"
2020-03-04,2020030401028033,NICA,59,28,325,579.00,"188,175.00"
2020-03-04,2020030401028032,NICA,49,28,25,579.00,"14,475.00"
2020-03-04,2020030401028031,NICA,57,28,50,579.00,"28,950.00"
2020-03-04,2020030401028225,NICL,55,13,200,460.00,"92,000.00"
2020-03-04,2020030401028173,NICL,43,13,10,460.00,"4,600.00"
2020-03-04,2020030401028138,NICL,6,34,90,459.00,"41,310.00"
2020-03-04,2020030401028092,NICL,43,34,110,459.00,"50,490.00"
2020-03-04,2020030401028091,NICL,43,39,100,458.00,"45,800.00"
2020-03-04,2020030401028090,NICL,43,58,90,457.00,"41,130.00"
2020-03-04,2020030401027840,NICL,6,58,100,457.00,"45,700.00"
2020-03-04,2020030401028034,NICL,43,58,10,457.00,"4,570.00"
2020-03-04,2020030401027956,NICL,53,39,50,450.00,"22,500.00"
2020-03-04,2020030401027903,NICL,36,35,200,450.00,"90,000.00"
2020-03-04,2020030401027902,NICL,53,35,300,450.00,"135,000.00"
2020-03-04,2020030401027936,NIL,42,28,306,579.00,"177,174.00"
2020-03-04,2020030401027935,NIL,33,28,100,580.00,"58,000.00"
2020-03-04,2020030401027934,NIL,59,28,94,580.00,"54,520.00"
2020-03-04,2020030401027785,NIL,53,55,168,582.00,"97,776.00"
2020-03-04,2020030401028087,NLBBL,25,6,35,752.00,"26,320.00"
2020-03-04,2020030401027926,NLBBL,25,22,50,753.00,"37,650.00"
2020-03-04,2020030401027925,NLBBL,25,34,100,748.00,"74,800.00"
2020-03-04,2020030401027886,NLBBL,25,51,65,747.00,"48,555.00"
2020-03-04,2020030401027745,NLBBL,51,42,200,733.00,"146,600.00"
2020-03-04,2020030401027744,NLBBL,58,42,100,733.00,"73,300.00"
2020-03-04,2020030401027743,NLBBL,21,42,100,733.00,"73,300.00"
2020-03-04,2020030401028163,NLIC,20,20,"1,748","1,245.00","2,176,260.00"
2020-03-04,2020030401028137,NLIC,16,48,300,"1,244.00","373,200.00"
2020-03-04,2020030401028083,NLIC,16,28,300,"1,245.00","373,500.00"
2020-03-04,2020030401028082,NLIC,57,28,160,"1,245.00","199,200.00"
2020-03-04,2020030401028081,NLIC,36,28,500,"1,245.00","622,500.00"
2020-03-04,2020030401028080,NLIC,21,28,50,"1,245.00","62,250.00"
2020-03-04,2020030401027799,NLIC,58,22,10,"1,250.00","12,500.00"
2020-03-04,2020030401027947,NLIC,36,22,80,"1,250.00","100,000.00"
2020-03-04,2020030401027946,NLIC,20,20,"1,790","1,248.00","2,233,920.00"
2020-03-04,2020030401027940,NLIC,55,22,100,"1,250.00","125,000.00"
2020-03-04,2020030401027910,NLIC,49,22,10,"1,250.00","12,500.00"
2020-03-04,2020030401027831,NLIC,36,22,20,"1,250.00","25,000.00"
2020-03-04,2020030401027801,NLIC,53,22,80,"1,250.00","100,000.00"
2020-03-04,2020030401027986,NLIC,40,48,200,"1,247.00","249,400.00"
2020-03-04,2020030401027985,NLIC,6,48,50,"1,247.00","62,350.00"
2020-03-04,2020030401027984,NLIC,56,48,50,"1,247.00","62,350.00"
2020-03-04,2020030401027966,NLIC,10,40,40,"1,250.00","50,000.00"
2020-03-04,2020030401027965,NLIC,10,49,10,"1,250.00","12,500.00"
2020-03-04,2020030401027948,NLIC,36,49,20,"1,250.00","25,000.00"
2020-03-04,2020030401027992,NLIC,40,48,300,"1,246.00","373,800.00"
2020-03-04,2020030401027991,NLIC,16,48,300,"1,246.00","373,800.00"
2020-03-04,2020030401027990,NLIC,35,48,100,"1,246.00","124,600.00"
2020-03-04,2020030401027989,NLIC,25,48,10,"1,246.00","12,460.00"
2020-03-04,2020030401027988,NLIC,58,48,461,"1,246.00","574,406.00"
2020-03-04,2020030401027987,NLIC,41,48,100,"1,247.00","124,700.00"
2020-03-04,2020030401028067,NLIC,51,28,300,"1,245.00","373,500.00"
2020-03-04,2020030401028066,NLIC,56,28,37,"1,245.00","46,065.00"
2020-03-04,2020030401027996,NLIC,56,48,63,"1,245.00","78,435.00"
2020-03-04,2020030401027995,NLIC,49,48,30,"1,245.00","37,350.00"
2020-03-04,2020030401027994,NLIC,34,48,100,"1,245.00","124,500.00"
2020-03-04,2020030401027993,NLIC,32,48,20,"1,245.00","24,900.00"
2020-03-04,2020030401028073,NLIC,56,28,200,"1,245.00","249,000.00"
2020-03-04,2020030401028072,NLIC,28,28,200,"1,245.00","249,000.00"
2020-03-04,2020030401028071,NLIC,45,28,100,"1,245.00","124,500.00"
2020-03-04,2020030401028070,NLIC,56,28,100,"1,245.00","124,500.00"
2020-03-04,2020030401028069,NLIC,56,28,100,"1,245.00","124,500.00"
2020-03-04,2020030401028068,NLIC,51,28,200,"1,245.00","249,000.00"
2020-03-04,2020030401028079,NLIC,57,28,50,"1,245.00","62,250.00"
2020-03-04,2020030401028078,NLIC,55,28,200,"1,245.00","249,000.00"
2020-03-04,2020030401028077,NLIC,51,28,50,"1,245.00","62,250.00"
2020-03-04,2020030401028076,NLIC,14,28,10,"1,245.00","12,450.00"
2020-03-04,2020030401028075,NLIC,6,28,20,"1,245.00","24,900.00"
2020-03-04,2020030401028074,NLIC,47,28,100,"1,245.00","124,500.00"
2020-03-04,2020030401028001,NLICL,25,35,269,719.00,"193,411.00"
2020-03-04,2020030401028000,NLICL,47,35,125,720.00,"90,000.00"
2020-03-04,2020030401027999,NLICL,13,35,50,720.00,"36,000.00"
2020-03-04,2020030401027998,NLICL,55,35,56,720.00,"40,320.00"
2020-03-04,2020030401028228,NMB,17,58,50,462.00,"23,100.00"
2020-03-04,2020030401028175,NMB,42,58,14,462.00,"6,468.00"
2020-03-04,2020030401028123,NMB,42,4,36,462.00,"16,632.00"
2020-03-04,2020030401028038,NMB,52,25,100,463.00,"46,300.00"
2020-03-04,2020030401028008,NMB,33,42,241,460.00,"110,860.00"
2020-03-04,2020030401028007,NMB,14,42,20,460.00,"9,200.00"
2020-03-04,2020030401027867,NMB,45,42,500,460.00,"230,000.00"
2020-03-04,2020030401027784,NMB,45,7,95,460.00,"43,700.00"
2020-03-04,2020030401027783,NMB,46,7,50,460.00,"23,000.00"
2020-03-04,2020030401027782,NMB,49,7,35,460.00,"16,100.00"
2020-03-04,2020030401027781,NMB,43,7,20,461.00,"9,220.00"
2020-03-04,2020030401027942,NMB,17,46,10,461.00,"4,610.00"
2020-03-04,2020030401027941,NMB,52,46,120,462.00,"55,440.00"
2020-03-04,2020030401027938,NMB,52,49,100,462.00,"46,200.00"
2020-03-04,2020030401027931,NMB,22,49,100,462.00,"46,200.00"
2020-03-04,2020030401027919,NMB,33,21,50,461.00,"23,050.00"
2020-03-04,2020030401027915,NMB,39,49,200,462.00,"92,400.00"
2020-03-04,2020030401028006,NMB,52,42,200,460.00,"92,000.00"
2020-03-04,2020030401028005,NMB,47,42,500,460.00,"230,000.00"
2020-03-04,2020030401028004,NMB,17,42,200,460.00,"92,000.00"
2020-03-04,2020030401028003,NMB,28,42,339,460.00,"155,940.00"
2020-03-04,2020030401027944,NMB,28,46,"1,661",460.00,"764,060.00"
2020-03-04,2020030401027943,NMB,45,46,405,460.00,"186,300.00"
2020-03-04,2020030401027873,NMBMF,43,40,64,835.00,"53,440.00"
2020-03-04,2020030401027846,NMBMF,6,48,10,848.00,"8,480.00"
2020-03-04,2020030401027952,NTC,58,6,10,663.00,"6,630.00"
2020-03-04,2020030401027906,NTC,44,28,270,653.00,"176,310.00"
2020-03-04,2020030401027905,NTC,17,28,10,655.00,"6,550.00"
2020-03-04,2020030401027904,NTC,10,28,220,655.00,"144,100.00"
2020-03-04,2020030401027972,NUBL,6,52,33,975.00,"32,175.00"
2020-03-04,2020030401027971,NUBL,13,52,200,976.00,"195,200.00"
2020-03-04,2020030401027970,NUBL,14,52,17,977.00,"16,609.00"
2020-03-04,2020030401027930,NUBL,44,34,100,980.00,"98,000.00"
2020-03-04,2020030401027760,OHL,7,44,12,457.00,"5,484.00"
2020-03-04,2020030401027761,OHL,10,44,988,456.00,"450,528.00"
2020-03-04,2020030401027892,PCBL,11,36,500,305.00,"152,500.00"
2020-03-04,2020030401027806,PCBL,28,25,500,305.00,"152,500.00"
2020-03-04,2020030401027734,PCBL,14,40,300,306.00,"91,800.00"
2020-03-04,2020030401027937,PFL,1,39,171,160.00,"27,360.00"
2020-03-04,2020030401027828,PFL,13,32,100,162.00,"16,200.00"
2020-03-04,2020030401027827,PFL,13,59,829,162.00,"134,298.00"
2020-03-04,2020030401028029,PIC,32,22,11,605.00,"6,655.00"
2020-03-04,2020030401028060,PLIC,7,14,962,585.00,"562,770.00"
2020-03-04,2020030401028059,PLIC,22,14,38,585.00,"22,230.00"
2020-03-04,2020030401027830,PLIC,22,18,62,585.00,"36,270.00"
2020-03-04,2020030401027829,PLIC,39,18,50,585.00,"29,250.00"
2020-03-04,2020030401027748,PRIN,33,25,250,438.00,"109,500.00"
2020-03-04,2020030401027747,PRIN,33,25,100,438.00,"43,800.00"
2020-03-04,2020030401027746,PRIN,58,25,28,438.00,"12,264.00"
2020-03-04,2020030401028231,PRVU,49,41,455,257.00,"116,935.00"
2020-03-04,2020030401028209,PRVU,49,38,876,257.00,"225,132.00"
2020-03-04,2020030401028184,PRVU,49,34,669,257.00,"171,933.00"
2020-03-04,2020030401028156,PRVU,58,34,331,257.00,"85,067.00"
2020-03-04,2020030401028102,PRVU,58,48,526,257.00,"135,182.00"
2020-03-04,2020030401028063,PRVU,58,57,100,257.00,"25,700.00"
2020-03-04,2020030401027880,PRVU,58,39,260,257.00,"66,820.00"
2020-03-04,2020030401027878,PRVU,58,51,300,257.00,"77,100.00"
2020-03-04,2020030401027845,PRVU,58,19,263,257.00,"67,591.00"
2020-03-04,2020030401027794,PRVU,58,33,60,257.00,"15,420.00"
2020-03-04,2020030401027793,PRVU,58,13,160,257.00,"41,120.00"
2020-03-04,2020030401027741,RADHI,51,58,12,163.00,"1,956.00"
2020-03-04,2020030401028230,RBCL,32,58,20,"10,001.00","200,020.00"
2020-03-04,2020030401028197,RBCL,6,58,10,"10,001.00","100,010.00"
2020-03-04,2020030401028196,RBCL,47,58,10,"10,001.00","100,010.00"
2020-03-04,2020030401028195,RBCL,32,58,100,"10,002.00","1,000,200.00"
2020-03-04,2020030401028194,RBCL,1,58,10,"10,002.00","100,020.00"
2020-03-04,2020030401028193,RBCL,39,58,50,"10,010.00","500,500.00"
2020-03-04,2020030401028192,RBCL,3,58,20,"10,020.00","200,400.00"
2020-03-04,2020030401028202,RHPC,6,38,189,86.00,"16,254.00"
2020-03-04,2020030401028204,RHPL,25,17,10,161.00,"1,610.00"
2020-03-04,2020030401027796,RHPL,41,37,40,161.00,"6,440.00"
2020-03-04,2020030401027795,RHPL,41,37,40,161.00,"6,440.00"
2020-03-04,2020030401027786,RHPL,16,58,20,160.00,"3,200.00"
2020-03-04,2020030401027768,RHPL,16,36,50,160.00,"8,000.00"
2020-03-04,2020030401027838,RMDC,5,13,15,695.00,"10,425.00"
2020-03-04,2020030401027920,RSDC,54,11,10,508.00,"5,080.00"
2020-03-04,2020030401027879,RSDC,42,39,150,502.00,"75,300.00"
2020-03-04,2020030401027826,RSDC,42,50,53,502.00,"26,606.00"
2020-03-04,2020030401027825,RSDC,52,50,10,503.00,"5,030.00"
2020-03-04,2020030401027963,SABSL,59,50,11,795.00,"8,745.00"
2020-03-04,2020030401027835,SABSL,59,58,11,795.00,"8,745.00"
2020-03-04,2020030401028028,SADBL,47,1,"1,000",166.00,"166,000.00"
2020-03-04,2020030401027961,SADBL,33,44,200,167.00,"33,400.00"
2020-03-04,2020030401028229,SANIMA,57,36,395,369.00,"145,755.00"
2020-03-04,2020030401028210,SANIMA,29,36,100,369.00,"36,900.00"
2020-03-04,2020030401028185,SANIMA,48,36,505,369.00,"186,345.00"
2020-03-04,2020030401027898,SANIMA,35,41,165,368.00,"60,720.00"
2020-03-04,2020030401027874,SANIMA,35,42,550,368.00,"202,400.00"
2020-03-04,2020030401027802,SANIMA,35,48,500,368.00,"184,000.00"
2020-03-04,2020030401027792,SANIMA,38,16,20,369.00,"7,380.00"
2020-03-04,2020030401027897,SAPDBL,35,1,"1,000",143.00,"143,000.00"
2020-03-04,2020030401028139,SBL,47,47,100,331.00,"33,100.00"
2020-03-04,2020030401027884,SBL,28,7,"1,200",330.00,"396,000.00"
2020-03-04,2020030401027849,SBL,28,17,400,330.00,"132,000.00"
2020-03-04,2020030401027777,SBL,19,1,50,330.00,"16,500.00"
2020-03-04,2020030401027776,SBL,52,1,100,330.00,"33,000.00"
2020-03-04,2020030401027775,SBL,11,1,50,330.00,"16,500.00"
2020-03-04,2020030401027774,SBL,16,1,100,330.00,"33,000.00"
2020-03-04,2020030401027773,SBL,6,1,10,330.00,"3,300.00"
2020-03-04,2020030401027772,SBL,59,1,387,330.00,"127,710.00"
2020-03-04,2020030401028026,SCB,47,19,100,708.00,"70,800.00"
2020-03-04,2020030401027853,SCB,34,49,200,712.00,"142,400.00"
2020-03-04,2020030401028206,SHIVM,48,59,100,605.00,"60,500.00"
2020-03-04,2020030401028183,SHIVM,48,40,167,605.00,"101,035.00"
2020-03-04,2020030401028182,SHIVM,38,40,50,605.00,"30,250.00"
2020-03-04,2020030401028181,SHIVM,32,40,200,605.00,"121,000.00"
2020-03-04,2020030401028180,SHIVM,50,40,500,605.00,"302,500.00"
2020-03-04,2020030401028179,SHIVM,49,40,83,605.00,"50,215.00"
2020-03-04,2020030401027736,SHIVM,35,39,10,610.00,"6,100.00"
2020-03-04,2020030401027735,SHIVM,42,39,168,610.00,"102,480.00"
2020-03-04,2020030401027950,SHIVM,47,39,22,610.00,"13,420.00"
2020-03-04,2020030401027949,SHIVM,47,6,35,609.00,"21,315.00"
2020-03-04,2020030401028062,SHIVM,49,52,500,605.00,"302,500.00"
2020-03-04,2020030401027982,SHIVM,49,7,417,605.00,"252,285.00"
2020-03-04,2020030401027981,SHIVM,4,7,220,605.00,"133,100.00"
2020-03-04,2020030401027980,SHIVM,48,7,100,606.00,"60,600.00"
2020-03-04,2020030401027979,SHIVM,57,7,120,607.00,"72,840.00"
2020-03-04,2020030401027978,SHIVM,47,7,143,610.00,"87,230.00"
2020-03-04,2020030401027901,SICL,43,46,150,990.00,"148,500.00"
2020-03-04,2020030401027766,SICL,42,19,200,990.00,"198,000.00"
2020-03-04,2020030401027911,SJCL,49,58,20,153.00,"3,060.00"
2020-03-04,2020030401027808,SJCL,49,36,10,153.00,"1,530.00"
2020-03-04,2020030401027820,SKBBL,44,18,50,"1,100.00","55,000.00"
2020-03-04,2020030401027800,SKBBL,5,39,15,"1,115.00","16,725.00"
2020-03-04,2020030401028208,SLBSL,38,17,10,830.00,"8,300.00"
2020-03-04,2020030401028106,SLBSL,38,26,50,815.00,"40,750.00"
2020-03-04,2020030401028105,SLBSL,38,55,10,809.00,"8,090.00"
2020-03-04,2020030401028104,SLBSL,38,48,180,808.00,"145,440.00"
2020-03-04,2020030401028103,SLBSL,38,42,60,800.00,"48,000.00"
2020-03-04,2020030401027891,SLICL,54,57,199,465.00,"92,535.00"
2020-03-04,2020030401027890,SLICL,35,57,23,465.00,"10,695.00"
2020-03-04,2020030401027889,SLICL,6,57,300,466.00,"139,800.00"
2020-03-04,2020030401027888,SLICL,52,57,200,466.00,"93,200.00"
2020-03-04,2020030401027887,SLICL,41,57,78,466.00,"36,348.00"
2020-03-04,2020030401027839,SLICL,28,51,242,467.00,"113,014.00"
2020-03-04,2020030401027957,SMATA,42,50,50,720.00,"36,000.00"
2020-03-04,2020030401027767,SMATA,42,54,50,720.00,"36,000.00"
2020-03-04,2020030401027868,SPDL,32,36,15,101.00,"1,515.00"
2020-03-04,2020030401027798,SRBL,4,1,120,259.00,"31,080.00"
2020-03-04,2020030401027797,SRBL,28,1,900,259.00,"233,100.00"
2020-03-04,2020030401028226,STC,5,39,10,"2,658.00","26,580.00"
2020-03-04,2020030401028136,TMDBL,37,37,167,195.00,"32,565.00"
2020-03-04,2020030401027960,TMDBL,37,35,133,195.00,"25,935.00"
2020-03-04,2020030401028215,TRH,5,44,850,271.00,"230,350.00"
2020-03-04,2020030401028214,TRH,48,44,100,271.00,"27,100.00"
2020-03-04,2020030401028213,TRH,38,44,50,271.00,"13,550.00"
2020-03-04,2020030401028212,TRH,17,44,"1,000",271.00,"271,000.00"
2020-03-04,2020030401028011,UMHL,41,58,14,107.00,"1,498.00"
2020-03-04,2020030401027854,UMHL,41,1,40,107.00,"4,280.00"
2020-03-04,2020030401028101,UPCL,6,58,50,77.00,"3,850.00"
2020-03-04,2020030401028161,UPPER,38,58,50,235.00,"11,750.00"
2020-03-04,2020030401028132,UPPER,38,57,80,235.00,"18,800.00"
2020-03-04,2020030401028131,UPPER,45,57,90,235.00,"21,150.00"
2020-03-04,2020030401027997,UPPER,45,34,500,235.00,"117,500.00"
2020-03-04,2020030401027912,UPPER,45,36,40,235.00,"9,400.00"
2020-03-04,2020030401027859,UPPER,45,13,20,235.00,"4,700.00"
2020-03-04,2020030401027858,UPPER,45,13,50,235.00,"11,750.00"
2020-03-04,2020030401027857,UPPER,41,13,100,235.00,"23,500.00"
2020-03-04,2020030401027954,VLBS,17,34,93,970.00,"90,210.00"
2020-03-04,2020030401027953,VLBS,41,34,47,970.00,"45,590.00"
2020-03-04,2020030401027739,VLBS,34,5,3,971.00,"2,913.00"
2020-03-04,2020030401027738,VLBS,34,57,200,971.00,"194,200.00"
2020-03-04,2020030401028155,WOMI,38,26,480,"1,040.00","499,200.00"
2020-03-04,2020030401028154,WOMI,50,26,100,"1,040.00","104,000.00"
2020-03-04,2020030401027883,WOMI,43,41,20,"1,039.00","20,780.00"
2020-03-04,2020030401027882,WOMI,33,41,280,"1,039.00","290,920.00"
2020-03-04,2020030401027864,WOMI,33,10,160,"1,039.00","166,240.00"
2020-03-04,2020030401027863,WOMI,34,10,250,"1,040.00","260,000.00"
2020-03-04,2020030401027862,WOMI,6,10,50,"1,040.00","52,000.00"
2020-03-04,2020030401027861,WOMI,17,10,20,"1,040.00","20,800.00"
2020-03-04,2020030401027860,WOMI,18,10,20,"1,040.00","20,800.00"
2020-03-04,2020030401027731,ADBL,29,41,40,415.00,"16,600.00"
2020-03-04,2020030401027677,ADBL,29,4,100,415.00,"41,500.00"
2020-03-04,2020030401027610,ADBL,29,59,200,415.00,"83,000.00"
2020-03-04,2020030401027609,ADBL,29,59,271,415.00,"112,465.00"
2020-03-04,2020030401027608,ADBL,29,49,121,415.00,"50,215.00"
2020-03-04,2020030401027607,ADBL,29,38,50,414.00,"20,700.00"
2020-03-04,2020030401027390,ALBSL,22,39,11,661.00,"7,271.00"
2020-03-04,2020030401027359,ALBSL,47,39,11,660.00,"7,260.00"
2020-03-04,2020030401027330,ALBSL,45,5,10,670.00,"6,700.00"
2020-03-04,2020030401027310,ALBSL,37,39,11,664.00,"7,304.00"
2020-03-04,2020030401027715,ALICL,34,7,100,582.00,"58,200.00"
2020-03-04,2020030401027649,ALICL,36,57,54,576.00,"31,104.00"
2020-03-04,2020030401027634,ALICL,39,46,300,575.00,"172,500.00"
2020-03-04,2020030401027531,ALICL,44,57,200,576.00,"115,200.00"
2020-03-04,2020030401027365,ALICL,39,41,21,575.00,"12,075.00"
2020-03-04,2020030401027364,ALICL,39,41,479,575.00,"275,425.00"
2020-03-04,2020030401027300,ALICL,34,57,46,576.00,"26,496.00"
2020-03-04,2020030401027299,ALICL,34,50,794,576.00,"457,344.00"
2020-03-04,2020030401027280,ALICL,45,50,150,577.00,"86,550.00"
2020-03-04,2020030401027416,API,25,58,50,132.00,"6,600.00"
2020-03-04,2020030401027295,API,29,13,31,130.00,"4,030.00"
2020-03-04,2020030401027689,BOKL,34,56,856,245.00,"209,720.00"
2020-03-04,2020030401027688,BOKL,26,56,500,245.00,"122,500.00"
2020-03-04,2020030401027687,BOKL,21,56,300,245.00,"73,500.00"
2020-03-04,2020030401027686,BOKL,49,56,200,245.00,"49,000.00"
2020-03-04,2020030401027685,BOKL,32,56,500,245.00,"122,500.00"
2020-03-04,2020030401027684,BOKL,11,56,500,246.00,"123,000.00"
2020-03-04,2020030401027683,BOKL,42,56,144,246.00,"35,424.00"
2020-03-04,2020030401027653,CBBL,45,59,50,"1,026.00","51,300.00"
2020-03-04,2020030401027652,CBBL,44,59,12,"1,026.00","12,312.00"
2020-03-04,2020030401027328,CBBL,52,54,50,"1,026.00","51,300.00"
2020-03-04,2020030401027327,CBBL,43,54,20,"1,026.00","20,520.00"
2020-03-04,2020030401027326,CBBL,48,54,100,"1,029.00","102,900.00"
2020-03-04,2020030401027325,CBBL,13,54,200,"1,030.00","206,000.00"
2020-03-04,2020030401027324,CBBL,32,54,90,"1,030.00","92,700.00"
2020-03-04,2020030401027391,CBBL,44,54,88,"1,026.00","90,288.00"
2020-03-04,2020030401027329,CBBL,17,54,33,"1,026.00","33,858.00"
2020-03-04,2020030401027527,CBL,33,54,54,150.00,"8,100.00"
2020-03-04,2020030401027533,CCBL,48,33,500,186.00,"93,000.00"
2020-03-04,2020030401027532,CCBL,38,33,76,186.00,"14,136.00"
2020-03-04,2020030401027408,CCBL,38,43,83,186.00,"15,438.00"
2020-03-04,2020030401027315,CCBL,38,29,22,186.00,"4,092.00"
2020-03-04,2020030401027706,CHCL,55,49,42,410.00,"17,220.00"
2020-03-04,2020030401027647,CHCL,28,49,54,412.00,"22,248.00"
2020-03-04,2020030401027579,CHCL,28,56,46,412.00,"18,952.00"
2020-03-04,2020030401027540,CHCL,55,39,425,410.00,"174,250.00"
2020-03-04,2020030401027539,CHCL,55,39,500,410.00,"205,000.00"
2020-03-04,2020030401027538,CHCL,45,39,20,411.00,"8,220.00"
2020-03-04,2020030401027537,CHCL,3,39,55,411.00,"22,605.00"
2020-03-04,2020030401027314,CHL,25,48,10,99.00,990.00
2020-03-04,2020030401027696,CIT,14,49,31,"2,715.00","84,165.00"
2020-03-04,2020030401027695,CIT,14,43,49,"2,715.00","133,035.00"
2020-03-04,2020030401027657,CIT,26,25,23,"2,712.00","62,376.00"
2020-03-04,2020030401027575,CIT,26,52,25,"2,712.00","67,800.00"
2020-03-04,2020030401027469,CIT,26,16,50,"2,712.00","135,600.00"
2020-03-04,2020030401027468,CIT,5,16,20,"2,712.00","54,240.00"
2020-03-04,2020030401027467,CIT,19,16,30,"2,713.00","81,390.00"
2020-03-04,2020030401027466,CIT,8,16,20,"2,714.00","54,280.00"
2020-03-04,2020030401027350,CIT,21,43,10,"2,715.00","27,150.00"
2020-03-04,2020030401027255,CIT,11,43,10,"2,715.00","27,150.00"
2020-03-04,2020030401027472,CZBIL,36,36,77,206.00,"15,862.00"
2020-03-04,2020030401027471,CZBIL,34,36,45,206.00,"9,270.00"
2020-03-04,2020030401027419,DDBL,13,10,100,874.00,"87,400.00"
2020-03-04,2020030401027418,DDBL,13,49,240,874.00,"209,760.00"
2020-03-04,2020030401027417,DDBL,13,45,20,873.00,"17,460.00"
2020-03-04,2020030401027340,DDBL,13,34,30,870.00,"26,100.00"
2020-03-04,2020030401027251,DDBL,49,34,100,870.00,"87,000.00"
2020-03-04,2020030401027250,DDBL,48,34,200,870.00,"174,000.00"
2020-03-04,2020030401027249,DDBL,51,34,113,872.00,"98,536.00"
2020-03-04,2020030401027239,DDBL,51,39,30,872.00,"26,160.00"
2020-03-04,2020030401027570,EBL,34,58,190,774.00,"147,060.00"
2020-03-04,2020030401027395,EBL,28,32,"1,555",763.00,"1,186,465.00"
2020-03-04,2020030401027394,EBL,5,32,10,764.00,"7,640.00"
2020-03-04,2020030401027393,EBL,50,32,110,764.00,"84,040.00"
2020-03-04,2020030401027392,EBL,33,32,50,765.00,"38,250.00"
2020-03-04,2020030401027337,EBL,49,52,10,770.00,"7,700.00"
2020-03-04,2020030401027557,EIC,28,13,380,410.00,"155,800.00"
2020-03-04,2020030401027556,EIC,28,33,40,409.00,"16,360.00"
2020-03-04,2020030401027245,EIC,1,49,100,407.00,"40,700.00"
2020-03-04,2020030401027400,FMDBL,18,25,102,503.00,"51,306.00"
2020-03-04,2020030401027399,FMDBL,1,21,200,503.00,"100,600.00"
2020-03-04,2020030401027398,FMDBL,1,21,95,503.00,"47,785.00"
2020-03-04,2020030401027294,FMDBL,38,29,10,505.00,"5,050.00"
2020-03-04,2020030401027275,FMDBL,1,14,105,503.00,"52,815.00"
2020-03-04,2020030401027655,GBBL,49,26,80,243.00,"19,440.00"
2020-03-04,2020030401027421,GBBL,49,42,406,243.00,"98,658.00"
2020-03-04,2020030401027420,GBBL,39,42,84,245.00,"20,580.00"
2020-03-04,2020030401027357,GBBL,39,35,16,245.00,"3,920.00"
2020-03-04,2020030401027660,GBIME,19,13,20,287.00,"5,740.00"
2020-03-04,2020030401027654,GBIME,28,44,"3,700",288.00,"1,065,600.00"
2020-03-04,2020030401027573,GBIME,1,44,"1,000",288.00,"288,000.00"
2020-03-04,2020030401027572,GBIME,39,44,100,288.00,"28,800.00"
2020-03-04,2020030401027571,GBIME,11,44,173,288.00,"49,824.00"
2020-03-04,2020030401027585,GBLBS,39,21,40,490.00,"19,600.00"
2020-03-04,2020030401027584,GBLBS,39,36,15,490.00,"7,350.00"
2020-03-04,2020030401027583,GBLBS,39,43,200,490.00,"98,000.00"
2020-03-04,2020030401027316,GBLBS,55,21,35,488.00,"17,080.00"
2020-03-04,2020030401027288,GBLBS,55,58,15,488.00,"7,320.00"
2020-03-04,2020030401027258,GFCL,58,36,30,157.00,"4,710.00"
2020-03-04,2020030401027475,GGBSL,34,38,10,770.00,"7,700.00"
2020-03-04,2020030401027709,GLBSL,5,22,10,655.00,"6,550.00"
2020-03-04,2020030401027516,GLBSL,5,38,10,655.00,"6,550.00"
2020-03-04,2020030401027461,GLBSL,5,21,11,655.00,"7,205.00"
2020-03-04,2020030401027726,GLICL,49,44,10,843.00,"8,430.00"
