Date,Transact. No.,Symbol,Buyer,Seller,Quantity,Rate,Amount
2020-07-02,2020070201008057,ADBL,14,53,200,345.00,"69,000.00"
2020-07-02,2020070201008052,ADBL,13,53,50,345.00,"17,250.00"
2020-07-02,2020070201007995,ADBL,1,53,181,345.00,"62,445.00"
2020-07-02,2020070201007994,ADBL,1,59,100,345.00,"34,500.00"
2020-07-02,2020070201007968,ADBL,4,59,100,345.00,"34,500.00"
2020-07-02,2020070201008346,AKPL,1,38,350,113.00,"39,550.00"
2020-07-02,2020070201008342,AKPL,33,40,20,115.00,"2,300.00"
2020-07-02,2020070201008326,AKPL,41,40,30,115.00,"3,450.00"
2020-07-02,2020070201008345,ALBSL,41,46,11,566.00,"6,226.00"
2020-07-02,2020070201008341,ALBSL,41,11,11,566.00,"6,226.00"
2020-07-02,2020070201008226,ALBSL,41,46,11,566.00,"6,226.00"
2020-07-02,2020070201008323,ALICL,33,55,30,540.00,"16,200.00"
2020-07-02,2020070201008250,ALICL,34,55,10,540.00,"5,400.00"
2020-07-02,2020070201008316,BPCL,21,45,11,334.00,"3,674.00"
2020-07-02,2020070201008305,BPCL,21,19,293,334.00,"97,862.00"
2020-07-02,2020070201008304,BPCL,38,19,110,335.00,"36,850.00"
2020-07-02,2020070201008127,BPCL,13,49,250,340.00,"85,000.00"
2020-07-02,2020070201008118,BPCL,38,45,40,335.00,"13,400.00"
2020-07-02,2020070201007993,BPCL,21,19,11,334.00,"3,674.00"
2020-07-02,2020070201007992,BPCL,51,19,10,335.00,"3,350.00"
2020-07-02,2020070201008159,CBBL,35,53,20,940.00,"18,800.00"
2020-07-02,2020070201008103,CBBL,58,11,10,941.00,"9,410.00"
2020-07-02,2020070201007922,CBBL,57,32,10,950.00,"9,500.00"
2020-07-02,2020070201008142,CBL,11,16,100,129.00,"12,900.00"
2020-07-02,2020070201008231,CCBL,56,36,100,160.00,"16,000.00"
2020-07-02,2020070201008235,CHCL,57,59,10,358.00,"3,580.00"
2020-07-02,2020070201008206,CHCL,45,19,500,360.00,"180,000.00"
2020-07-02,2020070201008205,CHCL,16,19,590,361.00,"212,990.00"
2020-07-02,2020070201008202,CHCL,16,25,250,361.00,"90,250.00"
2020-07-02,2020070201008101,CHCL,16,1,160,361.00,"57,760.00"
2020-07-02,2020070201008100,CHCL,16,1,340,361.00,"122,740.00"
2020-07-02,2020070201007953,CHCL,16,5,130,361.00,"46,930.00"
2020-07-02,2020070201007952,CHCL,57,5,48,362.00,"17,376.00"
2020-07-02,2020070201008408,CIT,8,10,50,"2,350.00","117,500.00"
2020-07-02,2020070201008088,CIT,33,20,50,"2,340.00","117,000.00"
2020-07-02,2020070201008034,CIT,5,52,50,"2,337.00","116,850.00"
2020-07-02,2020070201008077,CZBIL,32,34,200,185.00,"37,000.00"
2020-07-02,2020070201008027,CZBIL,36,34,100,185.00,"18,500.00"
2020-07-02,2020070201008248,DDBL,35,48,50,791.00,"39,550.00"
2020-07-02,2020070201008222,DDBL,7,48,35,791.00,"27,685.00"
2020-07-02,2020070201008343,EBL,41,42,200,623.00,"124,600.00"
2020-07-02,2020070201008315,EBL,14,42,270,623.00,"168,210.00"
2020-07-02,2020070201008288,EBL,14,59,20,623.00,"12,460.00"
2020-07-02,2020070201008281,EBL,14,22,500,623.00,"311,500.00"
2020-07-02,2020070201008188,EBL,14,41,100,623.00,"62,300.00"
2020-07-02,2020070201008157,EBL,35,41,50,626.00,"31,300.00"
2020-07-02,2020070201007944,EIC,13,19,10,365.00,"3,650.00"
2020-07-02,2020070201007959,FMDBL,50,28,50,433.00,"21,650.00"
2020-07-02,2020070201007929,FMDBL,21,28,50,433.00,"21,650.00"
2020-07-02,2020070201007928,FMDBL,21,32,50,433.00,"21,650.00"
2020-07-02,2020070201007988,FOWAD,33,42,10,"1,400.00","14,000.00"
2020-07-02,2020070201008359,GBBL,54,47,20,210.00,"4,200.00"
2020-07-02,2020070201008363,GBIME,25,14,200,238.00,"47,600.00"
2020-07-02,2020070201008362,GBIME,45,14,138,238.00,"32,844.00"
2020-07-02,2020070201008314,GBIME,28,38,15,242.00,"3,630.00"
2020-07-02,2020070201008311,GBIME,7,5,313,239.00,"74,807.00"
2020-07-02,2020070201008271,GBIME,7,22,375,239.00,"89,625.00"
2020-07-02,2020070201008270,GBIME,52,22,100,240.00,"24,000.00"
2020-07-02,2020070201008269,GBIME,45,22,10,240.00,"2,400.00"
2020-07-02,2020070201008268,GBIME,33,22,15,240.00,"3,600.00"
2020-07-02,2020070201008203,GBIME,33,28,985,240.00,"236,400.00"
2020-07-02,2020070201008141,GBIME,7,41,512,239.00,"122,368.00"
2020-07-02,2020070201008136,GBIME,10,28,"1,000",240.00,"240,000.00"
2020-07-02,2020070201008147,GBLBS,38,58,400,422.00,"168,800.00"
2020-07-02,2020070201008085,GBLBS,16,16,"1,000",418.00,"418,000.00"
2020-07-02,2020070201008151,HDHPC,1,54,10,92.00,920.00
2020-07-02,2020070201008350,HDL,33,17,100,"1,424.00","142,400.00"
2020-07-02,2020070201008005,HDL,28,39,200,"1,418.00","283,600.00"
2020-07-02,2020070201008004,HDL,22,39,10,"1,418.00","14,180.00"
2020-07-02,2020070201008003,HDL,34,39,100,"1,418.00","141,800.00"
2020-07-02,2020070201008002,HDL,57,39,20,"1,418.00","28,360.00"
2020-07-02,2020070201008001,HDL,54,39,500,"1,418.00","709,000.00"
2020-07-02,2020070201008000,HDL,54,39,83,"1,418.00","117,694.00"
2020-07-02,2020070201007999,HDL,19,39,200,"1,419.00","283,800.00"
2020-07-02,2020070201007937,HDL,39,53,200,"1,420.00","284,000.00"
2020-07-02,2020070201008360,HGI,10,52,200,335.00,"67,000.00"
2020-07-02,2020070201007996,HGI,53,59,150,329.00,"49,350.00"
2020-07-02,2020070201008238,HIDCL,25,34,19,118.00,"2,242.00"
2020-07-02,2020070201007955,HIDCL,25,38,31,118.00,"3,658.00"
2020-07-02,2020070201008035,ICFC,49,35,43,163.00,"7,009.00"
2020-07-02,2020070201008302,ILBS,34,14,10,637.00,"6,370.00"
2020-07-02,2020070201008301,ILBS,49,14,10,637.00,"6,370.00"
2020-07-02,2020070201008068,JBBL,13,36,100,167.00,"16,700.00"
2020-07-02,2020070201008067,JBBL,58,36,10,167.00,"1,670.00"
2020-07-02,2020070201008293,JFL,22,38,10,162.00,"1,620.00"
2020-07-02,2020070201008283,JOSHI,58,35,20,55.00,"1,100.00"
2020-07-02,2020070201008282,JOSHI,58,46,20,55.00,"1,100.00"
2020-07-02,2020070201008242,KBL,36,49,61,176.00,"10,736.00"
2020-07-02,2020070201008241,KBL,34,49,"1,750",176.00,"308,000.00"
2020-07-02,2020070201008240,KBL,51,49,150,177.00,"26,550.00"
2020-07-02,2020070201008239,KBL,20,49,39,177.00,"6,903.00"
2020-07-02,2020070201008114,KBL,20,18,761,177.00,"134,697.00"
2020-07-02,2020070201008209,KPCL,22,39,10,104.00,"1,040.00"
2020-07-02,2020070201007938,KPCL,22,20,10,104.00,"1,040.00"
2020-07-02,2020070201008325,KSBBL,41,38,34,142.00,"4,828.00"
2020-07-02,2020070201008246,KSBBL,41,47,29,142.00,"4,118.00"
2020-07-02,2020070201008245,KSBBL,20,47,26,143.00,"3,718.00"
2020-07-02,2020070201007986,LBBL,50,50,200,171.00,"34,200.00"
2020-07-02,2020070201007985,LBBL,13,50,100,172.00,"17,200.00"
2020-07-02,2020070201007984,LBBL,21,50,100,172.00,"17,200.00"
2020-07-02,2020070201007983,LBBL,10,50,571,172.00,"98,212.00"
2020-07-02,2020070201007982,LBBL,34,50,30,173.00,"5,190.00"
2020-07-02,2020070201008167,LICN,34,19,10,"1,229.00","12,290.00"
2020-07-02,2020070201007976,LICN,16,48,225,"1,205.00","271,125.00"
2020-07-02,2020070201008019,MEGA,13,4,20,200.00,"4,000.00"
2020-07-02,2020070201007957,MEGA,17,4,50,200.00,"10,000.00"
2020-07-02,2020070201008257,MEGA,1,58,50,200.00,"10,000.00"
2020-07-02,2020070201008256,MEGA,1,4,18,200.00,"3,600.00"
2020-07-02,2020070201008243,MEGA,56,39,150,199.00,"29,850.00"
2020-07-02,2020070201008300,MLBL,32,47,46,183.00,"8,418.00"
2020-07-02,2020070201008280,MNBBL,34,48,100,291.00,"29,100.00"
2020-07-02,2020070201008234,MNBBL,22,48,100,291.00,"29,100.00"
2020-07-02,2020070201007963,MNBBL,22,48,50,291.00,"14,550.00"
2020-07-02,2020070201007962,MNBBL,34,48,10,293.00,"2,930.00"
2020-07-02,2020070201007961,MNBBL,42,48,20,295.00,"5,900.00"
2020-07-02,2020070201008400,NABIL,18,28,770,720.00,"554,400.00"
2020-07-02,2020070201008354,NABIL,44,28,10,720.00,"7,200.00"
2020-07-02,2020070201008328,NABIL,18,57,387,716.00,"277,092.00"
2020-07-02,2020070201008140,NABIL,34,57,10,716.00,"7,160.00"
2020-07-02,2020070201008031,NABIL,46,25,83,705.00,"58,515.00"
2020-07-02,2020070201008030,NABIL,58,25,30,705.00,"21,150.00"
2020-07-02,2020070201008029,NABIL,41,25,87,706.00,"61,422.00"
2020-07-02,2020070201008013,NABIL,49,51,10,716.00,"7,160.00"
2020-07-02,2020070201007998,NABIL,41,48,13,706.00,"9,178.00"
2020-07-02,2020070201007923,NABIL,44,51,10,716.00,"7,160.00"
2020-07-02,2020070201008358,NBL,19,7,"1,180",245.00,"289,100.00"
2020-07-02,2020070201008357,NBL,19,11,540,245.00,"132,300.00"
2020-07-02,2020070201008303,NBL,44,11,10,245.00,"2,450.00"
2020-07-02,2020070201008287,NBL,33,11,10,245.00,"2,450.00"
2020-07-02,2020070201008247,NBL,19,38,106,242.00,"25,652.00"
2020-07-02,2020070201008149,NBL,21,19,30,240.00,"7,200.00"
2020-07-02,2020070201008060,NBL,33,48,115,237.00,"27,255.00"
2020-07-02,2020070201008053,NBL,33,53,90,237.00,"21,330.00"
2020-07-02,2020070201007931,NBL,33,49,35,240.00,"8,400.00"
2020-07-02,2020070201007930,NBL,33,29,165,240.00,"39,600.00"
2020-07-02,2020070201008225,NCCB,33,28,200,178.00,"35,600.00"
2020-07-02,2020070201008160,NCCB,33,1,400,178.00,"71,200.00"
2020-07-02,2020070201008135,NCCB,33,41,25,178.00,"4,450.00"
2020-07-02,2020070201008006,NGPL,33,56,500,109.00,"54,500.00"
2020-07-02,2020070201007981,NGPL,22,14,67,107.00,"7,169.00"
2020-07-02,2020070201008327,NIB,38,44,57,441.00,"25,137.00"
2020-07-02,2020070201008317,NIB,38,52,41,441.00,"18,081.00"
2020-07-02,2020070201008299,NIB,38,3,33,441.00,"14,553.00"
2020-07-02,2020070201008298,NIB,38,5,100,441.00,"44,100.00"
2020-07-02,2020070201008297,NIB,38,14,29,440.00,"12,760.00"
2020-07-02,2020070201008291,NIB,48,14,971,440.00,"427,240.00"
2020-07-02,2020070201007941,NIB,42,25,20,442.00,"8,840.00"
2020-07-02,2020070201008275,NIB,48,25,29,440.00,"12,760.00"
2020-07-02,2020070201008274,NIB,10,25,27,440.00,"11,880.00"
2020-07-02,2020070201008216,NIB,38,14,500,441.00,"220,500.00"
2020-07-02,2020070201008132,NIB,10,52,350,440.00,"154,000.00"
2020-07-02,2020070201008021,NIB,10,56,123,440.00,"54,120.00"
2020-07-02,2020070201008020,NIB,52,56,307,440.00,"135,080.00"
2020-07-02,2020070201007951,NIBPO,46,28,342,355.00,"121,410.00"
2020-07-02,2020070201007950,NIBPO,46,52,58,354.00,"20,532.00"
2020-07-02,2020070201008125,NICA,28,57,335,485.00,"162,475.00"
2020-07-02,2020070201008124,NICA,28,32,136,482.00,"65,552.00"
2020-07-02,2020070201008123,NICA,28,33,29,480.00,"13,920.00"
2020-07-02,2020070201008091,NICA,1,33,71,480.00,"34,080.00"
2020-07-02,2020070201008090,NICA,1,22,200,480.00,"96,000.00"
2020-07-02,2020070201007977,NICA,33,25,220,473.00,"104,060.00"
2020-07-02,2020070201007966,NICA,33,45,100,473.00,"47,300.00"
2020-07-02,2020070201007979,NICL,48,13,10,369.00,"3,690.00"
2020-07-02,2020070201008401,NIL,48,45,20,518.00,"10,360.00"
2020-07-02,2020070201008099,NIL,46,48,197,508.00,"100,076.00"
2020-07-02,2020070201008098,NIL,10,48,200,511.00,"102,200.00"
2020-07-02,2020070201008134,NLG,38,48,200,551.00,"110,200.00"
2020-07-02,2020070201008336,NLIC,44,32,22,"1,137.00","25,014.00"
2020-07-02,2020070201008285,NLIC,44,34,200,"1,137.00","227,400.00"
2020-07-02,2020070201008200,NLIC,5,51,40,"1,148.00","45,920.00"
2020-07-02,2020070201008199,NLIC,5,56,500,"1,148.00","574,000.00"
2020-07-02,2020070201008198,NLIC,5,33,50,"1,147.00","57,350.00"
2020-07-02,2020070201008197,NLIC,5,45,25,"1,147.00","28,675.00"
2020-07-02,2020070201008097,NLIC,44,39,30,"1,141.00","34,230.00"
2020-07-02,2020070201008089,NLIC,57,35,100,"1,142.00","114,200.00"
2020-07-02,2020070201008064,NLIC,57,28,48,"1,142.00","54,816.00"
2020-07-02,2020070201008063,NLIC,34,45,15,"1,147.00","17,205.00"
2020-07-02,2020070201008023,NLIC,44,5,62,"1,141.00","70,742.00"
2020-07-02,2020070201007946,NLIC,39,17,88,"1,140.00","100,320.00"
2020-07-02,2020070201008193,NLIC,50,48,171,"1,134.00","193,914.00"
2020-07-02,2020070201008192,NLIC,45,48,50,"1,135.00","56,750.00"
2020-07-02,2020070201008191,NLIC,14,48,200,"1,135.00","227,000.00"
2020-07-02,2020070201008190,NLIC,59,48,500,"1,140.00","570,000.00"
2020-07-02,2020070201008189,NLIC,39,48,12,"1,140.00","13,680.00"
2020-07-02,2020070201008162,NLIC,44,17,908,"1,141.00","1,036,028.00"
2020-07-02,2020070201008255,NLICL,54,48,100,596.00,"59,600.00"
2020-07-02,2020070201008254,NLICL,1,48,257,605.00,"155,485.00"
2020-07-02,2020070201008007,NLICL,1,50,40,605.00,"24,200.00"
2020-07-02,2020070201008402,NMB,33,32,15,365.00,"5,475.00"
2020-07-02,2020070201008340,NMB,33,7,700,365.00,"255,500.00"
2020-07-02,2020070201008339,NMB,1,7,100,366.00,"36,600.00"
2020-07-02,2020070201008338,NMB,42,7,150,366.00,"54,900.00"
2020-07-02,2020070201008337,NMB,48,7,100,366.00,"36,600.00"
2020-07-02,2020070201008331,NMB,33,41,200,369.00,"73,800.00"
2020-07-02,2020070201008330,NMB,33,4,145,369.00,"53,505.00"
2020-07-02,2020070201008096,NMB,33,4,655,369.00,"241,695.00"
2020-07-02,2020070201008095,NMB,33,54,145,368.00,"53,360.00"
2020-07-02,2020070201008079,NMB,45,54,250,368.00,"92,000.00"
2020-07-02,2020070201008022,NMB,33,4,200,369.00,"73,800.00"
2020-07-02,2020070201008407,NRIC,41,45,50,383.00,"19,150.00"
2020-07-02,2020070201008399,NRIC,41,51,40,383.00,"15,320.00"
2020-07-02,2020070201008393,NRIC,8,4,10,384.00,"3,840.00"
2020-07-02,2020070201008392,NRIC,8,18,40,384.00,"15,360.00"
2020-07-02,2020070201008391,NRIC,8,36,50,384.00,"19,200.00"
2020-07-02,2020070201008390,NRIC,8,34,40,384.00,"15,360.00"
2020-07-02,2020070201007932,NRIC,40,56,40,387.00,"15,480.00"
2020-07-02,2020070201007927,NRIC,40,49,40,387.00,"15,480.00"
2020-07-02,2020070201007926,NRIC,40,40,40,387.00,"15,480.00"
2020-07-02,2020070201007925,NRIC,40,34,40,387.00,"15,480.00"
2020-07-02,2020070201007924,NRIC,40,16,40,387.00,"15,480.00"
2020-07-02,2020070201007947,NRIC,51,33,50,387.00,"19,350.00"
2020-07-02,2020070201007945,NRIC,51,58,40,387.00,"15,480.00"
2020-07-02,2020070201007943,NRIC,51,10,40,387.00,"15,480.00"
2020-07-02,2020070201007942,NRIC,40,58,40,387.00,"15,480.00"
2020-07-02,2020070201007940,NRIC,40,44,40,387.00,"15,480.00"
2020-07-02,2020070201007939,NRIC,40,32,50,387.00,"19,350.00"
2020-07-02,2020070201007964,NRIC,51,1,40,387.00,"15,480.00"
2020-07-02,2020070201007960,NRIC,51,45,40,387.00,"15,480.00"
2020-07-02,2020070201007958,NRIC,51,43,40,387.00,"15,480.00"
2020-07-02,2020070201007956,NRIC,51,59,50,387.00,"19,350.00"
2020-07-02,2020070201007954,NRIC,51,51,40,387.00,"15,480.00"
2020-07-02,2020070201007949,NRIC,51,47,50,387.00,"19,350.00"
2020-07-02,2020070201007974,NRIC,11,4,40,387.00,"15,480.00"
2020-07-02,2020070201007973,NRIC,11,40,10,387.00,"3,870.00"
2020-07-02,2020070201007972,NRIC,51,40,30,387.00,"11,610.00"
2020-07-02,2020070201007971,NRIC,51,21,40,387.00,"15,480.00"
2020-07-02,2020070201007969,NRIC,57,34,60,388.00,"23,280.00"
2020-07-02,2020070201007967,NRIC,51,56,40,387.00,"15,480.00"
2020-07-02,2020070201007990,NRIC,11,40,10,387.00,"3,870.00"
2020-07-02,2020070201007989,NRIC,11,37,40,387.00,"15,480.00"
2020-07-02,2020070201007987,NRIC,11,42,40,387.00,"15,480.00"
2020-07-02,2020070201007980,NRIC,11,25,40,387.00,"15,480.00"
2020-07-02,2020070201007978,NRIC,54,34,"1,000",388.00,"388,000.00"
2020-07-02,2020070201007975,NRIC,11,44,40,387.00,"15,480.00"
2020-07-02,2020070201008018,NRIC,37,34,40,386.00,"15,440.00"
2020-07-02,2020070201008012,NRIC,49,16,10,387.00,"3,870.00"
2020-07-02,2020070201008011,NRIC,49,39,40,387.00,"15,480.00"
2020-07-02,2020070201008010,NRIC,49,22,50,387.00,"19,350.00"
2020-07-02,2020070201007997,NRIC,11,16,40,387.00,"15,480.00"
2020-07-02,2020070201007991,NRIC,11,49,40,387.00,"15,480.00"
2020-07-02,2020070201008037,NRIC,40,1,40,386.00,"15,440.00"
2020-07-02,2020070201008036,NRIC,40,58,40,386.00,"15,440.00"
2020-07-02,2020070201008033,NRIC,37,56,40,386.00,"15,440.00"
2020-07-02,2020070201008028,NRIC,37,40,40,386.00,"15,440.00"
2020-07-02,2020070201008025,NRIC,37,58,40,386.00,"15,440.00"
2020-07-02,2020070201008024,NRIC,37,51,40,386.00,"15,440.00"
2020-07-02,2020070201008043,NRIC,25,16,40,387.00,"15,480.00"
2020-07-02,2020070201008042,NRIC,40,35,40,386.00,"15,440.00"
2020-07-02,2020070201008041,NRIC,40,58,40,386.00,"15,440.00"
2020-07-02,2020070201008040,NRIC,40,21,40,386.00,"15,440.00"
2020-07-02,2020070201008039,NRIC,40,38,50,386.00,"19,300.00"
2020-07-02,2020070201008038,NRIC,40,59,50,386.00,"19,300.00"
2020-07-02,2020070201008051,NRIC,49,34,10,387.00,"3,870.00"
2020-07-02,2020070201008050,NRIC,40,49,40,386.00,"15,440.00"
2020-07-02,2020070201008047,NRIC,40,48,40,386.00,"15,440.00"
2020-07-02,2020070201008046,NRIC,25,34,20,387.00,"7,740.00"
2020-07-02,2020070201008045,NRIC,25,25,40,387.00,"15,480.00"
2020-07-02,2020070201008044,NRIC,25,14,40,387.00,"15,480.00"
2020-07-02,2020070201008066,NRIC,28,16,40,386.00,"15,440.00"
2020-07-02,2020070201008065,NRIC,28,16,40,386.00,"15,440.00"
2020-07-02,2020070201008059,NRIC,28,44,10,386.00,"3,860.00"
2020-07-02,2020070201008058,NRIC,40,44,30,386.00,"11,580.00"
2020-07-02,2020070201008055,NRIC,40,33,40,386.00,"15,440.00"
2020-07-02,2020070201008054,NRIC,40,45,50,386.00,"19,300.00"
2020-07-02,2020070201008075,NRIC,57,47,40,387.00,"15,480.00"
2020-07-02,2020070201008074,NRIC,57,13,50,387.00,"19,350.00"
2020-07-02,2020070201008073,NRIC,57,39,50,387.00,"19,350.00"
2020-07-02,2020070201008072,NRIC,57,34,10,387.00,"3,870.00"
2020-07-02,2020070201008071,NRIC,28,51,20,386.00,"7,720.00"
2020-07-02,2020070201008069,NRIC,28,25,40,386.00,"15,440.00"
2020-07-02,2020070201008094,NRIC,38,1,40,385.00,"15,400.00"
2020-07-02,2020070201008082,NRIC,38,10,40,385.00,"15,400.00"
2020-07-02,2020070201008081,NRIC,56,34,10,386.00,"3,860.00"
2020-07-02,2020070201008080,NRIC,56,42,40,386.00,"15,440.00"
2020-07-02,2020070201008078,NRIC,28,52,50,386.00,"19,300.00"
2020-07-02,2020070201008076,NRIC,57,34,350,388.00,"135,800.00"
2020-07-02,2020070201008117,NRIC,45,25,40,385.00,"15,400.00"
2020-07-02,2020070201008116,NRIC,45,34,40,385.00,"15,400.00"
2020-07-02,2020070201008115,NRIC,45,58,40,385.00,"15,400.00"
2020-07-02,2020070201008113,NRIC,45,45,50,385.00,"19,250.00"
2020-07-02,2020070201008112,NRIC,45,56,20,385.00,"7,700.00"
2020-07-02,2020070201008111,NRIC,38,56,20,385.00,"7,700.00"
2020-07-02,2020070201008128,NRIC,45,37,50,385.00,"19,250.00"
2020-07-02,2020070201008126,NRIC,45,16,40,385.00,"15,400.00"
2020-07-02,2020070201008122,NRIC,45,13,40,385.00,"15,400.00"
2020-07-02,2020070201008121,NRIC,45,47,40,385.00,"15,400.00"
2020-07-02,2020070201008120,NRIC,45,16,50,385.00,"19,250.00"
2020-07-02,2020070201008119,NRIC,45,56,40,385.00,"15,400.00"
2020-07-02,2020070201008139,NRIC,21,49,40,385.00,"15,400.00"
2020-07-02,2020070201008138,NRIC,21,59,40,385.00,"15,400.00"
2020-07-02,2020070201008137,NRIC,21,16,50,385.00,"19,250.00"
2020-07-02,2020070201008131,NRIC,21,48,40,385.00,"15,400.00"
2020-07-02,2020070201008130,NRIC,21,44,40,385.00,"15,400.00"
2020-07-02,2020070201008129,NRIC,45,22,50,385.00,"19,250.00"
2020-07-02,2020070201008152,NRIC,21,45,50,385.00,"19,250.00"
2020-07-02,2020070201008150,NRIC,21,42,40,385.00,"15,400.00"
2020-07-02,2020070201008148,NRIC,21,33,50,385.00,"19,250.00"
2020-07-02,2020070201008146,NRIC,21,14,40,385.00,"15,400.00"
2020-07-02,2020070201008145,NRIC,21,25,40,385.00,"15,400.00"
2020-07-02,2020070201008143,NRIC,21,56,40,385.00,"15,400.00"
2020-07-02,2020070201008172,NRIC,21,58,40,385.00,"15,400.00"
2020-07-02,2020070201008170,NRIC,21,49,10,385.00,"3,850.00"
2020-07-02,2020070201008165,NRIC,21,34,40,385.00,"15,400.00"
2020-07-02,2020070201008164,NRIC,21,21,40,385.00,"15,400.00"
2020-07-02,2020070201008161,NRIC,21,10,50,385.00,"19,250.00"
2020-07-02,2020070201008158,NRIC,21,51,20,385.00,"7,700.00"
2020-07-02,2020070201008179,NRIC,40,59,40,386.00,"15,440.00"
2020-07-02,2020070201008178,NRIC,40,40,40,386.00,"15,440.00"
2020-07-02,2020070201008177,NRIC,40,34,30,386.00,"11,580.00"
2020-07-02,2020070201008176,NRIC,21,1,40,385.00,"15,400.00"
2020-07-02,2020070201008175,NRIC,21,16,40,385.00,"15,400.00"
2020-07-02,2020070201008174,NRIC,21,39,40,385.00,"15,400.00"
2020-07-02,2020070201008185,NRIC,40,7,40,386.00,"15,440.00"
2020-07-02,2020070201008184,NRIC,40,45,10,386.00,"3,860.00"
2020-07-02,2020070201008183,NRIC,40,58,50,386.00,"19,300.00"
2020-07-02,2020070201008182,NRIC,40,38,40,386.00,"15,440.00"
2020-07-02,2020070201008181,NRIC,40,39,40,386.00,"15,440.00"
2020-07-02,2020070201008180,NRIC,40,33,50,386.00,"19,300.00"
2020-07-02,2020070201008207,NRIC,21,16,40,385.00,"15,400.00"
2020-07-02,2020070201008204,NRIC,21,4,40,385.00,"15,400.00"
2020-07-02,2020070201008201,NRIC,21,25,50,385.00,"19,250.00"
2020-07-02,2020070201008195,NRIC,21,56,40,385.00,"15,400.00"
2020-07-02,2020070201008187,NRIC,21,34,40,385.00,"15,400.00"
2020-07-02,2020070201008186,NRIC,40,35,40,386.00,"15,440.00"
2020-07-02,2020070201008214,NRIC,8,28,50,385.00,"19,250.00"
2020-07-02,2020070201008213,NRIC,8,13,40,385.00,"15,400.00"
2020-07-02,2020070201008212,NRIC,8,58,40,385.00,"15,400.00"
2020-07-02,2020070201008211,NRIC,8,41,50,385.00,"19,250.00"
2020-07-02,2020070201008210,NRIC,8,39,40,385.00,"15,400.00"
2020-07-02,2020070201008208,NRIC,8,16,10,385.00,"3,850.00"
2020-07-02,2020070201008224,NRIC,40,40,40,386.00,"15,440.00"
2020-07-02,2020070201008223,NRIC,8,51,40,385.00,"15,400.00"
2020-07-02,2020070201008219,NRIC,8,41,40,385.00,"15,400.00"
2020-07-02,2020070201008218,NRIC,8,32,40,385.00,"15,400.00"
2020-07-02,2020070201008217,NRIC,8,10,50,385.00,"19,250.00"
2020-07-02,2020070201008215,NRIC,8,20,40,385.00,"15,400.00"
2020-07-02,2020070201008244,NRIC,22,47,40,386.00,"15,440.00"
2020-07-02,2020070201008237,NRIC,16,58,30,385.00,"11,550.00"
2020-07-02,2020070201008230,NRIC,16,33,50,385.00,"19,250.00"
2020-07-02,2020070201008229,NRIC,16,58,20,385.00,"7,700.00"
2020-07-02,2020070201008228,NRIC,8,58,20,385.00,"7,700.00"
2020-07-02,2020070201008227,NRIC,8,14,40,385.00,"15,400.00"
2020-07-02,2020070201008259,NRIC,22,59,40,386.00,"15,440.00"
2020-07-02,2020070201008258,NRIC,22,58,40,386.00,"15,440.00"
2020-07-02,2020070201008253,NRIC,22,49,40,386.00,"15,440.00"
2020-07-02,2020070201008252,NRIC,22,32,40,386.00,"15,440.00"
2020-07-02,2020070201008251,NRIC,22,1,40,386.00,"15,440.00"
2020-07-02,2020070201008249,NRIC,22,34,40,386.00,"15,440.00"
2020-07-02,2020070201008272,NRIC,52,10,20,386.00,"7,720.00"
2020-07-02,2020070201008267,NRIC,54,39,10,384.00,"3,840.00"
2020-07-02,2020070201008266,NRIC,8,39,10,384.00,"3,840.00"
2020-07-02,2020070201008265,NRIC,22,39,20,386.00,"7,720.00"
2020-07-02,2020070201008263,NRIC,22,16,40,386.00,"15,440.00"
2020-07-02,2020070201008260,NRIC,22,25,40,386.00,"15,440.00"
2020-07-02,2020070201008295,NRIC,21,58,30,384.00,"11,520.00"
2020-07-02,2020070201008292,NRIC,50,58,10,384.00,"3,840.00"
2020-07-02,2020070201008290,NRIC,50,34,30,384.00,"11,520.00"
2020-07-02,2020070201008289,NRIC,54,34,10,384.00,"3,840.00"
2020-07-02,2020070201008279,NRIC,54,14,40,384.00,"15,360.00"
2020-07-02,2020070201008276,NRIC,54,51,40,384.00,"15,360.00"
2020-07-02,2020070201008320,NRIC,46,17,40,384.00,"15,360.00"
2020-07-02,2020070201008319,NRIC,46,14,40,384.00,"15,360.00"
2020-07-02,2020070201008318,NRIC,46,21,30,384.00,"11,520.00"
2020-07-02,2020070201008309,NRIC,25,21,10,384.00,"3,840.00"
2020-07-02,2020070201008308,NRIC,25,4,20,384.00,"7,680.00"
2020-07-02,2020070201008296,NRIC,21,4,20,384.00,"7,680.00"
2020-07-02,2020070201008348,NRIC,41,32,40,383.00,"15,320.00"
2020-07-02,2020070201008335,NRIC,45,18,10,384.00,"3,840.00"
2020-07-02,2020070201008334,NRIC,45,32,40,384.00,"15,360.00"
2020-07-02,2020070201008329,NRIC,41,49,10,383.00,"3,830.00"
2020-07-02,2020070201008322,NRIC,46,39,50,384.00,"19,200.00"
2020-07-02,2020070201008321,NRIC,46,57,40,384.00,"15,360.00"
2020-07-02,2020070201008371,NRIC,8,1,50,384.00,"19,200.00"
2020-07-02,2020070201008370,NRIC,8,58,40,384.00,"15,360.00"
2020-07-02,2020070201008369,NRIC,8,18,30,384.00,"11,520.00"
2020-07-02,2020070201008356,NRIC,41,10,40,383.00,"15,320.00"
2020-07-02,2020070201008352,NRIC,41,59,40,383.00,"15,320.00"
2020-07-02,2020070201008349,NRIC,41,1,50,383.00,"19,150.00"
2020-07-02,2020070201008377,NRIC,8,39,50,384.00,"19,200.00"
2020-07-02,2020070201008376,NRIC,8,4,40,384.00,"15,360.00"
2020-07-02,2020070201008375,NRIC,8,45,30,384.00,"11,520.00"
2020-07-02,2020070201008374,NRIC,8,34,40,384.00,"15,360.00"
2020-07-02,2020070201008373,NRIC,8,43,40,384.00,"15,360.00"
2020-07-02,2020070201008372,NRIC,8,16,50,384.00,"19,200.00"
2020-07-02,2020070201008383,NRIC,8,1,50,384.00,"19,200.00"
2020-07-02,2020070201008382,NRIC,8,4,50,384.00,"19,200.00"
2020-07-02,2020070201008381,NRIC,8,56,10,384.00,"3,840.00"
2020-07-02,2020070201008380,NRIC,8,16,40,384.00,"15,360.00"
2020-07-02,2020070201008379,NRIC,8,45,50,384.00,"19,200.00"
2020-07-02,2020070201008378,NRIC,8,51,40,384.00,"15,360.00"
2020-07-02,2020070201008389,NRIC,8,59,40,384.00,"15,360.00"
2020-07-02,2020070201008388,NRIC,8,34,50,384.00,"19,200.00"
2020-07-02,2020070201008387,NRIC,8,16,40,384.00,"15,360.00"
2020-07-02,2020070201008386,NRIC,8,21,40,384.00,"15,360.00"
2020-07-02,2020070201008385,NRIC,8,58,40,384.00,"15,360.00"
2020-07-02,2020070201008384,NRIC,8,46,40,384.00,"15,360.00"
2020-07-02,2020070201008409,NTC,25,19,200,591.00,"118,200.00"
2020-07-02,2020070201008398,OHL,34,25,30,271.00,"8,130.00"
2020-07-02,2020070201008351,PCBL,52,48,20,229.00,"4,580.00"
2020-07-02,2020070201008310,PCBL,37,48,100,229.00,"22,900.00"
2020-07-02,2020070201008294,PCBL,50,48,20,229.00,"4,580.00"
2020-07-02,2020070201008108,PCBL,50,59,480,229.00,"109,920.00"
2020-07-02,2020070201008107,PCBL,52,59,20,230.00,"4,600.00"
2020-07-02,2020070201008106,PCBL,1,59,100,230.00,"23,000.00"
2020-07-02,2020070201008105,PCBL,16,59,910,230.00,"209,300.00"
2020-07-02,2020070201008104,PCBL,54,59,"1,000",231.00,"231,000.00"
2020-07-02,2020070201008396,PFL,57,41,100,145.00,"14,500.00"
2020-07-02,2020070201008395,PFL,51,41,10,145.00,"1,450.00"
2020-07-02,2020070201008394,PFL,32,41,46,145.00,"6,670.00"
2020-07-02,2020070201008332,PFL,32,48,12,145.00,"1,740.00"
2020-07-02,2020070201008273,PFL,32,36,42,145.00,"6,090.00"
2020-07-02,2020070201008397,PLIC,5,39,500,530.00,"265,000.00"
2020-07-02,2020070201008278,PLIC,59,42,298,530.00,"157,940.00"
2020-07-02,2020070201008277,PLIC,33,42,200,533.00,"106,600.00"
2020-07-02,2020070201008166,PLIC,5,5,500,531.00,"265,500.00"
2020-07-02,2020070201008083,PLIC,5,42,500,531.00,"265,500.00"
2020-07-02,2020070201008008,PMHPL,45,11,10,72.00,720.00
2020-07-02,2020070201008333,PRIN,10,32,"2,923",373.00,"1,090,279.00"
2020-07-02,2020070201008284,PRIN,45,32,50,373.00,"18,650.00"
2020-07-02,2020070201008156,PRIN,10,36,280,368.00,"103,040.00"
2020-07-02,2020070201008155,PRIN,58,36,10,368.00,"3,680.00"
2020-07-02,2020070201008154,PRIN,36,36,200,368.00,"73,600.00"
2020-07-02,2020070201008153,PRIN,8,36,10,368.00,"3,680.00"
2020-07-02,2020070201008133,PRIN,36,14,119,372.00,"44,268.00"
2020-07-02,2020070201008406,PRVU,44,4,196,218.00,"42,728.00"
2020-07-02,2020070201008405,PRVU,42,4,30,218.00,"6,540.00"
2020-07-02,2020070201008404,PRVU,42,4,50,218.00,"10,900.00"
2020-07-02,2020070201008403,PRVU,59,4,24,218.00,"5,232.00"
2020-07-02,2020070201008361,PRVU,59,43,35,218.00,"7,630.00"
2020-07-02,2020070201008306,RHPL,33,39,20,145.00,"2,900.00"
2020-07-02,2020070201008261,RHPL,33,41,40,145.00,"5,800.00"
2020-07-02,2020070201008049,RHPL,33,19,990,145.00,"143,550.00"
2020-07-02,2020070201008048,RHPL,33,19,810,147.00,"119,070.00"
2020-07-02,2020070201008056,RSDC,43,8,50,432.00,"21,600.00"
2020-07-02,2020070201008353,SANIMA,36,34,200,316.00,"63,200.00"
2020-07-02,2020070201008084,SANIMA,36,49,300,316.00,"94,800.00"
2020-07-02,2020070201008324,SBI,32,4,10,388.00,"3,880.00"
2020-07-02,2020070201008355,SBL,54,22,500,281.00,"140,500.00"
2020-07-02,2020070201008171,SBL,42,25,500,280.00,"140,000.00"
2020-07-02,2020070201008169,SCB,55,56,30,590.00,"17,700.00"
2020-07-02,2020070201008168,SCB,51,56,20,590.00,"11,800.00"
2020-07-02,2020070201008110,SCB,38,17,20,598.00,"11,960.00"
2020-07-02,2020070201008109,SCB,45,17,10,599.00,"5,990.00"
2020-07-02,2020070201008286,SDESI,59,4,20,764.00,"15,280.00"
2020-07-02,2020070201008017,SHINE,13,57,100,214.00,"21,400.00"
2020-07-02,2020070201008016,SHINE,58,57,40,214.00,"8,560.00"
2020-07-02,2020070201007970,SHIVM,36,52,626,532.00,"333,032.00"
2020-07-02,2020070201007921,SHIVM,6,52,100,532.00,"53,200.00"
2020-07-02,2020070201007920,SHIVM,37,52,500,532.00,"266,000.00"
2020-07-02,2020070201007919,SHIVM,37,52,500,532.00,"266,000.00"
2020-07-02,2020070201007918,SHIVM,50,52,100,532.00,"53,200.00"
2020-07-02,2020070201007917,SHIVM,45,52,200,533.00,"106,600.00"
2020-07-02,2020070201007910,SHIVM,38,52,950,536.00,"509,200.00"
2020-07-02,2020070201007916,SHIVM,38,52,300,533.00,"159,900.00"
2020-07-02,2020070201007915,SHIVM,38,52,364,533.00,"194,012.00"
2020-07-02,2020070201007914,SHIVM,45,52,50,534.00,"26,700.00"
2020-07-02,2020070201007913,SHIVM,44,52,450,534.00,"240,300.00"
2020-07-02,2020070201007912,SHIVM,42,52,20,535.00,"10,700.00"
2020-07-02,2020070201007911,SHIVM,38,52,840,535.00,"449,400.00"
2020-07-02,2020070201008347,SIC,43,42,50,615.00,"30,750.00"
2020-07-02,2020070201008232,SICL,38,33,200,923.00,"184,600.00"
2020-07-02,2020070201008221,SICL,38,54,10,923.00,"9,230.00"
2020-07-02,2020070201008220,SICL,38,32,280,923.00,"258,440.00"
2020-07-02,2020070201008173,SICL,58,32,20,923.00,"18,460.00"
2020-07-02,2020070201008026,SIFC,59,41,160,142.00,"22,720.00"
2020-07-02,2020070201008365,SJCL,41,47,20,132.00,"2,640.00"
2020-07-02,2020070201008344,SJCL,41,39,20,132.00,"2,640.00"
2020-07-02,2020070201008313,SJCL,41,47,10,132.00,"1,320.00"
2020-07-02,2020070201008312,SJCL,6,47,10,132.00,"1,320.00"
2020-07-02,2020070201008307,SJCL,6,41,20,132.00,"2,640.00"
2020-07-02,2020070201008264,SJCL,6,47,20,132.00,"2,640.00"
2020-07-02,2020070201008102,SJCL,6,47,20,132.00,"2,640.00"
2020-07-02,2020070201008070,SJCL,6,47,20,132.00,"2,640.00"
2020-07-02,2020070201008014,SJCL,6,47,20,132.00,"2,640.00"
2020-07-02,2020070201007948,SJCL,6,47,20,132.00,"2,640.00"
2020-07-02,2020070201008236,SJCL,6,47,20,132.00,"2,640.00"
2020-07-02,2020070201008196,SJCL,6,47,20,132.00,"2,640.00"
2020-07-02,2020070201008144,SJCL,6,47,20,132.00,"2,640.00"
2020-07-02,2020070201008262,SKBBL,10,59,30,"1,108.00","33,240.00"
2020-07-02,2020070201008194,SKBBL,10,17,50,"1,108.00","55,400.00"
2020-07-02,2020070201008062,SLBSL,57,44,50,720.00,"36,000.00"
2020-07-02,2020070201008061,SLBSL,36,44,150,720.00,"108,000.00"
2020-07-02,2020070201008368,SLICL,11,45,110,395.00,"43,450.00"
2020-07-02,2020070201008367,SLICL,10,45,200,395.00,"79,000.00"
2020-07-02,2020070201008366,SLICL,48,45,500,396.00,"198,000.00"
2020-07-02,2020070201008009,SPARS,52,25,50,735.00,"36,750.00"
2020-07-02,2020070201008233,SRBL,49,58,10,223.00,"2,230.00"
2020-07-02,2020070201007965,SRBL,49,38,20,222.00,"4,440.00"
2020-07-02,2020070201008093,UIC,44,5,20,292.00,"5,840.00"
2020-07-02,2020070201008092,UIC,45,5,10,292.00,"2,920.00"
2020-07-02,2020070201008087,UIC,20,19,45,294.00,"13,230.00"
2020-07-02,2020070201008086,UIC,20,49,15,294.00,"4,410.00"
2020-07-02,2020070201008364,UPPER,41,19,194,229.00,"44,426.00"
2020-07-02,2020070201008163,UPPER,17,19,50,229.00,"11,450.00"
2020-07-02,2020070201008032,UPPER,13,19,407,229.00,"93,203.00"
2020-07-02,2020070201008015,UPPER,57,19,"1,000",229.00,"229,000.00"
2020-07-02,2020070201007936,UPPER,38,19,100,230.00,"23,000.00"
2020-07-02,2020070201007935,UPPER,35,19,30,232.00,"6,960.00"
2020-07-02,2020070201007934,UPPER,37,19,50,233.00,"11,650.00"
2020-07-02,2020070201007933,UPPER,45,19,178,233.00,"41,474.00"
2020-07-02,2020070201007630,ADBL,19,16,168,343.00,"57,624.00"
2020-07-02,2020070201007629,ADBL,32,16,32,343.00,"10,976.00"
2020-07-02,2020070201007489,AKJCL,45,58,10,49.00,490.00
2020-07-02,2020070201007729,AKPL,1,39,150,115.00,"17,250.00"
2020-07-02,2020070201007491,AKPL,52,39,50,117.00,"5,850.00"
2020-07-02,2020070201007626,BOKL,5,43,50,214.00,"10,700.00"
2020-07-02,2020070201007457,BOKL,5,33,85,214.00,"18,190.00"
2020-07-02,2020070201007456,BOKL,5,56,200,212.00,"42,400.00"
2020-07-02,2020070201007455,BOKL,5,47,54,212.00,"11,448.00"
2020-07-02,2020070201007454,BOKL,5,45,100,212.00,"21,200.00"
2020-07-02,2020070201007497,BPCL,43,49,50,340.00,"17,000.00"
2020-07-02,2020070201007693,CBL,4,32,757,128.00,"96,896.00"
2020-07-02,2020070201007680,CBL,10,59,500,126.00,"63,000.00"
2020-07-02,2020070201007679,CBL,56,59,500,126.00,"63,000.00"
2020-07-02,2020070201007462,CBL,4,32,"2,000",128.00,"256,000.00"
2020-07-02,2020070201007890,CCBL,34,36,"1,221",158.00,"192,918.00"
2020-07-02,2020070201007806,CCBL,34,55,100,158.00,"15,800.00"
2020-07-02,2020070201007758,CCBL,34,38,55,158.00,"8,690.00"
2020-07-02,2020070201007547,CCBL,34,25,700,158.00,"110,600.00"
2020-07-02,2020070201007418,CCBL,56,37,10,161.00,"1,610.00"
2020-07-02,2020070201007641,CHCL,57,1,102,362.00,"36,924.00"
2020-07-02,2020070201007589,CHCL,57,52,50,362.00,"18,100.00"
2020-07-02,2020070201007588,CHCL,45,52,10,362.00,"3,620.00"
2020-07-02,2020070201007877,CIT,17,52,20,"2,292.00","45,840.00"
2020-07-02,2020070201007876,CIT,47,52,12,"2,320.00","27,840.00"
2020-07-02,2020070201007875,CIT,58,52,10,"2,325.00","23,250.00"
2020-07-02,2020070201007519,CIT,45,36,50,"2,320.00","116,000.00"
2020-07-02,2020070201007479,CIT,33,46,20,"2,300.00","46,000.00"
2020-07-02,2020070201007557,CORBL,45,41,10,116.00,"1,160.00"
2020-07-02,2020070201007635,CZBIL,36,5,162,183.00,"29,646.00"
2020-07-02,2020070201007634,CZBIL,33,5,100,184.00,"18,400.00"
2020-07-02,2020070201007488,CZBIL,36,32,66,183.00,"12,078.00"
2020-07-02,2020070201007442,CZBIL,17,32,30,183.00,"5,490.00"
2020-07-02,2020070201007441,CZBIL,17,42,10,183.00,"1,830.00"
2020-07-02,2020070201007874,EBL,33,36,256,626.00,"160,256.00"
2020-07-02,2020070201007847,EBL,14,22,110,623.00,"68,530.00"
2020-07-02,2020070201007846,EBL,14,22,80,623.00,"49,840.00"
2020-07-02,2020070201007845,EBL,42,22,10,625.00,"6,250.00"
2020-07-02,2020070201007844,EBL,45,22,50,625.00,"31,250.00"
2020-07-02,2020070201007843,EBL,36,22,50,625.00,"31,250.00"
2020-07-02,2020070201007499,EBL,1,36,30,628.00,"18,840.00"
2020-07-02,2020070201007498,EBL,45,36,294,630.00,"185,220.00"
2020-07-02,2020070201007419,EBL,28,45,15,638.00,"9,570.00"
2020-07-02,2020070201007842,EBL,55,22,200,625.00,"125,000.00"
2020-07-02,2020070201007792,EBL,32,36,100,626.00,"62,600.00"
2020-07-02,2020070201007503,EBL,33,36,"2,000",627.00,"1,254,000.00"
2020-07-02,2020070201007502,EBL,34,36,100,627.00,"62,700.00"
2020-07-02,2020070201007501,EBL,49,36,20,627.00,"12,540.00"
2020-07-02,2020070201007500,EBL,49,36,200,628.00,"125,600.00"
2020-07-02,2020070201007783,GBBL,13,49,100,212.00,"21,200.00"
2020-07-02,2020070201007716,GBBL,34,17,10,208.00,"2,080.00"
2020-07-02,2020070201007467,GBBL,50,39,150,204.00,"30,600.00"
2020-07-02,2020070201007466,GBBL,1,39,100,204.00,"20,400.00"
2020-07-02,2020070201007465,GBBL,41,39,100,207.00,"20,700.00"
2020-07-02,2020070201007464,GBBL,13,39,100,208.00,"20,800.00"
2020-07-02,2020070201007860,GBIME,28,28,15,240.00,"3,600.00"
2020-07-02,2020070201007831,GBIME,45,38,50,238.00,"11,900.00"
2020-07-02,2020070201007665,GBIME,45,28,12,237.00,"2,844.00"
2020-07-02,2020070201007662,GBIME,14,28,88,237.00,"20,856.00"
2020-07-02,2020070201007623,GBIME,14,7,12,237.00,"2,844.00"
2020-07-02,2020070201007614,GBIME,10,28,190,237.00,"45,030.00"
2020-07-02,2020070201007469,GBIME,41,38,"5,000",237.00,"1,185,000.00"
2020-07-02,2020070201007463,GBIME,25,47,53,237.00,"12,561.00"
2020-07-02,2020070201007542,GBIME,10,28,10,237.00,"2,370.00"
2020-07-02,2020070201007541,GBIME,42,28,10,237.00,"2,370.00"
2020-07-02,2020070201007540,GBIME,59,28,500,237.00,"118,500.00"
2020-07-02,2020070201007539,GBIME,25,28,205,237.00,"48,585.00"
2020-07-02,2020070201007538,GBIME,35,28,275,239.00,"65,725.00"
2020-07-02,2020070201007472,GBIME,35,28,25,239.00,"5,975.00"
2020-07-02,2020070201007526,HBL,45,5,50,514.00,"25,700.00"
2020-07-02,2020070201007417,HBL,14,5,10,515.00,"5,150.00"
2020-07-02,2020070201007743,HDL,54,25,200,"1,418.00","283,600.00"
2020-07-02,2020070201007714,HDL,35,14,50,"1,419.00","70,950.00"
2020-07-02,2020070201007609,HDL,54,19,17,"1,418.00","24,106.00"
2020-07-02,2020070201007608,HDL,54,19,53,"1,418.00","75,154.00"
2020-07-02,2020070201007607,HDL,52,19,20,"1,420.00","28,400.00"
2020-07-02,2020070201007606,HDL,55,19,10,"1,420.00","14,200.00"
2020-07-02,2020070201007552,HDL,49,25,50,"1,430.00","71,500.00"
2020-07-02,2020070201007551,HDL,49,58,150,"1,429.00","214,350.00"
2020-07-02,2020070201007751,HGI,53,48,50,329.00,"16,450.00"
2020-07-02,2020070201007898,KBL,36,45,100,179.00,"17,900.00"
2020-07-02,2020070201007887,KBL,34,19,250,176.00,"44,000.00"
2020-07-02,2020070201007794,KBL,39,41,11,179.00,"1,969.00"
2020-07-02,2020070201007739,KBL,39,19,852,176.00,"149,952.00"
2020-07-02,2020070201007620,KBL,34,19,10,176.00,"1,760.00"
2020-07-02,2020070201007879,KPCL,22,56,10,104.00,"1,040.00"
2020-07-02,2020070201007814,KSBBL,20,48,23,143.00,"3,289.00"
2020-07-02,2020070201007840,LBBL,32,40,600,174.00,"104,400.00"
2020-07-02,2020070201007728,LBBL,10,39,29,172.00,"4,988.00"
2020-07-02,2020070201007655,LBBL,25,40,200,174.00,"34,800.00"
2020-07-02,2020070201007505,LBBL,39,40,200,174.00,"34,800.00"
2020-07-02,2020070201007862,LBL,25,48,13,196.00,"2,548.00"
2020-07-02,2020070201007512,LBL,47,43,200,195.00,"39,000.00"
2020-07-02,2020070201007470,LBL,38,34,92,197.00,"18,124.00"
2020-07-02,2020070201007901,LGIL,53,7,27,380.00,"10,260.00"
2020-07-02,2020070201007856,LICN,38,48,20,"1,205.00","24,100.00"
2020-07-02,2020070201007507,LICN,25,19,10,"1,229.00","12,290.00"
2020-07-02,2020070201007481,LICN,25,25,10,"1,218.00","12,180.00"
2020-07-02,2020070201007412,LLBS,34,36,10,973.00,"9,730.00"
2020-07-02,2020070201007579,MBL,36,43,50,212.00,"10,600.00"
2020-07-02,2020070201007578,MBL,36,44,69,212.00,"14,628.00"
2020-07-02,2020070201007817,MDB,45,47,100,330.00,"33,000.00"
2020-07-02,2020070201007804,MEGA,56,7,14,199.00,"2,786.00"
2020-07-02,2020070201007785,MEGA,25,4,200,200.00,"40,000.00"
2020-07-02,2020070201007702,MEGA,17,4,200,200.00,"40,000.00"
2020-07-02,2020070201007410,MEGA,28,4,12,200.00,"2,400.00"
2020-07-02,2020070201007670,MFIL,10,7,300,256.00,"76,800.00"
2020-07-02,2020070201007666,MLBL,37,14,102,182.00,"18,564.00"
2020-07-02,2020070201007796,MNBBL,39,19,43,296.00,"12,728.00"
2020-07-02,2020070201007476,MNBBL,22,19,100,296.00,"29,600.00"
2020-07-02,2020070201007475,MNBBL,56,19,200,296.00,"59,200.00"
2020-07-02,2020070201007474,MNBBL,34,19,30,296.00,"8,880.00"
2020-07-02,2020070201007473,MNBBL,52,19,27,298.00,"8,046.00"
2020-07-02,2020070201007894,NABIL,49,49,"1,000",710.00,"710,000.00"
2020-07-02,2020070201007893,NABIL,11,51,50,716.00,"35,800.00"
2020-07-02,2020070201007757,NABIL,49,49,"1,000",710.00,"710,000.00"
2020-07-02,2020070201007718,NABIL,38,51,20,716.00,"14,320.00"
2020-07-02,2020070201007632,NABIL,8,39,100,704.00,"70,400.00"
2020-07-02,2020070201007591,NABIL,45,47,26,703.00,"18,278.00"
2020-07-02,2020070201007590,NABIL,45,47,10,704.00,"7,040.00"
2020-07-02,2020070201007663,NADEP,28,28,290,560.00,"162,400.00"
2020-07-02,2020070201007420,NADEP,41,43,200,550.00,"110,000.00"
2020-07-02,2020070201007708,NBB,45,57,280,185.00,"51,800.00"
2020-07-02,2020070201007707,NBB,52,57,20,186.00,"3,720.00"
2020-07-02,2020070201007706,NBB,44,57,50,187.00,"9,350.00"
2020-07-02,2020070201007705,NBB,41,57,180,188.00,"33,840.00"
2020-07-02,2020070201007871,NBL,33,29,10,240.00,"2,400.00"
2020-07-02,2020070201007870,NBL,33,57,50,237.00,"11,850.00"
2020-07-02,2020070201007867,NBL,33,7,23,237.00,"5,451.00"
2020-07-02,2020070201007849,NBL,44,29,10,240.00,"2,400.00"
2020-07-02,2020070201007756,NBL,33,50,64,237.00,"15,168.00"
2020-07-02,2020070201007755,NBL,19,50,200,237.00,"47,400.00"
2020-07-02,2020070201007754,NBL,44,50,386,237.00,"91,482.00"
2020-07-02,2020070201007753,NBL,45,50,10,238.00,"2,380.00"
2020-07-02,2020070201007861,NIB,52,5,69,440.00,"30,360.00"
2020-07-02,2020070201007731,NIB,28,25,38,442.00,"16,796.00"
2020-07-02,2020070201007711,NIB,28,22,200,442.00,"88,400.00"
2020-07-02,2020070201007673,NIB,45,14,10,443.00,"4,430.00"
2020-07-02,2020070201007490,NIB,28,21,200,442.00,"88,400.00"
2020-07-02,2020070201007612,NIBPO,42,42,"3,990",350.00,"1,396,500.00"
2020-07-02,2020070201007611,NIBPO,8,42,10,350.00,"3,500.00"
2020-07-02,2020070201007903,NICA,33,39,100,473.00,"47,300.00"
2020-07-02,2020070201007883,NICA,36,25,280,474.00,"132,720.00"
2020-07-02,2020070201007830,NICA,36,14,720,474.00,"341,280.00"
2020-07-02,2020070201007829,NICA,52,14,280,475.00,"133,000.00"
2020-07-02,2020070201007752,NICA,36,14,"1,000",474.00,"474,000.00"
2020-07-02,2020070201007674,NICA,33,5,320,477.00,"152,640.00"
2020-07-02,2020070201007413,NICA,21,5,80,477.00,"38,160.00"
2020-07-02,2020070201007839,NIL,17,40,500,510.00,"255,000.00"
2020-07-02,2020070201007838,NIL,59,40,30,512.00,"15,360.00"
2020-07-02,2020070201007837,NIL,8,40,50,514.00,"25,700.00"
2020-07-02,2020070201007836,NIL,59,40,10,518.00,"5,180.00"
2020-07-02,2020070201007601,NIL,59,50,90,518.00,"46,620.00"
2020-07-02,2020070201007600,NIL,17,50,10,518.00,"5,180.00"
2020-07-02,2020070201007518,NIL,17,51,10,518.00,"5,180.00"
2020-07-02,2020070201007824,NLIC,5,19,222,"1,140.00","253,080.00"
2020-07-02,2020070201007812,NLIC,17,34,97,"1,135.00","110,095.00"
2020-07-02,2020070201007811,NLIC,33,34,70,"1,135.00","79,450.00"
2020-07-02,2020070201007744,NLIC,33,49,30,"1,135.00","34,050.00"
2020-07-02,2020070201007736,NLIC,33,28,212,"1,135.00","240,620.00"
2020-07-02,2020070201007735,NLIC,16,28,100,"1,136.00","113,600.00"
2020-07-02,2020070201007581,NLIC,44,21,364,"1,134.00","412,776.00"
2020-07-02,2020070201007562,NLIC,44,17,200,"1,134.00","226,800.00"
2020-07-02,2020070201007534,NLIC,44,17,100,"1,134.00","113,400.00"
2020-07-02,2020070201007533,NLIC,44,14,100,"1,134.00","113,400.00"
2020-07-02,2020070201007532,NLIC,44,55,236,"1,134.00","267,624.00"
2020-07-02,2020070201007527,NLIC,14,55,32,"1,134.00","36,288.00"
2020-07-02,2020070201007734,NLIC,48,28,100,"1,140.00","114,000.00"
2020-07-02,2020070201007685,NLIC,33,28,300,"1,135.00","340,500.00"
2020-07-02,2020070201007654,NLIC,33,59,200,"1,135.00","227,000.00"
2020-07-02,2020070201007610,NLIC,33,37,88,"1,135.00","99,880.00"
2020-07-02,2020070201007593,NLIC,33,17,100,"1,135.00","113,500.00"
2020-07-02,2020070201007582,NLIC,50,21,136,"1,134.00","154,224.00"
2020-07-02,2020070201007793,NLICL,1,44,170,605.00,"102,850.00"
2020-07-02,2020070201007687,NLICL,1,17,533,605.00,"322,465.00"
2020-07-02,2020070201007686,NLICL,1,17,467,605.00,"282,535.00"
2020-07-02,2020070201007675,NLICL,1,52,200,605.00,"121,000.00"
2020-07-02,2020070201007637,NLICL,1,57,50,605.00,"30,250.00"
2020-07-02,2020070201007450,NLICL,52,44,30,606.00,"18,180.00"
2020-07-02,2020070201007909,NMB,28,43,15,370.00,"5,550.00"
2020-07-02,2020070201007762,NMB,33,49,"1,000",365.00,"365,000.00"
2020-07-02,2020070201007710,NMB,33,49,10,365.00,"3,650.00"
2020-07-02,2020070201007572,NMB,33,22,260,365.00,"94,900.00"
2020-07-02,2020070201007571,NMB,57,22,200,365.00,"73,000.00"
2020-07-02,2020070201007570,NMB,28,22,40,365.00,"14,600.00"
2020-07-02,2020070201007486,NMB,25,42,50,368.00,"18,400.00"
2020-07-02,2020070201007568,NMB,28,39,60,365.00,"21,900.00"
2020-07-02,2020070201007567,NMB,48,39,200,365.00,"73,000.00"
2020-07-02,2020070201007566,NMB,53,39,20,365.00,"7,300.00"
2020-07-02,2020070201007565,NMB,54,39,500,366.00,"183,000.00"
2020-07-02,2020070201007564,NMB,1,39,70,367.00,"25,690.00"
2020-07-02,2020070201007563,NMB,25,39,250,368.00,"92,000.00"
2020-07-02,2020070201007764,NMBMF,16,21,170,684.00,"116,280.00"
2020-07-02,2020070201007550,NMBMF,16,56,29,684.00,"19,836.00"
2020-07-02,2020070201007908,NRIC,26,34,350,388.00,"135,800.00"
2020-07-02,2020070201007907,NRIC,26,8,50,388.00,"19,400.00"
2020-07-02,2020070201007906,NRIC,26,25,40,388.00,"15,520.00"
2020-07-02,2020070201007905,NRIC,26,16,50,388.00,"19,400.00"
2020-07-02,2020070201007904,NRIC,26,59,10,388.00,"3,880.00"
2020-07-02,2020070201007902,NRIC,40,34,40,387.00,"15,480.00"
2020-07-02,2020070201007429,NRIC,49,59,40,391.00,"15,640.00"
2020-07-02,2020070201007428,NRIC,49,38,40,391.00,"15,640.00"
2020-07-02,2020070201007426,NRIC,49,59,10,391.00,"3,910.00"
2020-07-02,2020070201007422,NRIC,49,46,40,391.00,"15,640.00"
2020-07-02,2020070201007421,NRIC,49,48,40,391.00,"15,640.00"
2020-07-02,2020070201007411,NRIC,21,38,40,390.00,"15,600.00"
2020-07-02,2020070201007443,NRIC,49,16,40,391.00,"15,640.00"
2020-07-02,2020070201007440,NRIC,49,59,40,391.00,"15,640.00"
2020-07-02,2020070201007439,NRIC,49,40,10,391.00,"3,910.00"
2020-07-02,2020070201007438,NRIC,49,51,40,391.00,"15,640.00"
2020-07-02,2020070201007432,NRIC,49,44,40,391.00,"15,640.00"
2020-07-02,2020070201007430,NRIC,49,41,40,391.00,"15,640.00"
2020-07-02,2020070201007449,NRIC,49,36,40,391.00,"15,640.00"
2020-07-02,2020070201007448,NRIC,49,1,50,391.00,"19,550.00"
2020-07-02,2020070201007447,NRIC,49,16,40,391.00,"15,640.00"
2020-07-02,2020070201007446,NRIC,49,58,40,391.00,"15,640.00"
2020-07-02,2020070201007445,NRIC,49,51,40,391.00,"15,640.00"
2020-07-02,2020070201007444,NRIC,49,43,40,391.00,"15,640.00"
2020-07-02,2020070201007461,NRIC,49,58,40,391.00,"15,640.00"
2020-07-02,2020070201007460,NRIC,49,13,40,391.00,"15,640.00"
2020-07-02,2020070201007458,NRIC,49,49,40,391.00,"15,640.00"
2020-07-02,2020070201007453,NRIC,49,56,40,391.00,"15,640.00"
2020-07-02,2020070201007452,NRIC,49,4,40,391.00,"15,640.00"
2020-07-02,2020070201007451,NRIC,49,54,40,391.00,"15,640.00"
2020-07-02,2020070201007483,NRIC,28,39,40,391.00,"15,640.00"
2020-07-02,2020070201007480,NRIC,28,34,50,391.00,"19,550.00"
2020-07-02,2020070201007478,NRIC,28,39,10,391.00,"3,910.00"
2020-07-02,2020070201007477,NRIC,49,39,30,391.00,"11,730.00"
2020-07-02,2020070201007471,NRIC,49,32,50,391.00,"19,550.00"
2020-07-02,2020070201007468,NRIC,49,56,50,391.00,"19,550.00"
2020-07-02,2020070201007494,NRIC,34,54,40,391.00,"15,640.00"
2020-07-02,2020070201007493,NRIC,34,21,10,391.00,"3,910.00"
2020-07-02,2020070201007492,NRIC,28,21,40,391.00,"15,640.00"
2020-07-02,2020070201007487,NRIC,28,11,30,391.00,"11,730.00"
2020-07-02,2020070201007485,NRIC,28,49,40,391.00,"15,640.00"
2020-07-02,2020070201007484,NRIC,28,5,40,391.00,"15,640.00"
2020-07-02,2020070201007515,NRIC,57,44,40,391.00,"15,640.00"
2020-07-02,2020070201007511,NRIC,21,49,40,390.00,"15,600.00"
2020-07-02,2020070201007510,NRIC,21,1,50,390.00,"19,500.00"
2020-07-02,2020070201007508,NRIC,21,10,50,390.00,"19,500.00"
2020-07-02,2020070201007506,NRIC,56,59,40,391.00,"15,640.00"
2020-07-02,2020070201007495,NRIC,34,7,50,391.00,"19,550.00"
2020-07-02,2020070201007523,NRIC,21,41,10,390.00,"3,900.00"
2020-07-02,2020070201007522,NRIC,21,18,50,390.00,"19,500.00"
2020-07-02,2020070201007521,NRIC,21,43,40,390.00,"15,600.00"
2020-07-02,2020070201007520,NRIC,21,4,40,390.00,"15,600.00"
2020-07-02,2020070201007517,NRIC,57,34,920,391.00,"359,720.00"
2020-07-02,2020070201007516,NRIC,57,16,40,391.00,"15,640.00"
2020-07-02,2020070201007543,NRIC,49,5,40,390.00,"15,600.00"
2020-07-02,2020070201007537,NRIC,49,39,50,390.00,"19,500.00"
2020-07-02,2020070201007536,NRIC,49,44,50,390.00,"19,500.00"
2020-07-02,2020070201007535,NRIC,21,49,50,390.00,"19,500.00"
2020-07-02,2020070201007528,NRIC,21,16,40,390.00,"15,600.00"
2020-07-02,2020070201007525,NRIC,21,34,40,390.00,"15,600.00"
2020-07-02,2020070201007559,NRIC,49,34,40,391.00,"15,640.00"
2020-07-02,2020070201007558,NRIC,49,46,40,390.00,"15,600.00"
2020-07-02,2020070201007556,NRIC,49,51,40,390.00,"15,600.00"
2020-07-02,2020070201007554,NRIC,49,10,40,390.00,"15,600.00"
2020-07-02,2020070201007546,NRIC,49,7,50,390.00,"19,500.00"
2020-07-02,2020070201007544,NRIC,49,58,40,390.00,"15,600.00"
2020-07-02,2020070201007575,NRIC,57,32,40,390.00,"15,600.00"
2020-07-02,2020070201007574,NRIC,57,18,20,390.00,"7,800.00"
2020-07-02,2020070201007573,NRIC,49,18,20,390.00,"7,800.00"
2020-07-02,2020070201007569,NRIC,49,54,40,390.00,"15,600.00"
2020-07-02,2020070201007561,NRIC,49,16,40,390.00,"15,600.00"
2020-07-02,2020070201007560,NRIC,49,4,50,390.00,"19,500.00"
2020-07-02,2020070201007596,NRIC,57,44,40,390.00,"15,600.00"
2020-07-02,2020070201007595,NRIC,57,20,40,390.00,"15,600.00"
2020-07-02,2020070201007592,NRIC,57,10,40,390.00,"15,600.00"
2020-07-02,2020070201007587,NRIC,57,36,40,390.00,"15,600.00"
2020-07-02,2020070201007580,NRIC,57,16,40,390.00,"15,600.00"
2020-07-02,2020070201007576,NRIC,57,59,50,390.00,"19,500.00"
2020-07-02,2020070201007615,NRIC,57,45,40,390.00,"15,600.00"
2020-07-02,2020070201007604,NRIC,57,58,20,390.00,"7,800.00"
2020-07-02,2020070201007603,NRIC,57,16,40,390.00,"15,600.00"
2020-07-02,2020070201007602,NRIC,57,58,50,390.00,"19,500.00"
2020-07-02,2020070201007599,NRIC,57,38,40,390.00,"15,600.00"
2020-07-02,2020070201007597,NRIC,57,49,40,390.00,"15,600.00"
2020-07-02,2020070201007627,NRIC,48,7,40,390.00,"15,600.00"
2020-07-02,2020070201007622,NRIC,22,4,40,389.00,"15,560.00"
2020-07-02,2020070201007619,NRIC,57,34,50,390.00,"19,500.00"
2020-07-02,2020070201007618,NRIC,57,21,40,390.00,"15,600.00"
2020-07-02,2020070201007617,NRIC,57,58,40,390.00,"15,600.00"
2020-07-02,2020070201007616,NRIC,57,58,30,390.00,"11,700.00"
2020-07-02,2020070201007642,NRIC,40,16,40,389.00,"15,560.00"
2020-07-02,2020070201007640,NRIC,25,25,10,388.00,"3,880.00"
2020-07-02,2020070201007639,NRIC,56,25,30,388.00,"11,640.00"
2020-07-02,2020070201007636,NRIC,56,20,40,388.00,"15,520.00"
2020-07-02,2020070201007633,NRIC,56,16,50,388.00,"19,400.00"
2020-07-02,2020070201007628,NRIC,48,51,10,390.00,"3,900.00"
2020-07-02,2020070201007648,NRIC,40,58,40,390.00,"15,600.00"
2020-07-02,2020070201007647,NRIC,40,18,40,390.00,"15,600.00"
2020-07-02,2020070201007646,NRIC,40,51,30,390.00,"11,700.00"
2020-07-02,2020070201007645,NRIC,40,58,40,390.00,"15,600.00"
2020-07-02,2020070201007644,NRIC,40,32,40,389.00,"15,560.00"
2020-07-02,2020070201007643,NRIC,40,59,50,389.00,"19,450.00"
2020-07-02,2020070201007656,NRIC,55,10,40,390.00,"15,600.00"
2020-07-02,2020070201007653,NRIC,40,20,40,390.00,"15,600.00"
2020-07-02,2020070201007652,NRIC,40,19,50,390.00,"19,500.00"
2020-07-02,2020070201007651,NRIC,40,41,40,390.00,"15,600.00"
2020-07-02,2020070201007650,NRIC,40,40,40,390.00,"15,600.00"
2020-07-02,2020070201007649,NRIC,40,39,50,390.00,"19,500.00"
2020-07-02,2020070201007669,NRIC,25,43,20,388.00,"7,760.00"
2020-07-02,2020070201007668,NRIC,25,38,40,388.00,"15,520.00"
2020-07-02,2020070201007664,NRIC,55,59,50,390.00,"19,500.00"
2020-07-02,2020070201007661,NRIC,55,49,30,390.00,"11,700.00"
2020-07-02,2020070201007660,NRIC,55,8,40,390.00,"15,600.00"
2020-07-02,2020070201007658,NRIC,55,56,40,390.00,"15,600.00"
2020-07-02,2020070201007682,NRIC,25,34,40,388.00,"15,520.00"
2020-07-02,2020070201007681,NRIC,25,40,40,388.00,"15,520.00"
2020-07-02,2020070201007678,NRIC,25,8,40,388.00,"15,520.00"
2020-07-02,2020070201007677,NRIC,25,38,50,388.00,"19,400.00"
2020-07-02,2020070201007676,NRIC,25,4,40,388.00,"15,520.00"
2020-07-02,2020070201007671,NRIC,25,1,40,388.00,"15,520.00"
2020-07-02,2020070201007692,NRIC,42,51,20,388.00,"7,760.00"
2020-07-02,2020070201007691,NRIC,25,51,20,388.00,"7,760.00"
2020-07-02,2020070201007690,NRIC,25,21,40,388.00,"15,520.00"
2020-07-02,2020070201007689,NRIC,25,54,40,388.00,"15,520.00"
2020-07-02,2020070201007688,NRIC,25,21,40,388.00,"15,520.00"
2020-07-02,2020070201007684,NRIC,25,20,40,388.00,"15,520.00"
2020-07-02,2020070201007700,NRIC,42,58,40,388.00,"15,520.00"
2020-07-02,2020070201007699,NRIC,46,58,20,390.00,"7,800.00"
2020-07-02,2020070201007698,NRIC,42,20,50,388.00,"19,400.00"
2020-07-02,2020070201007696,NRIC,42,40,40,388.00,"15,520.00"
2020-07-02,2020070201007695,NRIC,42,16,40,388.00,"15,520.00"
2020-07-02,2020070201007694,NRIC,42,59,40,388.00,"15,520.00"
2020-07-02,2020070201007721,NRIC,42,57,40,388.00,"15,520.00"
2020-07-02,2020070201007719,NRIC,42,16,40,388.00,"15,520.00"
2020-07-02,2020070201007715,NRIC,42,40,40,388.00,"15,520.00"
2020-07-02,2020070201007709,NRIC,42,49,40,388.00,"15,520.00"
2020-07-02,2020070201007704,NRIC,42,49,40,388.00,"15,520.00"
2020-07-02,2020070201007703,NRIC,42,59,40,388.00,"15,520.00"
2020-07-02,2020070201007733,NRIC,42,58,40,388.00,"15,520.00"
2020-07-02,2020070201007732,NRIC,42,8,40,388.00,"15,520.00"
2020-07-02,2020070201007730,NRIC,42,22,50,388.00,"19,400.00"
2020-07-02,2020070201007725,NRIC,42,39,40,388.00,"15,520.00"
2020-07-02,2020070201007723,NRIC,42,34,40,388.00,"15,520.00"
2020-07-02,2020070201007722,NRIC,42,10,40,388.00,"15,520.00"
2020-07-02,2020070201007765,NRIC,42,34,40,388.00,"15,520.00"
2020-07-02,2020070201007763,NRIC,42,58,40,388.00,"15,520.00"
2020-07-02,2020070201007761,NRIC,42,57,40,388.00,"15,520.00"
2020-07-02,2020070201007760,NRIC,42,40,40,388.00,"15,520.00"
2020-07-02,2020070201007740,NRIC,42,51,40,388.00,"15,520.00"
2020-07-02,2020070201007738,NRIC,42,38,40,388.00,"15,520.00"
2020-07-02,2020070201007771,NRIC,34,58,40,390.00,"15,600.00"
2020-07-02,2020070201007770,NRIC,34,58,30,390.00,"11,700.00"
2020-07-02,2020070201007769,NRIC,51,40,40,388.00,"15,520.00"
2020-07-02,2020070201007768,NRIC,51,8,40,388.00,"15,520.00"
2020-07-02,2020070201007767,NRIC,51,1,30,388.00,"11,640.00"
2020-07-02,2020070201007766,NRIC,42,58,40,388.00,"15,520.00"
2020-07-02,2020070201007777,NRIC,34,37,40,390.00,"15,600.00"
2020-07-02,2020070201007776,NRIC,34,19,40,390.00,"15,600.00"
2020-07-02,2020070201007775,NRIC,34,22,40,390.00,"15,600.00"
2020-07-02,2020070201007774,NRIC,34,52,40,390.00,"15,600.00"
2020-07-02,2020070201007773,NRIC,34,58,40,390.00,"15,600.00"
2020-07-02,2020070201007772,NRIC,34,58,40,390.00,"15,600.00"
2020-07-02,2020070201007784,NRIC,51,49,40,388.00,"15,520.00"
2020-07-02,2020070201007782,NRIC,51,49,30,388.00,"11,640.00"
2020-07-02,2020070201007781,NRIC,34,34,580,391.00,"226,780.00"
2020-07-02,2020070201007780,NRIC,34,44,50,390.00,"19,500.00"
2020-07-02,2020070201007779,NRIC,34,45,10,390.00,"3,900.00"
2020-07-02,2020070201007778,NRIC,34,10,50,390.00,"19,500.00"
2020-07-02,2020070201007797,NRIC,51,21,40,388.00,"15,520.00"
2020-07-02,2020070201007795,NRIC,51,45,40,388.00,"15,520.00"
2020-07-02,2020070201007791,NRIC,51,20,40,388.00,"15,520.00"
2020-07-02,2020070201007788,NRIC,51,59,50,388.00,"19,400.00"
2020-07-02,2020070201007787,NRIC,51,58,40,388.00,"15,520.00"
2020-07-02,2020070201007786,NRIC,51,16,40,388.00,"15,520.00"
2020-07-02,2020070201007803,NRIC,44,18,40,389.00,"15,560.00"
2020-07-02,2020070201007802,NRIC,44,16,50,389.00,"19,450.00"
2020-07-02,2020070201007801,NRIC,47,53,40,388.00,"15,520.00"
2020-07-02,2020070201007800,NRIC,47,44,20,388.00,"7,760.00"
2020-07-02,2020070201007799,NRIC,51,44,20,388.00,"7,760.00"
2020-07-02,2020070201007798,NRIC,51,45,50,388.00,"19,400.00"
2020-07-02,2020070201007815,NRIC,56,8,50,389.00,"19,450.00"
2020-07-02,2020070201007813,NRIC,56,1,40,389.00,"15,560.00"
2020-07-02,2020070201007810,NRIC,56,40,40,389.00,"15,560.00"
2020-07-02,2020070201007808,NRIC,47,10,40,388.00,"15,520.00"
2020-07-02,2020070201007807,NRIC,44,10,10,389.00,"3,890.00"
2020-07-02,2020070201007805,NRIC,44,57,10,389.00,"3,890.00"
2020-07-02,2020070201007827,NRIC,14,57,20,390.00,"7,800.00"
2020-07-02,2020070201007825,NRIC,56,16,50,389.00,"19,450.00"
2020-07-02,2020070201007823,NRIC,56,39,40,389.00,"15,560.00"
2020-07-02,2020070201007821,NRIC,56,44,50,389.00,"19,450.00"
2020-07-02,2020070201007820,NRIC,56,34,40,389.00,"15,560.00"
2020-07-02,2020070201007818,NRIC,56,59,50,389.00,"19,450.00"
2020-07-02,2020070201007850,NRIC,47,51,40,388.00,"15,520.00"
2020-07-02,2020070201007841,NRIC,47,58,40,388.00,"15,520.00"
2020-07-02,2020070201007834,NRIC,56,18,50,389.00,"19,450.00"
2020-07-02,2020070201007833,NRIC,56,40,40,389.00,"15,560.00"
2020-07-02,2020070201007832,NRIC,56,45,50,389.00,"19,450.00"
2020-07-02,2020070201007828,NRIC,14,34,30,391.00,"11,730.00"
2020-07-02,2020070201007863,NRIC,14,16,40,387.00,"15,480.00"
2020-07-02,2020070201007855,NRIC,39,40,30,388.00,"11,640.00"
2020-07-02,2020070201007854,NRIC,39,8,20,388.00,"7,760.00"
2020-07-02,2020070201007853,NRIC,32,8,20,388.00,"7,760.00"
2020-07-02,2020070201007852,NRIC,32,59,20,388.00,"7,760.00"
2020-07-02,2020070201007851,NRIC,47,59,20,388.00,"7,760.00"
2020-07-02,2020070201007881,NRIC,14,34,40,387.00,"15,480.00"
2020-07-02,2020070201007880,NRIC,14,49,40,387.00,"15,480.00"
2020-07-02,2020070201007878,NRIC,14,40,40,387.00,"15,480.00"
2020-07-02,2020070201007873,NRIC,41,58,20,388.00,"7,760.00"
2020-07-02,2020070201007872,NRIC,41,40,20,388.00,"7,760.00"
2020-07-02,2020070201007869,NRIC,14,56,40,387.00,"15,480.00"
2020-07-02,2020070201007891,NRIC,14,51,40,387.00,"15,480.00"
2020-07-02,2020070201007889,NRIC,14,44,40,387.00,"15,480.00"
2020-07-02,2020070201007888,NRIC,14,39,40,387.00,"15,480.00"
2020-07-02,2020070201007886,NRIC,14,45,50,387.00,"19,350.00"
2020-07-02,2020070201007885,NRIC,14,1,40,387.00,"15,480.00"
2020-07-02,2020070201007884,NRIC,14,59,10,387.00,"3,870.00"
2020-07-02,2020070201007900,NRIC,40,21,40,387.00,"15,480.00"
2020-07-02,2020070201007899,NRIC,40,22,40,387.00,"15,480.00"
2020-07-02,2020070201007897,NRIC,40,22,40,387.00,"15,480.00"
2020-07-02,2020070201007896,NRIC,57,59,30,388.00,"11,640.00"
2020-07-02,2020070201007895,NRIC,57,58,20,388.00,"7,760.00"
2020-07-02,2020070201007892,NRIC,40,51,10,387.00,"3,870.00"
2020-07-02,2020070201007835,NTC,25,28,100,597.00,"59,700.00"
2020-07-02,2020070201007683,NTC,49,28,10,597.00,"5,970.00"
2020-07-02,2020070201007427,NTC,42,58,10,598.00,"5,980.00"
2020-07-02,2020070201007586,NUBL,16,57,100,902.00,"90,200.00"
2020-07-02,2020070201007585,NUBL,50,57,100,902.00,"90,200.00"
2020-07-02,2020070201007584,NUBL,42,57,50,907.00,"45,350.00"
2020-07-02,2020070201007583,NUBL,56,57,10,907.00,"9,070.00"
2020-07-02,2020070201007866,PCBL,16,36,90,230.00,"20,700.00"
2020-07-02,2020070201007865,PCBL,45,36,10,230.00,"2,300.00"
2020-07-02,2020070201007577,PCBL,59,11,100,229.00,"22,900.00"
2020-07-02,2020070201007555,PCBL,59,42,13,229.00,"2,977.00"
2020-07-02,2020070201007504,PCBL,59,46,80,229.00,"18,320.00"
2020-07-02,2020070201007425,PCBL,47,59,"1,000",229.00,"229,000.00"
2020-07-02,2020070201007424,PCBL,34,59,20,229.00,"4,580.00"
2020-07-02,2020070201007423,PCBL,50,59,"1,381",229.00,"316,249.00"
2020-07-02,2020070201007882,PLIC,36,28,200,535.00,"107,000.00"
2020-07-02,2020070201007816,PLIC,5,34,500,537.00,"268,500.00"
2020-07-02,2020070201007724,PLIC,59,53,200,530.00,"106,000.00"
2020-07-02,2020070201007737,PMHPL,45,11,10,72.00,720.00
2020-07-02,2020070201007819,PRVU,28,43,15,219.00,"3,285.00"
2020-07-02,2020070201007746,PRVU,59,25,50,218.00,"10,900.00"
2020-07-02,2020070201007745,PRVU,38,25,950,219.00,"208,050.00"
2020-07-02,2020070201007701,PRVU,33,59,300,220.00,"66,000.00"
2020-07-02,2020070201007672,PRVU,38,43,50,219.00,"10,950.00"
2020-07-02,2020070201007657,PRVU,59,47,150,218.00,"32,700.00"
2020-07-02,2020070201007530,PRVU,59,19,241,218.00,"52,538.00"
2020-07-02,2020070201007529,PRVU,45,19,759,219.00,"166,221.00"
2020-07-02,2020070201007750,RBCLPO,34,56,20,"7,335.00","146,700.00"
2020-07-02,2020070201007749,RBCLPO,34,56,30,"7,336.00","220,080.00"
2020-07-02,2020070201007748,RBCLPO,45,56,10,"7,350.00","73,500.00"
2020-07-02,2020070201007747,RBCLPO,7,56,10,"7,360.00","73,600.00"
2020-07-02,2020070201007864,RHPL,33,11,20,147.00,"2,940.00"
2020-07-02,2020070201007848,RHPL,33,50,30,147.00,"4,410.00"
2020-07-02,2020070201007621,RHPL,33,42,10,147.00,"1,470.00"
2020-07-02,2020070201007822,RMDC,48,34,10,600.00,"6,000.00"
2020-07-02,2020070201007742,RMDC,48,39,20,590.00,"11,800.00"
2020-07-02,2020070201007741,RMDC,48,39,80,588.00,"47,040.00"
2020-07-02,2020070201007826,SABSL,1,1,11,694.00,"7,634.00"
2020-07-02,2020070201007713,SANIMA,39,1,150,315.00,"47,250.00"
2020-07-02,2020070201007712,SANIMA,45,1,50,316.00,"15,800.00"
2020-07-02,2020070201007545,SANIMA,5,55,300,319.00,"95,700.00"
2020-07-02,2020070201007459,SBI,45,25,500,390.00,"195,000.00"
2020-07-02,2020070201007631,SBL,16,19,483,284.00,"137,172.00"
2020-07-02,2020070201007624,SBL,16,43,21,284.00,"5,964.00"
2020-07-02,2020070201007605,SBL,42,43,79,284.00,"22,436.00"
2020-07-02,2020070201007697,SCB,51,22,10,610.00,"6,100.00"
2020-07-02,2020070201007431,SHINE,58,45,100,214.00,"21,400.00"
2020-07-02,2020070201007859,SHIVM,38,50,100,536.00,"53,600.00"
2020-07-02,2020070201007858,SHIVM,38,42,450,536.00,"241,200.00"
2020-07-02,2020070201007857,SHIVM,17,42,50,536.00,"26,800.00"
2020-07-02,2020070201007809,SHIVM,45,16,100,539.00,"53,900.00"
2020-07-02,2020070201007437,SHIVM,38,16,160,535.00,"85,600.00"
2020-07-02,2020070201007436,SHIVM,44,16,25,535.00,"13,375.00"
2020-07-02,2020070201007435,SHIVM,38,16,15,536.00,"8,040.00"
2020-07-02,2020070201007594,SHL,14,34,100,144.00,"14,400.00"
2020-07-02,2020070201007717,SIC,21,25,194,616.00,"119,504.00"
2020-07-02,2020070201007531,SICL,7,58,100,941.00,"94,100.00"
2020-07-02,2020070201007496,SICL,56,39,15,920.00,"13,800.00"
2020-07-02,2020070201007482,SICL,56,56,50,920.00,"46,000.00"
2020-07-02,2020070201007549,SIFC,10,22,"1,206",145.00,"174,870.00"
2020-07-02,2020070201007759,SIL,34,56,10,484.00,"4,840.00"
2020-07-02,2020070201007659,SIL,34,13,25,475.00,"11,875.00"
2020-07-02,2020070201007514,SIL,36,56,90,466.00,"41,940.00"
2020-07-02,2020070201007513,SIL,42,56,10,475.00,"4,750.00"
2020-07-02,2020070201007727,SJCL,6,42,10,132.00,"1,320.00"
2020-07-02,2020070201007726,SJCL,50,42,10,133.00,"1,330.00"
2020-07-02,2020070201007667,SJCL,50,47,20,133.00,"2,660.00"
2020-07-02,2020070201007598,SJCL,50,47,20,133.00,"2,660.00"
2020-07-02,2020070201007548,SJCL,50,39,20,133.00,"2,660.00"
2020-07-02,2020070201007524,SJCL,50,47,20,133.00,"2,660.00"
2020-07-02,2020070201007416,SJCL,22,54,100,134.00,"13,400.00"
2020-07-02,2020070201007415,SJCL,41,54,290,134.00,"38,860.00"
2020-07-02,2020070201007414,SJCL,35,54,"1,000",134.00,"134,000.00"
2020-07-02,2020070201007553,SLBBL,49,38,35,769.00,"26,915.00"
2020-07-02,2020070201007434,SLBBL,33,7,52,770.00,"40,040.00"
2020-07-02,2020070201007433,SLBBL,33,7,48,770.00,"36,960.00"
2020-07-02,2020070201007868,SLBSL,36,1,10,720.00,"7,200.00"
2020-07-02,2020070201007509,SPARS,45,21,10,731.00,"7,310.00"
2020-07-02,2020070201007720,SRBL,49,38,20,218.00,"4,360.00"
2020-07-02,2020070201007625,UIC,53,57,100,292.00,"29,200.00"
2020-07-02,2020070201007638,UPCL,48,44,50,70.00,"3,500.00"
2020-07-02,2020070201007613,UPCL,48,58,50,70.00,"3,500.00"
2020-07-02,2020070201007790,UPPER,45,19,72,233.00,"16,776.00"
2020-07-02,2020070201007789,UPPER,45,41,50,233.00,"11,650.00"
2020-07-02,2020070201007349,ADBL,32,19,18,343.00,"6,174.00"
2020-07-02,2020070201007250,ADBL,14,39,75,343.00,"25,725.00"
2020-07-02,2020070201007249,ADBL,33,39,100,345.00,"34,500.00"
2020-07-02,2020070201007045,ADBL,14,50,13,343.00,"4,459.00"
2020-07-02,2020070201006994,ADBL,14,45,312,343.00,"107,016.00"
2020-07-02,2020070201006993,ADBL,51,45,50,345.00,"17,250.00"
2020-07-02,2020070201007342,AKJCL,45,44,50,49.00,"2,450.00"
2020-07-02,2020070201006967,AKPL,52,1,37,119.00,"4,403.00"
2020-07-02,2020070201006966,AKPL,52,44,13,119.00,"1,547.00"
2020-07-02,2020070201007122,ALBSL,56,56,11,567.00,"6,237.00"
2020-07-02,2020070201007290,ALICL,51,19,50,535.00,"26,750.00"
2020-07-02,2020070201007289,ALICL,57,19,70,536.00,"37,520.00"
2020-07-02,2020070201007288,ALICL,33,19,51,537.00,"27,387.00"
2020-07-02,2020070201007205,ALICL,33,22,100,537.00,"53,700.00"
2020-07-02,2020070201007083,ALICL,33,50,500,537.00,"268,500.00"
2020-07-02,2020070201006920,ALICL,33,35,250,537.00,"134,250.00"
2020-07-02,2020070201007376,BPCL,17,49,26,345.00,"8,970.00"
2020-07-02,2020070201007182,BPCL,17,59,24,345.00,"8,280.00"
2020-07-02,2020070201007393,CBL,36,32,200,128.00,"25,600.00"
2020-07-02,2020070201007372,CCBL,34,47,54,158.00,"8,532.00"
2020-07-02,2020070201007368,CCBL,34,25,672,158.00,"106,176.00"
2020-07-02,2020070201007367,CCBL,41,25,300,158.00,"47,400.00"
2020-07-02,2020070201007366,CCBL,45,25,17,158.00,"2,686.00"
2020-07-02,2020070201007135,CCBL,45,57,670,158.00,"105,860.00"
2020-07-02,2020070201007134,CCBL,13,57,30,159.00,"4,770.00"
2020-07-02,2020070201007133,CCBL,34,57,300,159.00,"47,700.00"
2020-07-02,2020070201007117,CCBL,19,45,199,159.00,"31,641.00"
2020-07-02,2020070201007387,CIT,3,52,50,"2,293.00","114,650.00"
2020-07-02,2020070201007159,CIT,17,21,15,"2,300.00","34,500.00"
2020-07-02,2020070201007158,CIT,51,21,15,"2,301.00","34,515.00"
2020-07-02,2020070201006976,CIT,33,19,190,"2,333.00","443,270.00"
2020-07-02,2020070201007017,CLBSL,17,52,10,585.00,"5,850.00"
2020-07-02,2020070201007016,CLBSL,41,52,35,590.00,"20,650.00"
2020-07-02,2020070201007354,EBL,45,39,194,630.00,"122,220.00"
2020-07-02,2020070201007244,EBL,45,57,12,630.00,"7,560.00"
2020-07-02,2020070201007243,EBL,33,57,38,630.00,"23,940.00"
2020-07-02,2020070201007242,EBL,33,41,100,630.00,"63,000.00"
2020-07-02,2020070201007031,EBL,33,48,"1,670",630.00,"1,052,100.00"
2020-07-02,2020070201007030,EBL,22,48,50,631.00,"31,550.00"
2020-07-02,2020070201007029,EBL,33,48,970,631.00,"612,070.00"
2020-07-02,2020070201007028,EBL,45,48,10,632.00,"6,320.00"
2020-07-02,2020070201007027,EBL,41,48,200,633.00,"126,600.00"
2020-07-02,2020070201007396,EIC,10,57,200,372.00,"74,400.00"
2020-07-02,2020070201007172,FOWAD,42,58,50,"1,394.00","69,700.00"
2020-07-02,2020070201007239,GBIME,25,53,242,237.00,"57,354.00"
2020-07-02,2020070201007238,GBIME,58,53,100,237.00,"23,700.00"
2020-07-02,2020070201007237,GBIME,41,53,100,237.00,"23,700.00"
2020-07-02,2020070201007236,GBIME,8,53,"3,358",237.00,"795,846.00"
2020-07-02,2020070201007153,GBIME,8,34,845,237.00,"200,265.00"
2020-07-02,2020070201007152,GBIME,52,34,50,238.00,"11,900.00"
2020-07-02,2020070201007151,GBIME,45,34,350,238.00,"83,300.00"
2020-07-02,2020070201007111,GBIME,11,28,100,239.00,"23,900.00"
2020-07-02,2020070201007015,GBIME,45,34,50,238.00,"11,900.00"
2020-07-02,2020070201007348,GBLBS,38,57,"1,000",414.00,"414,000.00"
2020-07-02,2020070201007347,GBLBS,38,8,15,414.00,"6,210.00"
2020-07-02,2020070201007220,GBLBS,33,50,200,410.00,"82,000.00"
2020-07-02,2020070201006969,GBLBS,33,44,200,408.00,"81,600.00"
2020-07-02,2020070201007248,HDL,54,47,147,"1,418.00","208,446.00"
2020-07-02,2020070201007247,HDL,52,47,100,"1,418.00","141,800.00"
2020-07-02,2020070201007246,HDL,41,47,53,"1,418.00","75,154.00"
2020-07-02,2020070201007245,HDL,45,57,50,"1,420.00","71,000.00"
2020-07-02,2020070201007221,HDL,41,14,160,"1,418.00","226,880.00"
2020-07-02,2020070201007035,HDL,41,45,114,"1,418.00","161,652.00"
2020-07-02,2020070201007034,HDL,41,49,393,"1,418.00","557,274.00"
2020-07-02,2020070201007033,HDL,41,44,280,"1,418.00","397,040.00"
2020-07-02,2020070201006970,HDL,5,44,100,"1,418.00","141,800.00"
2020-07-02,2020070201006936,HDL,5,44,50,"1,418.00","70,900.00"
2020-07-02,2020070201007374,HGI,45,48,50,329.00,"16,450.00"
2020-07-02,2020070201007373,HGI,10,48,200,330.00,"66,000.00"
2020-07-02,2020070201007196,KBL,45,41,10,179.00,"1,790.00"
2020-07-02,2020070201007320,KPCL,22,52,10,104.00,"1,040.00"
2020-07-02,2020070201006915,LBBL,50,50,200,174.00,"34,800.00"
2020-07-02,2020070201006914,LBBL,49,50,100,174.00,"17,400.00"
2020-07-02,2020070201006913,LBBL,58,50,20,174.00,"3,480.00"
2020-07-02,2020070201007050,LBBL,34,40,30,175.00,"5,250.00"
2020-07-02,2020070201006992,LBBL,51,50,20,174.00,"3,480.00"
2020-07-02,2020070201007114,LGIL,17,39,10,375.00,"3,750.00"
2020-07-02,2020070201007072,LGIL,42,39,10,380.00,"3,800.00"
2020-07-02,2020070201007351,MBL,50,44,300,212.00,"63,600.00"
2020-07-02,2020070201007036,MBL,38,44,131,212.00,"27,772.00"
2020-07-02,2020070201007300,MEGA,28,56,988,200.00,"197,600.00"
2020-07-02,2020070201007299,MEGA,58,56,200,200.00,"40,000.00"
2020-07-02,2020070201007298,MEGA,54,56,100,200.00,"20,000.00"
2020-07-02,2020070201007297,MEGA,42,56,12,200.00,"2,400.00"
2020-07-02,2020070201007296,MEGA,49,56,200,200.00,"40,000.00"
2020-07-02,2020070201007292,MEGA,49,1,100,201.00,"20,100.00"
2020-07-02,2020070201007144,MEGA,5,1,300,201.00,"60,300.00"
2020-07-02,2020070201007143,MEGA,33,1,439,201.00,"88,239.00"
2020-07-02,2020070201007120,MEGA,33,32,611,201.00,"122,811.00"
2020-07-02,2020070201007119,MEGA,49,32,100,202.00,"20,200.00"
2020-07-02,2020070201007263,MERO,17,22,57,558.00,"31,806.00"
2020-07-02,2020070201007262,MERO,45,22,57,558.00,"31,806.00"
2020-07-02,2020070201007261,MERO,41,22,125,560.00,"70,000.00"
2020-07-02,2020070201007137,MERO,42,40,10,569.00,"5,690.00"
2020-07-02,2020070201006997,MERO,41,17,75,560.00,"42,000.00"
2020-07-02,2020070201006947,MLBL,32,16,200,185.00,"37,000.00"
2020-07-02,2020070201007178,MNBBL,52,4,23,298.00,"6,854.00"
2020-07-02,2020070201007177,MNBBL,48,4,177,300.00,"53,100.00"
2020-07-02,2020070201007138,MNBBL,48,22,23,300.00,"6,900.00"
2020-07-02,2020070201007057,MNBBL,34,22,30,300.00,"9,000.00"
2020-07-02,2020070201007056,MNBBL,10,22,300,300.00,"90,000.00"
2020-07-02,2020070201007055,MNBBL,28,22,500,300.00,"150,000.00"
2020-07-02,2020070201007054,MNBBL,53,22,500,300.00,"150,000.00"
2020-07-02,2020070201007053,MNBBL,39,22,53,300.00,"15,900.00"
2020-07-02,2020070201007052,MNBBL,28,22,94,301.00,"28,294.00"
2020-07-02,2020070201006933,MNBBL,28,55,406,301.00,"122,206.00"
2020-07-02,2020070201007364,NABIL,28,51,15,716.00,"10,740.00"
2020-07-02,2020070201007345,NABIL,45,22,224,703.00,"157,472.00"
2020-07-02,2020070201007343,NABIL,46,51,12,716.00,"8,592.00"
2020-07-02,2020070201007336,NABIL,42,40,50,710.00,"35,500.00"
2020-07-02,2020070201007087,NABIL,33,58,119,702.00,"83,538.00"
2020-07-02,2020070201007040,NABIL,33,46,306,702.00,"214,812.00"
2020-07-02,2020070201006981,NABIL,50,43,130,705.00,"91,650.00"
2020-07-02,2020070201007226,NBB,41,48,20,188.00,"3,760.00"
2020-07-02,2020070201006999,NBB,44,39,50,187.00,"9,350.00"
2020-07-02,2020070201007358,NBL,39,29,500,240.00,"120,000.00"
2020-07-02,2020070201007286,NBL,44,19,114,237.00,"27,018.00"
2020-07-02,2020070201007285,NBL,43,19,386,237.00,"91,482.00"
2020-07-02,2020070201007271,NBL,39,29,300,240.00,"72,000.00"
2020-07-02,2020070201007113,NBL,44,29,500,240.00,"120,000.00"
2020-07-02,2020070201007046,NBL,28,29,15,240.00,"3,600.00"
2020-07-02,2020070201006953,NCCB,58,33,14,187.00,"2,618.00"
2020-07-02,2020070201006952,NCCB,58,35,70,184.00,"12,880.00"
2020-07-02,2020070201006951,NCCB,58,21,126,183.00,"23,058.00"
2020-07-02,2020070201007400,NIB,28,51,162,442.00,"71,604.00"
2020-07-02,2020070201007331,NIB,52,25,38,440.00,"16,720.00"
2020-07-02,2020070201007241,NIB,11,25,20,441.00,"8,820.00"
2020-07-02,2020070201007204,NIB,41,51,122,442.00,"53,924.00"
2020-07-02,2020070201007203,NIB,51,51,300,444.00,"133,200.00"
2020-07-02,2020070201007171,NIB,41,46,178,442.00,"78,676.00"
2020-07-02,2020070201007020,NIB,52,43,871,440.00,"383,240.00"
2020-07-02,2020070201007019,NIB,42,43,50,443.00,"22,150.00"
2020-07-02,2020070201007018,NIB,51,43,79,444.00,"35,076.00"
2020-07-02,2020070201006912,NIB,51,51,100,444.00,"44,400.00"
2020-07-02,2020070201007170,NIB,42,46,70,445.00,"31,150.00"
2020-07-02,2020070201007147,NIB,42,25,30,445.00,"13,350.00"
2020-07-02,2020070201007086,NIB,52,57,364,440.00,"160,160.00"
2020-07-02,2020070201007085,NIB,28,57,100,445.00,"44,500.00"
2020-07-02,2020070201007084,NIB,47,57,36,445.00,"16,020.00"
2020-07-02,2020070201007044,NIB,47,46,64,445.00,"28,480.00"
2020-07-02,2020070201007304,NICA,45,5,100,477.00,"47,700.00"
2020-07-02,2020070201007280,NICA,32,59,150,473.00,"70,950.00"
2020-07-02,2020070201007279,NICA,45,59,"1,000",473.00,"473,000.00"
2020-07-02,2020070201007278,NICA,52,59,"1,000",474.00,"474,000.00"
2020-07-02,2020070201007277,NICA,53,59,250,477.00,"119,250.00"
2020-07-02,2020070201007276,NICA,41,59,120,477.00,"57,240.00"
2020-07-02,2020070201006959,NICA,46,19,232,477.00,"110,664.00"
2020-07-02,2020070201006958,NICA,45,19,100,478.00,"47,800.00"
2020-07-02,2020070201006957,NICA,28,19,"1,000",478.00,"478,000.00"
2020-07-02,2020070201006956,NICA,3,19,100,478.00,"47,800.00"
2020-07-02,2020070201006955,NICA,21,19,800,482.00,"385,600.00"
2020-07-02,2020070201007275,NICA,36,59,282,477.00,"134,514.00"
2020-07-02,2020070201007180,NICA,28,53,100,482.00,"48,200.00"
2020-07-02,2020070201007008,NICA,41,57,10,485.00,"4,850.00"
2020-07-02,2020070201007007,NICA,41,34,20,485.00,"9,700.00"
2020-07-02,2020070201006961,NICA,36,19,718,477.00,"342,486.00"
2020-07-02,2020070201006960,NICA,44,19,50,477.00,"23,850.00"
2020-07-02,2020070201007206,NICL,44,33,590,362.00,"213,580.00"
2020-07-02,2020070201007037,NICL,44,55,165,362.00,"59,730.00"
2020-07-02,2020070201007198,NLG,34,13,40,560.00,"22,400.00"
2020-07-02,2020070201007197,NLG,50,13,112,562.00,"62,944.00"
2020-07-02,2020070201007259,NLIC,50,55,19,"1,134.00","21,546.00"
2020-07-02,2020070201007258,NLIC,34,55,200,"1,134.00","226,800.00"
2020-07-02,2020070201007257,NLIC,14,55,100,"1,134.00","113,400.00"
2020-07-02,2020070201007175,NLIC,16,17,200,"1,135.00","227,000.00"
2020-07-02,2020070201007174,NLIC,34,17,500,"1,135.00","567,500.00"
2020-07-02,2020070201007173,NLIC,45,17,54,"1,135.00","61,290.00"
2020-07-02,2020070201006922,NLIC,58,5,10,"1,134.00","11,340.00"
2020-07-02,2020070201006921,NLIC,44,47,100,"1,134.00","113,400.00"
2020-07-02,2020070201006917,NLIC,44,57,100,"1,134.00","113,400.00"
2020-07-02,2020070201007002,NLIC,51,53,50,"1,140.00","57,000.00"
2020-07-02,2020070201006985,NLIC,14,46,60,"1,134.00","68,040.00"
2020-07-02,2020070201006984,NLIC,59,46,40,"1,137.00","45,480.00"
2020-07-02,2020070201006954,NLIC,59,45,160,"1,137.00","181,920.00"
2020-07-02,2020070201006941,NLIC,14,45,39,"1,134.00","44,226.00"
2020-07-02,2020070201006940,NLIC,58,45,10,"1,134.00","11,340.00"
2020-07-02,2020070201007146,NLIC,45,48,90,"1,135.00","102,150.00"
2020-07-02,2020070201007145,NLIC,5,48,10,"1,137.00","11,370.00"
2020-07-02,2020070201007108,NLIC,5,34,490,"1,137.00","557,130.00"
2020-07-02,2020070201007071,NLIC,52,34,10,"1,137.00","11,370.00"
2020-07-02,2020070201007011,NLIC,45,53,16,"1,140.00","18,240.00"
2020-07-02,2020070201007010,NLIC,45,14,50,"1,137.00","56,850.00"
2020-07-02,2020070201007228,NLICL,45,50,10,607.00,"6,070.00"
2020-07-02,2020070201007127,NLICL,1,55,269,605.00,"162,745.00"
2020-07-02,2020070201007126,NLICL,1,55,200,606.00,"121,200.00"
2020-07-02,2020070201007406,NMB,48,43,200,370.00,"74,000.00"
2020-07-02,2020070201007390,NMB,35,43,10,370.00,"3,700.00"
2020-07-02,2020070201007389,NMB,33,43,188,371.00,"69,748.00"
2020-07-02,2020070201007362,NMB,33,49,126,371.00,"46,746.00"
2020-07-02,2020070201007356,NMB,33,11,50,371.00,"18,550.00"
2020-07-02,2020070201007233,NMB,33,22,636,371.00,"235,956.00"
2020-07-02,2020070201006919,NMB,47,58,8,375.00,"3,000.00"
2020-07-02,2020070201006918,NMB,47,37,42,375.00,"15,750.00"
2020-07-02,2020070201007079,NMB,21,19,932,370.00,"344,840.00"
2020-07-02,2020070201007078,NMB,43,19,50,371.00,"18,550.00"
2020-07-02,2020070201007077,NMB,52,19,50,371.00,"18,550.00"
2020-07-02,2020070201007041,NMB,52,11,14,372.00,"5,208.00"
2020-07-02,2020070201007021,NMB,43,40,50,375.00,"18,750.00"
2020-07-02,2020070201007000,NMB,43,41,50,372.00,"18,600.00"
2020-07-02,2020070201007186,NMB,1,43,130,367.00,"47,710.00"
2020-07-02,2020070201007185,NMB,4,43,50,367.00,"18,350.00"
2020-07-02,2020070201007184,NMB,48,43,50,368.00,"18,400.00"
2020-07-02,2020070201007183,NMB,58,43,20,368.00,"7,360.00"
2020-07-02,2020070201007081,NMB,35,19,100,370.00,"37,000.00"
2020-07-02,2020070201007080,NMB,49,19,500,370.00,"185,000.00"
2020-07-02,2020070201007409,NRIC,21,58,40,390.00,"15,600.00"
2020-07-02,2020070201007401,NRIC,21,36,40,390.00,"15,600.00"
2020-07-02,2020070201007399,NRIC,21,16,40,390.00,"15,600.00"
2020-07-02,2020070201007398,NRIC,21,7,50,390.00,"19,500.00"
2020-07-02,2020070201007392,NRIC,21,21,40,390.00,"15,600.00"
2020-07-02,2020070201007391,NRIC,21,39,40,390.00,"15,600.00"
2020-07-02,2020070201006916,NRIC,54,37,40,389.00,"15,560.00"
2020-07-02,2020070201006911,NRIC,54,56,40,389.00,"15,560.00"
2020-07-02,2020070201006929,NRIC,55,56,40,390.00,"15,600.00"
2020-07-02,2020070201006928,NRIC,55,50,40,390.00,"15,600.00"
2020-07-02,2020070201006927,NRIC,55,18,40,390.00,"15,600.00"
2020-07-02,2020070201006926,NRIC,54,49,40,389.00,"15,560.00"
2020-07-02,2020070201006924,NRIC,54,16,40,389.00,"15,560.00"
2020-07-02,2020070201006923,NRIC,54,42,40,389.00,"15,560.00"
2020-07-02,2020070201006942,NRIC,55,50,40,390.00,"15,600.00"
2020-07-02,2020070201006939,NRIC,55,44,40,390.00,"15,600.00"
2020-07-02,2020070201006938,NRIC,55,51,40,390.00,"15,600.00"
2020-07-02,2020070201006937,NRIC,55,18,40,390.00,"15,600.00"
2020-07-02,2020070201006935,NRIC,55,38,40,390.00,"15,600.00"
2020-07-02,2020070201006934,NRIC,55,4,40,390.00,"15,600.00"
2020-07-02,2020070201006950,NRIC,55,39,40,390.00,"15,600.00"
2020-07-02,2020070201006948,NRIC,55,19,40,390.00,"15,600.00"
2020-07-02,2020070201006946,NRIC,55,40,40,390.00,"15,600.00"
2020-07-02,2020070201006945,NRIC,55,58,40,390.00,"15,600.00"
2020-07-02,2020070201006944,NRIC,55,25,50,390.00,"19,500.00"
2020-07-02,2020070201006943,NRIC,55,56,40,390.00,"15,600.00"
2020-07-02,2020070201006974,NRIC,55,37,40,390.00,"15,600.00"
2020-07-02,2020070201006973,NRIC,55,38,40,390.00,"15,600.00"
2020-07-02,2020070201006965,NRIC,55,59,40,390.00,"15,600.00"
2020-07-02,2020070201006964,NRIC,55,43,40,390.00,"15,600.00"
2020-07-02,2020070201006963,NRIC,55,7,40,390.00,"15,600.00"
2020-07-02,2020070201006962,NRIC,55,56,40,390.00,"15,600.00"
2020-07-02,2020070201006982,NRIC,33,25,40,390.00,"15,600.00"
2020-07-02,2020070201006980,NRIC,33,16,10,390.00,"3,900.00"
2020-07-02,2020070201006979,NRIC,55,16,30,390.00,"11,700.00"
2020-07-02,2020070201006978,NRIC,55,21,40,390.00,"15,600.00"
2020-07-02,2020070201006977,NRIC,55,16,40,390.00,"15,600.00"
2020-07-02,2020070201006975,NRIC,55,58,40,390.00,"15,600.00"
2020-07-02,2020070201006991,NRIC,33,4,40,390.00,"15,600.00"
2020-07-02,2020070201006990,NRIC,33,32,50,390.00,"19,500.00"
2020-07-02,2020070201006988,NRIC,51,14,40,395.00,"15,800.00"
2020-07-02,2020070201006987,NRIC,51,16,40,394.00,"15,760.00"
2020-07-02,2020070201006986,NRIC,33,58,40,390.00,"15,600.00"
2020-07-02,2020070201006983,NRIC,33,16,40,390.00,"15,600.00"
2020-07-02,2020070201007004,NRIC,58,18,30,390.00,"11,700.00"
2020-07-02,2020070201007003,NRIC,33,18,10,390.00,"3,900.00"
2020-07-02,2020070201007001,NRIC,33,1,40,390.00,"15,600.00"
2020-07-02,2020070201006998,NRIC,33,56,40,390.00,"15,600.00"
2020-07-02,2020070201006996,NRIC,33,16,40,390.00,"15,600.00"
2020-07-02,2020070201006995,NRIC,33,38,50,390.00,"19,500.00"
2020-07-02,2020070201007023,NRIC,54,4,40,389.00,"15,560.00"
2020-07-02,2020070201007013,NRIC,22,34,40,390.00,"15,600.00"
2020-07-02,2020070201007012,NRIC,58,34,850,390.00,"331,500.00"
2020-07-02,2020070201007009,NRIC,58,49,40,390.00,"15,600.00"
2020-07-02,2020070201007006,NRIC,58,34,40,390.00,"15,600.00"
2020-07-02,2020070201007005,NRIC,58,39,40,390.00,"15,600.00"
2020-07-02,2020070201007049,NRIC,54,16,50,389.00,"19,450.00"
2020-07-02,2020070201007048,NRIC,54,19,40,389.00,"15,560.00"
2020-07-02,2020070201007047,NRIC,25,34,"1,000",390.00,"390,000.00"
2020-07-02,2020070201007038,NRIC,54,44,50,389.00,"19,450.00"
2020-07-02,2020070201007032,NRIC,54,57,40,389.00,"15,560.00"
2020-07-02,2020070201007026,NRIC,54,16,40,389.00,"15,560.00"
2020-07-02,2020070201007063,NRIC,5,56,40,389.00,"15,560.00"
2020-07-02,2020070201007062,NRIC,5,56,40,389.00,"15,560.00"
2020-07-02,2020070201007061,NRIC,5,50,40,389.00,"15,560.00"
2020-07-02,2020070201007060,NRIC,5,19,50,389.00,"19,450.00"
2020-07-02,2020070201007059,NRIC,51,34,80,390.00,"31,200.00"
2020-07-02,2020070201007051,NRIC,5,33,40,389.00,"15,560.00"
2020-07-02,2020070201007069,NRIC,37,20,10,388.00,"3,880.00"
2020-07-02,2020070201007068,NRIC,5,20,30,389.00,"11,670.00"
2020-07-02,2020070201007067,NRIC,5,56,40,389.00,"15,560.00"
2020-07-02,2020070201007066,NRIC,5,49,40,389.00,"15,560.00"
2020-07-02,2020070201007065,NRIC,5,50,40,389.00,"15,560.00"
2020-07-02,2020070201007064,NRIC,5,1,40,389.00,"15,560.00"
2020-07-02,2020070201007089,NRIC,41,58,40,389.00,"15,560.00"
2020-07-02,2020070201007088,NRIC,41,43,40,389.00,"15,560.00"
2020-07-02,2020070201007082,NRIC,37,16,40,388.00,"15,520.00"
2020-07-02,2020070201007076,NRIC,37,22,50,388.00,"19,400.00"
2020-07-02,2020070201007074,NRIC,39,37,20,390.00,"7,800.00"
2020-07-02,2020070201007073,NRIC,39,34,30,390.00,"11,700.00"
2020-07-02,2020070201007095,NRIC,41,58,40,390.00,"15,600.00"
2020-07-02,2020070201007094,NRIC,41,37,20,390.00,"7,800.00"
2020-07-02,2020070201007093,NRIC,41,39,40,389.00,"15,560.00"
2020-07-02,2020070201007092,NRIC,41,48,40,389.00,"15,560.00"
2020-07-02,2020070201007091,NRIC,41,42,40,389.00,"15,560.00"
2020-07-02,2020070201007090,NRIC,41,16,50,389.00,"19,450.00"
2020-07-02,2020070201007101,NRIC,41,58,10,390.00,"3,900.00"
2020-07-02,2020070201007100,NRIC,41,16,40,390.00,"15,600.00"
2020-07-02,2020070201007099,NRIC,41,11,40,390.00,"15,600.00"
2020-07-02,2020070201007098,NRIC,41,7,40,390.00,"15,600.00"
2020-07-02,2020070201007097,NRIC,41,19,20,390.00,"7,800.00"
2020-07-02,2020070201007096,NRIC,41,56,40,390.00,"15,600.00"
2020-07-02,2020070201007115,NRIC,37,25,10,388.00,"3,880.00"
2020-07-02,2020070201007112,NRIC,37,16,40,388.00,"15,520.00"
2020-07-02,2020070201007110,NRIC,37,4,40,388.00,"15,520.00"
2020-07-02,2020070201007107,NRIC,37,59,50,388.00,"19,400.00"
2020-07-02,2020070201007103,NRIC,37,38,40,388.00,"15,520.00"
2020-07-02,2020070201007102,NRIC,37,58,30,388.00,"11,640.00"
2020-07-02,2020070201007128,NRIC,55,16,40,390.00,"15,600.00"
2020-07-02,2020070201007125,NRIC,55,57,50,390.00,"19,500.00"
2020-07-02,2020070201007124,NRIC,55,34,20,389.00,"7,780.00"
2020-07-02,2020070201007123,NRIC,45,40,40,388.00,"15,520.00"
2020-07-02,2020070201007118,NRIC,45,51,20,388.00,"7,760.00"
2020-07-02,2020070201007116,NRIC,45,25,30,388.00,"11,640.00"
2020-07-02,2020070201007148,NRIC,45,19,50,388.00,"19,400.00"
2020-07-02,2020070201007136,NRIC,45,36,40,388.00,"15,520.00"
2020-07-02,2020070201007132,NRIC,45,49,30,388.00,"11,640.00"
2020-07-02,2020070201007131,NRIC,55,49,10,390.00,"3,900.00"
2020-07-02,2020070201007130,NRIC,55,16,40,390.00,"15,600.00"
2020-07-02,2020070201007129,NRIC,55,16,40,390.00,"15,600.00"
2020-07-02,2020070201007179,NRIC,45,1,40,388.00,"15,520.00"
2020-07-02,2020070201007176,NRIC,45,58,40,388.00,"15,520.00"
2020-07-02,2020070201007162,NRIC,45,4,40,388.00,"15,520.00"
2020-07-02,2020070201007161,NRIC,45,20,40,388.00,"15,520.00"
2020-07-02,2020070201007160,NRIC,45,36,40,388.00,"15,520.00"
2020-07-02,2020070201007157,NRIC,45,39,40,388.00,"15,520.00"
2020-07-02,2020070201007192,NRIC,28,41,40,390.00,"15,600.00"
2020-07-02,2020070201007191,NRIC,28,10,40,390.00,"15,600.00"
2020-07-02,2020070201007190,NRIC,28,52,40,389.00,"15,560.00"
2020-07-02,2020070201007188,NRIC,42,21,30,388.00,"11,640.00"
2020-07-02,2020070201007187,NRIC,45,21,10,388.00,"3,880.00"
2020-07-02,2020070201007181,NRIC,45,37,40,388.00,"15,520.00"
2020-07-02,2020070201007201,NRIC,42,59,40,388.00,"15,520.00"
2020-07-02,2020070201007200,NRIC,42,56,40,388.00,"15,520.00"
2020-07-02,2020070201007199,NRIC,42,16,40,388.00,"15,520.00"
2020-07-02,2020070201007195,NRIC,28,56,30,390.00,"11,700.00"
2020-07-02,2020070201007194,NRIC,28,58,40,390.00,"15,600.00"
2020-07-02,2020070201007193,NRIC,28,58,10,390.00,"3,900.00"
2020-07-02,2020070201007214,NRIC,42,40,40,388.00,"15,520.00"
2020-07-02,2020070201007213,NRIC,42,4,10,388.00,"3,880.00"
2020-07-02,2020070201007211,NRIC,42,32,40,388.00,"15,520.00"
2020-07-02,2020070201007210,NRIC,42,43,50,388.00,"19,400.00"
2020-07-02,2020070201007207,NRIC,42,16,40,388.00,"15,520.00"
2020-07-02,2020070201007202,NRIC,42,48,40,388.00,"15,520.00"
2020-07-02,2020070201007223,NRIC,28,58,40,388.00,"15,520.00"
2020-07-02,2020070201007222,NRIC,28,36,40,388.00,"15,520.00"
2020-07-02,2020070201007219,NRIC,28,59,40,388.00,"15,520.00"
2020-07-02,2020070201007218,NRIC,42,38,40,388.00,"15,520.00"
2020-07-02,2020070201007217,NRIC,42,49,50,388.00,"19,400.00"
2020-07-02,2020070201007215,NRIC,42,43,40,388.00,"15,520.00"
2020-07-02,2020070201007235,NRIC,51,20,40,388.00,"15,520.00"
2020-07-02,2020070201007234,NRIC,28,56,40,388.00,"15,520.00"
2020-07-02,2020070201007232,NRIC,28,34,40,388.00,"15,520.00"
2020-07-02,2020070201007231,NRIC,57,56,30,390.00,"11,700.00"
2020-07-02,2020070201007230,NRIC,57,56,10,390.00,"3,900.00"
2020-07-02,2020070201007229,NRIC,57,48,40,389.00,"15,560.00"
2020-07-02,2020070201007255,NRIC,14,56,20,390.00,"7,800.00"
2020-07-02,2020070201007254,NRIC,14,25,40,390.00,"15,600.00"
2020-07-02,2020070201007253,NRIC,56,16,40,388.00,"15,520.00"
2020-07-02,2020070201007252,NRIC,56,18,30,388.00,"11,640.00"
2020-07-02,2020070201007251,NRIC,51,18,10,388.00,"3,880.00"
2020-07-02,2020070201007240,NRIC,51,44,50,388.00,"19,400.00"
2020-07-02,2020070201007267,NRIC,14,1,40,390.00,"15,600.00"
2020-07-02,2020070201007266,NRIC,14,28,50,390.00,"19,500.00"
2020-07-02,2020070201007265,NRIC,14,58,40,390.00,"15,600.00"
2020-07-02,2020070201007264,NRIC,14,25,40,390.00,"15,600.00"
2020-07-02,2020070201007260,NRIC,14,20,40,390.00,"15,600.00"
2020-07-02,2020070201007256,NRIC,14,18,40,390.00,"15,600.00"
2020-07-02,2020070201007274,NRIC,57,58,20,389.00,"7,780.00"
2020-07-02,2020070201007273,NRIC,14,58,20,390.00,"7,800.00"
2020-07-02,2020070201007272,NRIC,14,38,40,390.00,"15,600.00"
2020-07-02,2020070201007270,NRIC,14,4,50,390.00,"19,500.00"
2020-07-02,2020070201007269,NRIC,14,37,40,390.00,"15,600.00"
2020-07-02,2020070201007268,NRIC,14,7,40,390.00,"15,600.00"
2020-07-02,2020070201007293,NRIC,58,38,50,389.00,"19,450.00"
2020-07-02,2020070201007291,NRIC,58,56,40,389.00,"15,560.00"
2020-07-02,2020070201007287,NRIC,56,39,40,388.00,"15,520.00"
2020-07-02,2020070201007284,NRIC,56,39,40,388.00,"15,520.00"
2020-07-02,2020070201007283,NRIC,56,11,10,388.00,"3,880.00"
2020-07-02,2020070201007282,NRIC,57,11,30,389.00,"11,670.00"
2020-07-02,2020070201007311,NRIC,56,49,40,388.00,"15,520.00"
2020-07-02,2020070201007310,NRIC,56,57,40,388.00,"15,520.00"
2020-07-02,2020070201007308,NRIC,52,56,10,390.00,"3,900.00"
2020-07-02,2020070201007307,NRIC,52,16,40,390.00,"15,600.00"
2020-07-02,2020070201007295,NRIC,56,34,90,388.00,"34,920.00"
2020-07-02,2020070201007294,NRIC,58,34,910,389.00,"353,990.00"
2020-07-02,2020070201007317,NRIC,21,5,40,390.00,"15,600.00"
2020-07-02,2020070201007316,NRIC,21,21,50,390.00,"19,500.00"
2020-07-02,2020070201007315,NRIC,21,59,40,390.00,"15,600.00"
2020-07-02,2020070201007314,NRIC,21,40,40,390.00,"15,600.00"
2020-07-02,2020070201007313,NRIC,21,56,30,390.00,"11,700.00"
2020-07-02,2020070201007312,NRIC,56,4,50,388.00,"19,400.00"
2020-07-02,2020070201007326,NRIC,21,16,40,390.00,"15,600.00"
2020-07-02,2020070201007325,NRIC,21,49,40,390.00,"15,600.00"
2020-07-02,2020070201007324,NRIC,51,47,10,395.00,"3,950.00"
2020-07-02,2020070201007323,NRIC,51,58,30,395.00,"11,850.00"
2020-07-02,2020070201007322,NRIC,51,13,40,394.00,"15,760.00"
2020-07-02,2020070201007321,NRIC,21,16,40,390.00,"15,600.00"
2020-07-02,2020070201007344,NRIC,21,44,40,390.00,"15,600.00"
2020-07-02,2020070201007335,NRIC,21,36,50,390.00,"19,500.00"
2020-07-02,2020070201007334,NRIC,21,42,30,390.00,"11,700.00"
2020-07-02,2020070201007330,NRIC,21,34,40,390.00,"15,600.00"
2020-07-02,2020070201007329,NRIC,21,32,50,390.00,"19,500.00"
2020-07-02,2020070201007328,NRIC,21,17,40,390.00,"15,600.00"
2020-07-02,2020070201007357,NRIC,21,56,40,390.00,"15,600.00"
2020-07-02,2020070201007355,NRIC,21,18,40,390.00,"15,600.00"
2020-07-02,2020070201007353,NRIC,21,44,40,390.00,"15,600.00"
2020-07-02,2020070201007352,NRIC,21,39,40,390.00,"15,600.00"
2020-07-02,2020070201007350,NRIC,21,16,40,390.00,"15,600.00"
2020-07-02,2020070201007346,NRIC,21,43,40,390.00,"15,600.00"
2020-07-02,2020070201007375,NRIC,21,38,50,390.00,"19,500.00"
2020-07-02,2020070201007365,NRIC,21,38,40,390.00,"15,600.00"
2020-07-02,2020070201007363,NRIC,21,56,40,390.00,"15,600.00"
2020-07-02,2020070201007361,NRIC,21,20,40,390.00,"15,600.00"
2020-07-02,2020070201007360,NRIC,21,58,40,390.00,"15,600.00"
2020-07-02,2020070201007359,NRIC,21,53,40,390.00,"15,600.00"
2020-07-02,2020070201007388,NRIC,21,39,40,390.00,"15,600.00"
2020-07-02,2020070201007385,NRIC,21,49,40,390.00,"15,600.00"
2020-07-02,2020070201007383,NRIC,21,40,40,390.00,"15,600.00"
2020-07-02,2020070201007379,NRIC,21,1,40,390.00,"15,600.00"
2020-07-02,2020070201007378,NRIC,21,16,40,390.00,"15,600.00"
2020-07-02,2020070201007377,NRIC,21,38,40,390.00,"15,600.00"
2020-07-02,2020070201007384,NTC,11,58,100,598.00,"59,800.00"
2020-07-02,2020070201007216,NTC,13,50,480,600.00,"288,000.00"
2020-07-02,2020070201007024,NTC,13,49,20,600.00,"12,000.00"
2020-07-02,2020070201007382,PCBL,50,50,119,229.00,"27,251.00"
2020-07-02,2020070201007381,PCBL,32,50,200,229.00,"45,800.00"
2020-07-02,2020070201007380,PCBL,51,50,500,230.00,"115,000.00"
2020-07-02,2020070201007043,PCBL,34,22,150,230.00,"34,500.00"
2020-07-02,2020070201007225,PRVU,45,16,200,218.00,"43,600.00"
2020-07-02,2020070201007224,PRVU,45,36,41,218.00,"8,938.00"
2020-07-02,2020070201007169,PRVU,1,36,159,218.00,"34,662.00"
2020-07-02,2020070201007168,PRVU,1,43,25,218.00,"5,450.00"
2020-07-02,2020070201007167,PRVU,1,48,160,218.00,"34,880.00"
2020-07-02,2020070201007166,PRVU,1,7,28,218.00,"6,104.00"
2020-07-02,2020070201007165,PRVU,1,7,14,218.00,"3,052.00"
2020-07-02,2020070201007164,PRVU,1,7,14,218.00,"3,052.00"
2020-07-02,2020070201007163,PRVU,1,45,100,218.00,"21,800.00"
2020-07-02,2020070201007121,PRVU,55,48,150,218.00,"32,700.00"
2020-07-02,2020070201007058,PRVU,4,48,100,218.00,"21,800.00"
2020-07-02,2020070201007039,PRVU,6,48,700,218.00,"152,600.00"
2020-07-02,2020070201007104,RHPL,33,10,"1,418",150.00,"212,700.00"
2020-07-02,2020070201007075,RHPL,33,34,810,148.00,"119,880.00"
2020-07-02,2020070201006949,RHPL,33,39,30,147.00,"4,410.00"
2020-07-02,2020070201007025,RMDC,54,39,10,588.00,"5,880.00"
2020-07-02,2020070201007303,SADBL,29,43,"1,000",140.00,"140,000.00"
2020-07-02,2020070201007327,SANIMA,8,8,"20,000",325.00,"6,500,000.00"
2020-07-02,2020070201007155,SANIMA,47,19,810,320.00,"259,200.00"
2020-07-02,2020070201007154,SANIMA,21,19,"1,400",321.00,"449,400.00"
2020-07-02,2020070201007070,SANIMA,52,58,50,322.00,"16,100.00"
2020-07-02,2020070201007209,SBI,1,14,50,394.00,"19,700.00"
2020-07-02,2020070201007208,SBI,45,14,450,394.00,"177,300.00"
2020-07-02,2020070201007142,SBI,45,25,50,394.00,"19,700.00"
2020-07-02,2020070201007141,SBI,25,25,30,394.00,"11,820.00"
2020-07-02,2020070201007140,SBI,28,25,220,394.00,"86,680.00"
2020-07-02,2020070201007139,SBI,43,25,100,395.00,"39,500.00"
2020-07-02,2020070201007309,SBL,51,25,10,285.00,"2,850.00"
2020-07-02,2020070201006972,SBL,42,34,121,284.00,"34,364.00"
2020-07-02,2020070201006971,SBL,43,34,100,284.00,"28,400.00"
2020-07-02,2020070201007397,SCB,46,22,10,610.00,"6,100.00"
2020-07-02,2020070201007333,SDESI,45,39,15,764.00,"11,460.00"
2020-07-02,2020070201007301,SDESI,35,38,10,765.00,"7,650.00"
2020-07-02,2020070201007156,SDESI,25,39,10,764.00,"7,640.00"
2020-07-02,2020070201007022,SDESI,35,7,70,779.00,"54,530.00"
2020-07-02,2020070201006925,SDESI,33,45,10,765.00,"7,650.00"
2020-07-02,2020070201007395,SHINE,58,41,60,214.00,"12,840.00"
2020-07-02,2020070201007386,SHIVM,38,58,15,536.00,"8,040.00"
2020-07-02,2020070201007369,SHIVM,25,16,100,537.00,"53,700.00"
2020-07-02,2020070201007341,SHIVM,38,58,970,536.00,"519,920.00"
2020-07-02,2020070201007340,SHIVM,42,58,50,536.00,"26,800.00"
2020-07-02,2020070201007339,SHIVM,38,58,480,537.00,"257,760.00"
2020-07-02,2020070201007319,SHIVM,52,45,80,540.00,"43,200.00"
2020-07-02,2020070201006968,SHIVM,38,39,610,537.00,"327,570.00"
2020-07-02,2020070201007318,SHIVM,52,36,50,540.00,"27,000.00"
2020-07-02,2020070201007189,SHIVM,38,42,20,537.00,"10,740.00"
2020-07-02,2020070201007150,SHIVM,38,14,500,537.00,"268,500.00"
2020-07-02,2020070201007106,SHIVM,45,36,150,540.00,"81,000.00"
2020-07-02,2020070201007105,SHIVM,45,21,50,540.00,"27,000.00"
2020-07-02,2020070201007042,SHIVM,44,50,500,535.00,"267,500.00"
2020-07-02,2020070201007212,SHL,38,39,175,144.00,"25,200.00"
2020-07-02,2020070201007302,SHPC,17,42,100,204.00,"20,400.00"
2020-07-02,2020070201006932,SHPC,17,36,460,204.00,"93,840.00"
2020-07-02,2020070201006931,SHPC,19,36,10,204.00,"2,040.00"
2020-07-02,2020070201006930,SHPC,41,36,30,205.00,"6,150.00"
2020-07-02,2020070201007227,SICL,56,52,300,920.00,"276,000.00"
2020-07-02,2020070201007149,SICL,50,52,100,920.00,"92,000.00"
2020-07-02,2020070201006910,SICL,50,14,100,920.00,"92,000.00"
2020-07-02,2020070201007408,SJCL,41,47,10,134.00,"1,340.00"
2020-07-02,2020070201007109,SJCL,45,47,20,135.00,"2,700.00"
2020-07-02,2020070201007281,SJCL,45,47,10,135.00,"1,350.00"
2020-07-02,2020070201007405,SLICL,46,59,200,395.00,"79,000.00"
2020-07-02,2020070201007404,SLICL,43,59,100,395.00,"39,500.00"
2020-07-02,2020070201007403,SRBL,57,56,500,214.00,"107,000.00"
2020-07-02,2020070201007402,SRBL,36,56,920,214.00,"196,880.00"
2020-07-02,2020070201007394,SRBL,18,57,"2,700",216.00,"583,200.00"
2020-07-02,2020070201007332,SRBL,36,32,80,214.00,"17,120.00"
2020-07-02,2020070201007407,TRH,53,22,300,177.00,"53,100.00"
2020-07-02,2020070201006989,UIC,57,49,150,294.00,"44,100.00"
2020-07-02,2020070201007305,UNHPL,13,45,50,49.00,"2,450.00"
2020-07-02,2020070201007306,UPCL,11,45,50,69.00,"3,450.00"
2020-07-02,2020070201007371,UPPER,35,28,50,232.00,"11,600.00"
2020-07-02,2020070201007370,UPPER,35,34,220,229.00,"50,380.00"
2020-07-02,2020070201007338,UPPER,45,34,720,229.00,"164,880.00"
2020-07-02,2020070201007337,UPPER,14,34,60,230.00,"13,800.00"
2020-07-02,2020070201007014,UPPER,14,48,40,230.00,"9,200.00"
2020-07-02,2020070201006882,ADBL,51,22,50,345.00,"17,250.00"
2020-07-02,2020070201006790,ADBL,42,22,50,349.00,"17,450.00"
2020-07-02,2020070201006788,ADBL,32,22,50,349.00,"17,450.00"
2020-07-02,2020070201006787,ADBL,14,22,"1,000",349.00,"349,000.00"
2020-07-02,2020070201006786,ADBL,44,22,100,350.00,"35,000.00"
2020-07-02,2020070201006785,ADBL,14,22,100,350.00,"35,000.00"
2020-07-02,2020070201006511,ADBL,37,53,387,350.00,"135,450.00"
2020-07-02,2020070201006784,ADBL,57,22,269,350.00,"94,150.00"
2020-07-02,2020070201006622,ADBL,57,58,118,350.00,"41,300.00"
2020-07-02,2020070201006512,ADBL,57,53,113,350.00,"39,550.00"
2020-07-02,2020070201006859,ALBSL,41,7,11,566.00,"6,226.00"
2020-07-02,2020070201006690,ALBSL,41,21,11,566.00,"6,226.00"
2020-07-02,2020070201006904,ALICL,33,16,100,537.00,"53,700.00"
2020-07-02,2020070201006789,ALICL,57,25,130,536.00,"69,680.00"
2020-07-02,2020070201006760,ALICL,57,38,800,536.00,"428,800.00"
2020-07-02,2020070201006689,ALICL,55,25,100,539.00,"53,900.00"
2020-07-02,2020070201006609,BFC,7,50,15,86.00,"1,290.00"
2020-07-02,2020070201006744,BPCL,43,49,50,349.00,"17,450.00"
2020-07-02,2020070201006706,CBL,34,32,"4,000",128.00,"512,000.00"
2020-07-02,2020070201006705,CBL,44,32,500,129.00,"64,500.00"
2020-07-02,2020070201006704,CBL,13,32,500,129.00,"64,500.00"
2020-07-02,2020070201006703,CBL,59,32,"2,000",129.00,"258,000.00"
2020-07-02,2020070201006702,CBL,57,32,"1,200",129.00,"154,800.00"
2020-07-02,2020070201006634,CBL,25,16,100,130.00,"13,000.00"
2020-07-02,2020070201006633,CBL,32,16,"1,000",130.00,"130,000.00"
2020-07-02,2020070201006632,CBL,34,16,"1,500",130.00,"195,000.00"
2020-07-02,2020070201006463,CHCL,16,55,530,361.00,"191,330.00"
2020-07-02,2020070201006462,CHCL,45,55,10,361.00,"3,610.00"
2020-07-02,2020070201006461,CHCL,14,55,210,362.00,"76,020.00"
2020-07-02,2020070201006822,CIT,11,38,100,"2,380.00","238,000.00"
2020-07-02,2020070201006792,CIT,33,55,30,"2,338.00","70,140.00"
2020-07-02,2020070201006636,CIT,1,55,30,"2,338.00","70,140.00"
2020-07-02,2020070201006532,CIT,37,55,100,"2,338.00","233,800.00"
2020-07-02,2020070201006531,CIT,17,55,20,"2,338.00","46,760.00"
2020-07-02,2020070201006530,CIT,34,55,10,"2,340.00","23,400.00"
2020-07-02,2020070201006529,CIT,49,55,10,"2,360.00","23,600.00"
2020-07-02,2020070201006477,CIT,49,16,55,"2,380.00","130,900.00"
2020-07-02,2020070201006476,CIT,58,16,10,"2,400.00","24,000.00"
2020-07-02,2020070201006456,CIT,33,7,100,"2,401.00","240,100.00"
2020-07-02,2020070201006455,CIT,33,19,100,"2,401.00","240,100.00"
2020-07-02,2020070201006454,CIT,33,45,20,"2,401.00","48,020.00"
2020-07-02,2020070201006582,CZBIL,13,46,200,183.00,"36,600.00"
2020-07-02,2020070201006902,EBL,33,34,30,631.00,"18,930.00"
2020-07-02,2020070201006901,EBL,37,34,20,631.00,"12,620.00"
2020-07-02,2020070201006700,EBL,37,56,100,631.00,"63,100.00"
2020-07-02,2020070201006852,GBIME,8,44,300,237.00,"71,100.00"
2020-07-02,2020070201006807,GBIME,8,46,497,237.00,"117,789.00"
2020-07-02,2020070201006806,GBIME,55,46,250,237.00,"59,250.00"
2020-07-02,2020070201006805,GBIME,25,46,500,238.00,"119,000.00"
2020-07-02,2020070201006804,GBIME,51,46,753,238.00,"179,214.00"
2020-07-02,2020070201006750,GBIME,51,59,247,238.00,"58,786.00"
2020-07-02,2020070201006749,GBIME,8,59,282,238.00,"67,116.00"
2020-07-02,2020070201006577,GBIME,8,19,500,238.00,"119,000.00"
2020-07-02,2020070201006528,GBIME,8,32,200,238.00,"47,600.00"
2020-07-02,2020070201006523,GBIME,8,48,18,238.00,"4,284.00"
2020-07-02,2020070201006521,GBIME,51,28,120,239.00,"28,680.00"
2020-07-02,2020070201006442,GBLBS,38,52,200,406.00,"81,200.00"
2020-07-02,2020070201006420,GLBSL,38,45,10,619.00,"6,190.00"
2020-07-02,2020070201006685,GLICL,48,57,194,445.00,"86,330.00"
2020-07-02,2020070201006575,GLICL,48,7,346,445.00,"153,970.00"
2020-07-02,2020070201006574,GLICL,52,7,54,445.00,"24,030.00"
2020-07-02,2020070201006573,GLICL,41,7,100,450.00,"45,000.00"
2020-07-02,2020070201006428,GLICL,10,33,50,454.00,"22,700.00"
2020-07-02,2020070201006427,GLICL,10,16,20,454.00,"9,080.00"
2020-07-02,2020070201006426,GLICL,10,33,60,454.00,"27,240.00"
2020-07-02,2020070201006830,HBL,41,19,30,518.00,"15,540.00"
2020-07-02,2020070201006515,HBL,34,19,30,518.00,"15,540.00"
2020-07-02,2020070201006828,HDL,5,44,100,"1,418.00","141,800.00"
2020-07-02,2020070201006816,HDL,54,44,500,"1,418.00","709,000.00"
2020-07-02,2020070201006776,HDL,52,44,30,"1,418.00","42,540.00"
2020-07-02,2020070201006679,HDL,34,44,20,"1,418.00","28,360.00"
2020-07-02,2020070201006678,HDL,39,44,100,"1,418.00","141,800.00"
2020-07-02,2020070201006677,HDL,53,44,50,"1,418.00","70,900.00"
2020-07-02,2020070201006488,HDL,25,28,190,"1,420.00","269,800.00"
2020-07-02,2020070201006487,HDL,54,28,10,"1,421.00","14,210.00"
2020-07-02,2020070201006605,HDL,25,48,45,"1,420.00","63,900.00"
2020-07-02,2020070201006604,HDL,44,48,25,"1,425.00","35,625.00"
2020-07-02,2020070201006572,HDL,44,45,25,"1,425.00","35,625.00"
2020-07-02,2020070201006536,HDL,44,33,100,"1,425.00","142,500.00"
2020-07-02,2020070201006533,HDL,42,17,50,"1,425.00","71,250.00"
2020-07-02,2020070201006502,HDL,25,53,150,"1,420.00","213,000.00"
2020-07-02,2020070201006676,HDL,46,44,30,"1,418.00","42,540.00"
2020-07-02,2020070201006675,HDL,53,44,120,"1,418.00","170,160.00"
2020-07-02,2020070201006674,HDL,19,44,70,"1,419.00","99,330.00"
2020-07-02,2020070201006673,HDL,19,44,50,"1,420.00","71,000.00"
2020-07-02,2020070201006653,HDL,33,20,50,"1,420.00","71,000.00"
2020-07-02,2020070201006606,HDL,19,48,130,"1,419.00","184,470.00"
2020-07-02,2020070201006877,HGI,13,34,200,334.00,"66,800.00"
2020-07-02,2020070201006449,HGI,17,43,20,340.00,"6,800.00"
2020-07-02,2020070201006775,ICFC,22,17,192,166.00,"31,872.00"
2020-07-02,2020070201006893,IGI,10,17,200,380.00,"76,000.00"
2020-07-02,2020070201006659,IGI,46,55,200,383.00,"76,600.00"
2020-07-02,2020070201006466,ILBS,17,8,11,650.00,"7,150.00"
2020-07-02,2020070201006661,JBBL,34,46,40,170.00,"6,800.00"
2020-07-02,2020070201006660,JBBL,34,19,10,170.00,"1,700.00"
2020-07-02,2020070201006713,KBL,34,14,550,179.00,"98,450.00"
2020-07-02,2020070201006447,KBL,34,41,150,179.00,"26,850.00"
2020-07-02,2020070201006756,KMCDB,35,49,10,713.00,"7,130.00"
2020-07-02,2020070201006755,KMCDB,35,32,10,713.00,"7,130.00"
2020-07-02,2020070201006754,KMCDB,35,29,10,713.00,"7,130.00"
2020-07-02,2020070201006820,LBL,10,34,58,197.00,"11,426.00"
2020-07-02,2020070201006819,LBL,10,45,50,196.00,"9,800.00"
2020-07-02,2020070201006818,LBL,10,41,292,195.00,"56,940.00"
2020-07-02,2020070201006524,LBL,47,39,60,194.00,"11,640.00"
2020-07-02,2020070201006801,LICN,39,55,50,"1,195.00","59,750.00"
2020-07-02,2020070201006892,LLBS,34,5,20,954.00,"19,080.00"
2020-07-02,2020070201006717,MBL,38,48,10,212.00,"2,120.00"
2020-07-02,2020070201006665,MBL,38,43,25,212.00,"5,300.00"
2020-07-02,2020070201006597,MBL,38,51,500,212.00,"106,000.00"
2020-07-02,2020070201006588,MBL,38,43,25,212.00,"5,300.00"
2020-07-02,2020070201006862,MDB,45,58,150,336.00,"50,400.00"
2020-07-02,2020070201006552,MDB,45,58,50,336.00,"16,800.00"
2020-07-02,2020070201006751,MEGA,49,25,400,202.00,"80,800.00"
2020-07-02,2020070201006538,MEGA,33,22,950,201.00,"190,950.00"
2020-07-02,2020070201006537,MEGA,33,22,50,202.00,"10,100.00"
2020-07-02,2020070201006492,MEGA,21,51,100,203.00,"20,300.00"
2020-07-02,2020070201006491,MEGA,44,51,870,203.00,"176,610.00"
2020-07-02,2020070201006486,MEGA,44,44,300,203.00,"60,900.00"
2020-07-02,2020070201006473,MEGA,44,46,355,203.00,"72,065.00"
2020-07-02,2020070201006510,MERO,45,39,43,558.00,"23,994.00"
2020-07-02,2020070201006553,MLBBL,14,39,87,616.00,"53,592.00"
2020-07-02,2020070201006448,MNBBL,28,35,500,302.00,"151,000.00"
2020-07-02,2020070201006734,NABIL,54,43,100,705.00,"70,500.00"
2020-07-02,2020070201006733,NABIL,14,43,100,706.00,"70,600.00"
2020-07-02,2020070201006732,NABIL,41,43,20,706.00,"14,120.00"
