Date,Transact. No.,Symbol,Buyer,Seller,Quantity,Rate,Amount
2021-03-04,2021030405013284,NIFRA,38,38,50,552.00,"27,600.00"
2021-03-04,2021030405013283,NIFRA,5,34,50,548.00,"27,400.00"
2021-03-04,2021030405013282,NIFRA,34,59,180,555.00,"99,900.00"
2021-03-04,2021030405013281,NIFRA,34,53,40,554.00,"22,160.00"
2021-03-04,2021030405013280,NIFRA,34,34,20,554.00,"11,080.00"
2021-03-04,2021030405013279,NIFRA,34,45,60,553.00,"33,180.00"
2021-03-04,2021030405012790,NIFRA,35,58,60,558.00,"33,480.00"
2021-03-04,2021030405012788,NIFRA,35,49,110,558.00,"61,380.00"
2021-03-04,2021030405012787,NIFRA,35,57,50,558.00,"27,900.00"
2021-03-04,2021030405012797,NIFRA,35,57,50,558.00,"27,900.00"
2021-03-04,2021030405012796,NIFRA,35,35,50,558.00,"27,900.00"
2021-03-04,2021030405012794,NIFRA,35,44,50,558.00,"27,900.00"
2021-03-04,2021030405012793,NIFRA,35,41,60,558.00,"33,480.00"
2021-03-04,2021030405012792,NIFRA,35,34,50,558.00,"27,900.00"
2021-03-04,2021030405012791,NIFRA,35,6,50,558.00,"27,900.00"
2021-03-04,2021030405012804,NIFRA,35,28,500,558.00,"279,000.00"
2021-03-04,2021030405012802,NIFRA,35,44,40,558.00,"22,320.00"
2021-03-04,2021030405012801,NIFRA,35,34,50,558.00,"27,900.00"
2021-03-04,2021030405012800,NIFRA,35,45,50,558.00,"27,900.00"
2021-03-04,2021030405012799,NIFRA,35,35,50,558.00,"27,900.00"
2021-03-04,2021030405012798,NIFRA,35,39,60,558.00,"33,480.00"
2021-03-04,2021030405012811,NIFRA,35,7,20,558.00,"11,160.00"
2021-03-04,2021030405012810,NIFRA,35,19,20,558.00,"11,160.00"
2021-03-04,2021030405012809,NIFRA,35,6,50,558.00,"27,900.00"
2021-03-04,2021030405012808,NIFRA,35,26,60,558.00,"33,480.00"
2021-03-04,2021030405012807,NIFRA,35,46,60,558.00,"33,480.00"
2021-03-04,2021030405012806,NIFRA,35,44,60,558.00,"33,480.00"
2021-03-04,2021030405012817,NIFRA,35,49,50,558.00,"27,900.00"
2021-03-04,2021030405012816,NIFRA,35,21,50,558.00,"27,900.00"
2021-03-04,2021030405012815,NIFRA,35,58,60,558.00,"33,480.00"
2021-03-04,2021030405012814,NIFRA,35,34,50,558.00,"27,900.00"
2021-03-04,2021030405012813,NIFRA,35,22,50,558.00,"27,900.00"
2021-03-04,2021030405012812,NIFRA,35,16,40,558.00,"22,320.00"
2021-03-04,2021030405012824,NIFRA,35,34,60,558.00,"33,480.00"
2021-03-04,2021030405012822,NIFRA,35,44,60,558.00,"33,480.00"
2021-03-04,2021030405012821,NIFRA,35,6,10,558.00,"5,580.00"
2021-03-04,2021030405012820,NIFRA,35,44,50,558.00,"27,900.00"
2021-03-04,2021030405012819,NIFRA,35,41,60,558.00,"33,480.00"
2021-03-04,2021030405012818,NIFRA,35,49,30,558.00,"16,740.00"
2021-03-04,2021030405012833,NIFRA,35,38,380,558.00,"212,040.00"
2021-03-04,2021030405012832,NIFRA,35,58,30,558.00,"16,740.00"
2021-03-04,2021030405012831,NIFRA,35,6,50,558.00,"27,900.00"
2021-03-04,2021030405012830,NIFRA,35,22,60,558.00,"33,480.00"
2021-03-04,2021030405012829,NIFRA,35,29,10,558.00,"5,580.00"
2021-03-04,2021030405012828,NIFRA,35,39,50,558.00,"27,900.00"
2021-03-04,2021030405012839,NIFRA,35,34,30,558.00,"16,740.00"
2021-03-04,2021030405012838,NIFRA,35,55,50,558.00,"27,900.00"
2021-03-04,2021030405012837,NIFRA,35,14,10,558.00,"5,580.00"
2021-03-04,2021030405012836,NIFRA,35,21,50,558.00,"27,900.00"
2021-03-04,2021030405012835,NIFRA,35,4,10,558.00,"5,580.00"
2021-03-04,2021030405012834,NIFRA,35,39,50,558.00,"27,900.00"
2021-03-04,2021030405012845,NIFRA,35,58,30,558.00,"16,740.00"
2021-03-04,2021030405012844,NIFRA,35,45,50,558.00,"27,900.00"
2021-03-04,2021030405012843,NIFRA,35,45,50,558.00,"27,900.00"
2021-03-04,2021030405012842,NIFRA,35,51,"1,000",558.00,"558,000.00"
2021-03-04,2021030405012841,NIFRA,35,44,50,558.00,"27,900.00"
2021-03-04,2021030405012840,NIFRA,35,34,10,558.00,"5,580.00"
2021-03-04,2021030405012852,NIFRA,58,32,40,558.00,"22,320.00"
2021-03-04,2021030405012851,NIFRA,58,1,50,558.00,"27,900.00"
2021-03-04,2021030405012850,NIFRA,41,8,50,558.00,"27,900.00"
2021-03-04,2021030405012849,NIFRA,19,8,10,558.00,"5,580.00"
2021-03-04,2021030405012848,NIFRA,35,21,30,558.00,"16,740.00"
2021-03-04,2021030405012847,NIFRA,35,57,50,558.00,"27,900.00"
2021-03-04,2021030405012858,NIFRA,1,38,30,558.00,"16,740.00"
2021-03-04,2021030405012857,NIFRA,1,25,40,558.00,"22,320.00"
2021-03-04,2021030405012856,NIFRA,1,45,60,558.00,"33,480.00"
2021-03-04,2021030405012855,NIFRA,1,54,10,558.00,"5,580.00"
2021-03-04,2021030405012854,NIFRA,1,44,60,558.00,"33,480.00"
2021-03-04,2021030405012853,NIFRA,1,32,10,558.00,"5,580.00"
2021-03-04,2021030405012864,NIFRA,1,59,50,558.00,"27,900.00"
2021-03-04,2021030405012863,NIFRA,1,8,40,558.00,"22,320.00"
2021-03-04,2021030405012862,NIFRA,1,49,50,558.00,"27,900.00"
2021-03-04,2021030405012861,NIFRA,1,39,50,558.00,"27,900.00"
2021-03-04,2021030405012860,NIFRA,1,59,50,558.00,"27,900.00"
2021-03-04,2021030405012859,NIFRA,1,32,50,558.00,"27,900.00"
2021-03-04,2021030405012871,NIFRA,25,34,40,558.00,"22,320.00"
2021-03-04,2021030405012870,NIFRA,25,34,60,558.00,"33,480.00"
2021-03-04,2021030405012869,NIFRA,6,34,80,558.00,"44,640.00"
2021-03-04,2021030405012867,NIFRA,6,59,20,558.00,"11,160.00"
2021-03-04,2021030405012866,NIFRA,58,59,30,558.00,"16,740.00"
2021-03-04,2021030405012865,NIFRA,6,59,100,558.00,"55,800.00"
2021-03-04,2021030405012877,NIFRA,49,14,50,558.00,"27,900.00"
2021-03-04,2021030405012876,NIFRA,49,49,40,558.00,"22,320.00"
2021-03-04,2021030405012875,NIFRA,59,49,10,558.00,"5,580.00"
2021-03-04,2021030405012874,NIFRA,59,58,50,558.00,"27,900.00"
2021-03-04,2021030405012873,NIFRA,59,22,30,558.00,"16,740.00"
2021-03-04,2021030405012872,NIFRA,59,34,10,558.00,"5,580.00"
2021-03-04,2021030405012883,NIFRA,10,41,10,558.00,"5,580.00"
2021-03-04,2021030405012882,NIFRA,10,59,50,558.00,"27,900.00"
2021-03-04,2021030405012881,NIFRA,10,29,50,558.00,"27,900.00"
2021-03-04,2021030405012880,NIFRA,10,41,90,558.00,"50,220.00"
2021-03-04,2021030405012879,NIFRA,10,14,50,558.00,"27,900.00"
2021-03-04,2021030405012878,NIFRA,49,14,10,558.00,"5,580.00"
2021-03-04,2021030405012889,NIFRA,33,10,500,558.00,"279,000.00"
2021-03-04,2021030405012888,NIFRA,34,10,500,558.00,"279,000.00"
2021-03-04,2021030405012887,NIFRA,41,10,300,558.00,"167,400.00"
2021-03-04,2021030405012886,NIFRA,43,10,50,558.00,"27,900.00"
2021-03-04,2021030405012885,NIFRA,10,10,750,558.00,"418,500.00"
2021-03-04,2021030405012884,NIFRA,50,10,500,558.00,"279,000.00"
2021-03-04,2021030405012895,NIFRA,1,22,50,558.00,"27,900.00"
2021-03-04,2021030405012894,NIFRA,1,21,50,558.00,"27,900.00"
2021-03-04,2021030405012893,NIFRA,58,21,10,558.00,"5,580.00"
2021-03-04,2021030405012892,NIFRA,58,58,50,558.00,"27,900.00"
2021-03-04,2021030405012891,NIFRA,58,10,340,558.00,"189,720.00"
2021-03-04,2021030405012890,NIFRA,14,10,10,558.00,"5,580.00"
2021-03-04,2021030405012902,NIFRA,33,35,60,558.00,"33,480.00"
2021-03-04,2021030405012901,NIFRA,33,45,130,558.00,"72,540.00"
2021-03-04,2021030405012900,NIFRA,33,21,50,558.00,"27,900.00"
2021-03-04,2021030405012898,NIFRA,33,58,10,558.00,"5,580.00"
2021-03-04,2021030405012897,NIFRA,16,58,40,558.00,"22,320.00"
2021-03-04,2021030405012896,NIFRA,16,22,10,558.00,"5,580.00"
2021-03-04,2021030405012909,NIFRA,19,54,170,558.00,"94,860.00"
2021-03-04,2021030405012908,NIFRA,33,54,70,558.00,"39,060.00"
2021-03-04,2021030405012907,NIFRA,33,1,40,558.00,"22,320.00"
2021-03-04,2021030405012906,NIFRA,33,38,60,558.00,"33,480.00"
2021-03-04,2021030405012905,NIFRA,33,53,20,558.00,"11,160.00"
2021-03-04,2021030405012904,NIFRA,33,45,60,558.00,"33,480.00"
2021-03-04,2021030405012915,NIFRA,52,52,50,558.00,"27,900.00"
2021-03-04,2021030405012914,NIFRA,52,49,50,558.00,"27,900.00"
2021-03-04,2021030405012913,NIFRA,52,54,"1,960",558.00,"1,093,680.00"
2021-03-04,2021030405012912,NIFRA,44,54,"1,200",558.00,"669,600.00"
2021-03-04,2021030405012911,NIFRA,11,54,200,558.00,"111,600.00"
2021-03-04,2021030405012910,NIFRA,19,54,400,558.00,"223,200.00"
2021-03-04,2021030405012922,NIFRA,52,36,200,558.00,"111,600.00"
2021-03-04,2021030405012921,NIFRA,52,14,55,558.00,"30,690.00"
2021-03-04,2021030405012920,NIFRA,52,6,50,558.00,"27,900.00"
2021-03-04,2021030405012918,NIFRA,52,52,40,558.00,"22,320.00"
2021-03-04,2021030405012917,NIFRA,52,34,60,558.00,"33,480.00"
2021-03-04,2021030405012916,NIFRA,52,59,50,558.00,"27,900.00"
2021-03-04,2021030405012928,NIFRA,52,14,50,558.00,"27,900.00"
2021-03-04,2021030405012927,NIFRA,52,34,60,558.00,"33,480.00"
2021-03-04,2021030405012926,NIFRA,52,36,50,558.00,"27,900.00"
2021-03-04,2021030405012925,NIFRA,52,29,50,558.00,"27,900.00"
2021-03-04,2021030405012924,NIFRA,52,41,60,558.00,"33,480.00"
2021-03-04,2021030405012923,NIFRA,52,38,60,558.00,"33,480.00"
2021-03-04,2021030405012934,NIFRA,35,7,50,558.00,"27,900.00"
2021-03-04,2021030405012933,NIFRA,52,7,195,558.00,"108,810.00"
2021-03-04,2021030405012932,NIFRA,52,21,50,558.00,"27,900.00"
2021-03-04,2021030405012931,NIFRA,52,34,300,558.00,"167,400.00"
2021-03-04,2021030405012930,NIFRA,52,34,50,558.00,"27,900.00"
2021-03-04,2021030405012929,NIFRA,52,39,60,558.00,"33,480.00"
2021-03-04,2021030405012940,NIFRA,41,54,600,558.00,"334,800.00"
2021-03-04,2021030405012939,NIFRA,41,54,100,558.00,"55,800.00"
2021-03-04,2021030405012938,NIFRA,25,54,700,558.00,"390,600.00"
2021-03-04,2021030405012937,NIFRA,26,54,40,558.00,"22,320.00"
2021-03-04,2021030405012936,NIFRA,8,54,245,558.00,"136,710.00"
2021-03-04,2021030405012935,NIFRA,8,7,255,558.00,"142,290.00"
2021-03-04,2021030405012946,NIFRA,14,54,500,558.00,"279,000.00"
2021-03-04,2021030405012945,NIFRA,47,54,200,558.00,"111,600.00"
2021-03-04,2021030405012944,NIFRA,43,54,200,558.00,"111,600.00"
2021-03-04,2021030405012943,NIFRA,1,54,50,558.00,"27,900.00"
2021-03-04,2021030405012942,NIFRA,38,54,"1,000",558.00,"558,000.00"
2021-03-04,2021030405012941,NIFRA,58,54,200,558.00,"111,600.00"
2021-03-04,2021030405012952,NIFRA,58,54,200,558.00,"111,600.00"
2021-03-04,2021030405012951,NIFRA,52,54,100,558.00,"55,800.00"
2021-03-04,2021030405012950,NIFRA,59,54,40,558.00,"22,320.00"
2021-03-04,2021030405012949,NIFRA,14,54,20,558.00,"11,160.00"
2021-03-04,2021030405012948,NIFRA,41,54,10,558.00,"5,580.00"
2021-03-04,2021030405012947,NIFRA,49,54,440,558.00,"245,520.00"
2021-03-04,2021030405012958,NIFRA,38,7,25,558.00,"13,950.00"
2021-03-04,2021030405012957,NIFRA,38,21,20,558.00,"11,160.00"
2021-03-04,2021030405012956,NIFRA,38,34,60,558.00,"33,480.00"
2021-03-04,2021030405012955,NIFRA,38,54,295,558.00,"164,610.00"
2021-03-04,2021030405012954,NIFRA,4,54,100,558.00,"55,800.00"
2021-03-04,2021030405012953,NIFRA,13,54,10,558.00,"5,580.00"
2021-03-04,2021030405012964,NIFRA,45,17,50,558.00,"27,900.00"
2021-03-04,2021030405012963,NIFRA,45,7,635,558.00,"354,330.00"
2021-03-04,2021030405012962,NIFRA,54,7,10,558.00,"5,580.00"
2021-03-04,2021030405012961,NIFRA,58,7,30,558.00,"16,740.00"
2021-03-04,2021030405012960,NIFRA,48,7,100,558.00,"55,800.00"
2021-03-04,2021030405012959,NIFRA,58,7,200,558.00,"111,600.00"
2021-03-04,2021030405012970,NIFRA,44,54,500,558.00,"279,000.00"
2021-03-04,2021030405012969,NIFRA,45,54,115,558.00,"64,170.00"
2021-03-04,2021030405012968,NIFRA,45,6,60,558.00,"33,480.00"
2021-03-04,2021030405012967,NIFRA,45,58,50,558.00,"27,900.00"
2021-03-04,2021030405012966,NIFRA,45,32,60,558.00,"33,480.00"
2021-03-04,2021030405012965,NIFRA,45,21,30,558.00,"16,740.00"
2021-03-04,2021030405012976,NIFRA,28,54,500,558.00,"279,000.00"
2021-03-04,2021030405012975,NIFRA,36,54,20,558.00,"11,160.00"
2021-03-04,2021030405012974,NIFRA,28,54,500,558.00,"279,000.00"
2021-03-04,2021030405012973,NIFRA,29,54,"1,000",558.00,"558,000.00"
2021-03-04,2021030405012972,NIFRA,10,54,"1,000",558.00,"558,000.00"
2021-03-04,2021030405012971,NIFRA,48,54,40,558.00,"22,320.00"
2021-03-04,2021030405012983,NIFRA,22,7,15,558.00,"8,370.00"
2021-03-04,2021030405012982,NIFRA,22,14,35,558.00,"19,530.00"
2021-03-04,2021030405012981,NIFRA,51,14,50,558.00,"27,900.00"
2021-03-04,2021030405012980,NIFRA,17,14,115,558.00,"64,170.00"
2021-03-04,2021030405012978,NIFRA,17,36,60,558.00,"33,480.00"
2021-03-04,2021030405012977,NIFRA,17,54,325,558.00,"181,350.00"
2021-03-04,2021030405012989,NIFRA,10,55,"2,000",558.00,"1,116,000.00"
2021-03-04,2021030405012988,NIFRA,57,55,100,558.00,"55,800.00"
2021-03-04,2021030405012987,NIFRA,38,55,20,558.00,"11,160.00"
2021-03-04,2021030405012986,NIFRA,28,55,500,558.00,"279,000.00"
2021-03-04,2021030405012985,NIFRA,28,55,465,558.00,"259,470.00"
2021-03-04,2021030405012984,NIFRA,28,7,35,558.00,"19,530.00"
2021-03-04,2021030405012995,NIFRA,46,55,20,558.00,"11,160.00"
2021-03-04,2021030405012994,NIFRA,19,55,20,558.00,"11,160.00"
2021-03-04,2021030405012993,NIFRA,25,55,50,558.00,"27,900.00"
2021-03-04,2021030405012992,NIFRA,49,55,10,558.00,"5,580.00"
2021-03-04,2021030405012991,NIFRA,45,55,500,558.00,"279,000.00"
2021-03-04,2021030405012990,NIFRA,49,55,40,558.00,"22,320.00"
2021-03-04,2021030405013001,NIFRA,16,55,"1,000",558.00,"558,000.00"
2021-03-04,2021030405013000,NIFRA,48,55,50,558.00,"27,900.00"
2021-03-04,2021030405012999,NIFRA,58,55,90,558.00,"50,220.00"
2021-03-04,2021030405012998,NIFRA,25,55,100,558.00,"55,800.00"
2021-03-04,2021030405012997,NIFRA,57,55,10,558.00,"5,580.00"
2021-03-04,2021030405012996,NIFRA,45,55,50,558.00,"27,900.00"
2021-03-04,2021030405013007,NIFRA,45,55,50,558.00,"27,900.00"
2021-03-04,2021030405013006,NIFRA,39,55,35,558.00,"19,530.00"
2021-03-04,2021030405013005,NIFRA,48,55,100,558.00,"55,800.00"
2021-03-04,2021030405013004,NIFRA,50,55,300,558.00,"167,400.00"
2021-03-04,2021030405013003,NIFRA,47,55,50,558.00,"27,900.00"
2021-03-04,2021030405013002,NIFRA,44,55,175,558.00,"97,650.00"
2021-03-04,2021030405013013,NIFRA,36,55,100,558.00,"55,800.00"
2021-03-04,2021030405013012,NIFRA,25,55,50,558.00,"27,900.00"
2021-03-04,2021030405013011,NIFRA,29,55,100,558.00,"55,800.00"
2021-03-04,2021030405013010,NIFRA,56,55,100,558.00,"55,800.00"
2021-03-04,2021030405013009,NIFRA,34,55,50,558.00,"27,900.00"
2021-03-04,2021030405013008,NIFRA,41,55,100,558.00,"55,800.00"
2021-03-04,2021030405013019,NIFRA,19,55,100,558.00,"55,800.00"
2021-03-04,2021030405013018,NIFRA,57,55,100,558.00,"55,800.00"
2021-03-04,2021030405013017,NIFRA,41,55,50,558.00,"27,900.00"
2021-03-04,2021030405013016,NIFRA,29,55,100,558.00,"55,800.00"
2021-03-04,2021030405013015,NIFRA,54,55,50,558.00,"27,900.00"
2021-03-04,2021030405013014,NIFRA,21,55,270,558.00,"150,660.00"
2021-03-04,2021030405013025,NIFRA,45,55,100,558.00,"55,800.00"
2021-03-04,2021030405013024,NIFRA,45,55,"1,000",558.00,"558,000.00"
2021-03-04,2021030405013023,NIFRA,42,55,40,558.00,"22,320.00"
2021-03-04,2021030405013022,NIFRA,20,55,50,558.00,"27,900.00"
2021-03-04,2021030405013021,NIFRA,19,55,"1,000",558.00,"558,000.00"
2021-03-04,2021030405013020,NIFRA,33,55,100,558.00,"55,800.00"
2021-03-04,2021030405013031,NIFRA,58,55,20,558.00,"11,160.00"
2021-03-04,2021030405013030,NIFRA,57,55,"1,000",558.00,"558,000.00"
2021-03-04,2021030405013029,NIFRA,29,55,500,558.00,"279,000.00"
2021-03-04,2021030405013028,NIFRA,8,55,60,558.00,"33,480.00"
2021-03-04,2021030405013027,NIFRA,49,55,50,558.00,"27,900.00"
2021-03-04,2021030405013026,NIFRA,41,55,100,558.00,"55,800.00"
2021-03-04,2021030405013037,NIFRA,56,55,200,558.00,"111,600.00"
2021-03-04,2021030405013036,NIFRA,28,55,50,558.00,"27,900.00"
2021-03-04,2021030405013035,NIFRA,58,55,50,558.00,"27,900.00"
2021-03-04,2021030405013034,NIFRA,47,55,50,558.00,"27,900.00"
2021-03-04,2021030405013033,NIFRA,57,55,"1,000",558.00,"558,000.00"
2021-03-04,2021030405013032,NIFRA,14,55,500,558.00,"279,000.00"
2021-03-04,2021030405013043,NIFRA,11,55,30,558.00,"16,740.00"
2021-03-04,2021030405013042,NIFRA,57,55,500,558.00,"279,000.00"
2021-03-04,2021030405013041,NIFRA,22,55,140,558.00,"78,120.00"
2021-03-04,2021030405013040,NIFRA,25,55,100,558.00,"55,800.00"
2021-03-04,2021030405013039,NIFRA,22,55,35,558.00,"19,530.00"
2021-03-04,2021030405013038,NIFRA,17,55,50,558.00,"27,900.00"
2021-03-04,2021030405013049,NIFRA,49,55,10,558.00,"5,580.00"
2021-03-04,2021030405013048,NIFRA,16,55,100,558.00,"55,800.00"
2021-03-04,2021030405013047,NIFRA,26,55,100,558.00,"55,800.00"
2021-03-04,2021030405013046,NIFRA,34,55,800,558.00,"446,400.00"
2021-03-04,2021030405013045,NIFRA,22,55,500,558.00,"279,000.00"
2021-03-04,2021030405013044,NIFRA,51,55,30,558.00,"16,740.00"
2021-03-04,2021030405013055,NIFRA,4,55,10,558.00,"5,580.00"
2021-03-04,2021030405013054,NIFRA,14,55,200,558.00,"111,600.00"
2021-03-04,2021030405013053,NIFRA,44,55,100,558.00,"55,800.00"
2021-03-04,2021030405013052,NIFRA,45,55,20,558.00,"11,160.00"
2021-03-04,2021030405013051,NIFRA,43,55,50,558.00,"27,900.00"
2021-03-04,2021030405013050,NIFRA,10,55,300,558.00,"167,400.00"
2021-03-04,2021030405013061,NIFRA,48,55,50,558.00,"27,900.00"
2021-03-04,2021030405013060,NIFRA,55,55,10,558.00,"5,580.00"
2021-03-04,2021030405013059,NIFRA,21,55,10,558.00,"5,580.00"
2021-03-04,2021030405013058,NIFRA,36,55,100,558.00,"55,800.00"
2021-03-04,2021030405013057,NIFRA,10,55,100,558.00,"55,800.00"
2021-03-04,2021030405013056,NIFRA,44,55,100,558.00,"55,800.00"
2021-03-04,2021030405013067,NIFRA,48,55,600,558.00,"334,800.00"
2021-03-04,2021030405013066,NIFRA,48,55,"1,000",558.00,"558,000.00"
2021-03-04,2021030405013065,NIFRA,1,55,50,558.00,"27,900.00"
2021-03-04,2021030405013064,NIFRA,17,55,50,558.00,"27,900.00"
2021-03-04,2021030405013063,NIFRA,1,55,50,558.00,"27,900.00"
2021-03-04,2021030405013062,NIFRA,3,55,"1,000",558.00,"558,000.00"
2021-03-04,2021030405013073,NIFRA,48,55,50,558.00,"27,900.00"
2021-03-04,2021030405013072,NIFRA,58,55,300,558.00,"167,400.00"
2021-03-04,2021030405013071,NIFRA,29,55,100,558.00,"55,800.00"
2021-03-04,2021030405013070,NIFRA,41,55,500,558.00,"279,000.00"
2021-03-04,2021030405013069,NIFRA,48,55,50,558.00,"27,900.00"
2021-03-04,2021030405013068,NIFRA,54,55,"1,000",558.00,"558,000.00"
2021-03-04,2021030405013079,NIFRA,45,55,50,558.00,"27,900.00"
2021-03-04,2021030405013078,NIFRA,46,55,100,558.00,"55,800.00"
2021-03-04,2021030405013077,NIFRA,45,55,10,558.00,"5,580.00"
2021-03-04,2021030405013076,NIFRA,14,55,40,558.00,"22,320.00"
2021-03-04,2021030405013075,NIFRA,58,55,89,558.00,"49,662.00"
2021-03-04,2021030405013074,NIFRA,45,55,10,558.00,"5,580.00"
2021-03-04,2021030405013085,NIFRA,58,55,100,558.00,"55,800.00"
2021-03-04,2021030405013084,NIFRA,36,55,50,558.00,"27,900.00"
2021-03-04,2021030405013083,NIFRA,36,55,200,558.00,"111,600.00"
2021-03-04,2021030405013082,NIFRA,25,55,100,558.00,"55,800.00"
2021-03-04,2021030405013081,NIFRA,39,55,500,558.00,"279,000.00"
2021-03-04,2021030405013080,NIFRA,8,55,200,558.00,"111,600.00"
2021-03-04,2021030405013091,NIFRA,1,55,250,558.00,"139,500.00"
2021-03-04,2021030405013090,NIFRA,8,55,100,558.00,"55,800.00"
2021-03-04,2021030405013089,NIFRA,59,55,60,558.00,"33,480.00"
2021-03-04,2021030405013088,NIFRA,50,55,250,558.00,"139,500.00"
2021-03-04,2021030405013087,NIFRA,58,55,39,558.00,"21,762.00"
2021-03-04,2021030405013086,NIFRA,38,55,175,558.00,"97,650.00"
2021-03-04,2021030405013097,NIFRA,16,38,50,557.00,"27,850.00"
2021-03-04,2021030405013096,NIFRA,34,55,50,558.00,"27,900.00"
2021-03-04,2021030405013095,NIFRA,1,55,10,558.00,"5,580.00"
2021-03-04,2021030405013094,NIFRA,49,55,50,558.00,"27,900.00"
2021-03-04,2021030405013093,NIFRA,40,55,50,558.00,"27,900.00"
2021-03-04,2021030405013092,NIFRA,1,55,20,558.00,"11,160.00"
2021-03-04,2021030405013105,NIFRA,10,35,110,557.00,"61,270.00"
2021-03-04,2021030405013104,NIFRA,10,59,40,557.00,"22,280.00"
2021-03-04,2021030405013103,NIFRA,52,59,20,557.00,"11,140.00"
2021-03-04,2021030405013101,NIFRA,52,57,50,557.00,"27,850.00"
2021-03-04,2021030405013100,NIFRA,16,57,10,557.00,"5,570.00"
2021-03-04,2021030405013099,NIFRA,17,55,50,558.00,"27,900.00"
2021-03-04,2021030405013111,NIFRA,59,26,50,555.00,"27,750.00"
2021-03-04,2021030405013110,NIFRA,59,38,50,555.00,"27,750.00"
2021-03-04,2021030405013109,NIFRA,59,44,50,555.00,"27,750.00"
2021-03-04,2021030405013108,NIFRA,6,35,200,556.00,"111,200.00"
2021-03-04,2021030405013107,NIFRA,1,35,55,556.00,"30,580.00"
2021-03-04,2021030405013106,NIFRA,53,35,98,556.00,"54,488.00"
2021-03-04,2021030405013118,NIFRA,59,57,50,555.00,"27,750.00"
2021-03-04,2021030405013117,NIFRA,59,10,100,555.00,"55,500.00"
2021-03-04,2021030405013115,NIFRA,59,26,50,555.00,"27,750.00"
2021-03-04,2021030405013114,NIFRA,59,38,60,555.00,"33,300.00"
2021-03-04,2021030405013113,NIFRA,59,29,50,555.00,"27,750.00"
2021-03-04,2021030405013112,NIFRA,59,34,50,555.00,"27,750.00"
2021-03-04,2021030405013126,NIFRA,55,38,50,553.00,"27,650.00"
2021-03-04,2021030405013125,NIFRA,16,59,100,555.00,"55,500.00"
2021-03-04,2021030405013122,NIFRA,4,59,50,555.00,"27,750.00"
2021-03-04,2021030405013121,NIFRA,51,59,20,555.00,"11,100.00"
2021-03-04,2021030405013120,NIFRA,42,59,100,555.00,"55,500.00"
2021-03-04,2021030405013119,NIFRA,59,59,290,555.00,"160,950.00"
2021-03-04,2021030405013133,NIFRA,55,57,10,553.00,"5,530.00"
2021-03-04,2021030405013132,NIFRA,57,59,150,555.00,"83,250.00"
2021-03-04,2021030405013131,NIFRA,55,18,50,553.00,"27,650.00"
2021-03-04,2021030405013129,NIFRA,14,59,50,555.00,"27,750.00"
2021-03-04,2021030405013128,NIFRA,55,43,50,553.00,"27,650.00"
2021-03-04,2021030405013127,NIFRA,55,54,40,553.00,"22,120.00"
2021-03-04,2021030405013139,NIFRA,54,29,20,550.00,"11,000.00"
2021-03-04,2021030405013138,NIFRA,14,29,100,550.00,"55,000.00"
2021-03-04,2021030405013137,NIFRA,56,29,70,550.00,"38,500.00"
2021-03-04,2021030405013136,NIFRA,19,29,100,553.00,"55,300.00"
2021-03-04,2021030405013135,NIFRA,45,29,10,553.00,"5,530.00"
2021-03-04,2021030405013134,NIFRA,45,57,40,553.00,"22,120.00"
2021-03-04,2021030405013145,NIFRA,51,38,10,550.00,"5,500.00"
2021-03-04,2021030405013144,NIFRA,42,38,280,550.00,"154,000.00"
2021-03-04,2021030405013143,NIFRA,42,44,50,550.00,"27,500.00"
2021-03-04,2021030405013142,NIFRA,42,22,100,550.00,"55,000.00"
2021-03-04,2021030405013141,NIFRA,42,29,100,550.00,"55,000.00"
2021-03-04,2021030405013140,NIFRA,58,29,100,550.00,"55,000.00"
2021-03-04,2021030405013151,NIFRA,33,38,100,550.00,"55,000.00"
2021-03-04,2021030405013150,NIFRA,51,38,100,550.00,"55,000.00"
2021-03-04,2021030405013149,NIFRA,4,38,200,550.00,"110,000.00"
2021-03-04,2021030405013148,NIFRA,38,38,180,550.00,"99,000.00"
2021-03-04,2021030405013147,NIFRA,58,38,10,550.00,"5,500.00"
2021-03-04,2021030405013146,NIFRA,20,38,100,550.00,"55,000.00"
2021-03-04,2021030405013158,NIFRA,58,49,20,553.00,"11,060.00"
2021-03-04,2021030405013157,NIFRA,21,35,60,550.00,"33,000.00"
2021-03-04,2021030405013156,NIFRA,21,34,50,550.00,"27,500.00"
2021-03-04,2021030405013155,NIFRA,11,49,10,553.00,"5,530.00"
2021-03-04,2021030405013154,NIFRA,21,57,60,550.00,"33,000.00"
2021-03-04,2021030405013152,NIFRA,21,38,20,550.00,"11,000.00"
2021-03-04,2021030405013164,NIFRA,21,21,10,550.00,"5,500.00"
2021-03-04,2021030405013163,NIFRA,21,38,50,550.00,"27,500.00"
2021-03-04,2021030405013162,NIFRA,21,59,50,550.00,"27,500.00"
2021-03-04,2021030405013161,NIFRA,35,21,40,553.00,"22,120.00"
2021-03-04,2021030405013160,NIFRA,35,49,20,553.00,"11,060.00"
2021-03-04,2021030405013159,NIFRA,35,22,40,553.00,"22,120.00"
2021-03-04,2021030405013173,NIFRA,41,21,10,553.00,"5,530.00"
2021-03-04,2021030405013172,NIFRA,34,25,70,550.00,"38,500.00"
2021-03-04,2021030405013171,NIFRA,49,25,30,550.00,"16,500.00"
2021-03-04,2021030405013170,NIFRA,49,29,200,550.00,"110,000.00"
2021-03-04,2021030405013169,NIFRA,49,14,50,550.00,"27,500.00"
2021-03-04,2021030405013165,NIFRA,49,21,20,550.00,"11,000.00"
2021-03-04,2021030405013179,NIFRA,34,1,30,550.00,"16,500.00"
2021-03-04,2021030405013178,NIFRA,41,34,30,554.00,"16,620.00"
2021-03-04,2021030405013177,NIFRA,41,49,50,553.00,"27,650.00"
2021-03-04,2021030405013176,NIFRA,41,36,60,553.00,"33,180.00"
2021-03-04,2021030405013175,NIFRA,41,21,50,553.00,"27,650.00"
2021-03-04,2021030405013174,NIFRA,41,10,200,553.00,"110,600.00"
2021-03-04,2021030405013196,NIFRA,26,16,20,547.00,"10,940.00"
2021-03-04,2021030405013195,NIFRA,41,16,200,547.00,"109,400.00"
2021-03-04,2021030405013194,NIFRA,8,16,50,547.00,"27,350.00"
2021-03-04,2021030405013193,NIFRA,42,16,100,547.00,"54,700.00"
2021-03-04,2021030405013192,NIFRA,22,16,500,548.00,"274,000.00"
2021-03-04,2021030405013180,NIFRA,48,1,100,550.00,"55,000.00"
2021-03-04,2021030405013202,NIFRA,52,16,100,547.00,"54,700.00"
2021-03-04,2021030405013201,NIFRA,47,16,100,547.00,"54,700.00"
2021-03-04,2021030405013200,NIFRA,36,16,100,547.00,"54,700.00"
2021-03-04,2021030405013199,NIFRA,55,16,100,547.00,"54,700.00"
2021-03-04,2021030405013198,NIFRA,1,16,100,547.00,"54,700.00"
2021-03-04,2021030405013197,NIFRA,41,16,100,547.00,"54,700.00"
2021-03-04,2021030405013208,NIFRA,36,16,500,547.00,"273,500.00"
2021-03-04,2021030405013207,NIFRA,36,16,500,547.00,"273,500.00"
2021-03-04,2021030405013206,NIFRA,45,16,55,547.00,"30,085.00"
2021-03-04,2021030405013205,NIFRA,51,16,20,547.00,"10,940.00"
2021-03-04,2021030405013204,NIFRA,29,16,100,547.00,"54,700.00"
2021-03-04,2021030405013203,NIFRA,48,16,50,547.00,"27,350.00"
2021-03-04,2021030405013215,NIFRA,28,49,395,541.00,"213,695.00"
2021-03-04,2021030405013214,NIFRA,34,49,430,542.00,"233,060.00"
2021-03-04,2021030405013213,NIFRA,53,49,90,544.00,"48,960.00"
2021-03-04,2021030405013212,NIFRA,53,18,10,544.00,"5,440.00"
2021-03-04,2021030405013211,NIFRA,49,16,40,547.00,"21,880.00"
2021-03-04,2021030405013209,NIFRA,38,16,50,547.00,"27,350.00"
2021-03-04,2021030405013221,NIFRA,41,16,50,544.00,"27,200.00"
2021-03-04,2021030405013220,NIFRA,49,16,50,544.00,"27,200.00"
2021-03-04,2021030405013219,NIFRA,1,16,40,544.00,"21,760.00"
2021-03-04,2021030405013218,NIFRA,1,36,60,544.00,"32,640.00"
2021-03-04,2021030405013217,NIFRA,26,38,50,541.00,"27,050.00"
2021-03-04,2021030405013216,NIFRA,26,49,85,541.00,"45,985.00"
2021-03-04,2021030405013228,NIFRA,39,55,100,544.00,"54,400.00"
2021-03-04,2021030405013226,NIFRA,54,18,50,542.00,"27,100.00"
2021-03-04,2021030405013225,NIFRA,54,16,55,542.00,"29,810.00"
2021-03-04,2021030405013224,NIFRA,39,16,60,542.00,"32,520.00"
2021-03-04,2021030405013223,NIFRA,39,58,50,542.00,"27,100.00"
2021-03-04,2021030405013222,NIFRA,26,1,100,541.00,"54,100.00"
2021-03-04,2021030405013234,NIFRA,6,11,50,547.00,"27,350.00"
2021-03-04,2021030405013233,NIFRA,6,51,50,544.00,"27,200.00"
2021-03-04,2021030405013232,NIFRA,45,55,"13,380",540.00,"7,225,200.00"
2021-03-04,2021030405013231,NIFRA,58,55,20,541.00,"10,820.00"
2021-03-04,2021030405013230,NIFRA,26,55,765,541.00,"413,865.00"
2021-03-04,2021030405013229,NIFRA,54,55,"1,895",542.00,"1,027,090.00"
2021-03-04,2021030405013241,NIFRA,5,40,50,547.00,"27,350.00"
2021-03-04,2021030405013240,NIFRA,28,38,50,544.00,"27,200.00"
2021-03-04,2021030405013239,NIFRA,1,49,50,547.00,"27,350.00"
2021-03-04,2021030405013238,NIFRA,25,45,70,548.00,"38,360.00"
2021-03-04,2021030405013237,NIFRA,26,38,200,548.00,"109,600.00"
2021-03-04,2021030405013235,NIFRA,6,38,100,548.00,"54,800.00"
2021-03-04,2021030405013247,NIFRA,44,21,50,550.00,"27,500.00"
2021-03-04,2021030405013246,NIFRA,44,36,50,550.00,"27,500.00"
2021-03-04,2021030405013245,NIFRA,44,1,70,550.00,"38,500.00"
2021-03-04,2021030405013244,NIFRA,44,49,50,548.00,"27,400.00"
2021-03-04,2021030405013243,NIFRA,44,45,430,548.00,"235,640.00"
2021-03-04,2021030405013242,NIFRA,5,38,50,547.00,"27,350.00"
2021-03-04,2021030405013253,NIFRA,44,55,50,550.00,"27,500.00"
2021-03-04,2021030405013252,NIFRA,44,48,150,550.00,"82,500.00"
2021-03-04,2021030405013251,NIFRA,44,14,60,550.00,"33,000.00"
2021-03-04,2021030405013250,NIFRA,44,21,20,550.00,"11,000.00"
2021-03-04,2021030405013249,NIFRA,44,58,10,550.00,"5,500.00"
2021-03-04,2021030405013248,NIFRA,44,26,10,550.00,"5,500.00"
2021-03-04,2021030405013260,NIFRA,5,38,50,547.00,"27,350.00"
2021-03-04,2021030405013259,NIFRA,56,25,10,550.00,"5,500.00"
2021-03-04,2021030405013257,NIFRA,38,43,40,552.00,"22,080.00"
2021-03-04,2021030405013256,NIFRA,38,21,10,552.00,"5,520.00"
2021-03-04,2021030405013255,NIFRA,5,55,65,547.00,"35,555.00"
2021-03-04,2021030405013254,NIFRA,44,55,50,550.00,"27,500.00"
2021-03-04,2021030405013266,NIFRA,59,14,50,550.00,"27,500.00"
2021-03-04,2021030405013265,NIFRA,59,25,50,550.00,"27,500.00"
2021-03-04,2021030405013264,NIFRA,57,50,10,545.00,"5,450.00"
2021-03-04,2021030405013263,NIFRA,48,50,40,547.00,"21,880.00"
2021-03-04,2021030405013262,NIFRA,48,44,10,547.00,"5,470.00"
2021-03-04,2021030405013261,NIFRA,48,41,50,547.00,"27,350.00"
2021-03-04,2021030405013272,NIFRA,5,6,50,548.00,"27,400.00"
2021-03-04,2021030405013271,NIFRA,5,5,50,548.00,"27,400.00"
2021-03-04,2021030405013270,NIFRA,5,55,50,548.00,"27,400.00"
2021-03-04,2021030405013269,NIFRA,5,35,50,548.00,"27,400.00"
2021-03-04,2021030405013268,NIFRA,59,10,40,550.00,"22,000.00"
2021-03-04,2021030405013267,NIFRA,59,49,60,550.00,"33,000.00"
2021-03-04,2021030405013278,NIFRA,34,57,50,553.00,"27,650.00"
2021-03-04,2021030405013277,NIFRA,34,47,50,552.00,"27,600.00"
2021-03-04,2021030405013276,NIFRA,34,43,10,552.00,"5,520.00"
2021-03-04,2021030405013275,NIFRA,34,34,30,551.00,"16,530.00"
2021-03-04,2021030405013274,NIFRA,34,58,50,550.00,"27,500.00"
2021-03-04,2021030405013273,NIFRA,34,10,10,550.00,"5,500.00"
2021-03-04,2021030405013258,PLI,8,59,60,770.00,"46,200.00"
2021-03-04,2021030405013236,PLI,8,44,100,770.00,"77,000.00"
2021-03-04,2021030405013227,PLI,8,3,10,770.00,"7,700.00"
2021-03-04,2021030405013210,PLI,8,16,10,770.00,"7,700.00"
2021-03-04,2021030405013191,PLI,8,53,10,770.00,"7,700.00"
2021-03-04,2021030405013190,PLI,8,33,10,770.00,"7,700.00"
2021-03-04,2021030405012803,PLI,41,39,10,768.00,"7,680.00"
2021-03-04,2021030405012795,PLI,41,48,10,768.00,"7,680.00"
2021-03-04,2021030405012789,PLI,41,33,10,768.00,"7,680.00"
2021-03-04,2021030405012786,PLI,41,1,60,768.00,"46,080.00"
2021-03-04,2021030405012785,PLI,37,1,100,768.00,"76,800.00"
2021-03-04,2021030405012846,PLI,32,6,10,767.00,"7,670.00"
2021-03-04,2021030405012827,PLI,17,50,50,768.00,"38,400.00"
2021-03-04,2021030405012826,PLI,22,50,100,768.00,"76,800.00"
2021-03-04,2021030405012825,PLI,41,50,190,768.00,"145,920.00"
2021-03-04,2021030405012823,PLI,41,34,10,768.00,"7,680.00"
2021-03-04,2021030405012805,PLI,41,33,10,768.00,"7,680.00"
2021-03-04,2021030405013098,PLI,32,21,10,767.00,"7,670.00"
2021-03-04,2021030405012979,PLI,13,50,10,768.00,"7,680.00"
2021-03-04,2021030405012919,PLI,6,50,50,768.00,"38,400.00"
2021-03-04,2021030405012903,PLI,32,45,10,767.00,"7,670.00"
2021-03-04,2021030405012899,PLI,32,44,10,767.00,"7,670.00"
2021-03-04,2021030405012868,PLI,32,44,10,767.00,"7,670.00"
2021-03-04,2021030405013153,PLI,8,34,10,768.00,"7,680.00"
2021-03-04,2021030405013130,PLI,1,45,40,768.00,"30,720.00"
2021-03-04,2021030405013124,PLI,1,57,10,768.00,"7,680.00"
2021-03-04,2021030405013123,PLI,32,51,10,767.00,"7,670.00"
2021-03-04,2021030405013116,PLI,45,50,100,768.00,"76,800.00"
2021-03-04,2021030405013102,PLI,32,21,10,767.00,"7,670.00"
2021-03-04,2021030405013183,PLI,8,44,10,770.00,"7,700.00"
2021-03-04,2021030405013182,PLI,8,41,10,770.00,"7,700.00"
2021-03-04,2021030405013181,PLI,8,50,210,770.00,"161,700.00"
2021-03-04,2021030405013168,PLI,8,6,10,769.00,"7,690.00"
2021-03-04,2021030405013167,PLI,8,16,10,769.00,"7,690.00"
2021-03-04,2021030405013166,PLI,8,59,100,769.00,"76,900.00"
2021-03-04,2021030405013189,PLI,8,34,10,770.00,"7,700.00"
2021-03-04,2021030405013188,PLI,8,1,100,770.00,"77,000.00"
2021-03-04,2021030405013187,PLI,8,1,30,770.00,"23,100.00"
2021-03-04,2021030405013186,PLI,8,6,10,770.00,"7,700.00"
2021-03-04,2021030405013185,PLI,8,35,10,770.00,"7,700.00"
2021-03-04,2021030405013184,PLI,8,25,10,770.00,"7,700.00"
2021-03-04,2021030405012664,CGH,20,49,10,605.00,"6,050.00"
2021-03-04,2021030405012529,CGH,20,57,10,605.00,"6,050.00"
2021-03-04,2021030405012783,NIFRA,35,45,50,558.00,"27,900.00"
2021-03-04,2021030405012781,NIFRA,35,32,50,558.00,"27,900.00"
2021-03-04,2021030405012780,NIFRA,35,21,50,558.00,"27,900.00"
2021-03-04,2021030405012779,NIFRA,35,49,100,558.00,"55,800.00"
2021-03-04,2021030405012778,NIFRA,35,45,60,558.00,"33,480.00"
2021-03-04,2021030405012777,NIFRA,35,3,60,558.00,"33,480.00"
2021-03-04,2021030405012287,NIFRA,51,54,100,558.00,"55,800.00"
2021-03-04,2021030405012286,NIFRA,51,45,60,558.00,"33,480.00"
2021-03-04,2021030405012285,NIFRA,51,52,60,558.00,"33,480.00"
2021-03-04,2021030405012294,NIFRA,51,19,50,558.00,"27,900.00"
2021-03-04,2021030405012293,NIFRA,51,38,40,558.00,"22,320.00"
2021-03-04,2021030405012292,NIFRA,51,58,50,558.00,"27,900.00"
2021-03-04,2021030405012291,NIFRA,51,16,50,558.00,"27,900.00"
2021-03-04,2021030405012289,NIFRA,51,21,10,558.00,"5,580.00"
2021-03-04,2021030405012288,NIFRA,51,26,39,558.00,"21,762.00"
2021-03-04,2021030405012302,NIFRA,47,42,50,558.00,"27,900.00"
2021-03-04,2021030405012301,NIFRA,47,58,50,558.00,"27,900.00"
2021-03-04,2021030405012299,NIFRA,51,6,18,558.00,"10,044.00"
2021-03-04,2021030405012297,NIFRA,51,49,50,558.00,"27,900.00"
2021-03-04,2021030405012296,NIFRA,51,58,40,558.00,"22,320.00"
2021-03-04,2021030405012295,NIFRA,51,21,60,558.00,"33,480.00"
2021-03-04,2021030405012308,NIFRA,59,38,40,558.00,"22,320.00"
2021-03-04,2021030405012307,NIFRA,59,17,20,558.00,"11,160.00"
2021-03-04,2021030405012306,NIFRA,59,58,40,558.00,"22,320.00"
2021-03-04,2021030405012305,NIFRA,59,52,20,558.00,"11,160.00"
2021-03-04,2021030405012304,NIFRA,29,52,40,558.00,"22,320.00"
2021-03-04,2021030405012303,NIFRA,29,58,60,558.00,"33,480.00"
2021-03-04,2021030405012314,NIFRA,45,41,230,558.00,"128,340.00"
2021-03-04,2021030405012313,NIFRA,45,11,50,558.00,"27,900.00"
2021-03-04,2021030405012312,NIFRA,45,57,50,558.00,"27,900.00"
2021-03-04,2021030405012311,NIFRA,45,10,170,558.00,"94,860.00"
2021-03-04,2021030405012310,NIFRA,59,10,30,558.00,"16,740.00"
2021-03-04,2021030405012309,NIFRA,59,58,50,558.00,"27,900.00"
2021-03-04,2021030405012320,NIFRA,34,22,50,558.00,"27,900.00"
2021-03-04,2021030405012319,NIFRA,34,55,60,558.00,"33,480.00"
2021-03-04,2021030405012318,NIFRA,34,58,60,558.00,"33,480.00"
2021-03-04,2021030405012317,NIFRA,34,47,30,558.00,"16,740.00"
2021-03-04,2021030405012316,NIFRA,26,47,30,558.00,"16,740.00"
2021-03-04,2021030405012315,NIFRA,26,41,30,558.00,"16,740.00"
2021-03-04,2021030405012326,NIFRA,54,58,50,558.00,"27,900.00"
2021-03-04,2021030405012325,NIFRA,54,10,50,558.00,"27,900.00"
2021-03-04,2021030405012324,NIFRA,54,14,60,558.00,"33,480.00"
2021-03-04,2021030405012323,NIFRA,54,46,30,558.00,"16,740.00"
2021-03-04,2021030405012322,NIFRA,54,58,50,558.00,"27,900.00"
2021-03-04,2021030405012321,NIFRA,54,35,10,558.00,"5,580.00"
2021-03-04,2021030405012332,NIFRA,16,51,50,558.00,"27,900.00"
2021-03-04,2021030405012331,NIFRA,16,16,20,558.00,"11,160.00"
2021-03-04,2021030405012330,NIFRA,16,21,50,558.00,"27,900.00"
2021-03-04,2021030405012329,NIFRA,16,57,60,558.00,"33,480.00"
2021-03-04,2021030405012328,NIFRA,39,57,50,558.00,"27,900.00"
2021-03-04,2021030405012327,NIFRA,54,45,50,558.00,"27,900.00"
2021-03-04,2021030405012338,NIFRA,3,57,"1,000",558.00,"558,000.00"
2021-03-04,2021030405012337,NIFRA,51,36,50,558.00,"27,900.00"
2021-03-04,2021030405012336,NIFRA,51,50,50,558.00,"27,900.00"
2021-03-04,2021030405012335,NIFRA,51,28,40,558.00,"22,320.00"
2021-03-04,2021030405012334,NIFRA,16,28,10,558.00,"5,580.00"
2021-03-04,2021030405012333,NIFRA,16,16,10,558.00,"5,580.00"
2021-03-04,2021030405012344,NIFRA,14,57,100,558.00,"55,800.00"
2021-03-04,2021030405012343,NIFRA,29,57,100,558.00,"55,800.00"
2021-03-04,2021030405012342,NIFRA,19,57,100,558.00,"55,800.00"
2021-03-04,2021030405012341,NIFRA,42,57,150,558.00,"83,700.00"
2021-03-04,2021030405012340,NIFRA,57,57,100,558.00,"55,800.00"
2021-03-04,2021030405012339,NIFRA,51,57,860,558.00,"479,880.00"
2021-03-04,2021030405012350,NIFRA,44,38,50,558.00,"27,900.00"
2021-03-04,2021030405012349,NIFRA,44,57,40,558.00,"22,320.00"
2021-03-04,2021030405012348,NIFRA,17,57,200,558.00,"111,600.00"
2021-03-04,2021030405012347,NIFRA,46,57,200,558.00,"111,600.00"
2021-03-04,2021030405012346,NIFRA,5,57,100,558.00,"55,800.00"
2021-03-04,2021030405012345,NIFRA,21,57,50,558.00,"27,900.00"
2021-03-04,2021030405012356,NIFRA,44,42,60,558.00,"33,480.00"
2021-03-04,2021030405012355,NIFRA,44,46,10,558.00,"5,580.00"
2021-03-04,2021030405012354,NIFRA,44,16,60,558.00,"33,480.00"
2021-03-04,2021030405012353,NIFRA,44,14,50,558.00,"27,900.00"
2021-03-04,2021030405012352,NIFRA,44,49,50,558.00,"27,900.00"
2021-03-04,2021030405012351,NIFRA,44,1,50,558.00,"27,900.00"
2021-03-04,2021030405012362,NIFRA,6,41,10,558.00,"5,580.00"
2021-03-04,2021030405012361,NIFRA,36,41,40,558.00,"22,320.00"
2021-03-04,2021030405012360,NIFRA,36,45,60,558.00,"33,480.00"
2021-03-04,2021030405012359,NIFRA,44,21,50,558.00,"27,900.00"
2021-03-04,2021030405012358,NIFRA,44,58,30,558.00,"16,740.00"
2021-03-04,2021030405012357,NIFRA,44,59,50,558.00,"27,900.00"
2021-03-04,2021030405012369,NIFRA,49,57,50,558.00,"27,900.00"
2021-03-04,2021030405012367,NIFRA,49,43,50,558.00,"27,900.00"
2021-03-04,2021030405012366,NIFRA,49,49,50,558.00,"27,900.00"
2021-03-04,2021030405012365,NIFRA,49,42,10,558.00,"5,580.00"
2021-03-04,2021030405012364,NIFRA,6,42,40,558.00,"22,320.00"
2021-03-04,2021030405012363,NIFRA,6,52,50,558.00,"27,900.00"
2021-03-04,2021030405012376,NIFRA,49,17,10,558.00,"5,580.00"
2021-03-04,2021030405012375,NIFRA,49,22,60,558.00,"33,480.00"
2021-03-04,2021030405012374,NIFRA,49,59,50,558.00,"27,900.00"
2021-03-04,2021030405012373,NIFRA,49,56,60,558.00,"33,480.00"
2021-03-04,2021030405012372,NIFRA,49,51,60,558.00,"33,480.00"
2021-03-04,2021030405012370,NIFRA,49,34,60,558.00,"33,480.00"
2021-03-04,2021030405012383,NIFRA,49,59,50,558.00,"27,900.00"
2021-03-04,2021030405012382,NIFRA,49,49,60,558.00,"33,480.00"
2021-03-04,2021030405012381,NIFRA,49,21,50,558.00,"27,900.00"
2021-03-04,2021030405012380,NIFRA,49,51,50,558.00,"27,900.00"
2021-03-04,2021030405012379,NIFRA,49,4,60,558.00,"33,480.00"
2021-03-04,2021030405012378,NIFRA,49,21,60,558.00,"33,480.00"
2021-03-04,2021030405012389,NIFRA,43,16,10,558.00,"5,580.00"
2021-03-04,2021030405012388,NIFRA,43,52,40,558.00,"22,320.00"
2021-03-04,2021030405012387,NIFRA,17,52,10,558.00,"5,580.00"
2021-03-04,2021030405012386,NIFRA,17,57,50,558.00,"27,900.00"
2021-03-04,2021030405012385,NIFRA,17,58,40,558.00,"22,320.00"
2021-03-04,2021030405012384,NIFRA,49,58,10,558.00,"5,580.00"
2021-03-04,2021030405012396,NIFRA,29,21,10,558.00,"5,580.00"
2021-03-04,2021030405012395,NIFRA,29,7,30,558.00,"16,740.00"
2021-03-04,2021030405012393,NIFRA,29,45,50,558.00,"27,900.00"
2021-03-04,2021030405012392,NIFRA,29,55,50,558.00,"27,900.00"
2021-03-04,2021030405012391,NIFRA,29,35,40,558.00,"22,320.00"
2021-03-04,2021030405012390,NIFRA,29,16,50,558.00,"27,900.00"
2021-03-04,2021030405012403,NIFRA,49,50,10,558.00,"5,580.00"
2021-03-04,2021030405012402,NIFRA,49,32,10,558.00,"5,580.00"
2021-03-04,2021030405012401,NIFRA,1,32,50,558.00,"27,900.00"
2021-03-04,2021030405012400,NIFRA,29,45,60,558.00,"33,480.00"
2021-03-04,2021030405012398,NIFRA,29,57,50,558.00,"27,900.00"
2021-03-04,2021030405012397,NIFRA,29,38,60,558.00,"33,480.00"
2021-03-04,2021030405012409,NIFRA,49,56,50,558.00,"27,900.00"
2021-03-04,2021030405012408,NIFRA,49,21,50,558.00,"27,900.00"
2021-03-04,2021030405012407,NIFRA,49,58,10,558.00,"5,580.00"
2021-03-04,2021030405012406,NIFRA,49,58,50,558.00,"27,900.00"
2021-03-04,2021030405012405,NIFRA,49,16,60,558.00,"33,480.00"
2021-03-04,2021030405012404,NIFRA,49,38,10,558.00,"5,580.00"
2021-03-04,2021030405012417,NIFRA,49,47,60,558.00,"33,480.00"
2021-03-04,2021030405012415,NIFRA,49,49,50,558.00,"27,900.00"
2021-03-04,2021030405012414,NIFRA,49,53,50,558.00,"27,900.00"
2021-03-04,2021030405012413,NIFRA,49,38,50,558.00,"27,900.00"
2021-03-04,2021030405012412,NIFRA,49,57,50,558.00,"27,900.00"
2021-03-04,2021030405012411,NIFRA,49,56,10,558.00,"5,580.00"
2021-03-04,2021030405012423,NIFRA,49,56,30,558.00,"16,740.00"
2021-03-04,2021030405012422,NIFRA,49,36,50,558.00,"27,900.00"
2021-03-04,2021030405012421,NIFRA,49,55,50,558.00,"27,900.00"
2021-03-04,2021030405012420,NIFRA,49,41,40,558.00,"22,320.00"
2021-03-04,2021030405012419,NIFRA,49,16,50,558.00,"27,900.00"
2021-03-04,2021030405012418,NIFRA,49,56,60,558.00,"33,480.00"
2021-03-04,2021030405012430,NIFRA,33,38,10,558.00,"5,580.00"
2021-03-04,2021030405012429,NIFRA,33,45,60,558.00,"33,480.00"
2021-03-04,2021030405012427,NIFRA,33,20,600,558.00,"334,800.00"
2021-03-04,2021030405012426,NIFRA,33,53,60,558.00,"33,480.00"
2021-03-04,2021030405012425,NIFRA,33,58,40,558.00,"22,320.00"
2021-03-04,2021030405012424,NIFRA,33,56,30,558.00,"16,740.00"
2021-03-04,2021030405012436,NIFRA,34,21,50,558.00,"27,900.00"
2021-03-04,2021030405012435,NIFRA,34,58,10,558.00,"5,580.00"
2021-03-04,2021030405012434,NIFRA,34,16,50,558.00,"27,900.00"
2021-03-04,2021030405012433,NIFRA,34,57,50,558.00,"27,900.00"
2021-03-04,2021030405012432,NIFRA,34,57,50,558.00,"27,900.00"
2021-03-04,2021030405012431,NIFRA,34,38,40,558.00,"22,320.00"
2021-03-04,2021030405012446,NIFRA,34,1,10,558.00,"5,580.00"
2021-03-04,2021030405012445,NIFRA,34,35,10,558.00,"5,580.00"
2021-03-04,2021030405012442,NIFRA,34,44,60,558.00,"33,480.00"
2021-03-04,2021030405012441,NIFRA,34,33,30,558.00,"16,740.00"
2021-03-04,2021030405012438,NIFRA,34,49,50,558.00,"27,900.00"
2021-03-04,2021030405012437,NIFRA,34,45,50,558.00,"27,900.00"
2021-03-04,2021030405012454,NIFRA,57,46,50,558.00,"27,900.00"
2021-03-04,2021030405012453,NIFRA,57,56,50,558.00,"27,900.00"
2021-03-04,2021030405012451,NIFRA,57,57,50,558.00,"27,900.00"
2021-03-04,2021030405012449,NIFRA,57,21,50,558.00,"27,900.00"
2021-03-04,2021030405012448,NIFRA,57,40,160,558.00,"89,280.00"
2021-03-04,2021030405012447,NIFRA,34,40,40,558.00,"22,320.00"
2021-03-04,2021030405012461,NIFRA,13,56,50,558.00,"27,900.00"
2021-03-04,2021030405012460,NIFRA,13,16,50,558.00,"27,900.00"
2021-03-04,2021030405012459,NIFRA,13,1,40,558.00,"22,320.00"
2021-03-04,2021030405012458,NIFRA,57,35,60,558.00,"33,480.00"
2021-03-04,2021030405012456,NIFRA,57,36,50,558.00,"27,900.00"
2021-03-04,2021030405012455,NIFRA,57,57,30,558.00,"16,740.00"
2021-03-04,2021030405012468,NIFRA,13,33,50,558.00,"27,900.00"
2021-03-04,2021030405012466,NIFRA,13,56,50,558.00,"27,900.00"
2021-03-04,2021030405012465,NIFRA,13,16,60,558.00,"33,480.00"
2021-03-04,2021030405012464,NIFRA,13,17,60,558.00,"33,480.00"
2021-03-04,2021030405012463,NIFRA,13,59,60,558.00,"33,480.00"
2021-03-04,2021030405012462,NIFRA,13,45,50,558.00,"27,900.00"
2021-03-04,2021030405012474,NIFRA,20,58,30,558.00,"16,740.00"
2021-03-04,2021030405012473,NIFRA,13,58,30,558.00,"16,740.00"
2021-03-04,2021030405012472,NIFRA,13,16,50,558.00,"27,900.00"
2021-03-04,2021030405012471,NIFRA,13,36,50,558.00,"27,900.00"
2021-03-04,2021030405012470,NIFRA,13,21,50,558.00,"27,900.00"
2021-03-04,2021030405012469,NIFRA,13,43,50,558.00,"27,900.00"
2021-03-04,2021030405012480,NIFRA,42,16,50,558.00,"27,900.00"
2021-03-04,2021030405012479,NIFRA,42,36,50,558.00,"27,900.00"
2021-03-04,2021030405012478,NIFRA,42,48,40,558.00,"22,320.00"
2021-03-04,2021030405012477,NIFRA,20,48,160,558.00,"89,280.00"
2021-03-04,2021030405012476,NIFRA,20,59,50,558.00,"27,900.00"
2021-03-04,2021030405012475,NIFRA,20,45,60,558.00,"33,480.00"
2021-03-04,2021030405012488,NIFRA,46,16,50,558.00,"27,900.00"
2021-03-04,2021030405012487,NIFRA,46,59,10,558.00,"5,580.00"
2021-03-04,2021030405012486,NIFRA,42,59,40,558.00,"22,320.00"
2021-03-04,2021030405012485,NIFRA,42,21,50,558.00,"27,900.00"
2021-03-04,2021030405012482,NIFRA,42,11,20,558.00,"11,160.00"
2021-03-04,2021030405012481,NIFRA,42,56,50,558.00,"27,900.00"
2021-03-04,2021030405012496,NIFRA,53,58,25,558.00,"13,950.00"
2021-03-04,2021030405012493,NIFRA,53,57,15,558.00,"8,370.00"
2021-03-04,2021030405012492,NIFRA,49,57,30,558.00,"16,740.00"
2021-03-04,2021030405012491,NIFRA,49,49,50,558.00,"27,900.00"
2021-03-04,2021030405012490,NIFRA,49,49,20,558.00,"11,160.00"
2021-03-04,2021030405012489,NIFRA,46,49,40,558.00,"22,320.00"
2021-03-04,2021030405012503,NIFRA,59,45,50,558.00,"27,900.00"
2021-03-04,2021030405012502,NIFRA,59,36,60,558.00,"33,480.00"
2021-03-04,2021030405012501,NIFRA,59,58,50,558.00,"27,900.00"
2021-03-04,2021030405012500,NIFRA,59,49,50,558.00,"27,900.00"
2021-03-04,2021030405012499,NIFRA,59,45,50,558.00,"27,900.00"
2021-03-04,2021030405012497,NIFRA,53,59,60,558.00,"33,480.00"
2021-03-04,2021030405012509,NIFRA,35,49,50,558.00,"27,900.00"
2021-03-04,2021030405012508,NIFRA,35,59,50,558.00,"27,900.00"
2021-03-04,2021030405012507,NIFRA,35,45,50,558.00,"27,900.00"
2021-03-04,2021030405012506,NIFRA,35,21,60,558.00,"33,480.00"
2021-03-04,2021030405012505,NIFRA,35,38,10,558.00,"5,580.00"
2021-03-04,2021030405012504,NIFRA,59,38,40,558.00,"22,320.00"
2021-03-04,2021030405012516,NIFRA,35,37,50,558.00,"27,900.00"
2021-03-04,2021030405012515,NIFRA,35,45,50,558.00,"27,900.00"
2021-03-04,2021030405012513,NIFRA,35,36,50,558.00,"27,900.00"
2021-03-04,2021030405012512,NIFRA,35,55,50,558.00,"27,900.00"
2021-03-04,2021030405012511,NIFRA,35,16,50,558.00,"27,900.00"
2021-03-04,2021030405012510,NIFRA,35,45,60,558.00,"33,480.00"
2021-03-04,2021030405012523,NIFRA,35,16,40,558.00,"22,320.00"
2021-03-04,2021030405012522,NIFRA,35,22,50,558.00,"27,900.00"
2021-03-04,2021030405012521,NIFRA,35,59,50,558.00,"27,900.00"
2021-03-04,2021030405012520,NIFRA,35,51,20,558.00,"11,160.00"
2021-03-04,2021030405012519,NIFRA,35,36,50,558.00,"27,900.00"
2021-03-04,2021030405012518,NIFRA,35,45,50,558.00,"27,900.00"
2021-03-04,2021030405012530,NIFRA,35,45,50,558.00,"27,900.00"
2021-03-04,2021030405012528,NIFRA,35,28,60,558.00,"33,480.00"
2021-03-04,2021030405012527,NIFRA,35,45,50,558.00,"27,900.00"
2021-03-04,2021030405012526,NIFRA,35,10,100,558.00,"55,800.00"
2021-03-04,2021030405012525,NIFRA,35,21,50,558.00,"27,900.00"
2021-03-04,2021030405012524,NIFRA,35,34,50,558.00,"27,900.00"
2021-03-04,2021030405012536,NIFRA,35,38,50,558.00,"27,900.00"
2021-03-04,2021030405012535,NIFRA,35,1,50,558.00,"27,900.00"
2021-03-04,2021030405012534,NIFRA,35,45,50,558.00,"27,900.00"
2021-03-04,2021030405012533,NIFRA,35,59,50,558.00,"27,900.00"
2021-03-04,2021030405012532,NIFRA,35,39,50,558.00,"27,900.00"
2021-03-04,2021030405012531,NIFRA,35,34,470,558.00,"262,260.00"
2021-03-04,2021030405012542,NIFRA,35,6,50,558.00,"27,900.00"
2021-03-04,2021030405012541,NIFRA,35,59,50,558.00,"27,900.00"
2021-03-04,2021030405012540,NIFRA,35,21,50,558.00,"27,900.00"
2021-03-04,2021030405012539,NIFRA,35,45,10,558.00,"5,580.00"
2021-03-04,2021030405012538,NIFRA,35,36,50,558.00,"27,900.00"
2021-03-04,2021030405012537,NIFRA,35,13,100,558.00,"55,800.00"
2021-03-04,2021030405012549,NIFRA,35,58,60,558.00,"33,480.00"
2021-03-04,2021030405012548,NIFRA,35,59,50,558.00,"27,900.00"
2021-03-04,2021030405012547,NIFRA,35,43,60,558.00,"33,480.00"
2021-03-04,2021030405012546,NIFRA,35,38,50,558.00,"27,900.00"
2021-03-04,2021030405012545,NIFRA,35,45,60,558.00,"33,480.00"
2021-03-04,2021030405012543,NIFRA,35,38,50,558.00,"27,900.00"
2021-03-04,2021030405012555,NIFRA,35,39,50,558.00,"27,900.00"
2021-03-04,2021030405012554,NIFRA,35,58,50,558.00,"27,900.00"
2021-03-04,2021030405012553,NIFRA,35,1,50,558.00,"27,900.00"
2021-03-04,2021030405012552,NIFRA,35,7,60,558.00,"33,480.00"
2021-03-04,2021030405012551,NIFRA,35,34,50,558.00,"27,900.00"
2021-03-04,2021030405012550,NIFRA,35,8,50,558.00,"27,900.00"
2021-03-04,2021030405012561,NIFRA,35,39,60,558.00,"33,480.00"
2021-03-04,2021030405012560,NIFRA,35,34,50,558.00,"27,900.00"
2021-03-04,2021030405012559,NIFRA,35,11,50,558.00,"27,900.00"
2021-03-04,2021030405012558,NIFRA,35,29,"1,000",558.00,"558,000.00"
2021-03-04,2021030405012557,NIFRA,35,59,51,558.00,"28,458.00"
2021-03-04,2021030405012556,NIFRA,35,33,50,558.00,"27,900.00"
2021-03-04,2021030405012569,NIFRA,35,53,60,558.00,"33,480.00"
2021-03-04,2021030405012568,NIFRA,35,16,50,558.00,"27,900.00"
2021-03-04,2021030405012566,NIFRA,35,21,60,558.00,"33,480.00"
2021-03-04,2021030405012565,NIFRA,35,38,50,558.00,"27,900.00"
2021-03-04,2021030405012564,NIFRA,35,58,10,558.00,"5,580.00"
2021-03-04,2021030405012563,NIFRA,35,39,50,558.00,"27,900.00"
2021-03-04,2021030405012577,NIFRA,35,59,50,558.00,"27,900.00"
2021-03-04,2021030405012576,NIFRA,35,7,60,558.00,"33,480.00"
2021-03-04,2021030405012575,NIFRA,35,1,50,558.00,"27,900.00"
2021-03-04,2021030405012572,NIFRA,35,45,50,558.00,"27,900.00"
2021-03-04,2021030405012571,NIFRA,35,28,50,558.00,"27,900.00"
2021-03-04,2021030405012570,NIFRA,35,33,50,558.00,"27,900.00"
2021-03-04,2021030405012583,NIFRA,35,49,50,558.00,"27,900.00"
2021-03-04,2021030405012582,NIFRA,35,39,10,558.00,"5,580.00"
2021-03-04,2021030405012581,NIFRA,35,39,50,558.00,"27,900.00"
2021-03-04,2021030405012580,NIFRA,35,13,10,558.00,"5,580.00"
2021-03-04,2021030405012579,NIFRA,35,38,60,558.00,"33,480.00"
2021-03-04,2021030405012578,NIFRA,35,44,60,558.00,"33,480.00"
2021-03-04,2021030405012590,NIFRA,35,22,50,558.00,"27,900.00"
2021-03-04,2021030405012589,NIFRA,35,33,100,558.00,"55,800.00"
2021-03-04,2021030405012587,NIFRA,35,53,10,558.00,"5,580.00"
2021-03-04,2021030405012586,NIFRA,35,22,50,558.00,"27,900.00"
2021-03-04,2021030405012585,NIFRA,35,55,60,558.00,"33,480.00"
2021-03-04,2021030405012584,NIFRA,35,16,20,558.00,"11,160.00"
2021-03-04,2021030405012596,NIFRA,35,45,10,558.00,"5,580.00"
2021-03-04,2021030405012595,NIFRA,35,38,60,558.00,"33,480.00"
2021-03-04,2021030405012594,NIFRA,35,17,60,558.00,"33,480.00"
2021-03-04,2021030405012593,NIFRA,35,58,50,558.00,"27,900.00"
2021-03-04,2021030405012592,NIFRA,35,33,50,558.00,"27,900.00"
2021-03-04,2021030405012591,NIFRA,35,21,50,558.00,"27,900.00"
2021-03-04,2021030405012602,NIFRA,35,16,60,558.00,"33,480.00"
2021-03-04,2021030405012601,NIFRA,35,52,50,558.00,"27,900.00"
2021-03-04,2021030405012600,NIFRA,35,21,50,558.00,"27,900.00"
2021-03-04,2021030405012599,NIFRA,35,39,50,558.00,"27,900.00"
2021-03-04,2021030405012598,NIFRA,35,7,60,558.00,"33,480.00"
2021-03-04,2021030405012597,NIFRA,35,50,60,558.00,"33,480.00"
2021-03-04,2021030405012609,NIFRA,35,17,40,558.00,"22,320.00"
2021-03-04,2021030405012608,NIFRA,35,57,50,558.00,"27,900.00"
2021-03-04,2021030405012607,NIFRA,35,58,50,558.00,"27,900.00"
2021-03-04,2021030405012605,NIFRA,35,57,50,558.00,"27,900.00"
2021-03-04,2021030405012604,NIFRA,35,38,60,558.00,"33,480.00"
2021-03-04,2021030405012603,NIFRA,35,58,50,558.00,"27,900.00"
2021-03-04,2021030405012615,NIFRA,35,47,50,558.00,"27,900.00"
2021-03-04,2021030405012614,NIFRA,35,45,200,558.00,"111,600.00"
2021-03-04,2021030405012613,NIFRA,35,25,60,558.00,"33,480.00"
2021-03-04,2021030405012612,NIFRA,35,33,60,558.00,"33,480.00"
2021-03-04,2021030405012611,NIFRA,35,58,60,558.00,"33,480.00"
2021-03-04,2021030405012610,NIFRA,35,17,60,558.00,"33,480.00"
2021-03-04,2021030405012622,NIFRA,35,17,50,558.00,"27,900.00"
2021-03-04,2021030405012621,NIFRA,35,51,60,558.00,"33,480.00"
2021-03-04,2021030405012620,NIFRA,35,39,60,558.00,"33,480.00"
2021-03-04,2021030405012619,NIFRA,35,7,50,558.00,"27,900.00"
2021-03-04,2021030405012617,NIFRA,35,16,50,558.00,"27,900.00"
2021-03-04,2021030405012616,NIFRA,35,34,50,558.00,"27,900.00"
2021-03-04,2021030405012628,NIFRA,35,59,60,558.00,"33,480.00"
2021-03-04,2021030405012627,NIFRA,35,49,60,558.00,"33,480.00"
2021-03-04,2021030405012626,NIFRA,35,38,50,558.00,"27,900.00"
2021-03-04,2021030405012625,NIFRA,35,35,50,558.00,"27,900.00"
2021-03-04,2021030405012624,NIFRA,35,51,25,558.00,"13,950.00"
2021-03-04,2021030405012623,NIFRA,35,10,50,558.00,"27,900.00"
2021-03-04,2021030405012636,NIFRA,35,33,60,558.00,"33,480.00"
2021-03-04,2021030405012635,NIFRA,35,38,50,558.00,"27,900.00"
2021-03-04,2021030405012633,NIFRA,35,51,30,558.00,"16,740.00"
2021-03-04,2021030405012632,NIFRA,35,36,60,558.00,"33,480.00"
2021-03-04,2021030405012630,NIFRA,35,33,50,558.00,"27,900.00"
2021-03-04,2021030405012629,NIFRA,35,57,50,558.00,"27,900.00"
2021-03-04,2021030405012642,NIFRA,35,56,300,558.00,"167,400.00"
2021-03-04,2021030405012641,NIFRA,35,45,60,558.00,"33,480.00"
2021-03-04,2021030405012640,NIFRA,35,44,60,558.00,"33,480.00"
2021-03-04,2021030405012639,NIFRA,35,49,30,558.00,"16,740.00"
2021-03-04,2021030405012638,NIFRA,35,33,10,558.00,"5,580.00"
2021-03-04,2021030405012637,NIFRA,35,45,50,558.00,"27,900.00"
2021-03-04,2021030405012648,NIFRA,35,14,100,558.00,"55,800.00"
2021-03-04,2021030405012647,NIFRA,35,49,40,558.00,"22,320.00"
2021-03-04,2021030405012646,NIFRA,35,38,50,558.00,"27,900.00"
2021-03-04,2021030405012645,NIFRA,35,59,50,558.00,"27,900.00"
2021-03-04,2021030405012644,NIFRA,35,7,60,558.00,"33,480.00"
2021-03-04,2021030405012643,NIFRA,35,14,10,558.00,"5,580.00"
2021-03-04,2021030405012654,NIFRA,35,45,20,558.00,"11,160.00"
2021-03-04,2021030405012653,NIFRA,35,38,60,558.00,"33,480.00"
2021-03-04,2021030405012652,NIFRA,35,45,50,558.00,"27,900.00"
2021-03-04,2021030405012651,NIFRA,35,59,60,558.00,"33,480.00"
2021-03-04,2021030405012650,NIFRA,35,44,60,558.00,"33,480.00"
2021-03-04,2021030405012649,NIFRA,35,44,10,558.00,"5,580.00"
2021-03-04,2021030405012661,NIFRA,35,45,60,558.00,"33,480.00"
2021-03-04,2021030405012660,NIFRA,35,57,60,558.00,"33,480.00"
2021-03-04,2021030405012659,NIFRA,35,34,60,558.00,"33,480.00"
2021-03-04,2021030405012658,NIFRA,35,57,50,558.00,"27,900.00"
2021-03-04,2021030405012656,NIFRA,35,45,60,558.00,"33,480.00"
2021-03-04,2021030405012655,NIFRA,35,58,50,558.00,"27,900.00"
2021-03-04,2021030405012669,NIFRA,35,57,60,558.00,"33,480.00"
2021-03-04,2021030405012667,NIFRA,35,57,50,558.00,"27,900.00"
2021-03-04,2021030405012666,NIFRA,35,17,50,558.00,"27,900.00"
2021-03-04,2021030405012665,NIFRA,35,36,50,558.00,"27,900.00"
2021-03-04,2021030405012663,NIFRA,35,57,50,558.00,"27,900.00"
2021-03-04,2021030405012662,NIFRA,35,59,50,558.00,"27,900.00"
2021-03-04,2021030405012676,NIFRA,35,55,60,558.00,"33,480.00"
2021-03-04,2021030405012674,NIFRA,35,45,300,558.00,"167,400.00"
2021-03-04,2021030405012673,NIFRA,35,25,50,558.00,"27,900.00"
2021-03-04,2021030405012672,NIFRA,35,29,60,558.00,"33,480.00"
2021-03-04,2021030405012671,NIFRA,35,47,300,558.00,"167,400.00"
2021-03-04,2021030405012670,NIFRA,35,21,50,558.00,"27,900.00"
2021-03-04,2021030405012684,NIFRA,35,8,50,558.00,"27,900.00"
2021-03-04,2021030405012683,NIFRA,35,52,50,558.00,"27,900.00"
2021-03-04,2021030405012682,NIFRA,35,38,50,558.00,"27,900.00"
2021-03-04,2021030405012680,NIFRA,35,8,60,558.00,"33,480.00"
2021-03-04,2021030405012679,NIFRA,35,59,60,558.00,"33,480.00"
2021-03-04,2021030405012677,NIFRA,35,44,60,558.00,"33,480.00"
2021-03-04,2021030405012690,NIFRA,35,21,50,558.00,"27,900.00"
2021-03-04,2021030405012689,NIFRA,35,58,30,558.00,"16,740.00"
2021-03-04,2021030405012688,NIFRA,35,29,50,558.00,"27,900.00"
2021-03-04,2021030405012687,NIFRA,35,35,110,558.00,"61,380.00"
2021-03-04,2021030405012686,NIFRA,35,21,10,558.00,"5,580.00"
2021-03-04,2021030405012685,NIFRA,35,4,60,558.00,"33,480.00"
2021-03-04,2021030405012697,NIFRA,35,48,60,558.00,"33,480.00"
2021-03-04,2021030405012696,NIFRA,35,57,60,558.00,"33,480.00"
2021-03-04,2021030405012695,NIFRA,35,38,50,558.00,"27,900.00"
2021-03-04,2021030405012694,NIFRA,35,22,10,558.00,"5,580.00"
2021-03-04,2021030405012693,NIFRA,35,22,10,558.00,"5,580.00"
2021-03-04,2021030405012691,NIFRA,35,59,50,558.00,"27,900.00"
2021-03-04,2021030405012704,NIFRA,35,8,20,558.00,"11,160.00"
2021-03-04,2021030405012703,NIFRA,35,54,20,558.00,"11,160.00"
2021-03-04,2021030405012701,NIFRA,35,32,15,558.00,"8,370.00"
2021-03-04,2021030405012700,NIFRA,35,34,50,558.00,"27,900.00"
2021-03-04,2021030405012699,NIFRA,35,54,"1,000",558.00,"558,000.00"
2021-03-04,2021030405012698,NIFRA,35,45,50,558.00,"27,900.00"
2021-03-04,2021030405012711,NIFRA,35,58,20,558.00,"11,160.00"
2021-03-04,2021030405012710,NIFRA,35,21,50,558.00,"27,900.00"
2021-03-04,2021030405012709,NIFRA,35,41,10,558.00,"5,580.00"
2021-03-04,2021030405012708,NIFRA,35,21,50,558.00,"27,900.00"
2021-03-04,2021030405012707,NIFRA,35,34,60,558.00,"33,480.00"
2021-03-04,2021030405012705,NIFRA,35,54,50,558.00,"27,900.00"
2021-03-04,2021030405012717,NIFRA,35,58,30,558.00,"16,740.00"
2021-03-04,2021030405012716,NIFRA,35,34,50,558.00,"27,900.00"
2021-03-04,2021030405012715,NIFRA,35,56,60,558.00,"33,480.00"
2021-03-04,2021030405012714,NIFRA,35,59,50,558.00,"27,900.00"
2021-03-04,2021030405012713,NIFRA,35,50,50,558.00,"27,900.00"
2021-03-04,2021030405012712,NIFRA,35,59,60,558.00,"33,480.00"
2021-03-04,2021030405012723,NIFRA,35,34,60,558.00,"33,480.00"
2021-03-04,2021030405012722,NIFRA,35,58,60,558.00,"33,480.00"
2021-03-04,2021030405012721,NIFRA,35,48,60,558.00,"33,480.00"
2021-03-04,2021030405012720,NIFRA,35,26,50,558.00,"27,900.00"
2021-03-04,2021030405012719,NIFRA,35,45,200,558.00,"111,600.00"
2021-03-04,2021030405012718,NIFRA,35,11,50,558.00,"27,900.00"
2021-03-04,2021030405012729,NIFRA,35,34,50,558.00,"27,900.00"
2021-03-04,2021030405012728,NIFRA,35,17,50,558.00,"27,900.00"
2021-03-04,2021030405012727,NIFRA,35,6,60,558.00,"33,480.00"
2021-03-04,2021030405012726,NIFRA,35,52,50,558.00,"27,900.00"
2021-03-04,2021030405012725,NIFRA,35,59,60,558.00,"33,480.00"
2021-03-04,2021030405012724,NIFRA,35,56,60,558.00,"33,480.00"
2021-03-04,2021030405012735,NIFRA,35,59,50,558.00,"27,900.00"
2021-03-04,2021030405012734,NIFRA,35,44,60,558.00,"33,480.00"
2021-03-04,2021030405012733,NIFRA,35,56,40,558.00,"22,320.00"
2021-03-04,2021030405012732,NIFRA,35,45,80,558.00,"44,640.00"
2021-03-04,2021030405012731,NIFRA,35,19,20,558.00,"11,160.00"
2021-03-04,2021030405012730,NIFRA,35,19,50,558.00,"27,900.00"
2021-03-04,2021030405012743,NIFRA,35,28,10,558.00,"5,580.00"
2021-03-04,2021030405012742,NIFRA,35,41,10,558.00,"5,580.00"
2021-03-04,2021030405012741,NIFRA,35,58,50,558.00,"27,900.00"
2021-03-04,2021030405012738,NIFRA,35,28,50,558.00,"27,900.00"
2021-03-04,2021030405012737,NIFRA,35,21,50,558.00,"27,900.00"
2021-03-04,2021030405012736,NIFRA,35,34,50,558.00,"27,900.00"
2021-03-04,2021030405012750,NIFRA,35,44,60,558.00,"33,480.00"
2021-03-04,2021030405012749,NIFRA,35,14,50,558.00,"27,900.00"
2021-03-04,2021030405012748,NIFRA,35,7,50,558.00,"27,900.00"
2021-03-04,2021030405012746,NIFRA,35,47,50,558.00,"27,900.00"
2021-03-04,2021030405012745,NIFRA,35,58,60,558.00,"33,480.00"
2021-03-04,2021030405012744,NIFRA,35,36,60,558.00,"33,480.00"
2021-03-04,2021030405012757,NIFRA,35,51,40,558.00,"22,320.00"
2021-03-04,2021030405012756,NIFRA,35,6,60,558.00,"33,480.00"
2021-03-04,2021030405012755,NIFRA,35,57,30,558.00,"16,740.00"
2021-03-04,2021030405012754,NIFRA,35,1,10,558.00,"5,580.00"
2021-03-04,2021030405012753,NIFRA,35,25,50,558.00,"27,900.00"
2021-03-04,2021030405012751,NIFRA,35,49,60,558.00,"33,480.00"
2021-03-04,2021030405012763,NIFRA,35,54,10,558.00,"5,580.00"
2021-03-04,2021030405012762,NIFRA,35,45,50,558.00,"27,900.00"
2021-03-04,2021030405012761,NIFRA,35,22,100,558.00,"55,800.00"
2021-03-04,2021030405012760,NIFRA,35,49,20,558.00,"11,160.00"
2021-03-04,2021030405012759,NIFRA,35,49,60,558.00,"33,480.00"
2021-03-04,2021030405012758,NIFRA,35,45,60,558.00,"33,480.00"
2021-03-04,2021030405012770,NIFRA,35,34,50,558.00,"27,900.00"
2021-03-04,2021030405012769,NIFRA,35,36,50,558.00,"27,900.00"
2021-03-04,2021030405012768,NIFRA,35,41,30,558.00,"16,740.00"
2021-03-04,2021030405012767,NIFRA,35,22,10,558.00,"5,580.00"
2021-03-04,2021030405012766,NIFRA,35,58,60,558.00,"33,480.00"
2021-03-04,2021030405012764,NIFRA,35,38,60,558.00,"33,480.00"
2021-03-04,2021030405012776,NIFRA,35,53,50,558.00,"27,900.00"
2021-03-04,2021030405012775,NIFRA,35,57,50,558.00,"27,900.00"
2021-03-04,2021030405012774,NIFRA,35,58,60,558.00,"33,480.00"
2021-03-04,2021030405012773,NIFRA,35,49,60,558.00,"33,480.00"
2021-03-04,2021030405012772,NIFRA,35,49,60,558.00,"33,480.00"
2021-03-04,2021030405012771,NIFRA,35,49,60,558.00,"33,480.00"
2021-03-04,2021030405012784,PLI,47,1,40,768.00,"30,720.00"
2021-03-04,2021030405012782,PLI,1,7,10,769.00,"7,690.00"
2021-03-04,2021030405012765,PLI,47,55,10,768.00,"7,680.00"
2021-03-04,2021030405012752,PLI,49,52,10,768.00,"7,680.00"
2021-03-04,2021030405012747,PLI,49,37,10,768.00,"7,680.00"
2021-03-04,2021030405012740,PLI,5,50,90,770.00,"69,300.00"
2021-03-04,2021030405012300,PLI,57,43,10,766.00,"7,660.00"
2021-03-04,2021030405012298,PLI,57,6,10,766.00,"7,660.00"
2021-03-04,2021030405012290,PLI,21,48,100,774.00,"77,400.00"
2021-03-04,2021030405012410,PLI,6,50,200,770.00,"154,000.00"
2021-03-04,2021030405012399,PLI,25,38,10,766.00,"7,660.00"
2021-03-04,2021030405012394,PLI,25,16,10,766.00,"7,660.00"
2021-03-04,2021030405012377,PLI,57,45,10,766.00,"7,660.00"
2021-03-04,2021030405012371,PLI,57,49,10,766.00,"7,660.00"
2021-03-04,2021030405012368,PLI,57,16,10,766.00,"7,660.00"
2021-03-04,2021030405012444,PLI,47,16,10,766.00,"7,660.00"
2021-03-04,2021030405012443,PLI,47,45,10,766.00,"7,660.00"
2021-03-04,2021030405012440,PLI,47,57,10,766.00,"7,660.00"
2021-03-04,2021030405012439,PLI,25,45,10,766.00,"7,660.00"
2021-03-04,2021030405012428,PLI,25,36,10,766.00,"7,660.00"
2021-03-04,2021030405012416,PLI,25,58,10,766.00,"7,660.00"
2021-03-04,2021030405012484,PLI,45,36,10,766.00,"7,660.00"
2021-03-04,2021030405012483,PLI,45,58,10,766.00,"7,660.00"
2021-03-04,2021030405012467,PLI,47,29,10,766.00,"7,660.00"
2021-03-04,2021030405012457,PLI,47,16,10,766.00,"7,660.00"
2021-03-04,2021030405012452,PLI,47,44,10,766.00,"7,660.00"
2021-03-04,2021030405012450,PLI,37,36,10,767.00,"7,670.00"
2021-03-04,2021030405012544,PLI,45,36,10,766.00,"7,660.00"
2021-03-04,2021030405012517,PLI,45,45,10,766.00,"7,660.00"
2021-03-04,2021030405012514,PLI,45,8,10,766.00,"7,660.00"
2021-03-04,2021030405012498,PLI,45,3,150,766.00,"114,900.00"
2021-03-04,2021030405012495,PLI,45,17,10,766.00,"7,660.00"
2021-03-04,2021030405012494,PLI,45,36,10,766.00,"7,660.00"
2021-03-04,2021030405012606,PLI,5,38,10,767.00,"7,670.00"
2021-03-04,2021030405012588,PLI,5,44,10,767.00,"7,670.00"
2021-03-04,2021030405012574,PLI,5,33,10,767.00,"7,670.00"
2021-03-04,2021030405012573,PLI,45,38,10,766.00,"7,660.00"
2021-03-04,2021030405012567,PLI,45,33,10,766.00,"7,660.00"
2021-03-04,2021030405012562,PLI,45,45,10,766.00,"7,660.00"
2021-03-04,2021030405012675,PLI,5,21,10,767.00,"7,670.00"
2021-03-04,2021030405012668,PLI,5,58,10,767.00,"7,670.00"
2021-03-04,2021030405012657,PLI,5,36,10,767.00,"7,670.00"
2021-03-04,2021030405012634,PLI,5,38,10,767.00,"7,670.00"
2021-03-04,2021030405012631,PLI,5,44,10,767.00,"7,670.00"
2021-03-04,2021030405012618,PLI,5,47,10,767.00,"7,670.00"
2021-03-04,2021030405012739,PLI,5,37,10,769.00,"7,690.00"
2021-03-04,2021030405012706,PLI,49,29,10,768.00,"7,680.00"
2021-03-04,2021030405012702,PLI,49,47,10,768.00,"7,680.00"
2021-03-04,2021030405012692,PLI,49,8,10,768.00,"7,680.00"
2021-03-04,2021030405012681,PLI,32,57,10,767.00,"7,670.00"
2021-03-04,2021030405012678,PLI,5,55,10,767.00,"7,670.00"
2021-03-04,2021030405012045,CGH,20,58,10,605.00,"6,050.00"
2021-03-04,2021030405011975,CGH,34,16,1,593.00,593.00
2021-03-04,2021030405012284,NIFRA,51,39,50,558.00,"27,900.00"
2021-03-04,2021030405012283,NIFRA,51,21,60,558.00,"33,480.00"
2021-03-04,2021030405012281,NIFRA,51,49,60,558.00,"33,480.00"
2021-03-04,2021030405012280,NIFRA,51,28,10,558.00,"5,580.00"
2021-03-04,2021030405012278,NIFRA,51,59,10,558.00,"5,580.00"
2021-03-04,2021030405012277,NIFRA,51,58,60,558.00,"33,480.00"
2021-03-04,2021030405011790,NIFRA,55,55,50,558.00,"27,900.00"
2021-03-04,2021030405011789,NIFRA,55,38,60,558.00,"33,480.00"
2021-03-04,2021030405011788,NIFRA,55,45,60,558.00,"33,480.00"
2021-03-04,2021030405011787,NIFRA,55,42,60,558.00,"33,480.00"
2021-03-04,2021030405011786,NIFRA,55,16,50,558.00,"27,900.00"
2021-03-04,2021030405011785,NIFRA,55,57,10,558.00,"5,580.00"
2021-03-04,2021030405011796,NIFRA,55,57,40,558.00,"22,320.00"
2021-03-04,2021030405011795,NIFRA,55,20,50,558.00,"27,900.00"
2021-03-04,2021030405011794,NIFRA,55,26,560,558.00,"312,480.00"
2021-03-04,2021030405011793,NIFRA,55,40,50,558.00,"27,900.00"
2021-03-04,2021030405011792,NIFRA,55,46,50,558.00,"27,900.00"
2021-03-04,2021030405011791,NIFRA,55,22,20,558.00,"11,160.00"
2021-03-04,2021030405011803,NIFRA,55,38,60,558.00,"33,480.00"
2021-03-04,2021030405011802,NIFRA,55,34,50,558.00,"27,900.00"
2021-03-04,2021030405011801,NIFRA,55,11,80,558.00,"44,640.00"
2021-03-04,2021030405011799,NIFRA,55,20,50,558.00,"27,900.00"
2021-03-04,2021030405011798,NIFRA,55,11,50,558.00,"27,900.00"
2021-03-04,2021030405011797,NIFRA,55,49,50,558.00,"27,900.00"
2021-03-04,2021030405011809,NIFRA,55,51,50,558.00,"27,900.00"
2021-03-04,2021030405011808,NIFRA,55,57,100,558.00,"55,800.00"
2021-03-04,2021030405011807,NIFRA,55,4,20,558.00,"11,160.00"
2021-03-04,2021030405011806,NIFRA,55,43,60,558.00,"33,480.00"
2021-03-04,2021030405011805,NIFRA,55,57,50,558.00,"27,900.00"
2021-03-04,2021030405011804,NIFRA,55,42,50,558.00,"27,900.00"
2021-03-04,2021030405011817,NIFRA,55,22,20,558.00,"11,160.00"
2021-03-04,2021030405011816,NIFRA,55,52,50,558.00,"27,900.00"
2021-03-04,2021030405011815,NIFRA,55,51,50,558.00,"27,900.00"
2021-03-04,2021030405011814,NIFRA,55,29,10,558.00,"5,580.00"
2021-03-04,2021030405011813,NIFRA,55,45,60,558.00,"33,480.00"
2021-03-04,2021030405011812,NIFRA,55,11,60,558.00,"33,480.00"
2021-03-04,2021030405011823,NIFRA,55,41,50,558.00,"27,900.00"
2021-03-04,2021030405011822,NIFRA,55,58,60,558.00,"33,480.00"
2021-03-04,2021030405011821,NIFRA,55,14,50,558.00,"27,900.00"
2021-03-04,2021030405011820,NIFRA,55,20,50,558.00,"27,900.00"
2021-03-04,2021030405011819,NIFRA,55,56,10,558.00,"5,580.00"
2021-03-04,2021030405011818,NIFRA,55,57,50,558.00,"27,900.00"
2021-03-04,2021030405011830,NIFRA,55,41,50,558.00,"27,900.00"
2021-03-04,2021030405011829,NIFRA,55,57,40,558.00,"22,320.00"
2021-03-04,2021030405011828,NIFRA,55,22,60,558.00,"33,480.00"
2021-03-04,2021030405011826,NIFRA,55,45,60,558.00,"33,480.00"
2021-03-04,2021030405011825,NIFRA,55,56,10,558.00,"5,580.00"
2021-03-04,2021030405011824,NIFRA,55,28,10,558.00,"5,580.00"
2021-03-04,2021030405011836,NIFRA,55,16,50,558.00,"27,900.00"
2021-03-04,2021030405011835,NIFRA,55,4,60,558.00,"33,480.00"
2021-03-04,2021030405011834,NIFRA,55,58,50,558.00,"27,900.00"
2021-03-04,2021030405011833,NIFRA,55,35,25,558.00,"13,950.00"
2021-03-04,2021030405011832,NIFRA,55,59,50,558.00,"27,900.00"
2021-03-04,2021030405011831,NIFRA,55,6,50,558.00,"27,900.00"
2021-03-04,2021030405011842,NIFRA,55,39,50,558.00,"27,900.00"
2021-03-04,2021030405011841,NIFRA,55,45,50,558.00,"27,900.00"
2021-03-04,2021030405011840,NIFRA,55,36,10,558.00,"5,580.00"
2021-03-04,2021030405011839,NIFRA,55,51,50,558.00,"27,900.00"
2021-03-04,2021030405011838,NIFRA,55,11,50,558.00,"27,900.00"
2021-03-04,2021030405011837,NIFRA,55,20,50,558.00,"27,900.00"
2021-03-04,2021030405011848,NIFRA,55,28,10,558.00,"5,580.00"
2021-03-04,2021030405011847,NIFRA,55,50,50,558.00,"27,900.00"
2021-03-04,2021030405011846,NIFRA,55,58,20,558.00,"11,160.00"
2021-03-04,2021030405011845,NIFRA,55,33,50,558.00,"27,900.00"
2021-03-04,2021030405011844,NIFRA,55,8,30,558.00,"16,740.00"
2021-03-04,2021030405011843,NIFRA,55,28,50,558.00,"27,900.00"
2021-03-04,2021030405011856,NIFRA,55,21,60,558.00,"33,480.00"
2021-03-04,2021030405011854,NIFRA,55,59,50,558.00,"27,900.00"
2021-03-04,2021030405011853,NIFRA,55,45,60,558.00,"33,480.00"
2021-03-04,2021030405011851,NIFRA,55,38,60,558.00,"33,480.00"
2021-03-04,2021030405011850,NIFRA,55,53,100,558.00,"55,800.00"
2021-03-04,2021030405011849,NIFRA,55,55,60,558.00,"33,480.00"
2021-03-04,2021030405011863,NIFRA,55,58,50,558.00,"27,900.00"
2021-03-04,2021030405011862,NIFRA,55,19,10,558.00,"5,580.00"
2021-03-04,2021030405011861,NIFRA,55,13,50,558.00,"27,900.00"
2021-03-04,2021030405011859,NIFRA,55,38,50,558.00,"27,900.00"
2021-03-04,2021030405011858,NIFRA,55,39,60,558.00,"33,480.00"
2021-03-04,2021030405011857,NIFRA,55,35,60,558.00,"33,480.00"
2021-03-04,2021030405011871,NIFRA,55,42,50,558.00,"27,900.00"
2021-03-04,2021030405011870,NIFRA,55,49,50,558.00,"27,900.00"
2021-03-04,2021030405011869,NIFRA,55,38,50,558.00,"27,900.00"
2021-03-04,2021030405011868,NIFRA,55,19,50,558.00,"27,900.00"
2021-03-04,2021030405011867,NIFRA,55,38,500,558.00,"279,000.00"
2021-03-04,2021030405011864,NIFRA,55,58,40,558.00,"22,320.00"
2021-03-04,2021030405011877,NIFRA,13,44,100,558.00,"55,800.00"
2021-03-04,2021030405011876,NIFRA,17,44,30,558.00,"16,740.00"
2021-03-04,2021030405011875,NIFRA,55,44,"4,515",558.00,"2,519,370.00"
2021-03-04,2021030405011874,NIFRA,55,41,30,558.00,"16,740.00"
2021-03-04,2021030405011873,NIFRA,55,16,40,558.00,"22,320.00"
2021-03-04,2021030405011872,NIFRA,55,28,10,558.00,"5,580.00"
2021-03-04,2021030405011883,NIFRA,35,44,200,558.00,"111,600.00"
2021-03-04,2021030405011882,NIFRA,41,44,125,558.00,"69,750.00"
2021-03-04,2021030405011881,NIFRA,53,44,"1,000",558.00,"558,000.00"
2021-03-04,2021030405011880,NIFRA,36,44,100,558.00,"55,800.00"
2021-03-04,2021030405011879,NIFRA,45,44,500,558.00,"279,000.00"
2021-03-04,2021030405011878,NIFRA,56,44,100,558.00,"55,800.00"
2021-03-04,2021030405011891,NIFRA,55,54,"3,200",558.00,"1,785,600.00"
2021-03-04,2021030405011888,NIFRA,55,33,50,558.00,"27,900.00"
2021-03-04,2021030405011887,NIFRA,55,54,50,558.00,"27,900.00"
2021-03-04,2021030405011886,NIFRA,55,45,70,558.00,"39,060.00"
2021-03-04,2021030405011885,NIFRA,55,44,"1,300",558.00,"725,400.00"
2021-03-04,2021030405011884,NIFRA,44,44,500,558.00,"279,000.00"
2021-03-04,2021030405011900,NIFRA,55,45,50,558.00,"27,900.00"
2021-03-04,2021030405011896,NIFRA,55,58,60,558.00,"33,480.00"
2021-03-04,2021030405011895,NIFRA,55,4,60,558.00,"33,480.00"
2021-03-04,2021030405011894,NIFRA,55,36,50,558.00,"27,900.00"
2021-03-04,2021030405011893,NIFRA,55,53,100,558.00,"55,800.00"
2021-03-04,2021030405011892,NIFRA,55,58,20,558.00,"11,160.00"
2021-03-04,2021030405011906,NIFRA,55,19,50,558.00,"27,900.00"
2021-03-04,2021030405011905,NIFRA,55,50,400,558.00,"223,200.00"
2021-03-04,2021030405011904,NIFRA,55,51,20,558.00,"11,160.00"
2021-03-04,2021030405011903,NIFRA,55,45,60,558.00,"33,480.00"
2021-03-04,2021030405011902,NIFRA,55,43,20,558.00,"11,160.00"
2021-03-04,2021030405011901,NIFRA,55,51,50,558.00,"27,900.00"
2021-03-04,2021030405011913,NIFRA,55,11,50,558.00,"27,900.00"
2021-03-04,2021030405011912,NIFRA,55,51,40,558.00,"22,320.00"
2021-03-04,2021030405011911,NIFRA,55,28,50,558.00,"27,900.00"
2021-03-04,2021030405011910,NIFRA,55,6,50,558.00,"27,900.00"
2021-03-04,2021030405011909,NIFRA,55,58,60,558.00,"33,480.00"
2021-03-04,2021030405011908,NIFRA,55,36,30,558.00,"16,740.00"
2021-03-04,2021030405011924,NIFRA,55,39,50,558.00,"27,900.00"
2021-03-04,2021030405011923,NIFRA,55,49,60,558.00,"33,480.00"
2021-03-04,2021030405011922,NIFRA,55,46,60,558.00,"33,480.00"
2021-03-04,2021030405011921,NIFRA,55,28,50,558.00,"27,900.00"
2021-03-04,2021030405011915,NIFRA,55,39,60,558.00,"33,480.00"
2021-03-04,2021030405011914,NIFRA,55,16,50,558.00,"27,900.00"
2021-03-04,2021030405011930,NIFRA,55,16,50,558.00,"27,900.00"
2021-03-04,2021030405011929,NIFRA,55,4,50,558.00,"27,900.00"
2021-03-04,2021030405011928,NIFRA,55,45,50,558.00,"27,900.00"
2021-03-04,2021030405011927,NIFRA,55,39,50,558.00,"27,900.00"
2021-03-04,2021030405011926,NIFRA,55,45,60,558.00,"33,480.00"
2021-03-04,2021030405011925,NIFRA,55,21,50,558.00,"27,900.00"
2021-03-04,2021030405011938,NIFRA,55,55,50,558.00,"27,900.00"
2021-03-04,2021030405011937,NIFRA,55,51,50,558.00,"27,900.00"
2021-03-04,2021030405011936,NIFRA,55,58,50,558.00,"27,900.00"
2021-03-04,2021030405011935,NIFRA,55,28,50,558.00,"27,900.00"
2021-03-04,2021030405011934,NIFRA,55,29,50,558.00,"27,900.00"
2021-03-04,2021030405011931,NIFRA,55,47,50,558.00,"27,900.00"
2021-03-04,2021030405011944,NIFRA,55,41,50,558.00,"27,900.00"
2021-03-04,2021030405011943,NIFRA,55,11,30,558.00,"16,740.00"
2021-03-04,2021030405011942,NIFRA,55,1,10,558.00,"5,580.00"
2021-03-04,2021030405011941,NIFRA,55,57,50,558.00,"27,900.00"
2021-03-04,2021030405011940,NIFRA,55,49,60,558.00,"33,480.00"
2021-03-04,2021030405011939,NIFRA,55,57,50,558.00,"27,900.00"
2021-03-04,2021030405011950,NIFRA,55,28,50,558.00,"27,900.00"
2021-03-04,2021030405011949,NIFRA,55,51,50,558.00,"27,900.00"
2021-03-04,2021030405011948,NIFRA,55,34,50,558.00,"27,900.00"
2021-03-04,2021030405011947,NIFRA,55,14,50,558.00,"27,900.00"
2021-03-04,2021030405011946,NIFRA,55,42,60,558.00,"33,480.00"
2021-03-04,2021030405011945,NIFRA,55,1,30,558.00,"16,740.00"
2021-03-04,2021030405011956,NIFRA,55,58,40,558.00,"22,320.00"
2021-03-04,2021030405011955,NIFRA,55,45,50,558.00,"27,900.00"
2021-03-04,2021030405011954,NIFRA,55,45,100,558.00,"55,800.00"
2021-03-04,2021030405011953,NIFRA,55,52,50,558.00,"27,900.00"
2021-03-04,2021030405011952,NIFRA,55,16,60,558.00,"33,480.00"
2021-03-04,2021030405011951,NIFRA,55,49,50,558.00,"27,900.00"
2021-03-04,2021030405011963,NIFRA,55,52,50,558.00,"27,900.00"
2021-03-04,2021030405011962,NIFRA,55,49,50,558.00,"27,900.00"
2021-03-04,2021030405011961,NIFRA,55,41,50,558.00,"27,900.00"
2021-03-04,2021030405011960,NIFRA,55,49,60,558.00,"33,480.00"
2021-03-04,2021030405011958,NIFRA,55,43,60,558.00,"33,480.00"
2021-03-04,2021030405011957,NIFRA,55,20,40,558.00,"22,320.00"
2021-03-04,2021030405011969,NIFRA,55,32,50,558.00,"27,900.00"
2021-03-04,2021030405011968,NIFRA,55,58,60,558.00,"33,480.00"
2021-03-04,2021030405011967,NIFRA,55,1,50,558.00,"27,900.00"
2021-03-04,2021030405011966,NIFRA,55,51,50,558.00,"27,900.00"
2021-03-04,2021030405011965,NIFRA,55,58,60,558.00,"33,480.00"
2021-03-04,2021030405011964,NIFRA,55,52,50,558.00,"27,900.00"
2021-03-04,2021030405011978,NIFRA,55,21,20,558.00,"11,160.00"
2021-03-04,2021030405011977,NIFRA,55,38,50,558.00,"27,900.00"
2021-03-04,2021030405011974,NIFRA,55,49,60,558.00,"33,480.00"
2021-03-04,2021030405011972,NIFRA,55,49,500,558.00,"279,000.00"
2021-03-04,2021030405011971,NIFRA,55,38,50,558.00,"27,900.00"
2021-03-04,2021030405011970,NIFRA,55,22,20,558.00,"11,160.00"
2021-03-04,2021030405011984,NIFRA,55,45,10,558.00,"5,580.00"
2021-03-04,2021030405011983,NIFRA,55,49,60,558.00,"33,480.00"
2021-03-04,2021030405011982,NIFRA,55,25,50,558.00,"27,900.00"
2021-03-04,2021030405011981,NIFRA,55,14,60,558.00,"33,480.00"
2021-03-04,2021030405011980,NIFRA,55,32,50,558.00,"27,900.00"
2021-03-04,2021030405011979,NIFRA,55,34,40,558.00,"22,320.00"
2021-03-04,2021030405011991,NIFRA,55,53,60,558.00,"33,480.00"
2021-03-04,2021030405011990,NIFRA,55,47,50,558.00,"27,900.00"
2021-03-04,2021030405011989,NIFRA,55,58,50,558.00,"27,900.00"
2021-03-04,2021030405011988,NIFRA,55,33,60,558.00,"33,480.00"
2021-03-04,2021030405011987,NIFRA,55,45,110,558.00,"61,380.00"
2021-03-04,2021030405011985,NIFRA,55,43,50,558.00,"27,900.00"
2021-03-04,2021030405011997,NIFRA,55,38,50,558.00,"27,900.00"
2021-03-04,2021030405011996,NIFRA,55,21,50,558.00,"27,900.00"
2021-03-04,2021030405011995,NIFRA,55,56,50,558.00,"27,900.00"
2021-03-04,2021030405011994,NIFRA,13,52,4,550.00,"2,200.00"
2021-03-04,2021030405011993,NIFRA,55,21,50,558.00,"27,900.00"
2021-03-04,2021030405011992,NIFRA,55,42,50,558.00,"27,900.00"
2021-03-04,2021030405012003,NIFRA,55,16,50,558.00,"27,900.00"
2021-03-04,2021030405012002,NIFRA,55,57,50,558.00,"27,900.00"
2021-03-04,2021030405012001,NIFRA,55,46,50,558.00,"27,900.00"
2021-03-04,2021030405012000,NIFRA,55,38,50,558.00,"27,900.00"
2021-03-04,2021030405011999,NIFRA,55,35,15,558.00,"8,370.00"
2021-03-04,2021030405011998,NIFRA,55,3,50,558.00,"27,900.00"
2021-03-04,2021030405012009,NIFRA,55,34,10,558.00,"5,580.00"
2021-03-04,2021030405012008,NIFRA,55,36,60,558.00,"33,480.00"
2021-03-04,2021030405012007,NIFRA,55,49,60,558.00,"33,480.00"
2021-03-04,2021030405012006,NIFRA,55,56,60,558.00,"33,480.00"
2021-03-04,2021030405012005,NIFRA,55,19,10,558.00,"5,580.00"
2021-03-04,2021030405012004,NIFRA,55,42,50,558.00,"27,900.00"
2021-03-04,2021030405012015,NIFRA,55,43,60,558.00,"33,480.00"
2021-03-04,2021030405012014,NIFRA,55,52,60,558.00,"33,480.00"
2021-03-04,2021030405012013,NIFRA,55,49,60,558.00,"33,480.00"
2021-03-04,2021030405012012,NIFRA,55,6,500,558.00,"279,000.00"
2021-03-04,2021030405012011,NIFRA,55,57,60,558.00,"33,480.00"
2021-03-04,2021030405012010,NIFRA,55,16,10,558.00,"5,580.00"
2021-03-04,2021030405012022,NIFRA,55,43,50,558.00,"27,900.00"
2021-03-04,2021030405012021,NIFRA,55,56,60,558.00,"33,480.00"
2021-03-04,2021030405012019,NIFRA,55,57,50,558.00,"27,900.00"
2021-03-04,2021030405012018,NIFRA,55,35,50,558.00,"27,900.00"
2021-03-04,2021030405012017,NIFRA,55,32,60,558.00,"33,480.00"
2021-03-04,2021030405012016,NIFRA,55,48,50,558.00,"27,900.00"
2021-03-04,2021030405012028,NIFRA,55,8,110,558.00,"61,380.00"
2021-03-04,2021030405012027,NIFRA,55,53,50,558.00,"27,900.00"
2021-03-04,2021030405012026,NIFRA,55,49,60,558.00,"33,480.00"
2021-03-04,2021030405012025,NIFRA,55,52,10,558.00,"5,580.00"
2021-03-04,2021030405012024,NIFRA,55,43,10,558.00,"5,580.00"
2021-03-04,2021030405012023,NIFRA,55,6,60,558.00,"33,480.00"
2021-03-04,2021030405012036,NIFRA,55,38,50,558.00,"27,900.00"
2021-03-04,2021030405012035,NIFRA,55,41,60,558.00,"33,480.00"
2021-03-04,2021030405012034,NIFRA,55,57,50,558.00,"27,900.00"
2021-03-04,2021030405012032,NIFRA,55,57,10,558.00,"5,580.00"
2021-03-04,2021030405012030,NIFRA,55,57,10,558.00,"5,580.00"
2021-03-04,2021030405012029,NIFRA,55,18,60,558.00,"33,480.00"
2021-03-04,2021030405012042,NIFRA,55,44,60,558.00,"33,480.00"
2021-03-04,2021030405012041,NIFRA,55,39,50,558.00,"27,900.00"
2021-03-04,2021030405012040,NIFRA,55,58,50,558.00,"27,900.00"
2021-03-04,2021030405012039,NIFRA,55,16,50,558.00,"27,900.00"
2021-03-04,2021030405012038,NIFRA,55,38,60,558.00,"33,480.00"
2021-03-04,2021030405012037,NIFRA,55,56,60,558.00,"33,480.00"
2021-03-04,2021030405012049,NIFRA,55,56,50,558.00,"27,900.00"
2021-03-04,2021030405012048,NIFRA,55,43,60,558.00,"33,480.00"
2021-03-04,2021030405012047,NIFRA,55,25,50,558.00,"27,900.00"
2021-03-04,2021030405012046,NIFRA,55,16,15,558.00,"8,370.00"
2021-03-04,2021030405012044,NIFRA,55,49,10,558.00,"5,580.00"
2021-03-04,2021030405012043,NIFRA,55,53,60,558.00,"33,480.00"
2021-03-04,2021030405012056,NIFRA,55,11,50,558.00,"27,900.00"
2021-03-04,2021030405012054,NIFRA,55,56,50,558.00,"27,900.00"
2021-03-04,2021030405012053,NIFRA,55,44,60,558.00,"33,480.00"
2021-03-04,2021030405012052,NIFRA,55,50,500,558.00,"279,000.00"
2021-03-04,2021030405012051,NIFRA,55,38,60,558.00,"33,480.00"
2021-03-04,2021030405012050,NIFRA,55,57,50,558.00,"27,900.00"
2021-03-04,2021030405012062,NIFRA,55,39,50,558.00,"27,900.00"
2021-03-04,2021030405012061,NIFRA,55,36,60,558.00,"33,480.00"
2021-03-04,2021030405012060,NIFRA,55,44,60,558.00,"33,480.00"
2021-03-04,2021030405012059,NIFRA,55,4,60,558.00,"33,480.00"
2021-03-04,2021030405012058,NIFRA,55,57,50,558.00,"27,900.00"
2021-03-04,2021030405012057,NIFRA,55,33,50,558.00,"27,900.00"
2021-03-04,2021030405012068,NIFRA,55,25,50,558.00,"27,900.00"
2021-03-04,2021030405012067,NIFRA,55,56,50,558.00,"27,900.00"
2021-03-04,2021030405012066,NIFRA,55,52,200,558.00,"111,600.00"
2021-03-04,2021030405012065,NIFRA,55,36,50,558.00,"27,900.00"
2021-03-04,2021030405012064,NIFRA,55,19,25,558.00,"13,950.00"
2021-03-04,2021030405012063,NIFRA,55,41,50,558.00,"27,900.00"
2021-03-04,2021030405012076,NIFRA,55,43,60,558.00,"33,480.00"
2021-03-04,2021030405012075,NIFRA,55,49,50,558.00,"27,900.00"
2021-03-04,2021030405012073,NIFRA,55,49,50,558.00,"27,900.00"
2021-03-04,2021030405012071,NIFRA,55,41,10,558.00,"5,580.00"
2021-03-04,2021030405012070,NIFRA,55,57,60,558.00,"33,480.00"
2021-03-04,2021030405012069,NIFRA,55,38,60,558.00,"33,480.00"
2021-03-04,2021030405012082,NIFRA,55,38,60,558.00,"33,480.00"
2021-03-04,2021030405012081,NIFRA,55,58,60,558.00,"33,480.00"
2021-03-04,2021030405012080,NIFRA,55,11,50,558.00,"27,900.00"
2021-03-04,2021030405012079,NIFRA,55,50,50,558.00,"27,900.00"
2021-03-04,2021030405012078,NIFRA,55,51,50,558.00,"27,900.00"
2021-03-04,2021030405012077,NIFRA,55,38,50,558.00,"27,900.00"
2021-03-04,2021030405012088,NIFRA,55,39,40,558.00,"22,320.00"
2021-03-04,2021030405012087,NIFRA,55,58,10,558.00,"5,580.00"
2021-03-04,2021030405012086,NIFRA,55,56,50,558.00,"27,900.00"
2021-03-04,2021030405012085,NIFRA,55,53,50,558.00,"27,900.00"
2021-03-04,2021030405012084,NIFRA,55,25,50,558.00,"27,900.00"
2021-03-04,2021030405012083,NIFRA,55,19,500,558.00,"279,000.00"
2021-03-04,2021030405012094,NIFRA,55,38,50,558.00,"27,900.00"
2021-03-04,2021030405012093,NIFRA,55,11,50,558.00,"27,900.00"
2021-03-04,2021030405012092,NIFRA,55,50,10,558.00,"5,580.00"
2021-03-04,2021030405012091,NIFRA,55,17,60,558.00,"33,480.00"
2021-03-04,2021030405012090,NIFRA,55,16,50,558.00,"27,900.00"
2021-03-04,2021030405012089,NIFRA,55,16,50,558.00,"27,900.00"
2021-03-04,2021030405012100,NIFRA,55,57,50,558.00,"27,900.00"
2021-03-04,2021030405012099,NIFRA,55,11,50,558.00,"27,900.00"
2021-03-04,2021030405012098,NIFRA,55,56,50,558.00,"27,900.00"
2021-03-04,2021030405012097,NIFRA,55,4,50,558.00,"27,900.00"
2021-03-04,2021030405012096,NIFRA,55,11,10,558.00,"5,580.00"
2021-03-04,2021030405012095,NIFRA,55,57,50,558.00,"27,900.00"
2021-03-04,2021030405012106,NIFRA,55,56,50,558.00,"27,900.00"
2021-03-04,2021030405012105,NIFRA,55,50,50,558.00,"27,900.00"
2021-03-04,2021030405012104,NIFRA,55,42,50,558.00,"27,900.00"
2021-03-04,2021030405012103,NIFRA,55,50,50,558.00,"27,900.00"
2021-03-04,2021030405012102,NIFRA,55,41,60,558.00,"33,480.00"
2021-03-04,2021030405012101,NIFRA,55,53,50,558.00,"27,900.00"
2021-03-04,2021030405012112,NIFRA,55,52,50,558.00,"27,900.00"
2021-03-04,2021030405012111,NIFRA,55,43,60,558.00,"33,480.00"
2021-03-04,2021030405012110,NIFRA,55,57,50,558.00,"27,900.00"
2021-03-04,2021030405012109,NIFRA,55,50,50,558.00,"27,900.00"
2021-03-04,2021030405012108,NIFRA,55,38,50,558.00,"27,900.00"
2021-03-04,2021030405012107,NIFRA,55,18,40,558.00,"22,320.00"
2021-03-04,2021030405012118,NIFRA,55,45,60,558.00,"33,480.00"
2021-03-04,2021030405012117,NIFRA,55,16,50,558.00,"27,900.00"
2021-03-04,2021030405012116,NIFRA,55,56,50,558.00,"27,900.00"
2021-03-04,2021030405012115,NIFRA,55,45,50,558.00,"27,900.00"
2021-03-04,2021030405012114,NIFRA,55,43,50,558.00,"27,900.00"
2021-03-04,2021030405012113,NIFRA,55,49,50,558.00,"27,900.00"
2021-03-04,2021030405012133,NIFRA,55,45,40,558.00,"22,320.00"
2021-03-04,2021030405012132,NIFRA,55,34,60,558.00,"33,480.00"
2021-03-04,2021030405012131,NIFRA,55,28,50,558.00,"27,900.00"
2021-03-04,2021030405012121,NIFRA,55,53,50,558.00,"27,900.00"
2021-03-04,2021030405012120,NIFRA,55,57,60,558.00,"33,480.00"
2021-03-04,2021030405012119,NIFRA,55,57,50,558.00,"27,900.00"
2021-03-04,2021030405012139,NIFRA,55,39,50,558.00,"27,900.00"
2021-03-04,2021030405012138,NIFRA,55,50,50,558.00,"27,900.00"
2021-03-04,2021030405012137,NIFRA,55,39,60,558.00,"33,480.00"
2021-03-04,2021030405012136,NIFRA,55,41,50,558.00,"27,900.00"
2021-03-04,2021030405012135,NIFRA,55,20,10,558.00,"5,580.00"
2021-03-04,2021030405012134,NIFRA,55,21,50,558.00,"27,900.00"
2021-03-04,2021030405012150,NIFRA,55,43,50,558.00,"27,900.00"
2021-03-04,2021030405012149,NIFRA,55,53,60,558.00,"33,480.00"
2021-03-04,2021030405012147,NIFRA,55,56,60,558.00,"33,480.00"
2021-03-04,2021030405012142,NIFRA,55,41,30,558.00,"16,740.00"
2021-03-04,2021030405012141,NIFRA,55,25,20,558.00,"11,160.00"
2021-03-04,2021030405012140,NIFRA,55,38,50,558.00,"27,900.00"
2021-03-04,2021030405012156,NIFRA,55,34,50,558.00,"27,900.00"
2021-03-04,2021030405012155,NIFRA,55,48,50,558.00,"27,900.00"
2021-03-04,2021030405012154,NIFRA,55,57,60,558.00,"33,480.00"
2021-03-04,2021030405012153,NIFRA,55,36,60,558.00,"33,480.00"
2021-03-04,2021030405012152,NIFRA,55,56,50,558.00,"27,900.00"
2021-03-04,2021030405012151,NIFRA,55,4,60,558.00,"33,480.00"
2021-03-04,2021030405012163,NIFRA,55,56,60,558.00,"33,480.00"
2021-03-04,2021030405012162,NIFRA,55,38,50,558.00,"27,900.00"
2021-03-04,2021030405012161,NIFRA,55,32,10,558.00,"5,580.00"
2021-03-04,2021030405012160,NIFRA,55,44,60,558.00,"33,480.00"
2021-03-04,2021030405012159,NIFRA,55,26,40,558.00,"22,320.00"
2021-03-04,2021030405012158,NIFRA,55,49,50,558.00,"27,900.00"
2021-03-04,2021030405012170,NIFRA,55,28,20,558.00,"11,160.00"
2021-03-04,2021030405012169,NIFRA,55,34,10,558.00,"5,580.00"
2021-03-04,2021030405012168,NIFRA,55,49,10,558.00,"5,580.00"
2021-03-04,2021030405012167,NIFRA,55,16,20,558.00,"11,160.00"
2021-03-04,2021030405012166,NIFRA,55,34,60,558.00,"33,480.00"
2021-03-04,2021030405012165,NIFRA,55,16,50,558.00,"27,900.00"
2021-03-04,2021030405012178,NIFRA,55,7,60,558.00,"33,480.00"
2021-03-04,2021030405012176,NIFRA,55,38,10,558.00,"5,580.00"
2021-03-04,2021030405012175,NIFRA,55,14,60,558.00,"33,480.00"
2021-03-04,2021030405012173,NIFRA,55,49,50,558.00,"27,900.00"
2021-03-04,2021030405012172,NIFRA,55,56,50,558.00,"27,900.00"
2021-03-04,2021030405012171,NIFRA,55,49,50,558.00,"27,900.00"
2021-03-04,2021030405012184,NIFRA,55,57,60,558.00,"33,480.00"
2021-03-04,2021030405012183,NIFRA,55,43,50,558.00,"27,900.00"
2021-03-04,2021030405012182,NIFRA,55,48,25,558.00,"13,950.00"
2021-03-04,2021030405012181,NIFRA,55,33,50,558.00,"27,900.00"
2021-03-04,2021030405012180,NIFRA,55,41,30,558.00,"16,740.00"
2021-03-04,2021030405012179,NIFRA,55,56,60,558.00,"33,480.00"
2021-03-04,2021030405012190,NIFRA,55,42,60,558.00,"33,480.00"
2021-03-04,2021030405012189,NIFRA,55,38,50,558.00,"27,900.00"
2021-03-04,2021030405012188,NIFRA,55,26,20,558.00,"11,160.00"
2021-03-04,2021030405012187,NIFRA,55,53,50,558.00,"27,900.00"
2021-03-04,2021030405012186,NIFRA,55,16,50,558.00,"27,900.00"
2021-03-04,2021030405012185,NIFRA,55,4,50,558.00,"27,900.00"
2021-03-04,2021030405012196,NIFRA,55,28,50,558.00,"27,900.00"
2021-03-04,2021030405012195,NIFRA,55,16,60,558.00,"33,480.00"
2021-03-04,2021030405012194,NIFRA,55,56,50,558.00,"27,900.00"
2021-03-04,2021030405012193,NIFRA,55,14,60,558.00,"33,480.00"
2021-03-04,2021030405012192,NIFRA,55,58,50,558.00,"27,900.00"
2021-03-04,2021030405012191,NIFRA,55,35,50,558.00,"27,900.00"
2021-03-04,2021030405012203,NIFRA,55,20,60,558.00,"33,480.00"
2021-03-04,2021030405012202,NIFRA,55,21,60,558.00,"33,480.00"
2021-03-04,2021030405012201,NIFRA,55,56,50,558.00,"27,900.00"
2021-03-04,2021030405012199,NIFRA,55,38,50,558.00,"27,900.00"
2021-03-04,2021030405012198,NIFRA,55,34,50,558.00,"27,900.00"
2021-03-04,2021030405012197,NIFRA,55,45,50,558.00,"27,900.00"
2021-03-04,2021030405012212,NIFRA,55,21,50,558.00,"27,900.00"
2021-03-04,2021030405012210,NIFRA,55,1,50,558.00,"27,900.00"
2021-03-04,2021030405012209,NIFRA,55,54,30,558.00,"16,740.00"
2021-03-04,2021030405012208,NIFRA,55,58,10,558.00,"5,580.00"
2021-03-04,2021030405012206,NIFRA,55,41,10,558.00,"5,580.00"
2021-03-04,2021030405012205,NIFRA,55,22,50,558.00,"27,900.00"
2021-03-04,2021030405012218,NIFRA,55,43,60,558.00,"33,480.00"
2021-03-04,2021030405012217,NIFRA,55,16,50,558.00,"27,900.00"
2021-03-04,2021030405012216,NIFRA,55,4,60,558.00,"33,480.00"
2021-03-04,2021030405012215,NIFRA,55,45,50,558.00,"27,900.00"
2021-03-04,2021030405012214,NIFRA,55,38,50,558.00,"27,900.00"
2021-03-04,2021030405012213,NIFRA,55,56,60,558.00,"33,480.00"
2021-03-04,2021030405012225,NIFRA,55,20,60,558.00,"33,480.00"
2021-03-04,2021030405012223,NIFRA,55,36,60,558.00,"33,480.00"
2021-03-04,2021030405012222,NIFRA,55,33,123,558.00,"68,634.00"
2021-03-04,2021030405012221,NIFRA,55,22,10,558.00,"5,580.00"
2021-03-04,2021030405012220,NIFRA,55,41,30,558.00,"16,740.00"
2021-03-04,2021030405012219,NIFRA,55,28,20,558.00,"11,160.00"
2021-03-04,2021030405012231,NIFRA,51,47,100,558.00,"55,800.00"
2021-03-04,2021030405012230,NIFRA,51,49,50,558.00,"27,900.00"
2021-03-04,2021030405012229,NIFRA,51,21,33,558.00,"18,414.00"
2021-03-04,2021030405012228,NIFRA,55,21,27,558.00,"15,066.00"
2021-03-04,2021030405012227,NIFRA,55,42,60,558.00,"33,480.00"
2021-03-04,2021030405012226,NIFRA,55,38,50,558.00,"27,900.00"
2021-03-04,2021030405012238,NIFRA,51,38,50,558.00,"27,900.00"
2021-03-04,2021030405012237,NIFRA,51,58,50,558.00,"27,900.00"
2021-03-04,2021030405012235,NIFRA,51,41,60,558.00,"33,480.00"
2021-03-04,2021030405012234,NIFRA,51,39,50,558.00,"27,900.00"
2021-03-04,2021030405012233,NIFRA,51,14,50,558.00,"27,900.00"
2021-03-04,2021030405012232,NIFRA,51,16,50,558.00,"27,900.00"
2021-03-04,2021030405012244,NIFRA,51,20,50,558.00,"27,900.00"
2021-03-04,2021030405012243,NIFRA,51,13,10,558.00,"5,580.00"
2021-03-04,2021030405012242,NIFRA,51,6,40,558.00,"22,320.00"
2021-03-04,2021030405012241,NIFRA,51,57,50,558.00,"27,900.00"
2021-03-04,2021030405012240,NIFRA,51,57,20,558.00,"11,160.00"
2021-03-04,2021030405012239,NIFRA,51,25,50,558.00,"27,900.00"
2021-03-04,2021030405012251,NIFRA,51,48,10,558.00,"5,580.00"
2021-03-04,2021030405012250,NIFRA,51,49,60,558.00,"33,480.00"
2021-03-04,2021030405012249,NIFRA,51,18,50,558.00,"27,900.00"
2021-03-04,2021030405012248,NIFRA,51,16,50,558.00,"27,900.00"
2021-03-04,2021030405012247,NIFRA,51,21,50,558.00,"27,900.00"
2021-03-04,2021030405012245,NIFRA,51,58,120,558.00,"66,960.00"
2021-03-04,2021030405012258,NIFRA,51,39,50,558.00,"27,900.00"
2021-03-04,2021030405012257,NIFRA,51,21,50,558.00,"27,900.00"
2021-03-04,2021030405012255,NIFRA,51,20,50,558.00,"27,900.00"
2021-03-04,2021030405012254,NIFRA,51,41,10,558.00,"5,580.00"
2021-03-04,2021030405012253,NIFRA,51,58,30,558.00,"16,740.00"
2021-03-04,2021030405012252,NIFRA,51,38,50,558.00,"27,900.00"
2021-03-04,2021030405012264,NIFRA,51,16,50,558.00,"27,900.00"
2021-03-04,2021030405012263,NIFRA,51,34,50,558.00,"27,900.00"
2021-03-04,2021030405012262,NIFRA,51,45,10,558.00,"5,580.00"
2021-03-04,2021030405012261,NIFRA,51,22,50,558.00,"27,900.00"
2021-03-04,2021030405012260,NIFRA,51,57,50,558.00,"27,900.00"
2021-03-04,2021030405012259,NIFRA,51,21,50,558.00,"27,900.00"
2021-03-04,2021030405012270,NIFRA,51,49,60,558.00,"33,480.00"
2021-03-04,2021030405012269,NIFRA,51,45,50,558.00,"27,900.00"
2021-03-04,2021030405012268,NIFRA,51,20,50,558.00,"27,900.00"
2021-03-04,2021030405012267,NIFRA,51,21,50,558.00,"27,900.00"
2021-03-04,2021030405012266,NIFRA,51,57,50,558.00,"27,900.00"
2021-03-04,2021030405012265,NIFRA,51,41,30,558.00,"16,740.00"
2021-03-04,2021030405012276,NIFRA,51,46,50,558.00,"27,900.00"
2021-03-04,2021030405012275,NIFRA,51,57,50,558.00,"27,900.00"
2021-03-04,2021030405012274,NIFRA,51,16,60,558.00,"33,480.00"
2021-03-04,2021030405012273,NIFRA,51,39,50,558.00,"27,900.00"
2021-03-04,2021030405012272,NIFRA,51,34,20,558.00,"11,160.00"
2021-03-04,2021030405012271,NIFRA,51,36,50,558.00,"27,900.00"
2021-03-04,2021030405012282,PLI,44,45,10,765.00,"7,650.00"
2021-03-04,2021030405012279,PLI,44,43,10,765.00,"7,650.00"
2021-03-04,2021030405012256,PLI,38,42,10,774.00,"7,740.00"
2021-03-04,2021030405012246,PLI,44,28,10,765.00,"7,650.00"
2021-03-04,2021030405012236,PLI,44,36,10,765.00,"7,650.00"
2021-03-04,2021030405012224,PLI,44,57,10,765.00,"7,650.00"
2021-03-04,2021030405011855,PLI,47,58,10,770.00,"7,700.00"
2021-03-04,2021030405011852,PLI,47,44,10,770.00,"7,700.00"
2021-03-04,2021030405011827,PLI,50,49,10,771.00,"7,710.00"
2021-03-04,2021030405011811,PLI,47,29,30,770.00,"23,100.00"
2021-03-04,2021030405011810,PLI,32,29,20,770.00,"15,400.00"
2021-03-04,2021030405011800,PLI,32,19,10,770.00,"7,700.00"
2021-03-04,2021030405011897,PLI,44,33,10,771.00,"7,710.00"
2021-03-04,2021030405011890,PLI,57,43,10,773.00,"7,730.00"
2021-03-04,2021030405011889,PLI,57,47,150,773.00,"115,950.00"
2021-03-04,2021030405011866,PLI,47,35,10,770.00,"7,700.00"
2021-03-04,2021030405011865,PLI,47,57,10,770.00,"7,700.00"
2021-03-04,2021030405011860,PLI,47,16,10,770.00,"7,700.00"
2021-03-04,2021030405011918,PLI,58,39,50,774.00,"38,700.00"
2021-03-04,2021030405011917,PLI,58,17,10,774.00,"7,740.00"
2021-03-04,2021030405011916,PLI,58,58,10,774.00,"7,740.00"
2021-03-04,2021030405011907,PLI,44,29,10,771.00,"7,710.00"
2021-03-04,2021030405011899,PLI,44,38,10,771.00,"7,710.00"
2021-03-04,2021030405011898,PLI,44,58,10,771.00,"7,710.00"
2021-03-04,2021030405011973,PLI,34,28,10,774.00,"7,740.00"
2021-03-04,2021030405011959,PLI,34,4,10,774.00,"7,740.00"
2021-03-04,2021030405011933,PLI,34,57,100,774.00,"77,400.00"
2021-03-04,2021030405011932,PLI,58,42,10,774.00,"7,740.00"
2021-03-04,2021030405011920,PLI,58,11,10,774.00,"7,740.00"
2021-03-04,2021030405011919,PLI,58,19,10,774.00,"7,740.00"
2021-03-04,2021030405012055,PLI,47,8,10,772.00,"7,720.00"
2021-03-04,2021030405012033,PLI,47,58,10,772.00,"7,720.00"
2021-03-04,2021030405012031,PLI,47,38,10,772.00,"7,720.00"
2021-03-04,2021030405012020,PLI,47,38,10,772.00,"7,720.00"
2021-03-04,2021030405011986,PLI,34,35,60,774.00,"46,440.00"
2021-03-04,2021030405011976,PLI,34,34,10,774.00,"7,740.00"
2021-03-04,2021030405012125,PLI,45,48,10,770.00,"7,700.00"
2021-03-04,2021030405012124,PLI,19,48,10,770.00,"7,700.00"
2021-03-04,2021030405012123,PLI,53,48,15,771.00,"11,565.00"
2021-03-04,2021030405012122,PLI,47,48,60,772.00,"46,320.00"
2021-03-04,2021030405012074,PLI,47,36,10,772.00,"7,720.00"
2021-03-04,2021030405012072,PLI,47,39,10,772.00,"7,720.00"
2021-03-04,2021030405012143,PLI,29,35,20,774.00,"15,480.00"
2021-03-04,2021030405012130,PLI,52,48,55,765.00,"42,075.00"
2021-03-04,2021030405012129,PLI,50,48,30,767.00,"23,010.00"
2021-03-04,2021030405012128,PLI,1,48,80,767.00,"61,360.00"
2021-03-04,2021030405012127,PLI,50,48,240,767.00,"184,080.00"
2021-03-04,2021030405012126,PLI,32,48,50,770.00,"38,500.00"
2021-03-04,2021030405012164,PLI,29,34,10,774.00,"7,740.00"
2021-03-04,2021030405012157,PLI,29,48,10,774.00,"7,740.00"
2021-03-04,2021030405012148,PLI,29,48,10,774.00,"7,740.00"
2021-03-04,2021030405012146,PLI,29,6,10,774.00,"7,740.00"
2021-03-04,2021030405012145,PLI,29,28,10,774.00,"7,740.00"
2021-03-04,2021030405012144,PLI,29,28,10,774.00,"7,740.00"
2021-03-04,2021030405012211,PLI,44,29,10,765.00,"7,650.00"
2021-03-04,2021030405012207,PLI,44,57,10,765.00,"7,650.00"
2021-03-04,2021030405012204,PLI,39,57,10,765.00,"7,650.00"
2021-03-04,2021030405012200,PLI,39,16,10,765.00,"7,650.00"
2021-03-04,2021030405012177,PLI,39,16,10,765.00,"7,650.00"
2021-03-04,2021030405012174,PLI,52,36,10,765.00,"7,650.00"
2021-03-04,2021030405011700,CGH,20,21,10,605.00,"6,050.00"
2021-03-04,2021030405011784,NIFRA,55,28,10,558.00,"5,580.00"
2021-03-04,2021030405011783,NIFRA,55,16,60,558.00,"33,480.00"
2021-03-04,2021030405011782,NIFRA,55,11,50,558.00,"27,900.00"
2021-03-04,2021030405011781,NIFRA,55,34,50,558.00,"27,900.00"
2021-03-04,2021030405011780,NIFRA,55,57,50,558.00,"27,900.00"
2021-03-04,2021030405011779,NIFRA,55,21,10,558.00,"5,580.00"
2021-03-04,2021030405011285,NIFRA,55,6,130,558.00,"72,540.00"
2021-03-04,2021030405011292,NIFRA,55,32,60,558.00,"33,480.00"
2021-03-04,2021030405011291,NIFRA,55,39,50,558.00,"27,900.00"
2021-03-04,2021030405011290,NIFRA,55,38,50,558.00,"27,900.00"
2021-03-04,2021030405011289,NIFRA,55,59,100,558.00,"55,800.00"
2021-03-04,2021030405011288,NIFRA,55,51,"1,000",558.00,"558,000.00"
2021-03-04,2021030405011286,NIFRA,55,41,50,558.00,"27,900.00"
2021-03-04,2021030405011299,NIFRA,55,14,200,558.00,"111,600.00"
2021-03-04,2021030405011297,NIFRA,55,26,60,558.00,"33,480.00"
2021-03-04,2021030405011296,NIFRA,55,16,50,558.00,"27,900.00"
2021-03-04,2021030405011295,NIFRA,55,48,50,558.00,"27,900.00"
2021-03-04,2021030405011294,NIFRA,55,26,200,558.00,"111,600.00"
2021-03-04,2021030405011293,NIFRA,55,21,50,558.00,"27,900.00"
2021-03-04,2021030405011305,NIFRA,55,51,20,558.00,"11,160.00"
2021-03-04,2021030405011304,NIFRA,55,29,50,558.00,"27,900.00"
2021-03-04,2021030405011303,NIFRA,55,43,60,558.00,"33,480.00"
2021-03-04,2021030405011302,NIFRA,55,43,"1,000",558.00,"558,000.00"
2021-03-04,2021030405011301,NIFRA,55,17,60,558.00,"33,480.00"
2021-03-04,2021030405011300,NIFRA,55,56,100,558.00,"55,800.00"
2021-03-04,2021030405011311,NIFRA,55,29,"1,450",558.00,"809,100.00"
2021-03-04,2021030405011310,NIFRA,55,21,50,558.00,"27,900.00"
2021-03-04,2021030405011309,NIFRA,55,43,"4,000",558.00,"2,232,000.00"
2021-03-04,2021030405011308,NIFRA,55,16,50,558.00,"27,900.00"
2021-03-04,2021030405011307,NIFRA,55,19,300,558.00,"167,400.00"
2021-03-04,2021030405011306,NIFRA,55,59,50,558.00,"27,900.00"
2021-03-04,2021030405011317,NIFRA,55,43,100,558.00,"55,800.00"
2021-03-04,2021030405011316,NIFRA,55,44,"5,000",558.00,"2,790,000.00"
2021-03-04,2021030405011315,NIFRA,55,29,50,558.00,"27,900.00"
2021-03-04,2021030405011314,NIFRA,55,38,50,558.00,"27,900.00"
2021-03-04,2021030405011313,NIFRA,55,38,60,558.00,"33,480.00"
2021-03-04,2021030405011312,NIFRA,55,57,50,558.00,"27,900.00"
2021-03-04,2021030405011323,NIFRA,55,34,50,558.00,"27,900.00"
2021-03-04,2021030405011322,NIFRA,55,57,50,558.00,"27,900.00"
2021-03-04,2021030405011321,NIFRA,55,45,50,558.00,"27,900.00"
2021-03-04,2021030405011320,NIFRA,55,35,100,558.00,"55,800.00"
2021-03-04,2021030405011319,NIFRA,55,16,50,558.00,"27,900.00"
2021-03-04,2021030405011318,NIFRA,55,58,10,558.00,"5,580.00"
2021-03-04,2021030405011330,NIFRA,55,56,60,558.00,"33,480.00"
2021-03-04,2021030405011329,NIFRA,55,55,50,558.00,"27,900.00"
2021-03-04,2021030405011328,NIFRA,55,29,50,558.00,"27,900.00"
2021-03-04,2021030405011327,NIFRA,55,17,50,558.00,"27,900.00"
2021-03-04,2021030405011325,NIFRA,55,46,50,558.00,"27,900.00"
2021-03-04,2021030405011324,NIFRA,55,29,60,558.00,"33,480.00"
2021-03-04,2021030405011338,NIFRA,55,42,50,558.00,"27,900.00"
2021-03-04,2021030405011336,NIFRA,55,32,50,558.00,"27,900.00"
2021-03-04,2021030405011335,NIFRA,55,32,120,558.00,"66,960.00"
2021-03-04,2021030405011333,NIFRA,55,41,10,558.00,"5,580.00"
2021-03-04,2021030405011332,NIFRA,55,45,120,558.00,"66,960.00"
2021-03-04,2021030405011331,NIFRA,55,52,30,558.00,"16,740.00"
2021-03-04,2021030405011344,NIFRA,55,22,50,558.00,"27,900.00"
2021-03-04,2021030405011343,NIFRA,55,52,50,558.00,"27,900.00"
2021-03-04,2021030405011342,NIFRA,55,29,50,558.00,"27,900.00"
2021-03-04,2021030405011341,NIFRA,55,34,50,558.00,"27,900.00"
2021-03-04,2021030405011340,NIFRA,55,58,50,558.00,"27,900.00"
2021-03-04,2021030405011339,NIFRA,55,58,60,558.00,"33,480.00"
2021-03-04,2021030405011350,NIFRA,55,22,10,558.00,"5,580.00"
2021-03-04,2021030405011349,NIFRA,55,16,50,558.00,"27,900.00"
2021-03-04,2021030405011348,NIFRA,55,29,60,558.00,"33,480.00"
2021-03-04,2021030405011347,NIFRA,55,1,60,558.00,"33,480.00"
2021-03-04,2021030405011346,NIFRA,55,17,50,558.00,"27,900.00"
2021-03-04,2021030405011345,NIFRA,55,45,100,558.00,"55,800.00"
2021-03-04,2021030405011356,NIFRA,55,29,60,558.00,"33,480.00"
2021-03-04,2021030405011355,NIFRA,55,17,50,558.00,"27,900.00"
2021-03-04,2021030405011354,NIFRA,55,59,50,558.00,"27,900.00"
2021-03-04,2021030405011353,NIFRA,55,32,50,558.00,"27,900.00"
2021-03-04,2021030405011352,NIFRA,55,21,60,558.00,"33,480.00"
2021-03-04,2021030405011351,NIFRA,55,22,50,558.00,"27,900.00"
2021-03-04,2021030405011362,NIFRA,55,16,50,558.00,"27,900.00"
2021-03-04,2021030405011361,NIFRA,55,51,50,558.00,"27,900.00"
2021-03-04,2021030405011360,NIFRA,55,55,50,558.00,"27,900.00"
2021-03-04,2021030405011359,NIFRA,55,57,10,558.00,"5,580.00"
2021-03-04,2021030405011358,NIFRA,55,43,50,558.00,"27,900.00"
2021-03-04,2021030405011357,NIFRA,55,56,50,558.00,"27,900.00"
2021-03-04,2021030405011369,NIFRA,55,46,50,558.00,"27,900.00"
2021-03-04,2021030405011368,NIFRA,55,57,100,558.00,"55,800.00"
2021-03-04,2021030405011367,NIFRA,55,17,60,558.00,"33,480.00"
2021-03-04,2021030405011365,NIFRA,55,34,50,558.00,"27,900.00"
2021-03-04,2021030405011364,NIFRA,55,38,50,558.00,"27,900.00"
2021-03-04,2021030405011363,NIFRA,55,8,20,558.00,"11,160.00"
2021-03-04,2021030405011375,NIFRA,55,21,50,558.00,"27,900.00"
2021-03-04,2021030405011374,NIFRA,55,56,50,558.00,"27,900.00"
2021-03-04,2021030405011373,NIFRA,55,29,60,558.00,"33,480.00"
2021-03-04,2021030405011372,NIFRA,55,28,50,558.00,"27,900.00"
2021-03-04,2021030405011371,NIFRA,55,25,100,558.00,"55,800.00"
2021-03-04,2021030405011370,NIFRA,55,6,50,558.00,"27,900.00"
2021-03-04,2021030405011381,NIFRA,49,16,50,558.00,"27,900.00"
2021-03-04,2021030405011380,NIFRA,49,58,24,558.00,"13,392.00"
2021-03-04,2021030405011379,NIFRA,49,47,50,558.00,"27,900.00"
2021-03-04,2021030405011378,NIFRA,55,46,26,558.00,"14,508.00"
2021-03-04,2021030405011377,NIFRA,55,39,10,558.00,"5,580.00"
2021-03-04,2021030405011376,NIFRA,55,56,60,558.00,"33,480.00"
2021-03-04,2021030405011387,NIFRA,52,49,10,558.00,"5,580.00"
2021-03-04,2021030405011386,NIFRA,42,49,13,558.00,"7,254.00"
2021-03-04,2021030405011385,NIFRA,42,36,50,558.00,"27,900.00"
2021-03-04,2021030405011384,NIFRA,42,13,24,558.00,"13,392.00"
2021-03-04,2021030405011383,NIFRA,49,13,26,558.00,"14,508.00"
2021-03-04,2021030405011382,NIFRA,49,16,50,558.00,"27,900.00"
2021-03-04,2021030405011393,NIFRA,55,1,10,558.00,"5,580.00"
2021-03-04,2021030405011392,NIFRA,55,29,50,558.00,"27,900.00"
2021-03-04,2021030405011391,NIFRA,55,32,50,558.00,"27,900.00"
2021-03-04,2021030405011390,NIFRA,55,51,60,558.00,"33,480.00"
2021-03-04,2021030405011389,NIFRA,21,26,60,558.00,"33,480.00"
2021-03-04,2021030405011388,NIFRA,21,49,37,558.00,"20,646.00"
2021-03-04,2021030405011399,NIFRA,55,6,50,558.00,"27,900.00"
2021-03-04,2021030405011398,NIFRA,55,57,50,558.00,"27,900.00"
2021-03-04,2021030405011397,NIFRA,55,1,50,558.00,"27,900.00"
2021-03-04,2021030405011396,NIFRA,55,18,50,558.00,"27,900.00"
2021-03-04,2021030405011395,NIFRA,55,25,800,558.00,"446,400.00"
2021-03-04,2021030405011394,NIFRA,55,14,50,558.00,"27,900.00"
