Date,Transact. No.,Symbol,Buyer,Seller,Quantity,Rate,Amount
2019-04-28,2019042801016072,ADBL,58,48,100,395.00,"39,500.00"
2019-04-28,2019042801015972,ADBL,58,48,100,395.00,"39,500.00"
2019-04-28,2019042801015971,ADBL,36,48,208,395.00,"82,160.00"
2019-04-28,2019042801015970,ADBL,36,40,240,395.00,"94,800.00"
2019-04-28,2019042801015969,ADBL,36,21,52,395.00,"20,540.00"
2019-04-28,2019042801015940,ADBL,25,42,400,394.00,"157,600.00"
2019-04-28,2019042801015939,ADBL,25,45,62,393.00,"24,366.00"
2019-04-28,2019042801015761,ADBL,58,42,100,394.00,"39,400.00"
2019-04-28,2019042801015616,ADBL,49,42,10,391.00,"3,910.00"
2019-04-28,2019042801015802,AHPC,19,7,146,104.00,"15,184.00"
2019-04-28,2019042801016003,ALBSL,1,19,10,485.00,"4,850.00"
2019-04-28,2019042801015885,ALBSL,52,21,110,492.00,"54,120.00"
2019-04-28,2019042801015884,ALBSL,52,32,20,492.00,"9,840.00"
2019-04-28,2019042801015883,ALBSL,52,36,10,490.00,"4,900.00"
2019-04-28,2019042801015882,ALBSL,52,50,10,490.00,"4,900.00"
2019-04-28,2019042801015703,ALBSL,58,52,10,488.00,"4,880.00"
2019-04-28,2019042801015702,ALBSL,58,17,10,488.00,"4,880.00"
2019-04-28,2019042801015701,ALBSL,58,17,10,488.00,"4,880.00"
2019-04-28,2019042801015892,ALICL,16,51,500,462.00,"231,000.00"
2019-04-28,2019042801015891,ALICL,22,51,500,462.00,"231,000.00"
2019-04-28,2019042801015890,ALICL,10,51,200,462.00,"92,400.00"
2019-04-28,2019042801015642,ALICL,10,45,768,462.00,"354,816.00"
2019-04-28,2019042801015617,ALICL,45,45,200,462.00,"92,400.00"
2019-04-28,2019042801015766,API,25,25,42,140.00,"5,880.00"
2019-04-28,2019042801015678,API,25,10,88,139.00,"12,232.00"
2019-04-28,2019042801015993,BARUN,34,26,20,93.00,"1,860.00"
2019-04-28,2019042801015931,BOKL,19,7,157,290.00,"45,530.00"
2019-04-28,2019042801015930,BOKL,26,7,139,290.00,"40,310.00"
2019-04-28,2019042801015929,BOKL,39,7,205,290.00,"59,450.00"
2019-04-28,2019042801015723,BOKL,1,17,206,291.00,"59,946.00"
2019-04-28,2019042801015606,BOKL,35,54,308,293.00,"90,244.00"
2019-04-28,2019042801015605,BOKL,35,5,100,292.00,"29,200.00"
2019-04-28,2019042801015604,BOKL,35,43,500,292.00,"146,000.00"
2019-04-28,2019042801015603,BOKL,35,22,92,291.00,"26,772.00"
2019-04-28,2019042801016030,BPCL,38,43,33,381.00,"12,573.00"
2019-04-28,2019042801015888,BPCL,38,40,22,380.00,"8,360.00"
2019-04-28,2019042801016075,CBBL,49,49,172,"1,119.00","192,468.00"
2019-04-28,2019042801016071,CBBL,49,6,279,"1,119.00","312,201.00"
2019-04-28,2019042801016070,CBBL,44,6,21,"1,119.00","23,499.00"
2019-04-28,2019042801016061,CBBL,16,58,50,"1,120.00","56,000.00"
2019-04-28,2019042801016035,CBBL,34,58,35,"1,120.00","39,200.00"
2019-04-28,2019042801015621,CBBL,17,54,50,"1,113.00","55,650.00"
2019-04-28,2019042801015607,CBBL,34,45,300,"1,114.00","334,200.00"
2019-04-28,2019042801015646,CBBL,16,6,50,"1,115.00","55,750.00"
2019-04-28,2019042801015640,CBBL,41,5,150,"1,115.00","167,250.00"
2019-04-28,2019042801015635,CBBL,44,28,100,"1,112.00","111,200.00"
2019-04-28,2019042801015622,CBBL,44,54,150,"1,112.00","166,800.00"
2019-04-28,2019042801015716,CBBL,49,33,100,"1,111.00","111,100.00"
2019-04-28,2019042801015704,CBBL,55,49,15,"1,112.00","16,680.00"
2019-04-28,2019042801015700,CBBL,44,49,350,"1,112.00","389,200.00"
2019-04-28,2019042801015698,CBBL,44,6,400,"1,112.00","444,800.00"
2019-04-28,2019042801015692,CBBL,33,6,200,"1,115.00","223,000.00"
2019-04-28,2019042801015684,CBBL,42,13,100,"1,114.00","111,400.00"
2019-04-28,2019042801015781,CBBL,34,6,400,"1,112.00","444,800.00"
2019-04-28,2019042801015780,CBBL,34,49,360,"1,112.00","400,320.00"
2019-04-28,2019042801015779,CBBL,53,6,100,"1,111.00","111,100.00"
2019-04-28,2019042801015777,CBBL,49,6,100,"1,111.00","111,100.00"
2019-04-28,2019042801015757,CBBL,49,49,25,"1,112.00","27,800.00"
2019-04-28,2019042801015912,CBBL,33,33,100,"1,116.00","111,600.00"
2019-04-28,2019042801015910,CBBL,49,33,100,"1,116.00","111,600.00"
2019-04-28,2019042801015889,CBBL,44,29,19,"1,115.00","21,185.00"
2019-04-28,2019042801015849,CBBL,53,5,200,"1,114.00","222,800.00"
2019-04-28,2019042801015812,CBBL,44,29,100,"1,115.00","111,500.00"
2019-04-28,2019042801015811,CBBL,35,6,67,"1,110.00","74,370.00"
2019-04-28,2019042801016008,CBBL,5,49,100,"1,117.00","111,700.00"
2019-04-28,2019042801016007,CBBL,50,49,10,"1,117.00","11,170.00"
2019-04-28,2019042801015980,CBBL,14,48,30,"1,119.00","33,570.00"
2019-04-28,2019042801015955,CBBL,50,22,190,"1,117.00","212,230.00"
2019-04-28,2019042801015942,CBBL,54,22,10,"1,117.00","11,170.00"
2019-04-28,2019042801015933,CBBL,34,33,150,"1,116.00","167,400.00"
2019-04-28,2019042801016034,CBBL,34,16,15,"1,120.00","16,800.00"
2019-04-28,2019042801016018,CBBL,44,44,300,"1,119.00","335,700.00"
2019-04-28,2019042801016017,CBBL,44,48,130,"1,119.00","145,470.00"
2019-04-28,2019042801016015,CBBL,14,48,21,"1,119.00","23,499.00"
2019-04-28,2019042801016009,CBBL,55,49,200,"1,117.00","223,400.00"
2019-04-28,2019042801015808,CBL,59,25,100,159.00,"15,900.00"
2019-04-28,2019042801016023,CCBL,26,14,37,177.00,"6,549.00"
2019-04-28,2019042801016016,CCBL,26,33,500,177.00,"88,500.00"
2019-04-28,2019042801015954,CCBL,26,45,330,177.00,"58,410.00"
2019-04-28,2019042801015838,CCBL,1,33,10,178.00,"1,780.00"
2019-04-28,2019042801015823,CCBL,26,6,99,177.00,"17,523.00"
2019-04-28,2019042801015683,CCBL,50,14,300,176.00,"52,800.00"
2019-04-28,2019042801015828,CMF1,47,44,"30,000",9.70,"291,000.00"
2019-04-28,2019042801015736,CMF1,47,44,"35,000",9.70,"339,500.00"
2019-04-28,2019042801016048,CZBIL,34,58,200,230.00,"46,000.00"
2019-04-28,2019042801015996,CZBIL,29,58,"1,000",230.00,"230,000.00"
2019-04-28,2019042801015995,CZBIL,29,58,"3,000",230.00,"690,000.00"
2019-04-28,2019042801015994,CZBIL,29,55,"1,000",230.00,"230,000.00"
2019-04-28,2019042801015979,CZBIL,50,42,399,229.00,"91,371.00"
2019-04-28,2019042801015992,DBBL,38,53,50,137.00,"6,850.00"
2019-04-28,2019042801016021,DDBL,34,59,100,759.00,"75,900.00"
2019-04-28,2019042801016020,DDBL,34,44,200,759.00,"151,800.00"
2019-04-28,2019042801015589,DDBL,34,44,150,759.00,"113,850.00"
2019-04-28,2019042801015578,EBL,49,21,50,676.00,"33,800.00"
2019-04-28,2019042801015577,EBL,49,16,10,675.00,"6,750.00"
2019-04-28,2019042801015576,EBL,49,50,12,673.00,"8,076.00"
2019-04-28,2019042801015871,EBL,1,14,122,670.00,"81,740.00"
2019-04-28,2019042801015870,EBL,1,14,500,670.00,"335,000.00"
2019-04-28,2019042801015869,EBL,38,14,100,670.00,"67,000.00"
2019-04-28,2019042801015868,EBL,28,14,50,670.00,"33,500.00"
2019-04-28,2019042801015867,EBL,21,14,200,671.00,"134,200.00"
2019-04-28,2019042801015866,EBL,49,14,28,676.00,"18,928.00"
2019-04-28,2019042801015753,EIC,45,32,50,514.00,"25,700.00"
2019-04-28,2019042801015655,EIC,25,32,200,514.00,"102,800.00"
2019-04-28,2019042801015654,EIC,25,32,75,514.00,"38,550.00"
2019-04-28,2019042801015648,EIC,1,32,400,514.00,"205,600.00"
2019-04-28,2019042801015817,FMDBL,56,59,550,421.00,"231,550.00"
2019-04-28,2019042801015799,FMDBL,6,42,250,421.00,"105,250.00"
2019-04-28,2019042801015798,FMDBL,6,59,200,421.00,"84,200.00"
2019-04-28,2019042801015743,FOWAD,5,44,50,"1,625.00","81,250.00"
2019-04-28,2019042801015742,FOWAD,5,38,25,"1,624.00","40,600.00"
2019-04-28,2019042801015741,FOWAD,5,21,10,"1,623.00","16,230.00"
2019-04-28,2019042801015740,FOWAD,5,21,20,"1,620.00","32,400.00"
2019-04-28,2019042801015634,GBBL,32,57,82,216.00,"17,712.00"
2019-04-28,2019042801015760,GBIME,38,55,200,315.00,"63,000.00"
2019-04-28,2019042801015719,GBIME,21,55,200,315.00,"63,000.00"
2019-04-28,2019042801015597,GBIME,36,55,100,315.00,"31,500.00"
2019-04-28,2019042801015580,GBIME,28,55,115,316.00,"36,340.00"
2019-04-28,2019042801016058,GBLBS,56,1,40,379.00,"15,160.00"
2019-04-28,2019042801016057,GBLBS,56,36,100,379.00,"37,900.00"
2019-04-28,2019042801016056,GBLBS,56,1,50,379.00,"18,950.00"
2019-04-28,2019042801016055,GBLBS,56,50,20,379.00,"7,580.00"
2019-04-28,2019042801016054,GBLBS,56,40,500,376.00,"188,000.00"
2019-04-28,2019042801016053,GBLBS,56,58,"1,000",375.00,"375,000.00"
2019-04-28,2019042801016052,GBLBS,56,8,100,372.00,"37,200.00"
2019-04-28,2019042801016060,GDBL,25,26,10,213.00,"2,130.00"
2019-04-28,2019042801016006,GDBL,25,57,428,212.00,"90,736.00"
2019-04-28,2019042801015602,GDBL,59,50,119,211.00,"25,109.00"
2019-04-28,2019042801015601,GDBL,51,50,81,211.00,"17,091.00"
2019-04-28,2019042801015835,GDBL,6,57,200,212.00,"42,400.00"
2019-04-28,2019042801015771,GDBL,35,57,200,212.00,"42,400.00"
2019-04-28,2019042801015641,GIMES1,13,55,100,9.57,957.00
2019-04-28,2019042801015764,HGI,52,50,136,430.00,"58,480.00"
2019-04-28,2019042801015763,HGI,52,34,64,430.00,"27,520.00"
2019-04-28,2019042801015998,HIDCL,5,50,111,146.00,"16,206.00"
2019-04-28,2019042801015907,JBBL,58,58,883,147.00,"129,801.00"
2019-04-28,2019042801015906,JBBL,58,34,700,146.00,"102,200.00"
2019-04-28,2019042801015905,JBBL,58,58,917,146.00,"133,882.00"
2019-04-28,2019042801015857,JBBL,38,58,50,146.00,"7,300.00"
2019-04-28,2019042801015809,JBBL,38,32,30,145.00,"4,350.00"
2019-04-28,2019042801015848,JBNL,44,45,70,202.00,"14,140.00"
2019-04-28,2019042801015752,JBNL,28,29,"1,500",203.00,"304,500.00"
2019-04-28,2019042801015751,JBNL,28,44,300,203.00,"60,900.00"
2019-04-28,2019042801015598,JBNL,47,44,300,203.00,"60,900.00"
2019-04-28,2019042801015822,KADBL,42,20,20,181.00,"3,620.00"
2019-04-28,2019042801015821,KADBL,42,59,40,181.00,"7,240.00"
2019-04-28,2019042801015820,KADBL,42,20,30,180.00,"5,400.00"
2019-04-28,2019042801015768,KADBL,42,21,20,178.00,"3,560.00"
2019-04-28,2019042801015618,KADBL,59,33,470,175.00,"82,250.00"
2019-04-28,2019042801016036,KBL,43,47,500,236.00,"118,000.00"
2019-04-28,2019042801015928,KBL,42,47,"1,164",236.00,"274,704.00"
2019-04-28,2019042801015927,KBL,42,42,"1,000",236.00,"236,000.00"
2019-04-28,2019042801015926,KBL,42,36,"1,000",235.00,"235,000.00"
2019-04-28,2019042801015925,KBL,42,48,500,235.00,"117,500.00"
2019-04-28,2019042801015924,KBL,42,22,"1,000",235.00,"235,000.00"
2019-04-28,2019042801015725,KBL,42,17,35,232.00,"8,120.00"
2019-04-28,2019042801015724,KBL,42,43,600,231.00,"138,600.00"
2019-04-28,2019042801015682,KBL,58,29,200,230.00,"46,000.00"
2019-04-28,2019042801015681,KBL,58,17,100,230.00,"23,000.00"
2019-04-28,2019042801015680,KBL,58,38,400,230.00,"92,000.00"
2019-04-28,2019042801015679,KBL,58,34,61,230.00,"14,030.00"
2019-04-28,2019042801015917,KBL,42,6,491,233.00,"114,403.00"
2019-04-28,2019042801015839,KBL,42,6,315,233.00,"73,395.00"
2019-04-28,2019042801015729,KBL,42,13,50,233.00,"11,650.00"
2019-04-28,2019042801015728,KBL,42,13,150,233.00,"34,950.00"
2019-04-28,2019042801015727,KBL,42,52,250,233.00,"58,250.00"
2019-04-28,2019042801015726,KBL,42,19,100,232.00,"23,200.00"
2019-04-28,2019042801015923,KBL,42,42,500,234.00,"117,000.00"
2019-04-28,2019042801015922,KBL,42,33,"1,000",234.00,"234,000.00"
2019-04-28,2019042801015921,KBL,42,25,125,234.00,"29,250.00"
2019-04-28,2019042801015920,KBL,42,4,100,234.00,"23,400.00"
2019-04-28,2019042801015919,KBL,42,29,120,234.00,"28,080.00"
2019-04-28,2019042801015918,KBL,42,52,"1,000",234.00,"234,000.00"
2019-04-28,2019042801015619,KNBL,21,37,200,132.00,"26,400.00"
2019-04-28,2019042801015659,KPCL,21,38,10,89.00,890.00
2019-04-28,2019042801015756,KPCL,21,38,10,89.00,890.00
2019-04-28,2019042801015986,LBBL,54,1,"1,000",203.00,"203,000.00"
2019-04-28,2019042801015854,LBBL,26,58,210,201.00,"42,210.00"
2019-04-28,2019042801015853,LBBL,44,58,300,201.00,"60,300.00"
2019-04-28,2019042801015852,LBBL,52,58,990,202.00,"199,980.00"
2019-04-28,2019042801015851,LBBL,28,58,"1,000",203.00,"203,000.00"
2019-04-28,2019042801015594,LBBL,32,58,"1,000",202.00,"202,000.00"
2019-04-28,2019042801015593,LBBL,39,58,100,202.00,"20,200.00"
2019-04-28,2019042801015592,LBBL,28,58,150,202.00,"30,300.00"
2019-04-28,2019042801015591,LBBL,50,58,200,202.00,"40,400.00"
2019-04-28,2019042801015590,LBBL,59,58,540,202.00,"109,080.00"
2019-04-28,2019042801015847,LBBL,39,46,710,203.00,"144,130.00"
2019-04-28,2019042801015846,LBBL,39,57,50,203.00,"10,150.00"
2019-04-28,2019042801015596,LBBL,52,58,10,202.00,"2,020.00"
2019-04-28,2019042801015595,LBBL,36,58,500,202.00,"101,000.00"
2019-04-28,2019042801015625,LBL,38,42,15,235.00,"3,525.00"
2019-04-28,2019042801015624,LBL,38,49,17,234.00,"3,978.00"
2019-04-28,2019042801016026,LGIL,21,16,105,555.00,"58,275.00"
2019-04-28,2019042801016025,LGIL,57,16,500,556.00,"278,000.00"
2019-04-28,2019042801016024,LGIL,48,16,250,556.00,"139,000.00"
2019-04-28,2019042801015978,LGIL,39,28,100,560.00,"56,000.00"
2019-04-28,2019042801015977,LGIL,39,52,500,560.00,"280,000.00"
2019-04-28,2019042801015976,LGIL,39,17,500,560.00,"280,000.00"
2019-04-28,2019042801015632,LGIL,37,46,101,560.00,"56,560.00"
2019-04-28,2019042801015631,LGIL,37,52,100,560.00,"56,000.00"
2019-04-28,2019042801015630,LGIL,37,25,100,560.00,"56,000.00"
2019-04-28,2019042801015629,LGIL,37,46,462,560.00,"258,720.00"
2019-04-28,2019042801015628,LGIL,37,48,37,559.00,"20,683.00"
2019-04-28,2019042801015626,LGIL,33,48,100,559.00,"55,900.00"
2019-04-28,2019042801015975,LGIL,39,25,121,560.00,"67,760.00"
2019-04-28,2019042801015945,LGIL,37,42,700,556.00,"389,200.00"
2019-04-28,2019042801015944,LGIL,34,42,600,558.00,"334,800.00"
2019-04-28,2019042801015834,LGIL,37,25,379,560.00,"212,240.00"
2019-04-28,2019042801015833,LGIL,37,46,21,560.00,"11,760.00"
2019-04-28,2019042801015765,LGIL,59,46,100,560.00,"56,000.00"
2019-04-28,2019042801015797,LICN,16,32,81,"1,860.00","150,660.00"
2019-04-28,2019042801015796,LICN,14,32,19,"1,860.00","35,340.00"
2019-04-28,2019042801015735,LICN,14,32,100,"1,860.00","186,000.00"
2019-04-28,2019042801015699,LVF1,45,13,100,10.33,"1,033.00"
2019-04-28,2019042801015968,MBL,38,50,57,267.00,"15,219.00"
2019-04-28,2019042801015967,MBL,51,50,500,267.00,"133,500.00"
2019-04-28,2019042801015966,MBL,21,50,500,267.00,"133,500.00"
2019-04-28,2019042801015965,MBL,43,50,343,268.00,"91,924.00"
2019-04-28,2019042801015824,MBL,57,26,50,269.00,"13,450.00"
2019-04-28,2019042801015795,MBL,11,26,100,269.00,"26,900.00"
2019-04-28,2019042801015747,MBL,34,26,300,269.00,"80,700.00"
2019-04-28,2019042801015746,MBL,52,26,476,269.00,"128,044.00"
2019-04-28,2019042801015608,MBL,49,14,200,270.00,"54,000.00"
2019-04-28,2019042801015964,MEGA,46,10,121,190.00,"22,990.00"
2019-04-28,2019042801015963,MEGA,1,10,200,190.00,"38,000.00"
2019-04-28,2019042801015962,MEGA,45,10,60,190.00,"11,400.00"
2019-04-28,2019042801015961,MEGA,34,10,100,190.00,"19,000.00"
2019-04-28,2019042801015960,MEGA,25,10,821,190.00,"155,990.00"
2019-04-28,2019042801015904,MEGA,25,42,179,190.00,"34,010.00"
2019-04-28,2019042801015804,MEGA,32,32,517,191.00,"98,747.00"
2019-04-28,2019042801015695,MEGA,32,34,483,191.00,"92,253.00"
2019-04-28,2019042801015694,MEGA,32,34,317,191.00,"60,547.00"
2019-04-28,2019042801015667,MEGA,19,29,50,192.00,"9,600.00"
2019-04-28,2019042801015647,MEGA,34,29,180,192.00,"34,560.00"
2019-04-28,2019042801015842,MEGA,20,10,200,191.00,"38,200.00"
2019-04-28,2019042801015841,MEGA,33,10,200,191.00,"38,200.00"
2019-04-28,2019042801015840,MEGA,45,10,"1,067",191.00,"203,797.00"
2019-04-28,2019042801015807,MEGA,45,32,933,191.00,"178,203.00"
2019-04-28,2019042801015806,MEGA,32,32,"1,000",191.00,"191,000.00"
2019-04-28,2019042801015805,MEGA,19,32,50,191.00,"9,550.00"
2019-04-28,2019042801015903,MEGA,53,42,300,190.00,"57,000.00"
2019-04-28,2019042801015902,MEGA,8,42,100,190.00,"19,000.00"
2019-04-28,2019042801015901,MEGA,1,42,300,190.00,"57,000.00"
2019-04-28,2019042801015845,MEGA,46,10,"2,000",191.00,"382,000.00"
2019-04-28,2019042801015844,MEGA,26,10,30,191.00,"5,730.00"
2019-04-28,2019042801015843,MEGA,45,10,741,191.00,"141,531.00"
2019-04-28,2019042801015662,MERO,50,17,30,673.00,"20,190.00"
2019-04-28,2019042801015661,MERO,50,32,20,667.00,"13,340.00"
2019-04-28,2019042801015660,MERO,50,39,26,667.00,"17,342.00"
2019-04-28,2019042801015999,MFIL,33,58,"1,500",115.00,"172,500.00"
2019-04-28,2019042801015587,MLBBL,29,37,10,501.00,"5,010.00"
2019-04-28,2019042801015937,MLBL,37,32,108,195.00,"21,060.00"
2019-04-28,2019042801015856,MLBL,37,6,64,195.00,"12,480.00"
2019-04-28,2019042801015855,MLBL,33,6,14,195.00,"2,730.00"
2019-04-28,2019042801015989,MNBBL,49,16,10,398.00,"3,980.00"
2019-04-28,2019042801015762,MNBBL,42,6,102,395.00,"40,290.00"
2019-04-28,2019042801015670,MNBBL,52,43,454,396.00,"179,784.00"
2019-04-28,2019042801015639,MSLB,58,32,100,"1,255.00","125,500.00"
2019-04-28,2019042801015638,MSLB,58,37,10,"1,254.00","12,540.00"
2019-04-28,2019042801015637,MSLB,58,19,10,"1,250.00","12,500.00"
2019-04-28,2019042801015676,MSMBS,58,36,11,541.00,"5,951.00"
2019-04-28,2019042801015936,NABIL,16,19,50,873.00,"43,650.00"
2019-04-28,2019042801015935,NABIL,48,19,340,873.00,"296,820.00"
2019-04-28,2019042801015666,NABIL,48,36,140,873.00,"122,220.00"
2019-04-28,2019042801015665,NABIL,50,36,20,874.00,"17,480.00"
2019-04-28,2019042801015664,NABIL,21,36,10,874.00,"8,740.00"
2019-04-28,2019042801015663,NABIL,6,36,30,875.00,"26,250.00"
2019-04-28,2019042801015731,NABILP,19,7,107,832.00,"89,024.00"
2019-04-28,2019042801015827,NABILP,59,49,100,830.00,"83,000.00"
2019-04-28,2019042801015734,NABILP,59,7,10,831.00,"8,310.00"
2019-04-28,2019042801015733,NABILP,44,7,900,831.00,"747,900.00"
2019-04-28,2019042801015732,NABILP,11,7,100,832.00,"83,200.00"
2019-04-28,2019042801015826,NBB,39,50,248,233.00,"57,784.00"
2019-04-28,2019042801016062,NBL,47,44,"3,500",325.00,"1,137,500.00"
2019-04-28,2019042801016051,NBL,4,45,"2,100",324.00,"680,400.00"
2019-04-28,2019042801016050,NBL,26,45,100,324.00,"32,400.00"
2019-04-28,2019042801016049,NBL,38,45,300,324.00,"97,200.00"
2019-04-28,2019042801015997,NBL,16,44,"5,000",325.00,"1,625,000.00"
2019-04-28,2019042801015985,NBL,44,44,"7,314",325.00,"2,377,050.00"
2019-04-28,2019042801015611,NBL,38,6,250,325.00,"81,250.00"
2019-04-28,2019042801015814,NBL,16,37,"1,000",325.00,"325,000.00"
2019-04-28,2019042801015813,NBL,16,6,"8,350",325.00,"2,713,750.00"
2019-04-28,2019042801015792,NBL,44,56,100,324.00,"32,400.00"
2019-04-28,2019042801015744,NBL,44,21,50,324.00,"16,200.00"
2019-04-28,2019042801015669,NBL,44,5,"2,000",324.00,"648,000.00"
2019-04-28,2019042801015620,NBL,59,6,200,325.00,"65,000.00"
2019-04-28,2019042801015953,NBL,16,44,"1,000",325.00,"325,000.00"
2019-04-28,2019042801015899,NBL,36,44,"1,650",325.00,"536,250.00"
2019-04-28,2019042801015898,NBL,36,26,"1,000",325.00,"325,000.00"
2019-04-28,2019042801015897,NBL,36,49,350,325.00,"113,750.00"
2019-04-28,2019042801015816,NBL,16,49,150,325.00,"48,750.00"
2019-04-28,2019042801015815,NBL,16,49,500,325.00,"162,500.00"
2019-04-28,2019042801016069,NCCB,33,58,100,242.00,"24,200.00"
2019-04-28,2019042801015908,NCCB,4,5,"2,000",240.00,"480,000.00"
2019-04-28,2019042801015791,NCCB,4,42,105,240.00,"25,200.00"
2019-04-28,2019042801015790,NCCB,39,42,65,240.00,"15,600.00"
2019-04-28,2019042801015789,NCCB,44,42,130,241.00,"31,330.00"
2019-04-28,2019042801015773,NCCB,44,51,335,241.00,"80,735.00"
2019-04-28,2019042801016042,NIB,48,33,300,585.00,"175,500.00"
2019-04-28,2019042801015973,NIB,51,33,10,585.00,"5,850.00"
2019-04-28,2019042801015934,NIB,51,33,10,585.00,"5,850.00"
2019-04-28,2019042801015886,NIB,11,33,500,585.00,"292,500.00"
2019-04-28,2019042801015818,NIB,43,36,297,583.00,"173,151.00"
2019-04-28,2019042801015721,NIB,42,33,200,585.00,"117,000.00"
2019-04-28,2019042801015579,NIB,43,57,69,583.00,"40,227.00"
2019-04-28,2019042801016029,NICA,55,42,400,502.00,"200,800.00"
2019-04-28,2019042801016022,NICA,55,17,333,502.00,"167,166.00"
2019-04-28,2019042801015863,NICA,42,17,200,503.00,"100,600.00"
2019-04-28,2019042801015775,NICA,42,22,100,503.00,"50,300.00"
2019-04-28,2019042801015750,NICA,55,50,974,502.00,"488,948.00"
2019-04-28,2019042801015652,NICA,55,6,26,502.00,"13,052.00"
2019-04-28,2019042801015651,NICA,49,6,100,502.00,"50,200.00"
2019-04-28,2019042801015650,NICA,29,6,200,502.00,"100,400.00"
2019-04-28,2019042801015649,NICA,43,6,174,502.00,"87,348.00"
2019-04-28,2019042801015610,NICA,43,42,326,502.00,"163,652.00"
2019-04-28,2019042801015609,NICA,58,42,174,502.00,"87,348.00"
2019-04-28,2019042801016046,NICL,25,44,100,433.00,"43,300.00"
2019-04-28,2019042801015600,NICL,6,45,200,433.00,"86,600.00"
2019-04-28,2019042801015668,NICL,52,45,200,433.00,"86,600.00"
2019-04-28,2019042801015633,NICL,6,45,200,433.00,"86,600.00"
2019-04-28,2019042801015720,NICL,39,45,200,433.00,"86,600.00"
2019-04-28,2019042801016014,NICL,25,44,500,433.00,"216,500.00"
2019-04-28,2019042801016074,NIL,25,48,60,557.00,"33,420.00"
2019-04-28,2019042801016073,NIL,26,48,460,558.00,"256,680.00"
2019-04-28,2019042801016068,NIL,26,51,340,558.00,"189,720.00"
2019-04-28,2019042801016019,NIL,26,42,900,557.00,"501,300.00"
2019-04-28,2019042801015983,NIL,36,46,300,555.00,"166,500.00"
2019-04-28,2019042801015982,NIL,48,46,10,555.00,"5,550.00"
2019-04-28,2019042801015689,NIL,35,57,389,557.00,"216,673.00"
2019-04-28,2019042801015627,NIL,49,22,50,557.00,"27,850.00"
2019-04-28,2019042801015710,NIL,37,42,500,555.00,"277,500.00"
2019-04-28,2019042801015709,NIL,50,42,300,555.00,"166,500.00"
2019-04-28,2019042801015708,NIL,28,42,20,555.00,"11,100.00"
2019-04-28,2019042801015707,NIL,36,42,190,555.00,"105,450.00"
2019-04-28,2019042801015706,NIL,48,42,250,556.00,"139,000.00"
2019-04-28,2019042801015705,NIL,58,42,500,556.00,"278,000.00"
2019-04-28,2019042801015819,NIL,35,42,500,557.00,"278,500.00"
2019-04-28,2019042801015776,NIL,35,42,500,557.00,"278,500.00"
2019-04-28,2019042801015738,NIL,35,51,660,558.00,"368,280.00"
2019-04-28,2019042801015737,NIL,35,58,140,558.00,"78,120.00"
2019-04-28,2019042801015722,NIL,28,58,500,558.00,"279,000.00"
2019-04-28,2019042801015711,NIL,48,42,240,555.00,"133,200.00"
2019-04-28,2019042801015981,NIL,59,46,500,556.00,"278,000.00"
2019-04-28,2019042801015943,NIL,36,42,100,557.00,"55,700.00"
2019-04-28,2019042801015911,NIL,25,46,370,556.00,"205,720.00"
2019-04-28,2019042801015881,NIL,35,46,130,556.00,"72,280.00"
2019-04-28,2019042801015880,NIL,35,38,370,556.00,"205,720.00"
2019-04-28,2019042801015865,NIL,5,38,100,556.00,"55,600.00"
2019-04-28,2019042801016031,NLBBL,34,37,100,505.00,"50,500.00"
2019-04-28,2019042801016011,NLG,41,21,50,900.00,"45,000.00"
2019-04-28,2019042801016010,NLG,41,26,40,900.00,"36,000.00"
2019-04-28,2019042801016013,NMB,14,6,422,389.00,"164,158.00"
2019-04-28,2019042801016012,NMB,49,6,129,389.00,"50,181.00"
2019-04-28,2019042801015987,NMB,49,50,530,389.00,"206,170.00"
2019-04-28,2019042801015974,NMB,49,56,62,389.00,"24,118.00"
2019-04-28,2019042801015941,NMB,4,6,449,390.00,"175,110.00"
2019-04-28,2019042801015915,NMB,4,10,"1,000",390.00,"390,000.00"
2019-04-28,2019042801015688,NMB,55,50,80,389.00,"31,120.00"
2019-04-28,2019042801015686,NMB,11,21,49,390.00,"19,110.00"
2019-04-28,2019042801015685,NMB,11,6,451,390.00,"175,890.00"
2019-04-28,2019042801015672,NMB,55,41,54,389.00,"21,006.00"
2019-04-28,2019042801015599,NMB,55,1,180,389.00,"70,020.00"
2019-04-28,2019042801015914,NMB,4,10,"1,000",390.00,"390,000.00"
2019-04-28,2019042801015913,NMB,4,21,51,390.00,"19,890.00"
2019-04-28,2019042801015877,NMB,49,6,"1,000",389.00,"389,000.00"
2019-04-28,2019042801015860,NMB,49,48,279,389.00,"108,531.00"
2019-04-28,2019042801015859,NMB,40,48,200,389.00,"77,800.00"
2019-04-28,2019042801015858,NMB,55,48,21,389.00,"8,169.00"
2019-04-28,2019042801015896,NMFBS,16,47,20,"1,809.00","36,180.00"
2019-04-28,2019042801015585,NNLB,16,52,100,461.00,"46,100.00"
2019-04-28,2019042801015584,NNLB,16,19,125,453.00,"56,625.00"
2019-04-28,2019042801015583,NNLB,16,53,50,453.00,"22,650.00"
2019-04-28,2019042801015582,NNLB,16,32,50,452.00,"22,600.00"
2019-04-28,2019042801015879,PCBL,42,56,50,360.00,"18,000.00"
2019-04-28,2019042801015861,PCBL,25,53,550,361.00,"198,550.00"
2019-04-28,2019042801015825,PCBL,47,53,200,361.00,"72,200.00"
2019-04-28,2019042801015770,PCBL,47,53,100,361.00,"36,100.00"
2019-04-28,2019042801015749,PCBL,42,41,754,360.00,"271,440.00"
2019-04-28,2019042801015748,PCBL,42,41,246,360.00,"88,560.00"
2019-04-28,2019042801015696,PCBL,47,53,150,361.00,"54,150.00"
2019-04-28,2019042801015588,PCBL,47,50,200,361.00,"72,200.00"
2019-04-28,2019042801015878,PIC,6,42,20,"1,130.00","22,600.00"
2019-04-28,2019042801015862,PIC,1,42,71,"1,130.00","80,230.00"
2019-04-28,2019042801015778,PIC,35,45,500,"1,115.00","557,500.00"
2019-04-28,2019042801015774,PIC,6,52,39,"1,129.00","44,031.00"
2019-04-28,2019042801015717,PIC,49,52,10,"1,129.00","11,290.00"
2019-04-28,2019042801015675,PIC,1,25,29,"1,113.00","32,277.00"
2019-04-28,2019042801015674,PIC,57,25,50,"1,115.00","55,750.00"
2019-04-28,2019042801015673,PIC,34,25,22,"1,115.00","24,530.00"
2019-04-28,2019042801016002,PICL,7,45,100,779.00,"77,900.00"
2019-04-28,2019042801016001,PICL,7,25,100,779.00,"77,900.00"
2019-04-28,2019042801016000,PICL,7,14,20,777.00,"15,540.00"
2019-04-28,2019042801015759,PICL,34,14,10,777.00,"7,770.00"
2019-04-28,2019042801015691,PICL,34,32,70,777.00,"54,390.00"
2019-04-28,2019042801015677,PICL,5,32,10,777.00,"7,770.00"
2019-04-28,2019042801015769,PMHPL,56,38,10,110.00,"1,100.00"
2019-04-28,2019042801016066,PRIN,58,22,10,461.00,"4,610.00"
2019-04-28,2019042801016065,PRIN,58,25,100,460.00,"46,000.00"
2019-04-28,2019042801016064,PRIN,58,25,50,460.00,"23,000.00"
2019-04-28,2019042801016063,PRIN,58,51,428,460.00,"196,880.00"
2019-04-28,2019042801015801,PRIN,58,14,110,457.00,"50,270.00"
2019-04-28,2019042801015800,PRIN,46,14,28,457.00,"12,796.00"
2019-04-28,2019042801016059,PRVU,29,5,300,293.00,"87,900.00"
2019-04-28,2019042801016033,PRVU,14,34,"1,300",294.00,"382,200.00"
2019-04-28,2019042801016032,PRVU,14,41,700,294.00,"205,800.00"
2019-04-28,2019042801016004,PRVU,36,50,500,294.00,"147,000.00"
2019-04-28,2019042801015767,PRVU,58,58,50,291.00,"14,550.00"
2019-04-28,2019042801015755,PRVU,42,52,194,293.00,"56,842.00"
2019-04-28,2019042801015754,PRVU,42,43,306,293.00,"89,658.00"
2019-04-28,2019042801015623,PRVU,49,36,55,292.00,"16,060.00"
2019-04-28,2019042801015991,PRVU,29,56,200,293.00,"58,600.00"
2019-04-28,2019042801015990,PRVU,29,17,500,293.00,"146,500.00"
2019-04-28,2019042801015810,PRVU,58,17,800,291.00,"232,800.00"
2019-04-28,2019042801015803,PRVU,34,17,500,293.00,"146,500.00"
2019-04-28,2019042801015938,RLFL,39,58,668,124.00,"82,832.00"
2019-04-28,2019042801015887,RLFL,39,48,100,122.00,"12,200.00"
2019-04-28,2019042801015950,RSDC,1,17,200,421.00,"84,200.00"
2019-04-28,2019042801015615,RSDC,26,13,23,417.00,"9,591.00"
2019-04-28,2019042801015614,RSDC,26,17,63,417.00,"26,271.00"
2019-04-28,2019042801015613,RSDC,26,42,200,417.00,"83,400.00"
2019-04-28,2019042801015612,RSDC,26,40,14,417.00,"5,838.00"
2019-04-28,2019042801015956,SADBL,38,50,50,157.00,"7,850.00"
2019-04-28,2019042801015916,SADBL,38,39,76,156.00,"11,856.00"
2019-04-28,2019042801015636,SAEF,5,44,"4,000",10.00,"40,000.00"
2019-04-28,2019042801016027,SANIMA,34,6,100,361.00,"36,100.00"
2019-04-28,2019042801015794,SANIMA,10,25,500,360.00,"180,000.00"
2019-04-28,2019042801015793,SANIMA,10,50,66,360.00,"23,760.00"
2019-04-28,2019042801015739,SANIMA,48,50,500,360.00,"180,000.00"
2019-04-28,2019042801015952,SBL,10,32,231,347.00,"80,157.00"
2019-04-28,2019042801015951,SBL,10,52,269,346.00,"93,074.00"
2019-04-28,2019042801015909,SBL,57,52,111,346.00,"38,406.00"
2019-04-28,2019042801015932,SDESI,39,17,18,649.00,"11,682.00"
2019-04-28,2019042801015984,SHINE,34,57,500,252.00,"126,000.00"
2019-04-28,2019042801015876,SHINE,14,28,200,250.00,"50,000.00"
2019-04-28,2019042801015875,SHINE,41,28,100,250.00,"25,000.00"
2019-04-28,2019042801015874,SHINE,52,28,700,250.00,"175,000.00"
2019-04-28,2019042801015873,SHINE,38,28,500,250.00,"125,000.00"
2019-04-28,2019042801015872,SHINE,32,28,100,251.00,"25,100.00"
2019-04-28,2019042801015687,SHINE,1,57,100,252.00,"25,200.00"
2019-04-28,2019042801015850,SHINE,39,57,400,252.00,"100,800.00"
2019-04-28,2019042801015758,SHINE,34,57,500,252.00,"126,000.00"
2019-04-28,2019042801016005,SHIVM,45,34,100,324.00,"32,400.00"
2019-04-28,2019042801015895,SHIVM,21,34,100,324.00,"32,400.00"
2019-04-28,2019042801015894,SHIVM,21,17,50,324.00,"16,200.00"
2019-04-28,2019042801015893,SHIVM,21,44,50,324.00,"16,200.00"
2019-04-28,2019042801015645,SHIVM,34,16,100,321.00,"32,100.00"
2019-04-28,2019042801015644,SHIVM,43,16,500,321.00,"160,500.00"
2019-04-28,2019042801015643,SHIVM,39,16,290,321.00,"93,090.00"
2019-04-28,2019042801015693,SHPC,28,34,15,247.00,"3,705.00"
2019-04-28,2019042801015586,SHPC,19,11,200,245.00,"49,000.00"
2019-04-28,2019042801016045,SIC,56,43,10,"1,425.00","14,250.00"
2019-04-28,2019042801016044,SIC,56,43,10,"1,420.00","14,200.00"
2019-04-28,2019042801016043,SIC,56,43,10,"1,415.00","14,150.00"
2019-04-28,2019042801016067,SICL,57,22,50,935.00,"46,750.00"
2019-04-28,2019042801016047,SICL,33,35,10,950.00,"9,500.00"
2019-04-28,2019042801015837,SICL,40,42,500,935.00,"467,500.00"
2019-04-28,2019042801015772,SICL,40,34,110,949.00,"104,390.00"
2019-04-28,2019042801015730,SICL,40,58,100,945.00,"94,500.00"
2019-04-28,2019042801015988,SIL,41,46,200,660.00,"132,000.00"
2019-04-28,2019042801015788,SIL,59,46,50,660.00,"33,000.00"
2019-04-28,2019042801015653,SLBSL,33,17,10,677.00,"6,770.00"
2019-04-28,2019042801015715,SLICL,28,45,116,603.00,"69,948.00"
2019-04-28,2019042801015714,SLICL,34,45,200,603.00,"120,600.00"
2019-04-28,2019042801015713,SLICL,26,45,500,603.00,"301,500.00"
2019-04-28,2019042801015712,SLICL,5,45,184,603.00,"110,952.00"
2019-04-28,2019042801015690,SLICL,5,14,16,603.00,"9,648.00"
2019-04-28,2019042801015581,SMATA,28,11,19,"1,275.00","24,225.00"
2019-04-28,2019042801015864,SMFDB,22,7,10,660.00,"6,600.00"
2019-04-28,2019042801015832,SRBL,40,48,119,261.00,"31,059.00"
2019-04-28,2019042801015831,SRBL,47,48,765,261.00,"199,665.00"
2019-04-28,2019042801015830,SRBL,28,48,"1,000",262.00,"262,000.00"
2019-04-28,2019042801015829,SRBL,37,48,116,262.00,"30,392.00"
2019-04-28,2019042801015718,SRBL,22,44,100,263.00,"26,300.00"
2019-04-28,2019042801015900,SWBBL,21,51,300,964.00,"289,200.00"
2019-04-28,2019042801015959,UFL,42,28,"1,044",192.00,"200,448.00"
2019-04-28,2019042801015958,UFL,17,28,185,193.00,"35,705.00"
2019-04-28,2019042801015957,UFL,47,28,29,194.00,"5,626.00"
2019-04-28,2019042801016028,UIC,51,29,40,"1,026.00","41,040.00"
2019-04-28,2019042801015787,UIC,49,29,40,"1,026.00","41,040.00"
2019-04-28,2019042801015786,UIC,49,48,100,"1,020.00","102,000.00"
2019-04-28,2019042801015785,UIC,49,45,70,"1,020.00","71,400.00"
2019-04-28,2019042801015784,UIC,49,57,70,"1,018.00","71,260.00"
2019-04-28,2019042801015783,UIC,49,41,220,"1,017.00","223,740.00"
2019-04-28,2019042801015782,UIC,49,38,300,"1,016.00","304,800.00"
2019-04-28,2019042801016041,UPPER,45,52,200,237.00,"47,400.00"
2019-04-28,2019042801016040,UPPER,45,28,130,237.00,"30,810.00"
2019-04-28,2019042801016039,UPPER,45,46,50,236.00,"11,800.00"
2019-04-28,2019042801016038,UPPER,45,40,50,236.00,"11,800.00"
2019-04-28,2019042801016037,UPPER,45,46,40,236.00,"9,440.00"
2019-04-28,2019042801015949,UPPER,33,16,"1,647",233.00,"383,751.00"
2019-04-28,2019042801015671,UPPER,43,51,200,235.00,"47,000.00"
2019-04-28,2019042801015948,UPPER,14,16,200,234.00,"46,800.00"
2019-04-28,2019042801015947,UPPER,53,16,60,234.00,"14,040.00"
2019-04-28,2019042801015946,UPPER,19,16,220,234.00,"51,480.00"
2019-04-28,2019042801015745,UPPER,19,36,50,234.00,"11,700.00"
2019-04-28,2019042801015697,UPPER,19,36,50,234.00,"11,700.00"
2019-04-28,2019042801015658,VLBS,58,25,32,638.00,"20,416.00"
2019-04-28,2019042801015657,VLBS,22,25,55,638.00,"35,090.00"
2019-04-28,2019042801015656,VLBS,1,25,13,638.00,"8,294.00"
2019-04-28,2019042801015451,ADBL,58,21,100,395.00,"39,500.00"
2019-04-28,2019042801015450,ADBL,49,4,200,391.00,"78,200.00"
2019-04-28,2019042801015437,ADBL,17,21,50,395.00,"19,750.00"
2019-04-28,2019042801015422,ADBL,49,42,425,391.00,"166,175.00"
2019-04-28,2019042801015421,ADBL,34,42,75,392.00,"29,400.00"
2019-04-28,2019042801015389,ADBL,34,4,200,392.00,"78,400.00"
2019-04-28,2019042801015210,ADBL,49,42,120,391.00,"46,920.00"
2019-04-28,2019042801015173,ADBL,6,34,194,392.00,"76,048.00"
2019-04-28,2019042801015142,AHPC,13,7,900,104.00,"93,600.00"
2019-04-28,2019042801015125,AKPL,58,33,17,181.00,"3,077.00"
2019-04-28,2019042801015124,AKPL,58,11,10,175.00,"1,750.00"
2019-04-28,2019042801015123,AKPL,58,38,60,175.00,"10,500.00"
2019-04-28,2019042801015122,AKPL,58,16,13,175.00,"2,275.00"
2019-04-28,2019042801015317,ALBSL,1,55,50,485.00,"24,250.00"
2019-04-28,2019042801015304,ALBSL,1,55,50,485.00,"24,250.00"
2019-04-28,2019042801015209,ALBSL,1,49,10,485.00,"4,850.00"
2019-04-28,2019042801015189,ALBSL,1,49,10,485.00,"4,850.00"
2019-04-28,2019042801015144,ALBSL,1,49,10,485.00,"4,850.00"
2019-04-28,2019042801015129,ALBSL,1,42,220,485.00,"106,700.00"
2019-04-28,2019042801015128,ALBSL,8,42,80,486.00,"38,880.00"
2019-04-28,2019042801015118,ALBSL,8,49,10,486.00,"4,860.00"
2019-04-28,2019042801015548,ALICL,22,45,100,462.00,"46,200.00"
2019-04-28,2019042801015435,ALICL,8,45,100,462.00,"46,200.00"
2019-04-28,2019042801015420,ALICL,7,45,500,462.00,"231,000.00"
2019-04-28,2019042801015385,ALICL,22,45,150,462.00,"69,300.00"
2019-04-28,2019042801015374,ALICL,52,45,100,462.00,"46,200.00"
2019-04-28,2019042801015312,ALICL,26,45,50,462.00,"23,100.00"
2019-04-28,2019042801015258,ALICL,34,45,"1,000",462.00,"462,000.00"
2019-04-28,2019042801015257,ALICL,38,45,150,462.00,"69,300.00"
2019-04-28,2019042801015256,ALICL,35,45,500,462.00,"231,000.00"
2019-04-28,2019042801015296,ALICL,38,45,32,462.00,"14,784.00"
2019-04-28,2019042801015263,ALICL,38,45,968,462.00,"447,216.00"
2019-04-28,2019042801015262,ALICL,42,45,50,462.00,"23,100.00"
2019-04-28,2019042801015261,ALICL,42,45,200,462.00,"92,400.00"
2019-04-28,2019042801015260,ALICL,45,45,132,462.00,"60,984.00"
2019-04-28,2019042801015259,ALICL,16,45,500,462.00,"231,000.00"
2019-04-28,2019042801015567,API,25,25,63,140.00,"8,820.00"
2019-04-28,2019042801015566,API,25,53,50,140.00,"7,000.00"
2019-04-28,2019042801015530,API,25,52,850,139.00,"118,150.00"
2019-04-28,2019042801015529,API,25,42,62,138.00,"8,556.00"
2019-04-28,2019042801015496,API,25,42,282,138.00,"38,916.00"
2019-04-28,2019042801015495,API,25,29,150,138.00,"20,700.00"
2019-04-28,2019042801015145,API,25,39,"2,019",135.00,"272,565.00"
2019-04-28,2019042801015107,API,56,39,"1,400",135.00,"189,000.00"
2019-04-28,2019042801015104,API,29,36,425,134.00,"56,950.00"
2019-04-28,2019042801015103,API,44,36,243,134.00,"32,562.00"
2019-04-28,2019042801015369,API,25,53,730,137.00,"100,010.00"
2019-04-28,2019042801015330,API,25,57,250,136.00,"34,000.00"
2019-04-28,2019042801015329,API,25,52,"1,000",136.00,"136,000.00"
2019-04-28,2019042801015328,API,25,25,500,136.00,"68,000.00"
2019-04-28,2019042801015327,API,25,44,300,136.00,"40,800.00"
2019-04-28,2019042801015160,API,25,44,200,136.00,"27,200.00"
2019-04-28,2019042801015413,API,25,48,72,138.00,"9,936.00"
2019-04-28,2019042801015412,API,25,34,28,138.00,"3,864.00"
2019-04-28,2019042801015408,API,25,33,10,137.00,"1,370.00"
2019-04-28,2019042801015371,API,25,37,100,137.00,"13,700.00"
2019-04-28,2019042801015370,API,25,35,50,137.00,"6,850.00"
2019-04-28,2019042801015494,API,25,48,328,138.00,"45,264.00"
2019-04-28,2019042801015493,API,25,26,740,136.00,"100,640.00"
2019-04-28,2019042801015468,API,25,26,150,136.00,"20,400.00"
2019-04-28,2019042801015467,API,25,26,110,137.00,"15,070.00"
2019-04-28,2019042801015439,API,34,48,500,138.00,"69,000.00"
2019-04-28,2019042801015200,BFC,45,57,65,93.00,"6,045.00"
2019-04-28,2019042801015199,BFC,45,28,330,93.00,"30,690.00"
2019-04-28,2019042801015198,BFC,45,43,71,92.00,"6,532.00"
2019-04-28,2019042801015197,BFC,45,43,71,92.00,"6,532.00"
2019-04-28,2019042801015518,BOKL,48,22,108,291.00,"31,428.00"
2019-04-28,2019042801015517,BOKL,48,47,92,291.00,"26,772.00"
2019-04-28,2019042801015475,BOKL,42,47,500,291.00,"145,500.00"
2019-04-28,2019042801015434,BOKL,39,50,500,290.00,"145,000.00"
2019-04-28,2019042801015314,BOKL,19,47,300,291.00,"87,300.00"
2019-04-28,2019042801015292,BOKL,22,47,100,291.00,"29,100.00"
2019-04-28,2019042801015162,BOKL,39,47,500,291.00,"145,500.00"
2019-04-28,2019042801015279,BPCL,35,57,22,380.00,"8,360.00"
2019-04-28,2019042801015268,BPCL,35,43,33,380.00,"12,540.00"
2019-04-28,2019042801015569,CBBL,16,49,59,"1,114.00","65,726.00"
2019-04-28,2019042801015561,CBBL,54,49,20,"1,114.00","22,280.00"
2019-04-28,2019042801015535,CBBL,3,49,100,"1,114.00","111,400.00"
2019-04-28,2019042801015520,CBBL,11,49,25,"1,114.00","27,850.00"
2019-04-28,2019042801015519,CBBL,1,49,296,"1,114.00","329,744.00"
2019-04-28,2019042801015181,CBBL,34,45,20,"1,111.00","22,220.00"
2019-04-28,2019042801015117,CBBL,54,45,100,"1,110.00","111,000.00"
2019-04-28,2019042801015115,CBBL,54,5,300,"1,110.00","333,000.00"
2019-04-28,2019042801015205,CBBL,37,58,44,"1,108.00","48,752.00"
2019-04-28,2019042801015204,CBBL,45,58,11,"1,108.00","12,188.00"
2019-04-28,2019042801015203,CBBL,10,58,20,"1,110.00","22,200.00"
2019-04-28,2019042801015184,CBBL,34,41,80,"1,111.00","88,880.00"
2019-04-28,2019042801015244,CBBL,16,33,200,"1,112.00","222,400.00"
2019-04-28,2019042801015223,CBBL,34,41,120,"1,111.00","133,320.00"
2019-04-28,2019042801015323,CBBL,1,33,300,"1,112.00","333,600.00"
2019-04-28,2019042801015297,CBBL,51,45,100,"1,110.00","111,000.00"
2019-04-28,2019042801015287,CBBL,57,45,100,"1,110.00","111,000.00"
2019-04-28,2019042801015286,CBBL,19,45,100,"1,110.00","111,000.00"
2019-04-28,2019042801015380,CBBL,44,51,25,"1,115.00","27,875.00"
2019-04-28,2019042801015379,CBBL,44,42,"1,000","1,115.00","1,115,000.00"
2019-04-28,2019042801015378,CBBL,44,33,500,"1,114.00","557,000.00"
2019-04-28,2019042801015377,CBBL,44,21,179,"1,114.00","199,406.00"
2019-04-28,2019042801015376,CBBL,44,54,45,"1,114.00","50,130.00"
2019-04-28,2019042801015324,CBBL,1,45,250,"1,112.00","278,000.00"
2019-04-28,2019042801015414,CBBL,44,59,21,"1,115.00","23,415.00"
2019-04-28,2019042801015384,CBBL,44,26,500,"1,115.00","557,500.00"
2019-04-28,2019042801015383,CBBL,44,13,30,"1,115.00","33,450.00"
2019-04-28,2019042801015382,CBBL,44,45,300,"1,115.00","334,500.00"
2019-04-28,2019042801015381,CBBL,44,42,200,"1,115.00","223,000.00"
2019-04-28,2019042801015464,CBBL,55,33,100,"1,116.00","111,600.00"
2019-04-28,2019042801015458,CBBL,1,49,13,"1,114.00","14,482.00"
2019-04-28,2019042801015455,CBBL,1,39,87,"1,114.00","96,918.00"
2019-04-28,2019042801015454,CBBL,1,21,25,"1,114.00","27,850.00"
2019-04-28,2019042801015417,CBBL,45,33,50,"1,116.00","55,800.00"
2019-04-28,2019042801015415,CBBL,1,59,29,"1,114.00","32,306.00"
2019-04-28,2019042801015487,CBL,59,5,400,158.00,"63,200.00"
2019-04-28,2019042801015486,CBL,44,5,500,158.00,"79,000.00"
2019-04-28,2019042801015485,CBL,56,5,"3,000",158.00,"474,000.00"
2019-04-28,2019042801015484,CBL,33,5,121,158.00,"19,118.00"
2019-04-28,2019042801015481,CBL,10,25,500,159.00,"79,500.00"
2019-04-28,2019042801015347,CCBL,26,33,"1,500",177.00,"265,500.00"
2019-04-28,2019042801015466,CHCL,33,42,500,549.00,"274,500.00"
2019-04-28,2019042801015372,CHL,20,32,10,100.00,"1,000.00"
2019-04-28,2019042801015311,CHLBS,58,22,10,508.00,"5,080.00"
2019-04-28,2019042801015310,CHLBS,58,21,40,508.00,"20,320.00"
2019-04-28,2019042801015303,CIT,19,19,30,"2,560.00","76,800.00"
2019-04-28,2019042801015302,CIT,19,17,25,"2,555.00","63,875.00"
2019-04-28,2019042801015255,CZBIL,33,49,500,229.00,"114,500.00"
2019-04-28,2019042801015186,CZBIL,21,49,200,229.00,"45,800.00"
2019-04-28,2019042801015110,CZBIL,29,55,"5,000",230.00,"1,150,000.00"
2019-04-28,2019042801015574,DBBL,56,58,"2,700",136.00,"367,200.00"
2019-04-28,2019042801015573,DBBL,48,58,700,136.00,"95,200.00"
2019-04-28,2019042801015542,DBBL,29,53,113,137.00,"15,481.00"
2019-04-28,2019042801015541,DBBL,29,58,887,137.00,"121,519.00"
2019-04-28,2019042801015461,DBBL,48,35,300,136.00,"40,800.00"
2019-04-28,2019042801015436,DBBL,49,35,200,136.00,"27,200.00"
2019-04-28,2019042801015078,DBBL,38,32,50,136.00,"6,800.00"
2019-04-28,2019042801015515,DDBL,44,45,20,757.00,"15,140.00"
2019-04-28,2019042801015514,DDBL,44,43,50,754.00,"37,700.00"
2019-04-28,2019042801015478,DDBL,45,45,132,750.00,"99,000.00"
2019-04-28,2019042801015449,DDBL,44,29,100,749.00,"74,900.00"
2019-04-28,2019042801015448,DDBL,44,59,100,749.00,"74,900.00"
2019-04-28,2019042801015447,DDBL,44,53,100,748.00,"74,800.00"
2019-04-28,2019042801015105,DDBL,44,49,285,736.00,"209,760.00"
2019-04-28,2019042801015446,DDBL,44,14,50,747.00,"37,350.00"
2019-04-28,2019042801015445,DDBL,44,13,56,747.00,"41,832.00"
2019-04-28,2019042801015313,DDBL,44,34,"1,000",746.00,"746,000.00"
2019-04-28,2019042801015265,DDBL,34,25,50,745.00,"37,250.00"
2019-04-28,2019042801015140,DDBL,34,36,212,740.00,"156,880.00"
2019-04-28,2019042801015139,DDBL,34,16,88,739.00,"65,032.00"
2019-04-28,2019042801015274,EBL,35,14,30,670.00,"20,100.00"
2019-04-28,2019042801015273,EBL,28,14,50,670.00,"33,500.00"
2019-04-28,2019042801015272,EBL,35,14,100,670.00,"67,000.00"
2019-04-28,2019042801015271,EBL,28,14,11,670.00,"7,370.00"
2019-04-28,2019042801015309,EDBL,36,35,50,316.00,"15,800.00"
2019-04-28,2019042801015419,EIC,26,32,25,514.00,"12,850.00"
2019-04-28,2019042801015183,EIC,22,32,300,514.00,"154,200.00"
2019-04-28,2019042801015182,EIC,22,32,200,514.00,"102,800.00"
2019-04-28,2019042801015397,FMDBL,56,48,200,421.00,"84,200.00"
2019-04-28,2019042801015396,FMDBL,56,19,200,420.00,"84,000.00"
2019-04-28,2019042801015294,FMDBL,40,48,300,421.00,"126,300.00"
2019-04-28,2019042801015293,FMDBL,40,34,200,420.00,"84,000.00"
2019-04-28,2019042801015165,FMDBL,59,50,35,420.00,"14,700.00"
2019-04-28,2019042801015164,FMDBL,59,41,65,420.00,"27,300.00"
2019-04-28,2019042801015163,FMDBL,59,48,100,420.00,"42,000.00"
2019-04-28,2019042801015243,GBBL,57,34,50,219.00,"10,950.00"
2019-04-28,2019042801015507,GBIME,28,58,185,316.00,"58,460.00"
2019-04-28,2019042801015249,GBIME,22,58,15,316.00,"4,740.00"
2019-04-28,2019042801015248,GBIME,22,50,85,316.00,"26,860.00"
2019-04-28,2019042801015155,GBLBS,50,58,300,372.00,"111,600.00"
2019-04-28,2019042801015154,GBLBS,50,36,800,372.00,"297,600.00"
2019-04-28,2019042801015332,GILB,19,58,10,"1,228.00","12,280.00"
2019-04-28,2019042801015083,GLICL,41,52,50,597.00,"29,850.00"
2019-04-28,2019042801015539,HDL,49,51,200,"1,420.00","284,000.00"
2019-04-28,2019042801015391,HGI,45,25,40,430.00,"17,200.00"
2019-04-28,2019042801015291,HGI,29,25,160,430.00,"68,800.00"
2019-04-28,2019042801015290,HGI,29,1,300,430.00,"129,000.00"
2019-04-28,2019042801015289,HGI,29,39,10,430.00,"4,300.00"
2019-04-28,2019042801015288,HGI,29,43,30,430.00,"12,900.00"
2019-04-28,2019042801015226,HGI,6,49,10,429.00,"4,290.00"
2019-04-28,2019042801015178,HGI,6,49,90,429.00,"38,610.00"
2019-04-28,2019042801015565,HIDCL,5,11,100,145.00,"14,500.00"
2019-04-28,2019042801015564,HIDCL,5,28,10,145.00,"1,450.00"
2019-04-28,2019042801015489,HIDCL,32,26,"1,000",143.00,"143,000.00"
2019-04-28,2019042801015488,HIDCL,32,49,"4,325",143.00,"618,475.00"
2019-04-28,2019042801015084,HIDCL,58,49,500,143.00,"71,500.00"
2019-04-28,2019042801015438,IGI,55,55,100,452.00,"45,200.00"
2019-04-28,2019042801015116,IGI,19,17,10,455.00,"4,550.00"
2019-04-28,2019042801015225,IGI,35,55,150,451.00,"67,650.00"
2019-04-28,2019042801015224,IGI,49,55,50,452.00,"22,600.00"
2019-04-28,2019042801015156,IGI,6,17,100,455.00,"45,500.00"
2019-04-28,2019042801015264,IGI,28,17,100,455.00,"45,500.00"
2019-04-28,2019042801015368,IGI,10,22,100,455.00,"45,500.00"
2019-04-28,2019042801015367,IGI,10,14,162,455.00,"73,710.00"
2019-04-28,2019042801015366,IGI,10,52,60,455.00,"27,300.00"
2019-04-28,2019042801015365,IGI,10,35,"1,200",455.00,"546,000.00"
2019-04-28,2019042801015364,IGI,10,32,200,455.00,"91,000.00"
2019-04-28,2019042801015363,IGI,10,17,190,455.00,"86,450.00"
2019-04-28,2019042801015480,JBBL,32,17,11,143.00,"1,573.00"
2019-04-28,2019042801015429,JBBL,32,44,"1,046",143.00,"149,578.00"
2019-04-28,2019042801015428,JBBL,58,44,"1,454",144.00,"209,376.00"
2019-04-28,2019042801015394,JBBL,58,57,"2,000",144.00,"288,000.00"
2019-04-28,2019042801015131,JBBL,58,58,990,144.00,"142,560.00"
2019-04-28,2019042801015130,JBBL,6,58,10,145.00,"1,450.00"
2019-04-28,2019042801015549,JBNL,44,16,58,202.00,"11,716.00"
2019-04-28,2019042801015208,JBNL,49,44,400,203.00,"81,200.00"
2019-04-28,2019042801015207,JBNL,49,36,100,203.00,"20,300.00"
2019-04-28,2019042801015307,JSLBB,40,20,37,"2,141.00","79,217.00"
2019-04-28,2019042801015266,JSLBB,40,26,14,"2,140.00","29,960.00"
2019-04-28,2019042801015295,KBBL,47,46,30,236.00,"7,080.00"
2019-04-28,2019042801015227,KBBL,47,46,50,236.00,"11,800.00"
2019-04-28,2019042801015206,KBBL,47,46,140,236.00,"33,040.00"
2019-04-28,2019042801015177,KBBL,47,46,95,236.00,"22,420.00"
2019-04-28,2019042801015167,KBBL,47,46,95,236.00,"22,420.00"
2019-04-28,2019042801015151,KBBL,47,46,90,236.00,"21,240.00"
2019-04-28,2019042801015141,KBBL,47,29,45,236.00,"10,620.00"
2019-04-28,2019042801015120,KBBL,47,29,45,236.00,"10,620.00"
2019-04-28,2019042801015111,KBBL,47,29,45,236.00,"10,620.00"
2019-04-28,2019042801015101,KBBL,47,29,63,236.00,"14,868.00"
2019-04-28,2019042801015077,KBBL,47,17,82,235.00,"19,270.00"
2019-04-28,2019042801015407,KBL,19,34,429,230.00,"98,670.00"
2019-04-28,2019042801015406,KBL,19,17,21,229.00,"4,809.00"
2019-04-28,2019042801015405,KBL,19,49,50,229.00,"11,450.00"
2019-04-28,2019042801015267,KBL,22,49,100,229.00,"22,900.00"
2019-04-28,2019042801015457,KPCL,21,38,10,89.00,890.00
2019-04-28,2019042801015398,KPCL,16,38,10,90.00,900.00
2019-04-28,2019042801015358,KSBBL,32,28,100,154.00,"15,400.00"
2019-04-28,2019042801015143,KSBBL,18,59,500,153.00,"76,500.00"
2019-04-28,2019042801015545,LBBL,39,57,50,203.00,"10,150.00"
2019-04-28,2019042801015247,LBBL,48,57,200,203.00,"40,600.00"
2019-04-28,2019042801015245,LBBL,48,47,100,203.00,"20,300.00"
2019-04-28,2019042801015544,LBL,39,49,23,234.00,"5,382.00"
2019-04-28,2019042801015543,LBL,39,28,127,234.00,"29,718.00"
2019-04-28,2019042801015538,LBL,49,21,160,233.00,"37,280.00"
2019-04-28,2019042801015537,LBL,48,21,25,233.00,"5,825.00"
2019-04-28,2019042801015536,LBL,29,21,15,233.00,"3,495.00"
2019-04-28,2019042801015509,LBL,52,28,50,234.00,"11,700.00"
2019-04-28,2019042801015540,LGIL,52,48,100,559.00,"55,900.00"
2019-04-28,2019042801015479,LGIL,6,48,86,559.00,"48,074.00"
2019-04-28,2019042801015471,LGIL,14,48,177,559.00,"98,943.00"
2019-04-28,2019042801015470,LGIL,14,21,23,559.00,"12,857.00"
2019-04-28,2019042801015444,LGIL,6,48,81,558.00,"45,198.00"
2019-04-28,2019042801015427,LGIL,29,48,119,558.00,"66,402.00"
2019-04-28,2019042801015254,LGIL,29,35,381,558.00,"212,598.00"
2019-04-28,2019042801015081,LGIL,19,35,119,558.00,"66,402.00"
2019-04-28,2019042801015080,LGIL,19,48,31,558.00,"17,298.00"
2019-04-28,2019042801015390,MBL,52,43,24,269.00,"6,456.00"
2019-04-28,2019042801015174,MBL,25,50,200,269.00,"53,800.00"
2019-04-28,2019042801015432,MEGA,19,29,500,192.00,"96,000.00"
2019-04-28,2019042801015343,MERO,52,11,100,663.00,"66,300.00"
2019-04-28,2019042801015510,MFIL,1,49,100,116.00,"11,600.00"
2019-04-28,2019042801015560,MLBL,33,53,500,195.00,"97,500.00"
2019-04-28,2019042801015354,MLBL,32,28,20,197.00,"3,940.00"
2019-04-28,2019042801015353,MLBL,32,25,40,196.00,"7,840.00"
2019-04-28,2019042801015138,MLBL,33,19,54,195.00,"10,530.00"
2019-04-28,2019042801015513,MNBBL,52,35,46,396.00,"18,216.00"
2019-04-28,2019042801015418,MNBBL,6,35,100,396.00,"39,600.00"
2019-04-28,2019042801015339,MNBBL,42,38,182,395.00,"71,890.00"
2019-04-28,2019042801015170,NABIL,21,49,20,874.00,"17,480.00"
2019-04-28,2019042801015169,NABIL,16,49,30,874.00,"26,220.00"
2019-04-28,2019042801015168,NABIL,45,49,100,875.00,"87,500.00"
2019-04-28,2019042801015157,NABIL,16,36,50,879.00,"43,950.00"
2019-04-28,2019042801015534,NADEP,35,38,10,539.00,"5,390.00"
2019-04-28,2019042801015416,NADEP,16,38,10,539.00,"5,390.00"
2019-04-28,2019042801015299,NADEP,16,32,11,549.00,"6,039.00"
2019-04-28,2019042801015180,NADEP,35,32,30,549.00,"16,470.00"
2019-04-28,2019042801015516,NBB,28,13,500,232.00,"116,000.00"
2019-04-28,2019042801015483,NBB,22,50,100,233.00,"23,300.00"
2019-04-28,2019042801015482,NBB,19,50,152,233.00,"35,416.00"
2019-04-28,2019042801015465,NBL,11,6,300,325.00,"97,500.00"
2019-04-28,2019042801015426,NBL,57,6,900,325.00,"292,500.00"
2019-04-28,2019042801015425,NBL,57,22,"1,000",325.00,"325,000.00"
2019-04-28,2019042801015424,NBL,57,57,"1,000",325.00,"325,000.00"
2019-04-28,2019042801015423,NBL,57,54,100,325.00,"32,500.00"
2019-04-28,2019042801015403,NBL,25,54,300,325.00,"97,500.00"
2019-04-28,2019042801015135,NBL,47,57,500,324.00,"162,000.00"
2019-04-28,2019042801015134,NBL,58,57,300,324.00,"97,200.00"
2019-04-28,2019042801015133,NBL,56,57,50,324.00,"16,200.00"
2019-04-28,2019042801015132,NBL,1,57,114,324.00,"36,936.00"
2019-04-28,2019042801015079,NBL,1,49,200,324.00,"64,800.00"
2019-04-28,2019042801015201,NBL,13,41,100,325.00,"32,500.00"
2019-04-28,2019042801015188,NBL,1,41,100,325.00,"32,500.00"
2019-04-28,2019042801015185,NBL,52,4,200,324.00,"64,800.00"
2019-04-28,2019042801015179,NBL,52,33,"2,000",324.00,"648,000.00"
2019-04-28,2019042801015161,NBL,52,47,50,324.00,"16,200.00"
2019-04-28,2019042801015136,NBL,52,57,36,324.00,"11,664.00"
2019-04-28,2019042801015402,NBL,25,41,"2,700",325.00,"877,500.00"
2019-04-28,2019042801015357,NBL,38,41,500,325.00,"162,500.00"
2019-04-28,2019042801015341,NBL,44,58,536,324.00,"173,664.00"
2019-04-28,2019042801015340,NBL,52,58,"2,464",324.00,"798,336.00"
2019-04-28,2019042801015278,NBL,57,41,"1,000",325.00,"325,000.00"
2019-04-28,2019042801015242,NBL,52,39,250,324.00,"81,000.00"
2019-04-28,2019042801015559,NCCB,44,43,35,241.00,"8,435.00"
2019-04-28,2019042801015523,NCCB,39,26,135,240.00,"32,400.00"
2019-04-28,2019042801015522,NCCB,17,26,200,241.00,"48,200.00"
2019-04-28,2019042801015521,NCCB,7,26,165,241.00,"39,765.00"
2019-04-28,2019042801015506,NCCB,7,58,835,241.00,"201,235.00"
2019-04-28,2019042801015505,NCCB,25,58,500,241.00,"120,500.00"
2019-04-28,2019042801015282,NCCB,44,50,85,241.00,"20,485.00"
2019-04-28,2019042801015222,NCCB,32,58,"1,200",242.00,"290,400.00"
2019-04-28,2019042801015221,NCCB,32,5,800,242.00,"193,600.00"
2019-04-28,2019042801015158,NCCB,44,7,150,241.00,"36,150.00"
2019-04-28,2019042801015504,NCCB,26,58,50,241.00,"12,050.00"
2019-04-28,2019042801015503,NCCB,32,58,"1,000",241.00,"241,000.00"
2019-04-28,2019042801015502,NCCB,48,58,500,241.00,"120,500.00"
2019-04-28,2019042801015501,NCCB,32,58,30,241.00,"7,230.00"
2019-04-28,2019042801015500,NCCB,32,58,"1,085",241.00,"261,485.00"
2019-04-28,2019042801015283,NCCB,32,50,915,241.00,"220,515.00"
2019-04-28,2019042801015337,NCDB,4,56,10,142.00,"1,420.00"
2019-04-28,2019042801015196,NHPC,19,4,200,72.00,"14,400.00"
2019-04-28,2019042801015472,NIB,43,45,50,583.00,"29,150.00"
2019-04-28,2019042801015460,NIB,43,53,584,583.00,"340,472.00"
2019-04-28,2019042801015459,NIB,52,53,416,583.00,"242,528.00"
2019-04-28,2019042801015386,NIB,52,40,69,583.00,"40,227.00"
2019-04-28,2019042801015318,NIB,11,33,450,585.00,"263,250.00"
2019-04-28,2019042801015126,NIB,16,33,27,585.00,"15,795.00"
2019-04-28,2019042801015102,NIB,52,32,15,583.00,"8,745.00"
2019-04-28,2019042801015152,NICA,58,41,132,502.00,"66,264.00"
2019-04-28,2019042801015100,NICA,58,45,494,502.00,"247,988.00"
2019-04-28,2019042801015547,NICL,6,45,100,433.00,"43,300.00"
2019-04-28,2019042801015218,NICL,14,45,100,430.00,"43,000.00"
2019-04-28,2019042801015217,NICL,35,45,300,430.00,"129,000.00"
2019-04-28,2019042801015275,NICL,41,44,90,433.00,"38,970.00"
2019-04-28,2019042801015251,NICL,47,44,50,433.00,"21,650.00"
2019-04-28,2019042801015220,NICL,42,45,"1,000",429.00,"429,000.00"
2019-04-28,2019042801015219,NICL,20,45,200,429.00,"85,800.00"
2019-04-28,2019042801015277,NICL,41,14,30,433.00,"12,990.00"
2019-04-28,2019042801015276,NICL,41,34,200,433.00,"86,600.00"
2019-04-28,2019042801015409,NICL,21,45,100,433.00,"43,300.00"
2019-04-28,2019042801015575,NIL,5,58,50,558.00,"27,900.00"
2019-04-28,2019042801015512,NIL,28,38,40,557.00,"22,280.00"
2019-04-28,2019042801015511,NIL,37,38,460,557.00,"256,220.00"
2019-04-28,2019042801015476,NIL,37,38,40,557.00,"22,280.00"
2019-04-28,2019042801015388,NIL,37,38,360,557.00,"200,520.00"
2019-04-28,2019042801015359,NIL,21,38,100,557.00,"55,700.00"
2019-04-28,2019042801015214,NIL,37,55,200,554.00,"110,800.00"
2019-04-28,2019042801015213,NIL,57,55,200,555.00,"111,000.00"
2019-04-28,2019042801015212,NIL,6,55,25,555.00,"13,875.00"
2019-04-28,2019042801015121,NIL,39,58,100,558.00,"55,800.00"
2019-04-28,2019042801015109,NIL,6,32,25,555.00,"13,875.00"
2019-04-28,2019042801015345,NIL,37,6,140,556.00,"77,840.00"
2019-04-28,2019042801015326,NIL,36,48,360,555.00,"199,800.00"
2019-04-28,2019042801015325,NIL,6,48,140,556.00,"77,840.00"
2019-04-28,2019042801015301,NIL,36,48,450,555.00,"249,750.00"
2019-04-28,2019042801015300,NIL,52,48,50,556.00,"27,800.00"
2019-04-28,2019042801015215,NIL,35,55,575,554.00,"318,550.00"
2019-04-28,2019042801015554,NMB,19,6,181,390.00,"70,590.00"
2019-04-28,2019042801015474,NMB,19,33,15,390.00,"5,850.00"
2019-04-28,2019042801015473,NMB,19,58,104,390.00,"40,560.00"
2019-04-28,2019042801015452,NMB,4,58,254,390.00,"99,060.00"
2019-04-28,2019042801015362,NMB,4,55,246,390.00,"95,940.00"
2019-04-28,2019042801015331,NMB,55,51,50,389.00,"19,450.00"
2019-04-28,2019042801015092,NMB,32,32,8,390.00,"3,120.00"
2019-04-28,2019042801015229,NMB,53,58,500,390.00,"195,000.00"
2019-04-28,2019042801015228,NMB,49,58,559,390.00,"218,010.00"
2019-04-28,2019042801015153,NMB,57,58,40,391.00,"15,640.00"
2019-04-28,2019042801015114,NMB,49,58,441,390.00,"171,990.00"
2019-04-28,2019042801015113,NMB,38,58,500,390.00,"195,000.00"
2019-04-28,2019042801015112,NMB,49,58,59,390.00,"23,010.00"
2019-04-28,2019042801015235,NMB,38,58,30,390.00,"11,700.00"
2019-04-28,2019042801015234,NMB,20,58,100,390.00,"39,000.00"
2019-04-28,2019042801015233,NMB,1,58,100,390.00,"39,000.00"
2019-04-28,2019042801015232,NMB,43,58,200,390.00,"78,000.00"
2019-04-28,2019042801015231,NMB,17,58,100,390.00,"39,000.00"
2019-04-28,2019042801015230,NMB,42,58,500,390.00,"195,000.00"
2019-04-28,2019042801015270,NMB,39,55,100,390.00,"39,000.00"
2019-04-28,2019042801015269,NMB,1,55,154,390.00,"60,060.00"
2019-04-28,2019042801015239,NMB,1,58,46,390.00,"17,940.00"
2019-04-28,2019042801015238,NMB,51,58,500,390.00,"195,000.00"
2019-04-28,2019042801015237,NMB,21,58,30,390.00,"11,700.00"
2019-04-28,2019042801015236,NMB,57,58,100,390.00,"39,000.00"
2019-04-28,2019042801015563,NTC,25,6,25,700.00,"17,500.00"
2019-04-28,2019042801015562,NTC,19,6,100,700.00,"70,000.00"
2019-04-28,2019042801015338,NUBL,21,48,100,900.00,"90,000.00"
2019-04-28,2019042801015334,PCBL,47,45,150,361.00,"54,150.00"
2019-04-28,2019042801015356,PIC,45,45,500,"1,115.00","557,500.00"
2019-04-28,2019042801015508,PICL,5,32,10,777.00,"7,770.00"
2019-04-28,2019042801015441,PICL,49,32,10,777.00,"7,770.00"
2019-04-28,2019042801015127,PICL,7,32,24,764.00,"18,336.00"
2019-04-28,2019042801015106,PICL,7,25,250,764.00,"191,000.00"
2019-04-28,2019042801015433,PMHPL,16,38,10,111.00,"1,110.00"
2019-04-28,2019042801015352,PMHPL,16,34,10,111.00,"1,110.00"
2019-04-28,2019042801015351,PMHPL,16,16,10,111.00,"1,110.00"
2019-04-28,2019042801015350,PMHPL,16,39,10,111.00,"1,110.00"
2019-04-28,2019042801015349,PMHPL,16,56,10,111.00,"1,110.00"
2019-04-28,2019042801015348,PMHPL,16,39,10,111.00,"1,110.00"
2019-04-28,2019042801015546,PRIN,42,51,500,460.00,"230,000.00"
2019-04-28,2019042801015335,PRIN,21,51,15,460.00,"6,900.00"
2019-04-28,2019042801015316,PRIN,41,51,57,460.00,"26,220.00"
2019-04-28,2019042801015315,PRIN,41,48,43,460.00,"19,780.00"
2019-04-28,2019042801015298,PRIN,41,48,40,460.00,"18,400.00"
2019-04-28,2019042801015250,PRIN,58,48,40,460.00,"18,400.00"
2019-04-28,2019042801015194,PRIN,46,56,122,457.00,"55,754.00"
2019-04-28,2019042801015572,PRVU,36,36,84,292.00,"24,528.00"
2019-04-28,2019042801015571,PRVU,36,25,16,291.00,"4,656.00"
2019-04-28,2019042801015550,PRVU,42,25,984,291.00,"286,344.00"
2019-04-28,2019042801015524,PRVU,42,33,16,291.00,"4,656.00"
2019-04-28,2019042801015285,PRVU,54,29,"1,447",290.00,"419,630.00"
2019-04-28,2019042801015284,PRVU,54,17,598,290.00,"173,420.00"
2019-04-28,2019042801015202,RMDC,58,22,49,638.00,"31,262.00"
2019-04-28,2019042801015119,RMDC,58,22,51,638.00,"32,538.00"
2019-04-28,2019042801015108,RMDC,58,59,322,638.00,"205,436.00"
2019-04-28,2019042801015091,RMDC,58,19,150,638.00,"95,700.00"
2019-04-28,2019042801015090,RMDC,58,59,200,638.00,"127,600.00"
2019-04-28,2019042801015089,RMDC,58,38,55,638.00,"35,090.00"
2019-04-28,2019042801015088,RMDC,58,8,71,638.00,"45,298.00"
2019-04-28,2019042801015087,RMDC,58,21,100,637.00,"63,700.00"
2019-04-28,2019042801015086,RMDC,58,59,51,636.00,"32,436.00"
2019-04-28,2019042801015308,RSDC,26,51,63,409.00,"25,767.00"
2019-04-28,2019042801015216,RSDC,17,17,1,403.00,403.00
2019-04-28,2019042801015166,RSDC,17,17,1,403.00,403.00
2019-04-28,2019042801015528,SANIMA,47,42,63,358.00,"22,554.00"
2019-04-28,2019042801015527,SANIMA,34,42,300,358.00,"107,400.00"
2019-04-28,2019042801015526,SANIMA,22,42,137,359.00,"49,183.00"
2019-04-28,2019042801015492,SANIMA,22,47,100,359.00,"35,900.00"
2019-04-28,2019042801015491,SANIMA,22,44,263,359.00,"94,417.00"
2019-04-28,2019042801015463,SANIMA,22,44,237,359.00,"85,083.00"
2019-04-28,2019042801015462,SANIMA,22,39,163,359.00,"58,517.00"
2019-04-28,2019042801015305,SANIMA,22,39,100,359.00,"35,900.00"
2019-04-28,2019042801015453,SBBLJ,29,50,500,203.00,"101,500.00"
2019-04-28,2019042801015321,SBI,26,7,12,501.00,"6,012.00"
2019-04-28,2019042801015085,SBI,48,51,100,500.00,"50,000.00"
2019-04-28,2019042801015440,SBL,41,52,70,346.00,"24,220.00"
2019-04-28,2019042801015411,SBL,39,52,150,346.00,"51,900.00"
2019-04-28,2019042801015342,SBL,26,32,569,345.00,"196,305.00"
2019-04-28,2019042801015336,SBL,26,41,810,345.00,"279,450.00"
2019-04-28,2019042801015195,SBL,40,52,200,346.00,"69,200.00"
2019-04-28,2019042801015443,SCB,44,51,239,723.00,"172,797.00"
2019-04-28,2019042801015442,SCB,5,51,261,724.00,"188,964.00"
2019-04-28,2019042801015401,SCB,21,57,20,727.00,"14,540.00"
2019-04-28,2019042801015400,SCB,42,57,170,727.00,"123,590.00"
2019-04-28,2019042801015399,SCB,39,57,82,728.00,"59,696.00"
2019-04-28,2019042801015333,SCB,39,44,118,728.00,"85,904.00"
2019-04-28,2019042801015246,SCB,28,22,100,728.00,"72,800.00"
2019-04-28,2019042801015082,SCB,42,28,30,727.00,"21,810.00"
2019-04-28,2019042801015404,SEF,51,44,"5,000",9.90,"49,500.00"
2019-04-28,2019042801015393,SHINE,6,57,100,252.00,"25,200.00"
2019-04-28,2019042801015392,SHINE,41,57,138,252.00,"34,776.00"
2019-04-28,2019042801015373,SHINE,41,45,70,254.00,"17,780.00"
2019-04-28,2019042801015361,SHIVM,35,16,300,322.00,"96,600.00"
2019-04-28,2019042801015253,SHIVM,35,19,50,322.00,"16,100.00"
2019-04-28,2019042801015172,SHL,39,28,500,236.00,"118,000.00"
2019-04-28,2019042801015171,SHL,39,32,500,235.00,"117,500.00"
2019-04-28,2019042801015570,SHPC,28,34,20,247.00,"4,940.00"
2019-04-28,2019042801015469,SHPC,11,49,44,244.00,"10,736.00"
2019-04-28,2019042801015355,SIC,58,11,70,"1,401.00","98,070.00"
2019-04-28,2019042801015525,SIL,42,53,50,661.00,"33,050.00"
2019-04-28,2019042801015533,SINDU,42,29,200,136.00,"27,200.00"
2019-04-28,2019042801015532,SINDU,42,16,100,135.00,"13,500.00"
2019-04-28,2019042801015499,SINDU,42,57,100,134.00,"13,400.00"
2019-04-28,2019042801015498,SINDU,42,43,300,133.00,"39,900.00"
2019-04-28,2019042801015497,SINDU,42,43,228,132.00,"30,096.00"
2019-04-28,2019042801015568,SKBBL,16,53,200,"1,040.00","208,000.00"
2019-04-28,2019042801015490,SKBBL,21,43,10,"1,043.00","10,430.00"
2019-04-28,2019042801015211,SKBBL,16,32,52,"1,040.00","54,080.00"
2019-04-28,2019042801015147,SKBBL,16,32,20,"1,040.00","20,800.00"
2019-04-28,2019042801015076,SKBBL,16,45,82,"1,040.00","85,280.00"
2019-04-28,2019042801015395,SLBS,26,59,60,965.00,"57,900.00"
2019-04-28,2019042801015252,SLBS,26,51,40,965.00,"38,600.00"
2019-04-28,2019042801015430,SLBSL,33,34,10,664.00,"6,640.00"
2019-04-28,2019042801015431,SLBSL,33,59,20,664.00,"13,280.00"
2019-04-28,2019042801015387,SLICL,5,45,"1,020",603.00,"615,060.00"
2019-04-28,2019042801015375,SLICL,34,45,200,603.00,"120,600.00"
2019-04-28,2019042801015344,SLICL,5,45,100,603.00,"60,300.00"
2019-04-28,2019042801015320,SLICL,8,45,100,603.00,"60,300.00"
2019-04-28,2019042801015319,SLICL,29,45,500,603.00,"301,500.00"
2019-04-28,2019042801015306,SLICL,34,28,490,602.00,"294,980.00"
2019-04-28,2019042801015095,SLICL,6,45,300,603.00,"180,900.00"
2019-04-28,2019042801015094,SLICL,22,45,500,603.00,"301,500.00"
2019-04-28,2019042801015093,SLICL,6,45,50,603.00,"30,150.00"
2019-04-28,2019042801015187,SLICL,37,28,200,601.00,"120,200.00"
2019-04-28,2019042801015175,SLICL,10,45,80,603.00,"48,240.00"
2019-04-28,2019042801015099,SLICL,38,45,50,603.00,"30,150.00"
2019-04-28,2019042801015098,SLICL,5,45,100,603.00,"60,300.00"
2019-04-28,2019042801015097,SLICL,5,45,200,603.00,"120,600.00"
2019-04-28,2019042801015096,SLICL,34,45,300,603.00,"180,900.00"
2019-04-28,2019042801015531,SMATA,41,17,10,"1,269.00","12,690.00"
2019-04-28,2019042801015456,SRBL,52,44,800,263.00,"210,400.00"
2019-04-28,2019042801015360,SRBL,52,45,200,263.00,"52,600.00"
2019-04-28,2019042801015193,SRBL,37,29,234,262.00,"61,308.00"
2019-04-28,2019042801015192,SRBL,19,29,200,262.00,"52,400.00"
2019-04-28,2019042801015191,SRBL,28,29,500,262.00,"131,000.00"
2019-04-28,2019042801015190,SRBL,50,29,66,263.00,"17,358.00"
2019-04-28,2019042801015137,SWBBL,49,51,10,960.00,"9,600.00"
2019-04-28,2019042801015176,UIC,33,38,200,"1,016.00","203,200.00"
2019-04-28,2019042801015150,UIC,42,48,40,"1,015.00","40,600.00"
2019-04-28,2019042801015149,UIC,42,33,20,"1,014.00","20,280.00"
2019-04-28,2019042801015148,UIC,42,44,50,"1,014.00","50,700.00"
2019-04-28,2019042801015553,UPCL,56,54,10,96.00,960.00
2019-04-28,2019042801015552,UPCL,56,54,10,95.00,950.00
2019-04-28,2019042801015551,UPCL,56,54,10,95.00,950.00
2019-04-28,2019042801015555,UPPER,19,38,40,234.00,"9,360.00"
2019-04-28,2019042801015477,UPPER,19,54,40,234.00,"9,360.00"
2019-04-28,2019042801015410,UPPER,19,36,50,234.00,"11,700.00"
2019-04-28,2019042801015240,UPPER,22,19,10,234.00,"2,340.00"
2019-04-28,2019042801015159,UPPER,22,32,40,234.00,"9,360.00"
2019-04-28,2019042801015146,UPPER,22,34,50,234.00,"11,700.00"
2019-04-28,2019042801015346,UPPER,19,36,50,234.00,"11,700.00"
2019-04-28,2019042801015322,UPPER,19,45,500,234.00,"117,000.00"
2019-04-28,2019042801015281,UPPER,33,25,460,235.00,"108,100.00"
2019-04-28,2019042801015280,UPPER,33,6,40,235.00,"9,400.00"
2019-04-28,2019042801015241,UPPER,33,19,60,233.00,"13,980.00"
2019-04-28,2019042801015558,VLBS,22,14,15,638.00,"9,570.00"
2019-04-28,2019042801015557,VLBS,22,14,15,638.00,"9,570.00"
2019-04-28,2019042801015556,VLBS,22,14,15,638.00,"9,570.00"
2019-04-28,2019042801014754,ADBL,49,59,100,391.00,"39,100.00"
2019-04-28,2019042801014583,ADBL,49,14,459,391.00,"179,469.00"
2019-04-28,2019042801014582,ADBL,6,14,41,392.00,"16,072.00"
2019-04-28,2019042801014576,ADBL,6,35,24,392.00,"9,408.00"
2019-04-28,2019042801014593,AHPC,13,17,100,104.00,"10,400.00"
2019-04-28,2019042801015007,ALBSL,8,49,10,486.00,"4,860.00"
2019-04-28,2019042801014934,ALBSL,59,17,10,488.00,"4,880.00"
2019-04-28,2019042801014834,ALBSL,1,52,10,485.00,"4,850.00"
2019-04-28,2019042801014767,ALBSL,1,39,10,485.00,"4,850.00"
2019-04-28,2019042801014761,ALBSL,1,52,30,485.00,"14,550.00"
2019-04-28,2019042801014751,ALBSL,1,39,10,485.00,"4,850.00"
2019-04-28,2019042801014642,ALBSL,39,39,10,491.00,"4,910.00"
2019-04-28,2019042801014632,ALBSL,39,39,10,491.00,"4,910.00"
2019-04-28,2019042801014595,ALBSL,1,16,10,490.00,"4,900.00"
2019-04-28,2019042801014728,ALBSL,1,39,10,485.00,"4,850.00"
2019-04-28,2019042801014710,ALBSL,1,33,10,485.00,"4,850.00"
2019-04-28,2019042801014707,ALBSL,1,39,10,485.00,"4,850.00"
2019-04-28,2019042801014695,ALBSL,39,52,70,491.00,"34,370.00"
2019-04-28,2019042801014687,ALBSL,39,33,10,491.00,"4,910.00"
2019-04-28,2019042801014649,ALBSL,39,13,10,491.00,"4,910.00"
2019-04-28,2019042801015044,API,38,39,81,135.00,"10,935.00"
2019-04-28,2019042801014849,API,19,39,500,135.00,"67,500.00"
2019-04-28,2019042801015075,BOKL,55,47,200,291.00,"58,200.00"
2019-04-28,2019042801015014,BOKL,39,47,250,291.00,"72,750.00"
2019-04-28,2019042801014847,BOKL,39,13,48,290.00,"13,920.00"
2019-04-28,2019042801014821,BOKL,54,47,20,291.00,"5,820.00"
2019-04-28,2019042801014768,BOKL,39,14,84,290.00,"24,360.00"
2019-04-28,2019042801014755,BOKL,26,47,204,291.00,"59,364.00"
2019-04-28,2019042801014591,BOKL,22,47,500,291.00,"145,500.00"
2019-04-28,2019042801015040,BPCL,16,59,22,380.00,"8,360.00"
2019-04-28,2019042801015073,CBBL,16,25,50,"1,107.00","55,350.00"
2019-04-28,2019042801015072,CBBL,6,25,100,"1,108.00","110,800.00"
2019-04-28,2019042801015068,CBBL,34,52,110,"1,109.00","121,990.00"
2019-04-28,2019042801015047,CBBL,21,5,200,"1,110.00","222,000.00"
2019-04-28,2019042801014621,CBBL,54,53,325,"1,104.00","358,800.00"
2019-04-28,2019042801014620,CBBL,54,6,20,"1,102.00","22,040.00"
2019-04-28,2019042801014776,CBBL,5,43,40,"1,108.00","44,320.00"
2019-04-28,2019042801014717,CBBL,44,11,100,"1,105.00","110,500.00"
2019-04-28,2019042801014716,CBBL,44,17,20,"1,105.00","22,100.00"
2019-04-28,2019042801014715,CBBL,44,42,"1,491","1,105.00","1,647,555.00"
2019-04-28,2019042801014709,CBBL,49,42,100,"1,105.00","110,500.00"
2019-04-28,2019042801014686,CBBL,49,42,100,"1,105.00","110,500.00"
2019-04-28,2019042801014811,CBBL,16,29,50,"1,108.00","55,400.00"
2019-04-28,2019042801014806,CBBL,16,57,149,"1,110.00","165,390.00"
2019-04-28,2019042801014805,CBBL,16,42,50,"1,109.00","55,450.00"
2019-04-28,2019042801014804,CBBL,16,29,100,"1,108.00","110,800.00"
2019-04-28,2019042801014801,CBBL,22,32,350,"1,106.00","387,100.00"
2019-04-28,2019042801014797,CBBL,6,16,100,"1,106.00","110,600.00"
2019-04-28,2019042801014918,CBBL,34,8,30,"1,109.00","33,270.00"
2019-04-28,2019042801014886,CBBL,55,29,200,"1,106.00","221,200.00"
2019-04-28,2019042801014871,CBBL,10,29,200,"1,106.00","221,200.00"
2019-04-28,2019042801014812,CBBL,22,29,50,"1,106.00","55,300.00"
2019-04-28,2019042801014924,CBBL,44,53,430,"1,110.00","477,300.00"
2019-04-28,2019042801014923,CBBL,44,33,270,"1,110.00","299,700.00"
2019-04-28,2019042801014922,CBBL,44,49,20,"1,110.00","22,200.00"
2019-04-28,2019042801014921,CBBL,44,45,170,"1,110.00","188,700.00"
2019-04-28,2019042801014920,CBBL,44,5,100,"1,109.00","110,900.00"
2019-04-28,2019042801014919,CBBL,44,8,10,"1,109.00","11,090.00"
2019-04-28,2019042801015001,CBBL,54,54,455,"1,114.00","506,870.00"
2019-04-28,2019042801015000,CBBL,54,32,80,"1,114.00","89,120.00"
2019-04-28,2019042801014999,CBBL,54,32,50,"1,113.00","55,650.00"
2019-04-28,2019042801014945,CBBL,54,53,70,"1,110.00","77,700.00"
2019-04-28,2019042801014982,CBL,33,47,"1,879",158.00,"296,882.00"
2019-04-28,2019042801014981,CBL,11,47,221,158.00,"34,918.00"
2019-04-28,2019042801015066,CCBL,50,32,100,176.00,"17,600.00"
2019-04-28,2019042801015020,CCBL,1,45,150,177.00,"26,550.00"
2019-04-28,2019042801015019,CCBL,1,6,799,177.00,"141,423.00"
2019-04-28,2019042801014723,CCBL,50,22,100,176.00,"17,600.00"
2019-04-28,2019042801014699,CCBL,1,6,100,177.00,"17,700.00"
2019-04-28,2019042801014648,CCBL,50,32,50,176.00,"8,800.00"
2019-04-28,2019042801014997,CHCL,43,50,12,550.00,"6,600.00"
2019-04-28,2019042801014996,CHCL,43,26,250,550.00,"137,500.00"
2019-04-28,2019042801014948,CHCL,43,26,450,550.00,"247,500.00"
2019-04-28,2019042801014947,CHCL,43,52,50,549.00,"27,450.00"
2019-04-28,2019042801014684,CHCL,28,49,200,550.00,"110,000.00"
2019-04-28,2019042801014683,CHCL,28,39,20,550.00,"11,000.00"
2019-04-28,2019042801014697,CHLBS,16,49,190,509.00,"96,710.00"
2019-04-28,2019042801014665,CHLBS,16,19,10,500.00,"5,000.00"
2019-04-28,2019042801014691,CIT,49,52,30,"2,550.00","76,500.00"
2019-04-28,2019042801014898,CZBIL,49,54,161,228.00,"36,708.00"
2019-04-28,2019042801014897,CZBIL,52,54,410,228.00,"93,480.00"
2019-04-28,2019042801014896,CZBIL,38,54,300,228.00,"68,400.00"
2019-04-28,2019042801014895,CZBIL,52,54,500,228.00,"114,000.00"
2019-04-28,2019042801014894,CZBIL,52,54,153,229.00,"35,037.00"
2019-04-28,2019042801014893,CZBIL,6,54,100,229.00,"22,900.00"
2019-04-28,2019042801014892,CZBIL,43,54,435,229.00,"99,615.00"
2019-04-28,2019042801014844,CZBIL,43,19,65,229.00,"14,885.00"
2019-04-28,2019042801014766,CZBIL,1,7,494,229.00,"113,126.00"
2019-04-28,2019042801014765,CZBIL,42,7,150,229.00,"34,350.00"
2019-04-28,2019042801014764,CZBIL,35,7,359,229.00,"82,211.00"
2019-04-28,2019042801014737,CZBIL,35,22,100,229.00,"22,900.00"
2019-04-28,2019042801014711,DBBL,38,22,200,136.00,"27,200.00"
2019-04-28,2019042801015065,DDBL,44,34,"2,000",735.00,"1,470,000.00"
2019-04-28,2019042801014752,DDBL,1,7,100,730.00,"73,000.00"
2019-04-28,2019042801014639,DDBL,25,34,10,730.00,"7,300.00"
2019-04-28,2019042801014916,EBL,6,50,10,673.00,"6,730.00"
2019-04-28,2019042801014829,EBL,28,14,39,670.00,"26,130.00"
2019-04-28,2019042801014828,EBL,32,14,112,670.00,"75,040.00"
2019-04-28,2019042801014827,EBL,52,14,100,671.00,"67,100.00"
2019-04-28,2019042801014826,EBL,6,14,199,672.00,"133,728.00"
2019-04-28,2019042801014825,EBL,45,14,50,673.00,"33,650.00"
2019-04-28,2019042801015069,EIC,26,32,100,514.00,"51,400.00"
2019-04-28,2019042801015034,EIC,42,32,200,514.00,"102,800.00"
2019-04-28,2019042801014819,EIC,42,7,269,514.00,"138,266.00"
2019-04-28,2019042801014818,EIC,42,32,300,513.00,"153,900.00"
2019-04-28,2019042801014817,EIC,42,32,300,512.00,"153,600.00"
2019-04-28,2019042801014816,EIC,42,32,30,512.00,"15,360.00"
2019-04-28,2019042801014815,EIC,42,51,100,512.00,"51,200.00"
2019-04-28,2019042801014796,EIC,41,32,100,511.00,"51,100.00"
2019-04-28,2019042801014795,EIC,41,11,18,511.00,"9,198.00"
2019-04-28,2019042801014915,FMDBL,56,48,500,421.00,"210,500.00"
2019-04-28,2019042801014870,FMDBL,56,43,81,420.00,"34,020.00"
2019-04-28,2019042801014869,FMDBL,56,53,100,420.00,"42,000.00"
2019-04-28,2019042801014868,FMDBL,56,39,50,420.00,"21,000.00"
2019-04-28,2019042801014867,FMDBL,56,36,100,420.00,"42,000.00"
2019-04-28,2019042801014866,FMDBL,56,22,100,418.00,"41,800.00"
2019-04-28,2019042801014584,FMDBL,56,49,10,410.00,"4,100.00"
2019-04-28,2019042801014630,FMDBL,56,45,170,413.00,"70,210.00"
2019-04-28,2019042801014629,FMDBL,56,32,500,413.00,"206,500.00"
2019-04-28,2019042801014628,FMDBL,56,43,968,412.00,"398,816.00"
2019-04-28,2019042801014604,FMDBL,56,43,32,412.00,"13,184.00"
2019-04-28,2019042801014603,FMDBL,56,43,168,412.00,"69,216.00"
2019-04-28,2019042801014585,FMDBL,56,41,200,411.00,"82,200.00"
2019-04-28,2019042801014837,FMDBL,56,48,286,414.00,"118,404.00"
2019-04-28,2019042801014836,FMDBL,56,17,100,413.00,"41,300.00"
2019-04-28,2019042801014823,FMDBL,56,1,400,412.00,"164,800.00"
2019-04-28,2019042801014822,FMDBL,19,1,100,412.00,"41,200.00"
2019-04-28,2019042801014700,FMDBL,38,45,50,409.00,"20,450.00"
2019-04-28,2019042801014631,FMDBL,56,19,80,413.00,"33,040.00"
2019-04-28,2019042801014853,FMDBL,56,34,500,415.00,"207,500.00"
2019-04-28,2019042801014852,FMDBL,56,6,100,415.00,"41,500.00"
2019-04-28,2019042801014851,FMDBL,56,19,"1,000",415.00,"415,000.00"
2019-04-28,2019042801014850,FMDBL,56,41,286,415.00,"118,690.00"
2019-04-28,2019042801014839,FMDBL,56,41,114,415.00,"47,310.00"
2019-04-28,2019042801014838,FMDBL,56,17,500,414.00,"207,000.00"
2019-04-28,2019042801014859,FMDBL,56,17,200,416.00,"83,200.00"
2019-04-28,2019042801014858,FMDBL,56,41,96,415.00,"39,840.00"
2019-04-28,2019042801014857,FMDBL,56,37,500,415.00,"207,500.00"
2019-04-28,2019042801014856,FMDBL,56,19,335,415.00,"139,025.00"
2019-04-28,2019042801014855,FMDBL,56,36,200,415.00,"83,000.00"
2019-04-28,2019042801014854,FMDBL,56,35,400,415.00,"166,000.00"
2019-04-28,2019042801014865,FMDBL,56,59,300,418.00,"125,400.00"
2019-04-28,2019042801014864,FMDBL,56,48,50,418.00,"20,900.00"
2019-04-28,2019042801014863,FMDBL,56,22,500,418.00,"209,000.00"
2019-04-28,2019042801014862,FMDBL,56,45,155,416.00,"64,480.00"
2019-04-28,2019042801014861,FMDBL,56,42,170,416.00,"70,720.00"
2019-04-28,2019042801014860,FMDBL,56,34,300,416.00,"124,800.00"
2019-04-28,2019042801014746,FOWAD,5,56,100,"1,623.00","162,300.00"
2019-04-28,2019042801014735,FOWAD,5,19,100,"1,621.00","162,100.00"
2019-04-28,2019042801014734,FOWAD,5,57,50,"1,621.00","81,050.00"
2019-04-28,2019042801014733,FOWAD,5,20,140,"1,620.00","226,800.00"
2019-04-28,2019042801014732,FOWAD,5,56,100,"1,619.00","161,900.00"
2019-04-28,2019042801014731,FOWAD,5,50,10,"1,610.00","16,100.00"
2019-04-28,2019042801015027,GBBL,39,42,47,217.00,"10,199.00"
2019-04-28,2019042801014988,GBBL,39,33,15,216.00,"3,240.00"
2019-04-28,2019042801014987,GBBL,39,42,328,216.00,"70,848.00"
2019-04-28,2019042801014791,GBBL,5,25,482,215.00,"103,630.00"
2019-04-28,2019042801014790,GBBL,51,25,100,215.00,"21,500.00"
2019-04-28,2019042801014789,GBBL,58,25,50,215.00,"10,750.00"
2019-04-28,2019042801014701,GBIME,21,55,193,315.00,"60,795.00"
2019-04-28,2019042801014640,GBIME,34,55,100,313.00,"31,300.00"
2019-04-28,2019042801014624,GBIME,55,55,"1,690",313.00,"528,970.00"
2019-04-28,2019042801014618,GBIME,55,49,310,313.00,"97,030.00"
2019-04-28,2019042801014617,GBIME,42,49,500,313.00,"156,500.00"
2019-04-28,2019042801014616,GBIME,22,49,50,313.00,"15,650.00"
2019-04-28,2019042801014577,GBIME,8,55,500,314.00,"157,000.00"
2019-04-28,2019042801014615,GBIME,52,49,100,313.00,"31,300.00"
2019-04-28,2019042801014614,GBIME,35,49,200,313.00,"62,600.00"
2019-04-28,2019042801014581,GBIME,32,55,300,314.00,"94,200.00"
2019-04-28,2019042801014580,GBIME,16,55,500,314.00,"157,000.00"
2019-04-28,2019042801014579,GBIME,29,55,"2,000",314.00,"628,000.00"
2019-04-28,2019042801014578,GBIME,33,55,500,314.00,"157,000.00"
2019-04-28,2019042801014786,GBLBS,7,36,110,372.00,"40,920.00"
2019-04-28,2019042801014705,GBLBS,7,32,210,372.00,"78,120.00"
2019-04-28,2019042801014693,GBLBS,7,52,10,370.00,"3,700.00"
2019-04-28,2019042801014682,GBLBS,16,52,50,370.00,"18,500.00"
2019-04-28,2019042801014681,GBLBS,16,5,50,370.00,"18,500.00"
2019-04-28,2019042801014612,GILB,16,16,2,"1,200.00","2,400.00"
2019-04-28,2019042801014814,GIMES1,42,32,"5,000",9.40,"47,000.00"
2019-04-28,2019042801014813,GIMES1,42,32,"4,900",9.35,"45,815.00"
2019-04-28,2019042801014669,GLICL,41,52,100,597.00,"59,700.00"
2019-04-28,2019042801014668,GLICL,8,52,100,597.00,"59,700.00"
2019-04-28,2019042801014690,GUFL,11,32,300,114.00,"34,200.00"
2019-04-28,2019042801014689,GUFL,45,32,480,114.00,"54,720.00"
2019-04-28,2019042801014667,GUFL,45,32,100,114.00,"11,400.00"
2019-04-28,2019042801015043,HGI,25,49,20,429.00,"8,580.00"
2019-04-28,2019042801014887,HGI,46,22,250,429.00,"107,250.00"
2019-04-28,2019042801014843,HGI,37,45,80,425.00,"34,000.00"
2019-04-28,2019042801014842,HGI,22,45,100,426.00,"42,600.00"
2019-04-28,2019042801014841,HGI,25,45,20,426.00,"8,520.00"
2019-04-28,2019042801015015,HIDCL,5,32,25,141.00,"3,525.00"
2019-04-28,2019042801014756,JBBL,58,22,100,144.00,"14,400.00"
2019-04-28,2019042801014643,JBBL,58,51,456,144.00,"65,664.00"
2019-04-28,2019042801015061,JBNL,44,25,502,202.00,"101,404.00"
2019-04-28,2019042801014875,JBNL,49,53,150,204.00,"30,600.00"
2019-04-28,2019042801014777,JBNL,44,26,200,202.00,"40,400.00"
2019-04-28,2019042801014775,JBNL,44,50,"1,300",202.00,"262,600.00"
2019-04-28,2019042801015063,KBBL,47,17,85,235.00,"19,975.00"
2019-04-28,2019042801014936,KBBL,42,17,489,232.00,"113,448.00"
2019-04-28,2019042801014935,KBBL,47,17,44,235.00,"10,340.00"
2019-04-28,2019042801015033,KBL,59,49,500,229.00,"114,500.00"
2019-04-28,2019042801015032,KPCL,21,26,10,89.00,890.00
2019-04-28,2019042801014941,KPCL,21,26,10,89.00,890.00
2019-04-28,2019042801015024,LBBL,54,50,"2,900",203.00,"588,700.00"
2019-04-28,2019042801014906,LBBL,45,50,200,204.00,"40,800.00"
2019-04-28,2019042801014885,LBBL,54,51,"2,000",203.00,"406,000.00"
2019-04-28,2019042801014848,LBBL,54,16,100,203.00,"20,300.00"
2019-04-28,2019042801014784,LBBL,56,50,20,204.00,"4,080.00"
2019-04-28,2019042801014753,LBBL,28,50,371,204.00,"75,684.00"
2019-04-28,2019042801014608,LBBL,28,48,100,204.00,"20,400.00"
2019-04-28,2019042801014727,LBBL,28,20,629,204.00,"128,316.00"
2019-04-28,2019042801014726,LBBL,26,20,20,204.00,"4,080.00"
2019-04-28,2019042801014725,LBBL,39,20,251,204.00,"51,204.00"
2019-04-28,2019042801014706,LBBL,39,32,149,204.00,"30,396.00"
2019-04-28,2019042801014626,LBBL,39,49,600,204.00,"122,400.00"
2019-04-28,2019042801014625,LBBL,28,49,400,204.00,"81,600.00"
2019-04-28,2019042801015049,LBL,16,28,10,234.00,"2,340.00"
2019-04-28,2019042801014889,LBL,54,28,20,234.00,"4,680.00"
2019-04-28,2019042801014736,LBL,29,14,195,233.00,"45,435.00"
2019-04-28,2019042801014720,LBL,1,28,150,234.00,"35,100.00"
2019-04-28,2019042801014946,LGIL,37,21,100,554.00,"55,400.00"
2019-04-28,2019042801014794,LGIL,22,48,25,558.00,"13,950.00"
2019-04-28,2019042801014719,LGIL,22,32,25,554.00,"13,850.00"
2019-04-28,2019042801014650,LGIL,22,6,100,554.00,"55,400.00"
2019-04-28,2019042801014740,MBL,43,32,50,268.00,"13,400.00"
2019-04-28,2019042801014824,MDB,56,16,20,270.00,"5,400.00"
2019-04-28,2019042801014619,MDB,22,25,54,269.00,"14,526.00"
2019-04-28,2019042801015046,MEGA,49,29,200,192.00,"38,400.00"
2019-04-28,2019042801015035,MEGA,11,29,"1,000",192.00,"192,000.00"
2019-04-28,2019042801014998,MEGA,1,29,150,192.00,"28,800.00"
2019-04-28,2019042801014976,MEGA,32,14,400,191.00,"76,400.00"
2019-04-28,2019042801014974,MEGA,44,29,260,192.00,"49,920.00"
2019-04-28,2019042801014973,MEGA,44,42,26,192.00,"4,992.00"
2019-04-28,2019042801014972,MEGA,44,35,714,192.00,"137,088.00"
2019-04-28,2019042801014950,MEGA,1,35,150,192.00,"28,800.00"
2019-04-28,2019042801014914,MEGA,54,35,20,192.00,"3,840.00"
2019-04-28,2019042801014675,MEGA,28,35,116,192.00,"22,272.00"
2019-04-28,2019042801014641,MEGA,28,34,84,192.00,"16,128.00"
2019-04-28,2019042801014787,MERO,22,33,27,650.00,"17,550.00"
2019-04-28,2019042801014718,MERO,22,11,25,660.00,"16,500.00"
2019-04-28,2019042801014644,MLBBL,1,51,57,492.00,"28,044.00"
2019-04-28,2019042801014694,MMFDB,17,51,39,987.00,"38,493.00"
2019-04-28,2019042801014594,MSMBS,58,58,150,532.00,"79,800.00"
2019-04-28,2019042801014975,NABILP,44,16,100,831.00,"83,100.00"
2019-04-28,2019042801014800,NABILP,26,16,100,831.00,"83,100.00"
2019-04-28,2019042801015039,NADEP,35,26,20,549.00,"10,980.00"
2019-04-28,2019042801015013,NADEP,35,45,20,550.00,"11,000.00"
2019-04-28,2019042801014940,NADEP,35,42,20,549.00,"10,980.00"
2019-04-28,2019042801014939,NADEP,35,57,30,549.00,"16,470.00"
2019-04-28,2019042801014702,NADEP,16,34,20,539.00,"10,780.00"
2019-04-28,2019042801014985,NBB,19,33,148,233.00,"34,484.00"
2019-04-28,2019042801014835,NBB,21,33,200,233.00,"46,600.00"
2019-04-28,2019042801014698,NBB,11,33,200,233.00,"46,600.00"
2019-04-28,2019042801014696,NBB,28,43,72,232.00,"16,704.00"
2019-04-28,2019042801014605,NBBL,32,51,30,641.00,"19,230.00"
2019-04-28,2019042801014971,NBL,45,41,100,325.00,"32,500.00"
2019-04-28,2019042801014970,NBL,45,43,100,325.00,"32,500.00"
2019-04-28,2019042801014949,NBL,7,43,"3,000",325.00,"975,000.00"
2019-04-28,2019042801014925,NBL,1,26,186,324.00,"60,264.00"
2019-04-28,2019042801014899,NBL,59,43,500,325.00,"162,500.00"
2019-04-28,2019042801014891,NBL,21,43,50,325.00,"16,250.00"
2019-04-28,2019042801014587,NBL,10,49,300,324.00,"97,200.00"
2019-04-28,2019042801014846,NBL,45,43,250,325.00,"81,250.00"
2019-04-28,2019042801014833,NBL,10,43,300,325.00,"97,500.00"
2019-04-28,2019042801014613,NBL,1,34,700,324.00,"226,800.00"
2019-04-28,2019042801014596,NBL,25,34,300,324.00,"97,200.00"
2019-04-28,2019042801014592,NBL,47,43,"1,500",325.00,"487,500.00"
2019-04-28,2019042801014588,NBL,25,49,700,324.00,"226,800.00"
2019-04-28,2019042801015060,NCCB,44,51,150,241.00,"36,150.00"
2019-04-28,2019042801014810,NCCB,44,36,115,241.00,"27,715.00"
2019-04-28,2019042801014809,NCCB,48,36,94,241.00,"22,654.00"
2019-04-28,2019042801014845,NHPC,20,4,50,72.00,"3,600.00"
2019-04-28,2019042801014785,NHPC,44,21,900,71.00,"63,900.00"
2019-04-28,2019042801015053,NIB,16,33,56,585.00,"32,760.00"
2019-04-28,2019042801015052,NIB,16,49,44,585.00,"25,740.00"
2019-04-28,2019042801014884,NIB,45,33,200,584.00,"116,800.00"
2019-04-28,2019042801014883,NIB,58,33,50,584.00,"29,200.00"
2019-04-28,2019042801014882,NIB,44,33,"1,971",584.00,"1,151,064.00"
2019-04-28,2019042801014881,NIB,33,33,10,585.00,"5,850.00"
2019-04-28,2019042801014659,NIB,58,45,50,585.00,"29,250.00"
2019-04-28,2019042801014658,NIB,25,45,100,585.00,"58,500.00"
2019-04-28,2019042801014657,NIB,54,45,800,585.00,"468,000.00"
2019-04-28,2019042801014759,NIB,44,32,29,584.00,"16,936.00"
2019-04-28,2019042801014674,NIB,11,45,150,585.00,"87,750.00"
2019-04-28,2019042801014663,NIB,59,45,500,585.00,"292,500.00"
2019-04-28,2019042801014662,NIB,6,45,100,585.00,"58,500.00"
2019-04-28,2019042801014661,NIB,38,45,200,585.00,"117,000.00"
2019-04-28,2019042801014660,NIB,54,45,100,585.00,"58,500.00"
2019-04-28,2019042801015048,NICA,58,1,100,502.00,"50,200.00"
2019-04-28,2019042801015045,NICA,58,22,100,502.00,"50,200.00"
2019-04-28,2019042801015036,NICA,42,50,26,505.00,"13,130.00"
2019-04-28,2019042801015009,NICA,42,22,660,505.00,"333,300.00"
2019-04-28,2019042801015008,NICA,42,40,214,502.00,"107,428.00"
2019-04-28,2019042801014983,NICA,42,40,35,505.00,"17,675.00"
2019-04-28,2019042801014652,NICA,42,33,81,503.00,"40,743.00"
2019-04-28,2019042801014627,NICA,54,49,120,502.00,"60,240.00"
2019-04-28,2019042801014607,NICA,54,6,100,502.00,"50,200.00"
2019-04-28,2019042801014778,NICA,54,22,100,502.00,"50,200.00"
2019-04-28,2019042801014772,NICA,54,32,55,502.00,"27,610.00"
2019-04-28,2019042801014664,NICA,54,16,100,502.00,"50,200.00"
2019-04-28,2019042801014655,NICA,42,25,200,503.00,"100,600.00"
2019-04-28,2019042801014654,NICA,42,34,200,503.00,"100,600.00"
2019-04-28,2019042801014653,NICA,42,50,300,503.00,"150,900.00"
2019-04-28,2019042801014951,NICA,42,49,625,502.00,"313,750.00"
2019-04-28,2019042801014933,NICA,54,49,375,502.00,"188,250.00"
2019-04-28,2019042801014908,NICA,54,25,100,502.00,"50,200.00"
2019-04-28,2019042801014907,NICA,54,17,50,502.00,"25,100.00"
2019-04-28,2019042801014902,NICA,54,14,500,502.00,"251,000.00"
2019-04-28,2019042801014783,NICA,54,14,500,502.00,"251,000.00"
2019-04-28,2019042801014957,NICA,42,1,350,505.00,"176,750.00"
2019-04-28,2019042801014956,NICA,42,55,350,504.00,"176,400.00"
2019-04-28,2019042801014955,NICA,42,44,"1,000",504.00,"504,000.00"
2019-04-28,2019042801014954,NICA,42,46,300,504.00,"151,200.00"
2019-04-28,2019042801014953,NICA,42,14,100,504.00,"50,400.00"
2019-04-28,2019042801014952,NICA,42,48,"1,000",503.00,"503,000.00"
2019-04-28,2019042801014963,NICA,42,17,200,505.00,"101,000.00"
2019-04-28,2019042801014962,NICA,42,4,200,505.00,"101,000.00"
2019-04-28,2019042801014961,NICA,42,29,50,505.00,"25,250.00"
2019-04-28,2019042801014960,NICA,42,19,250,505.00,"126,250.00"
2019-04-28,2019042801014959,NICA,42,48,97,505.00,"48,985.00"
2019-04-28,2019042801014958,NICA,42,21,374,505.00,"188,870.00"
2019-04-28,2019042801014969,NICA,42,35,308,505.00,"155,540.00"
2019-04-28,2019042801014968,NICA,42,52,200,505.00,"101,000.00"
2019-04-28,2019042801014967,NICA,42,26,100,505.00,"50,500.00"
2019-04-28,2019042801014966,NICA,42,6,500,505.00,"252,500.00"
2019-04-28,2019042801014965,NICA,42,11,402,505.00,"203,010.00"
2019-04-28,2019042801014964,NICA,42,45,350,505.00,"176,750.00"
2019-04-28,2019042801014757,NICGF,11,44,"5,000",9.83,"49,150.00"
2019-04-28,2019042801015064,NICL,56,57,90,430.00,"38,700.00"
2019-04-28,2019042801015026,NICL,41,44,50,433.00,"21,650.00"
2019-04-28,2019042801014901,NICL,21,44,10,433.00,"4,330.00"
2019-04-28,2019042801014900,NICL,21,42,50,433.00,"21,650.00"
2019-04-28,2019042801014994,NICL,53,44,800,433.00,"346,400.00"
2019-04-28,2019042801014986,NICL,25,16,100,431.00,"43,100.00"
2019-04-28,2019042801014807,NIL,6,55,150,555.00,"83,250.00"
2019-04-28,2019042801014749,NIL,5,55,300,555.00,"166,500.00"
2019-04-28,2019042801014748,NIL,7,55,50,555.00,"27,750.00"
2019-04-28,2019042801014724,NIL,49,58,10,558.00,"5,580.00"
2019-04-28,2019042801014708,NIL,25,48,194,554.00,"107,476.00"
2019-04-28,2019042801014638,NIL,49,38,30,559.00,"16,770.00"
2019-04-28,2019042801014590,NIL,21,58,"1,000",555.00,"555,000.00"
2019-04-28,2019042801014589,NIL,56,58,300,556.00,"166,800.00"
2019-04-28,2019042801014747,NLG,38,26,10,900.00,"9,000.00"
2019-04-28,2019042801014803,NLIC,58,42,68,"1,259.00","85,612.00"
2019-04-28,2019042801015067,NLICL,58,21,100,691.00,"69,100.00"
2019-04-28,2019042801015059,NMB,35,58,50,391.00,"19,550.00"
2019-04-28,2019042801015054,NMB,49,40,"3,500",390.00,"1,365,000.00"
2019-04-28,2019042801015025,NMB,49,44,125,390.00,"48,750.00"
2019-04-28,2019042801014890,NMB,11,6,747,391.00,"292,077.00"
2019-04-28,2019042801014879,NMB,49,36,316,390.00,"123,240.00"
2019-04-28,2019042801014762,NMB,44,6,253,391.00,"98,923.00"
2019-04-28,2019042801014714,NMB,44,6,"1,000",391.00,"391,000.00"
2019-04-28,2019042801014712,NMB,44,6,"1,000",391.00,"391,000.00"
2019-04-28,2019042801014666,NMB,44,6,"1,000",391.00,"391,000.00"
2019-04-28,2019042801014651,NMB,44,41,250,391.00,"97,750.00"
2019-04-28,2019042801014634,NMB,44,58,"1,259",391.00,"492,269.00"
2019-04-28,2019042801014647,NUBL,47,39,50,905.00,"45,250.00"
2019-04-28,2019042801014646,NUBL,47,19,152,905.00,"137,560.00"
2019-04-28,2019042801015017,OHL,10,59,73,500.00,"36,500.00"
2019-04-28,2019042801014773,OHL,4,59,100,501.00,"50,100.00"
2019-04-28,2019042801014680,OHL,4,25,173,501.00,"86,673.00"
2019-04-28,2019042801014679,OHL,59,25,58,502.00,"29,116.00"
2019-04-28,2019042801014781,OHL,4,59,500,500.00,"250,000.00"
2019-04-28,2019042801014780,OHL,4,59,727,501.00,"364,227.00"
2019-04-28,2019042801015042,PCBL,42,58,254,360.00,"91,440.00"
2019-04-28,2019042801014877,PCBL,1,16,108,359.00,"38,772.00"
2019-04-28,2019042801014876,PCBL,47,16,392,359.00,"140,728.00"
2019-04-28,2019042801014771,PCBL,47,11,608,359.00,"218,272.00"
2019-04-28,2019042801014770,PCBL,1,11,92,359.00,"33,028.00"
2019-04-28,2019042801014769,PCBL,34,11,300,359.00,"107,700.00"
2019-04-28,2019042801014606,PCBL,14,14,"74,453",360.00,"26,803,080.00"
2019-04-28,2019042801015016,PIC,53,21,11,"1,111.00","12,221.00"
2019-04-28,2019042801014980,PIC,16,17,100,"1,130.00","113,000.00"
2019-04-28,2019042801014979,PIC,16,33,100,"1,129.00","112,900.00"
2019-04-28,2019042801014978,PIC,16,39,11,"1,128.00","12,408.00"
2019-04-28,2019042801014977,PIC,16,17,12,"1,128.00","13,536.00"
2019-04-28,2019042801014905,PIC,33,58,200,"1,124.00","224,800.00"
2019-04-28,2019042801014722,PIC,40,48,31,"1,111.00","34,441.00"
2019-04-28,2019042801014721,PIC,40,48,30,"1,111.00","33,330.00"
2019-04-28,2019042801014611,PIC,40,25,20,"1,111.00","22,220.00"
2019-04-28,2019042801014610,PIC,40,25,50,"1,111.00","55,550.00"
2019-04-28,2019042801014609,PIC,40,25,130,"1,113.00","144,690.00"
2019-04-28,2019042801014904,PIC,33,45,100,"1,124.00","112,400.00"
2019-04-28,2019042801014903,PIC,33,16,50,"1,123.00","56,150.00"
2019-04-28,2019042801014880,PIC,48,21,11,"1,109.00","12,199.00"
2019-04-28,2019042801014832,PIC,48,50,70,"1,109.00","77,630.00"
2019-04-28,2019042801014831,PIC,6,50,60,"1,109.00","66,540.00"
2019-04-28,2019042801014830,PIC,40,50,19,"1,111.00","21,109.00"
2019-04-28,2019042801014913,PICL,7,25,100,764.00,"76,400.00"
2019-04-28,2019042801014912,PICL,39,25,100,765.00,"76,500.00"
2019-04-28,2019042801014911,PICL,45,25,100,766.00,"76,600.00"
2019-04-28,2019042801014910,PICL,28,25,200,770.00,"154,000.00"
2019-04-28,2019042801014745,PICL,49,7,75,776.00,"58,200.00"
2019-04-28,2019042801014744,PICL,49,52,130,776.00,"100,880.00"
2019-04-28,2019042801014671,PICL,49,19,220,775.00,"170,500.00"
2019-04-28,2019042801014670,PICL,49,17,30,775.00,"23,250.00"
2019-04-28,2019042801014645,PICL,49,17,20,775.00,"15,500.00"
2019-04-28,2019042801014637,PICL,54,36,300,770.00,"231,000.00"
2019-04-28,2019042801015071,PRIN,58,51,50,458.00,"22,900.00"
2019-04-28,2019042801015070,PRIN,52,51,950,458.00,"435,100.00"
2019-04-28,2019042801015062,PRIN,41,48,77,460.00,"35,420.00"
2019-04-28,2019042801015037,PRIN,41,52,123,460.00,"56,580.00"
2019-04-28,2019042801014788,PRIN,41,20,400,460.00,"184,000.00"
2019-04-28,2019042801014779,PRIN,41,32,50,460.00,"23,000.00"
2019-04-28,2019042801014758,PRIN,41,41,50,460.00,"23,000.00"
2019-04-28,2019042801014704,PRIN,52,19,50,458.00,"22,900.00"
2019-04-28,2019042801014703,PRIN,25,19,50,459.00,"22,950.00"
2019-04-28,2019042801015031,PRVU,21,17,30,290.00,"8,700.00"
2019-04-28,2019042801015030,PRVU,34,17,100,290.00,"29,000.00"
2019-04-28,2019042801015029,PRVU,35,17,100,290.00,"29,000.00"
2019-04-28,2019042801015028,PRVU,47,17,172,290.00,"49,880.00"
2019-04-28,2019042801014938,PRVU,1,29,203,291.00,"59,073.00"
2019-04-28,2019042801014672,PRVU,11,17,22,292.00,"6,424.00"
2019-04-28,2019042801014730,PRVU,44,55,400,291.00,"116,400.00"
2019-04-28,2019042801014729,PRVU,45,55,100,291.00,"29,100.00"
2019-04-28,2019042801014673,PRVU,11,36,478,292.00,"139,576.00"
2019-04-28,2019042801014937,PRVU,45,29,350,291.00,"101,850.00"
2019-04-28,2019042801014802,PRVU,45,32,50,291.00,"14,550.00"
2019-04-28,2019042801014799,PRVU,45,50,100,291.00,"29,100.00"
2019-04-28,2019042801014798,PRVU,44,50,100,291.00,"29,100.00"
2019-04-28,2019042801015012,RBCL,26,25,10,"10,120.00","101,200.00"
2019-04-28,2019042801015011,RBCL,43,25,10,"10,120.00","101,200.00"
2019-04-28,2019042801015010,RBCL,29,25,15,"10,120.00","151,800.00"
2019-04-28,2019042801014991,RBCL,29,25,25,"10,120.00","253,000.00"
2019-04-28,2019042801014990,RBCL,58,25,30,"10,120.00","303,600.00"
2019-04-28,2019042801014989,RBCL,5,25,20,"10,120.00","202,400.00"
2019-04-28,2019042801014917,RBCL,37,21,2,"9,918.00","19,836.00"
2019-04-28,2019042801014774,RBCLPO,46,5,40,"9,075.00","363,000.00"
2019-04-28,2019042801014676,RBCLPO,46,33,10,"9,075.00","90,750.00"
2019-04-28,2019042801014636,RMDC,48,59,49,636.00,"31,164.00"
2019-04-28,2019042801014984,RRHP,22,26,10,93.00,930.00
2019-04-28,2019042801014995,SANIMA,17,39,37,359.00,"13,283.00"
2019-04-28,2019042801014820,SANIMA,17,32,50,359.00,"17,950.00"
2019-04-28,2019042801014602,SANIMA,17,38,213,359.00,"76,467.00"
2019-04-28,2019042801014713,SBI,48,14,19,500.00,"9,500.00"
2019-04-28,2019042801014993,SBL,26,44,324,345.00,"111,780.00"
2019-04-28,2019042801014992,SBL,43,44,201,345.00,"69,345.00"
2019-04-28,2019042801014932,SBL,43,57,99,345.00,"34,155.00"
2019-04-28,2019042801014931,SBL,28,57,75,345.00,"25,875.00"
2019-04-28,2019042801014692,SBL,28,18,225,345.00,"77,625.00"
2019-04-28,2019042801015023,SCB,25,28,100,727.00,"72,700.00"
2019-04-28,2019042801014888,SFFIL,47,59,200,224.00,"44,800.00"
2019-04-28,2019042801015058,SHINE,41,21,62,252.00,"15,624.00"
2019-04-28,2019042801015057,SHINE,42,21,100,252.00,"25,200.00"
2019-04-28,2019042801015056,SHINE,38,21,434,252.00,"109,368.00"
2019-04-28,2019042801015055,SHINE,34,21,500,253.00,"126,500.00"
2019-04-28,2019042801014928,SHIVM,58,20,50,324.00,"16,200.00"
2019-04-28,2019042801014927,SHIVM,58,20,50,324.00,"16,200.00"
2019-04-28,2019042801014688,SHIVM,39,42,50,325.00,"16,250.00"
2019-04-28,2019042801014930,SHPC,21,49,356,244.00,"86,864.00"
2019-04-28,2019042801014929,SHPC,10,49,600,245.00,"147,000.00"
2019-04-28,2019042801014874,SHPC,10,19,201,248.00,"49,848.00"
2019-04-28,2019042801014873,SHPC,10,49,199,248.00,"49,352.00"
2019-04-28,2019042801014872,SHPC,10,16,100,247.00,"24,700.00"
2019-04-28,2019042801015006,SICL,40,38,35,928.00,"32,480.00"
2019-04-28,2019042801015005,SICL,41,38,50,929.00,"46,450.00"
2019-04-28,2019042801015004,SICL,34,38,100,930.00,"93,000.00"
2019-04-28,2019042801015003,SICL,45,38,300,930.00,"279,000.00"
2019-04-28,2019042801015002,SICL,50,38,15,930.00,"13,950.00"
2019-04-28,2019042801014600,SICL,1,38,400,930.00,"372,000.00"
2019-04-28,2019042801014599,SICL,41,38,50,933.00,"46,650.00"
2019-04-28,2019042801014782,SICL,6,58,200,945.00,"189,000.00"
2019-04-28,2019042801014760,SICL,28,25,500,931.00,"465,500.00"
2019-04-28,2019042801014741,SICL,6,58,100,940.00,"94,000.00"
2019-04-28,2019042801014635,SICL,47,58,300,940.00,"282,000.00"
2019-04-28,2019042801014601,SICL,41,38,50,929.00,"46,450.00"
2019-04-28,2019042801014750,SIL,37,45,300,655.00,"196,500.00"
2019-04-28,2019042801015074,SKBBL,16,34,122,"1,040.00","126,880.00"
2019-04-28,2019042801015022,SKBBL,10,56,100,"1,039.00","103,900.00"
2019-04-28,2019042801015021,SKBBL,10,32,30,"1,035.00","31,050.00"
2019-04-28,2019042801014678,SKBBL,41,8,67,"1,035.00","69,345.00"
2019-04-28,2019042801014677,SKBBL,41,32,68,"1,034.00","70,312.00"
2019-04-28,2019042801014633,SLBBL,19,32,168,520.00,"87,360.00"
2019-04-28,2019042801014763,SLBBL,28,32,32,520.00,"16,640.00"
2019-04-28,2019042801015050,SLICL,6,52,50,603.00,"30,150.00"
2019-04-28,2019042801014685,SLICL,6,50,200,603.00,"120,600.00"
2019-04-28,2019042801014623,SMATA,34,57,34,"1,269.00","43,146.00"
2019-04-28,2019042801014622,SMATA,34,11,16,"1,268.00","20,288.00"
2019-04-28,2019042801014840,SRBL,50,34,34,263.00,"8,942.00"
2019-04-28,2019042801015038,SWBBL,52,39,100,942.00,"94,200.00"
2019-04-28,2019042801014878,UIC,6,45,30,"1,015.00","30,450.00"
2019-04-28,2019042801014656,UIC,28,16,125,"1,010.00","126,250.00"
2019-04-28,2019042801014808,UPCL,59,58,100,95.00,"9,500.00"
2019-04-28,2019042801014743,UPCL,42,54,90,95.00,"8,550.00"
2019-04-28,2019042801014742,UPCL,42,54,10,94.00,940.00
2019-04-28,2019042801015051,UPPER,50,26,50,232.00,"11,600.00"
2019-04-28,2019042801015041,UPPER,50,32,25,232.00,"5,800.00"
2019-04-28,2019042801014944,UPPER,50,39,19,232.00,"4,408.00"
2019-04-28,2019042801014943,UPPER,38,39,50,232.00,"11,600.00"
2019-04-28,2019042801014942,UPPER,6,39,60,232.00,"13,920.00"
2019-04-28,2019042801014739,UPPER,56,51,40,234.00,"9,360.00"
2019-04-28,2019042801014738,UPPER,17,51,36,234.00,"8,424.00"
2019-04-28,2019042801014586,UPPER,17,39,293,234.00,"68,562.00"
2019-04-28,2019042801014926,UPPER,6,21,100,232.00,"23,200.00"
2019-04-28,2019042801014909,UPPER,42,39,160,233.00,"37,280.00"
2019-04-28,2019042801014793,UPPER,50,45,25,234.00,"5,850.00"
2019-04-28,2019042801014792,UPPER,50,51,564,234.00,"131,976.00"
2019-04-28,2019042801015018,VLBS,1,50,137,638.00,"87,406.00"
2019-04-28,2019042801014598,VLBS,1,58,250,638.00,"159,500.00"
2019-04-28,2019042801014597,VLBS,43,58,50,638.00,"31,900.00"
2019-04-28,2019042801014356,ADBL,6,22,35,392.00,"13,720.00"
2019-04-28,2019042801014105,ADBL,58,22,325,392.00,"127,400.00"
2019-04-28,2019042801014184,AHPC,13,45,500,104.00,"52,000.00"
2019-04-28,2019042801014183,AHPC,39,45,"1,500",104.00,"156,000.00"
2019-04-28,2019042801014273,ALICL,41,43,500,462.00,"231,000.00"
2019-04-28,2019042801014182,ALICL,41,42,20,462.00,"9,240.00"
2019-04-28,2019042801014181,ALICL,4,42,100,462.00,"46,200.00"
2019-04-28,2019042801014180,ALICL,25,42,100,462.00,"46,200.00"
2019-04-28,2019042801014179,ALICL,45,42,68,462.00,"31,416.00"
2019-04-28,2019042801014178,ALICL,34,42,80,462.00,"36,960.00"
2019-04-28,2019042801014177,ALICL,45,42,124,462.00,"57,288.00"
2019-04-28,2019042801014121,AMFI,52,39,10,592.00,"5,920.00"
2019-04-28,2019042801014120,AMFI,52,26,10,590.00,"5,900.00"
2019-04-28,2019042801014537,BHBL,42,57,10,173.00,"1,730.00"
2019-04-28,2019042801014536,BHBL,42,41,200,172.00,"34,400.00"
2019-04-28,2019042801014535,BHBL,42,32,700,171.00,"119,700.00"
2019-04-28,2019042801014534,BHBL,42,33,500,170.00,"85,000.00"
2019-04-28,2019042801014533,BHBL,42,57,50,170.00,"8,500.00"
2019-04-28,2019042801014489,BOKL,39,47,500,291.00,"145,500.00"
2019-04-28,2019042801014487,BOKL,22,47,384,291.00,"111,744.00"
2019-04-28,2019042801014446,BOKL,39,5,663,290.00,"192,270.00"
2019-04-28,2019042801014415,BOKL,59,5,50,290.00,"14,500.00"
2019-04-28,2019042801014347,BOKL,19,5,287,290.00,"83,230.00"
2019-04-28,2019042801014343,BOKL,19,22,100,290.00,"29,000.00"
2019-04-28,2019042801014141,BOKL,40,10,484,290.00,"140,360.00"
2019-04-28,2019042801014140,BOKL,17,10,36,290.00,"10,440.00"
2019-04-28,2019042801014139,BOKL,25,10,100,290.00,"29,000.00"
2019-04-28,2019042801014138,BOKL,17,10,199,290.00,"57,710.00"
2019-04-28,2019042801014248,BOKL,19,42,613,290.00,"177,770.00"
2019-04-28,2019042801014247,BOKL,25,42,387,290.00,"112,230.00"
2019-04-28,2019042801014238,BOKL,22,47,50,291.00,"14,550.00"
2019-04-28,2019042801014215,BOKL,25,52,113,290.00,"32,770.00"
2019-04-28,2019042801014214,BOKL,45,52,100,290.00,"29,000.00"
2019-04-28,2019042801014213,BOKL,40,52,116,290.00,"33,640.00"
2019-04-28,2019042801014482,BPCL,6,16,22,380.00,"8,360.00"
2019-04-28,2019042801014145,BPCL,33,56,11,382.00,"4,202.00"
2019-04-28,2019042801014124,BPCL,56,46,352,379.00,"133,408.00"
2019-04-28,2019042801014123,BPCL,21,46,57,379.00,"21,603.00"
2019-04-28,2019042801014109,BPCL,21,57,11,379.00,"4,169.00"
2019-04-28,2019042801014243,BPCL,22,7,30,384.00,"11,520.00"
2019-04-28,2019042801014148,BPCL,33,7,179,384.00,"68,736.00"
2019-04-28,2019042801014147,BPCL,33,49,110,384.00,"42,240.00"
2019-04-28,2019042801014146,BPCL,33,59,200,383.00,"76,600.00"
2019-04-28,2019042801014432,CBBL,21,53,175,"1,104.00","193,200.00"
2019-04-28,2019042801014391,CBBL,21,34,110,"1,100.00","121,000.00"
2019-04-28,2019042801014230,CBBL,54,49,60,"1,100.00","66,000.00"
2019-04-28,2019042801014229,CBBL,34,49,15,"1,100.00","16,500.00"
2019-04-28,2019042801014228,CBBL,35,49,400,"1,101.00","440,400.00"
2019-04-28,2019042801014227,CBBL,34,49,120,"1,101.00","132,120.00"
2019-04-28,2019042801014131,CBBL,16,57,10,"1,104.00","11,040.00"
2019-04-28,2019042801014130,CBBL,16,22,100,"1,104.00","110,400.00"
2019-04-28,2019042801014318,CBBL,6,32,100,"1,099.00","109,900.00"
2019-04-28,2019042801014317,CBBL,41,32,100,"1,099.00","109,900.00"
2019-04-28,2019042801014266,CBBL,21,49,10,"1,100.00","11,000.00"
2019-04-28,2019042801014240,CBBL,53,49,100,"1,100.00","110,000.00"
2019-04-28,2019042801014232,CBBL,45,49,700,"1,100.00","770,000.00"
2019-04-28,2019042801014231,CBBL,16,49,100,"1,100.00","110,000.00"
2019-04-28,2019042801014390,CBBL,21,49,165,"1,100.00","181,500.00"
2019-04-28,2019042801014354,CBBL,39,49,100,"1,100.00","110,000.00"
2019-04-28,2019042801014353,CBBL,6,49,200,"1,100.00","220,000.00"
2019-04-28,2019042801014336,CBBL,36,49,30,"1,100.00","33,000.00"
2019-04-28,2019042801014371,CBL,11,1,79,158.00,"12,482.00"
2019-04-28,2019042801014370,CBL,6,1,300,158.00,"47,400.00"
2019-04-28,2019042801014369,CBL,52,1,121,158.00,"19,118.00"
2019-04-28,2019042801014142,CBL,56,25,400,159.00,"63,600.00"
2019-04-28,2019042801014079,CBL,56,34,585,159.00,"93,015.00"
2019-04-28,2019042801014078,CBL,59,34,400,159.00,"63,600.00"
2019-04-28,2019042801014125,CBLPO,28,17,"5,000",116.00,"580,000.00"
2019-04-28,2019042801014542,CCBL,52,6,200,177.00,"35,400.00"
2019-04-28,2019042801014295,CCBL,35,6,300,177.00,"53,100.00"
2019-04-28,2019042801014294,CCBL,51,6,601,177.00,"106,377.00"
2019-04-28,2019042801014288,CCBL,51,6,399,177.00,"70,623.00"
2019-04-28,2019042801014287,CCBL,6,6,101,177.00,"17,877.00"
2019-04-28,2019042801014398,CFCL,33,45,434,113.00,"49,042.00"
2019-04-28,2019042801014076,CFCL,33,58,500,113.00,"56,500.00"
2019-04-28,2019042801014165,CHCL,33,5,100,550.00,"55,000.00"
2019-04-28,2019042801014164,CHCL,33,1,500,550.00,"275,000.00"
2019-04-28,2019042801014100,CHCL,28,10,57,545.00,"31,065.00"
2019-04-28,2019042801014503,CHLBS,16,16,10,499.00,"4,990.00"
2019-04-28,2019042801014293,CHLBS,17,34,10,495.00,"4,950.00"
2019-04-28,2019042801014470,CZBIL,35,42,500,229.00,"114,500.00"
2019-04-28,2019042801014368,CZBIL,45,54,"1,000",230.00,"230,000.00"
2019-04-28,2019042801014367,CZBIL,33,54,"1,000",230.00,"230,000.00"
2019-04-28,2019042801014366,CZBIL,40,54,"1,000",230.00,"230,000.00"
2019-04-28,2019042801014365,CZBIL,57,54,400,230.00,"92,000.00"
2019-04-28,2019042801014364,CZBIL,19,54,937,231.00,"216,447.00"
2019-04-28,2019042801014196,CZBIL,19,21,63,231.00,"14,553.00"
2019-04-28,2019042801014113,DDBL,34,34,500,735.00,"367,500.00"
2019-04-28,2019042801014374,EBL,6,5,101,672.00,"67,872.00"
2019-04-28,2019042801014373,EBL,14,5,50,672.00,"33,600.00"
2019-04-28,2019042801014250,EBL,14,50,150,672.00,"100,800.00"
2019-04-28,2019042801014249,EIC,33,32,150,510.00,"76,500.00"
2019-04-28,2019042801014211,EIC,41,11,50,511.00,"25,550.00"
2019-04-28,2019042801014198,EIC,33,32,200,510.00,"102,000.00"
2019-04-28,2019042801014161,EIC,43,32,100,510.00,"51,000.00"
2019-04-28,2019042801014092,EIC,52,16,50,510.00,"25,500.00"
2019-04-28,2019042801014091,EIC,52,32,50,510.00,"25,500.00"
2019-04-28,2019042801014445,FMDBL,56,17,190,408.00,"77,520.00"
2019-04-28,2019042801014444,FMDBL,22,17,10,409.00,"4,090.00"
2019-04-28,2019042801014319,FMDBL,41,49,50,410.00,"20,500.00"
2019-04-28,2019042801014320,GBBL,59,42,500,216.00,"108,000.00"
2019-04-28,2019042801014530,GBIME,11,55,100,315.00,"31,500.00"
2019-04-28,2019042801014511,GBIME,33,55,100,315.00,"31,500.00"
2019-04-28,2019042801014510,GBIME,25,55,250,315.00,"78,750.00"
