Date,Transact. No.,Symbol,Buyer,Seller,Quantity,Rate,Amount
2020-07-22,2020072201038642,ADBL,25,1,53,426.00,"22,578.00"
2020-07-22,2020072201038823,ALBSL,22,7,50,725.00,"36,250.00"
2020-07-22,2020072201038707,ALICL,57,50,100,631.00,"63,100.00"
2020-07-22,2020072201038706,ALICL,57,48,407,629.00,"256,003.00"
2020-07-22,2020072201038705,ALICL,57,50,45,628.00,"28,260.00"
2020-07-22,2020072201038462,ALICL,19,50,30,628.00,"18,840.00"
2020-07-22,2020072201038816,API,56,6,65,113.00,"7,345.00"
2020-07-22,2020072201038764,API,56,43,100,112.00,"11,200.00"
2020-07-22,2020072201038763,API,56,6,30,111.00,"3,330.00"
2020-07-22,2020072201038762,API,56,48,200,111.00,"22,200.00"
2020-07-22,2020072201038761,API,56,19,200,111.00,"22,200.00"
2020-07-22,2020072201038760,API,56,29,100,111.00,"11,100.00"
2020-07-22,2020072201038759,API,56,42,18,110.00,"1,980.00"
2020-07-22,2020072201038758,API,56,56,369,110.00,"40,590.00"
2020-07-22,2020072201038757,API,56,34,18,110.00,"1,980.00"
2020-07-22,2020072201038488,API,25,6,25,110.00,"2,750.00"
2020-07-22,2020072201038525,BFC,41,54,446,100.00,"44,600.00"
2020-07-22,2020072201038524,BFC,40,54,200,100.00,"20,000.00"
2020-07-22,2020072201038523,BFC,32,54,100,100.00,"10,000.00"
2020-07-22,2020072201038522,BFC,38,54,100,100.00,"10,000.00"
2020-07-22,2020072201038521,BFC,14,54,54,100.00,"5,400.00"
2020-07-22,2020072201038749,BOKL,51,18,279,233.00,"65,007.00"
2020-07-22,2020072201038748,BOKL,44,18,71,233.00,"16,543.00"
2020-07-22,2020072201038747,BOKL,20,18,650,234.00,"152,100.00"
2020-07-22,2020072201038726,BOKL,20,47,150,234.00,"35,100.00"
2020-07-22,2020072201038697,BOKL,6,41,30,235.00,"7,050.00"
2020-07-22,2020072201038645,BOKL,44,17,545,233.00,"126,985.00"
2020-07-22,2020072201038576,BOKL,34,42,180,234.00,"42,120.00"
2020-07-22,2020072201038889,BPCL,47,34,10,356.00,"3,560.00"
2020-07-22,2020072201038838,BPCL,55,13,150,354.00,"53,100.00"
2020-07-22,2020072201038837,BPCL,7,13,50,354.00,"17,700.00"
2020-07-22,2020072201038836,BPCL,8,13,500,354.00,"177,000.00"
2020-07-22,2020072201038835,BPCL,1,13,50,354.00,"17,700.00"
2020-07-22,2020072201038834,BPCL,47,13,100,354.00,"35,400.00"
2020-07-22,2020072201038473,BPCL,42,13,80,355.00,"28,400.00"
2020-07-22,2020072201038833,BPCL,8,13,205,354.00,"72,570.00"
2020-07-22,2020072201038832,BPCL,21,13,150,354.00,"53,100.00"
2020-07-22,2020072201038831,BPCL,40,13,250,354.00,"88,500.00"
2020-07-22,2020072201038830,BPCL,59,13,50,354.00,"17,700.00"
2020-07-22,2020072201038738,BPCL,47,34,10,356.00,"3,560.00"
2020-07-22,2020072201038708,BPCL,42,13,20,355.00,"7,100.00"
2020-07-22,2020072201038862,CBBL,42,43,50,"1,070.00","53,500.00"
2020-07-22,2020072201038854,CBBL,39,43,30,"1,070.00","32,100.00"
2020-07-22,2020072201038824,CBBL,49,29,91,"1,069.00","97,279.00"
2020-07-22,2020072201038704,CBBL,52,43,85,"1,070.00","90,950.00"
2020-07-22,2020072201038869,CBL,17,14,430,145.00,"62,350.00"
2020-07-22,2020072201038868,CBL,42,14,50,145.00,"7,250.00"
2020-07-22,2020072201038867,CBL,14,14,100,145.00,"14,500.00"
2020-07-22,2020072201038866,CBL,34,14,70,145.00,"10,150.00"
2020-07-22,2020072201038812,CCBL,46,49,400,179.00,"71,600.00"
2020-07-22,2020072201038582,CCBL,38,17,293,178.00,"52,154.00"
2020-07-22,2020072201038653,CHCL,28,51,50,400.00,"20,000.00"
2020-07-22,2020072201038652,CHCL,41,51,42,400.00,"16,800.00"
2020-07-22,2020072201038651,CHCL,49,51,55,401.00,"22,055.00"
2020-07-22,2020072201038851,CIT,16,33,20,"2,520.00","50,400.00"
2020-07-22,2020072201038775,CIT,57,33,10,"2,520.00","25,200.00"
2020-07-22,2020072201038740,CIT,35,33,100,"2,520.00","252,000.00"
2020-07-22,2020072201038630,CIT,22,33,25,"2,520.00","63,000.00"
2020-07-22,2020072201038615,CLBSL,6,1,114,748.00,"85,272.00"
2020-07-22,2020072201038614,CLBSL,6,25,17,747.00,"12,699.00"
2020-07-22,2020072201038613,CLBSL,6,34,25,745.00,"18,625.00"
2020-07-22,2020072201038468,CLBSL,58,41,25,740.00,"18,500.00"
2020-07-22,2020072201038627,CZBIL,50,26,100,202.00,"20,200.00"
2020-07-22,2020072201038620,CZBIL,50,26,100,202.00,"20,200.00"
2020-07-22,2020072201038470,CZBIL,34,50,116,201.00,"23,316.00"
2020-07-22,2020072201038469,CZBIL,52,50,84,201.00,"16,884.00"
2020-07-22,2020072201038713,DDBL,54,28,100,857.00,"85,700.00"
2020-07-22,2020072201038712,DDBL,54,53,35,857.00,"29,995.00"
2020-07-22,2020072201038650,DDBL,54,34,100,856.00,"85,600.00"
2020-07-22,2020072201038753,EBL,7,52,330,755.00,"249,150.00"
2020-07-22,2020072201038752,EBL,44,52,170,755.00,"128,350.00"
2020-07-22,2020072201038640,EBL,44,14,30,755.00,"22,650.00"
2020-07-22,2020072201038639,EBL,57,14,30,755.00,"22,650.00"
2020-07-22,2020072201038638,EBL,19,14,40,756.00,"30,240.00"
2020-07-22,2020072201038451,EBL,57,41,170,755.00,"128,350.00"
2020-07-22,2020072201038450,EBL,50,41,230,755.00,"173,650.00"
2020-07-22,2020072201038920,EIC,38,52,10,405.00,"4,050.00"
2020-07-22,2020072201038731,EIC,7,52,50,400.00,"20,000.00"
2020-07-22,2020072201038637,EIC,7,35,350,400.00,"140,000.00"
2020-07-22,2020072201038636,EIC,38,35,50,400.00,"20,000.00"
2020-07-22,2020072201038631,EIC,38,52,10,405.00,"4,050.00"
2020-07-22,2020072201038483,EIC,43,36,200,401.00,"80,200.00"
2020-07-22,2020072201038482,EIC,59,36,50,402.00,"20,100.00"
2020-07-22,2020072201038750,FMDBL,17,47,10,544.00,"5,440.00"
2020-07-22,2020072201038584,FMDBL,56,52,20,537.00,"10,740.00"
2020-07-22,2020072201038441,FMDBL,10,51,100,545.00,"54,500.00"
2020-07-22,2020072201038935,GBBL,38,4,10,248.00,"2,480.00"
2020-07-22,2020072201038770,GBBL,33,25,50,246.00,"12,300.00"
2020-07-22,2020072201038769,GBBL,33,6,500,246.00,"123,000.00"
2020-07-22,2020072201038756,GBBL,6,35,100,245.00,"24,500.00"
2020-07-22,2020072201038774,GBIME,14,33,"1,000",262.00,"262,000.00"
2020-07-22,2020072201038513,GBIME,6,20,100,260.00,"26,000.00"
2020-07-22,2020072201038512,GBIME,29,20,500,261.00,"130,500.00"
2020-07-22,2020072201038511,GBIME,58,20,200,261.00,"52,200.00"
2020-07-22,2020072201038510,GBIME,13,20,200,262.00,"52,400.00"
2020-07-22,2020072201038923,GBLBS,16,52,10,517.00,"5,170.00"
2020-07-22,2020072201038607,GBLBS,16,1,15,513.00,"7,695.00"
2020-07-22,2020072201038861,GFCL,8,36,30,149.00,"4,470.00"
2020-07-22,2020072201038865,GGBSL,38,28,10,880.00,"8,800.00"
2020-07-22,2020072201038814,GLBSL,28,38,23,820.00,"18,860.00"
2020-07-22,2020072201038813,GLBSL,28,39,17,820.00,"13,940.00"
2020-07-22,2020072201038737,GLBSL,43,28,12,814.00,"9,768.00"
2020-07-22,2020072201038559,GLBSL,43,28,10,799.00,"7,990.00"
2020-07-22,2020072201038625,GLICL,49,59,50,470.00,"23,500.00"
2020-07-22,2020072201038475,GLICL,6,34,78,469.00,"36,582.00"
2020-07-22,2020072201038474,GLICL,20,34,52,469.00,"24,388.00"
2020-07-22,2020072201038591,GMFBS,28,32,10,809.00,"8,090.00"
2020-07-22,2020072201038632,HBL,34,52,40,575.00,"23,000.00"
2020-07-22,2020072201038565,HBL,34,1,22,575.00,"12,650.00"
2020-07-22,2020072201038492,HBL,38,1,135,576.00,"77,760.00"
2020-07-22,2020072201038454,HBL,1,1,43,577.00,"24,811.00"
2020-07-22,2020072201038848,HDL,54,6,185,"1,739.00","321,715.00"
2020-07-22,2020072201038619,HDL,32,6,315,"1,739.00","547,785.00"
2020-07-22,2020072201038618,HDL,32,53,85,"1,739.00","147,815.00"
2020-07-22,2020072201038617,HDL,32,16,100,"1,738.00","173,800.00"
2020-07-22,2020072201038538,HDL,49,6,45,"1,732.00","77,940.00"
2020-07-22,2020072201038537,HDL,49,6,100,"1,732.00","173,200.00"
2020-07-22,2020072201038536,HDL,52,6,65,"1,732.00","112,580.00"
2020-07-22,2020072201038535,HDL,40,6,200,"1,733.00","346,600.00"
2020-07-22,2020072201038534,HDL,49,6,90,"1,734.00","156,060.00"
2020-07-22,2020072201038898,HGI,10,26,50,417.00,"20,850.00"
2020-07-22,2020072201038545,HGI,10,36,500,417.00,"208,500.00"
2020-07-22,2020072201038544,HGI,22,36,80,417.00,"33,360.00"
2020-07-22,2020072201038896,ICFC,38,48,520,187.00,"97,240.00"
2020-07-22,2020072201038860,ILBS,55,35,10,798.00,"7,980.00"
2020-07-22,2020072201038795,ILBS,38,25,11,789.00,"8,679.00"
2020-07-22,2020072201038755,ILBS,38,41,25,789.00,"19,725.00"
2020-07-22,2020072201038658,ILBS,38,58,11,789.00,"8,679.00"
2020-07-22,2020072201038903,JBBL,58,34,29,183.00,"5,307.00"
2020-07-22,2020072201038902,JBBL,58,41,69,182.00,"12,558.00"
2020-07-22,2020072201038901,JBBL,58,26,169,182.00,"30,758.00"
2020-07-22,2020072201038900,JBBL,58,50,19,182.00,"3,458.00"
2020-07-22,2020072201038899,JBBL,58,55,24,182.00,"4,368.00"
2020-07-22,2020072201038773,JBBL,58,29,350,180.00,"63,000.00"
2020-07-22,2020072201038598,JBBL,58,26,800,181.00,"144,800.00"
2020-07-22,2020072201038597,JBBL,58,57,112,181.00,"20,272.00"
2020-07-22,2020072201038596,JBBL,58,50,208,181.00,"37,648.00"
2020-07-22,2020072201038595,JBBL,58,33,200,181.00,"36,200.00"
2020-07-22,2020072201038934,JSLBB,22,29,10,"1,601.00","16,010.00"
2020-07-22,2020072201038829,JSLBB,22,29,20,"1,601.00","32,020.00"
2020-07-22,2020072201038505,KBL,52,59,50,199.00,"9,950.00"
2020-07-22,2020072201038504,KBL,58,59,10,199.00,"1,990.00"
2020-07-22,2020072201038503,KBL,38,59,500,199.00,"99,500.00"
2020-07-22,2020072201038491,KBL,22,1,200,199.00,"39,800.00"
2020-07-22,2020072201038742,KMCDB,33,28,10,789.00,"7,890.00"
2020-07-22,2020072201038567,KMCDB,6,41,10,789.00,"7,890.00"
2020-07-22,2020072201038494,KMCDB,8,52,20,783.00,"15,660.00"
2020-07-22,2020072201038569,KRBL,38,57,52,106.00,"5,512.00"
2020-07-22,2020072201038568,KRBL,38,1,44,106.00,"4,664.00"
2020-07-22,2020072201038594,LBL,14,37,99,235.00,"23,265.00"
2020-07-22,2020072201038593,LBL,52,37,101,235.00,"23,735.00"
2020-07-22,2020072201038563,LBL,52,34,50,235.00,"11,750.00"
2020-07-22,2020072201038914,LGIL,58,29,101,458.00,"46,258.00"
2020-07-22,2020072201038892,LGIL,38,57,100,461.00,"46,100.00"
2020-07-22,2020072201038531,LGIL,48,44,394,456.00,"179,664.00"
2020-07-22,2020072201038530,LGIL,43,44,50,456.00,"22,800.00"
2020-07-22,2020072201038440,LGIL,34,57,358,458.00,"163,964.00"
2020-07-22,2020072201038850,LICN,54,55,200,"1,401.00","280,200.00"
2020-07-22,2020072201038721,LICN,26,55,19,"1,402.00","26,638.00"
2020-07-22,2020072201038547,LICN,25,22,10,"1,413.00","14,130.00"
2020-07-22,2020072201038501,LICN,26,55,31,"1,402.00","43,462.00"
2020-07-22,2020072201038500,LICN,34,55,250,"1,402.00","350,500.00"
2020-07-22,2020072201038499,LICN,19,55,19,"1,402.00","26,638.00"
2020-07-22,2020072201038641,MBL,40,14,100,239.00,"23,900.00"
2020-07-22,2020072201038592,MBL,34,14,10,239.00,"2,390.00"
2020-07-22,2020072201038928,MEGA,56,54,200,233.00,"46,600.00"
2020-07-22,2020072201038729,MEGA,43,58,10,234.00,"2,340.00"
2020-07-22,2020072201038622,MEGA,14,17,151,232.00,"35,032.00"
2020-07-22,2020072201038621,MEGA,36,17,100,232.00,"23,200.00"
2020-07-22,2020072201038603,MEGA,59,58,591,234.00,"138,294.00"
2020-07-22,2020072201038881,MERO,8,44,54,639.00,"34,506.00"
2020-07-22,2020072201038880,MERO,6,44,43,640.00,"27,520.00"
2020-07-22,2020072201038879,MERO,34,44,10,640.00,"6,400.00"
2020-07-22,2020072201038791,MFIL,46,32,204,297.00,"60,588.00"
2020-07-22,2020072201038656,MFIL,44,38,480,295.00,"141,600.00"
2020-07-22,2020072201038655,MFIL,44,57,10,294.00,"2,940.00"
2020-07-22,2020072201038929,MLBL,49,37,928,206.00,"191,168.00"
2020-07-22,2020072201038790,MLBL,6,11,967,207.00,"200,169.00"
2020-07-22,2020072201038626,MLBL,6,13,40,207.00,"8,280.00"
2020-07-22,2020072201038606,MLBL,6,40,100,207.00,"20,700.00"
2020-07-22,2020072201038811,MNBBL,22,48,10,340.00,"3,400.00"
2020-07-22,2020072201038695,MNBBL,28,17,100,335.00,"33,500.00"
2020-07-22,2020072201038694,MNBBL,42,17,100,336.00,"33,600.00"
2020-07-22,2020072201038444,MPFL,45,57,100,112.00,"11,200.00"
2020-07-22,2020072201038443,MPFL,45,57,100,112.00,"11,200.00"
2020-07-22,2020072201038442,MPFL,47,57,45,112.00,"5,040.00"
2020-07-22,2020072201038930,MSMBS,41,1,10,740.00,"7,400.00"
2020-07-22,2020072201038878,NABIL,44,34,180,846.00,"152,280.00"
2020-07-22,2020072201038877,NABIL,33,34,20,847.00,"16,940.00"
2020-07-22,2020072201038700,NABIL,44,55,274,846.00,"231,804.00"
2020-07-22,2020072201038601,NABIL,44,33,500,846.00,"423,000.00"
2020-07-22,2020072201038548,NABIL,44,41,10,846.00,"8,460.00"
2020-07-22,2020072201038883,NADEP,50,28,10,656.00,"6,560.00"
2020-07-22,2020072201038599,NADEP,57,25,23,648.00,"14,904.00"
2020-07-22,2020072201038800,NBB,34,49,300,209.00,"62,700.00"
2020-07-22,2020072201038799,NBB,34,44,200,209.00,"41,800.00"
2020-07-22,2020072201038736,NBB,37,44,300,209.00,"62,700.00"
2020-07-22,2020072201038489,NBB,33,44,"1,000",209.00,"209,000.00"
2020-07-22,2020072201038927,NBL,33,59,10,266.00,"2,660.00"
2020-07-22,2020072201038915,NBL,34,59,100,266.00,"26,600.00"
2020-07-22,2020072201038822,NBL,25,46,400,265.00,"106,000.00"
2020-07-22,2020072201038581,NBL,25,37,600,265.00,"159,000.00"
2020-07-22,2020072201038891,NCCB,8,36,20,199.00,"3,980.00"
2020-07-22,2020072201038904,NFS,48,51,139,132.00,"18,348.00"
2020-07-22,2020072201038933,NIB,13,13,41,458.00,"18,778.00"
2020-07-22,2020072201038932,NIB,13,39,680,458.00,"311,440.00"
2020-07-22,2020072201038931,NIB,13,50,200,456.00,"91,200.00"
2020-07-22,2020072201038906,NIB,42,50,100,456.00,"45,600.00"
2020-07-22,2020072201038698,NIB,35,49,80,455.00,"36,400.00"
2020-07-22,2020072201038506,NIB,56,49,20,455.00,"9,100.00"
2020-07-22,2020072201038485,NIB,48,50,500,456.00,"228,000.00"
2020-07-22,2020072201038890,NIBPO,25,10,100,387.00,"38,700.00"
2020-07-22,2020072201038590,NICA,47,32,100,580.00,"58,000.00"
2020-07-22,2020072201038589,NICA,47,58,500,580.00,"290,000.00"
2020-07-22,2020072201038588,NICA,47,21,100,580.00,"58,000.00"
2020-07-22,2020072201038587,NICA,47,58,80,580.00,"46,400.00"
2020-07-22,2020072201038586,NICA,47,7,100,579.00,"57,900.00"
2020-07-22,2020072201038585,NICA,47,34,112,579.00,"64,848.00"
2020-07-22,2020072201038467,NICA,33,34,88,579.00,"50,952.00"
2020-07-22,2020072201038466,NICA,33,25,62,579.00,"35,898.00"
2020-07-22,2020072201038825,NICL,58,57,30,458.00,"13,740.00"
2020-07-22,2020072201038647,NICL,48,49,10,452.00,"4,520.00"
2020-07-22,2020072201038917,NICLBSL,46,38,10,805.00,"8,050.00"
2020-07-22,2020072201038916,NICLBSL,46,13,10,805.00,"8,050.00"
2020-07-22,2020072201038897,NICLBSL,58,25,10,807.00,"8,070.00"
2020-07-22,2020072201038888,NICLBSL,58,11,10,807.00,"8,070.00"
2020-07-22,2020072201038887,NICLBSL,58,37,10,807.00,"8,070.00"
2020-07-22,2020072201038886,NICLBSL,58,33,10,807.00,"8,070.00"
2020-07-22,2020072201038463,NICLBSL,11,44,10,802.00,"8,020.00"
2020-07-22,2020072201038517,NICLBSL,11,1,10,802.00,"8,020.00"
2020-07-22,2020072201038516,NICLBSL,11,38,10,802.00,"8,020.00"
2020-07-22,2020072201038493,NICLBSL,11,39,10,802.00,"8,020.00"
2020-07-22,2020072201038490,NICLBSL,11,56,10,802.00,"8,020.00"
2020-07-22,2020072201038481,NICLBSL,11,46,20,802.00,"16,040.00"
2020-07-22,2020072201038478,NICLBSL,11,38,10,802.00,"8,020.00"
2020-07-22,2020072201038552,NICLBSL,32,40,10,803.00,"8,030.00"
2020-07-22,2020072201038549,NICLBSL,14,39,10,802.00,"8,020.00"
2020-07-22,2020072201038541,NICLBSL,14,41,10,802.00,"8,020.00"
2020-07-22,2020072201038520,NICLBSL,14,16,10,802.00,"8,020.00"
2020-07-22,2020072201038519,NICLBSL,14,38,10,802.00,"8,020.00"
2020-07-22,2020072201038518,NICLBSL,11,56,10,802.00,"8,020.00"
2020-07-22,2020072201038570,NICLBSL,14,38,10,802.00,"8,020.00"
2020-07-22,2020072201038566,NICLBSL,14,34,10,802.00,"8,020.00"
2020-07-22,2020072201038564,NICLBSL,14,41,10,802.00,"8,020.00"
2020-07-22,2020072201038555,NICLBSL,14,38,10,802.00,"8,020.00"
2020-07-22,2020072201038554,NICLBSL,14,38,10,802.00,"8,020.00"
2020-07-22,2020072201038553,NICLBSL,32,40,10,803.00,"8,030.00"
2020-07-22,2020072201038577,NICLBSL,14,16,10,802.00,"8,020.00"
2020-07-22,2020072201038575,NICLBSL,28,8,10,803.00,"8,030.00"
2020-07-22,2020072201038574,NICLBSL,28,40,10,803.00,"8,030.00"
2020-07-22,2020072201038573,NICLBSL,28,34,10,803.00,"8,030.00"
2020-07-22,2020072201038572,NICLBSL,28,40,10,803.00,"8,030.00"
2020-07-22,2020072201038571,NICLBSL,28,53,10,803.00,"8,030.00"
2020-07-22,2020072201038635,NICLBSL,57,34,10,803.00,"8,030.00"
2020-07-22,2020072201038634,NICLBSL,57,58,10,803.00,"8,030.00"
2020-07-22,2020072201038633,NICLBSL,57,34,10,803.00,"8,030.00"
2020-07-22,2020072201038612,NICLBSL,51,13,10,802.00,"8,020.00"
2020-07-22,2020072201038611,NICLBSL,51,39,10,802.00,"8,020.00"
2020-07-22,2020072201038600,NICLBSL,51,44,10,801.00,"8,010.00"
2020-07-22,2020072201038664,NICLBSL,7,40,10,804.00,"8,040.00"
2020-07-22,2020072201038663,NICLBSL,7,40,10,804.00,"8,040.00"
2020-07-22,2020072201038662,NICLBSL,7,40,10,804.00,"8,040.00"
2020-07-22,2020072201038660,NICLBSL,57,39,10,803.00,"8,030.00"
2020-07-22,2020072201038654,NICLBSL,57,35,20,803.00,"16,060.00"
2020-07-22,2020072201038643,NICLBSL,57,16,10,803.00,"8,030.00"
2020-07-22,2020072201038670,NICLBSL,7,40,10,804.00,"8,040.00"
2020-07-22,2020072201038669,NICLBSL,7,40,10,804.00,"8,040.00"
2020-07-22,2020072201038668,NICLBSL,7,40,10,804.00,"8,040.00"
2020-07-22,2020072201038667,NICLBSL,7,8,10,804.00,"8,040.00"
2020-07-22,2020072201038666,NICLBSL,7,40,10,804.00,"8,040.00"
2020-07-22,2020072201038665,NICLBSL,7,51,10,804.00,"8,040.00"
2020-07-22,2020072201038676,NICLBSL,7,36,10,805.00,"8,050.00"
2020-07-22,2020072201038675,NICLBSL,7,56,10,804.00,"8,040.00"
2020-07-22,2020072201038674,NICLBSL,7,40,10,804.00,"8,040.00"
2020-07-22,2020072201038673,NICLBSL,7,59,10,804.00,"8,040.00"
2020-07-22,2020072201038672,NICLBSL,7,40,10,804.00,"8,040.00"
2020-07-22,2020072201038671,NICLBSL,7,40,10,804.00,"8,040.00"
2020-07-22,2020072201038682,NICLBSL,7,14,10,805.00,"8,050.00"
2020-07-22,2020072201038681,NICLBSL,7,14,10,805.00,"8,050.00"
2020-07-22,2020072201038680,NICLBSL,7,14,20,805.00,"16,100.00"
2020-07-22,2020072201038679,NICLBSL,7,14,10,805.00,"8,050.00"
2020-07-22,2020072201038678,NICLBSL,7,34,10,805.00,"8,050.00"
2020-07-22,2020072201038677,NICLBSL,7,14,10,805.00,"8,050.00"
2020-07-22,2020072201038688,NICLBSL,7,14,10,805.00,"8,050.00"
2020-07-22,2020072201038687,NICLBSL,7,14,10,805.00,"8,050.00"
2020-07-22,2020072201038686,NICLBSL,7,14,10,805.00,"8,050.00"
2020-07-22,2020072201038685,NICLBSL,7,14,10,805.00,"8,050.00"
2020-07-22,2020072201038684,NICLBSL,7,14,10,805.00,"8,050.00"
2020-07-22,2020072201038683,NICLBSL,7,14,20,805.00,"16,100.00"
2020-07-22,2020072201038732,NICLBSL,55,14,10,805.00,"8,050.00"
2020-07-22,2020072201038727,NICLBSL,56,8,10,804.00,"8,040.00"
2020-07-22,2020072201038723,NICLBSL,56,49,10,804.00,"8,040.00"
2020-07-22,2020072201038691,NICLBSL,7,14,10,805.00,"8,050.00"
2020-07-22,2020072201038690,NICLBSL,7,14,10,805.00,"8,050.00"
2020-07-22,2020072201038689,NICLBSL,7,14,20,805.00,"16,100.00"
2020-07-22,2020072201038768,NICLBSL,56,56,10,804.00,"8,040.00"
2020-07-22,2020072201038765,NICLBSL,56,16,10,804.00,"8,040.00"
2020-07-22,2020072201038739,NICLBSL,56,42,20,804.00,"16,080.00"
2020-07-22,2020072201038735,NICLBSL,55,29,20,805.00,"16,100.00"
2020-07-22,2020072201038734,NICLBSL,55,42,10,805.00,"8,050.00"
2020-07-22,2020072201038733,NICLBSL,55,36,10,805.00,"8,050.00"
2020-07-22,2020072201038786,NICLBSL,14,40,10,805.00,"8,050.00"
2020-07-22,2020072201038785,NICLBSL,14,17,10,805.00,"8,050.00"
2020-07-22,2020072201038784,NICLBSL,14,21,10,805.00,"8,050.00"
2020-07-22,2020072201038783,NICLBSL,14,34,10,805.00,"8,050.00"
2020-07-22,2020072201038782,NICLBSL,14,8,10,805.00,"8,050.00"
2020-07-22,2020072201038781,NICLBSL,14,41,10,805.00,"8,050.00"
2020-07-22,2020072201038798,NICLBSL,56,57,10,804.00,"8,040.00"
2020-07-22,2020072201038794,NICLBSL,56,39,10,804.00,"8,040.00"
2020-07-22,2020072201038792,NICLBSL,56,54,20,804.00,"16,080.00"
2020-07-22,2020072201038789,NICLBSL,14,6,10,805.00,"8,050.00"
2020-07-22,2020072201038788,NICLBSL,14,50,10,805.00,"8,050.00"
2020-07-22,2020072201038787,NICLBSL,14,6,20,805.00,"16,100.00"
2020-07-22,2020072201038818,NICLBSL,46,38,10,805.00,"8,050.00"
2020-07-22,2020072201038815,NICLBSL,28,42,10,805.00,"8,050.00"
2020-07-22,2020072201038807,NICLBSL,28,34,10,805.00,"8,050.00"
2020-07-22,2020072201038806,NICLBSL,28,26,10,805.00,"8,050.00"
2020-07-22,2020072201038805,NICLBSL,28,47,10,805.00,"8,050.00"
2020-07-22,2020072201038804,NICLBSL,28,50,10,805.00,"8,050.00"
2020-07-22,2020072201038844,NICLBSL,6,35,20,806.00,"16,120.00"
2020-07-22,2020072201038843,NICLBSL,6,8,10,806.00,"8,060.00"
2020-07-22,2020072201038842,NICLBSL,6,8,10,806.00,"8,060.00"
2020-07-22,2020072201038839,NICLBSL,46,34,10,805.00,"8,050.00"
2020-07-22,2020072201038828,NICLBSL,46,14,10,805.00,"8,050.00"
2020-07-22,2020072201038826,NICLBSL,46,38,10,805.00,"8,050.00"
2020-07-22,2020072201038856,NICLBSL,6,49,10,806.00,"8,060.00"
2020-07-22,2020072201038852,NICLBSL,6,13,10,806.00,"8,060.00"
2020-07-22,2020072201038849,NICLBSL,6,16,10,806.00,"8,060.00"
2020-07-22,2020072201038847,NICLBSL,6,46,10,806.00,"8,060.00"
2020-07-22,2020072201038846,NICLBSL,6,6,10,806.00,"8,060.00"
2020-07-22,2020072201038845,NICLBSL,6,6,10,806.00,"8,060.00"
2020-07-22,2020072201038885,NICLBSL,58,47,10,806.00,"8,060.00"
2020-07-22,2020072201038882,NICLBSL,46,58,10,805.00,"8,050.00"
2020-07-22,2020072201038875,NICLBSL,6,19,10,806.00,"8,060.00"
2020-07-22,2020072201038873,NICLBSL,6,39,10,806.00,"8,060.00"
2020-07-22,2020072201038858,NICLBSL,6,26,20,806.00,"16,120.00"
2020-07-22,2020072201038857,NICLBSL,6,54,10,806.00,"8,060.00"
2020-07-22,2020072201038803,NIL,34,59,10,638.00,"6,380.00"
2020-07-22,2020072201038528,NIL,25,34,153,634.00,"97,002.00"
2020-07-22,2020072201038527,NIL,49,34,347,634.00,"219,998.00"
2020-07-22,2020072201038526,NIL,6,34,500,635.00,"317,500.00"
2020-07-22,2020072201038751,NLBBL,46,36,10,750.00,"7,500.00"
2020-07-22,2020072201038703,NLG,26,3,18,648.00,"11,664.00"
2020-07-22,2020072201038702,NLG,34,3,28,649.00,"18,172.00"
2020-07-22,2020072201038701,NLG,34,3,25,649.00,"16,225.00"
2020-07-22,2020072201038529,NLG,45,58,56,647.00,"36,232.00"
2020-07-22,2020072201038926,NLIC,44,39,40,"1,320.00","52,800.00"
2020-07-22,2020072201038925,NLIC,17,39,50,"1,321.00","66,050.00"
2020-07-22,2020072201038924,NLIC,19,39,10,"1,321.00","13,210.00"
2020-07-22,2020072201038819,NLIC,19,35,100,"1,321.00","132,100.00"
2020-07-22,2020072201038772,NLIC,19,35,100,"1,321.00","132,100.00"
2020-07-22,2020072201038453,NLIC,19,14,100,"1,321.00","132,100.00"
2020-07-22,2020072201038919,NMB,38,50,52,429.00,"22,308.00"
2020-07-22,2020072201038918,NMB,13,50,200,429.00,"85,800.00"
2020-07-22,2020072201038909,NMB,52,51,347,430.00,"149,210.00"
2020-07-22,2020072201038908,NMB,52,59,"1,307",430.00,"562,010.00"
2020-07-22,2020072201038907,NMB,52,34,346,430.00,"148,780.00"
2020-07-22,2020072201038872,NMB,59,34,124,430.00,"53,320.00"
2020-07-22,2020072201038449,NMB,50,44,100,427.00,"42,700.00"
2020-07-22,2020072201038448,NMB,14,44,356,427.00,"152,012.00"
2020-07-22,2020072201038447,NMB,19,44,100,427.00,"42,700.00"
2020-07-22,2020072201038446,NMB,33,44,44,427.00,"18,788.00"
2020-07-22,2020072201038579,NMB,33,26,30,428.00,"12,840.00"
2020-07-22,2020072201038578,NMB,33,16,36,428.00,"15,408.00"
2020-07-22,2020072201038562,NMB,52,16,24,428.00,"10,272.00"
2020-07-22,2020072201038561,NMB,52,49,476,428.00,"203,728.00"
2020-07-22,2020072201038477,NMB,44,44,"2,000",427.00,"854,000.00"
2020-07-22,2020072201038455,NMB,46,44,400,427.00,"170,800.00"
2020-07-22,2020072201038810,NMB,6,39,500,429.00,"214,500.00"
2020-07-22,2020072201038809,NMB,6,14,151,429.00,"64,779.00"
2020-07-22,2020072201038724,NMB,33,49,205,428.00,"87,740.00"
2020-07-22,2020072201038720,NMB,42,14,50,429.00,"21,450.00"
2020-07-22,2020072201038692,NMB,33,14,300,429.00,"128,700.00"
2020-07-22,2020072201038608,NMB,49,14,29,429.00,"12,441.00"
2020-07-22,2020072201038693,NMBHF1,21,10,100,9.95,995.00
2020-07-22,2020072201038821,NMBMF,34,28,10,780.00,"7,800.00"
2020-07-22,2020072201038938,NRIC,39,21,100,535.00,"53,500.00"
2020-07-22,2020072201038913,NRIC,39,35,50,535.00,"26,750.00"
2020-07-22,2020072201038912,NRIC,39,49,800,535.00,"428,000.00"
2020-07-22,2020072201038905,NRIC,8,42,40,532.00,"21,280.00"
2020-07-22,2020072201038895,NRIC,40,49,200,535.00,"107,000.00"
2020-07-22,2020072201038894,NRIC,40,48,330,535.00,"176,550.00"
2020-07-22,2020072201038464,NRIC,36,42,30,531.00,"15,930.00"
2020-07-22,2020072201038439,NRIC,36,38,40,531.00,"21,240.00"
2020-07-22,2020072201038540,NRIC,48,58,40,531.00,"21,240.00"
2020-07-22,2020072201038502,NRIC,48,50,30,531.00,"15,930.00"
2020-07-22,2020072201038486,NRIC,48,44,40,531.00,"21,240.00"
2020-07-22,2020072201038476,NRIC,48,48,50,531.00,"26,550.00"
2020-07-22,2020072201038472,NRIC,32,34,25,533.00,"13,325.00"
2020-07-22,2020072201038465,NRIC,49,42,10,530.00,"5,300.00"
2020-07-22,2020072201038644,NRIC,56,58,40,532.00,"21,280.00"
2020-07-22,2020072201038629,NRIC,56,48,50,532.00,"26,600.00"
2020-07-22,2020072201038628,NRIC,58,34,15,533.00,"7,995.00"
2020-07-22,2020072201038551,NRIC,54,44,30,531.00,"15,930.00"
2020-07-22,2020072201038550,NRIC,48,44,10,531.00,"5,310.00"
2020-07-22,2020072201038542,NRIC,48,55,30,531.00,"15,930.00"
2020-07-22,2020072201038716,NRIC,14,38,20,534.00,"10,680.00"
2020-07-22,2020072201038715,NRIC,14,57,50,533.00,"26,650.00"
2020-07-22,2020072201038711,NRIC,56,49,40,532.00,"21,280.00"
2020-07-22,2020072201038710,NRIC,56,29,25,532.00,"13,300.00"
2020-07-22,2020072201038709,NRIC,19,29,15,533.00,"7,995.00"
2020-07-22,2020072201038649,NRIC,56,42,40,532.00,"21,280.00"
2020-07-22,2020072201038743,NRIC,54,17,200,531.00,"106,200.00"
2020-07-22,2020072201038741,NRIC,54,58,40,531.00,"21,240.00"
2020-07-22,2020072201038728,NRIC,54,38,40,531.00,"21,240.00"
2020-07-22,2020072201038719,NRIC,14,52,40,535.00,"21,400.00"
2020-07-22,2020072201038718,NRIC,14,22,10,535.00,"5,350.00"
2020-07-22,2020072201038717,NRIC,14,22,30,535.00,"16,050.00"
2020-07-22,2020072201038780,NRIC,54,48,110,535.00,"58,850.00"
2020-07-22,2020072201038779,NRIC,54,42,40,535.00,"21,400.00"
2020-07-22,2020072201038778,NRIC,54,42,100,535.00,"53,500.00"
2020-07-22,2020072201038777,NRIC,54,58,40,535.00,"21,400.00"
2020-07-22,2020072201038776,NRIC,54,54,10,535.00,"5,350.00"
2020-07-22,2020072201038754,NRIC,54,58,40,531.00,"21,240.00"
2020-07-22,2020072201038893,NRIC,40,57,30,533.00,"15,990.00"
2020-07-22,2020072201038884,NRIC,8,37,40,532.00,"21,280.00"
2020-07-22,2020072201038871,NRIC,8,48,40,532.00,"21,280.00"
2020-07-22,2020072201038817,NRIC,36,48,60,535.00,"32,100.00"
2020-07-22,2020072201038808,NRIC,36,38,30,532.00,"15,960.00"
2020-07-22,2020072201038793,NRIC,36,57,20,532.00,"10,640.00"
2020-07-22,2020072201038699,NSEWA,43,48,10,764.00,"7,640.00"
2020-07-22,2020072201038870,NTC,34,38,10,653.00,"6,530.00"
2020-07-22,2020072201038480,NTC,4,14,189,651.00,"123,039.00"
2020-07-22,2020072201038479,NTC,41,14,20,651.00,"13,020.00"
2020-07-22,2020072201038874,NUBL,26,56,25,985.00,"24,625.00"
2020-07-22,2020072201038714,NUBL,16,37,143,986.00,"140,998.00"
2020-07-22,2020072201038624,NUBL,16,43,50,986.00,"49,300.00"
2020-07-22,2020072201038936,PIC,6,29,151,612.00,"92,412.00"
2020-07-22,2020072201038827,PIC,50,52,25,610.00,"15,250.00"
2020-07-22,2020072201038646,PLIC,58,56,139,546.00,"75,894.00"
2020-07-22,2020072201038922,PMHPL,13,47,10,71.00,710.00
2020-07-22,2020072201038863,PPCL,32,39,20,112.00,"2,240.00"
2020-07-22,2020072201038616,PRIN,38,49,50,500.00,"25,000.00"
2020-07-22,2020072201038841,PRVU,28,10,30,244.00,"7,320.00"
2020-07-22,2020072201038771,PRVU,14,36,59,243.00,"14,337.00"
2020-07-22,2020072201038560,PRVU,14,42,201,243.00,"48,843.00"
2020-07-22,2020072201038452,PRVU,39,28,385,243.00,"93,555.00"
2020-07-22,2020072201038801,RHPL,48,58,30,144.00,"4,320.00"
2020-07-22,2020072201038921,RSDC,58,52,14,514.00,"7,196.00"
2020-07-22,2020072201038859,RSDC,10,52,10,515.00,"5,150.00"
2020-07-22,2020072201038855,RSDC,43,36,30,516.00,"15,480.00"
2020-07-22,2020072201038722,RSDC,10,25,40,515.00,"20,600.00"
2020-07-22,2020072201038648,RSDC,29,52,10,517.00,"5,170.00"
2020-07-22,2020072201038937,SADBL,17,43,27,152.00,"4,104.00"
2020-07-22,2020072201038609,SADBL,14,43,100,155.00,"15,500.00"
2020-07-22,2020072201038802,SANIMA,32,58,350,367.00,"128,450.00"
2020-07-22,2020072201038746,SANIMA,32,17,50,367.00,"18,350.00"
2020-07-22,2020072201038558,SANIMA,32,36,100,367.00,"36,700.00"
2020-07-22,2020072201038557,SANIMA,32,19,100,367.00,"36,700.00"
2020-07-22,2020072201038556,SANIMA,32,47,400,367.00,"146,800.00"
2020-07-22,2020072201038539,SANIMA,26,47,100,367.00,"36,700.00"
2020-07-22,2020072201038730,SBI,50,59,300,447.00,"134,100.00"
2020-07-22,2020072201038657,SBI,50,48,50,445.00,"22,250.00"
2020-07-22,2020072201038546,SBL,17,43,300,320.00,"96,000.00"
2020-07-22,2020072201038583,SCB,16,17,50,676.00,"33,800.00"
2020-07-22,2020072201038445,SCB,44,57,150,677.00,"101,550.00"
2020-07-22,2020072201038508,SDESI,47,17,18,890.00,"16,020.00"
2020-07-22,2020072201038507,SDESI,42,17,10,890.00,"8,900.00"
2020-07-22,2020072201038820,SHIVM,38,34,200,608.00,"121,600.00"
2020-07-22,2020072201038580,SHIVM,38,29,200,608.00,"121,600.00"
2020-07-22,2020072201038487,SHIVM,38,3,300,608.00,"182,400.00"
2020-07-22,2020072201038864,SHPC,34,57,10,223.00,"2,230.00"
2020-07-22,2020072201038767,SIC,13,10,64,730.00,"46,720.00"
2020-07-22,2020072201038766,SIC,13,35,86,725.00,"62,350.00"
2020-07-22,2020072201038876,SICL,26,46,100,"1,134.00","113,400.00"
2020-07-22,2020072201038533,SICL,26,38,190,"1,135.00","215,650.00"
2020-07-22,2020072201038532,SICL,26,25,50,"1,134.00","56,700.00"
2020-07-22,2020072201038509,SICL,44,25,50,"1,134.00","56,700.00"
2020-07-22,2020072201038745,SICL,49,41,50,"1,134.00","56,700.00"
2020-07-22,2020072201038744,SICL,49,49,78,"1,134.00","88,452.00"
2020-07-22,2020072201038610,SICL,7,49,162,"1,135.00","183,870.00"
2020-07-22,2020072201038543,SICL,7,38,10,"1,135.00","11,350.00"
2020-07-22,2020072201038840,SJCL,41,58,10,135.00,"1,350.00"
2020-07-22,2020072201038602,SKBBL,34,41,10,"1,270.00","12,700.00"
2020-07-22,2020072201038910,SLBBL,54,28,10,890.00,"8,900.00"
2020-07-22,2020072201038796,SLBBL,54,28,25,890.00,"22,250.00"
2020-07-22,2020072201038471,SLBS,48,1,37,991.00,"36,667.00"
2020-07-22,2020072201038911,SLICL,33,51,50,448.00,"22,400.00"
2020-07-22,2020072201038605,SLICL,43,51,450,448.00,"201,600.00"
2020-07-22,2020072201038604,SLICL,43,16,50,447.00,"22,350.00"
2020-07-22,2020072201038461,SLICL,25,58,14,441.00,"6,174.00"
2020-07-22,2020072201038460,SLICL,34,58,580,441.00,"255,780.00"
2020-07-22,2020072201038459,SLICL,38,58,20,441.00,"8,820.00"
2020-07-22,2020072201038458,SLICL,10,58,50,441.00,"22,050.00"
2020-07-22,2020072201038457,SLICL,29,58,30,443.00,"13,290.00"
2020-07-22,2020072201038456,SLICL,50,58,30,443.00,"13,290.00"
2020-07-22,2020072201038797,STC,49,14,100,"2,760.00","276,000.00"
2020-07-22,2020072201038623,STC,49,26,30,"2,760.00","82,800.00"
2020-07-22,2020072201038696,SWBBL,44,29,170,"1,176.00","199,920.00"
2020-07-22,2020072201038661,SWBBL,58,7,20,"1,180.00","23,600.00"
2020-07-22,2020072201038725,TMDBL,6,57,10,181.00,"1,810.00"
2020-07-22,2020072201038853,UIC,17,5,20,381.00,"7,620.00"
2020-07-22,2020072201038659,UIC,32,5,100,381.00,"38,100.00"
2020-07-22,2020072201038484,UPPER,41,1,100,234.00,"23,400.00"
2020-07-22,2020072201038498,VLBS,56,13,100,975.00,"97,500.00"
2020-07-22,2020072201038497,VLBS,42,13,80,976.00,"78,080.00"
2020-07-22,2020072201038496,VLBS,38,13,54,976.00,"52,704.00"
2020-07-22,2020072201038495,VLBS,20,13,100,977.00,"97,700.00"
2020-07-22,2020072201038515,WOMI,56,1,57,962.00,"54,834.00"
2020-07-22,2020072201038514,WOMI,38,1,10,964.00,"9,640.00"
2020-07-22,2020072201038433,ADBL,25,58,404,426.00,"172,104.00"
2020-07-22,2020072201038432,ADBL,25,34,490,426.00,"208,740.00"
2020-07-22,2020072201038431,ADBL,25,38,16,426.00,"6,816.00"
2020-07-22,2020072201038430,ADBL,25,49,50,425.00,"21,250.00"
2020-07-22,2020072201038429,ADBL,25,14,100,425.00,"42,500.00"
2020-07-22,2020072201038428,ADBL,25,58,67,425.00,"28,475.00"
2020-07-22,2020072201038427,ADBL,25,58,249,424.00,"105,576.00"
2020-07-22,2020072201038194,ADBL,25,38,200,423.00,"84,600.00"
2020-07-22,2020072201038193,ADBL,56,38,100,423.00,"42,300.00"
2020-07-22,2020072201038176,ADBL,57,57,250,424.00,"106,000.00"
2020-07-22,2020072201037967,ADBL,14,57,250,424.00,"106,000.00"
2020-07-22,2020072201038292,AKJCL,11,26,20,49.10,982.00
2020-07-22,2020072201037958,AKJCL,11,26,10,49.10,491.00
2020-07-22,2020072201038128,ALBSL,38,14,10,724.00,"7,240.00"
2020-07-22,2020072201038363,ALICL,19,50,50,628.00,"31,400.00"
2020-07-22,2020072201037947,BARUN,13,21,10,83.00,830.00
2020-07-22,2020072201038368,BOKL,32,42,200,234.00,"46,800.00"
2020-07-22,2020072201038002,BOKL,44,41,"1,384",233.00,"322,472.00"
2020-07-22,2020072201038001,BOKL,59,41,116,233.00,"27,028.00"
2020-07-22,2020072201038377,BPCL,48,13,10,355.00,"3,550.00"
2020-07-22,2020072201038280,BPCL,47,13,100,355.00,"35,500.00"
2020-07-22,2020072201038139,BPCL,22,13,150,355.00,"53,250.00"
2020-07-22,2020072201038138,BPCL,40,13,100,355.00,"35,500.00"
2020-07-22,2020072201038137,BPCL,57,13,20,355.00,"7,100.00"
2020-07-22,2020072201038136,BPCL,58,13,20,355.00,"7,100.00"
2020-07-22,2020072201038135,BPCL,36,13,250,355.00,"88,750.00"
2020-07-22,2020072201038134,BPCL,29,13,100,355.00,"35,500.00"
2020-07-22,2020072201038133,BPCL,39,13,141,356.00,"50,196.00"
2020-07-22,2020072201038132,BPCL,38,13,29,357.00,"10,353.00"
2020-07-22,2020072201038398,CBBL,57,43,50,"1,070.00","53,500.00"
2020-07-22,2020072201038339,CBBL,42,43,10,"1,070.00","10,700.00"
2020-07-22,2020072201038338,CBBL,53,43,100,"1,070.00","107,000.00"
2020-07-22,2020072201038337,CBBL,41,43,25,"1,070.00","26,750.00"
2020-07-22,2020072201038336,CBBL,54,43,474,"1,070.00","507,180.00"
2020-07-22,2020072201038325,CBBL,54,54,26,"1,070.00","27,820.00"
2020-07-22,2020072201038324,CBBL,59,54,50,"1,070.00","53,500.00"
2020-07-22,2020072201038323,CBBL,54,54,924,"1,070.00","988,680.00"
2020-07-22,2020072201038166,CBBL,19,49,150,"1,073.00","160,950.00"
2020-07-22,2020072201037996,CBBL,16,43,144,"1,071.00","154,224.00"
2020-07-22,2020072201038048,CBL,43,57,10,146.00,"1,460.00"
2020-07-22,2020072201038283,CCBL,38,41,90,178.00,"16,020.00"
2020-07-22,2020072201038026,CIT,11,33,10,"2,520.00","25,200.00"
2020-07-22,2020072201037994,CLBSL,44,21,11,735.00,"8,085.00"
2020-07-22,2020072201037977,CLBSL,49,6,49,745.00,"36,505.00"
2020-07-22,2020072201037976,CLBSL,49,29,17,745.00,"12,665.00"
2020-07-22,2020072201037975,CLBSL,49,29,27,745.00,"20,115.00"
2020-07-22,2020072201038262,CZBIL,17,41,309,203.00,"62,727.00"
2020-07-22,2020072201038261,CZBIL,17,10,100,202.00,"20,200.00"
2020-07-22,2020072201038112,DDBL,26,34,150,856.00,"128,400.00"
2020-07-22,2020072201038051,DDBL,28,34,50,856.00,"42,800.00"
2020-07-22,2020072201038426,EBL,33,17,50,756.00,"37,800.00"
2020-07-22,2020072201038177,EBL,50,17,50,755.00,"37,750.00"
2020-07-22,2020072201038263,FMDBL,21,36,53,536.00,"28,408.00"
2020-07-22,2020072201037949,FMDBL,56,28,20,535.00,"10,700.00"
2020-07-22,2020072201038034,FOWAD,26,38,32,"1,540.00","49,280.00"
2020-07-22,2020072201038033,FOWAD,26,38,16,"1,540.00","24,640.00"
2020-07-22,2020072201038032,FOWAD,56,38,105,"1,540.00","161,700.00"
2020-07-22,2020072201038031,FOWAD,26,38,48,"1,540.00","73,920.00"
2020-07-22,2020072201037939,FOWAD,26,58,152,"1,540.00","234,080.00"
2020-07-22,2020072201038317,GBBL,6,42,617,245.00,"151,165.00"
2020-07-22,2020072201038223,GBBL,33,6,500,247.00,"123,500.00"
2020-07-22,2020072201038222,GBBL,33,42,100,247.00,"24,700.00"
2020-07-22,2020072201038213,GBBL,6,6,593,245.00,"145,285.00"
2020-07-22,2020072201038212,GBBL,49,6,300,245.00,"73,500.00"
2020-07-22,2020072201038211,GBBL,53,6,50,245.00,"12,250.00"
2020-07-22,2020072201038210,GBBL,46,6,57,245.00,"13,965.00"
2020-07-22,2020072201037998,GBBL,46,18,943,245.00,"231,035.00"
2020-07-22,2020072201037997,GBBL,8,18,57,245.00,"13,965.00"
2020-07-22,2020072201037952,GBBL,8,17,443,245.00,"108,535.00"
2020-07-22,2020072201037951,GBBL,16,17,500,245.00,"122,500.00"
2020-07-22,2020072201037950,GBBL,4,17,27,246.00,"6,642.00"
2020-07-22,2020072201038326,GBIME,6,57,30,260.00,"7,800.00"
2020-07-22,2020072201038304,GBIME,29,14,123,263.00,"32,349.00"
2020-07-22,2020072201038303,GBIME,29,47,145,262.00,"37,990.00"
2020-07-22,2020072201038302,GBIME,29,26,40,261.00,"10,440.00"
2020-07-22,2020072201038020,GBIME,6,58,50,260.00,"13,000.00"
2020-07-22,2020072201038019,GBIME,43,58,100,261.00,"26,100.00"
2020-07-22,2020072201038064,GBLBS,47,14,15,512.00,"7,680.00"
2020-07-22,2020072201038044,GLBSL,16,58,10,784.00,"7,840.00"
2020-07-22,2020072201038204,GMFBS,28,35,10,800.00,"8,000.00"
2020-07-22,2020072201038203,GMFBS,28,38,10,800.00,"8,000.00"
2020-07-22,2020072201038234,GMFIL,34,16,807,123.00,"99,261.00"
2020-07-22,2020072201038233,GMFIL,55,16,100,124.00,"12,400.00"
2020-07-22,2020072201038406,GUFL,32,48,10,124.00,"1,240.00"
2020-07-22,2020072201038370,HBL,52,52,50,578.00,"28,900.00"
2020-07-22,2020072201037965,HBL,1,13,97,577.00,"55,969.00"
2020-07-22,2020072201038399,HDL,49,35,10,"1,734.00","17,340.00"
2020-07-22,2020072201038246,HDL,49,13,10,"1,735.00","17,350.00"
2020-07-22,2020072201038058,HDL,32,48,30,"1,735.00","52,050.00"
2020-07-22,2020072201037980,HDL,52,13,10,"1,735.00","17,350.00"
2020-07-22,2020072201038247,ICFC,38,25,30,186.00,"5,580.00"
2020-07-22,2020072201038241,ICFC,35,48,10,187.00,"1,870.00"
2020-07-22,2020072201038161,ICFC,38,43,"1,671",186.00,"310,806.00"
2020-07-22,2020072201038149,ILBS,57,58,11,788.00,"8,668.00"
2020-07-22,2020072201038104,ILBS,57,1,52,788.00,"40,976.00"
2020-07-22,2020072201038103,ILBS,25,1,48,789.00,"37,872.00"
2020-07-22,2020072201038168,JBBL,58,21,16,180.00,"2,880.00"
2020-07-22,2020072201038109,JBBL,58,49,150,180.00,"27,000.00"
2020-07-22,2020072201038309,JOSHI,45,21,20,48.00,960.00
2020-07-22,2020072201038192,KBL,14,43,200,199.00,"39,800.00"
2020-07-22,2020072201038191,KBL,42,43,100,199.00,"19,900.00"
2020-07-22,2020072201038190,KBL,51,43,200,199.00,"39,800.00"
2020-07-22,2020072201038189,KBL,26,43,500,199.00,"99,500.00"
2020-07-22,2020072201037957,KBL,51,26,100,200.00,"20,000.00"
2020-07-22,2020072201037956,KBL,35,26,68,200.00,"13,600.00"
2020-07-22,2020072201037955,KBL,21,26,26,200.00,"5,200.00"
2020-07-22,2020072201038069,KMCDB,26,22,10,783.00,"7,830.00"
2020-07-22,2020072201038154,KSBBL,59,13,133,157.00,"20,881.00"
2020-07-22,2020072201038288,LBBL,6,57,50,195.00,"9,750.00"
2020-07-22,2020072201038181,LBBL,28,16,50,196.00,"9,800.00"
2020-07-22,2020072201038308,LBL,52,51,849,235.00,"199,515.00"
2020-07-22,2020072201038307,LBL,56,51,101,235.00,"23,735.00"
2020-07-22,2020072201038306,LBL,25,51,283,235.00,"66,505.00"
2020-07-22,2020072201038108,LICN,59,55,200,"1,403.00","280,600.00"
2020-07-22,2020072201038107,LICN,34,55,150,"1,403.00","210,450.00"
2020-07-22,2020072201038279,MBL,37,50,100,236.00,"23,600.00"
2020-07-22,2020072201038278,MBL,34,50,300,237.00,"71,100.00"
2020-07-22,2020072201038277,MBL,26,50,400,237.00,"94,800.00"
2020-07-22,2020072201037973,MDB,45,28,94,329.00,"30,926.00"
2020-07-22,2020072201037972,MDB,17,28,200,329.00,"65,800.00"
2020-07-22,2020072201037971,MDB,38,28,276,329.00,"90,804.00"
2020-07-22,2020072201037944,MDB,42,28,10,330.00,"3,300.00"
2020-07-22,2020072201037943,MDB,41,28,100,330.00,"33,000.00"
2020-07-22,2020072201037942,MDB,47,28,20,332.00,"6,640.00"
2020-07-22,2020072201037941,MDB,25,28,300,333.00,"99,900.00"
2020-07-22,2020072201038282,MEGA,28,58,20,234.00,"4,680.00"
2020-07-22,2020072201038117,MEGA,59,56,100,233.00,"23,300.00"
2020-07-22,2020072201038116,MEGA,59,1,250,233.00,"58,250.00"
2020-07-22,2020072201038115,MEGA,59,1,500,233.00,"116,500.00"
2020-07-22,2020072201037963,MEGA,58,33,200,232.00,"46,400.00"
2020-07-22,2020072201038114,MEGA,59,26,59,233.00,"13,747.00"
2020-07-22,2020072201038088,MEGA,36,46,100,232.00,"23,200.00"
2020-07-22,2020072201038000,MEGA,14,46,100,232.00,"23,200.00"
2020-07-22,2020072201037999,MEGA,14,33,100,232.00,"23,200.00"
2020-07-22,2020072201037995,MEGA,14,33,300,232.00,"69,600.00"
2020-07-22,2020072201038395,MFIL,28,38,20,295.00,"5,900.00"
2020-07-22,2020072201038237,MFIL,46,28,96,290.00,"27,840.00"
2020-07-22,2020072201038153,MFIL,33,28,45,290.00,"13,050.00"
2020-07-22,2020072201038342,MLBL,6,13,211,207.00,"43,677.00"
2020-07-22,2020072201038209,MLBL,6,58,128,207.00,"26,496.00"
2020-07-22,2020072201038285,MNBBL,28,28,359,335.00,"120,265.00"
2020-07-22,2020072201038284,MNBBL,29,28,122,336.00,"40,992.00"
2020-07-22,2020072201038252,MNBBL,29,28,878,336.00,"295,008.00"
2020-07-22,2020072201038251,MNBBL,14,28,200,336.00,"67,200.00"
2020-07-22,2020072201038250,MNBBL,35,28,22,336.00,"7,392.00"
2020-07-22,2020072201038249,MNBBL,13,28,200,337.00,"67,400.00"
2020-07-22,2020072201038151,MNBBL,35,48,478,336.00,"160,608.00"
2020-07-22,2020072201038150,MNBBL,34,48,122,336.00,"40,992.00"
2020-07-22,2020072201038423,NABIL,44,14,50,846.00,"42,300.00"
2020-07-22,2020072201038422,NABIL,52,14,50,847.00,"42,350.00"
2020-07-22,2020072201038253,NABIL,22,41,138,848.00,"117,024.00"
2020-07-22,2020072201038113,NABIL,33,34,200,849.00,"169,800.00"
2020-07-22,2020072201038022,NABIL,33,6,100,849.00,"84,900.00"
2020-07-22,2020072201038388,NBB,38,44,107,209.00,"22,363.00"
2020-07-22,2020072201038387,NBB,34,44,393,209.00,"82,137.00"
2020-07-22,2020072201038291,NBB,38,20,100,210.00,"21,000.00"
2020-07-22,2020072201038094,NBB,7,28,"1,000",209.00,"209,000.00"
2020-07-22,2020072201038093,NBB,37,28,500,209.00,"104,500.00"
2020-07-22,2020072201038092,NBB,1,28,50,209.00,"10,450.00"
2020-07-22,2020072201038091,NBB,45,28,100,209.00,"20,900.00"
2020-07-22,2020072201038090,NBB,26,28,209,209.00,"43,681.00"
2020-07-22,2020072201038089,NBB,19,28,200,210.00,"42,000.00"
2020-07-22,2020072201038243,NBB,34,20,400,210.00,"84,000.00"
2020-07-22,2020072201038242,NBB,34,29,100,210.00,"21,000.00"
2020-07-22,2020072201038165,NBB,34,28,107,209.00,"22,363.00"
2020-07-22,2020072201038096,NBB,33,28,500,209.00,"104,500.00"
2020-07-22,2020072201038095,NBB,38,28,500,209.00,"104,500.00"
2020-07-22,2020072201038294,NBL,19,48,500,265.00,"132,500.00"
2020-07-22,2020072201038425,NCCB,33,36,10,199.00,"1,990.00"
2020-07-22,2020072201038356,NCCB,56,34,269,197.00,"52,993.00"
2020-07-22,2020072201038355,NCCB,42,34,51,197.00,"10,047.00"
2020-07-22,2020072201038354,NCCB,39,34,200,197.00,"39,400.00"
2020-07-22,2020072201038353,NCCB,52,34,100,197.00,"19,700.00"
2020-07-22,2020072201038352,NCCB,8,34,300,197.00,"59,100.00"
2020-07-22,2020072201038351,NCCB,41,34,50,197.00,"9,850.00"
2020-07-22,2020072201038350,NCCB,6,34,100,197.00,"19,700.00"
2020-07-22,2020072201038349,NCCB,51,34,526,197.00,"103,622.00"
2020-07-22,2020072201038254,NCCB,51,28,105,197.00,"20,685.00"
2020-07-22,2020072201038360,NHDL,38,21,10,130.00,"1,300.00"
2020-07-22,2020072201038420,NIB,41,41,96,454.00,"43,584.00"
2020-07-22,2020072201038419,NIB,42,41,20,454.00,"9,080.00"
2020-07-22,2020072201038418,NIB,42,41,20,454.00,"9,080.00"
2020-07-22,2020072201038417,NIB,37,41,100,454.00,"45,400.00"
2020-07-22,2020072201038416,NIB,26,41,100,454.00,"45,400.00"
2020-07-22,2020072201038415,NIB,1,41,74,454.00,"33,596.00"
2020-07-22,2020072201038162,NIB,57,10,100,455.00,"45,500.00"
2020-07-22,2020072201038076,NIB,41,50,50,456.00,"22,800.00"
2020-07-22,2020072201038073,NIB,34,50,70,456.00,"31,920.00"
2020-07-22,2020072201038072,NIB,17,50,20,457.00,"9,140.00"
2020-07-22,2020072201038068,NIB,3,39,100,458.00,"45,800.00"
2020-07-22,2020072201038057,NIB,17,1,180,457.00,"82,260.00"
2020-07-22,2020072201038405,NIB,3,50,50,456.00,"22,800.00"
2020-07-22,2020072201038318,NIB,49,50,10,456.00,"4,560.00"
2020-07-22,2020072201038269,NIB,42,10,100,455.00,"45,500.00"
2020-07-22,2020072201038255,NIB,52,10,200,455.00,"91,000.00"
2020-07-22,2020072201038164,NIB,35,10,100,455.00,"45,500.00"
2020-07-22,2020072201038163,NIB,13,10,500,455.00,"227,500.00"
2020-07-22,2020072201038322,NIBPO,58,49,26,386.00,"10,036.00"
2020-07-22,2020072201038321,NIBPO,54,49,924,386.00,"356,664.00"
2020-07-22,2020072201038320,NIBPO,17,49,50,387.00,"19,350.00"
2020-07-22,2020072201038319,NIBPO,58,49,500,387.00,"193,500.00"
2020-07-22,2020072201038290,NIBPO,7,49,"1,000",388.00,"388,000.00"
2020-07-22,2020072201038289,NIBPO,58,49,950,388.00,"368,600.00"
2020-07-22,2020072201038362,NIBSF1,39,21,"8,000",10.00,"80,000.00"
2020-07-22,2020072201038361,NIBSF1,39,38,"1,000",10.00,"10,000.00"
2020-07-22,2020072201038404,NICA,25,57,98,578.00,"56,644.00"
2020-07-22,2020072201038403,NICA,20,57,900,578.00,"520,200.00"
2020-07-22,2020072201038402,NICA,33,57,100,578.00,"57,800.00"
2020-07-22,2020072201038401,NICA,44,57,420,578.00,"242,760.00"
2020-07-22,2020072201038180,NICA,11,25,50,579.00,"28,950.00"
2020-07-22,2020072201038179,NICA,33,25,25,579.00,"14,475.00"
2020-07-22,2020072201038170,NICA,52,25,63,579.00,"36,477.00"
2020-07-22,2020072201038169,NICA,52,47,137,579.00,"79,323.00"
2020-07-22,2020072201038120,NICA,25,47,433,579.00,"250,707.00"
2020-07-22,2020072201038035,NICA,25,17,67,579.00,"38,793.00"
2020-07-22,2020072201037991,NICA,44,41,20,578.00,"11,560.00"
2020-07-22,2020072201037966,NICL,43,42,10,460.00,"4,600.00"
2020-07-22,2020072201038436,NICLBSL,11,34,10,802.00,"8,020.00"
2020-07-22,2020072201038435,NICLBSL,51,38,10,801.00,"8,010.00"
2020-07-22,2020072201038424,NICLBSL,51,16,10,801.00,"8,010.00"
2020-07-22,2020072201038413,NICLBSL,51,1,10,801.00,"8,010.00"
2020-07-22,2020072201038412,NICLBSL,51,42,10,801.00,"8,010.00"
2020-07-22,2020072201038411,NICLBSL,16,58,10,802.00,"8,020.00"
2020-07-22,2020072201037969,NICLBSL,50,28,10,800.00,"8,000.00"
2020-07-22,2020072201037968,NICLBSL,50,44,10,800.00,"8,000.00"
2020-07-22,2020072201037959,NICLBSL,50,38,10,800.00,"8,000.00"
2020-07-22,2020072201037954,NICLBSL,50,49,10,800.00,"8,000.00"
2020-07-22,2020072201037946,NICLBSL,50,29,10,800.00,"8,000.00"
2020-07-22,2020072201037945,NICLBSL,57,29,10,801.00,"8,010.00"
2020-07-22,2020072201037992,NICLBSL,50,16,10,800.00,"8,000.00"
2020-07-22,2020072201037989,NICLBSL,50,39,10,800.00,"8,000.00"
2020-07-22,2020072201037988,NICLBSL,50,19,10,800.00,"8,000.00"
2020-07-22,2020072201037978,NICLBSL,50,38,10,800.00,"8,000.00"
2020-07-22,2020072201037974,NICLBSL,50,36,10,800.00,"8,000.00"
2020-07-22,2020072201037970,NICLBSL,50,58,10,800.00,"8,000.00"
2020-07-22,2020072201038023,NICLBSL,47,38,10,800.00,"8,000.00"
2020-07-22,2020072201038010,NICLBSL,47,44,10,800.00,"8,000.00"
2020-07-22,2020072201038008,NICLBSL,47,44,10,800.00,"8,000.00"
2020-07-22,2020072201038007,NICLBSL,47,29,10,800.00,"8,000.00"
2020-07-22,2020072201038006,NICLBSL,47,34,10,800.00,"8,000.00"
2020-07-22,2020072201037993,NICLBSL,47,38,10,800.00,"8,000.00"
2020-07-22,2020072201038043,NICLBSL,47,37,10,800.00,"8,000.00"
2020-07-22,2020072201038041,NICLBSL,47,29,10,800.00,"8,000.00"
2020-07-22,2020072201038030,NICLBSL,47,38,10,800.00,"8,000.00"
2020-07-22,2020072201038029,NICLBSL,47,58,10,800.00,"8,000.00"
2020-07-22,2020072201038028,NICLBSL,47,36,20,800.00,"16,000.00"
2020-07-22,2020072201038024,NICLBSL,47,14,10,800.00,"8,000.00"
2020-07-22,2020072201038054,NICLBSL,47,44,10,800.00,"8,000.00"
2020-07-22,2020072201038053,NICLBSL,47,38,10,800.00,"8,000.00"
2020-07-22,2020072201038052,NICLBSL,47,8,10,800.00,"8,000.00"
2020-07-22,2020072201038050,NICLBSL,47,34,10,800.00,"8,000.00"
2020-07-22,2020072201038047,NICLBSL,47,39,10,800.00,"8,000.00"
2020-07-22,2020072201038046,NICLBSL,47,44,10,800.00,"8,000.00"
2020-07-22,2020072201038070,NICLBSL,42,56,10,800.00,"8,000.00"
2020-07-22,2020072201038066,NICLBSL,42,38,10,800.00,"8,000.00"
2020-07-22,2020072201038065,NICLBSL,42,38,10,800.00,"8,000.00"
2020-07-22,2020072201038062,NICLBSL,44,36,10,800.00,"8,000.00"
2020-07-22,2020072201038061,NICLBSL,57,36,10,800.00,"8,000.00"
2020-07-22,2020072201038056,NICLBSL,47,55,10,800.00,"8,000.00"
2020-07-22,2020072201038102,NICLBSL,42,39,10,800.00,"8,000.00"
2020-07-22,2020072201038099,NICLBSL,42,44,10,800.00,"8,000.00"
2020-07-22,2020072201038098,NICLBSL,42,8,10,800.00,"8,000.00"
2020-07-22,2020072201038077,NICLBSL,42,29,10,800.00,"8,000.00"
2020-07-22,2020072201038074,NICLBSL,42,58,10,800.00,"8,000.00"
2020-07-22,2020072201038071,NICLBSL,42,6,10,800.00,"8,000.00"
2020-07-22,2020072201038155,NICLBSL,42,44,10,800.00,"8,000.00"
2020-07-22,2020072201038147,NICLBSL,42,38,10,800.00,"8,000.00"
2020-07-22,2020072201038131,NICLBSL,42,44,10,800.00,"8,000.00"
2020-07-22,2020072201038129,NICLBSL,42,38,10,800.00,"8,000.00"
2020-07-22,2020072201038127,NICLBSL,42,55,10,800.00,"8,000.00"
2020-07-22,2020072201038118,NICLBSL,42,58,10,800.00,"8,000.00"
2020-07-22,2020072201038187,NICLBSL,57,49,10,801.00,"8,010.00"
2020-07-22,2020072201038183,NICLBSL,57,38,10,801.00,"8,010.00"
2020-07-22,2020072201038174,NICLBSL,57,58,10,801.00,"8,010.00"
2020-07-22,2020072201038173,NICLBSL,57,58,10,801.00,"8,010.00"
2020-07-22,2020072201038172,NICLBSL,57,6,10,801.00,"8,010.00"
2020-07-22,2020072201038156,NICLBSL,42,36,10,800.00,"8,000.00"
2020-07-22,2020072201038239,NICLBSL,42,48,10,800.00,"8,000.00"
2020-07-22,2020072201038236,NICLBSL,42,44,10,800.00,"8,000.00"
2020-07-22,2020072201038224,NICLBSL,42,58,10,800.00,"8,000.00"
2020-07-22,2020072201038214,NICLBSL,42,42,10,800.00,"8,000.00"
2020-07-22,2020072201038208,NICLBSL,42,39,10,800.00,"8,000.00"
2020-07-22,2020072201038202,NICLBSL,42,38,10,800.00,"8,000.00"
2020-07-22,2020072201038271,NICLBSL,11,38,10,801.00,"8,010.00"
2020-07-22,2020072201038268,NICLBSL,42,58,10,800.00,"8,000.00"
2020-07-22,2020072201038267,NICLBSL,42,58,10,800.00,"8,000.00"
2020-07-22,2020072201038264,NICLBSL,42,1,10,800.00,"8,000.00"
2020-07-22,2020072201038245,NICLBSL,42,38,10,800.00,"8,000.00"
2020-07-22,2020072201038240,NICLBSL,42,38,10,800.00,"8,000.00"
2020-07-22,2020072201038293,NICLBSL,11,38,10,801.00,"8,010.00"
2020-07-22,2020072201038281,NICLBSL,11,39,10,801.00,"8,010.00"
2020-07-22,2020072201038275,NICLBSL,11,34,10,801.00,"8,010.00"
2020-07-22,2020072201038274,NICLBSL,11,38,10,801.00,"8,010.00"
2020-07-22,2020072201038273,NICLBSL,49,46,20,802.00,"16,040.00"
2020-07-22,2020072201038272,NICLBSL,49,40,10,802.00,"8,020.00"
2020-07-22,2020072201038328,NICLBSL,42,42,10,800.00,"8,000.00"
2020-07-22,2020072201038316,NICLBSL,11,37,10,801.00,"8,010.00"
2020-07-22,2020072201038313,NICLBSL,11,56,10,801.00,"8,010.00"
2020-07-22,2020072201038311,NICLBSL,11,38,10,801.00,"8,010.00"
2020-07-22,2020072201038301,NICLBSL,11,58,10,801.00,"8,010.00"
2020-07-22,2020072201038299,NICLBSL,11,16,10,801.00,"8,010.00"
2020-07-22,2020072201038347,NICLBSL,42,16,10,800.00,"8,000.00"
2020-07-22,2020072201038345,NICLBSL,42,58,10,800.00,"8,000.00"
2020-07-22,2020072201038341,NICLBSL,49,38,10,801.00,"8,010.00"
2020-07-22,2020072201038340,NICLBSL,49,16,10,801.00,"8,010.00"
2020-07-22,2020072201038331,NICLBSL,42,38,10,800.00,"8,000.00"
2020-07-22,2020072201038329,NICLBSL,42,41,10,800.00,"8,000.00"
2020-07-22,2020072201038380,NICLBSL,51,38,10,801.00,"8,010.00"
2020-07-22,2020072201038379,NICLBSL,51,7,10,801.00,"8,010.00"
2020-07-22,2020072201038378,NICLBSL,42,38,10,800.00,"8,000.00"
2020-07-22,2020072201038367,NICLBSL,7,58,10,801.00,"8,010.00"
2020-07-22,2020072201038365,NICLBSL,42,44,10,800.00,"8,000.00"
2020-07-22,2020072201038364,NICLBSL,26,1,10,801.00,"8,010.00"
2020-07-22,2020072201038396,NICLBSL,51,57,10,801.00,"8,010.00"
2020-07-22,2020072201038394,NICLBSL,51,39,10,801.00,"8,010.00"
2020-07-22,2020072201038393,NICLBSL,51,55,10,801.00,"8,010.00"
2020-07-22,2020072201038392,NICLBSL,51,58,10,801.00,"8,010.00"
2020-07-22,2020072201038389,NICLBSL,51,52,10,801.00,"8,010.00"
2020-07-22,2020072201038381,NICLBSL,51,37,10,801.00,"8,010.00"
2020-07-22,2020072201038410,NICLBSL,16,58,10,802.00,"8,020.00"
2020-07-22,2020072201038409,NICLBSL,16,58,10,802.00,"8,020.00"
2020-07-22,2020072201038408,NICLBSL,16,19,10,802.00,"8,020.00"
2020-07-22,2020072201038407,NICLBSL,16,40,10,802.00,"8,020.00"
2020-07-22,2020072201038400,NICLBSL,51,5,10,801.00,"8,010.00"
2020-07-22,2020072201038397,NICLBSL,51,38,10,801.00,"8,010.00"
2020-07-22,2020072201038259,NIL,49,39,100,634.00,"63,400.00"
2020-07-22,2020072201038228,NIL,49,14,162,634.00,"102,708.00"
2020-07-22,2020072201038227,NIL,6,14,438,635.00,"278,130.00"
2020-07-22,2020072201038220,NIL,6,43,62,635.00,"39,370.00"
2020-07-22,2020072201038027,NIL,49,57,291,634.00,"184,494.00"
2020-07-22,2020072201038011,NIL,49,29,100,634.00,"63,400.00"
2020-07-22,2020072201037981,NIL,6,34,14,636.00,"8,904.00"
2020-07-22,2020072201037953,NIL,44,37,300,634.00,"190,200.00"
2020-07-22,2020072201038376,NLIC,44,54,192,"1,320.00","253,440.00"
2020-07-22,2020072201038375,NLIC,14,54,308,"1,322.00","407,176.00"
2020-07-22,2020072201038219,NLIC,14,56,100,"1,322.00","132,200.00"
2020-07-22,2020072201038218,NLIC,14,38,90,"1,322.00","118,980.00"
2020-07-22,2020072201038217,NLIC,14,35,100,"1,322.00","132,200.00"
2020-07-22,2020072201038216,NLIC,14,41,12,"1,322.00","15,864.00"
2020-07-22,2020072201038215,NLIC,14,47,90,"1,322.00","118,980.00"
2020-07-22,2020072201038195,NLIC,44,46,50,"1,320.00","66,000.00"
2020-07-22,2020072201038005,NLIC,42,47,10,"1,322.00","13,220.00"
2020-07-22,2020072201038004,NLIC,42,58,50,"1,322.00","66,100.00"
2020-07-22,2020072201037960,NLIC,44,34,100,"1,320.00","132,000.00"
2020-07-22,2020072201038235,NLICL,26,55,100,677.00,"67,700.00"
2020-07-22,2020072201038171,NLICL,57,36,40,677.00,"27,080.00"
2020-07-22,2020072201038126,NLICL,21,51,98,672.00,"65,856.00"
2020-07-22,2020072201038125,NLICL,49,51,100,673.00,"67,300.00"
2020-07-22,2020072201038124,NLICL,43,51,25,674.00,"16,850.00"
2020-07-22,2020072201038123,NLICL,50,51,52,674.00,"35,048.00"
2020-07-22,2020072201038122,NLICL,52,51,200,676.00,"135,200.00"
2020-07-22,2020072201038121,NLICL,43,51,25,676.00,"16,900.00"
2020-07-22,2020072201038390,NMB,49,49,25,428.00,"10,700.00"
2020-07-22,2020072201038346,NMB,33,49,150,427.00,"64,050.00"
2020-07-22,2020072201038344,NMB,33,34,306,427.00,"130,662.00"
2020-07-22,2020072201038332,NMB,57,34,50,427.00,"21,350.00"
2020-07-22,2020072201038312,NMB,33,34,50,427.00,"21,350.00"
2020-07-22,2020072201038276,NMB,49,26,100,426.00,"42,600.00"
2020-07-22,2020072201038205,NMB,58,34,100,427.00,"42,700.00"
2020-07-22,2020072201038146,NMB,22,34,300,427.00,"128,100.00"
2020-07-22,2020072201038097,NMB,43,34,200,427.00,"85,400.00"
2020-07-22,2020072201038039,NMB,42,34,100,427.00,"42,700.00"
2020-07-22,2020072201038438,NRIC,36,38,30,531.00,"15,930.00"
2020-07-22,2020072201038437,NRIC,40,38,10,531.00,"5,310.00"
2020-07-22,2020072201038414,NRIC,58,34,10,533.00,"5,330.00"
2020-07-22,2020072201038369,NRIC,40,19,20,531.00,"10,620.00"
2020-07-22,2020072201038366,NRIC,40,38,40,531.00,"21,240.00"
2020-07-22,2020072201038348,NRIC,40,57,30,531.00,"15,930.00"
2020-07-22,2020072201037962,NRIC,54,34,10,529.00,"5,290.00"
2020-07-22,2020072201037940,NRIC,36,55,720,530.00,"381,600.00"
2020-07-22,2020072201038016,NRIC,46,1,50,532.00,"26,600.00"
2020-07-22,2020072201038015,NRIC,46,38,40,531.00,"21,240.00"
2020-07-22,2020072201038014,NRIC,46,35,40,531.00,"21,240.00"
2020-07-22,2020072201038013,NRIC,34,47,40,530.00,"21,200.00"
2020-07-22,2020072201038012,NRIC,34,55,70,530.00,"37,100.00"
2020-07-22,2020072201037990,NRIC,37,55,210,530.00,"111,300.00"
2020-07-22,2020072201038049,NRIC,46,49,50,533.00,"26,650.00"
2020-07-22,2020072201038045,NRIC,46,48,50,533.00,"26,650.00"
2020-07-22,2020072201038042,NRIC,46,16,40,533.00,"21,320.00"
2020-07-22,2020072201038040,NRIC,46,47,40,533.00,"21,320.00"
2020-07-22,2020072201038018,NRIC,46,49,70,533.00,"37,310.00"
2020-07-22,2020072201038017,NRIC,46,57,50,532.00,"26,600.00"
2020-07-22,2020072201038119,NRIC,46,14,40,533.00,"21,320.00"
2020-07-22,2020072201038111,NRIC,46,41,30,533.00,"15,990.00"
2020-07-22,2020072201038106,NRIC,46,16,50,533.00,"26,650.00"
2020-07-22,2020072201038100,NRIC,46,44,40,533.00,"21,320.00"
2020-07-22,2020072201038067,NRIC,46,46,200,533.00,"106,600.00"
2020-07-22,2020072201038060,NRIC,46,34,10,533.00,"5,330.00"
2020-07-22,2020072201038188,NRIC,49,48,40,530.00,"21,200.00"
2020-07-22,2020072201038182,NRIC,49,6,40,530.00,"21,200.00"
2020-07-22,2020072201038178,NRIC,11,38,30,534.00,"16,020.00"
2020-07-22,2020072201038167,NRIC,49,48,40,530.00,"21,200.00"
2020-07-22,2020072201038152,NRIC,49,38,40,530.00,"21,200.00"
2020-07-22,2020072201038145,NRIC,49,26,40,530.00,"21,200.00"
2020-07-22,2020072201038286,NRIC,54,26,20,531.00,"10,620.00"
2020-07-22,2020072201038270,NRIC,54,44,40,531.00,"21,240.00"
2020-07-22,2020072201038260,NRIC,49,37,40,530.00,"21,200.00"
2020-07-22,2020072201038244,NRIC,49,26,10,530.00,"5,300.00"
2020-07-22,2020072201038221,NRIC,49,58,40,530.00,"21,200.00"
2020-07-22,2020072201038206,NRIC,49,38,40,530.00,"21,200.00"
2020-07-22,2020072201038343,NRIC,38,32,20,531.00,"10,620.00"
2020-07-22,2020072201038330,NRIC,38,48,40,531.00,"21,240.00"
2020-07-22,2020072201038327,NRIC,38,44,40,531.00,"21,240.00"
2020-07-22,2020072201038314,NRIC,38,38,40,531.00,"21,240.00"
2020-07-22,2020072201038298,NRIC,38,42,40,531.00,"21,240.00"
2020-07-22,2020072201038287,NRIC,38,26,20,531.00,"10,620.00"
2020-07-22,2020072201038335,NTC,11,34,100,654.00,"65,400.00"
2020-07-22,2020072201038334,NTC,11,41,50,653.00,"32,650.00"
2020-07-22,2020072201038333,NTC,11,49,40,653.00,"26,120.00"
2020-07-22,2020072201038207,NTC,41,57,50,651.00,"32,550.00"
2020-07-22,2020072201038386,PCBL,42,51,28,281.00,"7,868.00"
2020-07-22,2020072201038297,PCBL,17,4,500,282.00,"141,000.00"
2020-07-22,2020072201038296,PCBL,17,38,500,282.00,"141,000.00"
2020-07-22,2020072201038295,PCBL,17,14,367,282.00,"103,494.00"
2020-07-22,2020072201037948,PIC,33,13,140,609.00,"85,260.00"
2020-07-22,2020072201038144,PICL,42,14,80,470.00,"37,600.00"
2020-07-22,2020072201038143,PICL,56,14,100,470.00,"47,000.00"
2020-07-22,2020072201038142,PICL,11,14,150,470.00,"70,500.00"
2020-07-22,2020072201038141,PICL,41,14,100,470.00,"47,000.00"
2020-07-22,2020072201038140,PICL,48,14,100,471.00,"47,100.00"
2020-07-22,2020072201038310,PMHPL,13,35,10,71.00,710.00
2020-07-22,2020072201038175,PMHPL,13,35,10,71.00,710.00
2020-07-22,2020072201038130,PMHPL,13,35,10,71.00,710.00
2020-07-22,2020072201038059,PMHPL,13,35,10,71.00,710.00
2020-07-22,2020072201038021,PPCL,32,26,10,112.00,"1,120.00"
2020-07-22,2020072201038186,PRIN,20,49,118,497.00,"58,646.00"
2020-07-22,2020072201038185,PRIN,58,49,200,498.00,"99,600.00"
2020-07-22,2020072201038184,PRIN,10,49,182,498.00,"90,636.00"
2020-07-22,2020072201038385,PRVU,39,58,113,243.00,"27,459.00"
2020-07-22,2020072201038384,PRVU,43,58,70,243.00,"17,010.00"
2020-07-22,2020072201038383,PRVU,6,58,50,244.00,"12,200.00"
2020-07-22,2020072201038063,PRVU,43,21,130,243.00,"31,590.00"
2020-07-22,2020072201037964,RBCL,40,34,10,"9,510.00","95,100.00"
2020-07-22,2020072201038382,RHPC,43,44,100,81.00,"8,100.00"
2020-07-22,2020072201038300,RHPL,48,25,10,144.00,"1,440.00"
2020-07-22,2020072201038265,RHPL,48,58,20,144.00,"2,880.00"
2020-07-22,2020072201038055,RHPL,48,26,20,144.00,"2,880.00"
2020-07-22,2020072201038226,RRHP,37,25,10,91.00,910.00
2020-07-22,2020072201038009,RRHP,37,35,10,91.00,910.00
2020-07-22,2020072201037961,RRHP,37,35,10,91.00,910.00
2020-07-22,2020072201038434,SBI,59,48,100,447.00,"44,700.00"
2020-07-22,2020072201038421,SBL,17,33,300,320.00,"96,000.00"
2020-07-22,2020072201038266,SDESI,25,35,11,887.00,"9,757.00"
2020-07-22,2020072201038359,SHINE,7,13,23,242.00,"5,566.00"
2020-07-22,2020072201038358,SHINE,7,41,30,242.00,"7,260.00"
2020-07-22,2020072201038357,SHINE,57,41,20,242.00,"4,840.00"
2020-07-22,2020072201038238,SICL,58,42,50,"1,130.00","56,500.00"
2020-07-22,2020072201038232,SICL,10,53,72,"1,135.00","81,720.00"
2020-07-22,2020072201038083,SICL,58,11,100,"1,130.00","113,000.00"
2020-07-22,2020072201038075,SICL,10,21,10,"1,134.00","11,340.00"
2020-07-22,2020072201038391,SIL,25,10,10,597.00,"5,970.00"
2020-07-22,2020072201038087,SIL,36,58,208,593.00,"123,344.00"
2020-07-22,2020072201038086,SIL,53,58,50,593.00,"29,650.00"
2020-07-22,2020072201038085,SIL,17,58,50,593.00,"29,650.00"
2020-07-22,2020072201038084,SIL,7,58,62,594.00,"36,828.00"
2020-07-22,2020072201038305,SJCL,36,58,10,134.00,"1,340.00"
2020-07-22,2020072201038148,SJCL,36,25,10,134.00,"1,340.00"
2020-07-22,2020072201038105,SJCL,36,26,20,134.00,"2,680.00"
2020-07-22,2020072201038110,SLBBL,52,28,152,890.00,"135,280.00"
2020-07-22,2020072201038082,SLBBL,52,16,48,890.00,"42,720.00"
2020-07-22,2020072201037982,SLBBL,57,28,105,895.00,"93,975.00"
2020-07-22,2020072201038036,SLBBL,38,28,242,891.00,"215,622.00"
2020-07-22,2020072201037987,SLBBL,38,28,58,891.00,"51,678.00"
2020-07-22,2020072201037986,SLBBL,45,28,150,891.00,"133,650.00"
2020-07-22,2020072201037985,SLBBL,18,28,100,892.00,"89,200.00"
2020-07-22,2020072201037984,SLBBL,54,28,50,892.00,"44,600.00"
2020-07-22,2020072201037983,SLBBL,37,28,37,893.00,"33,041.00"
2020-07-22,2020072201038081,SLBBL,35,16,50,890.00,"44,500.00"
2020-07-22,2020072201038080,SLBBL,22,16,10,890.00,"8,900.00"
2020-07-22,2020072201038079,SLBBL,14,16,50,890.00,"44,500.00"
2020-07-22,2020072201038078,SLBBL,40,16,142,890.00,"126,380.00"
2020-07-22,2020072201038038,SLBBL,40,28,58,890.00,"51,620.00"
2020-07-22,2020072201038037,SLBBL,49,28,200,890.00,"178,000.00"
2020-07-22,2020072201038003,SLBS,53,51,60,992.00,"59,520.00"
2020-07-22,2020072201038201,SLICL,50,6,70,443.00,"31,010.00"
2020-07-22,2020072201038200,SLICL,6,6,300,443.00,"132,900.00"
2020-07-22,2020072201038199,SLICL,50,6,200,444.00,"88,800.00"
2020-07-22,2020072201038198,SLICL,18,6,100,444.00,"44,400.00"
2020-07-22,2020072201038197,SLICL,50,6,30,445.00,"13,350.00"
2020-07-22,2020072201038196,SLICL,57,6,100,446.00,"44,600.00"
2020-07-22,2020072201038248,SMFBS,34,46,15,938.00,"14,070.00"
2020-07-22,2020072201038258,SRBL,1,26,28,250.00,"7,000.00"
2020-07-22,2020072201038257,SRBL,45,26,100,250.00,"25,000.00"
2020-07-22,2020072201038256,SRBL,44,26,452,250.00,"113,000.00"
2020-07-22,2020072201038025,SRBL,44,26,551,250.00,"137,750.00"
2020-07-22,2020072201038160,STC,49,38,150,"2,760.00","414,000.00"
2020-07-22,2020072201038159,STC,16,38,100,"2,765.00","276,500.00"
2020-07-22,2020072201038158,STC,13,38,20,"2,770.00","55,400.00"
2020-07-22,2020072201038157,STC,16,38,30,"2,770.00","83,100.00"
2020-07-22,2020072201037979,SWBBL,44,57,51,"1,176.00","59,976.00"
2020-07-22,2020072201038225,TMDBL,53,13,19,179.00,"3,401.00"
2020-07-22,2020072201038101,UMHL,37,48,50,105.00,"5,250.00"
2020-07-22,2020072201038315,UPCL,48,36,"1,000",70.00,"70,000.00"
2020-07-22,2020072201038374,UPPER,41,38,40,234.00,"9,360.00"
2020-07-22,2020072201038373,UPPER,41,38,40,234.00,"9,360.00"
2020-07-22,2020072201038372,UPPER,41,13,50,233.00,"11,650.00"
2020-07-22,2020072201038371,UPPER,41,57,20,233.00,"4,660.00"
2020-07-22,2020072201038231,WOMI,52,28,25,970.00,"24,250.00"
2020-07-22,2020072201038230,WOMI,42,28,25,970.00,"24,250.00"
2020-07-22,2020072201038229,WOMI,17,28,50,970.00,"48,500.00"
2020-07-22,2020072201037886,ADBL,56,36,100,423.00,"42,300.00"
2020-07-22,2020072201037666,ADBL,33,1,300,422.00,"126,600.00"
2020-07-22,2020072201037610,ADBL,25,1,34,423.00,"14,382.00"
2020-07-22,2020072201037609,ADBL,25,52,166,423.00,"70,218.00"
2020-07-22,2020072201037465,ADBL,33,52,434,423.00,"183,582.00"
2020-07-22,2020072201037464,ADBL,33,14,566,423.00,"239,418.00"
2020-07-22,2020072201037893,AKPL,13,21,10,117.00,"1,170.00"
2020-07-22,2020072201037763,AKPL,13,35,10,117.00,"1,170.00"
2020-07-22,2020072201037823,ALICL,45,14,64,627.00,"40,128.00"
2020-07-22,2020072201037822,ALICL,32,14,10,628.00,"6,280.00"
2020-07-22,2020072201037821,ALICL,4,14,200,628.00,"125,600.00"
2020-07-22,2020072201037820,ALICL,44,14,26,629.00,"16,354.00"
2020-07-22,2020072201037775,ALICL,44,50,229,629.00,"144,041.00"
2020-07-22,2020072201037716,ALICL,44,22,100,629.00,"62,900.00"
2020-07-22,2020072201037461,API,38,50,1,107.00,107.00
2020-07-22,2020072201037852,BOKL,59,49,384,233.00,"89,472.00"
2020-07-22,2020072201037851,BOKL,42,49,116,233.00,"27,028.00"
2020-07-22,2020072201037762,BOKL,6,42,500,234.00,"117,000.00"
2020-07-22,2020072201037488,BOKL,42,13,84,233.00,"19,572.00"
2020-07-22,2020072201037624,BPCL,38,51,130,357.00,"46,410.00"
2020-07-22,2020072201037895,CBBL,42,43,40,"1,073.00","42,920.00"
2020-07-22,2020072201037630,CBBL,16,34,56,"1,071.00","59,976.00"
2020-07-22,2020072201037629,CBBL,25,34,71,"1,073.00","76,183.00"
2020-07-22,2020072201037489,CBBL,25,26,100,"1,073.00","107,300.00"
2020-07-22,2020072201037515,CBL,34,49,100,145.00,"14,500.00"
2020-07-22,2020072201037837,CCBL,1,49,100,179.00,"17,900.00"
2020-07-22,2020072201037741,CCBL,38,14,397,178.00,"70,666.00"
2020-07-22,2020072201037740,CCBL,37,14,350,178.00,"62,300.00"
2020-07-22,2020072201037710,CCBL,16,49,50,179.00,"8,950.00"
2020-07-22,2020072201037545,CCBL,39,49,89,179.00,"15,931.00"
2020-07-22,2020072201037889,CIT,11,33,10,"2,520.00","25,200.00"
2020-07-22,2020072201037468,CIT,19,33,15,"2,520.00","37,800.00"
2020-07-22,2020072201037521,CLBSL,44,39,30,735.00,"22,050.00"
2020-07-22,2020072201037520,CLBSL,21,39,10,740.00,"7,400.00"
2020-07-22,2020072201037519,CLBSL,46,39,10,741.00,"7,410.00"
2020-07-22,2020072201037784,CZBIL,52,14,16,201.00,"3,216.00"
2020-07-22,2020072201037876,EBL,50,32,100,755.00,"75,500.00"
2020-07-22,2020072201037875,EBL,50,47,400,755.00,"302,000.00"
2020-07-22,2020072201037874,EBL,50,38,220,754.00,"165,880.00"
2020-07-22,2020072201037871,EBL,50,38,20,754.00,"15,080.00"
2020-07-22,2020072201037742,EBL,39,47,100,755.00,"75,500.00"
2020-07-22,2020072201037663,FMDBL,37,28,50,541.00,"27,050.00"
2020-07-22,2020072201037662,FMDBL,10,28,30,541.00,"16,230.00"
2020-07-22,2020072201037568,FMDBL,10,28,170,541.00,"91,970.00"
2020-07-22,2020072201037567,FMDBL,10,28,230,541.00,"124,430.00"
2020-07-22,2020072201037566,FMDBL,36,28,100,542.00,"54,200.00"
2020-07-22,2020072201037481,FMDBL,36,42,150,542.00,"81,300.00"
2020-07-22,2020072201037938,FOWAD,25,58,30,"1,541.00","46,230.00"
2020-07-22,2020072201037847,GBBL,4,6,400,246.00,"98,400.00"
2020-07-22,2020072201037572,GBBL,39,4,250,248.00,"62,000.00"
2020-07-22,2020072201037872,GBIME,59,47,10,262.00,"2,620.00"
2020-07-22,2020072201037705,GBIME,6,28,673,260.00,"174,980.00"
2020-07-22,2020072201037704,GBIME,16,28,327,260.00,"85,020.00"
2020-07-22,2020072201037608,GBIME,16,28,173,260.00,"44,980.00"
2020-07-22,2020072201037607,GBIME,43,28,787,260.00,"204,620.00"
2020-07-22,2020072201037530,GBIME,53,14,100,263.00,"26,300.00"
2020-07-22,2020072201037910,GBLBS,16,28,15,517.00,"7,755.00"
2020-07-22,2020072201037909,GBLBS,16,38,15,516.00,"7,740.00"
2020-07-22,2020072201037908,GBLBS,16,25,10,515.00,"5,150.00"
2020-07-22,2020072201037907,GBLBS,16,41,15,515.00,"7,725.00"
2020-07-22,2020072201037906,GBLBS,16,13,15,514.00,"7,710.00"
2020-07-22,2020072201037905,GBLBS,16,16,15,514.00,"7,710.00"
2020-07-22,2020072201037791,GBLBS,47,14,300,512.00,"153,600.00"
2020-07-22,2020072201037790,GBLBS,25,14,200,512.00,"102,400.00"
2020-07-22,2020072201037557,GBLBS,25,35,15,512.00,"7,680.00"
2020-07-22,2020072201037483,GBLBS,25,14,15,512.00,"7,680.00"
2020-07-22,2020072201037467,GBLBS,25,35,10,512.00,"5,120.00"
2020-07-22,2020072201037702,GGBSL,43,29,10,863.00,"8,630.00"
2020-07-22,2020072201037651,GGBSL,55,29,10,864.00,"8,640.00"
2020-07-22,2020072201037829,GLBSL,43,38,10,820.00,"8,200.00"
2020-07-22,2020072201037828,GLBSL,43,55,24,811.00,"19,464.00"
2020-07-22,2020072201037756,GLBSL,43,55,10,811.00,"8,110.00"
2020-07-22,2020072201037736,GLBSL,43,21,10,799.00,"7,990.00"
2020-07-22,2020072201037735,GLBSL,43,46,60,790.00,"47,400.00"
2020-07-22,2020072201037734,GLBSL,43,55,10,789.00,"7,890.00"
2020-07-22,2020072201037733,GLBSL,43,52,10,788.00,"7,880.00"
2020-07-22,2020072201037556,GLBSL,43,52,90,788.00,"70,920.00"
2020-07-22,2020072201037792,GLICL,6,59,500,470.00,"235,000.00"
2020-07-22,2020072201037789,GLICL,50,34,140,471.00,"65,940.00"
2020-07-22,2020072201037709,HBL,38,38,35,576.00,"20,160.00"
2020-07-22,2020072201037659,HBL,52,38,50,577.00,"28,850.00"
2020-07-22,2020072201037658,HBL,16,38,50,577.00,"28,850.00"
2020-07-22,2020072201037657,HBL,58,38,100,577.00,"57,700.00"
2020-07-22,2020072201037478,HBL,43,38,30,578.00,"17,340.00"
2020-07-22,2020072201037477,HBL,43,38,85,578.00,"49,130.00"
2020-07-22,2020072201037855,HGI,22,38,120,417.00,"50,040.00"
2020-07-22,2020072201037749,HGI,39,21,64,416.00,"26,624.00"
2020-07-22,2020072201037529,HGI,39,56,252,416.00,"104,832.00"
2020-07-22,2020072201037528,HGI,48,56,53,417.00,"22,101.00"
2020-07-22,2020072201037527,HGI,43,56,40,418.00,"16,720.00"
2020-07-22,2020072201037714,HIDCL,1,46,77,132.00,"10,164.00"
2020-07-22,2020072201037713,HIDCL,1,43,21,132.00,"2,772.00"
2020-07-22,2020072201037708,ILBS,25,39,11,789.00,"8,679.00"
2020-07-22,2020072201037726,JBBL,33,51,450,180.00,"81,000.00"
2020-07-22,2020072201037513,JBBL,33,36,50,180.00,"9,000.00"
2020-07-22,2020072201037587,KBL,21,19,274,200.00,"54,800.00"
2020-07-22,2020072201037809,KMCDB,52,26,10,782.00,"7,820.00"
2020-07-22,2020072201037900,KPCL,42,26,10,105.00,"1,050.00"
2020-07-22,2020072201037725,LGIL,34,34,142,458.00,"65,036.00"
2020-07-22,2020072201037724,LGIL,51,34,150,458.00,"68,700.00"
2020-07-22,2020072201037723,LGIL,38,34,30,458.00,"13,740.00"
2020-07-22,2020072201037722,LGIL,38,34,30,458.00,"13,740.00"
2020-07-22,2020072201037622,MBL,26,50,100,237.00,"23,700.00"
2020-07-22,2020072201037621,MBL,49,50,100,237.00,"23,700.00"
2020-07-22,2020072201037620,MBL,37,50,300,237.00,"71,100.00"
2020-07-22,2020072201037619,MBL,1,50,100,237.00,"23,700.00"
2020-07-22,2020072201037618,MBL,55,50,150,237.00,"35,550.00"
2020-07-22,2020072201037617,MBL,34,50,"1,000",237.00,"237,000.00"
2020-07-22,2020072201037616,MBL,34,50,200,237.00,"47,400.00"
2020-07-22,2020072201037615,MBL,34,50,50,238.00,"11,900.00"
2020-07-22,2020072201037720,MEGA,34,33,200,232.00,"46,400.00"
2020-07-22,2020072201037682,MEGA,41,33,200,232.00,"46,400.00"
2020-07-22,2020072201037665,MEGA,57,41,200,231.00,"46,200.00"
2020-07-22,2020072201037664,MEGA,28,41,100,231.00,"23,100.00"
2020-07-22,2020072201037888,MERO,34,1,100,640.00,"64,000.00"
2020-07-22,2020072201037538,MERO,34,14,40,640.00,"25,600.00"
2020-07-22,2020072201037537,MERO,42,14,90,640.00,"57,600.00"
2020-07-22,2020072201037536,MERO,45,14,70,640.00,"44,800.00"
2020-07-22,2020072201037448,MHNL,36,28,40,79.00,"3,160.00"
2020-07-22,2020072201037495,MLBL,25,16,200,208.00,"41,600.00"
2020-07-22,2020072201037877,MNBBL,33,52,50,338.00,"16,900.00"
2020-07-22,2020072201037832,MNBBL,34,57,78,336.00,"26,208.00"
2020-07-22,2020072201037831,MNBBL,52,57,387,336.00,"130,032.00"
2020-07-22,2020072201037830,MNBBL,14,57,35,337.00,"11,795.00"
2020-07-22,2020072201037903,NABIL,44,55,"1,277",846.00,"1,080,342.00"
2020-07-22,2020072201037902,NABIL,42,55,74,847.00,"62,678.00"
2020-07-22,2020072201037748,NABIL,44,58,442,846.00,"373,932.00"
2020-07-22,2020072201037479,NABIL,44,13,23,846.00,"19,458.00"
2020-07-22,2020072201037840,NADEP,50,3,60,650.00,"39,000.00"
2020-07-22,2020072201037541,NADEP,57,25,23,648.00,"14,904.00"
2020-07-22,2020072201037507,NCCB,51,41,369,197.00,"72,693.00"
2020-07-22,2020072201037506,NCCB,38,41,100,197.00,"19,700.00"
2020-07-22,2020072201037505,NCCB,38,41,131,197.00,"25,807.00"
2020-07-22,2020072201037504,NCCB,53,41,100,198.00,"19,800.00"
2020-07-22,2020072201037503,NCCB,21,41,300,198.00,"59,400.00"
2020-07-22,2020072201037846,NHPC,49,54,103,54.00,"5,562.00"
2020-07-22,2020072201037927,NIB,52,1,10,457.00,"4,570.00"
2020-07-22,2020072201037707,NIB,56,1,10,457.00,"4,570.00"
2020-07-22,2020072201037508,NIB,1,51,151,454.00,"68,554.00"
2020-07-22,2020072201037864,NIBPO,59,37,450,390.00,"175,500.00"
2020-07-22,2020072201037863,NIBPO,59,11,300,390.00,"117,000.00"
2020-07-22,2020072201037862,NIBPO,59,10,100,390.00,"39,000.00"
2020-07-22,2020072201037757,NICA,54,17,70,579.00,"40,530.00"
2020-07-22,2020072201037739,NICA,54,14,300,579.00,"173,700.00"
2020-07-22,2020072201037703,NICA,49,58,100,580.00,"58,000.00"
2020-07-22,2020072201037614,NICA,49,58,150,580.00,"87,000.00"
2020-07-22,2020072201037487,NICA,54,36,630,579.00,"364,770.00"
2020-07-22,2020072201037781,NICL,49,57,496,452.00,"224,192.00"
2020-07-22,2020072201037780,NICL,19,57,76,452.00,"34,352.00"
2020-07-22,2020072201037779,NICL,37,57,100,453.00,"45,300.00"
2020-07-22,2020072201037778,NICL,46,57,100,453.00,"45,300.00"
2020-07-22,2020072201037777,NICL,20,57,28,453.00,"12,684.00"
2020-07-22,2020072201037706,NICL,34,57,529,454.00,"240,166.00"
2020-07-22,2020072201037937,NICLBSL,57,16,10,801.00,"8,010.00"
2020-07-22,2020072201037929,NICLBSL,57,8,10,801.00,"8,010.00"
2020-07-22,2020072201037928,NICLBSL,57,38,10,801.00,"8,010.00"
2020-07-22,2020072201037921,NICLBSL,57,44,10,801.00,"8,010.00"
2020-07-22,2020072201037919,NICLBSL,57,26,10,801.00,"8,010.00"
2020-07-22,2020072201037915,NICLBSL,50,57,10,800.00,"8,000.00"
2020-07-22,2020072201037442,NICLBSL,6,6,10,799.00,"7,990.00"
2020-07-22,2020072201037441,NICLBSL,6,16,10,799.00,"7,990.00"
2020-07-22,2020072201037440,NICLBSL,17,8,10,799.00,"7,990.00"
2020-07-22,2020072201037471,NICLBSL,32,34,10,800.00,"8,000.00"
2020-07-22,2020072201037469,NICLBSL,6,48,10,799.00,"7,990.00"
2020-07-22,2020072201037466,NICLBSL,6,14,10,799.00,"7,990.00"
2020-07-22,2020072201037452,NICLBSL,6,38,10,799.00,"7,990.00"
2020-07-22,2020072201037449,NICLBSL,6,34,10,799.00,"7,990.00"
2020-07-22,2020072201037446,NICLBSL,6,37,10,799.00,"7,990.00"
2020-07-22,2020072201037480,NICLBSL,6,38,10,799.00,"7,990.00"
2020-07-22,2020072201037476,NICLBSL,6,34,10,799.00,"7,990.00"
2020-07-22,2020072201037475,NICLBSL,32,41,10,800.00,"8,000.00"
2020-07-22,2020072201037474,NICLBSL,32,21,10,800.00,"8,000.00"
2020-07-22,2020072201037473,NICLBSL,32,34,10,800.00,"8,000.00"
2020-07-22,2020072201037472,NICLBSL,32,6,10,800.00,"8,000.00"
2020-07-22,2020072201037518,NICLBSL,6,8,10,799.00,"7,990.00"
2020-07-22,2020072201037517,NICLBSL,6,19,10,799.00,"7,990.00"
2020-07-22,2020072201037509,NICLBSL,40,16,10,798.00,"7,980.00"
2020-07-22,2020072201037501,NICLBSL,40,34,10,798.00,"7,980.00"
2020-07-22,2020072201037498,NICLBSL,40,44,10,798.00,"7,980.00"
2020-07-22,2020072201037484,NICLBSL,57,39,10,799.00,"7,990.00"
2020-07-22,2020072201037540,NICLBSL,21,17,10,798.00,"7,980.00"
2020-07-22,2020072201037535,NICLBSL,57,34,10,798.00,"7,980.00"
2020-07-22,2020072201037531,NICLBSL,58,44,10,798.00,"7,980.00"
2020-07-22,2020072201037526,NICLBSL,58,37,10,798.00,"7,980.00"
2020-07-22,2020072201037524,NICLBSL,40,6,10,798.00,"7,980.00"
2020-07-22,2020072201037522,NICLBSL,40,34,10,798.00,"7,980.00"
2020-07-22,2020072201037551,NICLBSL,29,13,20,800.00,"16,000.00"
2020-07-22,2020072201037550,NICLBSL,29,41,10,800.00,"8,000.00"
2020-07-22,2020072201037547,NICLBSL,6,40,10,799.00,"7,990.00"
2020-07-22,2020072201037546,NICLBSL,21,26,10,798.00,"7,980.00"
2020-07-22,2020072201037544,NICLBSL,21,38,10,798.00,"7,980.00"
2020-07-22,2020072201037543,NICLBSL,21,11,10,798.00,"7,980.00"
2020-07-22,2020072201037575,NICLBSL,29,48,10,800.00,"8,000.00"
2020-07-22,2020072201037565,NICLBSL,29,57,10,800.00,"8,000.00"
2020-07-22,2020072201037563,NICLBSL,29,10,10,800.00,"8,000.00"
2020-07-22,2020072201037562,NICLBSL,29,44,10,800.00,"8,000.00"
2020-07-22,2020072201037555,NICLBSL,29,34,10,800.00,"8,000.00"
2020-07-22,2020072201037553,NICLBSL,29,29,10,800.00,"8,000.00"
2020-07-22,2020072201037585,NICLBSL,39,37,10,801.00,"8,010.00"
2020-07-22,2020072201037584,NICLBSL,39,6,10,801.00,"8,010.00"
2020-07-22,2020072201037583,NICLBSL,39,49,10,801.00,"8,010.00"
2020-07-22,2020072201037582,NICLBSL,39,53,10,801.00,"8,010.00"
2020-07-22,2020072201037581,NICLBSL,39,49,10,801.00,"8,010.00"
2020-07-22,2020072201037577,NICLBSL,29,29,10,800.00,"8,000.00"
2020-07-22,2020072201037613,NICLBSL,29,58,10,800.00,"8,000.00"
2020-07-22,2020072201037611,NICLBSL,29,38,10,800.00,"8,000.00"
2020-07-22,2020072201037606,NICLBSL,29,19,10,800.00,"8,000.00"
2020-07-22,2020072201037605,NICLBSL,29,34,10,800.00,"8,000.00"
2020-07-22,2020072201037589,NICLBSL,29,22,10,800.00,"8,000.00"
2020-07-22,2020072201037588,NICLBSL,29,38,10,800.00,"8,000.00"
2020-07-22,2020072201037646,NICLBSL,29,8,10,800.00,"8,000.00"
2020-07-22,2020072201037645,NICLBSL,29,8,10,800.00,"8,000.00"
2020-07-22,2020072201037637,NICLBSL,29,26,10,800.00,"8,000.00"
2020-07-22,2020072201037633,NICLBSL,29,29,10,800.00,"8,000.00"
2020-07-22,2020072201037632,NICLBSL,26,40,10,801.00,"8,010.00"
2020-07-22,2020072201037625,NICLBSL,26,6,10,801.00,"8,010.00"
2020-07-22,2020072201037661,NICLBSL,29,38,10,800.00,"8,000.00"
2020-07-22,2020072201037656,NICLBSL,29,14,10,800.00,"8,000.00"
2020-07-22,2020072201037654,NICLBSL,29,44,10,800.00,"8,000.00"
2020-07-22,2020072201037650,NICLBSL,29,34,10,800.00,"8,000.00"
2020-07-22,2020072201037649,NICLBSL,29,44,10,800.00,"8,000.00"
2020-07-22,2020072201037648,NICLBSL,29,11,20,800.00,"16,000.00"
2020-07-22,2020072201037697,NICLBSL,57,56,10,800.00,"8,000.00"
2020-07-22,2020072201037696,NICLBSL,57,58,10,800.00,"8,000.00"
2020-07-22,2020072201037675,NICLBSL,57,26,10,800.00,"8,000.00"
2020-07-22,2020072201037674,NICLBSL,29,57,10,800.00,"8,000.00"
2020-07-22,2020072201037673,NICLBSL,29,29,10,800.00,"8,000.00"
2020-07-22,2020072201037672,NICLBSL,29,38,10,800.00,"8,000.00"
2020-07-22,2020072201037718,NICLBSL,47,40,10,800.00,"8,000.00"
2020-07-22,2020072201037717,NICLBSL,47,38,10,800.00,"8,000.00"
2020-07-22,2020072201037712,NICLBSL,47,44,10,800.00,"8,000.00"
2020-07-22,2020072201037701,NICLBSL,57,58,10,800.00,"8,000.00"
2020-07-22,2020072201037700,NICLBSL,57,19,10,800.00,"8,000.00"
2020-07-22,2020072201037699,NICLBSL,57,10,10,800.00,"8,000.00"
2020-07-22,2020072201037751,NICLBSL,36,57,10,800.00,"8,000.00"
2020-07-22,2020072201037750,NICLBSL,36,38,10,800.00,"8,000.00"
2020-07-22,2020072201037745,NICLBSL,36,38,10,800.00,"8,000.00"
2020-07-22,2020072201037743,NICLBSL,36,6,10,800.00,"8,000.00"
2020-07-22,2020072201037738,NICLBSL,4,8,10,799.00,"7,990.00"
2020-07-22,2020072201037721,NICLBSL,47,38,10,800.00,"8,000.00"
2020-07-22,2020072201037765,NICLBSL,58,38,10,799.00,"7,990.00"
2020-07-22,2020072201037764,NICLBSL,35,41,10,800.00,"8,000.00"
2020-07-22,2020072201037761,NICLBSL,58,58,10,799.00,"7,990.00"
2020-07-22,2020072201037754,NICLBSL,58,29,10,799.00,"7,990.00"
2020-07-22,2020072201037753,NICLBSL,58,28,10,799.00,"7,990.00"
2020-07-22,2020072201037752,NICLBSL,36,44,10,800.00,"8,000.00"
2020-07-22,2020072201037786,NICLBSL,58,8,10,799.00,"7,990.00"
2020-07-22,2020072201037785,NICLBSL,58,29,10,799.00,"7,990.00"
2020-07-22,2020072201037774,NICLBSL,58,38,10,799.00,"7,990.00"
2020-07-22,2020072201037773,NICLBSL,58,40,20,799.00,"15,980.00"
2020-07-22,2020072201037770,NICLBSL,58,39,10,799.00,"7,990.00"
2020-07-22,2020072201037769,NICLBSL,58,37,10,799.00,"7,990.00"
2020-07-22,2020072201037834,NICLBSL,7,29,10,799.00,"7,990.00"
2020-07-22,2020072201037833,NICLBSL,7,38,10,799.00,"7,990.00"
2020-07-22,2020072201037824,NICLBSL,58,38,10,799.00,"7,990.00"
2020-07-22,2020072201037818,NICLBSL,58,58,10,799.00,"7,990.00"
2020-07-22,2020072201037796,NICLBSL,58,44,10,799.00,"7,990.00"
2020-07-22,2020072201037787,NICLBSL,58,34,10,799.00,"7,990.00"
2020-07-22,2020072201037859,NICLBSL,7,38,10,799.00,"7,990.00"
2020-07-22,2020072201037856,NICLBSL,7,44,10,799.00,"7,990.00"
2020-07-22,2020072201037854,NICLBSL,7,38,10,799.00,"7,990.00"
2020-07-22,2020072201037845,NICLBSL,7,56,10,799.00,"7,990.00"
2020-07-22,2020072201037843,NICLBSL,7,28,10,799.00,"7,990.00"
2020-07-22,2020072201037841,NICLBSL,7,26,10,799.00,"7,990.00"
2020-07-22,2020072201037881,NICLBSL,40,6,10,800.00,"8,000.00"
2020-07-22,2020072201037880,NICLBSL,40,32,10,800.00,"8,000.00"
2020-07-22,2020072201037879,NICLBSL,40,19,10,800.00,"8,000.00"
2020-07-22,2020072201037878,NICLBSL,40,26,10,800.00,"8,000.00"
2020-07-22,2020072201037868,NICLBSL,7,44,10,799.00,"7,990.00"
2020-07-22,2020072201037861,NICLBSL,7,21,10,799.00,"7,990.00"
2020-07-22,2020072201037894,NICLBSL,7,56,10,799.00,"7,990.00"
2020-07-22,2020072201037891,NICLBSL,7,29,10,799.00,"7,990.00"
2020-07-22,2020072201037885,NICLBSL,40,34,20,801.00,"16,020.00"
2020-07-22,2020072201037884,NICLBSL,40,13,10,800.00,"8,000.00"
2020-07-22,2020072201037883,NICLBSL,40,41,10,800.00,"8,000.00"
2020-07-22,2020072201037882,NICLBSL,40,57,10,800.00,"8,000.00"
2020-07-22,2020072201037914,NICLBSL,57,36,10,800.00,"8,000.00"
2020-07-22,2020072201037913,NICLBSL,57,58,10,800.00,"8,000.00"
2020-07-22,2020072201037912,NICLBSL,7,10,10,799.00,"7,990.00"
2020-07-22,2020072201037901,NICLBSL,7,47,20,799.00,"15,980.00"
2020-07-22,2020072201037899,NICLBSL,7,38,10,799.00,"7,990.00"
2020-07-22,2020072201037896,NICLBSL,7,34,10,799.00,"7,990.00"
2020-07-22,2020072201037857,NIL,49,34,36,636.00,"22,896.00"
2020-07-22,2020072201037803,NIL,34,51,794,634.00,"503,396.00"
2020-07-22,2020072201037802,NIL,7,51,100,635.00,"63,500.00"
2020-07-22,2020072201037801,NIL,59,51,200,635.00,"127,000.00"
2020-07-22,2020072201037800,NIL,58,51,600,635.00,"381,000.00"
2020-07-22,2020072201037799,NIL,39,51,500,635.00,"317,500.00"
2020-07-22,2020072201037798,NIL,49,51,276,636.00,"175,536.00"
2020-07-22,2020072201037797,NIL,29,51,30,637.00,"19,110.00"
2020-07-22,2020072201037579,NIL,49,28,500,636.00,"318,000.00"
2020-07-22,2020072201037494,NIL,59,53,222,639.00,"141,858.00"
2020-07-22,2020072201037873,NLIC,44,35,100,"1,320.00","132,000.00"
2020-07-22,2020072201037836,NLIC,10,5,30,"1,321.00","39,630.00"
2020-07-22,2020072201037811,NLIC,44,49,200,"1,320.00","264,000.00"
2020-07-22,2020072201037715,NLIC,44,14,50,"1,320.00","66,000.00"
2020-07-22,2020072201037445,NLIC,44,55,116,"1,320.00","153,120.00"
2020-07-22,2020072201037444,NLIC,35,55,50,"1,320.00","66,000.00"
2020-07-22,2020072201037443,NLIC,55,55,161,"1,320.00","212,520.00"
2020-07-22,2020072201037795,NLICL,1,36,50,677.00,"33,850.00"
2020-07-22,2020072201037794,NLICL,35,36,100,677.00,"67,700.00"
2020-07-22,2020072201037793,NLICL,54,36,482,677.00,"326,314.00"
2020-07-22,2020072201037548,NLICL,54,49,18,677.00,"12,186.00"
2020-07-22,2020072201037470,NLICL,26,53,50,679.00,"33,950.00"
2020-07-22,2020072201037935,NMB,49,28,94,426.00,"40,044.00"
2020-07-22,2020072201037934,NMB,34,28,500,426.00,"213,000.00"
2020-07-22,2020072201037933,NMB,56,28,100,426.00,"42,600.00"
2020-07-22,2020072201037932,NMB,32,28,200,426.00,"85,200.00"
2020-07-22,2020072201037931,NMB,14,28,200,426.00,"85,200.00"
2020-07-22,2020072201037911,NMB,57,34,100,427.00,"42,700.00"
2020-07-22,2020072201037591,NMB,26,14,500,428.00,"214,000.00"
2020-07-22,2020072201037590,NMB,34,14,35,428.00,"14,980.00"
2020-07-22,2020072201037564,NMB,34,34,165,428.00,"70,620.00"
2020-07-22,2020072201037486,NMB,58,34,57,428.00,"24,396.00"
2020-07-22,2020072201037597,NMB,44,14,300,427.00,"128,100.00"
2020-07-22,2020072201037596,NMB,21,14,"1,000",427.00,"427,000.00"
2020-07-22,2020072201037595,NMB,29,14,500,427.00,"213,500.00"
2020-07-22,2020072201037594,NMB,36,14,500,427.00,"213,500.00"
2020-07-22,2020072201037593,NMB,38,14,30,427.00,"12,810.00"
2020-07-22,2020072201037592,NMB,59,14,200,427.00,"85,400.00"
2020-07-22,2020072201037603,NMB,50,14,20,427.00,"8,540.00"
2020-07-22,2020072201037602,NMB,16,14,"10,000",427.00,"4,270,000.00"
2020-07-22,2020072201037601,NMB,55,14,"1,000",427.00,"427,000.00"
2020-07-22,2020072201037600,NMB,17,14,50,427.00,"21,350.00"
2020-07-22,2020072201037599,NMB,29,14,10,427.00,"4,270.00"
2020-07-22,2020072201037598,NMB,50,14,20,427.00,"8,540.00"
2020-07-22,2020072201037813,NMB,54,34,79,428.00,"33,812.00"
2020-07-22,2020072201037812,NMB,8,34,100,428.00,"42,800.00"
2020-07-22,2020072201037771,NMB,8,14,100,428.00,"42,800.00"
2020-07-22,2020072201037744,NMB,58,14,150,429.00,"64,350.00"
2020-07-22,2020072201037719,NMB,43,14,30,429.00,"12,870.00"
2020-07-22,2020072201037604,NMB,17,14,835,427.00,"356,545.00"
2020-07-22,2020072201037890,NMB,8,34,20,427.00,"8,540.00"
2020-07-22,2020072201037819,NMB,43,34,30,427.00,"12,810.00"
2020-07-22,2020072201037817,NMB,49,34,100,427.00,"42,700.00"
2020-07-22,2020072201037816,NMB,17,34,"1,000",427.00,"427,000.00"
2020-07-22,2020072201037815,NMB,17,34,165,427.00,"70,455.00"
2020-07-22,2020072201037814,NMB,6,34,300,428.00,"128,400.00"
2020-07-22,2020072201037534,NMBMF,36,34,50,768.00,"38,400.00"
2020-07-22,2020072201037533,NMBMF,25,34,100,768.00,"76,800.00"
2020-07-22,2020072201037485,NMFBS,33,49,15,"1,621.00","24,315.00"
2020-07-22,2020072201037936,NRIC,36,38,40,530.00,"21,200.00"
2020-07-22,2020072201037930,NRIC,36,57,30,530.00,"15,900.00"
2020-07-22,2020072201037926,NRIC,36,25,100,530.00,"53,000.00"
2020-07-22,2020072201037925,NRIC,36,55,40,530.00,"21,200.00"
2020-07-22,2020072201037924,NRIC,36,52,20,530.00,"10,600.00"
2020-07-22,2020072201037923,NRIC,36,44,40,530.00,"21,200.00"
2020-07-22,2020072201037454,NRIC,33,55,60,531.00,"31,860.00"
2020-07-22,2020072201037453,NRIC,56,55,100,531.00,"53,100.00"
2020-07-22,2020072201037450,NRIC,33,44,40,531.00,"21,240.00"
2020-07-22,2020072201037502,NRIC,32,38,40,530.00,"21,200.00"
2020-07-22,2020072201037500,NRIC,32,44,20,530.00,"10,600.00"
2020-07-22,2020072201037499,NRIC,10,44,20,530.00,"10,600.00"
2020-07-22,2020072201037482,NRIC,8,55,100,531.00,"53,100.00"
2020-07-22,2020072201037456,NRIC,38,55,70,531.00,"37,170.00"
2020-07-22,2020072201037455,NRIC,56,55,50,531.00,"26,550.00"
2020-07-22,2020072201037552,NRIC,32,44,40,530.00,"21,200.00"
2020-07-22,2020072201037539,NRIC,6,44,40,531.00,"21,240.00"
2020-07-22,2020072201037516,NRIC,6,48,10,531.00,"5,310.00"
2020-07-22,2020072201037512,NRIC,34,48,30,531.00,"15,930.00"
2020-07-22,2020072201037511,NRIC,34,55,90,531.00,"47,790.00"
2020-07-22,2020072201037510,NRIC,32,21,20,530.00,"10,600.00"
2020-07-22,2020072201037623,NRIC,32,44,40,530.00,"21,200.00"
2020-07-22,2020072201037586,NRIC,32,14,10,530.00,"5,300.00"
2020-07-22,2020072201037580,NRIC,32,48,40,530.00,"21,200.00"
2020-07-22,2020072201037576,NRIC,32,17,40,530.00,"21,200.00"
2020-07-22,2020072201037561,NRIC,32,42,50,530.00,"26,500.00"
2020-07-22,2020072201037558,NRIC,32,34,10,530.00,"5,300.00"
2020-07-22,2020072201037668,NRIC,54,28,40,532.00,"21,280.00"
2020-07-22,2020072201037667,NRIC,54,38,50,532.00,"26,600.00"
2020-07-22,2020072201037639,NRIC,32,34,10,530.00,"5,300.00"
2020-07-22,2020072201037631,NRIC,10,55,40,531.00,"21,240.00"
2020-07-22,2020072201037627,NRIC,38,47,30,531.00,"15,930.00"
2020-07-22,2020072201037626,NRIC,38,38,40,531.00,"21,240.00"
2020-07-22,2020072201037678,NRIC,43,34,40,530.00,"21,200.00"
2020-07-22,2020072201037677,NRIC,32,34,30,530.00,"15,900.00"
2020-07-22,2020072201037676,NRIC,8,34,40,531.00,"21,240.00"
2020-07-22,2020072201037671,NRIC,54,49,"1,330",533.00,"708,890.00"
2020-07-22,2020072201037670,NRIC,54,38,40,533.00,"21,320.00"
2020-07-22,2020072201037669,NRIC,54,38,40,532.00,"21,280.00"
2020-07-22,2020072201037685,NRIC,29,42,500,530.00,"265,000.00"
2020-07-22,2020072201037684,NRIC,32,42,500,530.00,"265,000.00"
2020-07-22,2020072201037683,NRIC,38,42,10,530.00,"5,300.00"
2020-07-22,2020072201037681,NRIC,38,34,260,530.00,"137,800.00"
2020-07-22,2020072201037680,NRIC,25,34,500,530.00,"265,000.00"
2020-07-22,2020072201037679,NRIC,33,34,100,530.00,"53,000.00"
2020-07-22,2020072201037691,NRIC,22,42,10,530.00,"5,300.00"
2020-07-22,2020072201037690,NRIC,32,42,50,530.00,"26,500.00"
2020-07-22,2020072201037689,NRIC,50,42,"1,000",530.00,"530,000.00"
2020-07-22,2020072201037688,NRIC,34,42,500,530.00,"265,000.00"
2020-07-22,2020072201037687,NRIC,57,42,40,530.00,"21,200.00"
2020-07-22,2020072201037686,NRIC,1,42,30,530.00,"15,900.00"
2020-07-22,2020072201037731,NRIC,57,42,238,530.00,"126,140.00"
2020-07-22,2020072201037730,NRIC,34,42,50,530.00,"26,500.00"
2020-07-22,2020072201037695,NRIC,37,42,500,530.00,"265,000.00"
2020-07-22,2020072201037694,NRIC,46,42,300,530.00,"159,000.00"
2020-07-22,2020072201037693,NRIC,56,42,300,530.00,"159,000.00"
2020-07-22,2020072201037692,NRIC,25,42,32,530.00,"16,960.00"
2020-07-22,2020072201037759,NRIC,57,34,10,530.00,"5,300.00"
2020-07-22,2020072201037755,NRIC,6,35,10,531.00,"5,310.00"
2020-07-22,2020072201037747,NRIC,57,48,40,530.00,"21,200.00"
2020-07-22,2020072201037746,NRIC,57,17,40,530.00,"21,200.00"
2020-07-22,2020072201037737,NRIC,57,10,40,530.00,"21,200.00"
2020-07-22,2020072201037732,NRIC,57,38,40,530.00,"21,200.00"
2020-07-22,2020072201037838,NRIC,54,10,40,529.00,"21,160.00"
2020-07-22,2020072201037810,NRIC,19,34,60,530.00,"31,800.00"
2020-07-22,2020072201037783,NRIC,58,34,20,530.00,"10,600.00"
2020-07-22,2020072201037782,NRIC,57,34,62,530.00,"32,860.00"
2020-07-22,2020072201037776,NRIC,57,17,50,530.00,"26,500.00"
2020-07-22,2020072201037772,NRIC,57,17,480,530.00,"254,400.00"
2020-07-22,2020072201037869,NRIC,20,34,30,530.00,"15,900.00"
2020-07-22,2020072201037867,NRIC,54,38,40,529.00,"21,160.00"
2020-07-22,2020072201037865,NRIC,14,34,500,530.00,"265,000.00"
2020-07-22,2020072201037849,NRIC,32,34,50,530.00,"26,500.00"
2020-07-22,2020072201037848,NRIC,54,17,40,529.00,"21,160.00"
2020-07-22,2020072201037842,NRIC,54,16,40,529.00,"21,160.00"
2020-07-22,2020072201037922,NRIC,36,26,10,530.00,"5,300.00"
2020-07-22,2020072201037916,NRIC,39,26,30,530.00,"15,900.00"
2020-07-22,2020072201037904,NRIC,54,48,40,529.00,"21,160.00"
2020-07-22,2020072201037892,NRIC,54,44,40,529.00,"21,160.00"
2020-07-22,2020072201037887,NRIC,54,34,10,529.00,"5,290.00"
2020-07-22,2020072201037870,NRIC,20,26,10,530.00,"5,300.00"
2020-07-22,2020072201037898,PCBL,25,59,400,281.00,"112,400.00"
2020-07-22,2020072201037897,PCBL,25,17,763,281.00,"214,403.00"
2020-07-22,2020072201037860,PCBL,49,17,100,281.00,"28,100.00"
2020-07-22,2020072201037850,PCBL,17,28,"3,644",280.00,"1,020,320.00"
2020-07-22,2020072201037760,PCBL,49,17,100,281.00,"28,100.00"
2020-07-22,2020072201037628,PCBL,33,17,23,281.00,"6,463.00"
2020-07-22,2020072201037612,PCBL,33,17,50,281.00,"14,050.00"
2020-07-22,2020072201037532,PCBL,17,14,34,280.00,"9,520.00"
2020-07-22,2020072201037460,PCBL,17,28,373,280.00,"104,440.00"
2020-07-22,2020072201037459,PCBL,36,28,100,280.00,"28,000.00"
2020-07-22,2020072201037458,PCBL,17,28,27,280.00,"7,560.00"
2020-07-22,2020072201037457,PIC,33,36,20,609.00,"12,180.00"
2020-07-22,2020072201037827,PLIC,58,13,345,546.00,"188,370.00"
2020-07-22,2020072201037826,PLIC,52,13,200,546.00,"109,200.00"
2020-07-22,2020072201037825,PLIC,38,13,500,547.00,"273,500.00"
2020-07-22,2020072201037439,PMHPL,13,16,10,71.00,710.00
2020-07-22,2020072201037711,PRVU,43,49,98,243.00,"23,814.00"
2020-07-22,2020072201037839,RBCL,40,42,40,"9,510.00","380,400.00"
2020-07-22,2020072201037554,RBCL,37,34,10,"9,520.00","95,200.00"
2020-07-22,2020072201037447,RHPL,48,26,30,144.00,"4,320.00"
2020-07-22,2020072201037758,RMDC,26,42,50,692.00,"34,600.00"
2020-07-22,2020072201037853,RSDC,10,48,128,515.00,"65,920.00"
2020-07-22,2020072201037844,RSDC,22,48,50,515.00,"25,750.00"
2020-07-22,2020072201037766,RSDC,35,48,22,515.00,"11,330.00"
2020-07-22,2020072201037653,SABSL,19,7,100,790.00,"79,000.00"
2020-07-22,2020072201037652,SABSL,44,7,78,790.00,"61,620.00"
2020-07-22,2020072201037698,SADBL,47,59,10,156.00,"1,560.00"
2020-07-22,2020072201037493,SADBL,36,59,50,156.00,"7,800.00"
2020-07-22,2020072201037571,SANIMA,44,44,700,366.00,"256,200.00"
2020-07-22,2020072201037570,SANIMA,44,29,90,366.00,"32,940.00"
2020-07-22,2020072201037808,SBL,17,38,42,320.00,"13,440.00"
2020-07-22,2020072201037807,SBL,17,57,50,320.00,"16,000.00"
2020-07-22,2020072201037806,SBL,17,36,50,320.00,"16,000.00"
2020-07-22,2020072201037805,SBL,17,57,500,320.00,"160,000.00"
2020-07-22,2020072201037804,SBL,17,7,100,320.00,"32,000.00"
2020-07-22,2020072201037858,SCB,16,58,88,676.00,"59,488.00"
2020-07-22,2020072201037767,SCB,16,51,20,676.00,"13,520.00"
2020-07-22,2020072201037729,SCB,57,25,350,678.00,"237,300.00"
2020-07-22,2020072201037728,SCB,57,49,70,678.00,"47,460.00"
2020-07-22,2020072201037727,SCB,57,49,50,677.00,"33,850.00"
2020-07-22,2020072201037549,SCB,55,38,20,676.00,"13,520.00"
2020-07-22,2020072201037573,SDESI,5,20,46,890.00,"40,940.00"
2020-07-22,2020072201037866,SHIVM,56,36,50,607.00,"30,350.00"
2020-07-22,2020072201037514,SHIVM,56,51,25,607.00,"15,175.00"
2020-07-22,2020072201037660,SIC,1,28,100,725.00,"72,500.00"
2020-07-22,2020072201037636,SIC,1,19,100,715.00,"71,500.00"
2020-07-22,2020072201037635,SIC,1,42,250,715.00,"178,750.00"
2020-07-22,2020072201037634,SIC,1,19,50,714.00,"35,700.00"
2020-07-22,2020072201037644,SICL,58,53,428,"1,135.00","485,780.00"
2020-07-22,2020072201037643,SICL,58,21,150,"1,135.00","170,250.00"
2020-07-22,2020072201037642,SICL,58,44,100,"1,134.00","113,400.00"
2020-07-22,2020072201037641,SICL,58,36,50,"1,134.00","56,700.00"
2020-07-22,2020072201037640,SICL,58,29,72,"1,133.00","81,576.00"
2020-07-22,2020072201037574,SICL,57,29,50,"1,133.00","56,650.00"
2020-07-22,2020072201037578,SJCL,36,25,10,134.00,"1,340.00"
2020-07-22,2020072201037492,SJCL,36,26,20,134.00,"2,680.00"
2020-07-22,2020072201037463,SKBBL,38,21,163,"1,260.00","205,380.00"
2020-07-22,2020072201037462,SKBBL,16,21,18,"1,261.00","22,698.00"
2020-07-22,2020072201037920,SLBBL,57,28,45,895.00,"40,275.00"
2020-07-22,2020072201037768,SLBBL,57,33,50,895.00,"44,750.00"
2020-07-22,2020072201037638,SLICL,50,39,60,445.00,"26,700.00"
2020-07-22,2020072201037560,SMFBS,41,39,10,925.00,"9,250.00"
2020-07-22,2020072201037559,SMFBS,43,39,20,926.00,"18,520.00"
2020-07-22,2020072201037525,SPARS,49,14,10,910.00,"9,100.00"
2020-07-22,2020072201037451,SPARS,49,28,10,910.00,"9,100.00"
2020-07-22,2020072201037835,SRBL,44,36,"1,000",250.00,"250,000.00"
2020-07-22,2020072201037655,SRBL,44,51,190,250.00,"47,500.00"
2020-07-22,2020072201037523,SWBBL,44,21,25,"1,176.00","29,400.00"
2020-07-22,2020072201037569,TRH,17,52,20,210.00,"4,200.00"
2020-07-22,2020072201037918,UIC,48,5,75,381.00,"28,575.00"
2020-07-22,2020072201037917,UIC,48,46,25,381.00,"9,525.00"
2020-07-22,2020072201037542,UIC,43,46,200,381.00,"76,200.00"
2020-07-22,2020072201037497,UIC,41,46,20,381.00,"7,620.00"
2020-07-22,2020072201037496,UIC,41,4,180,377.00,"67,860.00"
2020-07-22,2020072201037491,UIC,57,4,800,377.00,"301,600.00"
2020-07-22,2020072201037490,UIC,14,4,20,378.00,"7,560.00"
2020-07-22,2020072201037788,UPPER,6,42,40,231.00,"9,240.00"
2020-07-22,2020072201037647,WOMI,38,38,25,974.00,"24,350.00"
2020-07-22,2020072201037290,AKJCL,38,26,20,49.00,980.00
2020-07-22,2020072201037067,ALBSL,46,35,10,722.00,"7,220.00"
2020-07-22,2020072201037010,ALICL,44,10,155,629.00,"97,495.00"
2020-07-22,2020072201037009,ALICL,42,10,25,630.00,"15,750.00"
2020-07-22,2020072201037008,ALICL,45,10,20,630.00,"12,600.00"
2020-07-22,2020072201036981,API,6,6,30,109.00,"3,270.00"
2020-07-22,2020072201036980,API,6,49,396,109.00,"43,164.00"
2020-07-22,2020072201036979,API,6,50,18,109.00,"1,962.00"
2020-07-22,2020072201037407,BPCL,38,13,141,357.00,"50,337.00"
2020-07-22,2020072201037068,CBBL,57,49,200,"1,075.00","215,000.00"
2020-07-22,2020072201037032,CCBL,39,16,11,179.00,"1,969.00"
2020-07-22,2020072201036954,CCBL,41,6,10,180.00,"1,800.00"
2020-07-22,2020072201036994,CZBIL,34,25,88,201.00,"17,688.00"
2020-07-22,2020072201037073,DDBL,57,53,10,857.00,"8,570.00"
2020-07-22,2020072201037211,EBL,50,56,10,754.00,"7,540.00"
2020-07-22,2020072201037210,EBL,14,56,100,754.00,"75,400.00"
2020-07-22,2020072201037209,EBL,46,56,95,754.00,"71,630.00"
2020-07-22,2020072201037053,EBL,46,19,405,754.00,"305,370.00"
2020-07-22,2020072201037052,EBL,17,19,95,754.00,"71,630.00"
2020-07-22,2020072201037293,EDBL,8,19,223,330.00,"73,590.00"
2020-07-22,2020072201037325,FMDBL,36,40,50,542.00,"27,100.00"
2020-07-22,2020072201037324,FMDBL,32,40,50,542.00,"27,100.00"
2020-07-22,2020072201037379,GBBL,4,25,400,246.00,"98,400.00"
2020-07-22,2020072201036970,GBBL,4,42,20,246.00,"4,920.00"
2020-07-22,2020072201037281,GBIME,6,14,"2,000",263.00,"526,000.00"
2020-07-22,2020072201037264,GBIME,43,41,213,260.00,"55,380.00"
2020-07-22,2020072201037263,GBIME,58,41,100,260.00,"26,000.00"
2020-07-22,2020072201037262,GBIME,52,41,50,260.00,"13,000.00"
2020-07-22,2020072201037261,GBIME,38,41,100,260.00,"26,000.00"
2020-07-22,2020072201037260,GBIME,6,41,50,260.00,"13,000.00"
2020-07-22,2020072201036958,GBIME,14,14,60,263.00,"15,780.00"
2020-07-22,2020072201036957,GBIME,38,14,50,263.00,"13,150.00"
2020-07-22,2020072201036956,GBIME,25,14,20,263.00,"5,260.00"
2020-07-22,2020072201036955,GBIME,17,14,50,263.00,"13,150.00"
2020-07-22,2020072201037223,GBIME,41,41,50,262.00,"13,100.00"
2020-07-22,2020072201037222,GBIME,37,41,150,262.00,"39,300.00"
2020-07-22,2020072201036962,GBIME,52,14,150,263.00,"39,450.00"
2020-07-22,2020072201036961,GBIME,41,14,100,263.00,"26,300.00"
2020-07-22,2020072201036960,GBIME,22,14,10,263.00,"2,630.00"
2020-07-22,2020072201036959,GBIME,8,14,100,263.00,"26,300.00"
2020-07-22,2020072201037229,GBIME,35,41,100,261.00,"26,100.00"
2020-07-22,2020072201037228,GBIME,58,41,50,262.00,"13,100.00"
2020-07-22,2020072201037227,GBIME,19,41,"1,000",262.00,"262,000.00"
2020-07-22,2020072201037226,GBIME,17,41,20,262.00,"5,240.00"
2020-07-22,2020072201037225,GBIME,47,41,500,262.00,"131,000.00"
2020-07-22,2020072201037224,GBIME,6,41,200,262.00,"52,400.00"
2020-07-22,2020072201037235,GBIME,59,41,200,261.00,"52,200.00"
2020-07-22,2020072201037234,GBIME,5,41,"1,500",261.00,"391,500.00"
2020-07-22,2020072201037233,GBIME,22,41,10,261.00,"2,610.00"
2020-07-22,2020072201037232,GBIME,45,41,200,261.00,"52,200.00"
2020-07-22,2020072201037231,GBIME,49,41,10,261.00,"2,610.00"
2020-07-22,2020072201037230,GBIME,34,41,100,261.00,"26,100.00"
2020-07-22,2020072201037241,GBIME,54,41,50,260.00,"13,000.00"
2020-07-22,2020072201037240,GBIME,50,41,500,260.00,"130,000.00"
2020-07-22,2020072201037239,GBIME,38,41,100,260.00,"26,000.00"
2020-07-22,2020072201037238,GBIME,50,41,400,260.00,"104,000.00"
2020-07-22,2020072201037237,GBIME,57,41,100,260.00,"26,000.00"
2020-07-22,2020072201037236,GBIME,20,41,200,261.00,"52,200.00"
2020-07-22,2020072201037247,GBIME,29,41,50,260.00,"13,000.00"
2020-07-22,2020072201037246,GBIME,14,41,200,260.00,"52,000.00"
2020-07-22,2020072201037245,GBIME,8,41,500,260.00,"130,000.00"
2020-07-22,2020072201037244,GBIME,49,41,200,260.00,"52,000.00"
2020-07-22,2020072201037243,GBIME,49,41,100,260.00,"26,000.00"
2020-07-22,2020072201037242,GBIME,45,41,100,260.00,"26,000.00"
2020-07-22,2020072201037253,GBIME,54,41,30,260.00,"7,800.00"
2020-07-22,2020072201037252,GBIME,26,41,100,260.00,"26,000.00"
2020-07-22,2020072201037251,GBIME,41,41,300,260.00,"78,000.00"
2020-07-22,2020072201037250,GBIME,25,41,50,260.00,"13,000.00"
2020-07-22,2020072201037249,GBIME,22,41,50,260.00,"13,000.00"
2020-07-22,2020072201037248,GBIME,51,41,100,260.00,"26,000.00"
2020-07-22,2020072201037259,GBIME,48,41,500,260.00,"130,000.00"
2020-07-22,2020072201037258,GBIME,49,41,100,260.00,"26,000.00"
2020-07-22,2020072201037257,GBIME,29,41,500,260.00,"130,000.00"
2020-07-22,2020072201037256,GBIME,34,41,"1,000",260.00,"260,000.00"
2020-07-22,2020072201037255,GBIME,29,41,500,260.00,"130,000.00"
2020-07-22,2020072201037254,GBIME,37,41,500,260.00,"130,000.00"
2020-07-22,2020072201037048,GBIMEP,58,39,500,151.00,"75,500.00"
2020-07-22,2020072201037344,GFCL,8,17,10,149.00,"1,490.00"
2020-07-22,2020072201037342,GGBSL,55,14,10,864.00,"8,640.00"
2020-07-22,2020072201037330,HDL,20,48,35,"1,735.00","60,725.00"
2020-07-22,2020072201037319,HDL,20,3,100,"1,735.00","173,500.00"
2020-07-22,2020072201037287,HDL,20,4,65,"1,735.00","112,775.00"
2020-07-22,2020072201037286,HDL,49,4,55,"1,736.00","95,480.00"
2020-07-22,2020072201037266,HDL,49,42,20,"1,736.00","34,720.00"
2020-07-22,2020072201036993,HDL,49,21,25,"1,736.00","43,400.00"
2020-07-22,2020072201037061,HIDCL,22,42,18,131.00,"2,358.00"
2020-07-22,2020072201037070,IGI,29,53,300,451.00,"135,300.00"
2020-07-22,2020072201036985,JOSHI,45,38,20,48.00,960.00
2020-07-22,2020072201036972,KKHC,38,38,16,46.00,736.00
2020-07-22,2020072201037410,LBBL,11,16,100,196.00,"19,600.00"
2020-07-22,2020072201037018,LBL,10,42,220,236.00,"51,920.00"
2020-07-22,2020072201037084,LGIL,38,16,78,459.00,"35,802.00"
2020-07-22,2020072201037005,LGIL,38,16,500,459.00,"229,500.00"
2020-07-22,2020072201037004,LGIL,45,16,22,460.00,"10,120.00"
2020-07-22,2020072201037218,LLBS,32,28,100,"1,150.00","115,000.00"
2020-07-22,2020072201037217,LLBS,26,28,200,"1,151.00","230,200.00"
2020-07-22,2020072201037216,LLBS,45,28,10,"1,151.00","11,510.00"
2020-07-22,2020072201037215,LLBS,38,28,30,"1,152.00","34,560.00"
2020-07-22,2020072201037214,LLBS,38,28,51,"1,160.00","59,160.00"
2020-07-22,2020072201037034,LLBS,49,57,210,"1,162.00","244,020.00"
2020-07-22,2020072201037420,MBL,34,32,44,238.00,"10,472.00"
2020-07-22,2020072201037419,MBL,51,32,50,238.00,"11,900.00"
2020-07-22,2020072201037334,MEGA,28,16,86,231.00,"19,866.00"
2020-07-22,2020072201037196,MEGA,28,38,32,231.00,"7,392.00"
2020-07-22,2020072201037069,MEGA,28,28,35,231.00,"8,085.00"
2020-07-22,2020072201036953,MEGA,28,29,500,231.00,"115,500.00"
2020-07-22,2020072201037409,NABIL,14,8,50,847.00,"42,350.00"
2020-07-22,2020072201037026,NABIL,44,50,659,846.00,"557,514.00"
2020-07-22,2020072201037025,NABIL,44,50,100,846.00,"84,600.00"
2020-07-22,2020072201037024,NABIL,33,50,50,846.00,"42,300.00"
2020-07-22,2020072201037023,NABIL,42,50,100,846.00,"84,600.00"
2020-07-22,2020072201037022,NABIL,37,50,50,847.00,"42,350.00"
2020-07-22,2020072201037021,NABIL,14,50,41,847.00,"34,727.00"
