Date,Transact. No.,Symbol,Buyer,Seller,Quantity,Rate,Amount
2019-12-09,2019120901007203,AHPC,28,45,800,98.00,"78,400.00"
2019-12-09,2019120901007398,AKJCL,56,49,10,57.00,570.00
2019-12-09,2019120901007375,AKJCL,56,4,10,56.00,560.00
2019-12-09,2019120901007580,AKPL,55,41,150,122.00,"18,300.00"
2019-12-09,2019120901007284,ALBSL,17,42,28,461.00,"12,908.00"
2019-12-09,2019120901007369,ALICL,34,36,840,344.00,"288,960.00"
2019-12-09,2019120901007331,ALICL,17,32,100,346.00,"34,600.00"
2019-12-09,2019120901007330,ALICL,35,32,100,346.00,"34,600.00"
2019-12-09,2019120901007329,ALICL,19,32,200,346.00,"69,200.00"
2019-12-09,2019120901007328,ALICL,28,32,274,347.00,"95,078.00"
2019-12-09,2019120901007591,API,25,21,100,109.00,"10,900.00"
2019-12-09,2019120901007590,API,25,57,300,107.00,"32,100.00"
2019-12-09,2019120901007493,API,57,34,280,107.00,"29,960.00"
2019-12-09,2019120901007297,API,25,21,19,109.00,"2,071.00"
2019-12-09,2019120901007296,API,25,1,50,108.00,"5,400.00"
2019-12-09,2019120901007295,API,25,41,30,107.00,"3,210.00"
2019-12-09,2019120901007610,BOKL,42,59,10,219.00,"2,190.00"
2019-12-09,2019120901007589,BOKL,37,5,112,216.00,"24,192.00"
2019-12-09,2019120901007588,BOKL,41,5,500,216.00,"108,000.00"
2019-12-09,2019120901007587,BOKL,28,5,188,218.00,"40,984.00"
2019-12-09,2019120901007557,BOKL,49,59,10,219.00,"2,190.00"
2019-12-09,2019120901007223,BOKL,28,38,50,218.00,"10,900.00"
2019-12-09,2019120901007612,BPCL,10,48,10,360.00,"3,600.00"
2019-12-09,2019120901007586,BPCL,55,29,200,358.00,"71,600.00"
2019-12-09,2019120901007563,BPCL,55,48,22,358.00,"7,876.00"
2019-12-09,2019120901007551,BPCL,36,48,"1,000",360.00,"360,000.00"
2019-12-09,2019120901007550,BPCL,36,45,727,359.00,"260,993.00"
2019-12-09,2019120901007542,BPCL,41,45,220,359.00,"78,980.00"
2019-12-09,2019120901007541,BPCL,49,45,500,359.00,"179,500.00"
2019-12-09,2019120901007301,BPCL,42,48,39,360.00,"14,040.00"
2019-12-09,2019120901007300,BPCL,4,48,234,360.00,"84,240.00"
2019-12-09,2019120901007294,BPCL,4,48,22,360.00,"7,920.00"
2019-12-09,2019120901007291,BPCL,4,49,400,360.00,"144,000.00"
2019-12-09,2019120901007154,CBBL,45,58,16,800.00,"12,800.00"
2019-12-09,2019120901007623,CBL,43,47,80,137.00,"10,960.00"
2019-12-09,2019120901007583,CBL,11,47,20,137.00,"2,740.00"
2019-12-09,2019120901007372,CBL,59,56,"1,000",137.00,"137,000.00"
2019-12-09,2019120901007371,CBL,33,56,400,137.00,"54,800.00"
2019-12-09,2019120901007316,CBL,42,58,200,138.00,"27,600.00"
2019-12-09,2019120901007543,CCBL,41,22,100,163.00,"16,300.00"
2019-12-09,2019120901007500,CCBL,40,44,200,164.00,"32,800.00"
2019-12-09,2019120901007499,CCBL,40,45,"1,237",164.00,"202,868.00"
2019-12-09,2019120901007498,CCBL,40,7,390,164.00,"63,960.00"
2019-12-09,2019120901007379,CCBL,41,43,101,163.00,"16,463.00"
2019-12-09,2019120901007346,CCBL,41,35,194,163.00,"31,622.00"
2019-12-09,2019120901007473,CFCL,7,49,90,113.00,"10,170.00"
2019-12-09,2019120901007450,CFCL,7,49,10,114.00,"1,140.00"
2019-12-09,2019120901007614,CHCL,49,29,10,360.00,"3,600.00"
2019-12-09,2019120901007274,CHCL,32,49,227,355.00,"80,585.00"
2019-12-09,2019120901007273,CHCL,35,49,499,355.00,"177,145.00"
2019-12-09,2019120901007272,CHCL,42,49,50,356.00,"17,800.00"
2019-12-09,2019120901007271,CHCL,39,49,430,356.00,"153,080.00"
2019-12-09,2019120901007270,CHCL,49,49,10,361.00,"3,610.00"
2019-12-09,2019120901007142,CHCL,39,42,70,356.00,"24,920.00"
2019-12-09,2019120901007141,CHCL,37,42,50,356.00,"17,800.00"
2019-12-09,2019120901007571,CIT,54,13,111,"1,740.00","193,140.00"
2019-12-09,2019120901007570,CIT,25,13,50,"1,741.00","87,050.00"
2019-12-09,2019120901007569,CIT,5,13,100,"1,744.00","174,400.00"
2019-12-09,2019120901007568,CIT,25,13,20,"1,745.00","34,900.00"
2019-12-09,2019120901007338,CLBSL,45,38,174,566.00,"98,484.00"
2019-12-09,2019120901007608,CZBIL,22,25,500,187.00,"93,500.00"
2019-12-09,2019120901007538,DDBL,54,50,200,796.00,"159,200.00"
2019-12-09,2019120901007537,DDBL,54,58,20,795.00,"15,900.00"
2019-12-09,2019120901007536,DDBL,54,42,18,795.00,"14,310.00"
2019-12-09,2019120901007397,DDBL,45,42,82,795.00,"65,190.00"
2019-12-09,2019120901007396,DDBL,45,48,200,792.00,"158,400.00"
2019-12-09,2019120901007395,DDBL,45,34,100,789.00,"78,900.00"
2019-12-09,2019120901007394,DDBL,45,53,18,789.00,"14,202.00"
2019-12-09,2019120901007187,DDBL,55,45,531,784.00,"416,304.00"
2019-12-09,2019120901007169,DDBL,55,25,20,784.00,"15,680.00"
2019-12-09,2019120901007152,DDBL,55,45,330,784.00,"258,720.00"
2019-12-09,2019120901007151,DDBL,49,45,200,784.00,"156,800.00"
2019-12-09,2019120901007150,DDBL,50,45,"1,470",785.00,"1,153,950.00"
2019-12-09,2019120901007401,DHPL,29,6,10,54.00,540.00
2019-12-09,2019120901007460,EBL,37,32,271,551.00,"149,321.00"
2019-12-09,2019120901007459,EBL,49,32,35,551.00,"19,285.00"
2019-12-09,2019120901007362,EBL,49,32,65,551.00,"35,815.00"
2019-12-09,2019120901007361,EBL,17,32,50,551.00,"27,550.00"
2019-12-09,2019120901007360,EBL,49,32,50,551.00,"27,550.00"
2019-12-09,2019120901007344,EBL,44,32,335,552.00,"184,920.00"
2019-12-09,2019120901007161,EBL,44,42,150,552.00,"82,800.00"
2019-12-09,2019120901007545,EDBL,57,58,100,292.00,"29,200.00"
2019-12-09,2019120901007259,EDBL,37,17,100,287.00,"28,700.00"
2019-12-09,2019120901007616,EIC,40,59,10,235.00,"2,350.00"
2019-12-09,2019120901007446,EIC,43,57,86,232.00,"19,952.00"
2019-12-09,2019120901007445,EIC,42,57,54,233.00,"12,582.00"
2019-12-09,2019120901007384,EIC,40,59,40,235.00,"9,400.00"
2019-12-09,2019120901007350,EIC,42,49,"1,300",233.00,"302,900.00"
2019-12-09,2019120901007315,FMDBL,46,53,82,317.00,"25,994.00"
2019-12-09,2019120901007314,FMDBL,17,53,18,318.00,"5,724.00"
2019-12-09,2019120901007260,FMDBL,17,58,32,318.00,"10,176.00"
2019-12-09,2019120901007471,FOWAD,54,42,200,"1,390.00","278,000.00"
2019-12-09,2019120901007470,FOWAD,54,47,19,"1,390.00","26,410.00"
2019-12-09,2019120901007469,FOWAD,54,53,16,"1,389.00","22,224.00"
2019-12-09,2019120901007468,FOWAD,54,21,10,"1,388.00","13,880.00"
2019-12-09,2019120901007135,FOWAD,32,53,49,"1,386.00","67,914.00"
2019-12-09,2019120901007437,GBBL,34,21,30,202.00,"6,060.00"
2019-12-09,2019120901007370,GBBL,34,53,200,202.00,"40,400.00"
2019-12-09,2019120901007353,GBBL,50,28,102,204.00,"20,808.00"
2019-12-09,2019120901007352,GBBL,50,17,398,204.00,"81,192.00"
2019-12-09,2019120901007317,GBBL,34,49,100,202.00,"20,200.00"
2019-12-09,2019120901007181,GBBL,34,7,500,202.00,"101,000.00"
2019-12-09,2019120901007128,GBBL,34,28,238,202.00,"48,076.00"
2019-12-09,2019120901007611,GBLBS,49,51,100,315.00,"31,500.00"
2019-12-09,2019120901007324,GBLBS,42,51,20,315.00,"6,300.00"
2019-12-09,2019120901007323,GBLBS,1,51,185,315.00,"58,275.00"
2019-12-09,2019120901007322,GBLBS,25,51,125,316.00,"39,500.00"
2019-12-09,2019120901007292,GBLBS,25,21,170,316.00,"53,720.00"
2019-12-09,2019120901007250,GBLBS,25,53,290,316.00,"91,640.00"
2019-12-09,2019120901007249,GBLBS,42,53,200,317.00,"63,400.00"
2019-12-09,2019120901007248,GBLBS,39,53,10,317.00,"3,170.00"
2019-12-09,2019120901007528,GFCL,28,48,451,132.00,"59,532.00"
2019-12-09,2019120901007304,GGBSL,11,43,10,615.00,"6,150.00"
2019-12-09,2019120901007258,GGBSL,11,58,10,615.00,"6,150.00"
2019-12-09,2019120901007247,GGBSL,21,32,10,618.00,"6,180.00"
2019-12-09,2019120901007621,GILB,34,29,20,825.00,"16,500.00"
2019-12-09,2019120901007480,GILB,47,58,100,815.00,"81,500.00"
2019-12-09,2019120901007479,GILB,32,58,20,815.00,"16,300.00"
2019-12-09,2019120901007510,GLICL,57,32,116,402.00,"46,632.00"
2019-12-09,2019120901007509,GLICL,36,32,54,402.00,"21,708.00"
2019-12-09,2019120901007252,GLICL,25,25,10,406.00,"4,060.00"
2019-12-09,2019120901007243,GMFBS,58,56,60,539.00,"32,340.00"
2019-12-09,2019120901007242,GMFBS,43,56,40,540.00,"21,600.00"
2019-12-09,2019120901007192,GMFBS,43,39,10,540.00,"5,400.00"
2019-12-09,2019120901007576,HDL,47,48,100,"1,275.00","127,500.00"
2019-12-09,2019120901007554,HDL,28,22,10,"1,285.00","12,850.00"
2019-12-09,2019120901007378,HGI,14,45,50,259.00,"12,950.00"
2019-12-09,2019120901007503,HIDCL,5,35,20,135.00,"2,700.00"
2019-12-09,2019120901007442,HIDCL,59,57,32,133.00,"4,256.00"
2019-12-09,2019120901007441,HIDCL,59,57,31,133.00,"4,123.00"
2019-12-09,2019120901007364,HURJA,22,50,210,96.00,"20,160.00"
2019-12-09,2019120901007363,HURJA,26,50,80,96.00,"7,680.00"
2019-12-09,2019120901007310,HURJA,43,50,60,97.00,"5,820.00"
2019-12-09,2019120901007309,HURJA,41,50,60,98.00,"5,880.00"
2019-12-09,2019120901007308,HURJA,43,50,90,98.00,"8,820.00"
2019-12-09,2019120901007266,HURJA,43,38,20,98.00,"1,960.00"
2019-12-09,2019120901007549,ILBS,34,34,250,577.00,"144,250.00"
2019-12-09,2019120901007449,ILBS,29,45,80,570.00,"45,600.00"
2019-12-09,2019120901007448,ILBS,53,45,100,570.00,"57,000.00"
2019-12-09,2019120901007412,ILBS,29,14,10,570.00,"5,700.00"
2019-12-09,2019120901007399,ILBS,29,32,10,570.00,"5,700.00"
2019-12-09,2019120901007374,ILBS,49,14,10,571.00,"5,710.00"
2019-12-09,2019120901007351,ILBS,49,14,10,571.00,"5,710.00"
2019-12-09,2019120901007540,JBBL,48,38,"1,000",165.00,"165,000.00"
2019-12-09,2019120901007539,JBBL,48,38,298,165.00,"49,170.00"
2019-12-09,2019120901007457,JBBL,47,49,200,166.00,"33,200.00"
2019-12-09,2019120901007254,JBBL,48,13,"1,685",165.00,"278,025.00"
2019-12-09,2019120901007251,JBBL,48,56,"1,000",165.00,"165,000.00"
2019-12-09,2019120901007136,JBBL,48,58,"1,000",165.00,"165,000.00"
2019-12-09,2019120901007426,JSLBB,11,48,39,"1,246.00","48,594.00"
2019-12-09,2019120901007425,JSLBB,17,48,20,"1,247.00","24,940.00"
2019-12-09,2019120901007171,JSLBB,48,38,14,"1,245.00","17,430.00"
2019-12-09,2019120901007211,JSLBB,11,58,11,"1,246.00","13,706.00"
2019-12-09,2019120901007174,JSLBB,28,38,51,"1,240.00","63,240.00"
2019-12-09,2019120901007173,JSLBB,47,38,100,"1,241.00","124,100.00"
2019-12-09,2019120901007172,JSLBB,1,38,35,"1,241.00","43,435.00"
2019-12-09,2019120901007512,KBL,59,22,300,180.00,"54,000.00"
2019-12-09,2019120901007494,KBL,59,22,50,180.00,"9,000.00"
2019-12-09,2019120901007345,KBL,42,28,200,181.00,"36,200.00"
2019-12-09,2019120901007146,KBL,59,34,123,180.00,"22,140.00"
2019-12-09,2019120901007145,KBL,48,34,89,180.00,"16,020.00"
2019-12-09,2019120901007497,KPCL,56,6,10,84.00,840.00
2019-12-09,2019120901007483,KPCL,56,26,10,83.00,830.00
2019-12-09,2019120901007204,KPCL,39,39,10,82.00,820.00
2019-12-09,2019120901007578,KSBBL,57,40,50,139.00,"6,950.00"
2019-12-09,2019120901007196,KSBBL,41,57,490,137.00,"67,130.00"
2019-12-09,2019120901007195,KSBBL,36,57,10,137.00,"1,370.00"
2019-12-09,2019120901007178,KSBBL,36,41,290,137.00,"39,730.00"
2019-12-09,2019120901007177,KSBBL,45,41,110,137.00,"15,070.00"
2019-12-09,2019120901007577,LBL,8,38,50,196.00,"9,800.00"
2019-12-09,2019120901007562,LBL,42,38,150,196.00,"29,400.00"
2019-12-09,2019120901007472,LBL,42,22,50,196.00,"9,800.00"
2019-12-09,2019120901007180,LGIL,44,57,463,321.00,"148,623.00"
2019-12-09,2019120901007179,LGIL,45,57,37,323.00,"11,951.00"
2019-12-09,2019120901007544,LICN,25,26,10,990.00,"9,900.00"
2019-12-09,2019120901007427,LICN,49,58,100,971.00,"97,100.00"
2019-12-09,2019120901007392,LICN,49,58,50,971.00,"48,550.00"
2019-12-09,2019120901007391,LICN,55,58,30,972.00,"29,160.00"
2019-12-09,2019120901007390,LICN,34,58,10,975.00,"9,750.00"
2019-12-09,2019120901007216,LLBS,18,19,127,660.00,"83,820.00"
2019-12-09,2019120901007215,LLBS,22,19,73,660.00,"48,180.00"
2019-12-09,2019120901007226,MDB,38,49,10,247.00,"2,470.00"
2019-12-09,2019120901007619,MEGA,43,45,10,185.00,"1,850.00"
2019-12-09,2019120901007159,MEGA,46,41,200,182.00,"36,400.00"
2019-12-09,2019120901007158,MEGA,45,41,500,183.00,"91,500.00"
2019-12-09,2019120901007157,MEGA,42,41,300,183.00,"54,900.00"
2019-12-09,2019120901007476,MEGA,8,13,196,184.00,"36,064.00"
2019-12-09,2019120901007447,MEGA,43,13,10,184.00,"1,840.00"
2019-12-09,2019120901007210,MERO,6,39,272,446.00,"121,312.00"
2019-12-09,2019120901007131,MERO,6,39,50,446.00,"22,300.00"
2019-12-09,2019120901007521,MFIL,17,19,210,128.00,"26,880.00"
2019-12-09,2019120901007520,MFIL,17,1,490,128.00,"62,720.00"
2019-12-09,2019120901007492,MFIL,43,1,10,128.00,"1,280.00"
2019-12-09,2019120901007411,MFIL,58,1,500,128.00,"64,000.00"
2019-12-09,2019120901007347,MFIL,13,51,120,126.00,"15,120.00"
2019-12-09,2019120901007214,MHNL,35,4,30,75.00,"2,250.00"
2019-12-09,2019120901007198,MLBL,1,52,10,180.00,"1,800.00"
2019-12-09,2019120901007594,MNBBL,34,45,520,278.00,"144,560.00"
2019-12-09,2019120901007336,MNBBL,26,13,70,278.00,"19,460.00"
2019-12-09,2019120901007335,MNBBL,43,13,500,278.00,"139,000.00"
2019-12-09,2019120901007334,MNBBL,26,13,500,278.00,"139,000.00"
2019-12-09,2019120901007333,MNBBL,17,13,103,279.00,"28,737.00"
2019-12-09,2019120901007332,MNBBL,34,13,80,279.00,"22,320.00"
2019-12-09,2019120901007313,MNBBL,34,45,20,279.00,"5,580.00"
2019-12-09,2019120901007607,MSLB,5,26,10,900.00,"9,000.00"
2019-12-09,2019120901007511,MSLB,10,14,20,890.00,"17,800.00"
2019-12-09,2019120901007340,MSLB,7,26,100,900.00,"90,000.00"
2019-12-09,2019120901007299,MSLB,10,58,48,890.00,"42,720.00"
2019-12-09,2019120901007236,MSLB,5,26,10,900.00,"9,000.00"
2019-12-09,2019120901007553,NABIL,17,26,20,736.00,"14,720.00"
2019-12-09,2019120901007506,NADEP,39,21,20,440.00,"8,800.00"
2019-12-09,2019120901007501,NADEP,39,39,100,440.00,"44,000.00"
2019-12-09,2019120901007453,NADEP,39,38,100,440.00,"44,000.00"
2019-12-09,2019120901007452,NADEP,39,45,15,438.00,"6,570.00"
2019-12-09,2019120901007147,NADEP,38,53,100,438.00,"43,800.00"
2019-12-09,2019120901007276,NADEP,21,32,100,440.00,"44,000.00"
2019-12-09,2019120901007275,NADEP,21,53,130,440.00,"57,200.00"
2019-12-09,2019120901007165,NADEP,5,53,60,434.00,"26,040.00"
2019-12-09,2019120901007164,NADEP,51,53,100,435.00,"43,500.00"
2019-12-09,2019120901007148,NADEP,1,53,30,437.00,"13,110.00"
2019-12-09,2019120901007605,NBB,32,13,87,201.00,"17,487.00"
2019-12-09,2019120901007604,NBB,25,13,700,201.00,"140,700.00"
2019-12-09,2019120901007603,NBB,46,13,"1,000",201.00,"201,000.00"
2019-12-09,2019120901007602,NBB,25,13,100,201.00,"20,100.00"
2019-12-09,2019120901007601,NBB,51,13,100,201.00,"20,100.00"
2019-12-09,2019120901007600,NBB,1,13,198,202.00,"39,996.00"
2019-12-09,2019120901007599,NBB,41,13,100,202.00,"20,200.00"
2019-12-09,2019120901007598,NBB,47,13,100,202.00,"20,200.00"
2019-12-09,2019120901007560,NBB,49,13,88,203.00,"17,864.00"
2019-12-09,2019120901007559,NBB,49,47,112,203.00,"22,736.00"
2019-12-09,2019120901007625,NBL,59,38,500,313.00,"156,500.00"
2019-12-09,2019120901007515,NBL,42,37,105,313.00,"32,865.00"
2019-12-09,2019120901007514,NBL,25,37,250,313.00,"78,250.00"
2019-12-09,2019120901007287,NBL,42,17,200,314.00,"62,800.00"
2019-12-09,2019120901007229,NBL,13,17,"1,500",314.00,"471,000.00"
2019-12-09,2019120901007188,NBL,25,21,100,313.00,"31,300.00"
2019-12-09,2019120901007572,NCCB,22,8,100,200.00,"20,000.00"
2019-12-09,2019120901007504,NCCB,22,25,200,200.00,"40,000.00"
2019-12-09,2019120901007454,NCCB,22,22,50,200.00,"10,000.00"
2019-12-09,2019120901007233,NEF,19,16,"2,827",7.38,"20,863.26"
2019-12-09,2019120901007232,NEF,46,16,"16,727",7.40,"123,779.80"
2019-12-09,2019120901007231,NEF,26,16,"5,000",7.41,"37,050.00"
2019-12-09,2019120901007230,NEF,51,16,"2,000",7.50,"15,000.00"
2019-12-09,2019120901007160,NGPL,49,49,178,112.00,"19,936.00"
2019-12-09,2019120901007567,NIB,43,7,382,421.00,"160,822.00"
2019-12-09,2019120901007548,NICA,49,48,10,410.00,"4,100.00"
2019-12-09,2019120901007358,NICA,19,21,28,408.00,"11,424.00"
2019-12-09,2019120901007209,NICA,19,19,26,408.00,"10,608.00"
2019-12-09,2019120901007208,NICA,33,19,200,408.00,"81,600.00"
2019-12-09,2019120901007207,NICA,40,19,500,408.00,"204,000.00"
2019-12-09,2019120901007206,NICA,50,19,174,408.00,"70,992.00"
2019-12-09,2019120901007205,NICA,46,19,100,409.00,"40,900.00"
2019-12-09,2019120901007194,NICA,46,34,200,409.00,"81,800.00"
2019-12-09,2019120901007263,NICGF,45,8,500,8.43,"4,215.00"
2019-12-09,2019120901007478,NICL,25,14,10,286.00,"2,860.00"
2019-12-09,2019120901007461,NICL,25,36,18,285.00,"5,130.00"
2019-12-09,2019120901007444,NICL,56,25,50,280.00,"14,000.00"
2019-12-09,2019120901007357,NICL,34,36,482,285.00,"137,370.00"
2019-12-09,2019120901007356,NICL,34,58,488,285.00,"139,080.00"
2019-12-09,2019120901007355,NICL,34,42,30,284.00,"8,520.00"
2019-12-09,2019120901007430,NIL,57,13,336,390.00,"131,040.00"
2019-12-09,2019120901007429,NIL,49,13,100,390.00,"39,000.00"
2019-12-09,2019120901007428,NIL,46,13,962,391.00,"376,142.00"
2019-12-09,2019120901007235,NIL,46,49,38,391.00,"14,858.00"
2019-12-09,2019120901007234,NIL,4,49,10,392.00,"3,920.00"
2019-12-09,2019120901007162,NIL,4,57,190,392.00,"74,480.00"
2019-12-09,2019120901007547,NLBBL,45,34,90,557.00,"50,130.00"
2019-12-09,2019120901007341,NLBBL,45,20,100,557.00,"55,700.00"
2019-12-09,2019120901007246,NLBBL,45,16,100,557.00,"55,700.00"
2019-12-09,2019120901007217,NLBBL,45,25,250,557.00,"139,250.00"
2019-12-09,2019120901007508,NLIC,5,57,60,885.00,"53,100.00"
2019-12-09,2019120901007507,NLIC,5,58,150,885.00,"132,750.00"
2019-12-09,2019120901007302,NLIC,28,58,200,885.00,"177,000.00"
2019-12-09,2019120901007139,NLIC,45,16,300,885.00,"265,500.00"
2019-12-09,2019120901007129,NLIC,45,44,200,885.00,"177,000.00"
2019-12-09,2019120901007585,NMB,21,55,68,388.00,"26,384.00"
2019-12-09,2019120901007584,NMB,36,55,332,388.00,"128,816.00"
2019-12-09,2019120901007531,NMB,49,21,912,389.00,"354,768.00"
2019-12-09,2019120901007530,NMB,49,54,88,389.00,"34,232.00"
2019-12-09,2019120901007525,NMB,7,54,912,389.00,"354,768.00"
2019-12-09,2019120901007524,NMB,7,41,88,389.00,"34,232.00"
2019-12-09,2019120901007289,NMB,26,41,12,389.00,"4,668.00"
2019-12-09,2019120901007144,NMB,32,41,800,389.00,"311,200.00"
2019-12-09,2019120901007143,NMB,38,41,300,389.00,"116,700.00"
2019-12-09,2019120901007565,NMBMF,34,17,10,549.00,"5,490.00"
2019-12-09,2019120901007564,NMBMF,34,40,299,545.00,"162,955.00"
2019-12-09,2019120901007532,NMBMF,10,40,138,545.00,"75,210.00"
2019-12-09,2019120901007527,NMBMF,34,17,10,549.00,"5,490.00"
2019-12-09,2019120901007526,NMBMF,34,1,35,548.00,"19,180.00"
2019-12-09,2019120901007366,NMBMF,10,40,12,545.00,"6,540.00"
2019-12-09,2019120901007365,NMBMF,34,40,28,545.00,"15,260.00"
2019-12-09,2019120901007321,NNLB,55,58,90,535.00,"48,150.00"
2019-12-09,2019120901007320,NNLB,25,58,50,535.00,"26,750.00"
2019-12-09,2019120901007319,NNLB,21,58,100,536.00,"53,600.00"
2019-12-09,2019120901007318,NNLB,17,58,100,536.00,"53,600.00"
2019-12-09,2019120901007262,NNLB,56,55,100,536.00,"53,600.00"
2019-12-09,2019120901007140,NNLB,55,38,50,543.00,"27,150.00"
2019-12-09,2019120901007431,NSEWA,38,55,50,431.00,"21,550.00"
2019-12-09,2019120901007522,NUBL,19,16,100,966.00,"96,600.00"
2019-12-09,2019120901007414,NUBL,47,41,16,970.00,"15,520.00"
2019-12-09,2019120901007613,OHL,16,45,72,432.00,"31,104.00"
2019-12-09,2019120901007354,OHL,16,19,150,432.00,"64,800.00"
2019-12-09,2019120901007245,PCBL,45,19,50,275.00,"13,750.00"
2019-12-09,2019120901007244,PCBL,26,19,300,275.00,"82,500.00"
2019-12-09,2019120901007267,PFL,13,42,56,143.00,"8,008.00"
2019-12-09,2019120901007552,PIC,36,58,51,386.00,"19,686.00"
2019-12-09,2019120901007523,PIC,36,49,20,390.00,"7,800.00"
2019-12-09,2019120901007388,PIC,26,49,100,390.00,"39,000.00"
2019-12-09,2019120901007377,PIC,1,49,45,390.00,"17,550.00"
2019-12-09,2019120901007303,PICL,4,58,600,384.00,"230,400.00"
2019-12-09,2019120901007221,PICL,4,58,200,384.00,"76,800.00"
2019-12-09,2019120901007200,PICL,32,58,500,385.00,"192,500.00"
2019-12-09,2019120901007489,PLIC,25,58,80,348.00,"27,840.00"
2019-12-09,2019120901007488,PLIC,25,44,50,347.00,"17,350.00"
2019-12-09,2019120901007487,PLIC,25,37,200,347.00,"69,400.00"
2019-12-09,2019120901007486,PLIC,25,43,100,346.00,"34,600.00"
2019-12-09,2019120901007477,PLIC,53,1,100,343.00,"34,300.00"
2019-12-09,2019120901007456,PLIC,53,43,100,342.00,"34,200.00"
2019-12-09,2019120901007166,PLIC,48,19,13,341.00,"4,433.00"
2019-12-09,2019120901007130,PLIC,48,39,62,341.00,"21,142.00"
2019-12-09,2019120901007455,PLIC,53,36,100,342.00,"34,200.00"
2019-12-09,2019120901007415,PLIC,48,4,93,341.00,"31,713.00"
2019-12-09,2019120901007393,PLIC,48,34,200,341.00,"68,200.00"
2019-12-09,2019120901007348,PLIC,48,13,123,341.00,"41,943.00"
2019-12-09,2019120901007224,PLIC,48,38,300,341.00,"102,300.00"
2019-12-09,2019120901007202,PLIC,48,57,250,341.00,"85,250.00"
2019-12-09,2019120901007228,PMHPL,49,4,10,85.00,850.00
2019-12-09,2019120901007197,PPCL,45,42,20,102.00,"2,040.00"
2019-12-09,2019120901007620,PRVU,57,54,20,226.00,"4,520.00"
2019-12-09,2019120901007618,PRVU,49,54,92,226.00,"20,792.00"
2019-12-09,2019120901007617,PRVU,49,25,108,226.00,"24,408.00"
2019-12-09,2019120901007212,PRVU,45,54,50,226.00,"11,300.00"
2019-12-09,2019120901007137,RADHI,36,42,11,142.00,"1,562.00"
2019-12-09,2019120901007193,RBCLPO,34,18,10,"7,550.00","75,500.00"
2019-12-09,2019120901007424,RHPC,8,14,500,73.00,"36,500.00"
2019-12-09,2019120901007423,RHPC,8,44,79,73.00,"5,767.00"
2019-12-09,2019120901007422,RHPC,8,26,200,73.00,"14,600.00"
2019-12-09,2019120901007421,RHPC,8,19,"1,000",73.00,"73,000.00"
2019-12-09,2019120901007420,RHPC,8,46,500,73.00,"36,500.00"
2019-12-09,2019120901007419,RHPC,8,37,100,73.00,"7,300.00"
2019-12-09,2019120901007418,RHPC,8,43,575,73.00,"41,975.00"
2019-12-09,2019120901007417,RHPC,8,20,"1,500",72.00,"108,000.00"
2019-12-09,2019120901007416,RHPC,8,49,289,72.00,"20,808.00"
2019-12-09,2019120901007385,RHPC,3,49,10,72.00,720.00
2019-12-09,2019120901007373,RHPC,3,22,12,71.00,852.00
2019-12-09,2019120901007575,RHPL,45,48,40,172.00,"6,880.00"
2019-12-09,2019120901007573,RHPL,45,21,40,172.00,"6,880.00"
2019-12-09,2019120901007556,RHPL,45,21,30,172.00,"5,160.00"
2019-12-09,2019120901007555,RHPL,34,21,10,173.00,"1,730.00"
2019-12-09,2019120901007505,RHPL,34,21,50,173.00,"8,650.00"
2019-12-09,2019120901007491,RHPL,34,21,40,173.00,"6,920.00"
2019-12-09,2019120901007185,RHPL,52,58,100,173.00,"17,300.00"
2019-12-09,2019120901007184,RHPL,45,58,"1,000",173.00,"173,000.00"
2019-12-09,2019120901007183,RHPL,58,58,20,173.00,"3,460.00"
2019-12-09,2019120901007182,RHPL,42,58,80,173.00,"13,840.00"
2019-12-09,2019120901007176,RHPL,42,21,50,173.00,"8,650.00"
2019-12-09,2019120901007436,RHPL,34,21,40,173.00,"6,920.00"
2019-12-09,2019120901007368,RHPL,34,48,40,173.00,"6,920.00"
2019-12-09,2019120901007327,RHPL,34,43,40,173.00,"6,920.00"
2019-12-09,2019120901007255,RHPL,34,21,40,173.00,"6,920.00"
2019-12-09,2019120901007201,RHPL,34,21,40,173.00,"6,920.00"
2019-12-09,2019120901007186,RHPL,34,58,200,173.00,"34,600.00"
2019-12-09,2019120901007219,RSDC,51,57,200,308.00,"61,600.00"
2019-12-09,2019120901007615,SABSL,11,18,30,544.00,"16,320.00"
2019-12-09,2019120901007467,SABSL,22,19,50,538.00,"26,900.00"
2019-12-09,2019120901007466,SABSL,29,19,10,538.00,"5,380.00"
2019-12-09,2019120901007465,SABSL,58,19,40,538.00,"21,520.00"
2019-12-09,2019120901007413,SABSL,5,28,90,540.00,"48,600.00"
2019-12-09,2019120901007376,SABSL,17,18,500,541.00,"270,500.00"
2019-12-09,2019120901007153,SABSL,17,28,200,545.00,"109,000.00"
2019-12-09,2019120901007339,SABSL,5,21,10,540.00,"5,400.00"
2019-12-09,2019120901007265,SABSL,19,36,100,541.00,"54,100.00"
2019-12-09,2019120901007264,SABSL,40,36,60,541.00,"32,460.00"
2019-12-09,2019120901007238,SABSL,35,36,250,542.00,"135,500.00"
2019-12-09,2019120901007237,SABSL,17,36,100,545.00,"54,500.00"
2019-12-09,2019120901007175,SABSL,17,36,200,545.00,"109,000.00"
2019-12-09,2019120901007290,SAEF,39,8,500,8.50,"4,250.00"
2019-12-09,2019120901007502,SANIMA,19,1,300,309.00,"92,700.00"
2019-12-09,2019120901007597,SBI,40,32,90,352.00,"31,680.00"
2019-12-09,2019120901007462,SBI,28,32,39,355.00,"13,845.00"
2019-12-09,2019120901007253,SBI,28,28,50,355.00,"17,750.00"
2019-12-09,2019120901007220,SBI,41,28,10,356.00,"3,560.00"
2019-12-09,2019120901007191,SBI,28,28,50,355.00,"17,750.00"
2019-12-09,2019120901007582,SBL,44,22,50,285.00,"14,250.00"
2019-12-09,2019120901007490,SBL,47,34,100,289.00,"28,900.00"
2019-12-09,2019120901007410,SBL,6,40,30,284.00,"8,520.00"
2019-12-09,2019120901007409,SBL,35,40,100,284.00,"28,400.00"
2019-12-09,2019120901007408,SBL,38,40,30,285.00,"8,550.00"
2019-12-09,2019120901007407,SBL,40,40,500,285.00,"142,500.00"
2019-12-09,2019120901007406,SBL,44,40,500,285.00,"142,500.00"
2019-12-09,2019120901007405,SBL,52,40,100,285.00,"28,500.00"
2019-12-09,2019120901007404,SBL,26,40,200,286.00,"57,200.00"
2019-12-09,2019120901007403,SBL,14,40,30,287.00,"8,610.00"
2019-12-09,2019120901007402,SBL,6,40,175,287.00,"50,225.00"
2019-12-09,2019120901007606,SCB,37,41,40,531.00,"21,240.00"
2019-12-09,2019120901007458,SDESI,47,38,100,578.00,"57,800.00"
2019-12-09,2019120901007387,SHINE,21,54,500,228.00,"114,000.00"
2019-12-09,2019120901007269,SHINE,57,54,100,228.00,"22,800.00"
2019-12-09,2019120901007627,SHIVM,48,22,10,388.00,"3,880.00"
2019-12-09,2019120901007435,SHIVM,38,10,112,384.00,"43,008.00"
2019-12-09,2019120901007434,SHIVM,26,10,10,385.00,"3,850.00"
2019-12-09,2019120901007433,SHIVM,39,10,25,385.00,"9,625.00"
2019-12-09,2019120901007432,SHIVM,29,10,53,385.00,"20,405.00"
2019-12-09,2019120901007199,SHIVM,59,22,20,388.00,"7,760.00"
2019-12-09,2019120901007383,SHL,21,35,200,210.00,"42,000.00"
2019-12-09,2019120901007382,SHL,29,35,100,211.00,"21,100.00"
2019-12-09,2019120901007624,SHPC,43,58,20,193.00,"3,860.00"
2019-12-09,2019120901007609,SHPC,32,32,66,192.00,"12,672.00"
2019-12-09,2019120901007595,SHPC,48,16,100,191.00,"19,100.00"
2019-12-09,2019120901007574,SHPC,48,14,500,191.00,"95,500.00"
2019-12-09,2019120901007278,SHPC,34,50,480,190.00,"91,200.00"
2019-12-09,2019120901007277,SHPC,17,50,116,191.00,"22,156.00"
2019-12-09,2019120901007241,SHPC,17,54,220,191.00,"42,020.00"
2019-12-09,2019120901007400,SHPC,32,32,44,191.00,"8,404.00"
2019-12-09,2019120901007311,SHPC,32,32,100,191.00,"19,100.00"
2019-12-09,2019120901007282,SHPC,58,50,154,190.00,"29,260.00"
2019-12-09,2019120901007281,SHPC,33,50,100,190.00,"19,000.00"
2019-12-09,2019120901007280,SHPC,37,50,100,190.00,"19,000.00"
2019-12-09,2019120901007279,SHPC,59,50,250,190.00,"47,500.00"
2019-12-09,2019120901007440,SIC,16,44,400,460.00,"184,000.00"
2019-12-09,2019120901007593,SICL,32,57,100,788.00,"78,800.00"
2019-12-09,2019120901007519,SICL,32,13,119,788.00,"93,772.00"
2019-12-09,2019120901007518,SICL,32,13,200,789.00,"157,800.00"
2019-12-09,2019120901007517,SICL,32,13,300,790.00,"237,000.00"
2019-12-09,2019120901007516,SICL,4,13,100,790.00,"79,000.00"
2019-12-09,2019120901007307,SICL,4,25,900,790.00,"711,000.00"
2019-12-09,2019120901007306,SICL,45,25,400,792.00,"316,800.00"
2019-12-09,2019120901007305,SICL,45,25,200,793.00,"158,600.00"
2019-12-09,2019120901007293,SIL,4,35,10,400.00,"4,000.00"
2019-12-09,2019120901007596,SJCL,29,21,20,159.00,"3,180.00"
2019-12-09,2019120901007592,SJCL,29,48,20,159.00,"3,180.00"
2019-12-09,2019120901007566,SJCL,29,8,20,159.00,"3,180.00"
2019-12-09,2019120901007546,SJCL,29,21,20,159.00,"3,180.00"
2019-12-09,2019120901007513,SJCL,29,21,20,159.00,"3,180.00"
2019-12-09,2019120901007155,SJCL,34,21,20,160.00,"3,200.00"
2019-12-09,2019120901007138,SJCL,34,21,20,160.00,"3,200.00"
2019-12-09,2019120901007285,SJCL,34,18,220,160.00,"35,200.00"
2019-12-09,2019120901007268,SJCL,34,39,20,160.00,"3,200.00"
2019-12-09,2019120901007240,SJCL,34,21,20,160.00,"3,200.00"
2019-12-09,2019120901007239,SJCL,34,39,20,160.00,"3,200.00"
2019-12-09,2019120901007227,SJCL,34,32,500,160.00,"80,000.00"
2019-12-09,2019120901007218,SJCL,34,21,20,160.00,"3,200.00"
2019-12-09,2019120901007359,SJCL,42,38,100,159.00,"15,900.00"
2019-12-09,2019120901007326,SJCL,53,45,200,160.00,"32,000.00"
2019-12-09,2019120901007325,SJCL,17,45,90,160.00,"14,400.00"
2019-12-09,2019120901007312,SJCL,17,22,320,160.00,"51,200.00"
2019-12-09,2019120901007298,SJCL,17,39,10,160.00,"1,600.00"
2019-12-09,2019120901007286,SJCL,17,18,80,160.00,"12,800.00"
2019-12-09,2019120901007474,SJCL,29,21,20,159.00,"3,180.00"
2019-12-09,2019120901007451,SJCL,29,21,20,159.00,"3,180.00"
2019-12-09,2019120901007386,SJCL,35,45,100,160.00,"16,000.00"
2019-12-09,2019120901007381,SJCL,29,48,20,159.00,"3,180.00"
2019-12-09,2019120901007349,SKBBL,39,58,10,983.00,"9,830.00"
2019-12-09,2019120901007225,SKBBL,55,45,"1,000",971.00,"971,000.00"
2019-12-09,2019120901007168,SKBBL,47,53,100,972.00,"97,200.00"
2019-12-09,2019120901007167,SKBBL,19,53,100,975.00,"97,500.00"
2019-12-09,2019120901007558,SLBSL,34,58,200,636.00,"127,200.00"
2019-12-09,2019120901007535,SLBSL,44,58,50,640.00,"32,000.00"
2019-12-09,2019120901007534,SLBSL,45,58,50,641.00,"32,050.00"
2019-12-09,2019120901007529,SLBSL,19,58,10,645.00,"6,450.00"
2019-12-09,2019120901007134,SLBSL,45,44,10,650.00,"6,500.00"
2019-12-09,2019120901007581,SLICL,45,34,50,275.00,"13,750.00"
2019-12-09,2019120901007343,SLICL,34,44,200,276.00,"55,200.00"
2019-12-09,2019120901007342,SLICL,17,44,285,276.00,"78,660.00"
2019-12-09,2019120901007257,SLICL,17,39,215,276.00,"59,340.00"
2019-12-09,2019120901007256,SLICL,34,39,500,276.00,"138,000.00"
2019-12-09,2019120901007133,SLICL,59,57,500,278.00,"139,000.00"
2019-12-09,2019120901007132,SLICL,6,57,730,278.00,"202,940.00"
2019-12-09,2019120901007156,SMB,50,45,30,492.00,"14,760.00"
2019-12-09,2019120901007533,SMFBS,45,28,10,885.00,"8,850.00"
2019-12-09,2019120901007579,SMFDB,49,53,200,638.00,"127,600.00"
2019-12-09,2019120901007367,SMFDB,10,20,113,637.00,"71,981.00"
2019-12-09,2019120901007485,SPARS,14,28,100,575.00,"57,500.00"
2019-12-09,2019120901007484,SPARS,58,28,10,575.00,"5,750.00"
2019-12-09,2019120901007475,SPARS,6,26,190,576.00,"109,440.00"
2019-12-09,2019120901007389,SPARS,6,21,10,576.00,"5,760.00"
2019-12-09,2019120901007622,SRBL,4,46,300,220.00,"66,000.00"
2019-12-09,2019120901007626,STC,34,57,20,"1,360.00","27,200.00"
2019-12-09,2019120901007561,SWBBL,44,53,20,"1,020.00","20,400.00"
2019-12-09,2019120901007443,SWBBL,47,44,91,"1,015.00","92,365.00"
2019-12-09,2019120901007163,SWBBL,17,44,400,"1,015.00","406,000.00"
2019-12-09,2019120901007337,UIC,55,38,100,237.00,"23,700.00"
2019-12-09,2019120901007464,UMHL,53,34,114,103.00,"11,742.00"
2019-12-09,2019120901007463,UMHL,58,34,86,103.00,"8,858.00"
2019-12-09,2019120901007283,UNHPL,52,4,50,54.00,"2,700.00"
2019-12-09,2019120901007149,UNHPL,52,4,50,54.00,"2,700.00"
2019-12-09,2019120901007213,UPCL,34,55,50,75.00,"3,750.00"
2019-12-09,2019120901007496,UPPER,44,14,40,236.00,"9,440.00"
2019-12-09,2019120901007482,UPPER,22,56,67,236.00,"15,812.00"
2019-12-09,2019120901007481,UPPER,40,56,33,236.00,"7,788.00"
2019-12-09,2019120901007288,UPPER,40,39,40,236.00,"9,440.00"
2019-12-09,2019120901007222,UPPER,40,58,150,236.00,"35,400.00"
2019-12-09,2019120901007170,UPPER,40,4,50,236.00,"11,800.00"
2019-12-09,2019120901007495,VLBS,21,22,50,676.00,"33,800.00"
2019-12-09,2019120901007439,VLBS,21,11,193,666.00,"128,538.00"
2019-12-09,2019120901007438,VLBS,22,11,107,667.00,"71,369.00"
2019-12-09,2019120901007189,VLBS,32,7,20,675.00,"13,500.00"
2019-12-09,2019120901007380,VLBS,22,32,80,667.00,"53,360.00"
2019-12-09,2019120901007261,VLBS,22,34,13,667.00,"8,671.00"
2019-12-09,2019120901007190,VLBS,37,7,40,675.00,"27,000.00"
2019-12-09,2019120901007066,ADBL,4,45,100,411.00,"41,100.00"
2019-12-09,2019120901006760,ADBL,43,46,20,412.00,"8,240.00"
2019-12-09,2019120901006716,ADBL,43,42,500,412.00,"206,000.00"
2019-12-09,2019120901006692,ADBL,43,4,480,412.00,"197,760.00"
2019-12-09,2019120901006691,ADBL,7,4,10,412.00,"4,120.00"
2019-12-09,2019120901006690,ADBL,4,4,150,413.00,"61,950.00"
2019-12-09,2019120901006689,ADBL,29,4,200,414.00,"82,800.00"
2019-12-09,2019120901006798,ALBSL,22,33,100,462.00,"46,200.00"
2019-12-09,2019120901006769,ALBSL,45,17,50,464.00,"23,200.00"
2019-12-09,2019120901006768,ALBSL,45,17,10,464.00,"4,640.00"
2019-12-09,2019120901006712,ALBSL,56,17,70,464.00,"32,480.00"
2019-12-09,2019120901006699,ALBSL,56,25,210,464.00,"97,440.00"
2019-12-09,2019120901006698,ALBSL,56,25,90,466.00,"41,940.00"
2019-12-09,2019120901006892,ALICL,28,56,26,347.00,"9,022.00"
2019-12-09,2019120901006891,ALICL,45,56,75,348.00,"26,100.00"
2019-12-09,2019120901006848,ALICL,45,14,225,348.00,"78,300.00"
2019-12-09,2019120901006635,ALICL,50,32,312,354.00,"110,448.00"
2019-12-09,2019120901006634,ALICL,50,32,500,353.00,"176,500.00"
2019-12-09,2019120901006633,ALICL,50,45,188,352.00,"66,176.00"
2019-12-09,2019120901007055,API,25,21,50,109.00,"5,450.00"
2019-12-09,2019120901007044,API,25,44,"1,400",107.00,"149,800.00"
2019-12-09,2019120901007024,API,38,35,50,106.00,"5,300.00"
2019-12-09,2019120901006880,API,38,44,500,107.00,"53,500.00"
2019-12-09,2019120901006879,API,55,44,100,107.00,"10,700.00"
2019-12-09,2019120901006878,API,55,25,100,107.00,"10,700.00"
2019-12-09,2019120901006753,API,25,21,50,109.00,"5,450.00"
2019-12-09,2019120901006709,API,55,41,"2,800",107.00,"299,600.00"
2019-12-09,2019120901006708,API,43,41,200,108.00,"21,600.00"
2019-12-09,2019120901006696,API,25,21,50,109.00,"5,450.00"
2019-12-09,2019120901006683,API,43,25,800,108.00,"86,400.00"
2019-12-09,2019120901006901,BOKL,28,34,100,218.00,"21,800.00"
2019-12-09,2019120901006821,BOKL,28,17,20,218.00,"4,360.00"
2019-12-09,2019120901006726,BOKL,28,39,158,218.00,"34,444.00"
2019-12-09,2019120901006671,BOKL,41,59,10,219.00,"2,190.00"
2019-12-09,2019120901006639,BOKL,49,59,200,219.00,"43,800.00"
2019-12-09,2019120901007056,BPCL,4,42,11,360.00,"3,960.00"
2019-12-09,2019120901006963,BPCL,4,38,300,360.00,"108,000.00"
2019-12-09,2019120901006944,BPCL,4,48,22,360.00,"7,920.00"
2019-12-09,2019120901006920,BPCL,49,7,311,361.00,"112,271.00"
2019-12-09,2019120901006851,BPCL,4,4,11,360.00,"3,960.00"
2019-12-09,2019120901006746,BPCL,29,7,89,361.00,"32,129.00"
2019-12-09,2019120901007073,CBBL,45,51,75,800.00,"60,000.00"
2019-12-09,2019120901007072,CBBL,49,51,25,800.00,"20,000.00"
2019-12-09,2019120901007021,CBBL,45,56,100,805.00,"80,500.00"
2019-12-09,2019120901007020,CBBL,46,56,100,805.00,"80,500.00"
2019-12-09,2019120901007019,CBBL,34,56,50,805.00,"40,250.00"
2019-12-09,2019120901007018,CBBL,14,56,20,806.00,"16,120.00"
2019-12-09,2019120901007017,CBBL,35,56,50,806.00,"40,300.00"
2019-12-09,2019120901007016,CBBL,57,56,100,806.00,"80,600.00"
2019-12-09,2019120901007109,CBL,33,57,100,137.00,"13,700.00"
2019-12-09,2019120901007108,CBL,56,57,100,137.00,"13,700.00"
2019-12-09,2019120901007107,CBL,56,57,100,137.00,"13,700.00"
2019-12-09,2019120901006801,CBL,10,42,10,138.00,"1,380.00"
2019-12-09,2019120901006665,CBL,43,16,100,136.00,"13,600.00"
2019-12-09,2019120901006664,CBL,43,16,400,136.00,"54,400.00"
2019-12-09,2019120901006825,CCBL,44,7,10,164.00,"1,640.00"
2019-12-09,2019120901006793,CCBL,52,7,200,164.00,"32,800.00"
2019-12-09,2019120901006792,CCBL,19,7,100,164.00,"16,400.00"
2019-12-09,2019120901006791,CCBL,38,7,100,164.00,"16,400.00"
2019-12-09,2019120901006765,CCBL,38,32,400,164.00,"65,600.00"
2019-12-09,2019120901006764,CCBL,26,32,600,164.00,"98,400.00"
2019-12-09,2019120901006837,CHCL,16,49,100,360.00,"36,000.00"
2019-12-09,2019120901006836,CHCL,14,49,15,361.00,"5,415.00"
2019-12-09,2019120901006897,CLBSL,45,4,80,566.00,"45,280.00"
2019-12-09,2019120901006896,CLBSL,14,4,30,567.00,"17,010.00"
2019-12-09,2019120901006846,CZBIL,8,41,194,185.00,"35,890.00"
2019-12-09,2019120901006766,CZBIL,35,1,51,186.00,"9,486.00"
2019-12-09,2019120901006722,CZBIL,18,1,49,186.00,"9,114.00"
2019-12-09,2019120901007118,DDBL,50,45,500,785.00,"392,500.00"
2019-12-09,2019120901007106,DDBL,50,25,30,785.00,"23,550.00"
2019-12-09,2019120901007063,DDBL,16,53,82,789.00,"64,698.00"
2019-12-09,2019120901007048,DDBL,16,25,18,789.00,"14,202.00"
2019-12-09,2019120901007047,DDBL,16,53,100,789.00,"78,900.00"
2019-12-09,2019120901007023,DDBL,29,45,300,790.00,"237,000.00"
2019-12-09,2019120901006704,DDBL,47,53,25,795.00,"19,875.00"
2019-12-09,2019120901006693,DDBL,47,53,100,795.00,"79,500.00"
2019-12-09,2019120901006649,DDBL,47,53,100,795.00,"79,500.00"
2019-12-09,2019120901006948,DDBL,43,58,100,792.00,"79,200.00"
2019-12-09,2019120901006845,DDBL,43,58,45,792.00,"35,640.00"
2019-12-09,2019120901006844,DDBL,43,58,300,794.00,"238,200.00"
2019-12-09,2019120901006843,DDBL,43,58,300,795.00,"238,500.00"
2019-12-09,2019120901006842,DDBL,47,58,75,795.00,"59,625.00"
2019-12-09,2019120901006841,DDBL,43,58,200,796.00,"159,200.00"
2019-12-09,2019120901007022,DDBL,28,45,69,790.00,"54,510.00"
2019-12-09,2019120901007015,DDBL,28,58,31,790.00,"24,490.00"
2019-12-09,2019120901007014,DDBL,35,58,50,790.00,"39,500.00"
2019-12-09,2019120901007013,DDBL,1,58,119,791.00,"94,129.00"
2019-12-09,2019120901006996,DDBL,1,58,81,791.00,"64,071.00"
2019-12-09,2019120901006982,DDBL,43,58,355,792.00,"281,160.00"
2019-12-09,2019120901007095,EBL,58,33,50,555.00,"27,750.00"
2019-12-09,2019120901007079,EBL,44,39,15,552.00,"8,280.00"
2019-12-09,2019120901007078,EBL,8,39,100,552.00,"55,200.00"
2019-12-09,2019120901007077,EBL,28,39,100,552.00,"55,200.00"
2019-12-09,2019120901007076,EBL,28,39,150,552.00,"82,800.00"
2019-12-09,2019120901007075,EBL,16,39,179,553.00,"98,987.00"
2019-12-09,2019120901006987,EBL,16,38,271,553.00,"149,863.00"
2019-12-09,2019120901006986,EBL,14,38,50,554.00,"27,700.00"
2019-12-09,2019120901006943,EIC,42,45,500,233.00,"116,500.00"
2019-12-09,2019120901006939,EIC,42,38,146,233.00,"34,018.00"
2019-12-09,2019120901006938,EIC,6,38,350,233.00,"81,550.00"
2019-12-09,2019120901007011,FOWAD,32,34,75,"1,386.00","103,950.00"
2019-12-09,2019120901006962,FOWAD,32,38,40,"1,386.00","55,440.00"
2019-12-09,2019120901006961,FOWAD,32,52,100,"1,386.00","138,600.00"
2019-12-09,2019120901006960,FOWAD,32,26,10,"1,385.00","13,850.00"
2019-12-09,2019120901006947,FOWAD,40,58,124,"1,380.00","171,120.00"
2019-12-09,2019120901006933,FOWAD,51,53,200,"1,381.00","276,200.00"
2019-12-09,2019120901006636,FOWAD,51,32,50,"1,381.00","69,050.00"
2019-12-09,2019120901006827,FOWAD,5,47,20,"1,382.00","27,640.00"
2019-12-09,2019120901006781,FOWAD,5,57,30,"1,382.00","41,460.00"
2019-12-09,2019120901006738,FOWAD,51,47,26,"1,381.00","35,906.00"
2019-12-09,2019120901006725,FOWAD,51,56,100,"1,381.00","138,100.00"
2019-12-09,2019120901006706,FOWAD,51,17,31,"1,381.00","42,811.00"
2019-12-09,2019120901006700,FOWAD,51,47,28,"1,381.00","38,668.00"
2019-12-09,2019120901007119,GBBL,34,39,100,202.00,"20,200.00"
2019-12-09,2019120901006969,GBBL,42,33,100,205.00,"20,500.00"
2019-12-09,2019120901006923,GBBL,34,22,500,202.00,"101,000.00"
2019-12-09,2019120901006922,GBBL,34,14,676,202.00,"136,552.00"
2019-12-09,2019120901006921,GBBL,34,45,100,201.00,"20,100.00"
2019-12-09,2019120901006816,GBBL,4,1,"1,000",201.00,"201,000.00"
2019-12-09,2019120901006645,GBBL,18,32,198,202.00,"39,996.00"
2019-12-09,2019120901006644,GBBL,18,39,102,202.00,"20,604.00"
2019-12-09,2019120901006789,GBBL,19,14,324,202.00,"65,448.00"
2019-12-09,2019120901006788,GBBL,19,33,636,202.00,"128,472.00"
2019-12-09,2019120901006787,GBBL,19,56,40,202.00,"8,080.00"
2019-12-09,2019120901006786,GBBL,19,33,100,202.00,"20,200.00"
2019-12-09,2019120901006785,GBBL,19,28,400,202.00,"80,800.00"
2019-12-09,2019120901006784,GBBL,19,57,500,202.00,"101,000.00"
2019-12-09,2019120901006877,GBLBS,39,19,200,317.00,"63,400.00"
2019-12-09,2019120901006720,GBLBS,39,53,290,317.00,"91,930.00"
2019-12-09,2019120901006719,GBLBS,7,53,10,317.00,"3,170.00"
2019-12-09,2019120901006702,GBLBS,37,51,15,317.00,"4,755.00"
2019-12-09,2019120901006653,GGBSL,11,51,10,615.00,"6,150.00"
2019-12-09,2019120901006648,GGBSL,11,51,10,615.00,"6,150.00"
2019-12-09,2019120901006632,GGBSL,11,49,60,615.00,"36,900.00"
2019-12-09,2019120901007006,GILB,34,38,400,814.00,"325,600.00"
2019-12-09,2019120901007005,GILB,46,38,200,815.00,"163,000.00"
2019-12-09,2019120901007004,GILB,34,38,390,815.00,"317,850.00"
2019-12-09,2019120901007003,GILB,44,38,10,816.00,"8,160.00"
2019-12-09,2019120901006860,GILB,34,58,110,815.00,"89,650.00"
2019-12-09,2019120901007012,GLICL,36,50,48,402.00,"19,296.00"
2019-12-09,2019120901006979,GLICL,36,50,48,402.00,"19,296.00"
2019-12-09,2019120901006959,GLICL,36,28,50,402.00,"20,100.00"
2019-12-09,2019120901006958,GLICL,14,28,300,402.00,"120,600.00"
2019-12-09,2019120901006957,GLICL,57,28,150,406.00,"60,900.00"
2019-12-09,2019120901006927,GLICL,34,56,224,407.00,"91,168.00"
2019-12-09,2019120901006721,GLICL,34,16,30,407.00,"12,210.00"
2019-12-09,2019120901006652,GRDBL,21,43,350,104.00,"36,400.00"
2019-12-09,2019120901006736,HBL,32,37,34,492.00,"16,728.00"
2019-12-09,2019120901007025,HDL,14,22,30,"1,275.00","38,250.00"
2019-12-09,2019120901007038,HGI,7,44,99,261.00,"25,839.00"
2019-12-09,2019120901006807,HGI,39,25,139,263.00,"36,557.00"
2019-12-09,2019120901006802,HGI,42,42,100,264.00,"26,400.00"
2019-12-09,2019120901006990,HIDCL,13,57,50,135.00,"6,750.00"
2019-12-09,2019120901006956,HIDCL,45,46,300,135.00,"40,500.00"
2019-12-09,2019120901006955,HIDCL,57,46,333,135.00,"44,955.00"
2019-12-09,2019120901006713,HIDCL,57,50,20,135.00,"2,700.00"
2019-12-09,2019120901006675,HIDCL,57,45,40,135.00,"5,400.00"
2019-12-09,2019120901006820,HPPL,18,59,10,139.00,"1,390.00"
2019-12-09,2019120901006796,HPPL,18,41,200,137.00,"27,400.00"
2019-12-09,2019120901006795,HPPL,18,33,10,137.00,"1,370.00"
2019-12-09,2019120901006794,HPPL,18,52,60,137.00,"8,220.00"
2019-12-09,2019120901006628,HPPL,41,53,10,135.00,"1,350.00"
2019-12-09,2019120901006812,IGI,1,34,120,297.00,"35,640.00"
2019-12-09,2019120901006811,IGI,26,34,30,298.00,"8,940.00"
2019-12-09,2019120901006747,ILBS,34,45,610,580.00,"353,800.00"
2019-12-09,2019120901007086,JBBL,48,21,17,165.00,"2,805.00"
2019-12-09,2019120901007064,JBBL,48,58,"1,000",165.00,"165,000.00"
2019-12-09,2019120901006749,JBBL,34,38,300,166.00,"49,800.00"
2019-12-09,2019120901006733,JBBL,34,50,200,166.00,"33,200.00"
2019-12-09,2019120901006978,JSLBB,48,38,36,"1,245.00","44,820.00"
2019-12-09,2019120901006977,JSLBB,40,38,50,"1,246.00","62,300.00"
2019-12-09,2019120901006976,JSLBB,41,38,50,"1,247.00","62,350.00"
2019-12-09,2019120901006869,JSLBB,1,38,40,"1,258.00","50,320.00"
2019-12-09,2019120901006868,JSLBB,1,45,10,"1,258.00","12,580.00"
2019-12-09,2019120901006705,JSLBB,45,58,100,"1,259.00","125,900.00"
2019-12-09,2019120901006862,KBL,42,54,"1,000",181.00,"181,000.00"
2019-12-09,2019120901006658,KBL,48,38,411,180.00,"73,980.00"
2019-12-09,2019120901006657,KBL,42,38,50,180.00,"9,000.00"
2019-12-09,2019120901006656,KBL,22,38,39,180.00,"7,020.00"
2019-12-09,2019120901006646,KKHC,37,58,21,53.00,"1,113.00"
2019-12-09,2019120901007101,KPCL,39,49,10,82.00,820.00
2019-12-09,2019120901006873,KPCL,39,52,10,82.00,820.00
2019-12-09,2019120901006813,KPCL,39,39,10,82.00,820.00
2019-12-09,2019120901006701,KSBBL,35,47,300,138.00,"41,400.00"
2019-12-09,2019120901007083,LBBL,8,56,365,174.00,"63,510.00"
2019-12-09,2019120901007082,LBBL,16,56,100,174.00,"17,400.00"
2019-12-09,2019120901007081,LBBL,16,56,50,175.00,"8,750.00"
2019-12-09,2019120901007080,LBBL,26,56,485,175.00,"84,875.00"
2019-12-09,2019120901006912,LBL,48,38,100,196.00,"19,600.00"
2019-12-09,2019120901006911,LBL,26,38,500,196.00,"98,000.00"
2019-12-09,2019120901006910,LBL,40,38,50,196.00,"9,800.00"
2019-12-09,2019120901006909,LBL,41,38,300,196.00,"58,800.00"
2019-12-09,2019120901006908,LBL,55,38,41,196.00,"8,036.00"
2019-12-09,2019120901006907,LBL,38,38,500,196.00,"98,000.00"
2019-12-09,2019120901006915,LGIL,45,21,20,323.00,"6,460.00"
2019-12-09,2019120901006748,LGIL,37,43,10,325.00,"3,250.00"
2019-12-09,2019120901006737,LGIL,45,38,343,323.00,"110,789.00"
2019-12-09,2019120901006642,LGIL,33,38,442,324.00,"143,208.00"
2019-12-09,2019120901007057,LLBS,22,47,80,660.00,"52,800.00"
2019-12-09,2019120901007007,LLBS,22,19,123,660.00,"81,180.00"
2019-12-09,2019120901007071,MDB,43,17,800,245.00,"196,000.00"
2019-12-09,2019120901007026,MDB,17,32,596,244.00,"145,424.00"
2019-12-09,2019120901006783,MDB,25,32,376,243.00,"91,368.00"
2019-12-09,2019120901006782,MDB,5,32,100,243.00,"24,300.00"
2019-12-09,2019120901007062,MEGA,53,58,500,184.00,"92,000.00"
2019-12-09,2019120901007061,MEGA,17,58,200,184.00,"36,800.00"
2019-12-09,2019120901007060,MEGA,34,58,"1,000",184.00,"184,000.00"
2019-12-09,2019120901007059,MEGA,49,58,"1,250",184.00,"230,000.00"
2019-12-09,2019120901007058,MEGA,50,58,"2,000",185.00,"370,000.00"
2019-12-09,2019120901006980,MEGA,4,13,45,187.00,"8,415.00"
2019-12-09,2019120901006707,MEGA,50,45,263,188.00,"49,444.00"
2019-12-09,2019120901006694,MEGA,50,25,190,188.00,"35,720.00"
2019-12-09,2019120901006670,MEGA,11,17,10,189.00,"1,890.00"
2019-12-09,2019120901007033,MEGA,59,51,100,186.00,"18,600.00"
2019-12-09,2019120901007032,MEGA,14,51,200,186.00,"37,200.00"
2019-12-09,2019120901007031,MEGA,8,51,200,186.00,"37,200.00"
2019-12-09,2019120901006981,MEGA,55,13,49,187.00,"9,163.00"
2019-12-09,2019120901007074,MERO,6,58,500,446.00,"223,000.00"
2019-12-09,2019120901006809,MERO,6,38,78,446.00,"34,788.00"
2019-12-09,2019120901006754,MERO,6,17,100,446.00,"44,600.00"
2019-12-09,2019120901006723,MERO,16,32,71,448.00,"31,808.00"
2019-12-09,2019120901006651,MERO,16,32,79,448.00,"35,392.00"
2019-12-09,2019120901007126,MNBBL,17,45,300,280.00,"84,000.00"
2019-12-09,2019120901007125,MNBBL,17,58,200,280.00,"56,000.00"
2019-12-09,2019120901007124,MNBBL,17,48,112,280.00,"31,360.00"
2019-12-09,2019120901007123,MNBBL,17,11,200,280.00,"56,000.00"
2019-12-09,2019120901007122,MNBBL,17,1,25,280.00,"7,000.00"
2019-12-09,2019120901007121,MNBBL,17,45,60,280.00,"16,800.00"
2019-12-09,2019120901006661,MNBBL,58,21,17,279.00,"4,743.00"
2019-12-09,2019120901006650,MNBBL,58,21,20,279.00,"5,580.00"
2019-12-09,2019120901007040,MNBBL,57,48,50,280.00,"14,000.00"
2019-12-09,2019120901007039,MNBBL,57,34,90,280.00,"25,200.00"
2019-12-09,2019120901006926,MNBBL,58,54,3,279.00,837.00
2019-12-09,2019120901006925,MNBBL,17,54,300,279.00,"83,700.00"
2019-12-09,2019120901006924,MNBBL,42,54,100,280.00,"28,000.00"
2019-12-09,2019120901006750,MNBBL,14,34,200,279.00,"55,800.00"
2019-12-09,2019120901007042,MNBBL,57,45,40,280.00,"11,200.00"
2019-12-09,2019120901007041,MNBBL,57,56,20,280.00,"5,600.00"
2019-12-09,2019120901006913,MSLB,48,5,13,900.00,"11,700.00"
2019-12-09,2019120901006872,MSLB,48,58,37,900.00,"33,300.00"
2019-12-09,2019120901006975,NABIL,35,36,200,747.00,"149,400.00"
2019-12-09,2019120901006974,NABIL,35,45,15,744.00,"11,160.00"
2019-12-09,2019120901007069,NADEP,45,53,100,440.00,"44,000.00"
2019-12-09,2019120901007068,NADEP,36,53,500,440.00,"220,000.00"
2019-12-09,2019120901007067,NADEP,20,53,870,440.00,"382,800.00"
2019-12-09,2019120901006895,NADEP,20,34,100,440.00,"44,000.00"
2019-12-09,2019120901006734,NBB,6,13,"2,000",202.00,"404,000.00"
2019-12-09,2019120901006932,NBL,13,17,500,314.00,"157,000.00"
2019-12-09,2019120901006858,NBL,19,17,"1,000",314.00,"314,000.00"
2019-12-09,2019120901006762,NBL,28,4,"2,530",314.00,"794,420.00"
2019-12-09,2019120901006673,NBL,44,4,200,314.00,"62,800.00"
2019-12-09,2019120901006663,NBL,7,4,270,314.00,"84,780.00"
2019-12-09,2019120901006662,NBL,7,17,230,314.00,"72,220.00"
2019-12-09,2019120901006871,NCCB,22,50,250,200.00,"50,000.00"
2019-12-09,2019120901006870,NCCB,22,44,200,200.00,"40,000.00"
2019-12-09,2019120901006774,NCCB,4,50,50,200.00,"10,000.00"
2019-12-09,2019120901006773,NCCB,36,50,200,200.00,"40,000.00"
2019-12-09,2019120901006755,NCCB,36,50,700,200.00,"140,000.00"
2019-12-09,2019120901006695,NCCB,36,16,100,200.00,"20,000.00"
2019-12-09,2019120901007070,NGPL,49,34,11,112.00,"1,232.00"
2019-12-09,2019120901006834,NHPC,20,48,10,53.00,530.00
2019-12-09,2019120901006808,NHPC,45,54,"1,080",52.00,"56,160.00"
2019-12-09,2019120901007052,NIB,43,7,10,421.00,"4,210.00"
2019-12-09,2019120901006916,NIB,29,52,191,420.00,"80,220.00"
2019-12-09,2019120901006779,NIB,29,56,28,420.00,"11,760.00"
2019-12-09,2019120901006778,NIB,16,56,11,420.00,"4,620.00"
2019-12-09,2019120901006777,NIB,1,56,50,420.00,"21,000.00"
2019-12-09,2019120901006776,NIB,59,56,11,420.00,"4,620.00"
2019-12-09,2019120901006763,NIB,45,7,108,421.00,"45,468.00"
2019-12-09,2019120901006685,NIB,45,26,180,421.00,"75,780.00"
2019-12-09,2019120901007050,NICA,34,48,30,410.00,"12,300.00"
2019-12-09,2019120901006857,NICA,45,48,700,410.00,"287,000.00"
2019-12-09,2019120901006856,NICA,45,50,200,410.00,"82,000.00"
2019-12-09,2019120901006855,NICA,45,25,500,410.00,"205,000.00"
2019-12-09,2019120901006854,NICA,45,39,500,410.00,"205,000.00"
2019-12-09,2019120901006853,NICA,45,52,100,409.00,"40,900.00"
2019-12-09,2019120901006735,NICA,46,38,"1,167",409.00,"477,303.00"
2019-12-09,2019120901006732,NICA,46,10,60,409.00,"24,540.00"
2019-12-09,2019120901006715,NICL,19,49,53,283.00,"14,999.00"
2019-12-09,2019120901006918,NICL,35,25,100,280.00,"28,000.00"
2019-12-09,2019120901006917,NICL,22,25,700,280.00,"196,000.00"
2019-12-09,2019120901006888,NICL,57,36,500,281.00,"140,500.00"
2019-12-09,2019120901006887,NICL,19,36,500,281.00,"140,500.00"
2019-12-09,2019120901006847,NICL,34,28,500,282.00,"141,000.00"
2019-12-09,2019120901006838,NICL,19,34,147,283.00,"41,601.00"
2019-12-09,2019120901006968,NICL,25,58,12,285.00,"3,420.00"
2019-12-09,2019120901006967,NICL,25,28,28,280.00,"7,840.00"
2019-12-09,2019120901006942,NICL,1,28,72,280.00,"20,160.00"
2019-12-09,2019120901006919,NICL,1,25,28,280.00,"7,840.00"
2019-12-09,2019120901007028,NIL,14,57,210,392.00,"82,320.00"
2019-12-09,2019120901006941,NLBBL,45,26,30,557.00,"16,710.00"
2019-12-09,2019120901007096,NLIC,41,58,100,886.00,"88,600.00"
2019-12-09,2019120901007043,NLIC,45,25,110,885.00,"97,350.00"
2019-12-09,2019120901007010,NLIC,45,22,34,885.00,"30,090.00"
2019-12-09,2019120901007009,NLIC,58,22,28,885.00,"24,780.00"
2019-12-09,2019120901007008,NLIC,34,22,38,885.00,"33,630.00"
2019-12-09,2019120901006953,NLIC,34,38,262,885.00,"231,870.00"
2019-12-09,2019120901006898,NLIC,46,57,40,885.00,"35,400.00"
2019-12-09,2019120901006828,NLIC,46,43,13,885.00,"11,505.00"
2019-12-09,2019120901006826,NLIC,46,16,22,885.00,"19,470.00"
2019-12-09,2019120901006790,NLIC,59,55,10,888.00,"8,880.00"
2019-12-09,2019120901006952,NLIC,32,38,10,885.00,"8,850.00"
2019-12-09,2019120901006951,NLIC,41,38,10,885.00,"8,850.00"
2019-12-09,2019120901006950,NLIC,54,38,38,885.00,"33,630.00"
2019-12-09,2019120901006936,NLIC,54,57,62,885.00,"54,870.00"
2019-12-09,2019120901006935,NLIC,1,57,38,885.00,"33,630.00"
2019-12-09,2019120901006899,NLIC,1,57,162,885.00,"143,370.00"
2019-12-09,2019120901006993,NLICL,37,38,94,452.00,"42,488.00"
2019-12-09,2019120901006992,NLICL,41,38,50,452.00,"22,600.00"
2019-12-09,2019120901006991,NLICL,50,38,115,455.00,"52,325.00"
2019-12-09,2019120901006866,NLICL,50,38,85,455.00,"38,675.00"
2019-12-09,2019120901006865,NLICL,39,38,20,456.00,"9,120.00"
2019-12-09,2019120901006864,NLICL,57,38,500,456.00,"228,000.00"
2019-12-09,2019120901006863,NLICL,16,38,100,456.00,"45,600.00"
2019-12-09,2019120901006742,NLICL,50,38,100,457.00,"45,700.00"
2019-12-09,2019120901006741,NLICL,35,38,200,457.00,"91,400.00"
2019-12-09,2019120901006740,NLICL,19,38,100,459.00,"45,900.00"
2019-12-09,2019120901006739,NLICL,42,38,15,459.00,"6,885.00"
2019-12-09,2019120901007085,NMB,38,7,950,389.00,"369,550.00"
2019-12-09,2019120901007065,NMB,38,7,50,389.00,"19,450.00"
2019-12-09,2019120901007046,NMB,38,46,200,389.00,"77,800.00"
2019-12-09,2019120901007045,NMB,38,21,"1,000",389.00,"389,000.00"
2019-12-09,2019120901006861,NMB,14,21,128,389.00,"49,792.00"
2019-12-09,2019120901006833,NMB,14,55,72,389.00,"28,008.00"
2019-12-09,2019120901006832,NMB,18,55,28,389.00,"10,892.00"
2019-12-09,2019120901006758,NMB,26,49,800,390.00,"312,000.00"
2019-12-09,2019120901006728,NMB,18,46,172,389.00,"66,908.00"
2019-12-09,2019120901006727,NMB,19,46,28,389.00,"10,892.00"
2019-12-09,2019120901006631,NMB,19,46,472,389.00,"183,608.00"
2019-12-09,2019120901006630,NMB,49,46,128,389.00,"49,792.00"
2019-12-09,2019120901007127,NMBMF,34,58,14,545.00,"7,630.00"
2019-12-09,2019120901006775,NMBMF,49,49,"1,000",545.00,"545,000.00"
2019-12-09,2019120901006772,NMBMF,34,21,123,545.00,"67,035.00"
2019-12-09,2019120901006757,NMBMF,44,40,10,548.00,"5,480.00"
2019-12-09,2019120901006744,NMBMF,34,49,285,547.00,"155,895.00"
2019-12-09,2019120901006688,NMBMF,22,49,100,547.00,"54,700.00"
2019-12-09,2019120901006972,NMFBS,33,49,16,"1,262.00","20,192.00"
2019-12-09,2019120901006666,NMFBS,33,10,50,"1,239.00","61,950.00"
2019-12-09,2019120901006965,NNLB,55,56,100,540.00,"54,000.00"
2019-12-09,2019120901007103,NSEWA,45,45,30,425.00,"12,750.00"
2019-12-09,2019120901007084,NSEWA,50,55,70,430.00,"30,100.00"
2019-12-09,2019120901006810,NUBL,42,41,20,975.00,"19,500.00"
2019-12-09,2019120901006800,NUBL,44,58,10,976.00,"9,760.00"
2019-12-09,2019120901006669,NUBL,19,48,50,975.00,"48,750.00"
2019-12-09,2019120901006668,NUBL,19,26,50,975.00,"48,750.00"
2019-12-09,2019120901006667,NUBL,19,21,53,975.00,"51,675.00"
2019-12-09,2019120901006876,PCBL,38,59,498,275.00,"136,950.00"
2019-12-09,2019120901006875,PCBL,16,59,402,275.00,"110,550.00"
2019-12-09,2019120901006752,PCBL,52,32,50,276.00,"13,800.00"
2019-12-09,2019120901006687,PCBL,45,50,124,276.00,"34,224.00"
2019-12-09,2019120901006686,PCBL,45,28,300,276.00,"82,800.00"
2019-12-09,2019120901006964,PIC,17,48,20,385.00,"7,700.00"
2019-12-09,2019120901006914,PIC,19,57,333,391.00,"130,203.00"
2019-12-09,2019120901006884,PIC,19,32,201,390.00,"78,390.00"
2019-12-09,2019120901006883,PIC,19,52,62,390.00,"24,180.00"
2019-12-09,2019120901006882,PIC,19,5,100,390.00,"39,000.00"
2019-12-09,2019120901006756,PIC,17,57,196,385.00,"75,460.00"
2019-12-09,2019120901006678,PIC,6,57,19,388.00,"7,372.00"
2019-12-09,2019120901006677,PIC,6,37,11,386.00,"4,246.00"
2019-12-09,2019120901006647,PIC,36,37,89,386.00,"34,354.00"
2019-12-09,2019120901006629,PIC,36,52,11,386.00,"4,246.00"
2019-12-09,2019120901006971,PLIC,48,19,65,341.00,"22,165.00"
2019-12-09,2019120901006970,PLIC,48,52,30,341.00,"10,230.00"
2019-12-09,2019120901006949,PLIC,48,56,110,341.00,"37,510.00"
2019-12-09,2019120901006931,PLIC,48,52,175,341.00,"59,675.00"
2019-12-09,2019120901006930,PLIC,42,52,325,342.00,"111,150.00"
2019-12-09,2019120901006900,PLIC,42,35,675,342.00,"230,850.00"
2019-12-09,2019120901006840,PLIC,29,44,12,342.00,"4,104.00"
2019-12-09,2019120901006839,PLIC,58,44,138,342.00,"47,196.00"
2019-12-09,2019120901006780,PLIC,51,1,100,343.00,"34,300.00"
2019-12-09,2019120901006822,PMHPL,49,39,10,85.00,850.00
2019-12-09,2019120901007094,PRIN,35,44,100,320.00,"32,000.00"
2019-12-09,2019120901007093,PRIN,11,44,500,320.00,"160,000.00"
2019-12-09,2019120901007092,PRIN,14,44,500,321.00,"160,500.00"
2019-12-09,2019120901007091,PRIN,14,44,100,321.00,"32,100.00"
2019-12-09,2019120901007090,PRIN,44,44,226,322.00,"72,772.00"
2019-12-09,2019120901006966,PRIN,44,53,26,323.00,"8,398.00"
2019-12-09,2019120901006889,PRIN,44,50,174,323.00,"56,202.00"
2019-12-09,2019120901006867,PRIN,57,56,160,324.00,"51,840.00"
2019-12-09,2019120901006835,PRIN,28,44,100,325.00,"32,500.00"
2019-12-09,2019120901006767,PRIN,28,50,400,325.00,"130,000.00"
2019-12-09,2019120901007105,PRVU,1,49,200,227.00,"45,400.00"
2019-12-09,2019120901007037,PRVU,45,49,"1,000",226.00,"226,000.00"
2019-12-09,2019120901007036,PRVU,7,49,"1,350",226.00,"305,100.00"
2019-12-09,2019120901007035,PRVU,10,49,40,226.00,"9,040.00"
2019-12-09,2019120901007034,PRVU,32,49,30,226.00,"6,780.00"
2019-12-09,2019120901007002,PRVU,32,58,300,226.00,"67,800.00"
2019-12-09,2019120901007001,PRVU,34,58,200,226.00,"45,200.00"
2019-12-09,2019120901006797,PRVU,32,32,70,226.00,"15,820.00"
2019-12-09,2019120901006995,RBCL,50,53,10,"8,230.00","82,300.00"
2019-12-09,2019120901006994,RBCL,47,53,20,"8,231.00","164,620.00"
2019-12-09,2019120901007102,RBCLPO,16,25,40,"7,600.00","304,000.00"
2019-12-09,2019120901007120,RHPL,42,21,40,173.00,"6,920.00"
2019-12-09,2019120901007104,RHPL,42,21,40,173.00,"6,920.00"
2019-12-09,2019120901007030,RHPL,42,21,40,173.00,"6,920.00"
2019-12-09,2019120901006973,RHPL,42,48,40,173.00,"6,920.00"
2019-12-09,2019120901006829,RHPL,42,39,40,173.00,"6,920.00"
2019-12-09,2019120901006818,RHPL,35,17,40,174.00,"6,960.00"
2019-12-09,2019120901006643,RHPL,42,53,30,173.00,"5,190.00"
2019-12-09,2019120901006724,RMDC,19,58,282,635.00,"179,070.00"
2019-12-09,2019120901006676,RMDC,14,58,20,635.00,"12,700.00"
2019-12-09,2019120901006849,RRHP,47,39,10,98.00,980.00
2019-12-09,2019120901006830,RSDC,29,33,100,310.00,"31,000.00"
2019-12-09,2019120901006806,RSDC,34,33,100,311.00,"31,100.00"
2019-12-09,2019120901006805,RSDC,39,33,82,311.00,"25,502.00"
2019-12-09,2019120901006761,RSDC,34,48,39,312.00,"12,168.00"
2019-12-09,2019120901006697,RSDC,14,48,100,312.00,"31,200.00"
2019-12-09,2019120901007117,SABSL,41,19,99,545.00,"53,955.00"
2019-12-09,2019120901007116,SABSL,17,19,10,546.00,"5,460.00"
2019-12-09,2019120901007115,SABSL,3,19,50,547.00,"27,350.00"
2019-12-09,2019120901007114,SABSL,35,19,41,547.00,"22,427.00"
2019-12-09,2019120901007100,SABSL,35,19,209,547.00,"114,323.00"
2019-12-09,2019120901007099,SABSL,1,19,70,548.00,"38,360.00"
2019-12-09,2019120901006679,SABSL,48,44,200,553.00,"110,600.00"
2019-12-09,2019120901006637,SABSL,5,28,180,550.00,"99,000.00"
2019-12-09,2019120901007098,SABSL,21,19,100,548.00,"54,800.00"
2019-12-09,2019120901007097,SABSL,51,19,21,548.00,"11,508.00"
2019-12-09,2019120901006894,SABSL,45,36,90,554.00,"49,860.00"
2019-12-09,2019120901006893,SABSL,45,22,60,554.00,"33,240.00"
2019-12-09,2019120901006681,SABSL,48,18,500,555.00,"277,500.00"
2019-12-09,2019120901006680,SABSL,48,57,300,554.00,"166,200.00"
2019-12-09,2019120901006711,SADBL,33,25,85,142.00,"12,070.00"
2019-12-09,2019120901007053,SANIMA,4,1,88,309.00,"27,192.00"
2019-12-09,2019120901006730,SANIMA,14,34,30,310.00,"9,300.00"
2019-12-09,2019120901007027,SBI,28,38,200,355.00,"71,000.00"
2019-12-09,2019120901006985,SBI,28,13,500,355.00,"177,500.00"
2019-12-09,2019120901006954,SBI,14,28,30,356.00,"10,680.00"
2019-12-09,2019120901006881,SCB,42,7,200,532.00,"106,400.00"
2019-12-09,2019120901006984,SDESI,47,51,39,577.00,"22,503.00"
2019-12-09,2019120901006983,SDESI,47,38,100,588.00,"58,800.00"
2019-12-09,2019120901006928,SDESI,4,38,50,588.00,"29,400.00"
2019-12-09,2019120901006859,SDESI,4,26,50,588.00,"29,400.00"
2019-12-09,2019120901006817,SDESI,21,45,100,588.00,"58,800.00"
2019-12-09,2019120901007088,SHINE,57,54,250,228.00,"57,000.00"
2019-12-09,2019120901007087,SHINE,18,54,200,228.00,"45,600.00"
2019-12-09,2019120901006946,SHIVM,29,45,947,385.00,"364,595.00"
2019-12-09,2019120901006945,SHIVM,47,45,100,385.00,"38,500.00"
2019-12-09,2019120901006906,SHIVM,44,6,"2,000",386.00,"772,000.00"
2019-12-09,2019120901006905,SHIVM,17,6,200,386.00,"77,200.00"
2019-12-09,2019120901006904,SHIVM,58,6,500,387.00,"193,500.00"
2019-12-09,2019120901006903,SHIVM,51,6,50,387.00,"19,350.00"
2019-12-09,2019120901006902,SHIVM,29,6,10,387.00,"3,870.00"
2019-12-09,2019120901006771,SHIVM,29,58,15,387.00,"5,805.00"
2019-12-09,2019120901006770,SHIVM,49,58,25,388.00,"9,700.00"
2019-12-09,2019120901006745,SHL,29,1,400,211.00,"84,400.00"
2019-12-09,2019120901006815,SHPC,17,55,164,191.00,"31,324.00"
2019-12-09,2019120901006814,SHPC,17,55,100,191.00,"19,100.00"
2019-12-09,2019120901006703,SHPC,1,22,100,192.00,"19,200.00"
2019-12-09,2019120901006654,SIC,45,37,85,465.00,"39,525.00"
2019-12-09,2019120901006997,SICL,45,58,100,792.00,"79,200.00"
2019-12-09,2019120901006890,SICL,21,43,100,795.00,"79,500.00"
2019-12-09,2019120901006710,SICL,38,26,234,795.00,"186,030.00"
2019-12-09,2019120901006672,SICL,4,37,200,791.00,"158,200.00"
2019-12-09,2019120901007089,SJCL,34,21,20,160.00,"3,200.00"
2019-12-09,2019120901006885,SJCL,34,39,20,160.00,"3,200.00"
2019-12-09,2019120901006674,SJCL,39,53,20,160.00,"3,200.00"
2019-12-09,2019120901007054,SJCL,34,38,100,160.00,"16,000.00"
2019-12-09,2019120901007049,SJCL,34,21,20,160.00,"3,200.00"
2019-12-09,2019120901006940,SKBBL,19,56,100,975.00,"97,500.00"
2019-12-09,2019120901006850,SKBBL,21,53,35,985.00,"34,475.00"
2019-12-09,2019120901006824,SKBBL,21,58,25,985.00,"24,625.00"
2019-12-09,2019120901006823,SKBBL,21,53,40,985.00,"39,400.00"
2019-12-09,2019120901006852,SLBBL,14,7,50,572.00,"28,600.00"
2019-12-09,2019120901006638,SLBBL,45,19,100,575.00,"57,500.00"
2019-12-09,2019120901006731,SLBBL,50,19,100,572.00,"57,200.00"
2019-12-09,2019120901006714,SLBBL,35,7,100,572.00,"57,200.00"
2019-12-09,2019120901007051,SLBSL,52,58,50,647.00,"32,350.00"
2019-12-09,2019120901007112,SLICL,6,39,270,278.00,"75,060.00"
2019-12-09,2019120901007111,SLICL,45,39,100,278.00,"27,800.00"
2019-12-09,2019120901007110,SLICL,56,39,130,279.00,"36,270.00"
2019-12-09,2019120901006759,SLICL,56,52,220,279.00,"61,380.00"
2019-12-09,2019120901006989,SMATA,17,45,660,560.00,"369,600.00"
2019-12-09,2019120901006988,SMATA,17,35,20,559.00,"11,180.00"
2019-12-09,2019120901006640,SMB,50,57,10,492.00,"4,920.00"
2019-12-09,2019120901006819,SMFBS,45,53,10,898.00,"8,980.00"
2019-12-09,2019120901006929,SPARS,34,50,200,583.00,"116,600.00"
2019-12-09,2019120901006804,SPDL,45,56,31,90.00,"2,790.00"
2019-12-09,2019120901006803,SPDL,45,10,100,90.00,"9,000.00"
2019-12-09,2019120901006743,SRBL,34,38,400,220.00,"88,000.00"
2019-12-09,2019120901006729,STC,25,55,20,"1,361.00","27,220.00"
2019-12-09,2019120901007000,SWBBL,56,44,300,"1,016.00","304,800.00"
2019-12-09,2019120901006999,SWBBL,37,44,209,"1,016.00","212,344.00"
2019-12-09,2019120901006998,SWBBL,37,34,100,"1,016.00","101,600.00"
2019-12-09,2019120901006934,SWBBL,37,55,50,"1,016.00","50,800.00"
2019-12-09,2019120901006886,SWBBL,37,53,100,"1,016.00","101,600.00"
2019-12-09,2019120901006874,SWBBL,59,35,50,"1,017.00","50,850.00"
2019-12-09,2019120901006831,TRH,7,28,160,283.00,"45,280.00"
2019-12-09,2019120901006682,UIC,57,38,200,239.00,"47,800.00"
2019-12-09,2019120901006660,UIC,56,16,100,240.00,"24,000.00"
2019-12-09,2019120901006659,UIC,5,16,25,240.00,"6,000.00"
2019-12-09,2019120901006799,UMHL,29,48,519,104.00,"53,976.00"
2019-12-09,2019120901007113,UPCL,52,21,50,72.00,"3,600.00"
2019-12-09,2019120901006937,UPPER,40,38,100,236.00,"23,600.00"
2019-12-09,2019120901006684,UPPER,50,10,50,237.00,"11,850.00"
2019-12-09,2019120901006655,UPPER,40,5,50,236.00,"11,800.00"
2019-12-09,2019120901006751,UPPER,40,53,40,236.00,"9,440.00"
2019-12-09,2019120901006718,UPPER,40,41,150,236.00,"35,400.00"
2019-12-09,2019120901006717,UPPER,50,41,950,237.00,"225,150.00"
2019-12-09,2019120901007029,VLBS,22,22,50,676.00,"33,800.00"
2019-12-09,2019120901006641,VLBS,22,32,47,681.00,"32,007.00"
2019-12-09,2019120901006594,ADBL,29,43,25,415.00,"10,375.00"
2019-12-09,2019120901006593,ADBL,29,58,190,415.00,"78,850.00"
2019-12-09,2019120901006434,ADBL,7,58,10,415.00,"4,150.00"
2019-12-09,2019120901006329,AHPC,54,58,"1,000",100.00,"100,000.00"
2019-12-09,2019120901006308,AHPC,25,58,14,100.00,"1,400.00"
2019-12-09,2019120901006300,AHPC,25,43,100,99.00,"9,900.00"
2019-12-09,2019120901006274,AHPC,26,17,"1,231",98.00,"120,638.00"
2019-12-09,2019120901006179,AHPC,45,17,200,98.00,"19,600.00"
2019-12-09,2019120901006483,AKJCL,37,42,20,55.00,"1,100.00"
2019-12-09,2019120901006502,ALBSL,56,53,10,466.00,"4,660.00"
2019-12-09,2019120901006450,ALBSL,56,47,10,470.00,"4,700.00"
2019-12-09,2019120901006344,ALBSL,56,25,200,470.00,"94,000.00"
2019-12-09,2019120901006496,ALICL,45,32,100,350.00,"35,000.00"
2019-12-09,2019120901006495,ALICL,25,32,200,350.00,"70,000.00"
2019-12-09,2019120901006494,ALICL,35,32,300,350.00,"105,000.00"
2019-12-09,2019120901006493,ALICL,46,32,100,352.00,"35,200.00"
2019-12-09,2019120901006367,ALICL,19,17,100,355.00,"35,500.00"
2019-12-09,2019120901006366,ALICL,19,45,100,354.00,"35,400.00"
2019-12-09,2019120901006498,API,25,21,110,109.00,"11,990.00"
2019-12-09,2019120901006390,API,25,50,84,110.00,"9,240.00"
2019-12-09,2019120901006383,API,25,38,90,109.00,"9,810.00"
2019-12-09,2019120901006345,API,25,38,410,109.00,"44,690.00"
2019-12-09,2019120901006230,API,25,7,66,111.00,"7,326.00"
2019-12-09,2019120901006229,API,25,38,134,110.00,"14,740.00"
2019-12-09,2019120901006220,API,25,38,66,110.00,"7,260.00"
2019-12-09,2019120901006172,API,25,7,118,111.00,"13,098.00"
2019-12-09,2019120901006170,API,25,44,100,110.00,"11,000.00"
2019-12-09,2019120901006146,API,25,47,234,110.00,"25,740.00"
2019-12-09,2019120901006609,BOKL,28,10,184,218.00,"40,112.00"
2019-12-09,2019120901006410,BOKL,33,59,50,219.00,"10,950.00"
2019-12-09,2019120901006398,BOKL,28,48,200,218.00,"43,600.00"
2019-12-09,2019120901006294,BOKL,14,13,239,218.00,"52,102.00"
2019-12-09,2019120901006608,BPCL,29,21,50,362.00,"18,100.00"
2019-12-09,2019120901006510,BPCL,29,17,11,361.00,"3,971.00"
2019-12-09,2019120901006250,BPCL,35,43,150,365.00,"54,750.00"
2019-12-09,2019120901006570,CBBL,38,8,"1,000",808.00,"808,000.00"
2019-12-09,2019120901006468,CBBL,7,40,120,809.00,"97,080.00"
2019-12-09,2019120901006467,CBBL,14,40,100,809.00,"80,900.00"
2019-12-09,2019120901006249,CBBL,42,58,45,810.00,"36,450.00"
2019-12-09,2019120901006248,CBBL,58,58,25,811.00,"20,275.00"
2019-12-09,2019120901006224,CBBL,14,58,30,812.00,"24,360.00"
2019-12-09,2019120901006482,CBL,43,57,377,136.00,"51,272.00"
2019-12-09,2019120901006481,CBL,42,57,523,137.00,"71,651.00"
2019-12-09,2019120901006436,CBL,42,22,477,137.00,"65,349.00"
2019-12-09,2019120901006225,CBL,43,47,15,136.00,"2,040.00"
2019-12-09,2019120901006222,CBL,47,22,15,137.00,"2,055.00"
2019-12-09,2019120901006198,CBL,48,22,200,137.00,"27,400.00"
2019-12-09,2019120901006246,CCBL,26,47,75,164.00,"12,300.00"
2019-12-09,2019120901006234,CCBL,47,28,62,165.00,"10,230.00"
2019-12-09,2019120901006233,CCBL,47,58,13,165.00,"2,145.00"
2019-12-09,2019120901006140,CCBL,4,58,200,165.00,"33,000.00"
2019-12-09,2019120901006619,CHCL,14,38,15,361.00,"5,415.00"
2019-12-09,2019120901006307,CHCL,47,47,20,362.00,"7,240.00"
2019-12-09,2019120901006151,CZBIL,16,55,800,186.00,"148,800.00"
2019-12-09,2019120901006273,DBBL,26,41,500,126.00,"63,000.00"
2019-12-09,2019120901006279,DDBL,4,43,190,799.00,"151,810.00"
2019-12-09,2019120901006317,DHPL,11,45,236,53.00,"12,508.00"
2019-12-09,2019120901006414,EBL,16,19,300,556.00,"166,800.00"
2019-12-09,2019120901006413,EBL,16,25,50,556.00,"27,800.00"
2019-12-09,2019120901006340,EBL,38,7,300,555.00,"166,500.00"
2019-12-09,2019120901006588,EIC,6,52,350,233.00,"81,550.00"
2019-12-09,2019120901006587,EIC,5,52,100,233.00,"23,300.00"
2019-12-09,2019120901006586,EIC,21,52,30,234.00,"7,020.00"
2019-12-09,2019120901006559,FOWAD,51,32,150,"1,381.00","207,150.00"
2019-12-09,2019120901006161,FOWAD,18,58,70,"1,393.00","97,510.00"
2019-12-09,2019120901006160,FOWAD,18,33,17,"1,390.00","23,630.00"
2019-12-09,2019120901006137,FOWAD,18,26,113,"1,385.00","156,505.00"
2019-12-09,2019120901006621,GBBL,6,39,88,202.00,"17,776.00"
2019-12-09,2019120901006379,GBBL,49,39,200,202.00,"40,400.00"
2019-12-09,2019120901006298,GBBL,26,40,200,201.00,"40,200.00"
2019-12-09,2019120901006612,GBLBS,25,53,15,316.00,"4,740.00"
2019-12-09,2019120901006485,GBLBS,25,34,52,318.00,"16,536.00"
2019-12-09,2019120901006427,GBLBS,34,38,50,320.00,"16,000.00"
2019-12-09,2019120901006426,GBLBS,34,1,50,320.00,"16,000.00"
2019-12-09,2019120901006361,GBLBS,25,32,166,318.00,"52,788.00"
2019-12-09,2019120901006337,GBLBS,25,57,15,318.00,"4,770.00"
2019-12-09,2019120901006332,GBLBS,25,41,10,318.00,"3,180.00"
2019-12-09,2019120901006437,GFCL,35,34,10,130.00,"1,300.00"
2019-12-09,2019120901006218,GILB,34,33,"1,440",814.00,"1,172,160.00"
2019-12-09,2019120901006178,GILB,34,33,999,814.00,"813,186.00"
2019-12-09,2019120901006177,GILB,47,33,100,814.00,"81,400.00"
2019-12-09,2019120901006176,GILB,35,33,200,815.00,"163,000.00"
2019-12-09,2019120901006175,GILB,42,33,15,815.00,"12,225.00"
2019-12-09,2019120901006174,GILB,22,33,186,818.00,"152,148.00"
2019-12-09,2019120901006217,GIMES1,26,38,"3,000",7.17,"21,510.00"
2019-12-09,2019120901006216,GIMES1,14,38,"1,500",7.17,"10,755.00"
2019-12-09,2019120901006215,GIMES1,34,38,500,7.17,"3,585.00"
2019-12-09,2019120901006440,GLBSL,7,42,10,452.00,"4,520.00"
2019-12-09,2019120901006605,GLICL,40,43,50,410.00,"20,500.00"
2019-12-09,2019120901006604,GLICL,40,52,100,410.00,"41,000.00"
2019-12-09,2019120901006603,GLICL,40,17,69,410.00,"28,290.00"
2019-12-09,2019120901006552,GLICL,34,58,246,407.00,"100,122.00"
2019-12-09,2019120901006551,GLICL,45,58,230,408.00,"93,840.00"
2019-12-09,2019120901006550,GLICL,57,58,13,409.00,"5,317.00"
2019-12-09,2019120901006469,GLICL,57,39,87,409.00,"35,583.00"
2019-12-09,2019120901006409,GLICL,45,34,20,408.00,"8,160.00"
2019-12-09,2019120901006347,GLICL,45,57,50,408.00,"20,400.00"
2019-12-09,2019120901006219,GLICL,22,17,48,410.00,"19,680.00"
2019-12-09,2019120901006364,GMFIL,39,39,54,113.00,"6,102.00"
2019-12-09,2019120901006610,HGI,39,53,461,263.00,"121,243.00"
2019-12-09,2019120901006591,HIDCL,57,54,77,135.00,"10,395.00"
2019-12-09,2019120901006316,HIDCL,5,48,10,137.00,"1,370.00"
2019-12-09,2019120901006331,HPPL,41,53,10,135.00,"1,350.00"
2019-12-09,2019120901006516,HURJA,43,17,20,98.00,"1,960.00"
2019-12-09,2019120901006270,HURJA,43,17,20,98.00,"1,960.00"
2019-12-09,2019120901006374,IGI,42,19,30,299.00,"8,970.00"
2019-12-09,2019120901006614,ILBS,4,45,270,586.00,"158,220.00"
2019-12-09,2019120901006613,ILBS,36,45,20,587.00,"11,740.00"
2019-12-09,2019120901006480,ILBS,33,57,90,590.00,"53,100.00"
2019-12-09,2019120901006433,ILBS,33,33,30,590.00,"17,700.00"
2019-12-09,2019120901006380,ILBS,33,58,70,590.00,"41,300.00"
2019-12-09,2019120901006370,ILBS,49,58,10,590.00,"5,900.00"
2019-12-09,2019120901006356,ILBS,49,58,20,590.00,"11,800.00"
2019-12-09,2019120901006355,ILBS,49,38,10,590.00,"5,900.00"
2019-12-09,2019120901006354,ILBS,49,38,10,590.00,"5,900.00"
2019-12-09,2019120901006353,ILBS,49,11,50,590.00,"29,500.00"
2019-12-09,2019120901006352,ILBS,49,35,10,589.00,"5,890.00"
2019-12-09,2019120901006339,ILBS,49,22,50,588.00,"29,400.00"
2019-12-09,2019120901006407,JBBL,48,52,"1,000",167.00,"167,000.00"
2019-12-09,2019120901006406,JBBL,48,4,"1,000",167.00,"167,000.00"
2019-12-09,2019120901006405,JBBL,48,58,"1,000",167.00,"167,000.00"
2019-12-09,2019120901006404,JBBL,48,41,"1,000",167.00,"167,000.00"
2019-12-09,2019120901006403,JBBL,48,17,100,167.00,"16,700.00"
2019-12-09,2019120901006402,JBBL,48,17,"1,000",167.00,"167,000.00"
2019-12-09,2019120901006211,JBBL,37,46,500,165.00,"82,500.00"
2019-12-09,2019120901006210,JBBL,37,19,503,165.00,"82,995.00"
2019-12-09,2019120901006209,JBBL,37,46,82,165.00,"13,530.00"
2019-12-09,2019120901006401,JBBL,48,58,400,166.00,"66,400.00"
2019-12-09,2019120901006387,JBBL,42,58,585,166.00,"97,110.00"
2019-12-09,2019120901006386,JBBL,42,14,415,166.00,"68,890.00"
2019-12-09,2019120901006384,JBBL,48,25,"1,500",165.00,"247,500.00"
2019-12-09,2019120901006375,JBBL,49,58,15,166.00,"2,490.00"
2019-12-09,2019120901006212,JBBL,37,38,"1,000",165.00,"165,000.00"
2019-12-09,2019120901006520,JOSHI,58,17,20,53.00,"1,060.00"
2019-12-09,2019120901006285,JOSHI,58,41,10,53.00,530.00
2019-12-09,2019120901006430,KBL,22,1,674,180.00,"121,320.00"
2019-12-09,2019120901006429,KBL,52,1,726,181.00,"131,406.00"
2019-12-09,2019120901006400,KBL,52,6,274,181.00,"49,594.00"
2019-12-09,2019120901006245,KBL,52,6,726,181.00,"131,406.00"
2019-12-09,2019120901006244,KBL,52,58,"2,000",181.00,"362,000.00"
2019-12-09,2019120901006243,KBL,52,34,"1,300",181.00,"235,300.00"
2019-12-09,2019120901006242,KBL,52,25,874,181.00,"158,194.00"
2019-12-09,2019120901006241,KBL,52,14,100,181.00,"18,100.00"
2019-12-09,2019120901006213,KBL,37,14,200,181.00,"36,200.00"
2019-12-09,2019120901006534,KPCL,39,17,10,82.00,820.00
2019-12-09,2019120901006277,KPCL,39,17,10,82.00,820.00
2019-12-09,2019120901006381,KSBBL,28,40,122,139.00,"16,958.00"
2019-12-09,2019120901006240,KSBBL,28,40,518,139.00,"72,002.00"
2019-12-09,2019120901006239,KSBBL,28,35,273,139.00,"37,947.00"
2019-12-09,2019120901006238,KSBBL,28,57,306,138.00,"42,228.00"
2019-12-09,2019120901006237,KSBBL,28,34,236,138.00,"32,568.00"
2019-12-09,2019120901006236,KSBBL,28,34,545,137.00,"74,665.00"
2019-12-09,2019120901006189,KSBBL,45,35,400,137.00,"54,800.00"
2019-12-09,2019120901006188,KSBBL,45,48,490,137.00,"67,130.00"
2019-12-09,2019120901006545,LBBL,26,7,15,175.00,"2,625.00"
2019-12-09,2019120901006544,LBBL,26,7,485,175.00,"84,875.00"
2019-12-09,2019120901006457,LBBL,26,29,15,175.00,"2,625.00"
2019-12-09,2019120901006456,LBBL,26,29,500,175.00,"87,500.00"
2019-12-09,2019120901006455,LBBL,26,29,500,175.00,"87,500.00"
2019-12-09,2019120901006454,LBBL,25,29,300,175.00,"52,500.00"
2019-12-09,2019120901006453,LBBL,26,29,100,175.00,"17,500.00"
2019-12-09,2019120901006452,LBBL,16,29,35,175.00,"6,125.00"
2019-12-09,2019120901006451,LBBL,56,29,100,176.00,"17,600.00"
2019-12-09,2019120901006268,LBBL,56,47,32,176.00,"5,632.00"
2019-12-09,2019120901006431,LBL,44,35,500,197.00,"98,500.00"
2019-12-09,2019120901006278,LBL,11,35,500,197.00,"98,500.00"
2019-12-09,2019120901006626,LGIL,33,57,"1,000",324.00,"324,000.00"
2019-12-09,2019120901006584,LGIL,33,53,58,324.00,"18,792.00"
2019-12-09,2019120901006583,LGIL,45,53,142,324.00,"46,008.00"
2019-12-09,2019120901006580,LGIL,45,47,48,324.00,"15,552.00"
2019-12-09,2019120901006369,LGIL,45,41,10,324.00,"3,240.00"
2019-12-09,2019120901006408,LICN,25,58,10,989.00,"9,890.00"
2019-12-09,2019120901006514,LLBS,22,54,24,660.00,"15,840.00"
2019-12-09,2019120901006547,MBL,35,48,200,220.00,"44,000.00"
2019-12-09,2019120901006546,MBL,35,34,200,220.00,"44,000.00"
2019-12-09,2019120901006148,MBL,14,46,100,223.00,"22,300.00"
2019-12-09,2019120901006147,MBL,14,58,51,222.00,"11,322.00"
2019-12-09,2019120901006373,MEGA,50,42,47,188.00,"8,836.00"
2019-12-09,2019120901006372,MEGA,26,42,100,188.00,"18,800.00"
2019-12-09,2019120901006157,MEGA,4,58,55,187.00,"10,285.00"
2019-12-09,2019120901006295,MEGA,26,52,100,188.00,"18,800.00"
2019-12-09,2019120901006592,MERO,35,32,200,448.00,"89,600.00"
2019-12-09,2019120901006449,MLBBL,34,20,10,529.00,"5,290.00"
2019-12-09,2019120901006625,MLBL,59,52,"1,000",177.00,"177,000.00"
2019-12-09,2019120901006323,MLBL,47,47,11,180.00,"1,980.00"
2019-12-09,2019120901006579,MNBBL,51,34,20,280.00,"5,600.00"
2019-12-09,2019120901006501,MSLB,50,49,10,917.00,"9,170.00"
2019-12-09,2019120901006338,MSLB,48,58,50,900.00,"45,000.00"
2019-12-09,2019120901006214,MSLB,6,50,73,912.00,"66,576.00"
2019-12-09,2019120901006184,MSLB,6,6,26,912.00,"23,712.00"
2019-12-09,2019120901006183,MSLB,6,25,100,911.00,"91,100.00"
2019-12-09,2019120901006182,MSLB,6,43,26,910.00,"23,660.00"
2019-12-09,2019120901006181,MSLB,6,43,26,910.00,"23,660.00"
2019-12-09,2019120901006180,MSLB,6,50,49,909.00,"44,541.00"
2019-12-09,2019120901006602,MSMBS,6,1,16,540.00,"8,640.00"
2019-12-09,2019120901006601,MSMBS,6,17,22,539.00,"11,858.00"
2019-12-09,2019120901006600,MSMBS,6,40,50,539.00,"26,950.00"
2019-12-09,2019120901006599,MSMBS,6,47,11,538.00,"5,918.00"
2019-12-09,2019120901006598,MSMBS,6,47,11,538.00,"5,918.00"
2019-12-09,2019120901006575,MSMBS,6,19,50,535.00,"26,750.00"
2019-12-09,2019120901006574,MSMBS,6,5,50,535.00,"26,750.00"
2019-12-09,2019120901006573,MSMBS,6,5,20,530.00,"10,600.00"
2019-12-09,2019120901006558,MSMBS,6,41,23,525.00,"12,075.00"
2019-12-09,2019120901006557,MSMBS,6,58,45,520.00,"23,400.00"
2019-12-09,2019120901006448,NABIL,17,36,134,749.00,"100,366.00"
2019-12-09,2019120901006442,NABIL,17,59,500,749.00,"374,500.00"
2019-12-09,2019120901006441,NABIL,17,50,66,749.00,"49,434.00"
2019-12-09,2019120901006487,NADEP,20,26,30,440.00,"13,200.00"
2019-12-09,2019120901006486,NADEP,6,26,70,440.00,"30,800.00"
2019-12-09,2019120901006358,NADEP,6,57,30,440.00,"13,200.00"
2019-12-09,2019120901006617,NBL,49,17,100,314.00,"31,400.00"
2019-12-09,2019120901006560,NBL,49,17,200,314.00,"62,800.00"
2019-12-09,2019120901006396,NBL,43,17,100,314.00,"31,400.00"
2019-12-09,2019120901006349,NBL,36,17,500,314.00,"157,000.00"
2019-12-09,2019120901006325,NBL,26,17,370,314.00,"116,180.00"
2019-12-09,2019120901006324,NBL,26,17,130,314.00,"40,820.00"
2019-12-09,2019120901006322,NBL,10,17,850,314.00,"266,900.00"
2019-12-09,2019120901006319,NBL,44,17,20,314.00,"6,280.00"
2019-12-09,2019120901006283,NBL,39,17,500,314.00,"157,000.00"
2019-12-09,2019120901006282,NBL,39,56,500,314.00,"157,000.00"
2019-12-09,2019120901006310,NCCB,58,50,500,200.00,"100,000.00"
2019-12-09,2019120901006309,NCCB,45,50,300,200.00,"60,000.00"
2019-12-09,2019120901006336,NEF,26,11,"1,983",7.53,"14,931.99"
2019-12-09,2019120901006411,NHPC,45,41,10,52.00,520.00
2019-12-09,2019120901006153,NHPC,16,48,222,53.00,"11,766.00"
2019-12-09,2019120901006152,NHPC,16,32,278,53.00,"14,734.00"
2019-12-09,2019120901006597,NIB,44,26,10,422.00,"4,220.00"
2019-12-09,2019120901006335,NIB,46,52,14,423.00,"5,922.00"
2019-12-09,2019120901006286,NIB,45,41,28,421.00,"11,788.00"
2019-12-09,2019120901006351,NICA,44,48,14,410.00,"5,740.00"
2019-12-09,2019120901006326,NICA,52,39,"1,230",409.00,"503,070.00"
2019-12-09,2019120901006311,NICA,50,13,26,408.00,"10,608.00"
2019-12-09,2019120901006258,NICA,50,34,100,408.00,"40,800.00"
2019-12-09,2019120901006572,NICL,34,58,176,283.00,"49,808.00"
2019-12-09,2019120901006553,NICL,34,58,759,283.00,"214,797.00"
2019-12-09,2019120901006523,NICL,49,14,50,286.00,"14,300.00"
2019-12-09,2019120901006577,NIL,39,21,400,396.00,"158,400.00"
2019-12-09,2019120901006576,NIL,39,52,100,395.00,"39,500.00"
2019-12-09,2019120901006439,NIL,14,50,190,392.00,"74,480.00"
2019-12-09,2019120901006438,NIL,16,50,10,392.00,"3,920.00"
2019-12-09,2019120901006362,NIL,16,17,90,392.00,"35,280.00"
2019-12-09,2019120901006540,NLBBL,34,21,55,564.00,"31,020.00"
2019-12-09,2019120901006539,NLBBL,34,21,50,564.00,"28,200.00"
2019-12-09,2019120901006538,NLBBL,34,40,30,564.00,"16,920.00"
2019-12-09,2019120901006537,NLBBL,34,52,25,564.00,"14,100.00"
2019-12-09,2019120901006536,NLBBL,34,48,100,563.00,"56,300.00"
2019-12-09,2019120901006343,NLBBL,44,40,70,560.00,"39,200.00"
2019-12-09,2019120901006296,NLBBL,44,32,130,560.00,"72,800.00"
2019-12-09,2019120901006150,NLG,6,14,12,565.00,"6,780.00"
2019-12-09,2019120901006569,NLIC,46,45,25,885.00,"22,125.00"
2019-12-09,2019120901006568,NLIC,14,45,81,886.00,"71,766.00"
2019-12-09,2019120901006567,NLIC,14,49,119,886.00,"105,434.00"
2019-12-09,2019120901006462,NLIC,26,49,45,886.00,"39,870.00"
2019-12-09,2019120901006461,NLIC,34,49,100,886.00,"88,600.00"
2019-12-09,2019120901006460,NLIC,39,49,30,886.00,"26,580.00"
2019-12-09,2019120901006459,NLIC,29,49,50,887.00,"44,350.00"
2019-12-09,2019120901006458,NLIC,45,49,56,887.00,"49,672.00"
2019-12-09,2019120901006171,NLIC,45,58,22,887.00,"19,514.00"
2019-12-09,2019120901006144,NLIC,45,45,72,887.00,"63,864.00"
2019-12-09,2019120901006143,NLIC,41,45,88,887.00,"78,056.00"
2019-12-09,2019120901006142,NLIC,10,45,40,888.00,"35,520.00"
2019-12-09,2019120901006490,NMB,49,42,72,389.00,"28,008.00"
2019-12-09,2019120901006489,NMB,6,42,183,389.00,"71,187.00"
2019-12-09,2019120901006412,NMB,49,7,818,389.00,"318,202.00"
2019-12-09,2019120901006394,NMB,6,55,17,389.00,"6,613.00"
2019-12-09,2019120901006393,NMB,11,55,100,389.00,"38,900.00"
2019-12-09,2019120901006392,NMB,34,55,50,389.00,"19,450.00"
2019-12-09,2019120901006391,NMB,38,55,86,389.00,"33,454.00"
2019-12-09,2019120901006276,NMB,38,41,20,389.00,"7,780.00"
2019-12-09,2019120901006228,NMB,38,6,130,389.00,"50,570.00"
2019-12-09,2019120901006227,NMB,38,44,100,389.00,"38,900.00"
2019-12-09,2019120901006226,NMB,38,34,664,389.00,"258,296.00"
2019-12-09,2019120901006627,NMBMF,34,18,407,545.00,"221,815.00"
2019-12-09,2019120901006606,NMBMF,34,17,300,545.00,"163,500.00"
2019-12-09,2019120901006500,NMBMF,34,58,23,545.00,"12,535.00"
2019-12-09,2019120901006499,NMBMF,34,32,10,545.00,"5,450.00"
2019-12-09,2019120901006389,NMBMF,34,17,95,545.00,"51,775.00"
2019-12-09,2019120901006378,NMBMF,41,17,100,545.00,"54,500.00"
2019-12-09,2019120901006232,NMBMF,17,17,50,545.00,"27,250.00"
2019-12-09,2019120901006165,NMBMF,22,50,50,550.00,"27,500.00"
2019-12-09,2019120901006164,NMBMF,22,54,40,550.00,"22,000.00"
2019-12-09,2019120901006163,NMBMF,22,40,120,550.00,"66,000.00"
2019-12-09,2019120901006162,NMBMF,22,32,20,548.00,"10,960.00"
2019-12-09,2019120901006595,NMFBS,33,45,18,"1,264.00","22,752.00"
2019-12-09,2019120901006432,NMFBS,33,21,28,"1,240.00","34,720.00"
2019-12-09,2019120901006388,NMFBS,4,21,28,"1,240.00","34,720.00"
2019-12-09,2019120901006187,NMFBS,7,38,220,"1,231.00","270,820.00"
2019-12-09,2019120901006479,NNLB,40,58,50,540.00,"27,000.00"
2019-12-09,2019120901006478,NNLB,40,57,50,540.00,"27,000.00"
2019-12-09,2019120901006368,NUBL,16,6,50,975.00,"48,750.00"
2019-12-09,2019120901006288,PFL,35,17,13,142.00,"1,846.00"
2019-12-09,2019120901006622,PIC,16,56,100,387.00,"38,700.00"
2019-12-09,2019120901006556,PIC,1,57,57,388.00,"22,116.00"
2019-12-09,2019120901006541,PIC,1,54,43,388.00,"16,684.00"
2019-12-09,2019120901006522,PIC,46,54,50,389.00,"19,450.00"
2019-12-09,2019120901006419,PIC,46,38,"1,028",389.00,"399,892.00"
2019-12-09,2019120901006418,PIC,32,38,50,389.00,"19,450.00"
2019-12-09,2019120901006620,PLIC,34,13,56,347.00,"19,432.00"
2019-12-09,2019120901006585,PLIC,34,26,50,347.00,"17,350.00"
2019-12-09,2019120901006532,PLIC,34,36,200,347.00,"69,400.00"
2019-12-09,2019120901006531,PLIC,34,39,200,347.00,"69,400.00"
2019-12-09,2019120901006530,PLIC,34,43,300,347.00,"104,100.00"
2019-12-09,2019120901006289,PLIC,11,16,40,345.00,"13,800.00"
2019-12-09,2019120901006266,PLIC,11,16,10,345.00,"3,450.00"
2019-12-09,2019120901006265,PLIC,11,43,150,345.00,"51,750.00"
2019-12-09,2019120901006264,PLIC,11,38,640,345.00,"220,800.00"
2019-12-09,2019120901006263,PLIC,11,35,200,344.00,"68,800.00"
2019-12-09,2019120901006334,PLIC,29,53,13,346.00,"4,498.00"
2019-12-09,2019120901006333,PLIC,29,49,140,346.00,"48,440.00"
2019-12-09,2019120901006330,PLIC,45,49,100,346.00,"34,600.00"
2019-12-09,2019120901006292,PLIC,11,49,760,346.00,"262,960.00"
2019-12-09,2019120901006291,PLIC,11,43,100,345.00,"34,500.00"
2019-12-09,2019120901006290,PLIC,11,44,100,345.00,"34,500.00"
2019-12-09,2019120901006529,PLIC,34,29,250,347.00,"86,750.00"
2019-12-09,2019120901006528,PLIC,34,52,500,347.00,"173,500.00"
2019-12-09,2019120901006527,PLIC,34,46,275,347.00,"95,425.00"
2019-12-09,2019120901006526,PLIC,34,35,50,346.00,"17,300.00"
2019-12-09,2019120901006525,PLIC,34,58,500,346.00,"173,000.00"
2019-12-09,2019120901006524,PLIC,34,52,90,345.00,"31,050.00"
2019-12-09,2019120901006543,PMHPL,49,17,10,85.00,850.00
2019-12-09,2019120901006297,PMHPL,49,17,10,85.00,850.00
2019-12-09,2019120901006565,PPCL,45,21,30,104.00,"3,120.00"
2019-12-09,2019120901006564,PPCL,45,21,30,104.00,"3,120.00"
2019-12-09,2019120901006563,PPCL,45,21,30,104.00,"3,120.00"
2019-12-09,2019120901006562,PPCL,45,21,30,104.00,"3,120.00"
2019-12-09,2019120901006561,PPCL,45,55,30,104.00,"3,120.00"
2019-12-09,2019120901006169,PRIN,17,39,200,328.00,"65,600.00"
2019-12-09,2019120901006168,PRIN,17,14,500,328.00,"164,000.00"
2019-12-09,2019120901006167,PRIN,17,49,348,328.00,"114,144.00"
2019-12-09,2019120901006166,PRIN,17,44,"1,000",327.00,"327,000.00"
2019-12-09,2019120901006566,PRVU,33,49,50,227.00,"11,350.00"
2019-12-09,2019120901006428,PRVU,4,49,178,227.00,"40,406.00"
2019-12-09,2019120901006350,PRVU,47,47,4,226.00,904.00
2019-12-09,2019120901006315,PRVU,26,49,"1,000",227.00,"227,000.00"
2019-12-09,2019120901006314,PRVU,55,43,500,226.00,"113,000.00"
2019-12-09,2019120901006199,PRVU,8,49,150,227.00,"34,050.00"
2019-12-09,2019120901006395,RADHI,36,19,11,142.00,"1,562.00"
2019-12-09,2019120901006251,RADHI,1,17,12,140.00,"1,680.00"
2019-12-09,2019120901006318,RBCL,38,58,10,"8,250.00","82,500.00"
2019-12-09,2019120901006348,RBCLPO,16,35,10,"7,690.00","76,900.00"
2019-12-09,2019120901006535,RHPC,6,54,12,70.00,840.00
2019-12-09,2019120901006376,RHPC,47,47,13,71.00,923.00
2019-12-09,2019120901006555,RHPL,45,17,10,174.00,"1,740.00"
2019-12-09,2019120901006554,RHPL,45,54,10,174.00,"1,740.00"
2019-12-09,2019120901006377,RHPL,45,25,400,174.00,"69,600.00"
2019-12-09,2019120901006365,RHPL,45,53,40,174.00,"6,960.00"
2019-12-09,2019120901006299,RHPL,45,17,40,174.00,"6,960.00"
2019-12-09,2019120901006156,RHPL,19,43,450,175.00,"78,750.00"
2019-12-09,2019120901006128,RHPL,58,4,50,175.00,"8,750.00"
2019-12-09,2019120901006154,RHPL,19,29,30,175.00,"5,250.00"
2019-12-09,2019120901006139,RHPL,19,29,20,175.00,"3,500.00"
2019-12-09,2019120901006138,RHPL,58,29,10,175.00,"1,750.00"
2019-12-09,2019120901006134,RHPL,58,40,500,175.00,"87,500.00"
2019-12-09,2019120901006131,RHPL,58,29,30,175.00,"5,250.00"
2019-12-09,2019120901006130,RHPL,58,29,30,175.00,"5,250.00"
2019-12-09,2019120901006484,RMDC,47,47,45,634.00,"28,530.00"
2019-12-09,2019120901006262,RMDC,38,29,200,626.00,"125,200.00"
2019-12-09,2019120901006132,RMDC,16,29,100,626.00,"62,600.00"
2019-12-09,2019120901006571,RRHP,47,17,10,98.00,980.00
2019-12-09,2019120901006287,RRHP,47,43,10,98.00,980.00
2019-12-09,2019120901006447,RSDC,39,38,18,311.00,"5,598.00"
2019-12-09,2019120901006359,RSDC,17,48,100,312.00,"31,200.00"
2019-12-09,2019120901006615,SABSL,21,28,20,550.00,"11,000.00"
2019-12-09,2019120901006417,SABSL,47,46,100,550.00,"55,000.00"
2019-12-09,2019120901006397,SABSL,51,53,10,548.00,"5,480.00"
2019-12-09,2019120901006363,SABSL,1,25,100,550.00,"55,000.00"
2019-12-09,2019120901006281,SABSL,34,18,600,550.00,"330,000.00"
2019-12-09,2019120901006272,SABSL,58,57,50,554.00,"27,700.00"
2019-12-09,2019120901006252,SABSL,51,57,150,554.00,"83,100.00"
2019-12-09,2019120901006185,SABSL,34,25,100,550.00,"55,000.00"
2019-12-09,2019120901006477,SADBL,33,19,500,142.00,"71,000.00"
2019-12-09,2019120901006476,SADBL,33,41,300,142.00,"42,600.00"
2019-12-09,2019120901006475,SADBL,33,47,200,142.00,"28,400.00"
2019-12-09,2019120901006474,SADBL,33,59,181,142.00,"25,702.00"
2019-12-09,2019120901006473,SADBL,33,50,95,141.00,"13,395.00"
2019-12-09,2019120901006472,SADBL,33,42,17,141.00,"2,397.00"
2019-12-09,2019120901006471,SADBL,33,28,22,140.00,"3,080.00"
2019-12-09,2019120901006328,SANIMA,4,34,200,310.00,"62,000.00"
2019-12-09,2019120901006327,SANIMA,44,34,50,310.00,"15,500.00"
2019-12-09,2019120901006129,SANIMA,4,56,102,309.00,"31,518.00"
2019-12-09,2019120901006509,SAPDBL,4,14,20,121.00,"2,420.00"
2019-12-09,2019120901006508,SAPDBL,4,26,21,121.00,"2,541.00"
2019-12-09,2019120901006507,SAPDBL,4,45,300,121.00,"36,300.00"
2019-12-09,2019120901006506,SAPDBL,4,47,102,120.00,"12,240.00"
2019-12-09,2019120901006505,SAPDBL,4,44,78,120.00,"9,360.00"
2019-12-09,2019120901006504,SAPDBL,4,55,38,120.00,"4,560.00"
2019-12-09,2019120901006385,SBI,28,42,161,355.00,"57,155.00"
2019-12-09,2019120901006360,SBI,7,42,10,355.00,"3,550.00"
2019-12-09,2019120901006141,SBI,44,28,10,360.00,"3,600.00"
2019-12-09,2019120901006135,SBI,44,48,500,355.00,"177,500.00"
2019-12-09,2019120901006470,SBL,6,38,10,287.00,"2,870.00"
2019-12-09,2019120901006416,SBL,6,56,815,287.00,"233,905.00"
2019-12-09,2019120901006415,SBL,16,56,200,288.00,"57,600.00"
2019-12-09,2019120901006515,SCB,50,6,10,542.00,"5,420.00"
2019-12-09,2019120901006512,SCB,50,56,40,538.00,"21,520.00"
2019-12-09,2019120901006511,SCB,50,42,40,537.00,"21,480.00"
2019-12-09,2019120901006463,SCB,16,53,20,530.00,"10,600.00"
2019-12-09,2019120901006513,SDESI,34,36,600,589.00,"353,400.00"
2019-12-09,2019120901006444,SFFIL,55,45,90,176.00,"15,840.00"
2019-12-09,2019120901006443,SFFIL,42,45,10,176.00,"1,760.00"
2019-12-09,2019120901006173,SHINE,58,54,"2,500",228.00,"570,000.00"
2019-12-09,2019120901006425,SHIVM,59,6,500,389.00,"194,500.00"
2019-12-09,2019120901006424,SHIVM,21,6,200,389.00,"77,800.00"
2019-12-09,2019120901006423,SHIVM,58,6,150,389.00,"58,350.00"
2019-12-09,2019120901006422,SHIVM,44,6,50,389.00,"19,450.00"
2019-12-09,2019120901006421,SHIVM,48,6,300,390.00,"117,000.00"
2019-12-09,2019120901006420,SHIVM,49,6,20,391.00,"7,820.00"
2019-12-09,2019120901006446,SHL,37,52,153,211.00,"32,283.00"
2019-12-09,2019120901006445,SHL,37,41,126,211.00,"26,586.00"
2019-12-09,2019120901006371,SHPC,26,46,200,192.00,"38,400.00"
2019-12-09,2019120901006313,SHPC,32,32,40,193.00,"7,720.00"
2019-12-09,2019120901006269,SHPC,22,22,78,192.00,"14,976.00"
2019-12-09,2019120901006200,SHPC,35,58,11,192.00,"2,112.00"
2019-12-09,2019120901006624,SIC,45,52,15,465.00,"6,975.00"
2019-12-09,2019120901006590,SIC,42,35,16,471.00,"7,536.00"
2019-12-09,2019120901006589,SIC,42,38,84,470.00,"39,480.00"
2019-12-09,2019120901006533,SICL,45,26,450,795.00,"357,750.00"
2019-12-09,2019120901006503,SICL,45,57,50,795.00,"39,750.00"
2019-12-09,2019120901006582,SJCL,39,17,20,160.00,"3,200.00"
2019-12-09,2019120901006518,SJCL,51,32,500,161.00,"80,500.00"
2019-12-09,2019120901006517,SJCL,51,32,470,161.00,"75,670.00"
2019-12-09,2019120901006435,SJCL,51,53,20,161.00,"3,220.00"
2019-12-09,2019120901006136,SJCL,47,58,20,162.00,"3,240.00"
2019-12-09,2019120901006186,SJCL,47,39,20,162.00,"3,240.00"
2019-12-09,2019120901006158,SJCL,47,39,20,162.00,"3,240.00"
2019-12-09,2019120901006155,SJCL,47,58,10,162.00,"1,620.00"
2019-12-09,2019120901006149,SJCL,47,39,20,162.00,"3,240.00"
2019-12-09,2019120901006145,SJCL,47,4,20,162.00,"3,240.00"
2019-12-09,2019120901006204,SJCL,4,45,20,163.00,"3,260.00"
2019-12-09,2019120901006203,SJCL,4,45,20,163.00,"3,260.00"
2019-12-09,2019120901006202,SJCL,4,52,100,163.00,"16,300.00"
2019-12-09,2019120901006201,SJCL,4,35,30,162.00,"4,860.00"
2019-12-09,2019120901006191,SJCL,47,35,300,162.00,"48,600.00"
2019-12-09,2019120901006190,SJCL,47,58,20,162.00,"3,240.00"
2019-12-09,2019120901006235,SJCL,4,6,30,165.00,"4,950.00"
2019-12-09,2019120901006221,SJCL,4,39,20,165.00,"3,300.00"
2019-12-09,2019120901006208,SJCL,4,58,500,164.00,"82,000.00"
2019-12-09,2019120901006207,SJCL,4,59,500,164.00,"82,000.00"
2019-12-09,2019120901006206,SJCL,4,45,20,163.00,"3,260.00"
2019-12-09,2019120901006205,SJCL,4,45,20,163.00,"3,260.00"
2019-12-09,2019120901006312,SJCL,51,17,10,161.00,"1,610.00"
2019-12-09,2019120901006280,SJCL,14,44,200,165.00,"33,000.00"
2019-12-09,2019120901006271,SJCL,4,44,700,165.00,"115,500.00"
2019-12-09,2019120901006267,SJCL,4,39,20,165.00,"3,300.00"
2019-12-09,2019120901006247,SJCL,4,39,20,165.00,"3,300.00"
2019-12-09,2019120901006618,SLBBL,45,19,150,576.00,"86,400.00"
2019-12-09,2019120901006581,SLBBL,34,22,30,580.00,"17,400.00"
2019-12-09,2019120901006578,SLBBL,34,55,500,580.00,"290,000.00"
2019-12-09,2019120901006492,SLBBL,34,44,100,580.00,"58,000.00"
2019-12-09,2019120901006491,SLBBL,34,1,170,580.00,"98,600.00"
2019-12-09,2019120901006623,SLBSL,45,17,10,650.00,"6,500.00"
2019-12-09,2019120901006616,SLICL,34,35,50,281.00,"14,050.00"
2019-12-09,2019120901006488,SLICL,5,21,100,280.00,"28,000.00"
2019-12-09,2019120901006284,SLICL,34,40,86,281.00,"24,166.00"
2019-12-09,2019120901006159,SLICL,45,40,50,281.00,"14,050.00"
2019-12-09,2019120901006611,SMATA,42,35,19,555.00,"10,545.00"
2019-12-09,2019120901006542,SMATA,42,21,10,555.00,"5,550.00"
2019-12-09,2019120901006231,SMFDB,49,43,50,638.00,"31,900.00"
2019-12-09,2019120901006261,SRBL,26,38,52,222.00,"11,544.00"
2019-12-09,2019120901006260,SRBL,26,47,100,222.00,"22,200.00"
2019-12-09,2019120901006259,SRBL,26,16,48,222.00,"10,656.00"
2019-12-09,2019120901006596,STC,25,45,10,"1,372.00","13,720.00"
2019-12-09,2019120901006521,STC,25,55,30,"1,372.00","41,160.00"
2019-12-09,2019120901006346,STC,46,55,50,"1,400.00","70,000.00"
2019-12-09,2019120901006549,SWBBL,55,41,10,"1,023.00","10,230.00"
2019-12-09,2019120901006548,SWBBL,55,58,17,"1,023.00","17,391.00"
2019-12-09,2019120901006321,SWBBL,34,44,700,"1,024.00","716,800.00"
2019-12-09,2019120901006320,SWBBL,34,6,300,"1,023.00","306,900.00"
2019-12-09,2019120901006306,SWBBL,34,6,200,"1,023.00","204,600.00"
2019-12-09,2019120901006305,SWBBL,34,6,100,"1,023.00","102,300.00"
2019-12-09,2019120901006304,SWBBL,34,53,100,"1,023.00","102,300.00"
2019-12-09,2019120901006303,SWBBL,34,17,300,"1,022.00","306,600.00"
2019-12-09,2019120901006302,SWBBL,34,58,300,"1,022.00","306,600.00"
2019-12-09,2019120901006133,SWBBL,45,4,300,"1,022.00","306,600.00"
2019-12-09,2019120901006301,TMDBL,57,16,70,146.00,"10,220.00"
2019-12-09,2019120901006466,UIC,5,43,45,240.00,"10,800.00"
2019-12-09,2019120901006465,UIC,22,43,100,240.00,"24,000.00"
2019-12-09,2019120901006464,UIC,55,43,40,240.00,"9,600.00"
2019-12-09,2019120901006382,UIC,55,48,10,240.00,"2,400.00"
2019-12-09,2019120901006293,UNHPL,52,4,50,54.00,"2,700.00"
2019-12-09,2019120901006607,UPCL,52,17,50,72.00,"3,600.00"
2019-12-09,2019120901006399,UPCL,52,4,50,72.00,"3,600.00"
2019-12-09,2019120901006357,UPCL,35,4,50,73.00,"3,650.00"
2019-12-09,2019120901006497,UPPER,40,53,50,236.00,"11,800.00"
2019-12-09,2019120901006196,UPPER,43,19,30,237.00,"7,110.00"
2019-12-09,2019120901006195,UPPER,43,32,295,237.00,"69,915.00"
2019-12-09,2019120901006194,UPPER,43,53,50,237.00,"11,850.00"
2019-12-09,2019120901006193,UPPER,43,43,75,237.00,"17,775.00"
2019-12-09,2019120901006192,UPPER,43,41,400,237.00,"94,800.00"
2019-12-09,2019120901006256,UPPER,5,11,500,238.00,"119,000.00"
2019-12-09,2019120901006255,UPPER,5,29,100,238.00,"23,800.00"
2019-12-09,2019120901006254,UPPER,5,47,50,238.00,"11,900.00"
2019-12-09,2019120901006253,UPPER,5,39,200,238.00,"47,600.00"
2019-12-09,2019120901006223,UPPER,53,59,300,237.00,"71,100.00"
2019-12-09,2019120901006197,UPPER,43,56,200,237.00,"47,400.00"
2019-12-09,2019120901006342,UPPER,40,4,40,236.00,"9,440.00"
2019-12-09,2019120901006341,UPPER,48,43,50,237.00,"11,850.00"
2019-12-09,2019120901006257,UPPER,5,6,100,238.00,"23,800.00"
2019-12-09,2019120901006519,VLBS,22,54,13,681.00,"8,853.00"
2019-12-09,2019120901006275,VLBS,22,25,40,681.00,"27,240.00"
2019-12-09,2019120901005998,ADBL,53,6,300,412.00,"123,600.00"
2019-12-09,2019120901005997,ADBL,53,38,698,412.00,"287,576.00"
2019-12-09,2019120901005970,ADBL,53,38,"1,000",412.00,"412,000.00"
2019-12-09,2019120901005905,ADBL,38,52,40,411.00,"16,440.00"
2019-12-09,2019120901005679,ADBL,38,52,100,411.00,"41,100.00"
2019-12-09,2019120901005825,AKPL,5,25,10,124.00,"1,240.00"
2019-12-09,2019120901005688,AKPL,53,25,16,122.00,"1,952.00"
2019-12-09,2019120901005687,AKPL,53,39,350,120.00,"42,000.00"
2019-12-09,2019120901005644,AKPL,25,39,50,120.00,"6,000.00"
2019-12-09,2019120901005904,ALBSL,56,39,100,475.00,"47,500.00"
2019-12-09,2019120901005903,ALBSL,56,44,10,475.00,"4,750.00"
2019-12-09,2019120901005902,ALBSL,56,38,20,475.00,"9,500.00"
2019-12-09,2019120901005901,ALBSL,56,43,50,475.00,"23,750.00"
2019-12-09,2019120901005870,ALBSL,14,52,100,474.00,"47,400.00"
2019-12-09,2019120901005869,ALBSL,14,33,200,474.00,"94,800.00"
2019-12-09,2019120901005852,ALBSL,56,22,10,469.00,"4,690.00"
2019-12-09,2019120901005858,ALBSL,56,29,80,473.00,"37,840.00"
2019-12-09,2019120901005857,ALBSL,56,46,10,472.00,"4,720.00"
2019-12-09,2019120901005856,ALBSL,56,21,100,472.00,"47,200.00"
2019-12-09,2019120901005855,ALBSL,56,39,30,471.00,"14,130.00"
2019-12-09,2019120901005854,ALBSL,56,29,10,470.00,"4,700.00"
2019-12-09,2019120901005853,ALBSL,56,45,80,470.00,"37,600.00"
2019-12-09,2019120901005731,ALICL,45,17,200,355.00,"71,000.00"
2019-12-09,2019120901006094,API,25,7,82,111.00,"9,102.00"
2019-12-09,2019120901006084,API,25,34,100,110.00,"11,000.00"
2019-12-09,2019120901006083,API,25,38,500,110.00,"55,000.00"
2019-12-09,2019120901006082,API,25,41,300,110.00,"33,000.00"
2019-12-09,2019120901006081,API,25,45,200,110.00,"22,000.00"
2019-12-09,2019120901006026,API,25,45,300,110.00,"33,000.00"
2019-12-09,2019120901005832,API,25,38,300,109.00,"32,700.00"
2019-12-09,2019120901005829,API,25,25,200,108.00,"21,600.00"
2019-12-09,2019120901005819,API,25,41,200,108.00,"21,600.00"
2019-12-09,2019120901005818,API,25,52,300,108.00,"32,400.00"
2019-12-09,2019120901005689,API,53,34,500,108.00,"54,000.00"
2019-12-09,2019120901006005,API,25,34,500,109.00,"54,500.00"
2019-12-09,2019120901005989,API,36,51,300,109.00,"32,700.00"
2019-12-09,2019120901005988,API,36,48,500,109.00,"54,500.00"
2019-12-09,2019120901005987,API,36,43,200,109.00,"21,800.00"
2019-12-09,2019120901005876,API,50,43,300,109.00,"32,700.00"
2019-12-09,2019120901005875,API,50,38,200,109.00,"21,800.00"
2019-12-09,2019120901006025,API,25,43,50,110.00,"5,500.00"
2019-12-09,2019120901006022,API,25,14,500,109.00,"54,500.00"
2019-12-09,2019120901006021,API,25,39,990,109.00,"107,910.00"
2019-12-09,2019120901006020,API,25,25,100,109.00,"10,900.00"
2019-12-09,2019120901006006,API,25,25,500,109.00,"54,500.00"
2019-12-09,2019120901005978,BOKL,14,59,200,219.00,"43,800.00"
2019-12-09,2019120901005802,BOKL,14,48,200,219.00,"43,800.00"
2019-12-09,2019120901005719,BOKL,36,48,300,219.00,"65,700.00"
2019-12-09,2019120901005692,BOKL,29,33,300,218.00,"65,400.00"
2019-12-09,2019120901005691,BOKL,29,52,539,218.00,"117,502.00"
2019-12-09,2019120901005646,BOKL,50,6,"1,000",217.00,"217,000.00"
2019-12-09,2019120901005645,BOKL,50,45,51,217.00,"11,067.00"
2019-12-09,2019120901006118,BPCL,55,43,50,364.00,"18,200.00"
2019-12-09,2019120901006117,BPCL,55,28,300,364.00,"109,200.00"
2019-12-09,2019120901006116,BPCL,55,59,200,364.00,"72,800.00"
2019-12-09,2019120901006115,BPCL,55,10,100,363.00,"36,300.00"
2019-12-09,2019120901006114,BPCL,55,13,75,363.00,"27,225.00"
2019-12-09,2019120901006113,BPCL,55,59,700,363.00,"254,100.00"
2019-12-09,2019120901005669,BPCL,58,5,500,360.00,"180,000.00"
2019-12-09,2019120901005635,BPCL,58,5,400,360.00,"144,000.00"
2019-12-09,2019120901005634,BPCL,1,5,100,360.00,"36,000.00"
2019-12-09,2019120901006034,BPCL,41,38,22,360.00,"7,920.00"
2019-12-09,2019120901006033,BPCL,41,5,475,360.00,"171,000.00"
2019-12-09,2019120901006028,BPCL,49,5,25,360.00,"9,000.00"
2019-12-09,2019120901005801,BPCL,58,5,500,360.00,"180,000.00"
2019-12-09,2019120901005774,BPCL,58,5,500,360.00,"180,000.00"
2019-12-09,2019120901005678,BPCL,58,47,100,360.00,"36,000.00"
2019-12-09,2019120901006112,BPCL,55,50,220,363.00,"79,860.00"
2019-12-09,2019120901006111,BPCL,55,59,700,362.00,"253,400.00"
2019-12-09,2019120901006110,BPCL,55,45,11,362.00,"3,982.00"
2019-12-09,2019120901006062,BPCL,55,10,100,361.00,"36,100.00"
2019-12-09,2019120901006061,BPCL,55,45,60,361.00,"21,660.00"
2019-12-09,2019120901006060,BPCL,55,59,365,361.00,"131,765.00"
2019-12-09,2019120901005714,CBBL,40,40,20,813.00,"16,260.00"
2019-12-09,2019120901006093,CBL,43,4,171,136.00,"23,256.00"
2019-12-09,2019120901006092,CBL,50,4,64,136.00,"8,704.00"
2019-12-09,2019120901006035,CBL,45,22,47,137.00,"6,439.00"
2019-12-09,2019120901005800,CBL,45,6,153,137.00,"20,961.00"
2019-12-09,2019120901005799,CBL,42,6,547,137.00,"74,939.00"
2019-12-09,2019120901006127,CCBL,26,54,21,164.00,"3,444.00"
2019-12-09,2019120901005807,CCBL,18,58,500,165.00,"82,500.00"
2019-12-09,2019120901005670,CCBL,26,59,304,164.00,"49,856.00"
2019-12-09,2019120901005665,CCBL,41,47,75,163.00,"12,225.00"
2019-12-09,2019120901005642,CCBL,47,59,75,164.00,"12,300.00"
2019-12-09,2019120901006039,CHCL,49,49,737,366.00,"269,742.00"
2019-12-09,2019120901006038,CHCL,49,25,88,365.00,"32,120.00"
2019-12-09,2019120901005682,CHCL,47,47,20,367.00,"7,340.00"
2019-12-09,2019120901005683,CIT,25,13,50,"1,760.00","88,000.00"
2019-12-09,2019120901006099,DBBL,32,32,490,124.00,"60,760.00"
2019-12-09,2019120901006098,DBBL,6,32,10,124.00,"1,240.00"
2019-12-09,2019120901005900,DDBL,39,53,100,799.00,"79,900.00"
2019-12-09,2019120901005671,DDBL,49,58,73,800.00,"58,400.00"
2019-12-09,2019120901005663,DDBL,49,51,20,800.00,"16,000.00"
2019-12-09,2019120901005662,DDBL,49,46,200,800.00,"160,000.00"
2019-12-09,2019120901005661,DDBL,49,16,301,800.00,"240,800.00"
2019-12-09,2019120901005660,DDBL,49,46,350,800.00,"280,000.00"
2019-12-09,2019120901005653,DDBL,49,28,500,799.00,"399,500.00"
2019-12-09,2019120901005652,DDBL,49,1,50,799.00,"39,950.00"
2019-12-09,2019120901005659,DDBL,49,57,200,800.00,"160,000.00"
2019-12-09,2019120901005658,DDBL,49,42,22,800.00,"17,600.00"
2019-12-09,2019120901005657,DDBL,49,34,66,800.00,"52,800.00"
2019-12-09,2019120901005656,DDBL,49,6,500,799.00,"399,500.00"
2019-12-09,2019120901005655,DDBL,49,34,108,799.00,"86,292.00"
2019-12-09,2019120901005654,DDBL,49,57,110,799.00,"87,890.00"
2019-12-09,2019120901005929,EBL,44,20,98,554.00,"54,292.00"
2019-12-09,2019120901005893,EBL,16,32,155,552.00,"85,560.00"
2019-12-09,2019120901006121,EDBL,57,53,83,290.00,"24,070.00"
2019-12-09,2019120901006120,EDBL,57,48,15,289.00,"4,335.00"
2019-12-09,2019120901006097,EIC,55,14,180,236.00,"42,480.00"
2019-12-09,2019120901006086,EIC,55,14,220,236.00,"51,920.00"
2019-12-09,2019120901006085,EIC,55,38,780,236.00,"184,080.00"
2019-12-09,2019120901006068,EIC,49,38,100,236.00,"23,600.00"
2019-12-09,2019120901006018,EIC,38,33,150,235.00,"35,250.00"
2019-12-09,2019120901006017,EIC,38,16,"1,000",235.00,"235,000.00"
2019-12-09,2019120901005911,EIC,5,7,103,233.00,"23,999.00"
2019-12-09,2019120901005909,EIC,29,7,100,233.00,"23,300.00"
2019-12-09,2019120901005709,EIC,25,7,40,233.00,"9,320.00"
2019-12-09,2019120901005690,EIC,49,28,300,233.00,"69,900.00"
2019-12-09,2019120901005676,EIC,57,19,"1,900",232.00,"440,800.00"
2019-12-09,2019120901005797,FOWAD,51,43,223,"1,390.00","309,970.00"
2019-12-09,2019120901005990,GBLBS,53,33,10,318.00,"3,180.00"
2019-12-09,2019120901005666,GBLBS,6,59,150,320.00,"48,000.00"
