Date,Transact. No.,Symbol,Buyer,Seller,Quantity,Rate,Amount
2020-11-12,2020111204017098,CMF1,25,43,"5,000",10.59,"52,950.00"
2020-11-12,2020111204017068,CMF1,21,54,100,10.60,"1,060.00"
2020-11-12,2020111204016886,CMF1,42,43,"5,000",10.50,"52,500.00"
2020-11-12,2020111204016791,CMF1,42,43,"5,000",10.50,"52,500.00"
2020-11-12,2020111204016790,CMF1,21,43,"5,000",10.51,"52,550.00"
2020-11-12,2020111204016782,CMF1,21,43,"5,000",10.51,"52,550.00"
2020-11-12,2020111204016781,CMF1,25,43,"5,000",10.69,"53,450.00"
2020-11-12,2020111204017136,GIC,41,41,50,534.00,"26,700.00"
2020-11-12,2020111204017125,GIC,41,25,100,534.00,"53,400.00"
2020-11-12,2020111204017096,GIC,41,42,10,534.00,"5,340.00"
2020-11-12,2020111204017074,GIC,7,21,10,534.00,"5,340.00"
2020-11-12,2020111204017054,GIC,3,50,150,535.00,"80,250.00"
2020-11-12,2020111204017053,GIC,11,50,80,535.00,"42,800.00"
2020-11-12,2020111204016656,GIC,35,39,10,534.00,"5,340.00"
2020-11-12,2020111204016650,GIC,35,46,50,534.00,"26,700.00"
2020-11-12,2020111204016649,GIC,35,58,10,534.00,"5,340.00"
2020-11-12,2020111204016643,GIC,35,55,10,534.00,"5,340.00"
2020-11-12,2020111204016640,GIC,35,39,10,534.00,"5,340.00"
2020-11-12,2020111204016679,GIC,35,43,10,534.00,"5,340.00"
2020-11-12,2020111204016677,GIC,35,58,10,534.00,"5,340.00"
2020-11-12,2020111204016676,GIC,35,47,10,534.00,"5,340.00"
2020-11-12,2020111204016675,GIC,35,39,10,534.00,"5,340.00"
2020-11-12,2020111204016665,GIC,35,58,10,534.00,"5,340.00"
2020-11-12,2020111204016664,GIC,35,43,10,534.00,"5,340.00"
2020-11-12,2020111204016725,GIC,35,58,10,534.00,"5,340.00"
2020-11-12,2020111204016707,GIC,35,58,10,534.00,"5,340.00"
2020-11-12,2020111204016706,GIC,35,38,10,534.00,"5,340.00"
2020-11-12,2020111204016694,GIC,35,43,10,534.00,"5,340.00"
2020-11-12,2020111204016688,GIC,35,58,10,534.00,"5,340.00"
2020-11-12,2020111204016683,GIC,35,58,10,534.00,"5,340.00"
2020-11-12,2020111204016757,GIC,35,42,10,534.00,"5,340.00"
2020-11-12,2020111204016751,GIC,39,52,100,535.00,"53,500.00"
2020-11-12,2020111204016748,GIC,35,58,10,534.00,"5,340.00"
2020-11-12,2020111204016738,GIC,35,58,10,534.00,"5,340.00"
2020-11-12,2020111204016730,GIC,35,44,10,534.00,"5,340.00"
2020-11-12,2020111204016726,GIC,35,43,10,534.00,"5,340.00"
2020-11-12,2020111204016794,GIC,35,28,10,534.00,"5,340.00"
2020-11-12,2020111204016793,GIC,35,58,10,534.00,"5,340.00"
2020-11-12,2020111204016785,GIC,35,58,10,534.00,"5,340.00"
2020-11-12,2020111204016784,GIC,35,28,10,534.00,"5,340.00"
2020-11-12,2020111204016773,GIC,35,58,10,534.00,"5,340.00"
2020-11-12,2020111204016772,GIC,35,22,10,534.00,"5,340.00"
2020-11-12,2020111204016833,GIC,35,58,10,534.00,"5,340.00"
2020-11-12,2020111204016824,GIC,35,42,10,534.00,"5,340.00"
2020-11-12,2020111204016815,GIC,35,44,10,534.00,"5,340.00"
2020-11-12,2020111204016813,GIC,35,58,10,534.00,"5,340.00"
2020-11-12,2020111204016805,GIC,35,58,10,534.00,"5,340.00"
2020-11-12,2020111204016802,GIC,35,35,10,534.00,"5,340.00"
2020-11-12,2020111204016861,GIC,35,55,10,534.00,"5,340.00"
2020-11-12,2020111204016859,GIC,35,58,10,534.00,"5,340.00"
2020-11-12,2020111204016856,GIC,35,58,10,534.00,"5,340.00"
2020-11-12,2020111204016855,GIC,35,17,10,534.00,"5,340.00"
2020-11-12,2020111204016841,GIC,35,13,20,534.00,"10,680.00"
2020-11-12,2020111204016840,GIC,35,43,10,534.00,"5,340.00"
2020-11-12,2020111204016901,GIC,7,57,10,534.00,"5,340.00"
2020-11-12,2020111204016897,GIC,58,36,10,534.00,"5,340.00"
2020-11-12,2020111204016885,GIC,58,7,10,534.00,"5,340.00"
2020-11-12,2020111204016880,GIC,58,43,10,534.00,"5,340.00"
2020-11-12,2020111204016867,GIC,58,38,10,534.00,"5,340.00"
2020-11-12,2020111204016862,GIC,58,43,10,534.00,"5,340.00"
2020-11-12,2020111204016915,GIC,11,46,10,535.00,"5,350.00"
2020-11-12,2020111204016914,GIC,11,46,10,535.00,"5,350.00"
2020-11-12,2020111204016913,GIC,11,46,10,535.00,"5,350.00"
2020-11-12,2020111204016912,GIC,11,46,10,535.00,"5,350.00"
2020-11-12,2020111204016911,GIC,11,52,210,535.00,"112,350.00"
2020-11-12,2020111204016908,GIC,7,35,10,534.00,"5,340.00"
2020-11-12,2020111204016921,GIC,11,28,10,535.00,"5,350.00"
2020-11-12,2020111204016920,GIC,11,42,10,535.00,"5,350.00"
2020-11-12,2020111204016919,GIC,11,42,10,535.00,"5,350.00"
2020-11-12,2020111204016918,GIC,11,41,10,535.00,"5,350.00"
2020-11-12,2020111204016917,GIC,11,57,100,535.00,"53,500.00"
2020-11-12,2020111204016916,GIC,11,47,10,535.00,"5,350.00"
2020-11-12,2020111204016942,GIC,11,17,10,535.00,"5,350.00"
2020-11-12,2020111204016931,GIC,11,17,10,535.00,"5,350.00"
2020-11-12,2020111204016925,GIC,11,51,10,535.00,"5,350.00"
2020-11-12,2020111204016924,GIC,11,45,10,535.00,"5,350.00"
2020-11-12,2020111204016923,GIC,11,26,10,535.00,"5,350.00"
2020-11-12,2020111204016922,GIC,11,58,10,535.00,"5,350.00"
2020-11-12,2020111204016998,GIC,11,57,100,535.00,"53,500.00"
2020-11-12,2020111204016958,GIC,11,17,10,535.00,"5,350.00"
2020-11-12,2020111204016951,GIC,11,17,10,535.00,"5,350.00"
2020-11-12,2020111204016949,GIC,11,51,10,535.00,"5,350.00"
2020-11-12,2020111204016945,GIC,11,34,10,535.00,"5,350.00"
2020-11-12,2020111204016943,GIC,11,58,10,535.00,"5,350.00"
2020-11-12,2020111204017032,GIC,11,39,10,535.00,"5,350.00"
2020-11-12,2020111204017030,GIC,11,22,10,535.00,"5,350.00"
2020-11-12,2020111204017019,GIC,11,1,10,535.00,"5,350.00"
2020-11-12,2020111204017010,GIC,11,38,10,535.00,"5,350.00"
2020-11-12,2020111204017006,GIC,11,42,10,535.00,"5,350.00"
2020-11-12,2020111204017000,GIC,11,42,10,535.00,"5,350.00"
2020-11-12,2020111204017052,GIC,11,8,200,535.00,"107,000.00"
2020-11-12,2020111204017050,GIC,11,56,10,535.00,"5,350.00"
2020-11-12,2020111204017049,GIC,11,35,10,535.00,"5,350.00"
2020-11-12,2020111204017048,GIC,11,40,10,535.00,"5,350.00"
2020-11-12,2020111204017038,GIC,11,56,10,535.00,"5,350.00"
2020-11-12,2020111204017033,GIC,11,32,10,535.00,"5,350.00"
2020-11-12,2020111204016756,GIMES1,1,50,"41,400",10.92,"452,088.00"
2020-11-12,2020111204017034,LEMF,45,58,100,10.17,"1,017.00"
2020-11-12,2020111204016696,LEMF,58,38,500,10.12,"5,060.00"
2020-11-12,2020111204016954,LUK,58,47,"3,000",10.10,"30,300.00"
2020-11-12,2020111204016818,LUK,58,47,"2,000",10.10,"20,200.00"
2020-11-12,2020111204016811,LUK,34,45,650,10.13,"6,584.50"
2020-11-12,2020111204016810,LUK,34,52,200,10.12,"2,024.00"
2020-11-12,2020111204016809,LUK,34,50,150,10.12,"1,518.00"
2020-11-12,2020111204016712,LUK,58,7,"5,000",10.10,"50,500.00"
2020-11-12,2020111204016655,LUK,58,47,"2,000",10.10,"20,200.00"
2020-11-12,2020111204016872,NBF2,54,38,"1,800",10.00,"18,000.00"
2020-11-12,2020111204016871,NBF2,54,35,200,10.00,"2,000.00"
2020-11-12,2020111204017060,NEF,1,45,966,10.00,"9,660.00"
2020-11-12,2020111204016666,NEF,1,5,200,10.00,"2,000.00"
2020-11-12,2020111204016896,NIBLPF,34,17,"1,000",10.22,"10,220.00"
2020-11-12,2020111204017132,NIBPO,13,8,230,376.00,"86,480.00"
2020-11-12,2020111204016787,NIBPO,13,39,110,376.00,"41,360.00"
2020-11-12,2020111204016705,NIBPO,22,34,100,377.00,"37,700.00"
2020-11-12,2020111204017075,NICBF,22,6,100,10.10,"1,010.00"
2020-11-12,2020111204016733,NICBF,22,22,100,10.10,"1,010.00"
2020-11-12,2020111204017008,NMB50,54,44,"1,000",10.09,"10,090.00"
2020-11-12,2020111204017007,NMB50,54,6,600,10.08,"6,048.00"
2020-11-12,2020111204016662,NMB50,34,6,400,10.08,"4,032.00"
2020-11-12,2020111204016661,NMB50,34,42,200,10.02,"2,004.00"
2020-11-12,2020111204016660,NMB50,34,42,300,10.02,"3,006.00"
2020-11-12,2020111204016659,NMB50,34,42,100,10.02,"1,002.00"
2020-11-12,2020111204017093,SAEF,45,35,"2,500",11.23,"28,075.00"
2020-11-12,2020111204016828,SAEF,45,7,500,11.23,"5,615.00"
2020-11-12,2020111204016646,SEF,54,16,"1,000",10.40,"10,400.00"
2020-11-12,2020111204017138,SGI,38,38,10,570.00,"5,700.00"
2020-11-12,2020111204017137,SGI,28,20,10,570.00,"5,700.00"
2020-11-12,2020111204017135,SGI,32,38,10,570.00,"5,700.00"
2020-11-12,2020111204017134,SGI,22,21,10,571.00,"5,710.00"
2020-11-12,2020111204017133,SGI,22,58,10,571.00,"5,710.00"
2020-11-12,2020111204017131,SGI,22,21,10,571.00,"5,710.00"
2020-11-12,2020111204016641,SGI,6,37,10,569.00,"5,690.00"
2020-11-12,2020111204016639,SGI,6,47,10,569.00,"5,690.00"
2020-11-12,2020111204016651,SGI,6,57,10,569.00,"5,690.00"
2020-11-12,2020111204016648,SGI,6,39,10,569.00,"5,690.00"
2020-11-12,2020111204016647,SGI,6,45,10,569.00,"5,690.00"
2020-11-12,2020111204016645,SGI,6,58,10,569.00,"5,690.00"
2020-11-12,2020111204016644,SGI,6,35,10,569.00,"5,690.00"
2020-11-12,2020111204016642,SGI,6,16,10,569.00,"5,690.00"
2020-11-12,2020111204016663,SGI,6,16,10,569.00,"5,690.00"
2020-11-12,2020111204016658,SGI,6,35,10,569.00,"5,690.00"
2020-11-12,2020111204016657,SGI,6,42,10,569.00,"5,690.00"
2020-11-12,2020111204016654,SGI,6,57,10,569.00,"5,690.00"
2020-11-12,2020111204016653,SGI,6,37,10,569.00,"5,690.00"
2020-11-12,2020111204016652,SGI,6,41,10,569.00,"5,690.00"
2020-11-12,2020111204016673,SGI,16,16,10,570.00,"5,700.00"
2020-11-12,2020111204016672,SGI,42,57,10,570.00,"5,700.00"
2020-11-12,2020111204016671,SGI,42,55,10,570.00,"5,700.00"
2020-11-12,2020111204016670,SGI,42,59,10,570.00,"5,700.00"
2020-11-12,2020111204016669,SGI,42,45,10,570.00,"5,700.00"
2020-11-12,2020111204016667,SGI,6,35,10,569.00,"5,690.00"
2020-11-12,2020111204016684,SGI,6,42,10,569.00,"5,690.00"
2020-11-12,2020111204016682,SGI,14,45,10,570.00,"5,700.00"
2020-11-12,2020111204016681,SGI,14,58,10,570.00,"5,700.00"
2020-11-12,2020111204016680,SGI,6,32,10,569.00,"5,690.00"
2020-11-12,2020111204016678,SGI,16,47,10,570.00,"5,700.00"
2020-11-12,2020111204016674,SGI,16,52,10,570.00,"5,700.00"
2020-11-12,2020111204016691,SGI,6,44,10,569.00,"5,690.00"
2020-11-12,2020111204016690,SGI,6,45,10,569.00,"5,690.00"
2020-11-12,2020111204016689,SGI,6,58,10,569.00,"5,690.00"
2020-11-12,2020111204016687,SGI,6,38,10,569.00,"5,690.00"
2020-11-12,2020111204016686,SGI,6,44,10,569.00,"5,690.00"
2020-11-12,2020111204016685,SGI,6,16,10,569.00,"5,690.00"
2020-11-12,2020111204016699,SGI,6,50,10,569.00,"5,690.00"
2020-11-12,2020111204016698,SGI,6,17,10,569.00,"5,690.00"
2020-11-12,2020111204016697,SGI,6,46,10,569.00,"5,690.00"
2020-11-12,2020111204016695,SGI,6,47,10,569.00,"5,690.00"
2020-11-12,2020111204016693,SGI,6,38,10,569.00,"5,690.00"
2020-11-12,2020111204016692,SGI,6,32,10,569.00,"5,690.00"
2020-11-12,2020111204016708,SGI,6,42,10,569.00,"5,690.00"
2020-11-12,2020111204016704,SGI,6,58,10,569.00,"5,690.00"
2020-11-12,2020111204016703,SGI,6,38,10,569.00,"5,690.00"
2020-11-12,2020111204016702,SGI,6,42,10,569.00,"5,690.00"
2020-11-12,2020111204016701,SGI,6,16,10,569.00,"5,690.00"
2020-11-12,2020111204016700,SGI,6,38,10,569.00,"5,690.00"
2020-11-12,2020111204016715,SGI,6,17,10,569.00,"5,690.00"
2020-11-12,2020111204016714,SGI,6,16,10,569.00,"5,690.00"
2020-11-12,2020111204016713,SGI,6,44,10,569.00,"5,690.00"
2020-11-12,2020111204016711,SGI,6,45,10,569.00,"5,690.00"
2020-11-12,2020111204016710,SGI,6,38,10,569.00,"5,690.00"
2020-11-12,2020111204016709,SGI,6,32,10,569.00,"5,690.00"
2020-11-12,2020111204016721,SGI,16,53,10,570.00,"5,700.00"
2020-11-12,2020111204016720,SGI,16,58,10,570.00,"5,700.00"
2020-11-12,2020111204016719,SGI,16,52,10,570.00,"5,700.00"
2020-11-12,2020111204016718,SGI,16,47,10,570.00,"5,700.00"
2020-11-12,2020111204016717,SGI,6,42,10,569.00,"5,690.00"
2020-11-12,2020111204016716,SGI,6,38,10,569.00,"5,690.00"
2020-11-12,2020111204016729,SGI,51,29,10,570.00,"5,700.00"
2020-11-12,2020111204016728,SGI,51,53,10,570.00,"5,700.00"
2020-11-12,2020111204016727,SGI,6,52,10,569.00,"5,690.00"
2020-11-12,2020111204016724,SGI,6,38,10,569.00,"5,690.00"
2020-11-12,2020111204016723,SGI,6,46,10,569.00,"5,690.00"
2020-11-12,2020111204016722,SGI,16,21,10,570.00,"5,700.00"
2020-11-12,2020111204016737,SGI,51,45,10,570.00,"5,700.00"
2020-11-12,2020111204016736,SGI,51,38,10,570.00,"5,700.00"
2020-11-12,2020111204016735,SGI,51,11,10,570.00,"5,700.00"
2020-11-12,2020111204016734,SGI,51,57,10,570.00,"5,700.00"
2020-11-12,2020111204016732,SGI,51,38,10,570.00,"5,700.00"
2020-11-12,2020111204016731,SGI,51,38,10,570.00,"5,700.00"
2020-11-12,2020111204016744,SGI,51,38,10,570.00,"5,700.00"
2020-11-12,2020111204016743,SGI,51,42,10,570.00,"5,700.00"
2020-11-12,2020111204016742,SGI,51,1,10,570.00,"5,700.00"
2020-11-12,2020111204016741,SGI,51,46,10,570.00,"5,700.00"
2020-11-12,2020111204016740,SGI,51,38,10,570.00,"5,700.00"
2020-11-12,2020111204016739,SGI,51,41,10,570.00,"5,700.00"
2020-11-12,2020111204016752,SGI,51,32,10,570.00,"5,700.00"
2020-11-12,2020111204016750,SGI,51,17,10,570.00,"5,700.00"
2020-11-12,2020111204016749,SGI,51,49,10,570.00,"5,700.00"
2020-11-12,2020111204016747,SGI,51,38,10,570.00,"5,700.00"
2020-11-12,2020111204016746,SGI,51,38,10,570.00,"5,700.00"
2020-11-12,2020111204016745,SGI,51,57,10,570.00,"5,700.00"
2020-11-12,2020111204016760,SGI,47,52,10,570.00,"5,700.00"
2020-11-12,2020111204016759,SGI,47,11,10,570.00,"5,700.00"
2020-11-12,2020111204016758,SGI,6,44,10,569.00,"5,690.00"
2020-11-12,2020111204016755,SGI,6,17,10,569.00,"5,690.00"
2020-11-12,2020111204016754,SGI,51,38,10,570.00,"5,700.00"
2020-11-12,2020111204016753,SGI,51,45,10,570.00,"5,700.00"
2020-11-12,2020111204016766,SGI,47,49,10,571.00,"5,710.00"
2020-11-12,2020111204016765,SGI,47,37,10,571.00,"5,710.00"
2020-11-12,2020111204016764,SGI,47,28,10,571.00,"5,710.00"
2020-11-12,2020111204016763,SGI,47,54,10,571.00,"5,710.00"
2020-11-12,2020111204016762,SGI,47,58,10,571.00,"5,710.00"
2020-11-12,2020111204016761,SGI,47,42,10,570.00,"5,700.00"
2020-11-12,2020111204016774,SGI,45,46,10,570.00,"5,700.00"
2020-11-12,2020111204016771,SGI,6,17,10,569.00,"5,690.00"
2020-11-12,2020111204016770,SGI,6,38,10,569.00,"5,690.00"
2020-11-12,2020111204016769,SGI,47,58,10,571.00,"5,710.00"
2020-11-12,2020111204016768,SGI,47,42,10,571.00,"5,710.00"
2020-11-12,2020111204016767,SGI,47,4,10,571.00,"5,710.00"
2020-11-12,2020111204016780,SGI,45,34,10,570.00,"5,700.00"
2020-11-12,2020111204016779,SGI,45,17,10,570.00,"5,700.00"
2020-11-12,2020111204016778,SGI,45,47,10,570.00,"5,700.00"
2020-11-12,2020111204016777,SGI,45,32,10,570.00,"5,700.00"
2020-11-12,2020111204016776,SGI,45,49,10,570.00,"5,700.00"
2020-11-12,2020111204016775,SGI,45,38,10,570.00,"5,700.00"
2020-11-12,2020111204016795,SGI,45,47,10,570.00,"5,700.00"
2020-11-12,2020111204016792,SGI,45,17,10,570.00,"5,700.00"
2020-11-12,2020111204016789,SGI,45,38,10,570.00,"5,700.00"
2020-11-12,2020111204016788,SGI,45,44,10,570.00,"5,700.00"
2020-11-12,2020111204016786,SGI,45,46,10,570.00,"5,700.00"
2020-11-12,2020111204016783,SGI,45,38,10,570.00,"5,700.00"
2020-11-12,2020111204016801,SGI,45,44,10,570.00,"5,700.00"
2020-11-12,2020111204016800,SGI,45,42,10,570.00,"5,700.00"
2020-11-12,2020111204016799,SGI,45,34,10,570.00,"5,700.00"
2020-11-12,2020111204016798,SGI,45,56,10,570.00,"5,700.00"
2020-11-12,2020111204016797,SGI,45,32,10,570.00,"5,700.00"
2020-11-12,2020111204016796,SGI,45,52,10,570.00,"5,700.00"
2020-11-12,2020111204016812,SGI,45,38,10,570.00,"5,700.00"
2020-11-12,2020111204016808,SGI,45,52,10,570.00,"5,700.00"
2020-11-12,2020111204016807,SGI,45,47,10,570.00,"5,700.00"
2020-11-12,2020111204016806,SGI,45,49,10,570.00,"5,700.00"
2020-11-12,2020111204016804,SGI,45,17,10,570.00,"5,700.00"
2020-11-12,2020111204016803,SGI,45,38,10,570.00,"5,700.00"
2020-11-12,2020111204016821,SGI,42,41,10,570.00,"5,700.00"
2020-11-12,2020111204016820,SGI,42,29,10,570.00,"5,700.00"
2020-11-12,2020111204016819,SGI,42,38,10,570.00,"5,700.00"
2020-11-12,2020111204016817,SGI,42,45,10,570.00,"5,700.00"
2020-11-12,2020111204016816,SGI,42,34,10,570.00,"5,700.00"
2020-11-12,2020111204016814,SGI,42,56,10,570.00,"5,700.00"
2020-11-12,2020111204016829,SGI,42,58,10,570.00,"5,700.00"
2020-11-12,2020111204016827,SGI,42,42,10,570.00,"5,700.00"
2020-11-12,2020111204016826,SGI,42,46,10,570.00,"5,700.00"
2020-11-12,2020111204016825,SGI,42,49,10,570.00,"5,700.00"
2020-11-12,2020111204016823,SGI,42,17,10,570.00,"5,700.00"
2020-11-12,2020111204016822,SGI,42,44,10,570.00,"5,700.00"
2020-11-12,2020111204016836,SGI,19,56,10,570.00,"5,700.00"
2020-11-12,2020111204016835,SGI,19,38,10,570.00,"5,700.00"
2020-11-12,2020111204016834,SGI,19,52,10,570.00,"5,700.00"
2020-11-12,2020111204016832,SGI,19,35,10,570.00,"5,700.00"
2020-11-12,2020111204016831,SGI,19,29,10,570.00,"5,700.00"
2020-11-12,2020111204016830,SGI,19,20,10,570.00,"5,700.00"
2020-11-12,2020111204016844,SGI,19,46,10,570.00,"5,700.00"
2020-11-12,2020111204016843,SGI,19,29,10,570.00,"5,700.00"
2020-11-12,2020111204016842,SGI,19,38,10,570.00,"5,700.00"
2020-11-12,2020111204016839,SGI,19,39,10,570.00,"5,700.00"
2020-11-12,2020111204016838,SGI,19,26,10,570.00,"5,700.00"
2020-11-12,2020111204016837,SGI,19,16,10,570.00,"5,700.00"
2020-11-12,2020111204016850,SGI,14,58,10,571.00,"5,710.00"
2020-11-12,2020111204016849,SGI,14,45,10,571.00,"5,710.00"
2020-11-12,2020111204016848,SGI,14,38,10,571.00,"5,710.00"
2020-11-12,2020111204016847,SGI,14,25,10,571.00,"5,710.00"
2020-11-12,2020111204016846,SGI,14,8,10,571.00,"5,710.00"
2020-11-12,2020111204016845,SGI,14,51,10,571.00,"5,710.00"
2020-11-12,2020111204016858,SGI,19,44,10,570.00,"5,700.00"
2020-11-12,2020111204016857,SGI,19,58,10,570.00,"5,700.00"
2020-11-12,2020111204016854,SGI,14,45,10,571.00,"5,710.00"
2020-11-12,2020111204016853,SGI,14,21,10,571.00,"5,710.00"
2020-11-12,2020111204016852,SGI,14,45,10,571.00,"5,710.00"
2020-11-12,2020111204016851,SGI,14,41,10,571.00,"5,710.00"
2020-11-12,2020111204016868,SGI,19,46,10,570.00,"5,700.00"
2020-11-12,2020111204016866,SGI,19,47,10,570.00,"5,700.00"
2020-11-12,2020111204016865,SGI,19,48,10,570.00,"5,700.00"
2020-11-12,2020111204016864,SGI,19,29,10,570.00,"5,700.00"
2020-11-12,2020111204016863,SGI,19,48,10,570.00,"5,700.00"
2020-11-12,2020111204016860,SGI,19,42,10,570.00,"5,700.00"
2020-11-12,2020111204016876,SGI,6,6,200,570.00,"114,000.00"
2020-11-12,2020111204016875,SGI,42,6,80,570.00,"45,600.00"
2020-11-12,2020111204016874,SGI,19,6,270,570.00,"153,900.00"
2020-11-12,2020111204016873,SGI,19,17,10,570.00,"5,700.00"
2020-11-12,2020111204016870,SGI,19,52,10,570.00,"5,700.00"
2020-11-12,2020111204016869,SGI,19,48,10,570.00,"5,700.00"
2020-11-12,2020111204016883,SGI,16,6,70,570.00,"39,900.00"
2020-11-12,2020111204016882,SGI,34,6,10,570.00,"5,700.00"
2020-11-12,2020111204016881,SGI,45,6,100,570.00,"57,000.00"
2020-11-12,2020111204016879,SGI,34,6,50,570.00,"28,500.00"
2020-11-12,2020111204016878,SGI,48,6,50,570.00,"28,500.00"
2020-11-12,2020111204016877,SGI,17,6,400,570.00,"228,000.00"
2020-11-12,2020111204016891,SGI,34,6,10,570.00,"5,700.00"
2020-11-12,2020111204016890,SGI,6,38,10,569.00,"5,690.00"
2020-11-12,2020111204016889,SGI,6,29,10,569.00,"5,690.00"
2020-11-12,2020111204016888,SGI,38,6,10,570.00,"5,700.00"
2020-11-12,2020111204016887,SGI,6,52,10,569.00,"5,690.00"
2020-11-12,2020111204016884,SGI,6,38,10,569.00,"5,690.00"
2020-11-12,2020111204016899,SGI,6,57,10,569.00,"5,690.00"
2020-11-12,2020111204016898,SGI,6,58,10,569.00,"5,690.00"
2020-11-12,2020111204016895,SGI,47,6,100,570.00,"57,000.00"
2020-11-12,2020111204016894,SGI,6,38,10,569.00,"5,690.00"
2020-11-12,2020111204016893,SGI,6,44,10,569.00,"5,690.00"
2020-11-12,2020111204016892,SGI,6,29,10,569.00,"5,690.00"
2020-11-12,2020111204016906,SGI,6,17,10,569.00,"5,690.00"
2020-11-12,2020111204016905,SGI,34,6,10,570.00,"5,700.00"
2020-11-12,2020111204016904,SGI,6,29,10,569.00,"5,690.00"
2020-11-12,2020111204016903,SGI,6,49,10,569.00,"5,690.00"
2020-11-12,2020111204016902,SGI,6,57,10,569.00,"5,690.00"
2020-11-12,2020111204016900,SGI,6,1,10,569.00,"5,690.00"
2020-11-12,2020111204016928,SGI,6,45,10,569.00,"5,690.00"
2020-11-12,2020111204016927,SGI,6,21,10,569.00,"5,690.00"
2020-11-12,2020111204016926,SGI,6,25,10,569.00,"5,690.00"
2020-11-12,2020111204016910,SGI,6,8,10,569.00,"5,690.00"
2020-11-12,2020111204016909,SGI,6,38,10,569.00,"5,690.00"
2020-11-12,2020111204016907,SGI,6,5,10,569.00,"5,690.00"
2020-11-12,2020111204016935,SGI,6,42,10,569.00,"5,690.00"
2020-11-12,2020111204016934,SGI,6,52,10,569.00,"5,690.00"
2020-11-12,2020111204016933,SGI,6,47,10,569.00,"5,690.00"
2020-11-12,2020111204016932,SGI,6,1,10,569.00,"5,690.00"
2020-11-12,2020111204016930,SGI,6,38,10,569.00,"5,690.00"
2020-11-12,2020111204016929,SGI,6,58,10,569.00,"5,690.00"
2020-11-12,2020111204016941,SGI,6,58,10,569.00,"5,690.00"
2020-11-12,2020111204016940,SGI,6,47,10,569.00,"5,690.00"
2020-11-12,2020111204016939,SGI,6,47,10,569.00,"5,690.00"
2020-11-12,2020111204016938,SGI,6,49,10,569.00,"5,690.00"
2020-11-12,2020111204016937,SGI,34,6,10,570.00,"5,700.00"
2020-11-12,2020111204016936,SGI,6,8,10,569.00,"5,690.00"
2020-11-12,2020111204016952,SGI,6,29,10,569.00,"5,690.00"
2020-11-12,2020111204016950,SGI,6,47,10,569.00,"5,690.00"
2020-11-12,2020111204016948,SGI,6,42,10,569.00,"5,690.00"
2020-11-12,2020111204016947,SGI,6,52,10,569.00,"5,690.00"
2020-11-12,2020111204016946,SGI,6,8,10,569.00,"5,690.00"
2020-11-12,2020111204016944,SGI,6,42,10,569.00,"5,690.00"
2020-11-12,2020111204016960,SGI,6,19,10,569.00,"5,690.00"
2020-11-12,2020111204016959,SGI,6,8,10,569.00,"5,690.00"
2020-11-12,2020111204016957,SGI,6,47,10,569.00,"5,690.00"
2020-11-12,2020111204016956,SGI,28,6,20,570.00,"11,400.00"
2020-11-12,2020111204016955,SGI,6,41,10,569.00,"5,690.00"
2020-11-12,2020111204016953,SGI,34,6,10,570.00,"5,700.00"
2020-11-12,2020111204016966,SGI,8,41,10,570.00,"5,700.00"
2020-11-12,2020111204016965,SGI,8,26,10,570.00,"5,700.00"
2020-11-12,2020111204016964,SGI,8,47,10,570.00,"5,700.00"
2020-11-12,2020111204016963,SGI,8,29,10,570.00,"5,700.00"
2020-11-12,2020111204016962,SGI,8,6,"1,145",570.00,"652,650.00"
2020-11-12,2020111204016961,SGI,6,55,10,569.00,"5,690.00"
2020-11-12,2020111204016972,SGI,8,21,10,570.00,"5,700.00"
2020-11-12,2020111204016971,SGI,8,38,10,570.00,"5,700.00"
2020-11-12,2020111204016970,SGI,8,42,10,570.00,"5,700.00"
2020-11-12,2020111204016969,SGI,8,14,10,570.00,"5,700.00"
2020-11-12,2020111204016968,SGI,8,4,10,570.00,"5,700.00"
2020-11-12,2020111204016967,SGI,8,39,10,570.00,"5,700.00"
2020-11-12,2020111204016978,SGI,8,58,10,570.00,"5,700.00"
2020-11-12,2020111204016977,SGI,8,38,10,570.00,"5,700.00"
2020-11-12,2020111204016976,SGI,8,45,10,570.00,"5,700.00"
2020-11-12,2020111204016975,SGI,8,55,10,570.00,"5,700.00"
2020-11-12,2020111204016974,SGI,8,39,10,570.00,"5,700.00"
2020-11-12,2020111204016973,SGI,8,54,10,570.00,"5,700.00"
2020-11-12,2020111204016984,SGI,8,13,10,570.00,"5,700.00"
2020-11-12,2020111204016983,SGI,8,45,10,570.00,"5,700.00"
2020-11-12,2020111204016982,SGI,8,40,10,570.00,"5,700.00"
2020-11-12,2020111204016981,SGI,8,41,10,570.00,"5,700.00"
2020-11-12,2020111204016980,SGI,8,21,10,570.00,"5,700.00"
2020-11-12,2020111204016979,SGI,8,38,10,570.00,"5,700.00"
2020-11-12,2020111204016990,SGI,8,42,10,570.00,"5,700.00"
2020-11-12,2020111204016989,SGI,8,33,10,570.00,"5,700.00"
2020-11-12,2020111204016988,SGI,8,29,10,570.00,"5,700.00"
2020-11-12,2020111204016987,SGI,8,29,10,570.00,"5,700.00"
2020-11-12,2020111204016986,SGI,8,43,10,570.00,"5,700.00"
2020-11-12,2020111204016985,SGI,8,21,10,570.00,"5,700.00"
2020-11-12,2020111204016996,SGI,8,58,10,570.00,"5,700.00"
2020-11-12,2020111204016995,SGI,8,42,10,570.00,"5,700.00"
2020-11-12,2020111204016994,SGI,8,42,10,570.00,"5,700.00"
2020-11-12,2020111204016993,SGI,8,28,10,570.00,"5,700.00"
2020-11-12,2020111204016992,SGI,8,17,10,570.00,"5,700.00"
2020-11-12,2020111204016991,SGI,8,51,10,570.00,"5,700.00"
2020-11-12,2020111204017004,SGI,8,21,10,570.00,"5,700.00"
2020-11-12,2020111204017003,SGI,8,17,10,570.00,"5,700.00"
2020-11-12,2020111204017002,SGI,8,41,10,570.00,"5,700.00"
2020-11-12,2020111204017001,SGI,8,39,10,570.00,"5,700.00"
2020-11-12,2020111204016999,SGI,8,8,10,570.00,"5,700.00"
2020-11-12,2020111204016997,SGI,8,49,10,570.00,"5,700.00"
2020-11-12,2020111204017014,SGI,8,34,10,570.00,"5,700.00"
2020-11-12,2020111204017013,SGI,8,52,10,570.00,"5,700.00"
2020-11-12,2020111204017012,SGI,8,8,10,570.00,"5,700.00"
2020-11-12,2020111204017011,SGI,8,47,10,570.00,"5,700.00"
2020-11-12,2020111204017009,SGI,8,42,10,570.00,"5,700.00"
2020-11-12,2020111204017005,SGI,8,8,10,570.00,"5,700.00"
2020-11-12,2020111204017021,SGI,8,29,10,570.00,"5,700.00"
2020-11-12,2020111204017020,SGI,8,58,10,570.00,"5,700.00"
2020-11-12,2020111204017018,SGI,8,21,10,570.00,"5,700.00"
2020-11-12,2020111204017017,SGI,8,49,10,570.00,"5,700.00"
2020-11-12,2020111204017016,SGI,8,21,10,570.00,"5,700.00"
2020-11-12,2020111204017015,SGI,8,1,10,570.00,"5,700.00"
2020-11-12,2020111204017027,SGI,8,42,10,570.00,"5,700.00"
2020-11-12,2020111204017026,SGI,8,21,10,570.00,"5,700.00"
2020-11-12,2020111204017025,SGI,8,34,10,570.00,"5,700.00"
2020-11-12,2020111204017024,SGI,8,42,10,570.00,"5,700.00"
2020-11-12,2020111204017023,SGI,8,44,10,570.00,"5,700.00"
2020-11-12,2020111204017022,SGI,8,8,10,570.00,"5,700.00"
2020-11-12,2020111204017037,SGI,8,53,10,570.00,"5,700.00"
2020-11-12,2020111204017036,SGI,8,52,10,570.00,"5,700.00"
2020-11-12,2020111204017035,SGI,8,42,10,570.00,"5,700.00"
2020-11-12,2020111204017031,SGI,8,51,10,570.00,"5,700.00"
2020-11-12,2020111204017029,SGI,8,49,10,570.00,"5,700.00"
2020-11-12,2020111204017028,SGI,8,58,10,570.00,"5,700.00"
2020-11-12,2020111204017044,SGI,34,58,10,571.00,"5,710.00"
2020-11-12,2020111204017043,SGI,8,58,10,570.00,"5,700.00"
2020-11-12,2020111204017042,SGI,8,29,10,570.00,"5,700.00"
2020-11-12,2020111204017041,SGI,8,25,10,570.00,"5,700.00"
2020-11-12,2020111204017040,SGI,8,32,10,570.00,"5,700.00"
2020-11-12,2020111204017039,SGI,8,1,10,570.00,"5,700.00"
2020-11-12,2020111204017056,SGI,8,58,10,570.00,"5,700.00"
2020-11-12,2020111204017055,SGI,8,17,10,570.00,"5,700.00"
2020-11-12,2020111204017051,SGI,8,35,10,570.00,"5,700.00"
2020-11-12,2020111204017047,SGI,8,42,10,570.00,"5,700.00"
2020-11-12,2020111204017046,SGI,8,42,10,570.00,"5,700.00"
2020-11-12,2020111204017045,SGI,8,36,10,570.00,"5,700.00"
2020-11-12,2020111204017063,SGI,8,52,10,570.00,"5,700.00"
2020-11-12,2020111204017062,SGI,8,32,10,570.00,"5,700.00"
2020-11-12,2020111204017061,SGI,8,10,10,570.00,"5,700.00"
2020-11-12,2020111204017059,SGI,8,53,10,570.00,"5,700.00"
2020-11-12,2020111204017058,SGI,8,41,10,570.00,"5,700.00"
2020-11-12,2020111204017057,SGI,8,47,10,570.00,"5,700.00"
2020-11-12,2020111204017070,SGI,8,58,10,570.00,"5,700.00"
2020-11-12,2020111204017069,SGI,8,21,10,570.00,"5,700.00"
2020-11-12,2020111204017067,SGI,8,47,10,570.00,"5,700.00"
2020-11-12,2020111204017066,SGI,47,45,10,571.00,"5,710.00"
2020-11-12,2020111204017065,SGI,47,21,10,571.00,"5,710.00"
2020-11-12,2020111204017064,SGI,8,42,10,570.00,"5,700.00"
2020-11-12,2020111204017078,SGI,21,34,10,570.00,"5,700.00"
2020-11-12,2020111204017077,SGI,35,29,10,571.00,"5,710.00"
2020-11-12,2020111204017076,SGI,35,21,10,571.00,"5,710.00"
2020-11-12,2020111204017073,SGI,21,58,10,570.00,"5,700.00"
2020-11-12,2020111204017072,SGI,21,47,10,570.00,"5,700.00"
2020-11-12,2020111204017071,SGI,21,58,10,570.00,"5,700.00"
2020-11-12,2020111204017084,SGI,21,42,10,570.00,"5,700.00"
2020-11-12,2020111204017083,SGI,21,47,10,570.00,"5,700.00"
2020-11-12,2020111204017082,SGI,21,21,10,570.00,"5,700.00"
2020-11-12,2020111204017081,SGI,21,19,10,570.00,"5,700.00"
2020-11-12,2020111204017080,SGI,21,8,10,570.00,"5,700.00"
2020-11-12,2020111204017079,SGI,21,41,10,570.00,"5,700.00"
2020-11-12,2020111204017090,SGI,34,58,10,570.00,"5,700.00"
2020-11-12,2020111204017089,SGI,21,47,10,570.00,"5,700.00"
2020-11-12,2020111204017088,SGI,21,38,10,570.00,"5,700.00"
2020-11-12,2020111204017087,SGI,21,53,10,570.00,"5,700.00"
2020-11-12,2020111204017086,SGI,21,49,10,570.00,"5,700.00"
2020-11-12,2020111204017085,SGI,21,13,10,570.00,"5,700.00"
2020-11-12,2020111204017099,SGI,25,21,10,571.00,"5,710.00"
2020-11-12,2020111204017097,SGI,32,38,10,570.00,"5,700.00"
2020-11-12,2020111204017095,SGI,32,21,10,570.00,"5,700.00"
2020-11-12,2020111204017094,SGI,32,21,10,570.00,"5,700.00"
2020-11-12,2020111204017092,SGI,32,34,10,570.00,"5,700.00"
2020-11-12,2020111204017091,SGI,32,8,10,570.00,"5,700.00"
2020-11-12,2020111204017105,SGI,25,21,10,571.00,"5,710.00"
2020-11-12,2020111204017104,SGI,25,21,10,571.00,"5,710.00"
2020-11-12,2020111204017103,SGI,25,58,10,571.00,"5,710.00"
2020-11-12,2020111204017102,SGI,25,21,10,571.00,"5,710.00"
2020-11-12,2020111204017101,SGI,25,52,10,571.00,"5,710.00"
2020-11-12,2020111204017100,SGI,25,21,10,571.00,"5,710.00"
2020-11-12,2020111204017111,SGI,25,45,10,571.00,"5,710.00"
2020-11-12,2020111204017110,SGI,25,56,10,571.00,"5,710.00"
2020-11-12,2020111204017109,SGI,25,21,10,571.00,"5,710.00"
2020-11-12,2020111204017108,SGI,25,58,10,571.00,"5,710.00"
2020-11-12,2020111204017107,SGI,25,21,10,571.00,"5,710.00"
2020-11-12,2020111204017106,SGI,25,21,10,571.00,"5,710.00"
2020-11-12,2020111204017117,SGI,25,42,10,571.00,"5,710.00"
2020-11-12,2020111204017116,SGI,25,55,10,571.00,"5,710.00"
2020-11-12,2020111204017115,SGI,25,42,10,571.00,"5,710.00"
2020-11-12,2020111204017114,SGI,25,21,10,571.00,"5,710.00"
2020-11-12,2020111204017113,SGI,25,55,10,571.00,"5,710.00"
2020-11-12,2020111204017112,SGI,25,58,10,571.00,"5,710.00"
2020-11-12,2020111204017123,SGI,32,44,10,570.00,"5,700.00"
2020-11-12,2020111204017122,SGI,32,38,10,570.00,"5,700.00"
2020-11-12,2020111204017121,SGI,32,29,10,570.00,"5,700.00"
2020-11-12,2020111204017120,SGI,25,43,10,571.00,"5,710.00"
2020-11-12,2020111204017119,SGI,25,57,10,571.00,"5,710.00"
2020-11-12,2020111204017118,SGI,25,38,10,571.00,"5,710.00"
2020-11-12,2020111204017130,SGI,22,1,10,571.00,"5,710.00"
2020-11-12,2020111204017129,SGI,22,35,10,571.00,"5,710.00"
2020-11-12,2020111204017128,SGI,22,38,10,571.00,"5,710.00"
2020-11-12,2020111204017127,SGI,22,34,10,571.00,"5,710.00"
2020-11-12,2020111204017126,SGI,22,58,10,571.00,"5,710.00"
2020-11-12,2020111204017124,SGI,32,41,10,570.00,"5,700.00"
2020-11-12,2020111204016668,SRBLD83,17,5,10,"1,072.00","10,720.00"
2020-11-12,2020111204016191,BBC,34,50,30,"2,752.00","82,560.00"
2020-11-12,2020111204016169,BBC,34,50,30,"2,752.00","82,560.00"
2020-11-12,2020111204016156,BBC,34,17,20,"2,752.00","55,040.00"
2020-11-12,2020111204016145,BBC,34,22,100,"2,752.00","275,200.00"
2020-11-12,2020111204016637,GIC,35,58,10,534.00,"5,340.00"
2020-11-12,2020111204016635,GIC,35,58,10,534.00,"5,340.00"
2020-11-12,2020111204016632,GIC,35,43,10,534.00,"5,340.00"
2020-11-12,2020111204016621,GIC,35,34,10,534.00,"5,340.00"
2020-11-12,2020111204016618,GIC,35,38,10,534.00,"5,340.00"
2020-11-12,2020111204016609,GIC,35,42,10,534.00,"5,340.00"
2020-11-12,2020111204016149,GIC,19,34,10,534.00,"5,340.00"
2020-11-12,2020111204016144,GIC,19,39,10,534.00,"5,340.00"
2020-11-12,2020111204016195,GIC,19,41,10,534.00,"5,340.00"
2020-11-12,2020111204016161,GIC,26,52,170,535.00,"90,950.00"
2020-11-12,2020111204016160,GIC,26,54,10,535.00,"5,350.00"
2020-11-12,2020111204016159,GIC,26,46,10,535.00,"5,350.00"
2020-11-12,2020111204016158,GIC,26,20,10,535.00,"5,350.00"
2020-11-12,2020111204016154,GIC,19,4,10,534.00,"5,340.00"
2020-11-12,2020111204016256,GIC,19,26,10,534.00,"5,340.00"
2020-11-12,2020111204016253,GIC,42,52,10,535.00,"5,350.00"
2020-11-12,2020111204016231,GIC,19,35,10,534.00,"5,340.00"
2020-11-12,2020111204016209,GIC,19,47,10,534.00,"5,340.00"
2020-11-12,2020111204016204,GIC,19,49,10,534.00,"5,340.00"
2020-11-12,2020111204016203,GIC,19,58,10,534.00,"5,340.00"
2020-11-12,2020111204016281,GIC,19,29,10,534.00,"5,340.00"
2020-11-12,2020111204016280,GIC,4,52,10,535.00,"5,350.00"
2020-11-12,2020111204016274,GIC,19,29,10,534.00,"5,340.00"
2020-11-12,2020111204016269,GIC,19,29,10,534.00,"5,340.00"
2020-11-12,2020111204016268,GIC,19,47,10,534.00,"5,340.00"
2020-11-12,2020111204016261,GIC,19,29,10,534.00,"5,340.00"
2020-11-12,2020111204016368,GIC,19,28,10,534.00,"5,340.00"
2020-11-12,2020111204016350,GIC,19,50,10,534.00,"5,340.00"
2020-11-12,2020111204016344,GIC,19,17,10,534.00,"5,340.00"
2020-11-12,2020111204016341,GIC,19,19,10,534.00,"5,340.00"
2020-11-12,2020111204016321,GIC,19,58,10,534.00,"5,340.00"
2020-11-12,2020111204016314,GIC,19,56,10,534.00,"5,340.00"
2020-11-12,2020111204016396,GIC,19,49,10,534.00,"5,340.00"
2020-11-12,2020111204016395,GIC,19,32,10,534.00,"5,340.00"
2020-11-12,2020111204016393,GIC,44,52,300,535.00,"160,500.00"
2020-11-12,2020111204016391,GIC,19,29,10,534.00,"5,340.00"
2020-11-12,2020111204016386,GIC,19,56,10,534.00,"5,340.00"
2020-11-12,2020111204016382,GIC,19,7,10,534.00,"5,340.00"
2020-11-12,2020111204016427,GIC,35,16,90,534.00,"48,060.00"
2020-11-12,2020111204016426,GIC,34,16,10,534.00,"5,340.00"
2020-11-12,2020111204016425,GIC,16,16,200,534.00,"106,800.00"
2020-11-12,2020111204016423,GIC,19,35,10,534.00,"5,340.00"
2020-11-12,2020111204016422,GIC,19,38,10,534.00,"5,340.00"
2020-11-12,2020111204016412,GIC,57,52,100,535.00,"53,500.00"
2020-11-12,2020111204016514,GIC,35,38,10,534.00,"5,340.00"
2020-11-12,2020111204016510,GIC,35,39,10,534.00,"5,340.00"
2020-11-12,2020111204016504,GIC,35,52,10,534.00,"5,340.00"
2020-11-12,2020111204016451,GIC,35,42,10,534.00,"5,340.00"
2020-11-12,2020111204016442,GIC,35,42,10,534.00,"5,340.00"
2020-11-12,2020111204016439,GIC,35,44,10,534.00,"5,340.00"
2020-11-12,2020111204016603,GIC,35,36,10,534.00,"5,340.00"
2020-11-12,2020111204016602,GIC,35,39,10,534.00,"5,340.00"
2020-11-12,2020111204016565,GIC,35,39,10,534.00,"5,340.00"
2020-11-12,2020111204016559,GIC,35,43,10,534.00,"5,340.00"
2020-11-12,2020111204016556,GIC,35,38,10,534.00,"5,340.00"
2020-11-12,2020111204016546,GIC,35,47,88,534.00,"46,992.00"
2020-11-12,2020111204016349,GIMES1,50,38,500,10.97,"5,485.00"
2020-11-12,2020111204016322,GIMES1,51,34,"4,000",10.82,"43,280.00"
2020-11-12,2020111204016299,GIMES1,50,1,400,10.81,"4,324.00"
2020-11-12,2020111204016626,LUK,58,57,100,10.10,"1,010.00"
2020-11-12,2020111204016558,LUK,58,50,500,10.10,"5,050.00"
2020-11-12,2020111204016499,LUK,58,54,100,10.10,"1,010.00"
2020-11-12,2020111204016446,LUK,58,58,100,10.10,"1,010.00"
2020-11-12,2020111204016388,LUK,58,38,400,10.10,"4,040.00"
2020-11-12,2020111204016355,LUK,58,38,300,10.10,"3,030.00"
2020-11-12,2020111204016168,LUK,58,6,"10,000",10.10,"101,000.00"
2020-11-12,2020111204016342,LUK,58,38,300,10.10,"3,030.00"
2020-11-12,2020111204016337,LUK,58,42,"1,000",10.10,"10,100.00"
2020-11-12,2020111204016326,LUK,58,38,200,10.10,"2,020.00"
2020-11-12,2020111204016325,LUK,58,38,300,10.10,"3,030.00"
2020-11-12,2020111204016282,LUK,58,6,500,10.10,"5,050.00"
2020-11-12,2020111204016187,LUK,58,28,"1,000",10.10,"10,100.00"
2020-11-12,2020111204016629,NBF2,50,35,100,10.00,"1,000.00"
2020-11-12,2020111204016354,NBF2,54,46,500,9.92,"4,960.00"
2020-11-12,2020111204016353,NBF2,54,46,"1,000",9.92,"9,920.00"
2020-11-12,2020111204016276,NBF2,45,6,"2,900",9.91,"28,739.00"
2020-11-12,2020111204016183,NBF2,45,40,"10,000",9.91,"99,100.00"
2020-11-12,2020111204016347,NEF,1,38,"13,256",10.00,"132,560.00"
2020-11-12,2020111204016346,NEF,42,38,"1,744",10.02,"17,474.88"
2020-11-12,2020111204016420,NIBLPF,19,51,100,10.25,"1,025.00"
2020-11-12,2020111204016539,NIBPO,28,34,"3,000",377.00,"1,131,000.00"
2020-11-12,2020111204016407,NIBPO,28,22,300,378.00,"113,400.00"
2020-11-12,2020111204016406,NIBPO,28,55,500,378.00,"189,000.00"
2020-11-12,2020111204016405,NIBPO,28,6,"1,000",378.00,"378,000.00"
2020-11-12,2020111204016404,NIBPO,28,55,500,377.00,"188,500.00"
2020-11-12,2020111204016403,NIBPO,28,8,200,377.00,"75,400.00"
2020-11-12,2020111204016402,NIBPO,28,51,500,376.00,"188,000.00"
2020-11-12,2020111204016356,NIBPO,13,20,90,376.00,"33,840.00"
2020-11-12,2020111204016313,NIBPO,6,20,410,376.00,"154,160.00"
2020-11-12,2020111204016312,NIBPO,6,34,500,376.00,"188,000.00"
2020-11-12,2020111204016311,NIBPO,6,40,150,376.00,"56,400.00"
2020-11-12,2020111204016540,NIBSF1,35,8,"2,500",10.65,"26,625.00"
2020-11-12,2020111204016246,NIBSF1,33,28,"4,000",10.65,"42,600.00"
2020-11-12,2020111204016381,NICBF,33,4,"5,000",10.06,"50,300.00"
2020-11-12,2020111204016538,NMBHF1,54,51,"1,248",10.15,"12,667.20"
2020-11-12,2020111204016537,NMBHF1,54,6,664,10.14,"6,732.96"
2020-11-12,2020111204016523,NMBHF1,47,45,"12,619",10.08,"127,199.52"
2020-11-12,2020111204016522,NMBHF1,54,6,"2,000",10.14,"20,280.00"
2020-11-12,2020111204016271,NMBHF1,42,6,"7,336",10.14,"74,387.04"
2020-11-12,2020111204016570,RBCLPO,59,17,10,"14,800.00","148,000.00"
2020-11-12,2020111204016569,RBCLPO,59,33,10,"14,800.00","148,000.00"
2020-11-12,2020111204016494,RBCLPO,59,34,10,"14,799.00","147,990.00"
2020-11-12,2020111204016493,RBCLPO,59,50,10,"14,798.00","147,980.00"
2020-11-12,2020111204016492,RBCLPO,59,49,10,"14,797.00","147,970.00"
2020-11-12,2020111204016491,RBCLPO,59,40,10,"14,796.00","147,960.00"
2020-11-12,2020111204016490,RBCLPO,59,56,10,"14,790.00","147,900.00"
2020-11-12,2020111204016283,RBCLPO,49,33,40,"14,800.00","592,000.00"
2020-11-12,2020111204016266,RBCLPO,49,19,50,"14,800.00","740,000.00"
2020-11-12,2020111204016265,RBCLPO,49,21,10,"14,800.00","148,000.00"
2020-11-12,2020111204016258,RBCLPO,28,26,20,"14,799.00","295,980.00"
2020-11-12,2020111204016288,SAEF,45,6,"5,000",11.23,"56,150.00"
2020-11-12,2020111204016147,SAEF,45,34,"50,000",11.23,"561,500.00"
2020-11-12,2020111204016398,SEF,8,35,"3,000",10.33,"30,990.00"
2020-11-12,2020111204016638,SGI,6,57,10,569.00,"5,690.00"
2020-11-12,2020111204016636,SGI,6,35,10,569.00,"5,690.00"
2020-11-12,2020111204016634,SGI,6,16,10,569.00,"5,690.00"
2020-11-12,2020111204016633,SGI,6,51,10,569.00,"5,690.00"
2020-11-12,2020111204016631,SGI,6,44,10,569.00,"5,690.00"
2020-11-12,2020111204016630,SGI,6,35,10,569.00,"5,690.00"
2020-11-12,2020111204016140,SGI,26,16,10,571.00,"5,710.00"
2020-11-12,2020111204016139,SGI,38,42,10,573.00,"5,730.00"
2020-11-12,2020111204016150,SGI,49,58,10,572.00,"5,720.00"
2020-11-12,2020111204016148,SGI,8,38,10,571.00,"5,710.00"
2020-11-12,2020111204016146,SGI,8,59,10,571.00,"5,710.00"
2020-11-12,2020111204016143,SGI,8,41,10,571.00,"5,710.00"
2020-11-12,2020111204016142,SGI,8,38,10,571.00,"5,710.00"
2020-11-12,2020111204016141,SGI,8,42,10,571.00,"5,710.00"
2020-11-12,2020111204016162,SGI,8,38,10,571.00,"5,710.00"
2020-11-12,2020111204016157,SGI,8,53,10,571.00,"5,710.00"
2020-11-12,2020111204016155,SGI,8,59,10,571.00,"5,710.00"
2020-11-12,2020111204016153,SGI,8,38,10,571.00,"5,710.00"
2020-11-12,2020111204016152,SGI,8,42,10,571.00,"5,710.00"
2020-11-12,2020111204016151,SGI,49,6,10,572.00,"5,720.00"
2020-11-12,2020111204016170,SGI,36,25,10,572.00,"5,720.00"
2020-11-12,2020111204016167,SGI,49,25,10,572.00,"5,720.00"
2020-11-12,2020111204016166,SGI,49,42,10,572.00,"5,720.00"
2020-11-12,2020111204016165,SGI,8,59,10,571.00,"5,710.00"
2020-11-12,2020111204016164,SGI,8,38,10,571.00,"5,710.00"
2020-11-12,2020111204016163,SGI,8,59,10,571.00,"5,710.00"
2020-11-12,2020111204016176,SGI,36,47,10,572.00,"5,720.00"
2020-11-12,2020111204016175,SGI,36,43,10,572.00,"5,720.00"
2020-11-12,2020111204016174,SGI,36,42,10,572.00,"5,720.00"
2020-11-12,2020111204016173,SGI,36,32,10,572.00,"5,720.00"
2020-11-12,2020111204016172,SGI,36,42,10,572.00,"5,720.00"
2020-11-12,2020111204016171,SGI,36,29,10,572.00,"5,720.00"
2020-11-12,2020111204016182,SGI,45,42,10,573.00,"5,730.00"
2020-11-12,2020111204016181,SGI,45,17,10,573.00,"5,730.00"
2020-11-12,2020111204016180,SGI,45,42,10,573.00,"5,730.00"
2020-11-12,2020111204016179,SGI,36,49,10,572.00,"5,720.00"
2020-11-12,2020111204016178,SGI,36,52,10,572.00,"5,720.00"
2020-11-12,2020111204016177,SGI,36,42,10,572.00,"5,720.00"
2020-11-12,2020111204016190,SGI,49,6,10,572.00,"5,720.00"
2020-11-12,2020111204016189,SGI,49,32,10,572.00,"5,720.00"
2020-11-12,2020111204016188,SGI,8,47,10,571.00,"5,710.00"
2020-11-12,2020111204016186,SGI,8,42,10,571.00,"5,710.00"
2020-11-12,2020111204016185,SGI,8,42,10,571.00,"5,710.00"
2020-11-12,2020111204016184,SGI,8,26,10,571.00,"5,710.00"
2020-11-12,2020111204016198,SGI,41,58,10,572.00,"5,720.00"
2020-11-12,2020111204016197,SGI,41,34,10,572.00,"5,720.00"
2020-11-12,2020111204016196,SGI,41,29,10,572.00,"5,720.00"
2020-11-12,2020111204016194,SGI,8,58,10,571.00,"5,710.00"
2020-11-12,2020111204016193,SGI,8,59,10,571.00,"5,710.00"
2020-11-12,2020111204016192,SGI,8,49,10,571.00,"5,710.00"
2020-11-12,2020111204016206,SGI,49,5,10,572.00,"5,720.00"
2020-11-12,2020111204016205,SGI,8,39,10,571.00,"5,710.00"
2020-11-12,2020111204016202,SGI,41,45,10,572.00,"5,720.00"
2020-11-12,2020111204016201,SGI,41,46,10,572.00,"5,720.00"
2020-11-12,2020111204016200,SGI,41,59,10,572.00,"5,720.00"
2020-11-12,2020111204016199,SGI,41,25,10,572.00,"5,720.00"
2020-11-12,2020111204016213,SGI,46,42,10,572.00,"5,720.00"
2020-11-12,2020111204016212,SGI,46,45,10,572.00,"5,720.00"
2020-11-12,2020111204016211,SGI,46,42,10,572.00,"5,720.00"
2020-11-12,2020111204016210,SGI,46,51,10,572.00,"5,720.00"
2020-11-12,2020111204016208,SGI,8,39,10,571.00,"5,710.00"
2020-11-12,2020111204016207,SGI,49,59,10,572.00,"5,720.00"
2020-11-12,2020111204016219,SGI,8,38,10,571.00,"5,710.00"
2020-11-12,2020111204016218,SGI,8,38,10,571.00,"5,710.00"
2020-11-12,2020111204016217,SGI,8,39,10,571.00,"5,710.00"
2020-11-12,2020111204016216,SGI,8,29,10,571.00,"5,710.00"
2020-11-12,2020111204016215,SGI,8,58,10,571.00,"5,710.00"
2020-11-12,2020111204016214,SGI,8,48,10,571.00,"5,710.00"
2020-11-12,2020111204016225,SGI,8,38,10,571.00,"5,710.00"
2020-11-12,2020111204016224,SGI,8,38,10,571.00,"5,710.00"
2020-11-12,2020111204016223,SGI,8,7,10,571.00,"5,710.00"
2020-11-12,2020111204016222,SGI,8,42,10,571.00,"5,710.00"
2020-11-12,2020111204016221,SGI,8,59,10,571.00,"5,710.00"
2020-11-12,2020111204016220,SGI,8,45,10,571.00,"5,710.00"
2020-11-12,2020111204016232,SGI,8,42,10,571.00,"5,710.00"
2020-11-12,2020111204016230,SGI,8,38,10,571.00,"5,710.00"
2020-11-12,2020111204016229,SGI,8,7,10,571.00,"5,710.00"
2020-11-12,2020111204016228,SGI,8,39,10,571.00,"5,710.00"
2020-11-12,2020111204016227,SGI,8,29,10,571.00,"5,710.00"
2020-11-12,2020111204016226,SGI,8,1,10,571.00,"5,710.00"
2020-11-12,2020111204016238,SGI,49,25,10,573.00,"5,730.00"
2020-11-12,2020111204016237,SGI,49,42,10,573.00,"5,730.00"
2020-11-12,2020111204016236,SGI,49,3,10,572.00,"5,720.00"
2020-11-12,2020111204016235,SGI,49,1,10,572.00,"5,720.00"
2020-11-12,2020111204016234,SGI,8,29,10,571.00,"5,710.00"
2020-11-12,2020111204016233,SGI,8,38,10,571.00,"5,710.00"
2020-11-12,2020111204016244,SGI,8,29,10,571.00,"5,710.00"
2020-11-12,2020111204016243,SGI,8,55,10,571.00,"5,710.00"
2020-11-12,2020111204016242,SGI,8,29,10,571.00,"5,710.00"
2020-11-12,2020111204016241,SGI,8,42,10,571.00,"5,710.00"
2020-11-12,2020111204016240,SGI,49,42,10,573.00,"5,730.00"
2020-11-12,2020111204016239,SGI,49,42,10,573.00,"5,730.00"
2020-11-12,2020111204016251,SGI,42,21,10,572.00,"5,720.00"
2020-11-12,2020111204016250,SGI,39,41,10,571.00,"5,710.00"
2020-11-12,2020111204016249,SGI,8,52,10,571.00,"5,710.00"
2020-11-12,2020111204016248,SGI,8,29,10,571.00,"5,710.00"
2020-11-12,2020111204016247,SGI,8,38,10,571.00,"5,710.00"
2020-11-12,2020111204016245,SGI,8,42,10,571.00,"5,710.00"
2020-11-12,2020111204016260,SGI,39,52,10,571.00,"5,710.00"
2020-11-12,2020111204016259,SGI,39,42,10,571.00,"5,710.00"
2020-11-12,2020111204016257,SGI,39,45,10,571.00,"5,710.00"
2020-11-12,2020111204016255,SGI,39,42,10,571.00,"5,710.00"
2020-11-12,2020111204016254,SGI,39,41,10,571.00,"5,710.00"
2020-11-12,2020111204016252,SGI,14,58,10,573.00,"5,730.00"
2020-11-12,2020111204016272,SGI,49,48,10,572.00,"5,720.00"
2020-11-12,2020111204016270,SGI,39,38,10,571.00,"5,710.00"
2020-11-12,2020111204016267,SGI,39,58,10,571.00,"5,710.00"
2020-11-12,2020111204016264,SGI,39,29,10,571.00,"5,710.00"
2020-11-12,2020111204016263,SGI,39,38,10,571.00,"5,710.00"
2020-11-12,2020111204016262,SGI,39,43,10,571.00,"5,710.00"
2020-11-12,2020111204016284,SGI,39,43,10,571.00,"5,710.00"
2020-11-12,2020111204016279,SGI,39,19,10,571.00,"5,710.00"
2020-11-12,2020111204016278,SGI,39,26,10,571.00,"5,710.00"
2020-11-12,2020111204016277,SGI,39,52,10,571.00,"5,710.00"
2020-11-12,2020111204016275,SGI,39,43,10,571.00,"5,710.00"
2020-11-12,2020111204016273,SGI,49,49,10,572.00,"5,720.00"
2020-11-12,2020111204016291,SGI,42,58,10,572.00,"5,720.00"
2020-11-12,2020111204016290,SGI,42,46,10,572.00,"5,720.00"
2020-11-12,2020111204016289,SGI,39,41,10,571.00,"5,710.00"
2020-11-12,2020111204016287,SGI,39,19,10,571.00,"5,710.00"
2020-11-12,2020111204016286,SGI,39,38,10,571.00,"5,710.00"
2020-11-12,2020111204016285,SGI,39,17,10,571.00,"5,710.00"
2020-11-12,2020111204016297,SGI,22,58,10,572.00,"5,720.00"
2020-11-12,2020111204016296,SGI,1,8,10,571.00,"5,710.00"
2020-11-12,2020111204016295,SGI,1,45,10,571.00,"5,710.00"
2020-11-12,2020111204016294,SGI,1,42,10,571.00,"5,710.00"
2020-11-12,2020111204016293,SGI,1,43,10,571.00,"5,710.00"
2020-11-12,2020111204016292,SGI,1,44,10,571.00,"5,710.00"
2020-11-12,2020111204016304,SGI,1,35,10,571.00,"5,710.00"
2020-11-12,2020111204016303,SGI,1,43,10,571.00,"5,710.00"
2020-11-12,2020111204016302,SGI,1,42,10,571.00,"5,710.00"
2020-11-12,2020111204016301,SGI,1,42,10,571.00,"5,710.00"
2020-11-12,2020111204016300,SGI,21,42,10,572.00,"5,720.00"
2020-11-12,2020111204016298,SGI,1,38,10,571.00,"5,710.00"
2020-11-12,2020111204016310,SGI,1,38,10,571.00,"5,710.00"
2020-11-12,2020111204016309,SGI,1,41,10,571.00,"5,710.00"
2020-11-12,2020111204016308,SGI,1,42,10,571.00,"5,710.00"
2020-11-12,2020111204016307,SGI,1,47,10,571.00,"5,710.00"
2020-11-12,2020111204016306,SGI,34,8,10,572.00,"5,720.00"
2020-11-12,2020111204016305,SGI,1,57,10,571.00,"5,710.00"
2020-11-12,2020111204016320,SGI,1,42,10,571.00,"5,710.00"
2020-11-12,2020111204016319,SGI,1,36,10,571.00,"5,710.00"
2020-11-12,2020111204016318,SGI,49,58,10,572.00,"5,720.00"
2020-11-12,2020111204016317,SGI,1,38,10,571.00,"5,710.00"
2020-11-12,2020111204016316,SGI,1,42,10,571.00,"5,710.00"
2020-11-12,2020111204016315,SGI,1,41,10,571.00,"5,710.00"
2020-11-12,2020111204016330,SGI,39,38,10,572.00,"5,720.00"
2020-11-12,2020111204016329,SGI,39,52,10,572.00,"5,720.00"
2020-11-12,2020111204016328,SGI,39,7,10,572.00,"5,720.00"
2020-11-12,2020111204016327,SGI,39,53,10,572.00,"5,720.00"
2020-11-12,2020111204016324,SGI,34,36,10,571.00,"5,710.00"
2020-11-12,2020111204016323,SGI,34,43,10,571.00,"5,710.00"
2020-11-12,2020111204016336,SGI,38,36,10,572.00,"5,720.00"
2020-11-12,2020111204016335,SGI,34,38,10,571.00,"5,710.00"
2020-11-12,2020111204016334,SGI,49,35,10,572.00,"5,720.00"
2020-11-12,2020111204016333,SGI,39,25,10,572.00,"5,720.00"
2020-11-12,2020111204016332,SGI,39,38,10,572.00,"5,720.00"
2020-11-12,2020111204016331,SGI,39,4,10,572.00,"5,720.00"
2020-11-12,2020111204016348,SGI,19,36,10,572.00,"5,720.00"
2020-11-12,2020111204016345,SGI,19,47,10,572.00,"5,720.00"
2020-11-12,2020111204016343,SGI,19,46,10,572.00,"5,720.00"
2020-11-12,2020111204016340,SGI,19,36,10,572.00,"5,720.00"
2020-11-12,2020111204016339,SGI,38,59,10,572.00,"5,720.00"
2020-11-12,2020111204016338,SGI,38,8,10,572.00,"5,720.00"
2020-11-12,2020111204016360,SGI,22,4,10,573.00,"5,730.00"
2020-11-12,2020111204016359,SGI,22,45,10,573.00,"5,730.00"
2020-11-12,2020111204016358,SGI,22,41,10,573.00,"5,730.00"
2020-11-12,2020111204016357,SGI,19,46,10,572.00,"5,720.00"
2020-11-12,2020111204016352,SGI,19,17,10,572.00,"5,720.00"
2020-11-12,2020111204016351,SGI,19,36,10,572.00,"5,720.00"
2020-11-12,2020111204016366,SGI,22,52,10,573.00,"5,730.00"
2020-11-12,2020111204016365,SGI,22,32,10,573.00,"5,730.00"
2020-11-12,2020111204016364,SGI,22,36,10,573.00,"5,730.00"
2020-11-12,2020111204016363,SGI,22,39,10,573.00,"5,730.00"
2020-11-12,2020111204016362,SGI,22,50,10,573.00,"5,730.00"
2020-11-12,2020111204016361,SGI,22,17,10,573.00,"5,730.00"
2020-11-12,2020111204016373,SGI,58,4,10,573.00,"5,730.00"
2020-11-12,2020111204016372,SGI,58,34,10,573.00,"5,730.00"
2020-11-12,2020111204016371,SGI,58,52,10,573.00,"5,730.00"
2020-11-12,2020111204016370,SGI,58,3,10,573.00,"5,730.00"
2020-11-12,2020111204016369,SGI,58,52,10,573.00,"5,730.00"
2020-11-12,2020111204016367,SGI,22,42,10,573.00,"5,730.00"
2020-11-12,2020111204016379,SGI,19,36,10,572.00,"5,720.00"
2020-11-12,2020111204016378,SGI,58,8,10,573.00,"5,730.00"
2020-11-12,2020111204016377,SGI,58,52,10,573.00,"5,730.00"
2020-11-12,2020111204016376,SGI,58,34,10,573.00,"5,730.00"
2020-11-12,2020111204016375,SGI,58,52,10,573.00,"5,730.00"
2020-11-12,2020111204016374,SGI,58,52,10,573.00,"5,730.00"
2020-11-12,2020111204016389,SGI,44,47,10,572.00,"5,720.00"
2020-11-12,2020111204016387,SGI,38,19,10,572.00,"5,720.00"
2020-11-12,2020111204016385,SGI,38,58,10,572.00,"5,720.00"
2020-11-12,2020111204016384,SGI,38,46,10,572.00,"5,720.00"
2020-11-12,2020111204016383,SGI,19,58,10,572.00,"5,720.00"
2020-11-12,2020111204016380,SGI,19,42,10,572.00,"5,720.00"
2020-11-12,2020111204016400,SGI,44,14,10,572.00,"5,720.00"
2020-11-12,2020111204016399,SGI,44,47,10,572.00,"5,720.00"
2020-11-12,2020111204016397,SGI,44,1,10,572.00,"5,720.00"
2020-11-12,2020111204016394,SGI,44,21,10,572.00,"5,720.00"
2020-11-12,2020111204016392,SGI,44,28,10,572.00,"5,720.00"
2020-11-12,2020111204016390,SGI,44,8,10,572.00,"5,720.00"
2020-11-12,2020111204016413,SGI,44,34,10,572.00,"5,720.00"
2020-11-12,2020111204016411,SGI,44,44,10,572.00,"5,720.00"
2020-11-12,2020111204016410,SGI,44,19,10,572.00,"5,720.00"
2020-11-12,2020111204016409,SGI,44,34,10,572.00,"5,720.00"
2020-11-12,2020111204016408,SGI,44,39,10,572.00,"5,720.00"
2020-11-12,2020111204016401,SGI,44,52,10,572.00,"5,720.00"
2020-11-12,2020111204016419,SGI,44,38,10,572.00,"5,720.00"
2020-11-12,2020111204016418,SGI,44,34,10,572.00,"5,720.00"
2020-11-12,2020111204016417,SGI,44,47,10,572.00,"5,720.00"
2020-11-12,2020111204016416,SGI,44,5,10,572.00,"5,720.00"
2020-11-12,2020111204016415,SGI,44,32,10,572.00,"5,720.00"
2020-11-12,2020111204016414,SGI,44,55,10,572.00,"5,720.00"
2020-11-12,2020111204016431,SGI,34,17,10,571.00,"5,710.00"
2020-11-12,2020111204016430,SGI,34,29,10,571.00,"5,710.00"
2020-11-12,2020111204016429,SGI,34,47,10,571.00,"5,710.00"
2020-11-12,2020111204016428,SGI,34,55,10,571.00,"5,710.00"
2020-11-12,2020111204016424,SGI,34,38,10,571.00,"5,710.00"
2020-11-12,2020111204016421,SGI,44,42,10,572.00,"5,720.00"
2020-11-12,2020111204016437,SGI,46,38,10,572.00,"5,720.00"
2020-11-12,2020111204016436,SGI,46,38,10,572.00,"5,720.00"
2020-11-12,2020111204016435,SGI,46,38,10,572.00,"5,720.00"
2020-11-12,2020111204016434,SGI,46,36,10,572.00,"5,720.00"
2020-11-12,2020111204016433,SGI,46,29,10,572.00,"5,720.00"
2020-11-12,2020111204016432,SGI,46,5,10,572.00,"5,720.00"
2020-11-12,2020111204016445,SGI,46,52,10,572.00,"5,720.00"
2020-11-12,2020111204016444,SGI,46,39,10,572.00,"5,720.00"
2020-11-12,2020111204016443,SGI,46,21,10,572.00,"5,720.00"
2020-11-12,2020111204016441,SGI,46,55,10,572.00,"5,720.00"
2020-11-12,2020111204016440,SGI,46,38,10,572.00,"5,720.00"
2020-11-12,2020111204016438,SGI,46,55,10,572.00,"5,720.00"
2020-11-12,2020111204016453,SGI,11,38,10,571.00,"5,710.00"
2020-11-12,2020111204016452,SGI,11,49,10,571.00,"5,710.00"
2020-11-12,2020111204016450,SGI,11,39,10,571.00,"5,710.00"
2020-11-12,2020111204016449,SGI,11,21,10,571.00,"5,710.00"
2020-11-12,2020111204016448,SGI,34,17,10,571.00,"5,710.00"
2020-11-12,2020111204016447,SGI,34,17,10,571.00,"5,710.00"
2020-11-12,2020111204016459,SGI,11,39,10,571.00,"5,710.00"
2020-11-12,2020111204016458,SGI,11,38,10,571.00,"5,710.00"
2020-11-12,2020111204016457,SGI,11,21,10,571.00,"5,710.00"
2020-11-12,2020111204016456,SGI,11,55,10,571.00,"5,710.00"
2020-11-12,2020111204016455,SGI,11,47,10,571.00,"5,710.00"
2020-11-12,2020111204016454,SGI,11,43,10,571.00,"5,710.00"
2020-11-12,2020111204016465,SGI,11,43,10,571.00,"5,710.00"
2020-11-12,2020111204016464,SGI,11,38,10,571.00,"5,710.00"
2020-11-12,2020111204016463,SGI,11,55,10,571.00,"5,710.00"
2020-11-12,2020111204016462,SGI,11,29,10,571.00,"5,710.00"
2020-11-12,2020111204016461,SGI,11,58,10,571.00,"5,710.00"
2020-11-12,2020111204016460,SGI,11,38,10,571.00,"5,710.00"
2020-11-12,2020111204016471,SGI,44,41,100,571.00,"57,100.00"
2020-11-12,2020111204016470,SGI,8,41,500,571.00,"285,500.00"
2020-11-12,2020111204016469,SGI,26,41,200,571.00,"114,200.00"
2020-11-12,2020111204016468,SGI,11,41,10,571.00,"5,710.00"
2020-11-12,2020111204016467,SGI,11,38,10,571.00,"5,710.00"
2020-11-12,2020111204016466,SGI,11,39,10,571.00,"5,710.00"
2020-11-12,2020111204016477,SGI,19,41,50,570.00,"28,500.00"
2020-11-12,2020111204016476,SGI,50,41,90,570.00,"51,300.00"
2020-11-12,2020111204016475,SGI,8,41,70,570.00,"39,900.00"
2020-11-12,2020111204016474,SGI,49,41,200,571.00,"114,200.00"
2020-11-12,2020111204016473,SGI,19,41,10,571.00,"5,710.00"
2020-11-12,2020111204016472,SGI,55,41,110,571.00,"62,810.00"
2020-11-12,2020111204016483,SGI,8,21,10,570.00,"5,700.00"
2020-11-12,2020111204016482,SGI,19,25,10,571.00,"5,710.00"
2020-11-12,2020111204016481,SGI,19,47,10,571.00,"5,710.00"
2020-11-12,2020111204016480,SGI,8,28,10,570.00,"5,700.00"
2020-11-12,2020111204016479,SGI,8,41,640,570.00,"364,800.00"
2020-11-12,2020111204016478,SGI,11,41,20,570.00,"11,400.00"
2020-11-12,2020111204016489,SGI,8,28,10,570.00,"5,700.00"
2020-11-12,2020111204016488,SGI,8,38,10,570.00,"5,700.00"
2020-11-12,2020111204016487,SGI,8,39,10,570.00,"5,700.00"
2020-11-12,2020111204016486,SGI,8,42,10,570.00,"5,700.00"
2020-11-12,2020111204016485,SGI,8,19,10,570.00,"5,700.00"
2020-11-12,2020111204016484,SGI,8,38,10,570.00,"5,700.00"
2020-11-12,2020111204016501,SGI,8,38,10,570.00,"5,700.00"
2020-11-12,2020111204016500,SGI,8,48,10,570.00,"5,700.00"
2020-11-12,2020111204016498,SGI,8,19,10,570.00,"5,700.00"
2020-11-12,2020111204016497,SGI,8,58,10,570.00,"5,700.00"
2020-11-12,2020111204016496,SGI,8,17,10,570.00,"5,700.00"
2020-11-12,2020111204016495,SGI,8,21,10,570.00,"5,700.00"
2020-11-12,2020111204016508,SGI,8,58,10,570.00,"5,700.00"
2020-11-12,2020111204016507,SGI,8,21,10,570.00,"5,700.00"
2020-11-12,2020111204016506,SGI,8,38,10,570.00,"5,700.00"
2020-11-12,2020111204016505,SGI,8,38,10,570.00,"5,700.00"
2020-11-12,2020111204016503,SGI,8,28,10,570.00,"5,700.00"
2020-11-12,2020111204016502,SGI,8,57,10,570.00,"5,700.00"
2020-11-12,2020111204016516,SGI,8,4,10,570.00,"5,700.00"
2020-11-12,2020111204016515,SGI,8,42,10,570.00,"5,700.00"
2020-11-12,2020111204016513,SGI,8,48,10,570.00,"5,700.00"
2020-11-12,2020111204016512,SGI,8,28,10,570.00,"5,700.00"
2020-11-12,2020111204016511,SGI,8,52,10,570.00,"5,700.00"
2020-11-12,2020111204016509,SGI,8,11,10,570.00,"5,700.00"
2020-11-12,2020111204016524,SGI,45,38,10,571.00,"5,710.00"
2020-11-12,2020111204016521,SGI,8,58,10,570.00,"5,700.00"
2020-11-12,2020111204016520,SGI,8,42,10,570.00,"5,700.00"
2020-11-12,2020111204016519,SGI,8,39,10,570.00,"5,700.00"
2020-11-12,2020111204016518,SGI,8,16,10,570.00,"5,700.00"
2020-11-12,2020111204016517,SGI,8,57,10,570.00,"5,700.00"
2020-11-12,2020111204016530,SGI,45,56,10,571.00,"5,710.00"
2020-11-12,2020111204016529,SGI,45,55,10,571.00,"5,710.00"
2020-11-12,2020111204016528,SGI,45,38,10,571.00,"5,710.00"
2020-11-12,2020111204016527,SGI,45,38,10,571.00,"5,710.00"
2020-11-12,2020111204016526,SGI,45,55,10,571.00,"5,710.00"
2020-11-12,2020111204016525,SGI,45,34,10,571.00,"5,710.00"
2020-11-12,2020111204016536,SGI,16,4,10,571.00,"5,710.00"
2020-11-12,2020111204016535,SGI,16,38,10,571.00,"5,710.00"
2020-11-12,2020111204016534,SGI,16,57,10,571.00,"5,710.00"
2020-11-12,2020111204016533,SGI,45,16,10,571.00,"5,710.00"
2020-11-12,2020111204016532,SGI,45,4,10,571.00,"5,710.00"
2020-11-12,2020111204016531,SGI,45,28,10,571.00,"5,710.00"
2020-11-12,2020111204016547,SGI,49,52,10,571.00,"5,710.00"
2020-11-12,2020111204016545,SGI,8,57,10,570.00,"5,700.00"
2020-11-12,2020111204016544,SGI,8,58,10,570.00,"5,700.00"
2020-11-12,2020111204016543,SGI,8,39,10,570.00,"5,700.00"
2020-11-12,2020111204016542,SGI,16,58,10,571.00,"5,710.00"
2020-11-12,2020111204016541,SGI,16,56,10,571.00,"5,710.00"
2020-11-12,2020111204016553,SGI,25,47,10,572.00,"5,720.00"
2020-11-12,2020111204016552,SGI,25,38,10,572.00,"5,720.00"
2020-11-12,2020111204016551,SGI,25,47,10,572.00,"5,720.00"
2020-11-12,2020111204016550,SGI,49,41,10,571.00,"5,710.00"
2020-11-12,2020111204016549,SGI,49,38,10,571.00,"5,710.00"
2020-11-12,2020111204016548,SGI,49,16,10,571.00,"5,710.00"
2020-11-12,2020111204016562,SGI,49,58,10,571.00,"5,710.00"
2020-11-12,2020111204016561,SGI,49,57,10,571.00,"5,710.00"
2020-11-12,2020111204016560,SGI,49,13,10,571.00,"5,710.00"
2020-11-12,2020111204016557,SGI,49,38,10,571.00,"5,710.00"
2020-11-12,2020111204016555,SGI,25,10,10,572.00,"5,720.00"
2020-11-12,2020111204016554,SGI,25,42,10,572.00,"5,720.00"
2020-11-12,2020111204016574,SGI,42,42,10,572.00,"5,720.00"
2020-11-12,2020111204016568,SGI,49,57,10,571.00,"5,710.00"
2020-11-12,2020111204016567,SGI,49,38,10,571.00,"5,710.00"
2020-11-12,2020111204016566,SGI,49,47,10,571.00,"5,710.00"
2020-11-12,2020111204016564,SGI,49,38,10,571.00,"5,710.00"
2020-11-12,2020111204016563,SGI,49,16,10,571.00,"5,710.00"
2020-11-12,2020111204016580,SGI,34,6,20,571.00,"11,420.00"
2020-11-12,2020111204016579,SGI,49,6,370,571.00,"211,270.00"
2020-11-12,2020111204016578,SGI,42,25,10,572.00,"5,720.00"
2020-11-12,2020111204016577,SGI,42,51,10,572.00,"5,720.00"
2020-11-12,2020111204016576,SGI,42,35,10,572.00,"5,720.00"
2020-11-12,2020111204016575,SGI,42,58,10,572.00,"5,720.00"
2020-11-12,2020111204016586,SGI,34,6,100,570.00,"57,000.00"
2020-11-12,2020111204016585,SGI,58,6,10,570.00,"5,700.00"
2020-11-12,2020111204016584,SGI,21,6,100,570.00,"57,000.00"
2020-11-12,2020111204016583,SGI,57,6,150,570.00,"85,500.00"
2020-11-12,2020111204016582,SGI,50,6,500,570.00,"285,000.00"
2020-11-12,2020111204016581,SGI,8,6,20,570.00,"11,400.00"
2020-11-12,2020111204016592,SGI,40,6,200,570.00,"114,000.00"
2020-11-12,2020111204016591,SGI,36,6,200,570.00,"114,000.00"
2020-11-12,2020111204016590,SGI,59,6,20,570.00,"11,400.00"
2020-11-12,2020111204016589,SGI,40,6,175,570.00,"99,750.00"
2020-11-12,2020111204016588,SGI,5,6,50,570.00,"28,500.00"
2020-11-12,2020111204016587,SGI,42,6,50,570.00,"28,500.00"
2020-11-12,2020111204016598,SGI,6,38,10,569.00,"5,690.00"
2020-11-12,2020111204016597,SGI,21,6,150,570.00,"85,500.00"
2020-11-12,2020111204016596,SGI,58,6,875,570.00,"498,750.00"
2020-11-12,2020111204016595,SGI,46,6,10,570.00,"5,700.00"
2020-11-12,2020111204016594,SGI,39,6,700,570.00,"399,000.00"
2020-11-12,2020111204016593,SGI,17,6,200,570.00,"114,000.00"
2020-11-12,2020111204016606,SGI,6,16,10,569.00,"5,690.00"
2020-11-12,2020111204016605,SGI,6,38,10,569.00,"5,690.00"
2020-11-12,2020111204016604,SGI,6,38,10,569.00,"5,690.00"
2020-11-12,2020111204016601,SGI,6,38,10,569.00,"5,690.00"
2020-11-12,2020111204016600,SGI,6,57,10,569.00,"5,690.00"
2020-11-12,2020111204016599,SGI,6,16,10,569.00,"5,690.00"
2020-11-12,2020111204016613,SGI,42,52,10,570.00,"5,700.00"
2020-11-12,2020111204016612,SGI,6,16,10,569.00,"5,690.00"
2020-11-12,2020111204016611,SGI,6,35,10,569.00,"5,690.00"
2020-11-12,2020111204016610,SGI,6,47,10,569.00,"5,690.00"
2020-11-12,2020111204016608,SGI,6,38,10,569.00,"5,690.00"
2020-11-12,2020111204016607,SGI,6,35,10,569.00,"5,690.00"
2020-11-12,2020111204016620,SGI,6,49,10,569.00,"5,690.00"
2020-11-12,2020111204016619,SGI,6,35,10,569.00,"5,690.00"
2020-11-12,2020111204016617,SGI,6,17,10,569.00,"5,690.00"
2020-11-12,2020111204016616,SGI,6,51,10,569.00,"5,690.00"
2020-11-12,2020111204016615,SGI,6,28,10,569.00,"5,690.00"
2020-11-12,2020111204016614,SGI,42,41,10,570.00,"5,700.00"
2020-11-12,2020111204016628,SGI,6,49,10,569.00,"5,690.00"
2020-11-12,2020111204016627,SGI,6,34,10,569.00,"5,690.00"
2020-11-12,2020111204016625,SGI,6,47,10,569.00,"5,690.00"
2020-11-12,2020111204016624,SGI,6,55,10,569.00,"5,690.00"
2020-11-12,2020111204016623,SGI,6,16,10,569.00,"5,690.00"
2020-11-12,2020111204016622,SGI,6,57,10,569.00,"5,690.00"
2020-11-12,2020111204016573,STC,36,14,12,"5,989.00","71,868.00"
2020-11-12,2020111204016572,STC,51,14,10,"5,989.00","59,890.00"
2020-11-12,2020111204016571,STC,40,14,38,"5,989.00","227,582.00"
2020-11-12,2020111204015976,CMF1,21,17,"10,000",10.50,"105,000.00"
2020-11-12,2020111204015975,CMF1,21,36,100,10.50,"1,050.00"
2020-11-12,2020111204016125,GIC,19,43,10,534.00,"5,340.00"
2020-11-12,2020111204016122,GIC,19,47,10,534.00,"5,340.00"
2020-11-12,2020111204016121,GIC,19,1,10,534.00,"5,340.00"
2020-11-12,2020111204016109,GIC,19,45,10,534.00,"5,340.00"
2020-11-12,2020111204016093,GIC,19,48,10,534.00,"5,340.00"
2020-11-12,2020111204016090,GIC,19,34,10,534.00,"5,340.00"
2020-11-12,2020111204015750,GIC,11,8,10,534.00,"5,340.00"
2020-11-12,2020111204015726,GIC,11,58,10,534.00,"5,340.00"
2020-11-12,2020111204015684,GIC,11,6,10,534.00,"5,340.00"
2020-11-12,2020111204015683,GIC,11,44,10,534.00,"5,340.00"
2020-11-12,2020111204015669,GIC,11,53,10,534.00,"5,340.00"
2020-11-12,2020111204015650,GIC,11,38,10,534.00,"5,340.00"
2020-11-12,2020111204015794,GIC,53,6,10,535.00,"5,350.00"
2020-11-12,2020111204015787,GIC,19,58,75,534.00,"40,050.00"
2020-11-12,2020111204015786,GIC,11,58,140,534.00,"74,760.00"
2020-11-12,2020111204015785,GIC,42,26,10,535.00,"5,350.00"
2020-11-12,2020111204015784,GIC,42,48,10,535.00,"5,350.00"
2020-11-12,2020111204015776,GIC,11,6,10,534.00,"5,340.00"
2020-11-12,2020111204015906,GIC,19,8,10,534.00,"5,340.00"
2020-11-12,2020111204015840,GIC,19,47,10,534.00,"5,340.00"
2020-11-12,2020111204015834,GIC,19,59,10,534.00,"5,340.00"
2020-11-12,2020111204015809,GIC,19,40,10,534.00,"5,340.00"
2020-11-12,2020111204015802,GIC,19,22,10,534.00,"5,340.00"
2020-11-12,2020111204015795,GIC,19,45,10,534.00,"5,340.00"
2020-11-12,2020111204015967,GIC,19,52,10,534.00,"5,340.00"
2020-11-12,2020111204015962,GIC,19,4,10,534.00,"5,340.00"
2020-11-12,2020111204015954,GIC,19,8,10,534.00,"5,340.00"
2020-11-12,2020111204015941,GIC,19,42,10,534.00,"5,340.00"
2020-11-12,2020111204015932,GIC,19,4,10,534.00,"5,340.00"
2020-11-12,2020111204015916,GIC,19,4,10,534.00,"5,340.00"
2020-11-12,2020111204016074,GIC,19,58,10,534.00,"5,340.00"
2020-11-12,2020111204016035,GIC,19,37,10,534.00,"5,340.00"
2020-11-12,2020111204016021,GIC,19,34,10,534.00,"5,340.00"
2020-11-12,2020111204016012,GIC,19,4,10,534.00,"5,340.00"
2020-11-12,2020111204016004,GIC,19,8,10,534.00,"5,340.00"
2020-11-12,2020111204015978,GIC,19,4,10,534.00,"5,340.00"
2020-11-12,2020111204015966,LEMF,58,17,500,10.12,"5,060.00"
2020-11-12,2020111204015965,LEMF,58,51,100,10.12,"1,012.00"
2020-11-12,2020111204015964,LEMF,58,48,100,10.12,"1,012.00"
2020-11-12,2020111204015931,LEMF,42,56,"5,000",10.10,"50,500.00"
2020-11-12,2020111204015835,LEMF,42,42,"3,100",10.10,"31,310.00"
2020-11-12,2020111204015705,LEMF,42,51,100,10.10,"1,010.00"
2020-11-12,2020111204016080,LUK,58,25,"2,000",10.10,"20,200.00"
2020-11-12,2020111204016067,LUK,58,6,500,10.10,"5,050.00"
2020-11-12,2020111204016031,LUK,58,44,200,10.10,"2,020.00"
2020-11-12,2020111204015997,LUK,58,1,200,10.10,"2,020.00"
2020-11-12,2020111204015996,LUK,58,51,100,10.10,"1,010.00"
2020-11-12,2020111204015995,LUK,58,57,"1,000",10.10,"10,100.00"
2020-11-12,2020111204015988,LUK,58,4,900,10.10,"9,090.00"
2020-11-12,2020111204015987,LUK,58,5,100,10.09,"1,009.00"
2020-11-12,2020111204015986,LUK,58,47,"1,000",10.09,"10,090.00"
2020-11-12,2020111204015985,LUK,58,34,100,10.03,"1,003.00"
2020-11-12,2020111204015984,LUK,58,45,100,10.03,"1,003.00"
2020-11-12,2020111204015973,LUK,42,58,100,10.02,"1,002.00"
2020-11-12,2020111204015994,LUK,58,21,"1,500",10.10,"15,150.00"
2020-11-12,2020111204015993,LUK,58,57,"10,000",10.10,"101,000.00"
2020-11-12,2020111204015992,LUK,58,4,"1,000",10.10,"10,100.00"
2020-11-12,2020111204015991,LUK,58,4,"1,000",10.10,"10,100.00"
2020-11-12,2020111204015990,LUK,58,4,500,10.10,"5,050.00"
2020-11-12,2020111204015989,LUK,58,11,300,10.10,"3,030.00"
2020-11-12,2020111204015833,NBF2,45,13,100,9.91,991.00
2020-11-12,2020111204016107,NEF,22,51,210,10.03,"2,106.30"
2020-11-12,2020111204016106,NEF,22,51,290,10.03,"2,908.70"
2020-11-12,2020111204016025,NEF,25,39,"2,414",10.03,"24,212.42"
2020-11-12,2020111204016024,NEF,25,49,483,10.03,"4,844.49"
2020-11-12,2020111204015782,NEF,42,7,724,10.02,"7,254.48"
2020-11-12,2020111204016057,NIBLPF,58,51,100,10.10,"1,010.00"
2020-11-12,2020111204016056,NIBLPF,58,48,505,10.10,"5,100.50"
2020-11-12,2020111204016055,NIBLPF,58,37,"2,525",10.10,"25,502.50"
2020-11-12,2020111204016054,NIBLPF,58,36,"2,288",10.10,"23,108.80"
2020-11-12,2020111204016039,NIBLPF,33,45,"1,525",10.08,"15,372.00"
2020-11-12,2020111204015936,NIBPO,52,20,500,375.00,"187,500.00"
2020-11-12,2020111204015893,NIBPO,59,20,"1,000",375.00,"375,000.00"
2020-11-12,2020111204015804,NICGF,33,58,100,10.70,"1,070.00"
2020-11-12,2020111204016040,NMBHF1,42,19,"1,000",10.14,"10,140.00"
2020-11-12,2020111204016010,NMBHF1,42,25,"1,664",10.14,"16,872.96"
2020-11-12,2020111204016052,PCBLP,44,39,"31,757",153.00,"4,858,821.00"
2020-11-12,2020111204016075,RBCLPO,28,16,20,"14,769.00","295,380.00"
2020-11-12,2020111204016066,RBCLPO,28,16,10,"14,769.00","147,690.00"
2020-11-12,2020111204016050,RBCLPO,59,16,20,"14,773.00","295,460.00"
2020-11-12,2020111204016014,RBCLPO,59,43,20,"14,773.00","295,460.00"
2020-11-12,2020111204016008,RBCLPO,59,17,50,"14,773.00","738,650.00"
2020-11-12,2020111204015983,RBCLPO,59,59,10,"14,484.00","144,840.00"
2020-11-12,2020111204015853,RBCLPO,59,33,50,"13,950.00","697,500.00"
2020-11-12,2020111204015852,RBCLPO,59,43,10,"13,949.00","139,490.00"
2020-11-12,2020111204015807,RBCLPO,21,26,10,"13,801.00","138,010.00"
2020-11-12,2020111204015793,RBCLPO,21,26,10,"13,801.00","138,010.00"
2020-11-12,2020111204015792,RBCLPO,40,26,20,"13,801.00","276,020.00"
2020-11-12,2020111204015859,RBCLPO,59,59,20,"14,000.00","280,000.00"
2020-11-12,2020111204015858,RBCLPO,59,17,20,"14,000.00","280,000.00"
2020-11-12,2020111204015857,RBCLPO,59,42,10,"14,000.00","140,000.00"
2020-11-12,2020111204015856,RBCLPO,59,17,30,"14,000.00","420,000.00"
2020-11-12,2020111204015855,RBCLPO,59,28,30,"13,975.00","419,250.00"
2020-11-12,2020111204015854,RBCLPO,59,33,20,"13,960.00","279,200.00"
2020-11-12,2020111204015869,RBCLPO,59,59,22,"14,100.00","310,200.00"
2020-11-12,2020111204015868,RBCLPO,59,34,20,"14,077.00","281,540.00"
2020-11-12,2020111204015867,RBCLPO,59,33,10,"14,076.00","140,760.00"
2020-11-12,2020111204015866,RBCLPO,59,49,10,"14,076.00","140,760.00"
2020-11-12,2020111204015861,RBCLPO,59,19,50,"14,000.00","700,000.00"
2020-11-12,2020111204015860,RBCLPO,59,33,20,"14,000.00","280,000.00"
2020-11-12,2020111204015887,RBCLPO,59,13,10,"14,277.00","142,770.00"
2020-11-12,2020111204015886,RBCLPO,59,28,10,"14,264.00","142,640.00"
2020-11-12,2020111204015885,RBCLPO,59,4,10,"14,253.00","142,530.00"
2020-11-12,2020111204015872,RBCLPO,59,35,50,"14,200.00","710,000.00"
2020-11-12,2020111204015871,RBCLPO,59,17,15,"14,200.00","213,000.00"
2020-11-12,2020111204015870,RBCLPO,59,33,20,"14,200.00","284,000.00"
2020-11-12,2020111204015895,RBCLPO,59,42,10,"14,280.00","142,800.00"
2020-11-12,2020111204015894,RBCLPO,59,3,10,"14,280.00","142,800.00"
2020-11-12,2020111204015891,RBCLPO,59,3,10,"14,280.00","142,800.00"
2020-11-12,2020111204015890,RBCLPO,59,48,23,"14,280.00","328,440.00"
2020-11-12,2020111204015889,RBCLPO,59,11,10,"14,280.00","142,800.00"
2020-11-12,2020111204015888,RBCLPO,59,33,20,"14,280.00","285,600.00"
2020-11-12,2020111204015921,RBCLPO,59,58,10,"14,449.00","144,490.00"
2020-11-12,2020111204015920,RBCLPO,59,28,30,"14,270.00","428,100.00"
2020-11-12,2020111204015899,RBCLPO,59,16,50,"14,280.00","714,000.00"
2020-11-12,2020111204015898,RBCLPO,59,28,10,"14,280.00","142,800.00"
2020-11-12,2020111204015897,RBCLPO,59,7,10,"14,280.00","142,800.00"
2020-11-12,2020111204015896,RBCLPO,59,19,10,"14,280.00","142,800.00"
2020-11-12,2020111204015982,RBCLPO,59,17,10,"14,450.00","144,500.00"
2020-11-12,2020111204015961,RBCLPO,59,17,50,"14,484.00","724,200.00"
2020-11-12,2020111204015952,RBCLPO,59,16,27,"14,484.00","391,068.00"
2020-11-12,2020111204015951,RBCLPO,59,4,10,"14,484.00","144,840.00"
2020-11-12,2020111204015950,RBCLPO,40,22,10,"14,480.00","144,800.00"
2020-11-12,2020111204015922,RBCLPO,59,17,50,"14,450.00","722,500.00"
2020-11-12,2020111204016108,SAEF,45,56,"5,000",11.23,"56,150.00"
2020-11-12,2020111204016011,SAEF,45,58,"2,500",11.23,"28,075.00"
2020-11-12,2020111204015862,SAEF,45,39,"2,000",11.23,"22,460.00"
2020-11-12,2020111204016138,SGI,38,53,10,573.00,"5,730.00"
2020-11-12,2020111204016137,SGI,38,42,10,573.00,"5,730.00"
2020-11-12,2020111204016136,SGI,38,29,10,573.00,"5,730.00"
2020-11-12,2020111204016135,SGI,38,3,10,573.00,"5,730.00"
2020-11-12,2020111204016134,SGI,38,52,10,573.00,"5,730.00"
2020-11-12,2020111204016133,SGI,38,53,10,573.00,"5,730.00"
2020-11-12,2020111204015643,SGI,8,16,10,570.00,"5,700.00"
2020-11-12,2020111204015642,SGI,8,40,10,570.00,"5,700.00"
2020-11-12,2020111204015641,SGI,8,39,10,570.00,"5,700.00"
2020-11-12,2020111204015640,SGI,8,46,10,570.00,"5,700.00"
2020-11-12,2020111204015639,SGI,8,16,10,570.00,"5,700.00"
2020-11-12,2020111204015649,SGI,8,43,10,570.00,"5,700.00"
2020-11-12,2020111204015648,SGI,8,58,10,570.00,"5,700.00"
2020-11-12,2020111204015647,SGI,8,57,10,570.00,"5,700.00"
2020-11-12,2020111204015646,SGI,8,40,10,570.00,"5,700.00"
2020-11-12,2020111204015645,SGI,8,39,10,570.00,"5,700.00"
2020-11-12,2020111204015644,SGI,8,58,10,570.00,"5,700.00"
2020-11-12,2020111204015656,SGI,8,58,10,571.00,"5,710.00"
2020-11-12,2020111204015655,SGI,8,22,10,571.00,"5,710.00"
2020-11-12,2020111204015654,SGI,8,38,10,571.00,"5,710.00"
2020-11-12,2020111204015653,SGI,8,46,10,570.00,"5,700.00"
2020-11-12,2020111204015652,SGI,8,13,10,570.00,"5,700.00"
2020-11-12,2020111204015651,SGI,8,34,10,570.00,"5,700.00"
2020-11-12,2020111204015662,SGI,8,57,10,571.00,"5,710.00"
2020-11-12,2020111204015661,SGI,8,38,10,571.00,"5,710.00"
2020-11-12,2020111204015660,SGI,8,51,10,571.00,"5,710.00"
2020-11-12,2020111204015659,SGI,8,38,10,571.00,"5,710.00"
2020-11-12,2020111204015658,SGI,8,38,10,571.00,"5,710.00"
2020-11-12,2020111204015657,SGI,8,49,10,571.00,"5,710.00"
2020-11-12,2020111204015668,SGI,29,21,10,571.00,"5,710.00"
2020-11-12,2020111204015667,SGI,8,16,10,570.00,"5,700.00"
2020-11-12,2020111204015666,SGI,8,51,10,570.00,"5,700.00"
2020-11-12,2020111204015665,SGI,42,38,10,571.00,"5,710.00"
2020-11-12,2020111204015664,SGI,8,39,10,570.00,"5,700.00"
2020-11-12,2020111204015663,SGI,8,38,10,571.00,"5,710.00"
2020-11-12,2020111204015675,SGI,8,25,10,570.00,"5,700.00"
2020-11-12,2020111204015674,SGI,8,21,10,570.00,"5,700.00"
2020-11-12,2020111204015673,SGI,29,44,10,571.00,"5,710.00"
2020-11-12,2020111204015672,SGI,29,38,10,571.00,"5,710.00"
2020-11-12,2020111204015671,SGI,29,57,10,571.00,"5,710.00"
2020-11-12,2020111204015670,SGI,29,38,10,571.00,"5,710.00"
2020-11-12,2020111204015681,SGI,8,58,10,570.00,"5,700.00"
2020-11-12,2020111204015680,SGI,8,43,10,570.00,"5,700.00"
2020-11-12,2020111204015679,SGI,8,46,10,570.00,"5,700.00"
2020-11-12,2020111204015678,SGI,8,21,10,570.00,"5,700.00"
2020-11-12,2020111204015677,SGI,8,39,10,570.00,"5,700.00"
2020-11-12,2020111204015676,SGI,8,58,10,570.00,"5,700.00"
2020-11-12,2020111204015689,SGI,8,58,10,570.00,"5,700.00"
2020-11-12,2020111204015688,SGI,8,34,10,570.00,"5,700.00"
2020-11-12,2020111204015687,SGI,8,39,10,570.00,"5,700.00"
2020-11-12,2020111204015686,SGI,8,37,10,570.00,"5,700.00"
2020-11-12,2020111204015685,SGI,8,21,10,570.00,"5,700.00"
2020-11-12,2020111204015682,SGI,8,45,10,570.00,"5,700.00"
2020-11-12,2020111204015695,SGI,8,34,10,570.00,"5,700.00"
2020-11-12,2020111204015694,SGI,8,37,10,570.00,"5,700.00"
2020-11-12,2020111204015693,SGI,8,4,10,570.00,"5,700.00"
2020-11-12,2020111204015692,SGI,8,39,10,570.00,"5,700.00"
2020-11-12,2020111204015691,SGI,8,46,10,570.00,"5,700.00"
2020-11-12,2020111204015690,SGI,8,21,10,570.00,"5,700.00"
2020-11-12,2020111204015701,SGI,8,47,10,570.00,"5,700.00"
2020-11-12,2020111204015700,SGI,8,38,10,570.00,"5,700.00"
2020-11-12,2020111204015699,SGI,8,22,10,570.00,"5,700.00"
2020-11-12,2020111204015698,SGI,8,8,10,570.00,"5,700.00"
2020-11-12,2020111204015697,SGI,8,21,10,570.00,"5,700.00"
2020-11-12,2020111204015696,SGI,8,42,10,570.00,"5,700.00"
2020-11-12,2020111204015708,SGI,59,51,10,570.00,"5,700.00"
2020-11-12,2020111204015707,SGI,59,21,10,570.00,"5,700.00"
2020-11-12,2020111204015706,SGI,8,38,10,570.00,"5,700.00"
2020-11-12,2020111204015704,SGI,8,34,10,570.00,"5,700.00"
2020-11-12,2020111204015703,SGI,8,56,10,570.00,"5,700.00"
2020-11-12,2020111204015702,SGI,8,21,10,570.00,"5,700.00"
2020-11-12,2020111204015714,SGI,8,46,10,571.00,"5,710.00"
2020-11-12,2020111204015713,SGI,8,38,10,571.00,"5,710.00"
2020-11-12,2020111204015712,SGI,8,46,10,571.00,"5,710.00"
2020-11-12,2020111204015711,SGI,8,38,10,571.00,"5,710.00"
2020-11-12,2020111204015710,SGI,8,46,10,571.00,"5,710.00"
2020-11-12,2020111204015709,SGI,8,45,10,571.00,"5,710.00"
2020-11-12,2020111204015720,SGI,8,38,10,571.00,"5,710.00"
2020-11-12,2020111204015719,SGI,8,46,10,571.00,"5,710.00"
2020-11-12,2020111204015718,SGI,8,54,10,571.00,"5,710.00"
2020-11-12,2020111204015717,SGI,8,34,10,571.00,"5,710.00"
2020-11-12,2020111204015716,SGI,8,46,10,571.00,"5,710.00"
2020-11-12,2020111204015715,SGI,8,38,10,571.00,"5,710.00"
2020-11-12,2020111204015727,SGI,8,42,10,571.00,"5,710.00"
2020-11-12,2020111204015725,SGI,59,26,10,570.00,"5,700.00"
2020-11-12,2020111204015724,SGI,59,58,10,570.00,"5,700.00"
2020-11-12,2020111204015723,SGI,59,21,10,570.00,"5,700.00"
2020-11-12,2020111204015722,SGI,59,46,10,570.00,"5,700.00"
2020-11-12,2020111204015721,SGI,59,56,10,570.00,"5,700.00"
2020-11-12,2020111204015733,SGI,35,46,10,571.00,"5,710.00"
2020-11-12,2020111204015732,SGI,46,56,10,570.00,"5,700.00"
2020-11-12,2020111204015731,SGI,59,21,10,570.00,"5,700.00"
2020-11-12,2020111204015730,SGI,59,21,10,570.00,"5,700.00"
2020-11-12,2020111204015729,SGI,59,34,10,570.00,"5,700.00"
2020-11-12,2020111204015728,SGI,8,38,10,571.00,"5,710.00"
2020-11-12,2020111204015739,SGI,35,34,10,571.00,"5,710.00"
2020-11-12,2020111204015738,SGI,35,21,10,571.00,"5,710.00"
2020-11-12,2020111204015737,SGI,35,40,10,571.00,"5,710.00"
2020-11-12,2020111204015736,SGI,35,21,10,571.00,"5,710.00"
2020-11-12,2020111204015735,SGI,35,26,10,571.00,"5,710.00"
2020-11-12,2020111204015734,SGI,35,1,10,571.00,"5,710.00"
2020-11-12,2020111204015745,SGI,35,21,10,571.00,"5,710.00"
2020-11-12,2020111204015744,SGI,35,26,10,571.00,"5,710.00"
2020-11-12,2020111204015743,SGI,35,38,10,571.00,"5,710.00"
2020-11-12,2020111204015742,SGI,35,36,10,571.00,"5,710.00"
2020-11-12,2020111204015741,SGI,35,21,10,571.00,"5,710.00"
2020-11-12,2020111204015740,SGI,35,56,10,571.00,"5,710.00"
2020-11-12,2020111204015752,SGI,35,46,10,571.00,"5,710.00"
2020-11-12,2020111204015751,SGI,35,47,10,571.00,"5,710.00"
2020-11-12,2020111204015749,SGI,35,14,10,571.00,"5,710.00"
2020-11-12,2020111204015748,SGI,35,21,10,571.00,"5,710.00"
2020-11-12,2020111204015747,SGI,35,34,10,571.00,"5,710.00"
2020-11-12,2020111204015746,SGI,35,38,10,571.00,"5,710.00"
2020-11-12,2020111204015758,SGI,35,52,10,571.00,"5,710.00"
2020-11-12,2020111204015757,SGI,35,21,10,571.00,"5,710.00"
2020-11-12,2020111204015756,SGI,35,26,10,571.00,"5,710.00"
2020-11-12,2020111204015755,SGI,35,56,10,571.00,"5,710.00"
2020-11-12,2020111204015754,SGI,35,21,10,571.00,"5,710.00"
2020-11-12,2020111204015753,SGI,35,21,10,571.00,"5,710.00"
2020-11-12,2020111204015764,SGI,19,38,10,572.00,"5,720.00"
2020-11-12,2020111204015763,SGI,19,26,10,572.00,"5,720.00"
2020-11-12,2020111204015762,SGI,19,50,10,572.00,"5,720.00"
2020-11-12,2020111204015761,SGI,35,51,10,571.00,"5,710.00"
2020-11-12,2020111204015760,SGI,35,58,10,571.00,"5,710.00"
2020-11-12,2020111204015759,SGI,35,34,10,571.00,"5,710.00"
2020-11-12,2020111204015770,SGI,19,58,10,572.00,"5,720.00"
2020-11-12,2020111204015769,SGI,19,42,10,572.00,"5,720.00"
2020-11-12,2020111204015768,SGI,19,4,10,572.00,"5,720.00"
2020-11-12,2020111204015767,SGI,19,36,10,572.00,"5,720.00"
2020-11-12,2020111204015766,SGI,19,32,10,572.00,"5,720.00"
2020-11-12,2020111204015765,SGI,19,57,10,572.00,"5,720.00"
2020-11-12,2020111204015777,SGI,19,58,10,572.00,"5,720.00"
2020-11-12,2020111204015775,SGI,19,21,10,572.00,"5,720.00"
2020-11-12,2020111204015774,SGI,19,46,10,572.00,"5,720.00"
2020-11-12,2020111204015773,SGI,19,17,10,572.00,"5,720.00"
2020-11-12,2020111204015772,SGI,19,42,10,572.00,"5,720.00"
2020-11-12,2020111204015771,SGI,19,42,10,572.00,"5,720.00"
2020-11-12,2020111204015788,SGI,14,21,10,572.00,"5,720.00"
2020-11-12,2020111204015783,SGI,19,51,10,572.00,"5,720.00"
2020-11-12,2020111204015781,SGI,19,58,10,572.00,"5,720.00"
2020-11-12,2020111204015780,SGI,19,52,10,572.00,"5,720.00"
2020-11-12,2020111204015779,SGI,19,56,10,572.00,"5,720.00"
2020-11-12,2020111204015778,SGI,19,25,10,572.00,"5,720.00"
2020-11-12,2020111204015798,SGI,35,21,10,571.00,"5,710.00"
2020-11-12,2020111204015797,SGI,35,46,10,571.00,"5,710.00"
2020-11-12,2020111204015796,SGI,35,51,10,571.00,"5,710.00"
2020-11-12,2020111204015791,SGI,35,47,10,571.00,"5,710.00"
2020-11-12,2020111204015790,SGI,35,51,10,571.00,"5,710.00"
2020-11-12,2020111204015789,SGI,14,56,10,572.00,"5,720.00"
2020-11-12,2020111204015806,SGI,45,6,10,572.00,"5,720.00"
2020-11-12,2020111204015805,SGI,35,46,10,571.00,"5,710.00"
2020-11-12,2020111204015803,SGI,35,51,10,571.00,"5,710.00"
2020-11-12,2020111204015801,SGI,35,21,10,571.00,"5,710.00"
2020-11-12,2020111204015800,SGI,35,59,10,571.00,"5,710.00"
2020-11-12,2020111204015799,SGI,35,22,10,571.00,"5,710.00"
2020-11-12,2020111204015814,SGI,45,47,10,572.00,"5,720.00"
2020-11-12,2020111204015813,SGI,45,57,10,572.00,"5,720.00"
2020-11-12,2020111204015812,SGI,45,43,10,572.00,"5,720.00"
2020-11-12,2020111204015811,SGI,45,47,10,572.00,"5,720.00"
2020-11-12,2020111204015810,SGI,45,22,10,572.00,"5,720.00"
2020-11-12,2020111204015808,SGI,45,54,10,572.00,"5,720.00"
2020-11-12,2020111204015820,SGI,34,8,10,573.00,"5,730.00"
2020-11-12,2020111204015819,SGI,34,49,10,573.00,"5,730.00"
2020-11-12,2020111204015818,SGI,34,56,10,573.00,"5,730.00"
2020-11-12,2020111204015817,SGI,34,22,10,573.00,"5,730.00"
2020-11-12,2020111204015816,SGI,34,51,10,573.00,"5,730.00"
2020-11-12,2020111204015815,SGI,34,19,10,573.00,"5,730.00"
2020-11-12,2020111204015826,SGI,45,57,10,572.00,"5,720.00"
2020-11-12,2020111204015825,SGI,45,51,10,572.00,"5,720.00"
2020-11-12,2020111204015824,SGI,34,51,10,573.00,"5,730.00"
2020-11-12,2020111204015823,SGI,34,48,10,573.00,"5,730.00"
2020-11-12,2020111204015822,SGI,34,8,10,573.00,"5,730.00"
2020-11-12,2020111204015821,SGI,34,8,10,573.00,"5,730.00"
2020-11-12,2020111204015832,SGI,45,58,10,572.00,"5,720.00"
2020-11-12,2020111204015831,SGI,45,35,10,572.00,"5,720.00"
2020-11-12,2020111204015830,SGI,45,51,10,572.00,"5,720.00"
2020-11-12,2020111204015829,SGI,45,4,10,572.00,"5,720.00"
2020-11-12,2020111204015828,SGI,45,54,10,572.00,"5,720.00"
2020-11-12,2020111204015827,SGI,45,51,10,572.00,"5,720.00"
2020-11-12,2020111204015842,SGI,58,58,10,573.00,"5,730.00"
2020-11-12,2020111204015841,SGI,45,6,10,572.00,"5,720.00"
2020-11-12,2020111204015839,SGI,45,42,10,572.00,"5,720.00"
2020-11-12,2020111204015838,SGI,45,51,10,572.00,"5,720.00"
2020-11-12,2020111204015837,SGI,45,47,10,572.00,"5,720.00"
2020-11-12,2020111204015836,SGI,45,58,10,572.00,"5,720.00"
2020-11-12,2020111204015848,SGI,58,51,10,573.00,"5,730.00"
2020-11-12,2020111204015847,SGI,58,25,10,573.00,"5,730.00"
2020-11-12,2020111204015846,SGI,58,58,10,573.00,"5,730.00"
2020-11-12,2020111204015845,SGI,58,32,10,573.00,"5,730.00"
2020-11-12,2020111204015844,SGI,58,42,10,573.00,"5,730.00"
2020-11-12,2020111204015843,SGI,58,42,10,573.00,"5,730.00"
2020-11-12,2020111204015865,SGI,58,4,10,573.00,"5,730.00"
2020-11-12,2020111204015864,SGI,58,47,10,573.00,"5,730.00"
2020-11-12,2020111204015863,SGI,58,43,10,573.00,"5,730.00"
2020-11-12,2020111204015851,SGI,58,56,10,573.00,"5,730.00"
2020-11-12,2020111204015850,SGI,58,34,10,573.00,"5,730.00"
2020-11-12,2020111204015849,SGI,58,54,10,573.00,"5,730.00"
2020-11-12,2020111204015878,SGI,45,34,300,572.00,"171,600.00"
2020-11-12,2020111204015877,SGI,1,34,150,573.00,"85,950.00"
2020-11-12,2020111204015876,SGI,58,34,15,573.00,"8,595.00"
2020-11-12,2020111204015875,SGI,58,37,10,573.00,"5,730.00"
2020-11-12,2020111204015874,SGI,58,43,10,573.00,"5,730.00"
2020-11-12,2020111204015873,SGI,58,38,10,573.00,"5,730.00"
2020-11-12,2020111204015884,SGI,55,34,85,570.00,"48,450.00"
2020-11-12,2020111204015883,SGI,57,34,250,570.00,"142,500.00"
2020-11-12,2020111204015882,SGI,46,34,70,570.00,"39,900.00"
2020-11-12,2020111204015881,SGI,49,34,10,571.00,"5,710.00"
2020-11-12,2020111204015880,SGI,40,34,50,571.00,"28,550.00"
2020-11-12,2020111204015879,SGI,35,34,70,571.00,"39,970.00"
2020-11-12,2020111204015904,SGI,17,51,10,571.00,"5,710.00"
2020-11-12,2020111204015903,SGI,55,34,10,570.00,"5,700.00"
2020-11-12,2020111204015902,SGI,55,6,10,570.00,"5,700.00"
2020-11-12,2020111204015901,SGI,55,25,10,570.00,"5,700.00"
2020-11-12,2020111204015900,SGI,55,38,10,570.00,"5,700.00"
2020-11-12,2020111204015892,SGI,55,38,10,570.00,"5,700.00"
2020-11-12,2020111204015911,SGI,17,56,10,571.00,"5,710.00"
2020-11-12,2020111204015910,SGI,17,42,10,571.00,"5,710.00"
2020-11-12,2020111204015909,SGI,17,29,10,571.00,"5,710.00"
2020-11-12,2020111204015908,SGI,17,58,10,571.00,"5,710.00"
2020-11-12,2020111204015907,SGI,17,4,10,571.00,"5,710.00"
2020-11-12,2020111204015905,SGI,17,25,10,571.00,"5,710.00"
2020-11-12,2020111204015918,SGI,8,34,10,571.00,"5,710.00"
2020-11-12,2020111204015917,SGI,8,29,10,571.00,"5,710.00"
2020-11-12,2020111204015915,SGI,8,52,10,571.00,"5,710.00"
2020-11-12,2020111204015914,SGI,8,38,10,571.00,"5,710.00"
2020-11-12,2020111204015913,SGI,8,49,10,571.00,"5,710.00"
2020-11-12,2020111204015912,SGI,8,58,10,571.00,"5,710.00"
2020-11-12,2020111204015927,SGI,1,58,10,572.00,"5,720.00"
2020-11-12,2020111204015926,SGI,1,8,10,572.00,"5,720.00"
2020-11-12,2020111204015925,SGI,1,57,10,572.00,"5,720.00"
2020-11-12,2020111204015924,SGI,1,34,10,572.00,"5,720.00"
2020-11-12,2020111204015923,SGI,8,59,10,571.00,"5,710.00"
2020-11-12,2020111204015919,SGI,8,25,10,571.00,"5,710.00"
2020-11-12,2020111204015935,SGI,1,52,10,572.00,"5,720.00"
2020-11-12,2020111204015934,SGI,1,39,10,572.00,"5,720.00"
2020-11-12,2020111204015933,SGI,1,25,10,572.00,"5,720.00"
2020-11-12,2020111204015930,SGI,1,29,10,572.00,"5,720.00"
2020-11-12,2020111204015929,SGI,1,55,10,572.00,"5,720.00"
2020-11-12,2020111204015928,SGI,1,38,10,572.00,"5,720.00"
2020-11-12,2020111204015943,SGI,36,34,10,572.00,"5,720.00"
2020-11-12,2020111204015942,SGI,1,47,10,572.00,"5,720.00"
2020-11-12,2020111204015940,SGI,1,4,10,572.00,"5,720.00"
2020-11-12,2020111204015939,SGI,1,42,10,572.00,"5,720.00"
2020-11-12,2020111204015938,SGI,1,57,10,572.00,"5,720.00"
2020-11-12,2020111204015937,SGI,1,22,10,572.00,"5,720.00"
2020-11-12,2020111204015949,SGI,39,25,10,572.00,"5,720.00"
2020-11-12,2020111204015948,SGI,39,38,10,572.00,"5,720.00"
2020-11-12,2020111204015947,SGI,36,5,10,572.00,"5,720.00"
2020-11-12,2020111204015946,SGI,8,34,80,573.00,"45,840.00"
2020-11-12,2020111204015945,SGI,8,6,10,573.00,"5,730.00"
2020-11-12,2020111204015944,SGI,8,46,10,573.00,"5,730.00"
2020-11-12,2020111204015959,SGI,8,26,10,571.00,"5,710.00"
2020-11-12,2020111204015958,SGI,58,58,10,572.00,"5,720.00"
2020-11-12,2020111204015957,SGI,42,4,10,572.00,"5,720.00"
2020-11-12,2020111204015956,SGI,45,26,10,572.00,"5,720.00"
2020-11-12,2020111204015955,SGI,39,25,10,572.00,"5,720.00"
2020-11-12,2020111204015953,SGI,39,29,10,572.00,"5,720.00"
2020-11-12,2020111204015971,SGI,8,26,10,571.00,"5,710.00"
2020-11-12,2020111204015970,SGI,56,34,"1,448",573.00,"829,704.00"
2020-11-12,2020111204015969,SGI,56,33,10,572.00,"5,720.00"
2020-11-12,2020111204015968,SGI,56,11,10,572.00,"5,720.00"
2020-11-12,2020111204015963,SGI,8,56,10,571.00,"5,710.00"
2020-11-12,2020111204015960,SGI,8,43,10,571.00,"5,710.00"
2020-11-12,2020111204015981,SGI,8,26,10,571.00,"5,710.00"
2020-11-12,2020111204015980,SGI,8,58,10,571.00,"5,710.00"
2020-11-12,2020111204015979,SGI,8,47,10,571.00,"5,710.00"
2020-11-12,2020111204015977,SGI,8,58,10,571.00,"5,710.00"
2020-11-12,2020111204015974,SGI,8,49,10,571.00,"5,710.00"
2020-11-12,2020111204015972,SGI,8,8,10,571.00,"5,710.00"
2020-11-12,2020111204016003,SGI,8,38,10,571.00,"5,710.00"
2020-11-12,2020111204016002,SGI,8,49,10,571.00,"5,710.00"
2020-11-12,2020111204016001,SGI,8,26,10,571.00,"5,710.00"
2020-11-12,2020111204016000,SGI,8,4,10,571.00,"5,710.00"
2020-11-12,2020111204015999,SGI,8,38,10,571.00,"5,710.00"
2020-11-12,2020111204015998,SGI,8,19,10,571.00,"5,710.00"
2020-11-12,2020111204016015,SGI,49,5,10,572.00,"5,720.00"
2020-11-12,2020111204016013,SGI,8,19,10,571.00,"5,710.00"
2020-11-12,2020111204016009,SGI,8,45,10,571.00,"5,710.00"
2020-11-12,2020111204016007,SGI,20,38,10,572.00,"5,720.00"
2020-11-12,2020111204016006,SGI,20,34,10,572.00,"5,720.00"
2020-11-12,2020111204016005,SGI,8,40,10,571.00,"5,710.00"
2020-11-12,2020111204016022,SGI,8,42,10,571.00,"5,710.00"
2020-11-12,2020111204016020,SGI,8,58,10,571.00,"5,710.00"
2020-11-12,2020111204016019,SGI,8,46,10,571.00,"5,710.00"
2020-11-12,2020111204016018,SGI,8,6,10,571.00,"5,710.00"
2020-11-12,2020111204016017,SGI,8,38,10,571.00,"5,710.00"
2020-11-12,2020111204016016,SGI,49,11,10,572.00,"5,720.00"
2020-11-12,2020111204016030,SGI,42,34,20,573.00,"11,460.00"
2020-11-12,2020111204016029,SGI,42,5,10,572.00,"5,720.00"
2020-11-12,2020111204016028,SGI,42,52,10,572.00,"5,720.00"
2020-11-12,2020111204016027,SGI,42,5,10,572.00,"5,720.00"
2020-11-12,2020111204016026,SGI,8,58,10,571.00,"5,710.00"
2020-11-12,2020111204016023,SGI,8,1,10,571.00,"5,710.00"
2020-11-12,2020111204016038,SGI,8,38,10,571.00,"5,710.00"
2020-11-12,2020111204016037,SGI,8,11,10,571.00,"5,710.00"
2020-11-12,2020111204016036,SGI,8,38,10,571.00,"5,710.00"
2020-11-12,2020111204016034,SGI,8,48,10,571.00,"5,710.00"
2020-11-12,2020111204016033,SGI,8,38,10,571.00,"5,710.00"
2020-11-12,2020111204016032,SGI,8,58,10,571.00,"5,710.00"
2020-11-12,2020111204016046,SGI,8,38,10,571.00,"5,710.00"
2020-11-12,2020111204016045,SGI,8,43,10,571.00,"5,710.00"
2020-11-12,2020111204016044,SGI,8,42,10,571.00,"5,710.00"
2020-11-12,2020111204016043,SGI,8,58,10,571.00,"5,710.00"
2020-11-12,2020111204016042,SGI,8,38,10,571.00,"5,710.00"
2020-11-12,2020111204016041,SGI,8,26,10,571.00,"5,710.00"
2020-11-12,2020111204016058,SGI,1,4,10,571.00,"5,710.00"
2020-11-12,2020111204016053,SGI,1,38,10,571.00,"5,710.00"
2020-11-12,2020111204016051,SGI,8,58,10,571.00,"5,710.00"
2020-11-12,2020111204016049,SGI,8,38,10,571.00,"5,710.00"
2020-11-12,2020111204016048,SGI,8,38,10,571.00,"5,710.00"
2020-11-12,2020111204016047,SGI,8,54,10,571.00,"5,710.00"
2020-11-12,2020111204016064,SGI,54,38,10,571.00,"5,710.00"
2020-11-12,2020111204016063,SGI,42,41,10,572.00,"5,720.00"
2020-11-12,2020111204016062,SGI,1,43,10,571.00,"5,710.00"
2020-11-12,2020111204016061,SGI,1,41,10,571.00,"5,710.00"
2020-11-12,2020111204016060,SGI,1,34,10,571.00,"5,710.00"
2020-11-12,2020111204016059,SGI,1,32,10,571.00,"5,710.00"
2020-11-12,2020111204016072,SGI,44,38,10,571.00,"5,710.00"
2020-11-12,2020111204016071,SGI,54,42,10,571.00,"5,710.00"
2020-11-12,2020111204016070,SGI,54,32,10,571.00,"5,710.00"
2020-11-12,2020111204016069,SGI,54,51,10,571.00,"5,710.00"
2020-11-12,2020111204016068,SGI,54,29,10,571.00,"5,710.00"
2020-11-12,2020111204016065,SGI,49,41,10,572.00,"5,720.00"
2020-11-12,2020111204016081,SGI,41,38,10,572.00,"5,720.00"
2020-11-12,2020111204016079,SGI,41,29,10,572.00,"5,720.00"
2020-11-12,2020111204016078,SGI,44,38,10,571.00,"5,710.00"
2020-11-12,2020111204016077,SGI,44,38,10,571.00,"5,710.00"
2020-11-12,2020111204016076,SGI,44,43,10,571.00,"5,710.00"
2020-11-12,2020111204016073,SGI,44,59,10,571.00,"5,710.00"
2020-11-12,2020111204016087,SGI,44,38,10,571.00,"5,710.00"
2020-11-12,2020111204016086,SGI,41,38,10,572.00,"5,720.00"
2020-11-12,2020111204016085,SGI,41,33,10,572.00,"5,720.00"
2020-11-12,2020111204016084,SGI,41,6,10,572.00,"5,720.00"
2020-11-12,2020111204016083,SGI,41,34,10,572.00,"5,720.00"
2020-11-12,2020111204016082,SGI,41,34,10,572.00,"5,720.00"
2020-11-12,2020111204016095,SGI,41,38,10,572.00,"5,720.00"
2020-11-12,2020111204016094,SGI,41,33,10,572.00,"5,720.00"
2020-11-12,2020111204016092,SGI,41,29,10,572.00,"5,720.00"
2020-11-12,2020111204016091,SGI,41,43,10,572.00,"5,720.00"
2020-11-12,2020111204016089,SGI,44,38,10,571.00,"5,710.00"
2020-11-12,2020111204016088,SGI,44,38,10,571.00,"5,710.00"
2020-11-12,2020111204016101,SGI,49,49,10,573.00,"5,730.00"
2020-11-12,2020111204016100,SGI,49,29,10,573.00,"5,730.00"
2020-11-12,2020111204016099,SGI,41,38,10,572.00,"5,720.00"
2020-11-12,2020111204016098,SGI,41,38,10,572.00,"5,720.00"
2020-11-12,2020111204016097,SGI,41,38,10,572.00,"5,720.00"
2020-11-12,2020111204016096,SGI,41,34,10,572.00,"5,720.00"
2020-11-12,2020111204016111,SGI,26,34,10,571.00,"5,710.00"
2020-11-12,2020111204016110,SGI,26,57,10,571.00,"5,710.00"
2020-11-12,2020111204016105,SGI,44,38,10,571.00,"5,710.00"
2020-11-12,2020111204016104,SGI,44,38,10,571.00,"5,710.00"
2020-11-12,2020111204016103,SGI,41,29,10,572.00,"5,720.00"
2020-11-12,2020111204016102,SGI,41,5,10,572.00,"5,720.00"
2020-11-12,2020111204016117,SGI,26,38,10,571.00,"5,710.00"
2020-11-12,2020111204016116,SGI,34,14,10,572.00,"5,720.00"
2020-11-12,2020111204016115,SGI,34,42,10,572.00,"5,720.00"
2020-11-12,2020111204016114,SGI,26,38,10,571.00,"5,710.00"
2020-11-12,2020111204016113,SGI,26,59,10,571.00,"5,710.00"
2020-11-12,2020111204016112,SGI,26,4,10,571.00,"5,710.00"
2020-11-12,2020111204016126,SGI,26,59,10,571.00,"5,710.00"
2020-11-12,2020111204016124,SGI,26,59,10,571.00,"5,710.00"
2020-11-12,2020111204016123,SGI,26,58,10,571.00,"5,710.00"
2020-11-12,2020111204016120,SGI,26,38,10,571.00,"5,710.00"
2020-11-12,2020111204016119,SGI,26,45,10,571.00,"5,710.00"
2020-11-12,2020111204016118,SGI,26,42,10,571.00,"5,710.00"
2020-11-12,2020111204016132,SGI,38,58,10,572.00,"5,720.00"
2020-11-12,2020111204016131,SGI,38,39,10,572.00,"5,720.00"
2020-11-12,2020111204016130,SGI,38,46,10,572.00,"5,720.00"
2020-11-12,2020111204016129,SGI,26,6,10,571.00,"5,710.00"
2020-11-12,2020111204016128,SGI,53,38,10,572.00,"5,720.00"
2020-11-12,2020111204016127,SGI,26,50,10,571.00,"5,710.00"
2020-11-12,2020111204015177,BBC,34,51,20,"2,752.00","55,040.00"
2020-11-12,2020111204015486,GBD80/81,6,47,50,"1,040.00","52,000.00"
2020-11-12,2020111204015485,GBD80/81,6,47,25,"1,040.00","26,000.00"
2020-11-12,2020111204015619,GIC,11,33,10,534.00,"5,340.00"
2020-11-12,2020111204015610,GIC,25,25,10,535.00,"5,350.00"
2020-11-12,2020111204015606,GIC,25,46,10,535.00,"5,350.00"
2020-11-12,2020111204015592,GIC,25,42,10,535.00,"5,350.00"
2020-11-12,2020111204015591,GIC,25,42,10,535.00,"5,350.00"
2020-11-12,2020111204015590,GIC,25,7,10,535.00,"5,350.00"
2020-11-12,2020111204015164,GIC,19,47,10,535.00,"5,350.00"
2020-11-12,2020111204015147,GIC,19,58,10,535.00,"5,350.00"
2020-11-12,2020111204015285,GIC,11,39,10,534.00,"5,340.00"
2020-11-12,2020111204015283,GIC,43,42,10,535.00,"5,350.00"
2020-11-12,2020111204015274,GIC,11,40,10,534.00,"5,340.00"
2020-11-12,2020111204015226,GIC,46,8,10,535.00,"5,350.00"
2020-11-12,2020111204015223,GIC,19,35,10,535.00,"5,350.00"
2020-11-12,2020111204015203,GIC,19,55,10,535.00,"5,350.00"
2020-11-12,2020111204015372,GIC,11,50,10,534.00,"5,340.00"
2020-11-12,2020111204015368,GIC,11,11,10,534.00,"5,340.00"
2020-11-12,2020111204015331,GIC,11,29,50,534.00,"26,700.00"
2020-11-12,2020111204015320,GIC,11,58,10,534.00,"5,340.00"
2020-11-12,2020111204015295,GIC,11,56,10,534.00,"5,340.00"
2020-11-12,2020111204015287,GIC,11,10,10,534.00,"5,340.00"
2020-11-12,2020111204015453,GIC,11,13,10,534.00,"5,340.00"
2020-11-12,2020111204015444,GIC,11,32,10,534.00,"5,340.00"
2020-11-12,2020111204015432,GIC,11,44,10,534.00,"5,340.00"
2020-11-12,2020111204015412,GIC,11,43,10,534.00,"5,340.00"
2020-11-12,2020111204015385,GIC,11,40,10,534.00,"5,340.00"
2020-11-12,2020111204015375,GIC,11,35,10,534.00,"5,340.00"
2020-11-12,2020111204015479,GIC,11,32,10,534.00,"5,340.00"
2020-11-12,2020111204015465,GIC,11,58,10,534.00,"5,340.00"
2020-11-12,2020111204015464,GIC,11,32,10,534.00,"5,340.00"
2020-11-12,2020111204015459,GIC,11,13,10,534.00,"5,340.00"
2020-11-12,2020111204015458,GIC,11,32,10,534.00,"5,340.00"
2020-11-12,2020111204015456,GIC,11,3,10,534.00,"5,340.00"
2020-11-12,2020111204015508,GIC,11,32,10,534.00,"5,340.00"
2020-11-12,2020111204015503,GIC,11,32,10,534.00,"5,340.00"
2020-11-12,2020111204015501,GIC,11,35,10,534.00,"5,340.00"
2020-11-12,2020111204015494,GIC,11,32,10,534.00,"5,340.00"
2020-11-12,2020111204015483,GIC,22,36,350,535.00,"187,250.00"
2020-11-12,2020111204015482,GIC,22,4,10,535.00,"5,350.00"
2020-11-12,2020111204015579,GIC,11,33,10,534.00,"5,340.00"
2020-11-12,2020111204015548,GIC,11,43,10,534.00,"5,340.00"
2020-11-12,2020111204015534,GIC,11,17,10,534.00,"5,340.00"
2020-11-12,2020111204015524,GIC,11,32,10,534.00,"5,340.00"
2020-11-12,2020111204015522,GIC,11,17,10,534.00,"5,340.00"
2020-11-12,2020111204015516,GIC,11,32,10,534.00,"5,340.00"
2020-11-12,2020111204015571,GIMES1,45,59,"49,300",10.80,"532,440.00"
2020-11-12,2020111204015562,GIMES1,34,34,"100,000",10.70,"1,070,000.00"
2020-11-12,2020111204015532,LEMF,42,6,"5,000",10.10,"50,500.00"
2020-11-12,2020111204015495,LEMF,42,51,100,10.10,"1,010.00"
2020-11-12,2020111204015419,LEMF,42,44,"1,000",10.10,"10,100.00"
2020-11-12,2020111204015219,LEMF,45,17,"2,000",10.11,"20,220.00"
2020-11-12,2020111204015208,LEMF,45,17,"3,000",10.11,"30,330.00"
2020-11-12,2020111204015575,LUK,45,4,100,10.10,"1,010.00"
2020-11-12,2020111204015574,LUK,45,52,100,10.10,"1,010.00"
2020-11-12,2020111204015573,LUK,45,45,100,10.10,"1,010.00"
2020-11-12,2020111204015518,NBF2,45,32,"1,000",9.91,"9,910.00"
2020-11-12,2020111204015450,NBF2,45,17,"78,700",9.91,"779,917.00"
2020-11-12,2020111204015449,NBF2,34,17,"1,000",9.92,"9,920.00"
2020-11-12,2020111204015448,NBF2,22,17,"12,900",9.92,"127,968.00"
2020-11-12,2020111204015447,NBF2,3,17,500,9.93,"4,965.00"
2020-11-12,2020111204015446,NBF2,3,17,500,9.93,"4,965.00"
2020-11-12,2020111204015327,NBF2,3,4,500,9.93,"4,965.00"
2020-11-12,2020111204015558,NEF,42,49,"3,380",10.02,"33,867.60"
2020-11-12,2020111204015298,NEF,42,47,"36,561",10.02,"366,341.22"
2020-11-12,2020111204015192,NEF,42,6,"2,414",10.02,"24,188.28"
2020-11-12,2020111204015514,NIBLPF,42,44,"2,525",10.07,"25,426.75"
2020-11-12,2020111204015441,NIBLPF,19,36,237,10.10,"2,393.70"
2020-11-12,2020111204015440,NIBLPF,19,49,253,10.08,"2,550.24"
2020-11-12,2020111204015439,NIBLPF,19,11,101,10.08,"1,018.08"
2020-11-12,2020111204015438,NIBLPF,19,11,409,10.08,"4,122.72"
2020-11-12,2020111204015430,NIBLPF,19,11,500,10.08,"5,040.00"
2020-11-12,2020111204015429,NIBLPF,19,4,500,10.08,"5,040.00"
2020-11-12,2020111204015396,NIBLPF,42,19,505,10.07,"5,085.35"
2020-11-12,2020111204015383,NIBLPF,42,19,505,10.07,"5,085.35"
2020-11-12,2020111204015373,NIBLPF,42,19,100,10.07,"1,007.00"
2020-11-12,2020111204015391,NIBPO,28,28,"1,000",375.00,"375,000.00"
2020-11-12,2020111204015390,NIBPO,28,22,500,375.00,"187,500.00"
2020-11-12,2020111204015389,NIBPO,28,38,114,375.00,"42,750.00"
2020-11-12,2020111204015225,NIBPO,54,38,386,375.00,"144,750.00"
2020-11-12,2020111204015519,NIBSF1,19,28,"1,000",10.65,"10,650.00"
2020-11-12,2020111204015162,NMBHF1,49,7,"5,177",10.17,"52,650.09"
2020-11-12,2020111204015161,NMBHF1,49,11,416,10.16,"4,226.56"
2020-11-12,2020111204015160,NMBHF1,49,34,750,10.16,"7,620.00"
2020-11-12,2020111204015159,NMBHF1,49,52,832,10.16,"8,453.12"
2020-11-12,2020111204015158,NMBHF1,49,5,832,10.16,"8,453.12"
2020-11-12,2020111204015157,NMBHF1,49,47,"1,993",10.14,"20,209.02"
2020-11-12,2020111204015442,RBCLPO,42,17,20,"13,800.00","276,000.00"
2020-11-12,2020111204015231,RBCLPO,42,17,20,"13,770.00","275,400.00"
2020-11-12,2020111204015230,RBCLPO,42,17,10,"13,770.00","137,700.00"
2020-11-12,2020111204015211,RBCLPO,42,43,10,"13,770.00","137,700.00"
2020-11-12,2020111204015189,RBCLPO,46,42,10,"13,500.00","135,000.00"
2020-11-12,2020111204015188,RBCLPO,35,42,"1,000","13,500.00","13,500,000.00"
2020-11-12,2020111204015148,RBCLPO,6,42,50,"13,650.00","682,500.00"
2020-11-12,2020111204015181,RBCLPO,35,42,10,"13,622.00","136,220.00"
2020-11-12,2020111204015153,RBCLPO,35,42,490,"13,622.00","6,674,780.00"
2020-11-12,2020111204015152,RBCLPO,41,42,20,"13,624.00","272,480.00"
2020-11-12,2020111204015151,RBCLPO,19,42,20,"13,630.00","272,600.00"
2020-11-12,2020111204015150,RBCLPO,38,42,190,"13,630.00","2,589,700.00"
2020-11-12,2020111204015149,RBCLPO,38,42,56,"13,650.00","764,400.00"
2020-11-12,2020111204015187,RBCLPO,59,42,10,"13,500.00","135,000.00"
2020-11-12,2020111204015186,RBCLPO,35,42,500,"13,500.00","6,750,000.00"
2020-11-12,2020111204015185,RBCLPO,26,42,10,"13,500.00","135,000.00"
2020-11-12,2020111204015184,RBCLPO,38,42,20,"13,560.00","271,200.00"
2020-11-12,2020111204015183,RBCLPO,41,42,30,"13,561.00","406,830.00"
2020-11-12,2020111204015182,RBCLPO,38,42,50,"13,600.00","680,000.00"
2020-11-12,2020111204015569,SAEF,45,22,"1,000",11.23,"11,230.00"
2020-11-12,2020111204015541,SAEF,45,50,"20,000",11.23,"224,600.00"
2020-11-12,2020111204015537,SAEF,33,45,500,11.25,"5,625.00"
2020-11-12,2020111204015536,SAEF,33,25,500,11.25,"5,625.00"
2020-11-12,2020111204015535,SAEF,33,28,"50,000",11.25,"562,500.00"
2020-11-12,2020111204015530,SAEF,45,49,"2,000",11.23,"22,460.00"
2020-11-12,2020111204015470,SAEF,45,6,200,11.04,"2,208.00"
2020-11-12,2020111204015469,SAEF,45,25,300,11.04,"3,312.00"
2020-11-12,2020111204015468,SAEF,45,25,"1,000",11.01,"11,010.00"
2020-11-12,2020111204015467,SAEF,45,22,200,11.01,"2,202.00"
2020-11-12,2020111204015466,SAEF,45,16,"2,400",11.00,"26,400.00"
2020-11-12,2020111204015496,SAEF,45,58,"5,000",11.23,"56,150.00"
2020-11-12,2020111204015475,SAEF,45,58,"5,000",11.23,"56,150.00"
2020-11-12,2020111204015474,SAEF,45,10,600,11.23,"6,738.00"
2020-11-12,2020111204015473,SAEF,45,53,"1,000",11.22,"11,220.00"
2020-11-12,2020111204015472,SAEF,45,35,500,11.20,"5,600.00"
2020-11-12,2020111204015471,SAEF,45,29,"5,000",11.20,"56,000.00"
2020-11-12,2020111204015637,SEF,28,45,500,10.30,"5,150.00"
2020-11-12,2020111204015487,SEF,28,22,300,10.30,"3,090.00"
2020-11-12,2020111204015357,SEF,28,17,"1,000",10.30,"10,300.00"
2020-11-12,2020111204015638,SGI,8,44,10,570.00,"5,700.00"
2020-11-12,2020111204015636,SGI,8,32,10,570.00,"5,700.00"
2020-11-12,2020111204015635,SGI,8,38,10,570.00,"5,700.00"
2020-11-12,2020111204015634,SGI,46,45,10,570.00,"5,700.00"
2020-11-12,2020111204015633,SGI,46,39,10,570.00,"5,700.00"
2020-11-12,2020111204015632,SGI,46,40,10,570.00,"5,700.00"
2020-11-12,2020111204015139,SGI,11,38,10,572.00,"5,720.00"
2020-11-12,2020111204015145,SGI,11,39,10,572.00,"5,720.00"
2020-11-12,2020111204015144,SGI,11,1,10,572.00,"5,720.00"
2020-11-12,2020111204015143,SGI,11,38,10,572.00,"5,720.00"
2020-11-12,2020111204015142,SGI,11,38,10,572.00,"5,720.00"
2020-11-12,2020111204015141,SGI,11,8,10,572.00,"5,720.00"
2020-11-12,2020111204015140,SGI,11,46,10,572.00,"5,720.00"
2020-11-12,2020111204015165,SGI,11,8,10,572.00,"5,720.00"
2020-11-12,2020111204015163,SGI,11,38,10,572.00,"5,720.00"
2020-11-12,2020111204015156,SGI,11,38,10,572.00,"5,720.00"
2020-11-12,2020111204015155,SGI,11,58,10,572.00,"5,720.00"
2020-11-12,2020111204015154,SGI,11,58,10,572.00,"5,720.00"
2020-11-12,2020111204015146,SGI,11,19,10,572.00,"5,720.00"
2020-11-12,2020111204015171,SGI,43,28,10,572.00,"5,720.00"
2020-11-12,2020111204015170,SGI,11,39,10,572.00,"5,720.00"
2020-11-12,2020111204015169,SGI,11,38,10,572.00,"5,720.00"
2020-11-12,2020111204015168,SGI,11,14,10,572.00,"5,720.00"
2020-11-12,2020111204015167,SGI,11,38,10,572.00,"5,720.00"
2020-11-12,2020111204015166,SGI,11,56,10,572.00,"5,720.00"
2020-11-12,2020111204015178,SGI,43,38,10,571.00,"5,710.00"
2020-11-12,2020111204015176,SGI,43,14,10,571.00,"5,710.00"
2020-11-12,2020111204015175,SGI,43,37,10,571.00,"5,710.00"
2020-11-12,2020111204015174,SGI,43,8,10,571.00,"5,710.00"
2020-11-12,2020111204015173,SGI,43,1,10,572.00,"5,720.00"
2020-11-12,2020111204015172,SGI,43,21,10,572.00,"5,720.00"
2020-11-12,2020111204015194,SGI,43,39,10,571.00,"5,710.00"
2020-11-12,2020111204015193,SGI,43,14,10,571.00,"5,710.00"
2020-11-12,2020111204015191,SGI,43,8,10,571.00,"5,710.00"
2020-11-12,2020111204015190,SGI,43,56,10,571.00,"5,710.00"
2020-11-12,2020111204015180,SGI,43,39,10,571.00,"5,710.00"
2020-11-12,2020111204015179,SGI,43,41,10,571.00,"5,710.00"
2020-11-12,2020111204015200,SGI,43,8,10,571.00,"5,710.00"
2020-11-12,2020111204015199,SGI,43,38,10,571.00,"5,710.00"
2020-11-12,2020111204015198,SGI,43,29,10,571.00,"5,710.00"
2020-11-12,2020111204015197,SGI,43,58,10,571.00,"5,710.00"
2020-11-12,2020111204015196,SGI,43,56,10,571.00,"5,710.00"
2020-11-12,2020111204015195,SGI,43,52,10,571.00,"5,710.00"
2020-11-12,2020111204015207,SGI,43,38,10,571.00,"5,710.00"
2020-11-12,2020111204015206,SGI,43,16,10,571.00,"5,710.00"
2020-11-12,2020111204015205,SGI,43,33,10,571.00,"5,710.00"
2020-11-12,2020111204015204,SGI,43,43,10,571.00,"5,710.00"
2020-11-12,2020111204015202,SGI,43,52,10,571.00,"5,710.00"
