Date,Transact. No.,Symbol,Buyer,Seller,Quantity,Rate,Amount
2019-02-05,2019020501004328,ADBL,22,50,105,338.00,"35,490.00"
2019-02-05,2019020501004287,ADBL,44,32,31,339.00,"10,509.00"
2019-02-05,2019020501004159,ADBL,58,32,100,339.00,"33,900.00"
2019-02-05,2019020501004158,ADBL,35,32,266,339.00,"90,174.00"
2019-02-05,2019020501003995,ADBL,35,16,200,339.00,"67,800.00"
2019-02-05,2019020501004195,AHPC,11,4,50,101.00,"5,050.00"
2019-02-05,2019020501004010,AKJCL,34,39,10,85.00,850.00
2019-02-05,2019020501004468,AKPL,5,19,200,182.00,"36,400.00"
2019-02-05,2019020501004344,AKPL,14,26,10,183.00,"1,830.00"
2019-02-05,2019020501004277,ALICL,38,13,170,602.00,"102,340.00"
2019-02-05,2019020501004276,ALICL,34,13,90,603.00,"54,270.00"
2019-02-05,2019020501004331,API,35,25,200,140.00,"28,000.00"
2019-02-05,2019020501004254,API,25,25,50,140.00,"7,000.00"
2019-02-05,2019020501004149,API,25,57,100,139.00,"13,900.00"
2019-02-05,2019020501004136,API,46,25,500,138.00,"69,000.00"
2019-02-05,2019020501004341,BOKL,19,25,200,247.00,"49,400.00"
2019-02-05,2019020501004237,BOKL,48,38,"2,067",250.00,"516,750.00"
2019-02-05,2019020501004236,BOKL,48,10,200,250.00,"50,000.00"
2019-02-05,2019020501004235,BOKL,48,45,200,250.00,"50,000.00"
2019-02-05,2019020501004234,BOKL,48,10,100,250.00,"25,000.00"
2019-02-05,2019020501004233,BOKL,48,19,50,250.00,"12,500.00"
2019-02-05,2019020501004232,BOKL,48,5,40,250.00,"10,000.00"
2019-02-05,2019020501004231,BOKL,48,58,200,249.00,"49,800.00"
2019-02-05,2019020501004230,BOKL,48,55,143,249.00,"35,607.00"
2019-02-05,2019020501004466,CBBL,46,58,300,873.00,"261,900.00"
2019-02-05,2019020501004465,CBBL,58,58,100,873.00,"87,300.00"
2019-02-05,2019020501004464,CBBL,50,58,100,873.00,"87,300.00"
2019-02-05,2019020501004463,CBBL,26,58,200,873.00,"174,600.00"
2019-02-05,2019020501004462,CBBL,26,58,30,873.00,"26,190.00"
2019-02-05,2019020501004122,CBBL,50,42,50,876.00,"43,800.00"
2019-02-05,2019020501004177,CBBL,6,32,200,878.00,"175,600.00"
2019-02-05,2019020501004329,CBBL,26,35,100,879.00,"87,900.00"
2019-02-05,2019020501004317,CBBL,50,13,150,876.00,"131,400.00"
2019-02-05,2019020501004316,CBBL,6,13,100,877.00,"87,700.00"
2019-02-05,2019020501004264,CBBL,53,35,500,879.00,"439,500.00"
2019-02-05,2019020501004380,CBBL,29,4,150,876.00,"131,400.00"
2019-02-05,2019020501004379,CBBL,50,4,350,876.00,"306,600.00"
2019-02-05,2019020501004461,CBBL,48,58,50,874.00,"43,700.00"
2019-02-05,2019020501004460,CBBL,8,58,50,874.00,"43,700.00"
2019-02-05,2019020501004459,CBBL,33,58,320,874.00,"279,680.00"
2019-02-05,2019020501004426,CBBL,33,58,"1,680",874.00,"1,468,320.00"
2019-02-05,2019020501004425,CBBL,55,58,200,874.00,"174,800.00"
2019-02-05,2019020501004424,CBBL,29,58,120,876.00,"105,120.00"
2019-02-05,2019020501004138,CBL,48,28,"2,000",158.00,"316,000.00"
2019-02-05,2019020501004100,CBL,16,28,100,158.00,"15,800.00"
2019-02-05,2019020501004040,CBL,37,28,"2,000",158.00,"316,000.00"
2019-02-05,2019020501004039,CBL,37,28,200,158.00,"31,600.00"
2019-02-05,2019020501004038,CBL,55,28,690,158.00,"109,020.00"
2019-02-05,2019020501004028,CBL,55,57,120,158.00,"18,960.00"
2019-02-05,2019020501004340,CCBL,1,34,300,167.00,"50,100.00"
2019-02-05,2019020501004113,CCBL,47,34,120,167.00,"20,040.00"
2019-02-05,2019020501004050,CCBL,47,42,80,167.00,"13,360.00"
2019-02-05,2019020501004225,CFCL,40,1,162,110.00,"17,820.00"
2019-02-05,2019020501004224,CFCL,25,1,84,110.00,"9,240.00"
2019-02-05,2019020501004062,CFCL,25,49,22,110.00,"2,420.00"
2019-02-05,2019020501004012,CHCL,40,56,49,514.00,"25,186.00"
2019-02-05,2019020501004326,CIT,56,22,40,"2,698.00","107,920.00"
2019-02-05,2019020501004325,CIT,41,22,40,"2,698.00","107,920.00"
2019-02-05,2019020501004324,CIT,32,22,20,"2,698.00","53,960.00"
2019-02-05,2019020501004278,CIT,1,43,100,"2,699.00","269,900.00"
2019-02-05,2019020501004162,CIT,4,28,100,"2,700.00","270,000.00"
2019-02-05,2019020501004161,CIT,4,19,20,"2,700.00","54,000.00"
2019-02-05,2019020501004160,CIT,4,34,300,"2,700.00","810,000.00"
2019-02-05,2019020501004030,CIT,1,28,79,"2,700.00","213,300.00"
2019-02-05,2019020501004210,CLBSL,39,49,10,694.00,"6,940.00"
2019-02-05,2019020501004209,CLBSL,39,26,10,690.00,"6,900.00"
2019-02-05,2019020501004046,CMF1,22,13,400,9.00,"3,600.00"
2019-02-05,2019020501004351,CZBIL,22,6,60,206.00,"12,360.00"
2019-02-05,2019020501004263,CZBIL,36,22,250,207.00,"51,750.00"
2019-02-05,2019020501004183,CZBIL,22,21,40,206.00,"8,240.00"
2019-02-05,2019020501004413,DDBL,25,59,144,590.00,"84,960.00"
2019-02-05,2019020501004412,DDBL,25,53,494,588.00,"290,472.00"
2019-02-05,2019020501004411,DDBL,25,59,100,588.00,"58,800.00"
2019-02-05,2019020501004410,DDBL,25,28,150,587.00,"88,050.00"
2019-02-05,2019020501004409,DDBL,25,52,112,586.00,"65,632.00"
2019-02-05,2019020501004253,DDBL,55,19,20,585.00,"11,700.00"
2019-02-05,2019020501004148,DDBL,55,10,50,580.00,"29,000.00"
2019-02-05,2019020501004147,DDBL,55,37,160,580.00,"92,800.00"
2019-02-05,2019020501004146,DDBL,55,1,100,579.00,"57,900.00"
2019-02-05,2019020501004004,DDBL,55,6,69,576.00,"39,744.00"
2019-02-05,2019020501004374,EBL,25,28,100,518.00,"51,800.00"
2019-02-05,2019020501004373,EBL,14,28,40,518.00,"20,720.00"
2019-02-05,2019020501004335,EBL,7,32,10,519.00,"5,190.00"
2019-02-05,2019020501004291,EBL,14,44,160,518.00,"82,880.00"
2019-02-05,2019020501004227,EBL,56,44,200,518.00,"103,600.00"
2019-02-05,2019020501004388,EDBL,1,43,500,283.00,"141,500.00"
2019-02-05,2019020501004377,EDBL,35,57,260,282.00,"73,320.00"
2019-02-05,2019020501004285,EIC,33,49,100,820.00,"82,000.00"
2019-02-05,2019020501004107,FMDBL,34,5,30,370.00,"11,100.00"
2019-02-05,2019020501004091,FMDBL,34,26,10,375.00,"3,750.00"
2019-02-05,2019020501004009,FMDBL,34,14,54,370.00,"19,980.00"
2019-02-05,2019020501004008,FMDBL,57,14,100,370.00,"37,000.00"
2019-02-05,2019020501004301,FOWAD,33,21,199,"1,578.00","314,022.00"
2019-02-05,2019020501004300,FOWAD,16,21,51,"1,579.00","80,529.00"
2019-02-05,2019020501004117,FOWAD,16,52,39,"1,579.00","61,581.00"
2019-02-05,2019020501004102,FOWAD,16,55,205,"1,579.00","323,695.00"
2019-02-05,2019020501004049,FOWAD,16,49,15,"1,579.00","23,685.00"
2019-02-05,2019020501004026,FOWAD,16,28,175,"1,579.00","276,325.00"
2019-02-05,2019020501004365,GBBL,41,56,87,185.00,"16,095.00"
2019-02-05,2019020501004150,GBBL,41,34,30,185.00,"5,550.00"
2019-02-05,2019020501003996,GBBL,34,55,30,186.00,"5,580.00"
2019-02-05,2019020501004402,GBLBS,32,43,50,449.00,"22,450.00"
2019-02-05,2019020501004332,GBLBS,32,43,20,449.00,"8,980.00"
2019-02-05,2019020501004271,GBLBS,32,42,20,449.00,"8,980.00"
2019-02-05,2019020501004173,GBLBS,32,59,10,449.00,"4,490.00"
2019-02-05,2019020501004115,GBLBS,17,17,10,448.00,"4,480.00"
2019-02-05,2019020501004086,GBLBS,45,49,10,447.00,"4,470.00"
2019-02-05,2019020501004077,GBLBS,5,55,900,449.00,"404,100.00"
2019-02-05,2019020501004076,GBLBS,5,58,100,448.00,"44,800.00"
2019-02-05,2019020501004021,GBLBS,39,35,15,449.00,"6,735.00"
2019-02-05,2019020501004298,GDBL,40,19,130,182.00,"23,660.00"
2019-02-05,2019020501004228,GILB,34,57,19,"1,190.00","22,610.00"
2019-02-05,2019020501004013,GILB,37,4,24,"1,190.00","28,560.00"
2019-02-05,2019020501004085,GLICL,22,29,100,715.00,"71,500.00"
2019-02-05,2019020501004487,GUFL,49,7,10,106.00,"1,060.00"
2019-02-05,2019020501004423,GUFL,57,26,125,104.00,"13,000.00"
2019-02-05,2019020501004422,GUFL,57,26,100,105.00,"10,500.00"
2019-02-05,2019020501004193,HATH,55,47,300,114.00,"34,200.00"
2019-02-05,2019020501004315,HBL,29,7,12,436.00,"5,232.00"
2019-02-05,2019020501004314,HBL,45,7,15,438.00,"6,570.00"
2019-02-05,2019020501004313,HBL,40,7,18,438.00,"7,884.00"
2019-02-05,2019020501004485,HGI,22,34,10,394.00,"3,940.00"
2019-02-05,2019020501004090,HIDCL,19,49,50,139.00,"6,950.00"
2019-02-05,2019020501004020,HIDCL,22,19,500,139.00,"69,500.00"
2019-02-05,2019020501004019,HIDCL,49,19,463,139.00,"64,357.00"
2019-02-05,2019020501004025,HPPL,17,13,10,179.00,"1,790.00"
2019-02-05,2019020501003997,HPPL,17,25,10,179.00,"1,790.00"
2019-02-05,2019020501004280,JBBL,57,7,38,137.00,"5,206.00"
2019-02-05,2019020501004262,JSLBB,40,40,4,"2,510.00","10,040.00"
2019-02-05,2019020501004197,JSLBB,38,47,80,"2,505.00","200,400.00"
2019-02-05,2019020501004191,JSLBB,47,34,14,"2,510.00","35,140.00"
2019-02-05,2019020501004175,JSLBB,47,41,19,"2,510.00","47,690.00"
2019-02-05,2019020501004114,JSLBB,47,40,14,"2,510.00","35,140.00"
2019-02-05,2019020501004103,JSLBB,10,40,10,"2,510.00","25,100.00"
2019-02-05,2019020501004089,JSLBB,10,40,14,"2,510.00","35,140.00"
2019-02-05,2019020501004075,JSLBB,38,40,118,"2,511.00","296,298.00"
2019-02-05,2019020501004286,KBL,28,7,40,242.00,"9,680.00"
2019-02-05,2019020501004067,KBL,16,58,100,243.00,"24,300.00"
2019-02-05,2019020501004178,KNBL,22,50,90,121.00,"10,890.00"
2019-02-05,2019020501004137,KPCL,39,17,10,94.00,940.00
2019-02-05,2019020501004172,KPCL,58,17,10,94.00,940.00
2019-02-05,2019020501004203,KPCL,58,17,10,94.00,940.00
2019-02-05,2019020501004180,KPCL,58,17,10,94.00,940.00
2019-02-05,2019020501004346,KPCL,58,57,10,94.00,940.00
2019-02-05,2019020501004134,KSBBL,14,51,316,136.00,"42,976.00"
2019-02-05,2019020501004133,KSBBL,48,51,200,136.00,"27,200.00"
2019-02-05,2019020501004132,KSBBL,17,51,17,136.00,"2,312.00"
2019-02-05,2019020501004131,KSBBL,48,51,467,136.00,"63,512.00"
2019-02-05,2019020501004372,LBL,55,16,"1,833",196.00,"359,268.00"
2019-02-05,2019020501004371,LBL,45,16,950,196.00,"186,200.00"
2019-02-05,2019020501004342,LBL,45,43,50,196.00,"9,800.00"
2019-02-05,2019020501004378,LGIL,43,6,10,528.00,"5,280.00"
2019-02-05,2019020501004120,LGIL,34,26,22,527.00,"11,594.00"
2019-02-05,2019020501004458,LICN,49,50,293,"1,700.00","498,100.00"
2019-02-05,2019020501004294,LLBS,18,26,10,802.00,"8,020.00"
2019-02-05,2019020501004273,LLBS,48,14,118,790.00,"93,220.00"
2019-02-05,2019020501004192,MBL,17,46,100,210.00,"21,000.00"
2019-02-05,2019020501004182,MBL,17,46,400,210.00,"84,000.00"
2019-02-05,2019020501004181,MBL,35,46,"3,600",210.00,"756,000.00"
2019-02-05,2019020501004456,MDB,28,14,100,274.00,"27,400.00"
2019-02-05,2019020501004419,MDB,34,55,100,275.00,"27,500.00"
2019-02-05,2019020501004418,MDB,42,55,100,275.00,"27,500.00"
2019-02-05,2019020501004016,MDB,16,55,100,275.00,"27,500.00"
2019-02-05,2019020501004470,MEGA,43,55,10,164.00,"1,640.00"
2019-02-05,2019020501004219,MEGA,38,7,200,163.00,"32,600.00"
2019-02-05,2019020501004121,MEGA,25,55,200,164.00,"32,800.00"
2019-02-05,2019020501004109,MEGA,43,55,100,164.00,"16,400.00"
2019-02-05,2019020501004401,MERO,39,49,75,"1,118.00","83,850.00"
2019-02-05,2019020501004322,MERO,21,21,3,"1,094.00","3,282.00"
2019-02-05,2019020501004211,MERO,21,21,1,"1,100.00","1,100.00"
2019-02-05,2019020501004059,MERO,44,50,32,"1,122.00","35,904.00"
2019-02-05,2019020501004057,MERO,44,51,16,"1,122.00","17,952.00"
2019-02-05,2019020501003992,MERO,44,19,48,"1,122.00","53,856.00"
2019-02-05,2019020501004208,MERO,33,17,48,"1,116.00","53,568.00"
2019-02-05,2019020501004207,MERO,51,17,10,"1,116.00","11,160.00"
2019-02-05,2019020501004206,MERO,50,17,68,"1,117.00","75,956.00"
2019-02-05,2019020501004196,MERO,39,49,25,"1,118.00","27,950.00"
2019-02-05,2019020501004185,MERO,4,51,50,"1,120.00","56,000.00"
2019-02-05,2019020501004151,MERO,19,51,10,"1,120.00","11,200.00"
2019-02-05,2019020501004299,MLBBL,34,17,27,611.00,"16,497.00"
2019-02-05,2019020501004204,MLBBL,34,41,50,619.00,"30,950.00"
2019-02-05,2019020501004124,MLBL,33,25,10,169.00,"1,690.00"
2019-02-05,2019020501004399,MNBBL,50,28,50,343.00,"17,150.00"
2019-02-05,2019020501004347,MNBBL,49,14,950,342.00,"324,900.00"
2019-02-05,2019020501004336,MNBBL,16,28,100,343.00,"34,300.00"
2019-02-05,2019020501004323,MNBBL,13,28,63,343.00,"21,609.00"
2019-02-05,2019020501004265,MNBBL,35,14,50,344.00,"17,200.00"
2019-02-05,2019020501004244,MNBBL,13,28,437,343.00,"149,891.00"
2019-02-05,2019020501004212,MNBBL,43,28,24,345.00,"8,280.00"
2019-02-05,2019020501004218,MNBBL,36,28,200,343.00,"68,600.00"
2019-02-05,2019020501004217,MNBBL,35,28,500,343.00,"171,500.00"
2019-02-05,2019020501004216,MNBBL,35,28,239,343.00,"81,977.00"
2019-02-05,2019020501004215,MNBBL,17,28,300,344.00,"103,200.00"
2019-02-05,2019020501004214,MNBBL,46,28,200,344.00,"68,800.00"
2019-02-05,2019020501004213,MNBBL,48,28,100,345.00,"34,500.00"
2019-02-05,2019020501004099,MSMBS,55,49,11,540.00,"5,940.00"
2019-02-05,2019020501004481,NABILP,16,35,30,738.00,"22,140.00"
2019-02-05,2019020501004319,NABILP,43,35,270,738.00,"199,260.00"
2019-02-05,2019020501004318,NABILP,43,11,150,737.00,"110,550.00"
2019-02-05,2019020501004295,NABILP,16,38,120,735.00,"88,200.00"
2019-02-05,2019020501004194,NABILP,19,32,200,736.00,"147,200.00"
2019-02-05,2019020501004104,NADEP,48,49,10,782.00,"7,820.00"
2019-02-05,2019020501004391,NBB,11,1,846,185.00,"156,510.00"
2019-02-05,2019020501004390,NBB,11,25,154,185.00,"28,490.00"
2019-02-05,2019020501004268,NBB,43,33,186,184.00,"34,224.00"
2019-02-05,2019020501004267,NBB,13,33,14,184.00,"2,576.00"
2019-02-05,2019020501004143,NBB,42,1,125,185.00,"23,125.00"
2019-02-05,2019020501004093,NBB,29,1,20,185.00,"3,700.00"
2019-02-05,2019020501004092,NBB,29,6,80,185.00,"14,800.00"
2019-02-05,2019020501004005,NBB,34,6,20,185.00,"3,700.00"
2019-02-05,2019020501004417,NBBL,55,34,20,720.00,"14,400.00"
2019-02-05,2019020501004312,NBBL,47,34,20,720.00,"14,400.00"
2019-02-05,2019020501004270,NBBL,33,17,16,715.00,"11,440.00"
2019-02-05,2019020501004489,NBL,49,45,10,290.00,"2,900.00"
2019-02-05,2019020501004297,NBL,6,33,"1,000",289.00,"289,000.00"
2019-02-05,2019020501004201,NBL,6,36,"2,975",289.00,"859,775.00"
2019-02-05,2019020501004200,NBL,10,36,"3,000",289.00,"867,000.00"
2019-02-05,2019020501004199,NBL,47,36,25,289.00,"7,225.00"
2019-02-05,2019020501004163,NBL,47,14,100,289.00,"28,900.00"
2019-02-05,2019020501004079,NBL,47,35,75,289.00,"21,675.00"
2019-02-05,2019020501004078,NBL,56,35,125,289.00,"36,125.00"
2019-02-05,2019020501004334,NCCB,34,45,520,212.00,"110,240.00"
2019-02-05,2019020501004333,NCCB,28,45,300,212.00,"63,600.00"
2019-02-05,2019020501004112,NCCB,28,1,200,212.00,"42,400.00"
2019-02-05,2019020501004111,NCCB,32,1,100,212.00,"21,200.00"
2019-02-05,2019020501004110,NCCB,51,1,100,212.00,"21,200.00"
2019-02-05,2019020501004073,NCCB,17,34,20,212.00,"4,240.00"
2019-02-05,2019020501004421,NGPL,1,39,10,130.00,"1,300.00"
2019-02-05,2019020501004366,NGPL,1,41,74,129.00,"9,546.00"
2019-02-05,2019020501004116,NGPL,1,49,11,127.00,"1,397.00"
2019-02-05,2019020501004189,NHPC,7,57,"2,000",66.00,"132,000.00"
2019-02-05,2019020501004188,NHPC,7,39,500,66.00,"33,000.00"
2019-02-05,2019020501004096,NHPC,25,33,360,65.00,"23,400.00"
2019-02-05,2019020501004363,NIB,16,54,20,525.00,"10,500.00"
2019-02-05,2019020501004119,NIB,45,49,52,523.00,"27,196.00"
2019-02-05,2019020501004118,NIB,39,49,48,524.00,"25,152.00"
2019-02-05,2019020501004108,NIB,39,49,14,524.00,"7,336.00"
2019-02-05,2019020501004084,NIB,39,34,10,524.00,"5,240.00"
2019-02-05,2019020501004058,NIB,39,44,28,524.00,"14,672.00"
2019-02-05,2019020501003999,NIB,40,46,50,524.00,"26,200.00"
2019-02-05,2019020501003998,NIB,34,46,372,524.00,"194,928.00"
2019-02-05,2019020501004036,NIB,4,44,50,524.00,"26,200.00"
2019-02-05,2019020501004035,NIB,13,44,122,524.00,"63,928.00"
2019-02-05,2019020501004002,NIB,13,46,78,524.00,"40,872.00"
2019-02-05,2019020501004001,NIB,1,46,200,524.00,"104,800.00"
2019-02-05,2019020501004000,NIB,14,46,100,524.00,"52,400.00"
2019-02-05,2019020501004187,NIBPO,19,16,190,482.00,"91,580.00"
2019-02-05,2019020501004186,NIBPO,19,6,10,480.00,"4,800.00"
2019-02-05,2019020501004445,NICA,35,4,352,389.00,"136,928.00"
2019-02-05,2019020501004444,NICA,21,4,200,389.00,"77,800.00"
2019-02-05,2019020501004443,NICA,45,4,250,389.00,"97,250.00"
2019-02-05,2019020501004442,NICA,3,4,10,389.00,"3,890.00"
2019-02-05,2019020501004441,NICA,58,4,188,389.00,"73,132.00"
2019-02-05,2019020501004387,NICA,43,52,231,390.00,"90,090.00"
2019-02-05,2019020501004386,NICA,43,59,269,390.00,"104,910.00"
2019-02-05,2019020501004364,NICA,43,59,500,390.00,"195,000.00"
2019-02-05,2019020501004269,NICA,58,4,500,389.00,"194,500.00"
2019-02-05,2019020501004139,NICA,58,36,12,389.00,"4,668.00"
2019-02-05,2019020501003991,NICGF,21,34,500,9.20,"4,600.00"
2019-02-05,2019020501004483,NICL,16,42,20,557.00,"11,140.00"
2019-02-05,2019020501004027,NICL,45,44,20,555.00,"11,100.00"
2019-02-05,2019020501004018,NICL,41,44,200,555.00,"111,000.00"
2019-02-05,2019020501004017,NICL,17,44,81,555.00,"44,955.00"
2019-02-05,2019020501004007,NICL,41,55,94,556.00,"52,264.00"
2019-02-05,2019020501004241,NICL,42,55,200,552.00,"110,400.00"
2019-02-05,2019020501004240,NICL,45,55,100,552.00,"55,200.00"
2019-02-05,2019020501004239,NICL,45,55,17,553.00,"9,401.00"
2019-02-05,2019020501004144,NICL,5,13,451,556.00,"250,756.00"
2019-02-05,2019020501004125,NICL,5,44,199,555.00,"110,445.00"
2019-02-05,2019020501004243,NICL,16,55,83,552.00,"45,816.00"
2019-02-05,2019020501004242,NICL,6,55,100,552.00,"55,200.00"
2019-02-05,2019020501004408,NICL,32,43,50,553.00,"27,650.00"
2019-02-05,2019020501004350,NICL,52,55,68,551.00,"37,468.00"
2019-02-05,2019020501004349,NICL,16,55,17,552.00,"9,384.00"
2019-02-05,2019020501004348,NICL,49,55,15,553.00,"8,295.00"
2019-02-05,2019020501004165,NIL,44,50,50,536.00,"26,800.00"
2019-02-05,2019020501004061,NIL,44,35,50,532.00,"26,600.00"
2019-02-05,2019020501004060,NIL,6,35,50,533.00,"26,650.00"
2019-02-05,2019020501004205,NLBBL,55,16,100,471.00,"47,100.00"
2019-02-05,2019020501004190,NLBBL,40,16,50,470.00,"23,500.00"
2019-02-05,2019020501004362,NLG,34,56,40,830.00,"33,200.00"
2019-02-05,2019020501004361,NLG,34,56,25,830.00,"20,750.00"
2019-02-05,2019020501004360,NLG,34,56,50,830.00,"41,500.00"
2019-02-05,2019020501004359,NLG,35,56,20,830.00,"16,600.00"
2019-02-05,2019020501004358,NLG,45,56,50,830.00,"41,500.00"
2019-02-05,2019020501004357,NLG,52,56,35,830.00,"29,050.00"
2019-02-05,2019020501004356,NLG,41,56,300,831.00,"249,300.00"
2019-02-05,2019020501004355,NLG,42,56,200,832.00,"166,400.00"
2019-02-05,2019020501004354,NLG,22,56,200,833.00,"166,600.00"
2019-02-05,2019020501004353,NLG,35,56,10,833.00,"8,330.00"
2019-02-05,2019020501004166,NLG,25,38,12,846.00,"10,152.00"
2019-02-05,2019020501004383,NLIC,35,43,20,"1,071.00","21,420.00"
2019-02-05,2019020501004184,NLIC,35,1,17,"1,071.00","18,207.00"
2019-02-05,2019020501004154,NLIC,35,1,17,"1,071.00","18,207.00"
2019-02-05,2019020501004135,NLIC,35,1,17,"1,071.00","18,207.00"
2019-02-05,2019020501004088,NLIC,46,42,99,"1,072.00","106,128.00"
2019-02-05,2019020501004087,NLIC,17,42,50,"1,073.00","53,650.00"
2019-02-05,2019020501004031,NLIC,17,32,17,"1,074.00","18,258.00"
2019-02-05,2019020501004252,NLICL,34,8,60,663.00,"39,780.00"
2019-02-05,2019020501004023,NLICL,19,22,140,664.00,"92,960.00"
2019-02-05,2019020501004022,NLICL,19,5,60,664.00,"39,840.00"
2019-02-05,2019020501004376,NMB,54,6,154,315.00,"48,510.00"
2019-02-05,2019020501004427,NMFBS,41,51,10,"1,695.00","16,950.00"
2019-02-05,2019020501004482,NSEWA,11,50,70,628.00,"43,960.00"
2019-02-05,2019020501004128,NSEWA,55,49,10,621.00,"6,210.00"
2019-02-05,2019020501004352,NTC,43,52,10,712.00,"7,120.00"
2019-02-05,2019020501004156,NTC,7,19,840,710.00,"596,400.00"
2019-02-05,2019020501004229,OHL,7,19,57,433.00,"24,681.00"
2019-02-05,2019020501004455,PCBL,43,22,200,324.00,"64,800.00"
2019-02-05,2019020501004454,PCBL,43,34,100,323.00,"32,300.00"
2019-02-05,2019020501004453,PCBL,43,19,50,322.00,"16,100.00"
2019-02-05,2019020501004452,PCBL,43,22,99,320.00,"31,680.00"
2019-02-05,2019020501004415,PCBL,59,57,75,319.00,"23,925.00"
2019-02-05,2019020501004339,PFL,35,44,50,131.00,"6,550.00"
2019-02-05,2019020501004478,PIC,35,5,181,"1,030.00","186,430.00"
2019-02-05,2019020501004477,PIC,41,5,60,"1,030.00","61,800.00"
2019-02-05,2019020501004476,PIC,57,5,30,"1,030.00","30,900.00"
2019-02-05,2019020501004475,PIC,25,5,50,"1,030.00","51,500.00"
2019-02-05,2019020501004474,PIC,45,5,39,"1,030.00","40,170.00"
2019-02-05,2019020501004473,PIC,42,5,39,"1,031.00","40,209.00"
2019-02-05,2019020501004472,PIC,1,5,19,"1,032.00","19,608.00"
2019-02-05,2019020501004471,PIC,38,5,68,"1,033.00","70,244.00"
2019-02-05,2019020501004266,PIC,42,52,27,"1,039.00","28,053.00"
2019-02-05,2019020501004098,PIC,53,53,11,"1,038.00","11,418.00"
2019-02-05,2019020501004290,PLIC,52,46,65,476.00,"30,940.00"
2019-02-05,2019020501004289,PLIC,57,46,50,476.00,"23,800.00"
2019-02-05,2019020501004288,PLIC,45,46,25,476.00,"11,900.00"
2019-02-05,2019020501004330,PMHPL,56,57,10,106.00,"1,060.00"
2019-02-05,2019020501004142,PRIN,6,41,100,433.00,"43,300.00"
2019-02-05,2019020501004486,PRVU,45,13,10,243.00,"2,430.00"
2019-02-05,2019020501004260,PRVU,57,59,298,240.00,"71,520.00"
2019-02-05,2019020501004259,PRVU,35,59,"1,000",240.00,"240,000.00"
2019-02-05,2019020501004258,PRVU,35,59,"1,000",240.00,"240,000.00"
2019-02-05,2019020501004257,PRVU,26,59,500,240.00,"120,000.00"
2019-02-05,2019020501004256,PRVU,14,59,500,240.00,"120,000.00"
2019-02-05,2019020501004255,PRVU,14,59,102,240.00,"24,480.00"
2019-02-05,2019020501004045,PRVU,14,10,98,240.00,"23,520.00"
2019-02-05,2019020501004044,PRVU,58,10,182,240.00,"43,680.00"
2019-02-05,2019020501004043,PRVU,38,10,20,241.00,"4,820.00"
2019-02-05,2019020501004484,RHPC,54,28,10,98.00,980.00
2019-02-05,2019020501004080,RMDC,56,6,65,545.00,"35,425.00"
2019-02-05,2019020501004320,RRHP,11,26,10,99.00,990.00
2019-02-05,2019020501004293,RRHP,11,26,10,99.00,990.00
2019-02-05,2019020501004284,RRHP,11,57,10,99.00,990.00
2019-02-05,2019020501004014,RRHP,11,56,10,99.00,990.00
2019-02-05,2019020501004176,RSDC,44,16,50,392.00,"19,600.00"
2019-02-05,2019020501004141,RSDC,44,49,32,392.00,"12,544.00"
2019-02-05,2019020501004140,RSDC,43,49,25,392.00,"9,800.00"
2019-02-05,2019020501004003,RSDC,17,45,17,392.00,"6,664.00"
2019-02-05,2019020501003994,RSDC,19,28,30,395.00,"11,850.00"
2019-02-05,2019020501003993,RSDC,19,34,20,394.00,"7,880.00"
2019-02-05,2019020501004041,SAEF,36,42,"2,000",9.00,"18,000.00"
2019-02-05,2019020501004407,SANIMA,56,14,225,299.00,"67,275.00"
2019-02-05,2019020501004406,SANIMA,44,14,100,299.00,"29,900.00"
2019-02-05,2019020501004405,SANIMA,26,14,415,299.00,"124,085.00"
2019-02-05,2019020501004404,SANIMA,10,50,290,300.00,"87,000.00"
2019-02-05,2019020501004403,SANIMA,10,58,623,300.00,"186,900.00"
2019-02-05,2019020501004345,SANIMA,26,25,100,299.00,"29,900.00"
2019-02-05,2019020501004246,SANIMA,17,58,10,300.00,"3,000.00"
2019-02-05,2019020501004223,SANIMA,48,58,50,300.00,"15,000.00"
2019-02-05,2019020501004106,SANIMA,50,58,146,300.00,"43,800.00"
2019-02-05,2019020501004054,SANIMA,50,1,300,300.00,"90,000.00"
2019-02-05,2019020501004416,SBBLJ,41,50,20,204.00,"4,080.00"
2019-02-05,2019020501004440,SBI,51,13,200,381.00,"76,200.00"
2019-02-05,2019020501004400,SBI,51,41,100,381.00,"38,100.00"
2019-02-05,2019020501004469,SBL,34,13,200,282.00,"56,400.00"
2019-02-05,2019020501004152,SBL,25,1,50,284.00,"14,200.00"
2019-02-05,2019020501004101,SBL,34,25,96,283.00,"27,168.00"
2019-02-05,2019020501004037,SBL,34,21,70,282.00,"19,740.00"
2019-02-05,2019020501004370,SCB,16,25,45,556.00,"25,020.00"
2019-02-05,2019020501004369,SCB,4,25,30,558.00,"16,740.00"
2019-02-05,2019020501004368,SCB,28,25,10,559.00,"5,590.00"
2019-02-05,2019020501004367,SCB,25,25,65,559.00,"36,335.00"
2019-02-05,2019020501004261,SCB,25,6,135,559.00,"75,465.00"
2019-02-05,2019020501004155,SCB,4,49,20,558.00,"11,160.00"
2019-02-05,2019020501004072,SCB,53,53,20,560.00,"11,200.00"
2019-02-05,2019020501004033,SCB,13,6,15,560.00,"8,400.00"
2019-02-05,2019020501004032,SCB,49,6,50,560.00,"28,000.00"
2019-02-05,2019020501004015,SCB,17,32,20,562.00,"11,240.00"
2019-02-05,2019020501004011,SCB,57,57,32,561.00,"17,952.00"
2019-02-05,2019020501004488,SEF,43,13,450,9.02,"4,059.00"
2019-02-05,2019020501004338,SHPC,17,19,60,227.00,"13,620.00"
2019-02-05,2019020501004337,SHPC,47,19,201,227.00,"45,627.00"
2019-02-05,2019020501004053,SIC,1,42,20,"1,307.00","26,140.00"
2019-02-05,2019020501004052,SIC,1,40,100,"1,307.00","130,700.00"
2019-02-05,2019020501004024,SIC,10,42,10,"1,306.00","13,060.00"
2019-02-05,2019020501004398,SICL,34,57,28,915.00,"25,620.00"
2019-02-05,2019020501004397,SICL,34,5,40,915.00,"36,600.00"
2019-02-05,2019020501004238,SICL,42,42,50,911.00,"45,550.00"
2019-02-05,2019020501004308,SIL,45,56,100,618.00,"61,800.00"
2019-02-05,2019020501004307,SIL,44,56,"2,000",618.00,"1,236,000.00"
2019-02-05,2019020501004306,SIL,34,56,200,618.00,"123,600.00"
2019-02-05,2019020501004305,SIL,22,56,500,620.00,"310,000.00"
2019-02-05,2019020501004304,SIL,34,56,100,620.00,"62,000.00"
2019-02-05,2019020501004303,SIL,44,56,200,621.00,"124,200.00"
2019-02-05,2019020501004302,SIL,10,56,42,622.00,"26,124.00"
2019-02-05,2019020501004145,SKBBL,28,4,50,857.00,"42,850.00"
2019-02-05,2019020501004042,SKBBL,42,19,100,858.00,"85,800.00"
2019-02-05,2019020501004395,SLBBL,42,34,140,510.00,"71,400.00"
2019-02-05,2019020501004394,SLBBL,39,34,10,510.00,"5,100.00"
2019-02-05,2019020501004393,SLBBL,40,34,50,511.00,"25,550.00"
2019-02-05,2019020501004279,SLBS,42,4,10,"1,031.00","10,310.00"
2019-02-05,2019020501004480,SLICL,32,13,300,540.00,"162,000.00"
2019-02-05,2019020501004479,SLICL,55,13,20,540.00,"10,800.00"
2019-02-05,2019020501004451,SMATA,28,34,80,"1,300.00","104,000.00"
2019-02-05,2019020501004450,SMATA,28,10,18,"1,300.00","23,400.00"
2019-02-05,2019020501004449,SMATA,28,10,18,"1,300.00","23,400.00"
2019-02-05,2019020501004448,SMATA,28,22,50,"1,300.00","65,000.00"
2019-02-05,2019020501004447,SMATA,28,47,15,"1,294.00","19,410.00"
2019-02-05,2019020501004446,SMATA,28,42,85,"1,293.00","109,905.00"
2019-02-05,2019020501004343,SMATA,48,42,15,"1,293.00","19,395.00"
2019-02-05,2019020501004171,SMATA,44,49,10,"1,285.00","12,850.00"
2019-02-05,2019020501004170,SMATA,44,6,18,"1,285.00","23,130.00"
2019-02-05,2019020501004389,SRBL,57,25,853,209.00,"178,277.00"
2019-02-05,2019020501004310,SWBBL,48,56,35,837.00,"29,295.00"
2019-02-05,2019020501004309,SWBBL,33,56,25,837.00,"20,925.00"
2019-02-05,2019020501004157,SWBBL,50,57,30,840.00,"25,200.00"
2019-02-05,2019020501004272,TRH,14,8,300,240.00,"72,000.00"
2019-02-05,2019020501003990,TRH,14,8,200,240.00,"48,000.00"
2019-02-05,2019020501004414,UIC,28,58,100,775.00,"77,500.00"
2019-02-05,2019020501004392,UIC,28,58,100,775.00,"77,500.00"
2019-02-05,2019020501004467,UPPER,44,34,10,243.00,"2,430.00"
2019-02-05,2019020501004439,UPPER,57,36,472,242.00,"114,224.00"
2019-02-05,2019020501004438,UPPER,49,36,100,242.00,"24,200.00"
2019-02-05,2019020501004437,UPPER,43,36,500,242.00,"121,000.00"
2019-02-05,2019020501004436,UPPER,35,36,200,242.00,"48,400.00"
2019-02-05,2019020501004435,UPPER,26,36,500,242.00,"121,000.00"
2019-02-05,2019020501004051,UPPER,37,34,"1,000",243.00,"243,000.00"
2019-02-05,2019020501004048,UPPER,34,34,50,243.00,"12,150.00"
2019-02-05,2019020501004047,UPPER,43,38,50,242.00,"12,100.00"
2019-02-05,2019020501004034,UPPER,34,34,200,243.00,"48,600.00"
2019-02-05,2019020501004029,UPPER,46,34,40,243.00,"9,720.00"
2019-02-05,2019020501004006,UPPER,43,22,40,242.00,"9,680.00"
2019-02-05,2019020501004071,UPPER,17,56,52,242.00,"12,584.00"
2019-02-05,2019020501004066,UPPER,17,50,461,242.00,"111,562.00"
2019-02-05,2019020501004065,UPPER,52,50,50,242.00,"12,100.00"
2019-02-05,2019020501004064,UPPER,43,50,"1,489",242.00,"360,338.00"
2019-02-05,2019020501004063,UPPER,43,42,40,242.00,"9,680.00"
2019-02-05,2019020501004056,UPPER,43,38,40,242.00,"9,680.00"
2019-02-05,2019020501004097,UPPER,26,38,50,242.00,"12,100.00"
2019-02-05,2019020501004095,UPPER,26,56,55,242.00,"13,310.00"
2019-02-05,2019020501004083,UPPER,26,42,13,242.00,"3,146.00"
2019-02-05,2019020501004082,UPPER,17,42,37,242.00,"8,954.00"
2019-02-05,2019020501004081,UPPER,11,34,200,243.00,"48,600.00"
2019-02-05,2019020501004074,UPPER,17,42,50,242.00,"12,100.00"
2019-02-05,2019020501004130,UPPER,11,17,40,242.00,"9,680.00"
2019-02-05,2019020501004129,UPPER,11,55,40,242.00,"9,680.00"
2019-02-05,2019020501004127,UPPER,11,47,18,242.00,"4,356.00"
2019-02-05,2019020501004126,UPPER,26,47,32,242.00,"7,744.00"
2019-02-05,2019020501004105,UPPER,26,59,50,242.00,"12,100.00"
2019-02-05,2019020501004169,UPPER,39,42,10,242.00,"2,420.00"
2019-02-05,2019020501004168,UPPER,45,42,30,242.00,"7,260.00"
2019-02-05,2019020501004167,UPPER,57,17,50,242.00,"12,100.00"
2019-02-05,2019020501004164,UPPER,11,49,50,242.00,"12,100.00"
2019-02-05,2019020501004153,UPPER,11,47,50,242.00,"12,100.00"
2019-02-05,2019020501004202,UPPER,22,50,40,242.00,"9,680.00"
2019-02-05,2019020501004198,UPPER,22,34,300,242.00,"72,600.00"
2019-02-05,2019020501004179,UPPER,22,17,50,242.00,"12,100.00"
2019-02-05,2019020501004174,UPPER,22,16,50,242.00,"12,100.00"
2019-02-05,2019020501004247,UPPER,29,34,839,243.00,"203,877.00"
2019-02-05,2019020501004245,UPPER,40,33,200,242.00,"48,400.00"
2019-02-05,2019020501004226,UPPER,59,34,100,243.00,"24,300.00"
2019-02-05,2019020501004222,UPPER,40,39,440,242.00,"106,480.00"
2019-02-05,2019020501004221,UPPER,16,39,500,242.00,"121,000.00"
2019-02-05,2019020501004220,UPPER,22,39,60,242.00,"14,520.00"
2019-02-05,2019020501004275,UPPER,41,39,60,243.00,"14,580.00"
2019-02-05,2019020501004274,UPPER,41,25,40,243.00,"9,720.00"
2019-02-05,2019020501004251,UPPER,29,6,40,243.00,"9,720.00"
2019-02-05,2019020501004250,UPPER,29,25,40,243.00,"9,720.00"
2019-02-05,2019020501004249,UPPER,29,25,40,243.00,"9,720.00"
2019-02-05,2019020501004248,UPPER,29,25,40,243.00,"9,720.00"
2019-02-05,2019020501004321,UPPER,42,39,100,243.00,"24,300.00"
2019-02-05,2019020501004311,UPPER,52,49,50,242.00,"12,100.00"
2019-02-05,2019020501004296,UPPER,52,49,50,242.00,"12,100.00"
2019-02-05,2019020501004283,UPPER,52,49,52,242.00,"12,584.00"
2019-02-05,2019020501004282,UPPER,52,1,140,242.00,"33,880.00"
2019-02-05,2019020501004281,UPPER,40,1,360,242.00,"87,120.00"
2019-02-05,2019020501004385,UPPER,40,34,917,243.00,"222,831.00"
2019-02-05,2019020501004384,UPPER,40,39,83,243.00,"20,169.00"
2019-02-05,2019020501004381,UPPER,52,49,40,242.00,"9,680.00"
2019-02-05,2019020501004375,UPPER,49,39,50,243.00,"12,150.00"
2019-02-05,2019020501004327,UPPER,52,49,50,242.00,"12,100.00"
2019-02-05,2019020501004428,UPPER,52,36,28,242.00,"6,776.00"
2019-02-05,2019020501004420,UPPER,52,49,50,242.00,"12,100.00"
2019-02-05,2019020501004396,UPPER,52,49,40,242.00,"9,680.00"
2019-02-05,2019020501004434,UPPER,47,36,100,242.00,"24,200.00"
2019-02-05,2019020501004433,UPPER,54,36,100,242.00,"24,200.00"
2019-02-05,2019020501004432,UPPER,19,36,200,242.00,"48,400.00"
2019-02-05,2019020501004431,UPPER,41,36,500,242.00,"121,000.00"
2019-02-05,2019020501004430,UPPER,21,36,200,242.00,"48,400.00"
2019-02-05,2019020501004429,UPPER,21,36,100,242.00,"24,200.00"
2019-02-05,2019020501004382,VLBS,21,21,3,682.00,"2,046.00"
2019-02-05,2019020501004094,VLBS,57,57,28,695.00,"19,460.00"
2019-02-05,2019020501004055,VLBS,37,22,88,695.00,"61,160.00"
2019-02-05,2019020501004457,WOMI,45,32,80,"1,159.00","92,720.00"
2019-02-05,2019020501004292,WOMI,10,42,20,"1,150.00","23,000.00"
2019-02-05,2019020501004123,WOMI,57,57,33,"1,158.00","38,214.00"
2019-02-05,2019020501004070,WOMI,19,32,10,"1,159.00","11,590.00"
2019-02-05,2019020501004069,WOMI,19,44,30,"1,157.00","34,710.00"
2019-02-05,2019020501004068,WOMI,19,39,11,"1,156.00","12,716.00"
2019-02-05,2019020501003961,ADBL,35,57,300,339.00,"101,700.00"
2019-02-05,2019020501003937,ADBL,47,48,20,340.00,"6,800.00"
2019-02-05,2019020501003908,AHPC,33,4,150,102.00,"15,300.00"
2019-02-05,2019020501003968,AKJCL,34,33,10,85.00,850.00
2019-02-05,2019020501003967,AKJCL,34,33,20,85.00,"1,700.00"
2019-02-05,2019020501003958,AKJCL,34,33,20,85.00,"1,700.00"
2019-02-05,2019020501003950,AKJCL,34,33,20,85.00,"1,700.00"
2019-02-05,2019020501003944,AKJCL,34,33,20,85.00,"1,700.00"
2019-02-05,2019020501003903,ALICL,34,50,100,603.00,"60,300.00"
2019-02-05,2019020501003742,ALICL,34,3,10,603.00,"6,030.00"
2019-02-05,2019020501003943,API,46,19,386,138.00,"53,268.00"
2019-02-05,2019020501003942,API,4,19,24,138.00,"3,312.00"
2019-02-05,2019020501003898,API,41,28,48,139.00,"6,672.00"
2019-02-05,2019020501003800,API,4,33,271,138.00,"37,398.00"
2019-02-05,2019020501003754,API,58,28,200,139.00,"27,800.00"
2019-02-05,2019020501003710,API,4,33,28,138.00,"3,864.00"
2019-02-05,2019020501003769,BARUN,32,44,100,100.00,"10,000.00"
2019-02-05,2019020501003768,BARUN,17,44,"1,045",100.00,"104,500.00"
2019-02-05,2019020501003626,BOKL,45,55,80,249.00,"19,920.00"
2019-02-05,2019020501003633,BPCL,58,49,20,370.00,"7,400.00"
2019-02-05,2019020501003620,BPCL,58,52,30,357.00,"10,710.00"
2019-02-05,2019020501003612,BPCL,58,16,50,355.00,"17,750.00"
2019-02-05,2019020501003560,BPCL,58,16,50,355.00,"17,750.00"
2019-02-05,2019020501003521,BPCL,49,47,10,350.00,"3,500.00"
2019-02-05,2019020501003902,CBBL,29,35,30,874.00,"26,220.00"
2019-02-05,2019020501003901,CBBL,32,35,100,875.00,"87,500.00"
2019-02-05,2019020501003834,CBBL,26,42,170,873.00,"148,410.00"
2019-02-05,2019020501003833,CBBL,28,42,10,874.00,"8,740.00"
2019-02-05,2019020501003832,CBBL,58,42,10,874.00,"8,740.00"
2019-02-05,2019020501003831,CBBL,8,42,60,874.00,"52,440.00"
2019-02-05,2019020501003955,CBL,55,25,16,158.00,"2,528.00"
2019-02-05,2019020501003913,CBL,57,25,50,159.00,"7,950.00"
2019-02-05,2019020501003791,CBL,33,25,23,159.00,"3,657.00"
2019-02-05,2019020501003789,CBL,55,13,174,158.00,"27,492.00"
2019-02-05,2019020501003609,CBL,51,57,6,158.00,948.00
2019-02-05,2019020501003608,CBL,33,57,10,158.00,"1,580.00"
2019-02-05,2019020501003983,CCBL,34,42,20,167.00,"3,340.00"
2019-02-05,2019020501003921,CCBL,16,42,19,167.00,"3,173.00"
2019-02-05,2019020501003848,CCBL,26,59,362,166.00,"60,092.00"
2019-02-05,2019020501003847,CCBL,51,59,"1,000",166.00,"166,000.00"
2019-02-05,2019020501003846,CCBL,42,59,500,166.00,"83,000.00"
2019-02-05,2019020501003845,CCBL,39,59,48,166.00,"7,968.00"
2019-02-05,2019020501003819,CCBL,46,50,"1,058",167.00,"176,686.00"
2019-02-05,2019020501003732,CCBL,39,22,60,166.00,"9,960.00"
2019-02-05,2019020501003668,CCBL,16,57,44,167.00,"7,348.00"
2019-02-05,2019020501003934,CHCL,4,16,100,512.00,"51,200.00"
2019-02-05,2019020501003859,CHCL,4,5,165,512.00,"84,480.00"
2019-02-05,2019020501003858,CHCL,4,5,335,512.00,"171,520.00"
2019-02-05,2019020501003886,CIT,4,28,21,"2,700.00","56,700.00"
2019-02-05,2019020501003878,CIT,4,34,250,"2,700.00","675,000.00"
2019-02-05,2019020501003877,CIT,4,50,29,"2,699.00","78,271.00"
2019-02-05,2019020501003874,CIT,11,34,50,"2,700.00","135,000.00"
2019-02-05,2019020501003805,CIT,13,16,17,"2,697.00","45,849.00"
2019-02-05,2019020501003804,CIT,38,16,130,"2,697.00","350,610.00"
2019-02-05,2019020501003549,CIT,43,34,50,"2,700.00","135,000.00"
2019-02-05,2019020501003512,CIT,43,16,20,"2,702.00","54,040.00"
2019-02-05,2019020501003508,CIT,38,17,70,"2,697.00","188,790.00"
2019-02-05,2019020501003507,CIT,38,17,50,"2,697.00","134,850.00"
2019-02-05,2019020501003761,CMF1,22,6,"5,000",9.00,"45,000.00"
2019-02-05,2019020501003973,CZBIL,22,25,36,206.00,"7,416.00"
2019-02-05,2019020501003793,CZBIL,22,6,15,206.00,"3,090.00"
2019-02-05,2019020501003792,CZBIL,19,6,15,206.00,"3,090.00"
2019-02-05,2019020501003597,CZBIL,19,43,71,206.00,"14,626.00"
2019-02-05,2019020501003730,DBBL,56,5,45,124.00,"5,580.00"
2019-02-05,2019020501003695,DBBL,55,58,965,125.00,"120,625.00"
2019-02-05,2019020501003694,DBBL,55,17,35,125.00,"4,375.00"
2019-02-05,2019020501003900,EBL,32,29,15,517.00,"7,755.00"
2019-02-05,2019020501003899,EBL,42,29,30,518.00,"15,540.00"
2019-02-05,2019020501003803,EBL,32,6,90,517.00,"46,530.00"
2019-02-05,2019020501003743,EBL,57,34,"1,170",519.00,"607,230.00"
2019-02-05,2019020501003611,EDBL,7,43,150,280.00,"42,000.00"
2019-02-05,2019020501003907,FMDBL,4,6,50,371.00,"18,550.00"
2019-02-05,2019020501003559,FMDBL,17,32,100,371.00,"37,100.00"
2019-02-05,2019020501003558,FMDBL,38,32,50,371.00,"18,550.00"
2019-02-05,2019020501003530,FMDBL,41,14,100,372.00,"37,200.00"
2019-02-05,2019020501003510,FMDBL,32,14,50,372.00,"18,600.00"
2019-02-05,2019020501003509,FMDBL,26,14,20,372.00,"7,440.00"
2019-02-05,2019020501003963,FOWAD,16,58,15,"1,579.00","23,685.00"
2019-02-05,2019020501003844,FOWAD,28,38,30,"1,585.00","47,550.00"
2019-02-05,2019020501003762,FOWAD,49,17,50,"1,585.00","79,250.00"
2019-02-05,2019020501003517,FOWAD,28,17,20,"1,590.00","31,800.00"
2019-02-05,2019020501003731,GBBL,35,55,50,186.00,"9,300.00"
2019-02-05,2019020501003603,GBBL,52,49,500,185.00,"92,500.00"
2019-02-05,2019020501003966,GBIME,22,36,25,266.00,"6,650.00"
2019-02-05,2019020501003835,GBIME,47,36,100,266.00,"26,600.00"
2019-02-05,2019020501003817,GBIME,4,6,60,265.00,"15,900.00"
2019-02-05,2019020501003795,GBIME,48,36,84,266.00,"22,344.00"
2019-02-05,2019020501003794,GBIME,48,43,16,266.00,"4,256.00"
2019-02-05,2019020501003750,GBIME,4,22,60,265.00,"15,900.00"
2019-02-05,2019020501003650,GBIME,4,33,390,265.00,"103,350.00"
2019-02-05,2019020501003649,GBIME,32,33,110,265.00,"29,150.00"
2019-02-05,2019020501003614,GBIME,32,17,180,265.00,"47,700.00"
2019-02-05,2019020501003585,GBIME,32,21,10,265.00,"2,650.00"
2019-02-05,2019020501003584,GBIME,16,21,190,265.00,"50,350.00"
2019-02-05,2019020501003575,GBIME,35,43,100,266.00,"26,600.00"
2019-02-05,2019020501003842,GBLBS,13,52,30,448.00,"13,440.00"
2019-02-05,2019020501003841,GBLBS,35,52,10,448.00,"4,480.00"
2019-02-05,2019020501003840,GBLBS,13,52,50,448.00,"22,400.00"
2019-02-05,2019020501003711,GBLBS,52,42,100,449.00,"44,900.00"
2019-02-05,2019020501003918,GDBL,22,4,136,181.00,"24,616.00"
2019-02-05,2019020501003917,GDBL,25,4,102,181.00,"18,462.00"
2019-02-05,2019020501003623,GDBL,32,48,170,182.00,"30,940.00"
2019-02-05,2019020501003981,HBL,40,13,20,438.00,"8,760.00"
2019-02-05,2019020501003980,HBL,6,13,200,438.00,"87,600.00"
2019-02-05,2019020501003979,HBL,28,13,200,438.00,"87,600.00"
2019-02-05,2019020501003978,HBL,41,13,20,439.00,"8,780.00"
2019-02-05,2019020501003977,HBL,22,13,60,440.00,"26,400.00"
2019-02-05,2019020501003824,HBL,22,6,11,440.00,"4,840.00"
2019-02-05,2019020501003713,HBL,22,32,20,442.00,"8,840.00"
2019-02-05,2019020501003822,HIDCL,49,42,15,139.00,"2,085.00"
2019-02-05,2019020501003938,ICFC,35,35,480,151.00,"72,480.00"
2019-02-05,2019020501003671,ICFC,17,35,20,151.00,"3,020.00"
2019-02-05,2019020501003897,IGI,55,13,50,435.00,"21,750.00"
2019-02-05,2019020501003681,JBBL,17,17,15,139.00,"2,085.00"
2019-02-05,2019020501003892,JBNL,57,26,25,163.00,"4,075.00"
2019-02-05,2019020501003891,JBNL,57,26,48,163.00,"7,824.00"
2019-02-05,2019020501003849,JBNL,57,26,50,163.00,"8,150.00"
2019-02-05,2019020501003716,JBNL,34,26,36,163.00,"5,868.00"
2019-02-05,2019020501003715,JBNL,34,26,114,163.00,"18,582.00"
2019-02-05,2019020501003563,JBNL,18,26,45,163.00,"7,335.00"
2019-02-05,2019020501003562,JBNL,18,26,35,163.00,"5,705.00"
2019-02-05,2019020501003935,JEFL,4,42,957,130.00,"124,410.00"
2019-02-05,2019020501003582,JEFL,4,17,43,130.00,"5,590.00"
2019-02-05,2019020501003722,KBL,26,26,108,242.00,"26,136.00"
2019-02-05,2019020501003654,KBL,7,33,398,242.00,"96,316.00"
2019-02-05,2019020501003631,KBL,48,33,500,242.00,"121,000.00"
2019-02-05,2019020501003630,KBL,43,33,102,242.00,"24,684.00"
2019-02-05,2019020501003912,KKHC,47,14,36,90.00,"3,240.00"
2019-02-05,2019020501003635,KKHC,47,16,14,90.00,"1,260.00"
2019-02-05,2019020501003576,KNBL,18,50,50,123.00,"6,150.00"
2019-02-05,2019020501003854,LBL,22,16,100,197.00,"19,700.00"
2019-02-05,2019020501003622,LBL,5,16,250,197.00,"49,250.00"
2019-02-05,2019020501003708,LICN,59,22,267,"1,700.00","453,900.00"
2019-02-05,2019020501003674,LICN,38,22,50,"1,701.00","85,050.00"
2019-02-05,2019020501003648,LICN,59,22,12,"1,702.00","20,424.00"
2019-02-05,2019020501003799,LLBS,11,14,62,790.00,"48,980.00"
2019-02-05,2019020501003798,LLBS,26,14,20,791.00,"15,820.00"
2019-02-05,2019020501003895,MBL,35,46,"1,000",210.00,"210,000.00"
2019-02-05,2019020501003894,MBL,35,14,400,210.00,"84,000.00"
2019-02-05,2019020501003797,MBL,33,14,200,210.00,"42,000.00"
2019-02-05,2019020501003764,MBL,11,14,"1,000",210.00,"210,000.00"
2019-02-05,2019020501003763,MBL,11,14,400,210.00,"84,000.00"
2019-02-05,2019020501003669,MBL,11,22,100,210.00,"21,000.00"
2019-02-05,2019020501003957,MEGA,6,55,100,164.00,"16,400.00"
2019-02-05,2019020501003924,MEGA,11,55,20,164.00,"3,280.00"
2019-02-05,2019020501003868,MEGA,38,6,243,163.00,"39,609.00"
2019-02-05,2019020501003867,MEGA,17,6,257,163.00,"41,891.00"
2019-02-05,2019020501003823,MEGA,17,17,481,163.00,"78,403.00"
2019-02-05,2019020501003760,MEGA,17,22,50,163.00,"8,150.00"
2019-02-05,2019020501003551,MEGA,18,55,80,164.00,"13,120.00"
2019-02-05,2019020501003701,MEGA,16,55,50,164.00,"8,200.00"
2019-02-05,2019020501003670,MEGA,26,55,100,164.00,"16,400.00"
2019-02-05,2019020501003645,MEGA,17,17,52,163.00,"8,476.00"
2019-02-05,2019020501003601,MEGA,17,17,52,163.00,"8,476.00"
2019-02-05,2019020501003568,MEGA,57,55,15,164.00,"2,460.00"
2019-02-05,2019020501003564,MEGA,17,57,15,163.00,"2,445.00"
2019-02-05,2019020501003971,MERO,59,43,10,"1,120.00","11,200.00"
2019-02-05,2019020501003970,MERO,59,26,38,"1,120.00","42,560.00"
2019-02-05,2019020501003954,MERO,50,34,132,"1,117.00","147,444.00"
2019-02-05,2019020501003953,MERO,19,34,50,"1,117.00","55,850.00"
2019-02-05,2019020501003888,MERO,13,26,50,"1,120.00","56,000.00"
2019-02-05,2019020501003802,MERO,1,17,74,"1,121.00","82,954.00"
2019-02-05,2019020501003493,MERO,52,32,24,"1,119.00","26,856.00"
2019-02-05,2019020501003492,MERO,45,32,34,"1,119.00","38,046.00"
2019-02-05,2019020501003491,MERO,39,32,20,"1,120.00","22,400.00"
2019-02-05,2019020501003634,MERO,51,32,16,"1,116.00","17,856.00"
2019-02-05,2019020501003583,MERO,57,57,23,"1,120.00","25,760.00"
2019-02-05,2019020501003497,MERO,51,32,74,"1,116.00","82,584.00"
2019-02-05,2019020501003496,MERO,44,32,20,"1,116.00","22,320.00"
2019-02-05,2019020501003495,MERO,6,32,10,"1,117.00","11,170.00"
2019-02-05,2019020501003494,MERO,38,32,10,"1,118.00","11,180.00"
2019-02-05,2019020501003643,MMFDB,57,57,46,"1,015.00","46,690.00"
2019-02-05,2019020501003853,MSMBS,52,56,27,550.00,"14,850.00"
2019-02-05,2019020501003837,NABIL,35,6,10,830.00,"8,300.00"
2019-02-05,2019020501003692,NABIL,35,17,50,830.00,"41,500.00"
2019-02-05,2019020501003691,NABIL,49,17,100,830.00,"83,000.00"
2019-02-05,2019020501003690,NABIL,38,17,50,830.00,"41,500.00"
2019-02-05,2019020501003689,NABIL,55,17,100,830.00,"83,000.00"
2019-02-05,2019020501003688,NABIL,11,17,100,830.00,"83,000.00"
2019-02-05,2019020501003687,NABIL,39,17,40,830.00,"33,200.00"
2019-02-05,2019020501003686,NABIL,33,17,50,830.00,"41,500.00"
2019-02-05,2019020501003685,NABIL,34,17,50,831.00,"41,550.00"
2019-02-05,2019020501003684,NABIL,43,17,300,831.00,"249,300.00"
2019-02-05,2019020501003683,NABIL,25,17,20,831.00,"16,620.00"
2019-02-05,2019020501003682,NABIL,45,17,36,831.00,"29,916.00"
2019-02-05,2019020501003947,NABILP,43,37,80,732.00,"58,560.00"
2019-02-05,2019020501003829,NABILP,16,45,100,734.00,"73,400.00"
2019-02-05,2019020501003828,NABILP,16,35,47,734.00,"34,498.00"
2019-02-05,2019020501003827,NABILP,16,53,20,734.00,"14,680.00"
2019-02-05,2019020501003607,NABILP,17,32,190,731.00,"138,890.00"
2019-02-05,2019020501003596,NABILP,17,26,210,731.00,"153,510.00"
2019-02-05,2019020501003534,NABILP,17,22,100,731.00,"73,100.00"
2019-02-05,2019020501003826,NABILP,16,32,100,733.00,"73,300.00"
2019-02-05,2019020501003724,NABILP,48,4,100,732.00,"73,200.00"
2019-02-05,2019020501003659,NABILP,17,57,50,732.00,"36,600.00"
2019-02-05,2019020501003658,NABILP,17,49,578,732.00,"423,096.00"
2019-02-05,2019020501003952,NADEP,48,42,10,782.00,"7,820.00"
2019-02-05,2019020501003929,NADEP,48,42,10,782.00,"7,820.00"
2019-02-05,2019020501003843,NADEP,56,26,10,785.00,"7,850.00"
2019-02-05,2019020501003656,NADEP,19,45,10,790.00,"7,900.00"
2019-02-05,2019020501003581,NADEP,19,41,10,790.00,"7,900.00"
2019-02-05,2019020501003577,NADEP,19,41,10,790.00,"7,900.00"
2019-02-05,2019020501003861,NBB,11,6,100,185.00,"18,500.00"
2019-02-05,2019020501003527,NBB,13,25,16,184.00,"2,944.00"
2019-02-05,2019020501003526,NBB,40,25,272,184.00,"50,048.00"
2019-02-05,2019020501003820,NBL,47,5,"1,000",289.00,"289,000.00"
2019-02-05,2019020501003717,NBL,10,32,860,289.00,"248,540.00"
2019-02-05,2019020501003703,NBL,25,32,100,289.00,"28,900.00"
2019-02-05,2019020501003702,NBL,43,32,40,289.00,"11,560.00"
2019-02-05,2019020501003548,NBL,43,22,160,289.00,"46,240.00"
2019-02-05,2019020501003547,NBL,52,22,90,289.00,"26,010.00"
2019-02-05,2019020501003502,NBL,52,28,10,289.00,"2,890.00"
2019-02-05,2019020501003672,NCCB,8,38,368,212.00,"78,016.00"
2019-02-05,2019020501003628,NCCB,8,5,400,212.00,"84,800.00"
2019-02-05,2019020501003619,NCCB,8,26,232,212.00,"49,184.00"
2019-02-05,2019020501003618,NCCB,58,26,90,212.00,"19,080.00"
2019-02-05,2019020501003617,NCCB,26,26,200,212.00,"42,400.00"
2019-02-05,2019020501003616,NCCB,6,26,31,212.00,"6,572.00"
2019-02-05,2019020501003543,NCCB,18,38,70,213.00,"14,910.00"
2019-02-05,2019020501003700,NGPL,57,57,63,128.00,"8,064.00"
2019-02-05,2019020501003599,NHPC,16,53,200,65.00,"13,000.00"
2019-02-05,2019020501003887,NIB,5,54,500,525.00,"262,500.00"
2019-02-05,2019020501003869,NIB,47,54,30,525.00,"15,750.00"
2019-02-05,2019020501003667,NIB,34,4,128,524.00,"67,072.00"
2019-02-05,2019020501003666,NIB,51,4,80,524.00,"41,920.00"
2019-02-05,2019020501003646,NIB,41,54,150,525.00,"78,750.00"
2019-02-05,2019020501003642,NIB,51,59,320,524.00,"167,680.00"
2019-02-05,2019020501003641,NIB,56,59,"1,243",524.00,"651,332.00"
2019-02-05,2019020501003637,NIB,56,17,37,524.00,"19,388.00"
2019-02-05,2019020501003615,NIB,56,33,500,524.00,"262,000.00"
2019-02-05,2019020501003595,NIB,14,54,50,525.00,"26,250.00"
2019-02-05,2019020501003586,NIB,56,17,37,524.00,"19,388.00"
2019-02-05,2019020501003926,NICA,43,59,500,390.00,"195,000.00"
2019-02-05,2019020501003925,NICA,48,59,100,390.00,"39,000.00"
2019-02-05,2019020501003911,NICA,28,52,170,391.00,"66,470.00"
2019-02-05,2019020501003910,NICA,28,21,50,391.00,"19,550.00"
2019-02-05,2019020501003909,NICA,28,4,70,391.00,"27,370.00"
2019-02-05,2019020501003860,NICA,28,6,10,390.00,"3,900.00"
2019-02-05,2019020501003511,NICA,47,49,55,390.00,"21,450.00"
2019-02-05,2019020501003506,NICA,47,49,60,390.00,"23,400.00"
2019-02-05,2019020501003504,NICA,47,49,50,390.00,"19,500.00"
2019-02-05,2019020501003499,NICA,47,49,56,390.00,"21,840.00"
2019-02-05,2019020501003498,NICA,47,34,19,390.00,"7,410.00"
2019-02-05,2019020501003540,NICA,47,49,40,390.00,"15,600.00"
2019-02-05,2019020501003538,NICA,47,49,40,390.00,"15,600.00"
2019-02-05,2019020501003532,NICA,47,49,40,390.00,"15,600.00"
2019-02-05,2019020501003523,NICA,47,49,45,390.00,"17,550.00"
2019-02-05,2019020501003520,NICA,47,49,50,390.00,"19,500.00"
2019-02-05,2019020501003515,NICA,47,49,50,390.00,"19,500.00"
2019-02-05,2019020501003573,NICA,47,41,40,390.00,"15,600.00"
2019-02-05,2019020501003572,NICA,47,41,40,390.00,"15,600.00"
2019-02-05,2019020501003571,NICA,47,41,40,390.00,"15,600.00"
2019-02-05,2019020501003570,NICA,47,41,35,390.00,"13,650.00"
2019-02-05,2019020501003569,NICA,47,41,21,390.00,"8,190.00"
2019-02-05,2019020501003544,NICA,47,49,14,390.00,"5,460.00"
2019-02-05,2019020501003723,NICA,57,58,71,390.00,"27,690.00"
2019-02-05,2019020501003594,NICA,57,37,149,390.00,"58,110.00"
2019-02-05,2019020501003593,NICA,47,37,15,390.00,"5,850.00"
2019-02-05,2019020501003592,NICA,47,37,40,390.00,"15,600.00"
2019-02-05,2019020501003591,NICA,47,37,16,390.00,"6,240.00"
2019-02-05,2019020501003574,NICA,47,41,24,390.00,"9,360.00"
2019-02-05,2019020501003884,NICGF,1,54,"1,500",9.15,"13,725.00"
2019-02-05,2019020501003765,NICGF,1,6,"1,200",9.15,"10,980.00"
2019-02-05,2019020501003975,NICL,17,29,19,555.00,"10,545.00"
2019-02-05,2019020501003927,NICL,46,29,36,555.00,"19,980.00"
2019-02-05,2019020501003531,NICL,57,44,350,556.00,"194,600.00"
2019-02-05,2019020501003815,NICL,46,55,24,555.00,"13,320.00"
2019-02-05,2019020501003580,NICL,36,55,200,555.00,"111,000.00"
2019-02-05,2019020501003579,NICL,5,55,200,555.00,"111,000.00"
2019-02-05,2019020501003578,NICL,58,55,76,555.00,"42,180.00"
2019-02-05,2019020501003946,NIL,11,25,100,535.00,"53,500.00"
2019-02-05,2019020501003945,NIL,44,42,200,532.00,"106,400.00"
2019-02-05,2019020501003906,NIL,44,4,100,532.00,"53,200.00"
2019-02-05,2019020501003744,NLBBL,5,38,10,474.00,"4,740.00"
2019-02-05,2019020501003707,NLBBL,38,16,60,470.00,"28,200.00"
2019-02-05,2019020501003706,NLBBL,19,16,500,471.00,"235,500.00"
2019-02-05,2019020501003705,NLBBL,1,16,10,472.00,"4,720.00"
2019-02-05,2019020501003741,NLIC,57,57,28,"1,074.00","30,072.00"
2019-02-05,2019020501003714,NLIC,35,47,100,"1,071.00","107,100.00"
2019-02-05,2019020501003678,NLIC,35,11,26,"1,072.00","27,872.00"
2019-02-05,2019020501003677,NLIC,35,38,100,"1,072.00","107,200.00"
2019-02-05,2019020501003676,NLIC,35,29,34,"1,072.00","36,448.00"
2019-02-05,2019020501003550,NLIC,19,16,45,"1,070.00","48,150.00"
2019-02-05,2019020501003516,NLIC,25,59,17,"1,069.00","18,173.00"
2019-02-05,2019020501003951,NLICL,44,5,40,664.00,"26,560.00"
2019-02-05,2019020501003864,NMB,54,42,20,315.00,"6,300.00"
2019-02-05,2019020501003863,NMB,49,42,100,315.00,"31,500.00"
2019-02-05,2019020501003862,NMB,42,42,80,315.00,"25,200.00"
2019-02-05,2019020501003856,NMB,47,34,100,316.00,"31,600.00"
2019-02-05,2019020501003698,NMB,14,34,50,316.00,"15,800.00"
2019-02-05,2019020501003693,NMB,26,34,100,316.00,"31,600.00"
2019-02-05,2019020501003675,NMB,42,53,50,315.00,"15,750.00"
2019-02-05,2019020501003588,NMB,42,36,77,315.00,"24,255.00"
2019-02-05,2019020501003587,NMB,33,36,923,315.00,"290,745.00"
2019-02-05,2019020501003546,NMB,28,34,50,317.00,"15,850.00"
2019-02-05,2019020501003896,NMBHF1,39,6,100,9.00,900.00
2019-02-05,2019020501003816,NSEWA,55,59,10,621.00,"6,210.00"
2019-02-05,2019020501003806,NSEWA,55,59,10,621.00,"6,210.00"
2019-02-05,2019020501003870,NTC,32,6,30,709.00,"21,270.00"
2019-02-05,2019020501003697,NTC,17,19,10,710.00,"7,100.00"
2019-02-05,2019020501003657,NTC,17,19,150,710.00,"106,500.00"
2019-02-05,2019020501003522,NTC,17,16,50,710.00,"35,500.00"
2019-02-05,2019020501003810,NUBL,6,18,88,748.00,"65,824.00"
2019-02-05,2019020501003809,NUBL,40,18,50,748.00,"37,400.00"
2019-02-05,2019020501003808,NUBL,53,18,50,750.00,"37,500.00"
2019-02-05,2019020501003807,NUBL,26,18,50,750.00,"37,500.00"
2019-02-05,2019020501003712,OHL,38,7,391,431.00,"168,521.00"
2019-02-05,2019020501003720,PCBL,25,49,92,318.00,"29,256.00"
2019-02-05,2019020501003719,PCBL,49,49,21,318.00,"6,678.00"
2019-02-05,2019020501003624,PCBL,49,36,29,318.00,"9,222.00"
2019-02-05,2019020501003665,PFL,59,44,200,130.00,"26,000.00"
2019-02-05,2019020501003664,PFL,42,44,80,130.00,"10,400.00"
2019-02-05,2019020501003663,PFL,1,44,300,130.00,"39,000.00"
2019-02-05,2019020501003662,PFL,1,44,200,130.00,"26,000.00"
2019-02-05,2019020501003661,PFL,41,44,300,130.00,"39,000.00"
2019-02-05,2019020501003660,PFL,41,44,33,130.00,"4,290.00"
2019-02-05,2019020501003557,PFL,1,44,500,131.00,"65,500.00"
2019-02-05,2019020501003556,PFL,47,44,100,131.00,"13,100.00"
2019-02-05,2019020501003555,PFL,38,44,30,132.00,"3,960.00"
2019-02-05,2019020501003554,PFL,38,44,20,132.00,"2,640.00"
2019-02-05,2019020501003553,PFL,38,44,20,132.00,"2,640.00"
2019-02-05,2019020501003552,PFL,38,44,20,132.00,"2,640.00"
2019-02-05,2019020501003875,PIC,42,49,11,"1,034.00","11,374.00"
2019-02-05,2019020501003767,PIC,45,45,31,"1,036.00","32,116.00"
2019-02-05,2019020501003518,PIC,38,22,11,"1,033.00","11,363.00"
2019-02-05,2019020501003602,PICL,40,38,500,692.00,"346,000.00"
2019-02-05,2019020501003876,PLIC,21,21,20,478.00,"9,560.00"
2019-02-05,2019020501003933,PMHPL,56,40,10,106.00,"1,060.00"
2019-02-05,2019020501003928,PMHPL,56,40,10,106.00,"1,060.00"
2019-02-05,2019020501003740,PMHPL,59,36,"1,000",108.00,"108,000.00"
2019-02-05,2019020501003739,PMHPL,59,6,10,108.00,"1,080.00"
2019-02-05,2019020501003738,PMHPL,59,11,10,108.00,"1,080.00"
2019-02-05,2019020501003976,PRIN,6,42,39,432.00,"16,848.00"
2019-02-05,2019020501003920,PRIN,22,41,150,432.00,"64,800.00"
2019-02-05,2019020501003919,PRIN,1,41,50,432.00,"21,600.00"
2019-02-05,2019020501003606,PRVU,44,59,100,241.00,"24,100.00"
2019-02-05,2019020501003605,PRVU,7,59,500,241.00,"120,500.00"
2019-02-05,2019020501003604,PRVU,26,59,"1,000",241.00,"241,000.00"
2019-02-05,2019020501003539,RADHI,25,22,11,167.00,"1,837.00"
2019-02-05,2019020501003984,RBCL,11,29,10,"9,400.00","94,000.00"
2019-02-05,2019020501003528,RBCL,42,59,10,"9,400.00","94,000.00"
2019-02-05,2019020501003756,RBCLPO,10,28,10,"8,700.00","87,000.00"
2019-02-05,2019020501003755,RBCLPO,59,28,10,"8,705.00","87,050.00"
2019-02-05,2019020501003753,RHPC,57,57,46,97.00,"4,462.00"
2019-02-05,2019020501003737,RMDC,56,59,704,540.00,"380,160.00"
2019-02-05,2019020501003736,RMDC,46,59,300,541.00,"162,300.00"
2019-02-05,2019020501003735,RMDC,56,59,20,541.00,"10,820.00"
2019-02-05,2019020501003734,RMDC,52,59,40,542.00,"21,680.00"
2019-02-05,2019020501003733,RMDC,22,59,10,542.00,"5,420.00"
2019-02-05,2019020501003709,RMDC,17,59,10,545.00,"5,450.00"
2019-02-05,2019020501003965,RSDC,4,34,50,394.00,"19,700.00"
2019-02-05,2019020501003964,RSDC,49,34,32,394.00,"12,608.00"
2019-02-05,2019020501003949,RSDC,49,25,18,394.00,"7,092.00"
2019-02-05,2019020501003790,RSDC,22,28,50,395.00,"19,750.00"
2019-02-05,2019020501003916,SADBL,17,33,294,140.00,"41,160.00"
2019-02-05,2019020501003962,SANIMA,50,29,69,300.00,"20,700.00"
2019-02-05,2019020501003852,SANIMA,50,57,434,300.00,"130,200.00"
2019-02-05,2019020501003851,SANIMA,57,57,500,300.00,"150,000.00"
2019-02-05,2019020501003850,SANIMA,39,57,66,300.00,"19,800.00"
2019-02-05,2019020501003752,SANIMA,39,21,100,300.00,"30,000.00"
2019-02-05,2019020501003873,SBI,51,6,20,381.00,"7,620.00"
2019-02-05,2019020501003766,SBL,34,34,119,282.00,"33,558.00"
2019-02-05,2019020501003696,SBL,34,4,270,282.00,"76,140.00"
2019-02-05,2019020501003566,SBL,34,14,50,282.00,"14,100.00"
2019-02-05,2019020501003883,SCB,22,6,60,560.00,"33,600.00"
2019-02-05,2019020501003882,SCB,11,6,10,561.00,"5,610.00"
2019-02-05,2019020501003881,SCB,22,6,10,563.00,"5,630.00"
2019-02-05,2019020501003629,SCB,14,34,50,564.00,"28,200.00"
2019-02-05,2019020501003501,SCB,42,47,10,563.00,"5,630.00"
2019-02-05,2019020501003632,SHL,54,45,500,203.00,"101,500.00"
2019-02-05,2019020501003905,SHPC,17,21,50,228.00,"11,400.00"
2019-02-05,2019020501003904,SHPC,17,16,40,228.00,"9,120.00"
2019-02-05,2019020501003818,SHPC,49,16,40,228.00,"9,120.00"
2019-02-05,2019020501003718,SHPC,17,16,20,228.00,"4,560.00"
2019-02-05,2019020501003627,SHPC,47,43,79,227.00,"17,933.00"
2019-02-05,2019020501003565,SHPC,53,16,39,228.00,"8,892.00"
2019-02-05,2019020501003533,SHPC,25,16,61,228.00,"13,908.00"
2019-02-05,2019020501003969,SIFC,43,1,50,137.00,"6,850.00"
2019-02-05,2019020501003814,SKBBL,7,33,150,860.00,"129,000.00"
2019-02-05,2019020501003801,SKBBL,11,33,50,860.00,"43,000.00"
2019-02-05,2019020501003747,SLBBL,39,36,50,511.00,"25,550.00"
2019-02-05,2019020501003746,SLBBL,39,36,10,513.00,"5,130.00"
2019-02-05,2019020501003749,SLBBL,46,36,40,510.00,"20,400.00"
2019-02-05,2019020501003748,SLBBL,10,36,100,510.00,"51,000.00"
2019-02-05,2019020501003936,SLBS,39,6,50,"1,015.00","50,750.00"
2019-02-05,2019020501003930,SLICL,57,13,35,544.00,"19,040.00"
2019-02-05,2019020501003889,SRBL,57,6,10,209.00,"2,090.00"
2019-02-05,2019020501003830,SRBL,28,59,50,210.00,"10,500.00"
2019-02-05,2019020501003652,SRBL,35,59,"1,000",210.00,"210,000.00"
2019-02-05,2019020501003651,SRBL,28,59,200,210.00,"42,000.00"
2019-02-05,2019020501003621,SWBBL,33,49,50,837.00,"41,850.00"
2019-02-05,2019020501003505,SWBBL,33,47,25,835.00,"20,875.00"
2019-02-05,2019020501003989,TRH,54,8,100,240.00,"24,000.00"
2019-02-05,2019020501003988,TRH,54,8,200,240.00,"48,000.00"
2019-02-05,2019020501003987,TRH,17,8,430,240.00,"103,200.00"
2019-02-05,2019020501003986,TRH,47,8,200,241.00,"48,200.00"
2019-02-05,2019020501003985,TRH,54,8,50,241.00,"12,050.00"
2019-02-05,2019020501003982,UPPER,43,57,50,242.00,"12,100.00"
2019-02-05,2019020501003974,UPPER,43,25,71,242.00,"17,182.00"
2019-02-05,2019020501003972,UPPER,43,17,50,242.00,"12,100.00"
2019-02-05,2019020501003960,UPPER,43,17,50,242.00,"12,100.00"
2019-02-05,2019020501003956,UPPER,43,22,10,242.00,"2,420.00"
2019-02-05,2019020501003948,UPPER,43,22,40,242.00,"9,680.00"
2019-02-05,2019020501003519,UPPER,44,45,50,243.00,"12,150.00"
2019-02-05,2019020501003514,UPPER,52,34,500,244.00,"122,000.00"
2019-02-05,2019020501003513,UPPER,29,34,260,244.00,"63,440.00"
2019-02-05,2019020501003503,UPPER,29,45,40,244.00,"9,760.00"
2019-02-05,2019020501003500,UPPER,11,33,35,245.00,"8,575.00"
2019-02-05,2019020501003490,UPPER,11,48,40,245.00,"9,800.00"
2019-02-05,2019020501003542,UPPER,49,57,293,243.00,"71,199.00"
2019-02-05,2019020501003541,UPPER,49,33,15,243.00,"3,645.00"
2019-02-05,2019020501003537,UPPER,49,45,50,243.00,"12,150.00"
2019-02-05,2019020501003529,UPPER,49,45,50,243.00,"12,150.00"
2019-02-05,2019020501003525,UPPER,49,34,116,243.00,"28,188.00"
2019-02-05,2019020501003524,UPPER,44,34,481,243.00,"116,883.00"
2019-02-05,2019020501003598,UPPER,42,34,"1,000",244.00,"244,000.00"
2019-02-05,2019020501003590,UPPER,49,16,40,243.00,"9,720.00"
2019-02-05,2019020501003589,UPPER,49,45,50,243.00,"12,150.00"
2019-02-05,2019020501003567,UPPER,49,45,50,243.00,"12,150.00"
2019-02-05,2019020501003561,UPPER,49,45,40,243.00,"9,720.00"
2019-02-05,2019020501003545,UPPER,49,45,40,243.00,"9,720.00"
2019-02-05,2019020501003638,UPPER,49,45,26,243.00,"6,318.00"
2019-02-05,2019020501003636,UPPER,49,16,50,243.00,"12,150.00"
2019-02-05,2019020501003625,UPPER,49,44,50,243.00,"12,150.00"
2019-02-05,2019020501003613,UPPER,49,44,40,243.00,"9,720.00"
2019-02-05,2019020501003610,UPPER,49,16,50,243.00,"12,150.00"
2019-02-05,2019020501003600,UPPER,49,16,40,243.00,"9,720.00"
2019-02-05,2019020501003655,UPPER,48,48,50,243.00,"12,150.00"
2019-02-05,2019020501003653,UPPER,48,45,50,243.00,"12,150.00"
2019-02-05,2019020501003647,UPPER,52,39,46,243.00,"11,178.00"
2019-02-05,2019020501003644,UPPER,52,48,40,243.00,"9,720.00"
2019-02-05,2019020501003640,UPPER,36,34,"1,000",244.00,"244,000.00"
2019-02-05,2019020501003639,UPPER,52,45,14,243.00,"3,402.00"
2019-02-05,2019020501003721,UPPER,32,38,50,243.00,"12,150.00"
2019-02-05,2019020501003704,UPPER,32,39,40,243.00,"9,720.00"
2019-02-05,2019020501003699,UPPER,32,45,40,243.00,"9,720.00"
2019-02-05,2019020501003680,UPPER,32,57,137,243.00,"33,291.00"
2019-02-05,2019020501003679,UPPER,48,57,350,243.00,"85,050.00"
2019-02-05,2019020501003673,UPPER,48,45,50,243.00,"12,150.00"
2019-02-05,2019020501003729,UPPER,37,16,243,244.00,"59,292.00"
2019-02-05,2019020501003728,UPPER,37,40,146,244.00,"35,624.00"
2019-02-05,2019020501003726,UPPER,16,34,240,244.00,"58,560.00"
2019-02-05,2019020501003725,UPPER,32,17,33,243.00,"8,019.00"
2019-02-05,2019020501003773,UPPER,38,34,50,243.00,"12,150.00"
2019-02-05,2019020501003772,UPPER,45,34,100,243.00,"24,300.00"
2019-02-05,2019020501003771,UPPER,34,34,500,243.00,"121,500.00"
2019-02-05,2019020501003770,UPPER,37,34,11,244.00,"2,684.00"
2019-02-05,2019020501003779,UPPER,42,34,100,243.00,"24,300.00"
2019-02-05,2019020501003778,UPPER,47,34,50,243.00,"12,150.00"
2019-02-05,2019020501003777,UPPER,28,34,"1,400",243.00,"340,200.00"
2019-02-05,2019020501003776,UPPER,21,34,70,243.00,"17,010.00"
2019-02-05,2019020501003775,UPPER,21,34,300,243.00,"72,900.00"
2019-02-05,2019020501003774,UPPER,25,34,200,243.00,"48,600.00"
2019-02-05,2019020501003785,UPPER,32,34,100,243.00,"24,300.00"
2019-02-05,2019020501003784,UPPER,32,34,100,243.00,"24,300.00"
2019-02-05,2019020501003783,UPPER,6,34,300,243.00,"72,900.00"
2019-02-05,2019020501003782,UPPER,8,34,500,243.00,"121,500.00"
2019-02-05,2019020501003781,UPPER,56,34,200,243.00,"48,600.00"
2019-02-05,2019020501003780,UPPER,43,34,500,243.00,"121,500.00"
2019-02-05,2019020501003813,UPPER,40,34,"1,000",243.00,"243,000.00"
2019-02-05,2019020501003811,UPPER,43,26,50,242.00,"12,100.00"
2019-02-05,2019020501003796,UPPER,21,34,200,243.00,"48,600.00"
2019-02-05,2019020501003788,UPPER,6,34,10,243.00,"2,430.00"
2019-02-05,2019020501003787,UPPER,42,34,200,243.00,"48,600.00"
2019-02-05,2019020501003786,UPPER,21,34,100,243.00,"24,300.00"
2019-02-05,2019020501003857,UPPER,43,39,50,242.00,"12,100.00"
2019-02-05,2019020501003855,UPPER,43,39,40,242.00,"9,680.00"
2019-02-05,2019020501003838,UPPER,43,26,50,242.00,"12,100.00"
2019-02-05,2019020501003836,UPPER,43,16,40,242.00,"9,680.00"
2019-02-05,2019020501003825,UPPER,48,34,180,243.00,"43,740.00"
2019-02-05,2019020501003821,UPPER,43,16,40,242.00,"9,680.00"
2019-02-05,2019020501003880,UPPER,43,39,50,242.00,"12,100.00"
2019-02-05,2019020501003879,UPPER,43,16,50,242.00,"12,100.00"
2019-02-05,2019020501003872,UPPER,43,39,40,242.00,"9,680.00"
2019-02-05,2019020501003871,UPPER,43,39,50,242.00,"12,100.00"
2019-02-05,2019020501003866,UPPER,43,39,50,242.00,"12,100.00"
2019-02-05,2019020501003865,UPPER,43,16,50,242.00,"12,100.00"
2019-02-05,2019020501003922,UPPER,43,22,50,242.00,"12,100.00"
2019-02-05,2019020501003915,UPPER,43,39,40,242.00,"9,680.00"
2019-02-05,2019020501003914,UPPER,21,34,100,243.00,"24,300.00"
2019-02-05,2019020501003890,UPPER,39,34,100,243.00,"24,300.00"
2019-02-05,2019020501003885,UPPER,40,34,"1,000",243.00,"243,000.00"
2019-02-05,2019020501003941,UPPER,49,34,200,243.00,"48,600.00"
2019-02-05,2019020501003940,UPPER,43,22,40,242.00,"9,680.00"
2019-02-05,2019020501003939,UPPER,43,36,50,242.00,"12,100.00"
2019-02-05,2019020501003932,UPPER,43,22,40,242.00,"9,680.00"
2019-02-05,2019020501003931,UPPER,43,32,250,242.00,"60,500.00"
2019-02-05,2019020501003923,UPPER,43,14,40,242.00,"9,680.00"
2019-02-05,2019020501003959,WOMI,45,58,10,"1,155.00","11,550.00"
2019-02-05,2019020501003893,WOMI,57,45,200,"1,153.00","230,600.00"
2019-02-05,2019020501003839,WOMI,45,48,134,"1,150.00","154,100.00"
2019-02-05,2019020501003751,WOMI,45,48,33,"1,150.00","37,950.00"
2019-02-05,2019020501003745,WOMI,45,48,33,"1,150.00","37,950.00"
2019-02-05,2019020501003727,WOMI,45,39,270,"1,154.00","311,580.00"
2019-02-05,2019020501003389,ADBL,35,58,17,339.00,"5,763.00"
2019-02-05,2019020501003382,ADBL,35,32,117,339.00,"39,663.00"
2019-02-05,2019020501003376,ADBL,32,48,117,340.00,"39,780.00"
2019-02-05,2019020501003203,ADBL,35,41,100,339.00,"33,900.00"
2019-02-05,2019020501003202,ADBL,40,41,20,339.00,"6,780.00"
2019-02-05,2019020501003194,ADBL,55,48,100,340.00,"34,000.00"
2019-02-05,2019020501003151,ADBL,45,48,300,340.00,"102,000.00"
2019-02-05,2019020501003251,AHPC,33,32,50,102.00,"5,100.00"
2019-02-05,2019020501003061,AKJCL,21,1,10,84.00,840.00
2019-02-05,2019020501003060,AKJCL,1,1,10,84.00,840.00
2019-02-05,2019020501003142,ALICL,49,57,100,605.00,"60,500.00"
2019-02-05,2019020501003108,AMFI,58,21,10,720.00,"7,200.00"
2019-02-05,2019020501003107,AMFI,58,21,10,720.00,"7,200.00"
2019-02-05,2019020501003106,AMFI,58,21,10,720.00,"7,200.00"
2019-02-05,2019020501003105,AMFI,58,21,10,720.00,"7,200.00"
2019-02-05,2019020501003104,AMFI,58,21,10,720.00,"7,200.00"
2019-02-05,2019020501003103,AMFI,58,21,10,720.00,"7,200.00"
2019-02-05,2019020501003387,API,34,28,100,139.00,"13,900.00"
2019-02-05,2019020501003323,BARUN,14,11,"1,010",102.00,"103,020.00"
2019-02-05,2019020501003322,BARUN,14,45,10,102.00,"1,020.00"
2019-02-05,2019020501003173,BARUN,17,44,"1,555",100.00,"155,500.00"
2019-02-05,2019020501003172,BARUN,34,44,"1,000",100.00,"100,000.00"
2019-02-05,2019020501003171,BARUN,42,44,100,100.00,"10,000.00"
2019-02-05,2019020501003170,BARUN,46,44,95,100.00,"9,500.00"
2019-02-05,2019020501003169,BARUN,56,44,50,101.00,"5,050.00"
2019-02-05,2019020501003168,BARUN,54,44,100,101.00,"10,100.00"
2019-02-05,2019020501003167,BARUN,21,44,100,101.00,"10,100.00"
2019-02-05,2019020501003436,BFC,6,21,13,99.00,"1,287.00"
2019-02-05,2019020501003485,BOKL,1,55,27,249.00,"6,723.00"
2019-02-05,2019020501003315,BOKL,1,1,273,249.00,"67,977.00"
2019-02-05,2019020501003192,BOKL,22,20,95,248.00,"23,560.00"
2019-02-05,2019020501003178,BOKL,37,20,250,248.00,"62,000.00"
2019-02-05,2019020501003177,BOKL,17,20,500,248.00,"124,000.00"
2019-02-05,2019020501003176,BOKL,48,20,155,248.00,"38,440.00"
2019-02-05,2019020501003131,BOKL,1,1,390,249.00,"97,110.00"
2019-02-05,2019020501003117,BOKL,1,17,10,249.00,"2,490.00"
2019-02-05,2019020501003085,BOKL,48,35,12,248.00,"2,976.00"
2019-02-05,2019020501003037,BOKL,48,49,500,248.00,"124,000.00"
2019-02-05,2019020501003002,BOKL,54,17,20,249.00,"4,980.00"
2019-02-05,2019020501003461,BPCL,34,14,100,352.00,"35,200.00"
2019-02-05,2019020501003277,CBL,33,28,50,158.00,"7,900.00"
2019-02-05,2019020501003247,CBL,33,59,140,158.00,"22,120.00"
2019-02-05,2019020501003230,CBL,53,41,35,157.00,"5,495.00"
2019-02-05,2019020501003468,CCBL,37,34,500,167.00,"83,500.00"
2019-02-05,2019020501003223,CCBL,35,41,70,166.00,"11,620.00"
2019-02-05,2019020501003076,CCBL,35,21,51,166.00,"8,466.00"
2019-02-05,2019020501003257,CFCL,14,1,150,111.00,"16,650.00"
2019-02-05,2019020501003256,CFCL,28,1,488,111.00,"54,168.00"
2019-02-05,2019020501003228,CFCL,28,16,12,111.00,"1,332.00"
2019-02-05,2019020501003437,CHCL,54,56,40,514.00,"20,560.00"
2019-02-05,2019020501003430,CHCL,54,13,100,513.00,"51,300.00"
2019-02-05,2019020501003353,CHCL,48,48,1,503.00,503.00
2019-02-05,2019020501003249,CHCL,47,47,7,512.00,"3,584.00"
2019-02-05,2019020501003200,CHCL,5,13,100,513.00,"51,300.00"
2019-02-05,2019020501003183,CHCL,4,20,155,512.00,"79,360.00"
2019-02-05,2019020501003182,CHCL,43,20,245,513.00,"125,685.00"
2019-02-05,2019020501003482,CIT,28,16,100,"2,698.00","269,800.00"
2019-02-05,2019020501003450,CIT,39,34,280,"2,701.00","756,280.00"
2019-02-05,2019020501003440,CIT,17,34,10,"2,703.00","27,030.00"
2019-02-05,2019020501003412,CIT,43,45,50,"2,702.00","135,100.00"
2019-02-05,2019020501003371,CIT,50,13,10,"2,701.00","27,010.00"
2019-02-05,2019020501003274,CIT,39,34,20,"2,703.00","54,060.00"
2019-02-05,2019020501003114,CIT,39,34,63,"2,700.00","170,100.00"
2019-02-05,2019020501003272,CIT,39,34,300,"2,701.00","810,300.00"
2019-02-05,2019020501003199,CIT,1,34,87,"2,700.00","234,900.00"
2019-02-05,2019020501003184,CIT,59,34,50,"2,700.00","135,000.00"
2019-02-05,2019020501003175,CIT,39,34,50,"2,700.00","135,000.00"
2019-02-05,2019020501003146,CIT,59,34,50,"2,700.00","135,000.00"
2019-02-05,2019020501003119,CIT,38,4,50,"2,697.00","134,850.00"
2019-02-05,2019020501003384,CZBIL,19,59,14,206.00,"2,884.00"
2019-02-05,2019020501003383,CZBIL,22,59,100,207.00,"20,700.00"
2019-02-05,2019020501003009,CZBIL,22,17,30,207.00,"6,210.00"
2019-02-05,2019020501003301,DBBL,51,58,25,125.00,"3,125.00"
2019-02-05,2019020501003003,EBL,25,41,200,518.00,"103,600.00"
2019-02-05,2019020501003489,EIC,5,40,169,815.00,"137,735.00"
2019-02-05,2019020501003193,EIC,19,57,100,820.00,"82,000.00"
2019-02-05,2019020501003064,FMDBL,38,13,100,373.00,"37,300.00"
2019-02-05,2019020501003441,FOWAD,33,38,15,"1,590.00","23,850.00"
2019-02-05,2019020501003361,FOWAD,16,48,50,"1,591.00","79,550.00"
2019-02-05,2019020501003333,FOWAD,16,40,50,"1,590.00","79,500.00"
2019-02-05,2019020501003332,FOWAD,16,58,10,"1,590.00","15,900.00"
2019-02-05,2019020501003331,FOWAD,16,17,15,"1,590.00","23,850.00"
2019-02-05,2019020501003229,GBBL,43,29,153,184.00,"28,152.00"
2019-02-05,2019020501003414,GBIME,16,32,154,265.00,"40,810.00"
2019-02-05,2019020501003409,GBIME,32,43,154,266.00,"40,964.00"
2019-02-05,2019020501003336,GBIME,13,43,10,266.00,"2,660.00"
2019-02-05,2019020501003302,GBIME,13,42,100,266.00,"26,600.00"
2019-02-05,2019020501003158,GBIME,13,20,890,266.00,"236,740.00"
2019-02-05,2019020501003157,GBIME,26,20,100,266.00,"26,600.00"
2019-02-05,2019020501003156,GBIME,26,20,10,266.00,"2,660.00"
2019-02-05,2019020501003335,GDBL,48,48,1,179.00,179.00
2019-02-05,2019020501003141,GDBL,22,6,346,182.00,"62,972.00"
2019-02-05,2019020501003082,GDBL,38,6,50,182.00,"9,100.00"
2019-02-05,2019020501003130,GLICL,48,17,100,714.00,"71,400.00"
2019-02-05,2019020501003129,GLICL,48,50,80,710.00,"56,800.00"
2019-02-05,2019020501003286,GRDBL,43,28,130,102.00,"13,260.00"
2019-02-05,2019020501003285,GRDBL,13,28,100,103.00,"10,300.00"
2019-02-05,2019020501003439,GUFL,49,7,100,106.00,"10,600.00"
2019-02-05,2019020501003161,HATH,53,22,10,112.00,"1,120.00"
2019-02-05,2019020501003127,HBL,17,32,25,442.00,"11,050.00"
2019-02-05,2019020501003120,HBL,17,32,25,442.00,"11,050.00"
2019-02-05,2019020501003053,HGI,35,20,168,387.00,"65,016.00"
2019-02-05,2019020501003052,HGI,40,20,20,387.00,"7,740.00"
2019-02-05,2019020501003051,HGI,48,20,100,388.00,"38,800.00"
2019-02-05,2019020501003162,HIDCL,49,19,300,139.00,"41,700.00"
2019-02-05,2019020501003140,HIDCL,49,16,222,139.00,"30,858.00"
2019-02-05,2019020501003074,HIDCL,16,39,200,139.00,"27,800.00"
2019-02-05,2019020501003467,HPPL,53,22,10,180.00,"1,800.00"
2019-02-05,2019020501003254,IGI,33,26,230,430.00,"98,900.00"
2019-02-05,2019020501003232,JBBL,17,16,11,138.00,"1,518.00"
2019-02-05,2019020501003339,JBNL,40,34,158,163.00,"25,754.00"
2019-02-05,2019020501003273,JBNL,37,57,40,162.00,"6,480.00"
2019-02-05,2019020501003241,JBNL,22,34,688,163.00,"112,144.00"
2019-02-05,2019020501003240,JBNL,22,52,203,163.00,"33,089.00"
2019-02-05,2019020501003239,JBNL,22,25,109,163.00,"17,767.00"
2019-02-05,2019020501003305,JEFL,51,38,25,131.00,"3,275.00"
2019-02-05,2019020501003418,KBL,43,20,98,242.00,"23,716.00"
2019-02-05,2019020501003311,KBL,53,20,57,242.00,"13,794.00"
2019-02-05,2019020501003264,KBL,53,20,250,242.00,"60,500.00"
2019-02-05,2019020501003227,KBL,52,20,190,242.00,"45,980.00"
2019-02-05,2019020501003226,KBL,16,20,200,242.00,"48,400.00"
2019-02-05,2019020501003225,KBL,11,20,150,242.00,"36,300.00"
2019-02-05,2019020501003224,KBL,22,20,25,242.00,"6,050.00"
2019-02-05,2019020501003181,KBL,45,20,30,243.00,"7,290.00"
2019-02-05,2019020501003084,KBL,45,34,40,243.00,"9,720.00"
2019-02-05,2019020501003083,KBL,4,34,"2,760",243.00,"670,680.00"
2019-02-05,2019020501003062,KBL,6,34,50,244.00,"12,200.00"
2019-02-05,2019020501003040,KBL,4,41,240,243.00,"58,320.00"
2019-02-05,2019020501003160,KKHC,51,59,66,91.00,"6,006.00"
2019-02-05,2019020501003159,KKHC,51,25,124,91.00,"11,284.00"
2019-02-05,2019020501003153,KKHC,51,17,10,90.00,900.00
2019-02-05,2019020501003271,KMFL,57,57,24,990.00,"23,760.00"
2019-02-05,2019020501003378,KNBL,43,21,50,122.00,"6,100.00"
2019-02-05,2019020501003377,KNBL,43,59,32,122.00,"3,904.00"
2019-02-05,2019020501003325,KNBL,22,6,90,121.00,"10,890.00"
2019-02-05,2019020501003483,KPCL,34,52,100,95.00,"9,500.00"
2019-02-05,2019020501003019,KPCL,1,17,10,95.00,950.00
2019-02-05,2019020501002996,KRBL,29,29,61,98.00,"5,978.00"
2019-02-05,2019020501003366,KSBBL,52,26,100,137.00,"13,700.00"
2019-02-05,2019020501003327,KSBBL,22,26,40,137.00,"5,480.00"
2019-02-05,2019020501003086,KSBBL,17,57,189,137.00,"25,893.00"
2019-02-05,2019020501003362,LBBL,56,28,225,173.00,"38,925.00"
2019-02-05,2019020501003145,LBBL,56,16,78,173.00,"13,494.00"
2019-02-05,2019020501003094,LBBL,56,21,32,173.00,"5,536.00"
2019-02-05,2019020501003488,LBL,56,16,100,197.00,"19,700.00"
2019-02-05,2019020501003487,LBL,22,16,100,197.00,"19,700.00"
2019-02-05,2019020501003188,LBL,53,16,100,197.00,"19,700.00"
2019-02-05,2019020501003187,LBL,55,16,995,197.00,"196,015.00"
2019-02-05,2019020501003186,LBL,45,16,50,198.00,"9,900.00"
2019-02-05,2019020501003185,LBL,5,16,522,198.00,"103,356.00"
2019-02-05,2019020501003057,LBL,6,46,100,199.00,"19,900.00"
2019-02-05,2019020501003370,LGIL,43,10,620,526.00,"326,120.00"
2019-02-05,2019020501003281,MBL,33,58,200,210.00,"42,000.00"
2019-02-05,2019020501003147,MBL,6,58,100,210.00,"21,000.00"
2019-02-05,2019020501003041,MBL,51,46,612,210.00,"128,520.00"
2019-02-05,2019020501003231,MEGA,17,41,15,163.00,"2,445.00"
2019-02-05,2019020501003139,MEGA,17,25,400,163.00,"65,200.00"
2019-02-05,2019020501003088,MEGA,17,11,90,163.00,"14,670.00"
2019-02-05,2019020501003018,MEGA,17,17,20,163.00,"3,260.00"
2019-02-05,2019020501002991,MEGA,20,55,300,164.00,"49,200.00"
2019-02-05,2019020501003154,MERO,45,48,16,"1,119.00","17,904.00"
2019-02-05,2019020501003137,MERO,4,17,25,"1,128.00","28,200.00"
2019-02-05,2019020501003039,MERO,13,29,16,"1,120.00","17,920.00"
2019-02-05,2019020501003035,MERO,29,29,51,"1,120.00","57,120.00"
2019-02-05,2019020501003034,MERO,29,33,16,"1,120.00","17,920.00"
2019-02-05,2019020501003259,MLBL,38,45,193,170.00,"32,810.00"
2019-02-05,2019020501003258,MLBL,38,52,23,170.00,"3,910.00"
2019-02-05,2019020501003190,MLBL,32,41,108,169.00,"18,252.00"
2019-02-05,2019020501003189,MLBL,32,33,989,169.00,"167,141.00"
2019-02-05,2019020501003056,MLBL,29,33,11,169.00,"1,859.00"
2019-02-05,2019020501003042,MLBL,32,29,11,168.00,"1,848.00"
2019-02-05,2019020501003308,MMFDB,22,50,10,"1,015.00","10,150.00"
2019-02-05,2019020501003045,MMFDB,22,58,10,"1,015.00","10,150.00"
2019-02-05,2019020501003411,MNBBL,42,19,30,346.00,"10,380.00"
2019-02-05,2019020501003049,MNBBL,43,41,126,345.00,"43,470.00"
2019-02-05,2019020501003048,MSLB,45,17,15,"1,500.00","22,500.00"
2019-02-05,2019020501003179,MSMBS,55,6,11,540.00,"5,940.00"
2019-02-05,2019020501003252,NABIL,45,49,50,831.00,"41,550.00"
2019-02-05,2019020501003462,NABILP,43,49,422,732.00,"308,904.00"
2019-02-05,2019020501003080,NABILP,43,50,78,732.00,"57,096.00"
2019-02-05,2019020501003453,NADEP,19,45,10,790.00,"7,900.00"
2019-02-05,2019020501003352,NADEP,19,45,10,790.00,"7,900.00"
2019-02-05,2019020501003351,NADEP,19,26,10,790.00,"7,900.00"
2019-02-05,2019020501003350,NADEP,19,21,10,790.00,"7,900.00"
2019-02-05,2019020501003349,NADEP,19,21,10,790.00,"7,900.00"
2019-02-05,2019020501003134,NADEP,11,21,10,790.00,"7,900.00"
2019-02-05,2019020501003133,NADEP,11,21,10,790.00,"7,900.00"
2019-02-05,2019020501003132,NADEP,11,59,10,790.00,"7,900.00"
2019-02-05,2019020501003136,NADEP,11,21,10,790.00,"7,900.00"
2019-02-05,2019020501003135,NADEP,11,21,10,790.00,"7,900.00"
2019-02-05,2019020501003348,NADEP,19,21,10,790.00,"7,900.00"
2019-02-05,2019020501003347,NADEP,19,21,10,790.00,"7,900.00"
2019-02-05,2019020501003346,NADEP,19,21,10,790.00,"7,900.00"
2019-02-05,2019020501003345,NADEP,19,21,10,790.00,"7,900.00"
2019-02-05,2019020501003344,NADEP,19,21,10,790.00,"7,900.00"
2019-02-05,2019020501003265,NADEP,42,38,25,785.00,"19,625.00"
2019-02-05,2019020501003480,NBB,40,17,125,184.00,"23,000.00"
2019-02-05,2019020501003406,NBB,40,46,603,184.00,"110,952.00"
2019-02-05,2019020501003405,NBB,42,46,49,184.00,"9,016.00"
2019-02-05,2019020501003213,NBB,42,47,51,184.00,"9,384.00"
2019-02-05,2019020501003212,NBB,17,47,50,184.00,"9,200.00"
2019-02-05,2019020501003211,NBB,17,47,50,184.00,"9,200.00"
2019-02-05,2019020501003210,NBB,6,47,100,184.00,"18,400.00"
2019-02-05,2019020501003300,NBL,10,28,90,289.00,"26,010.00"
2019-02-05,2019020501003214,NBL,39,45,150,290.00,"43,500.00"
2019-02-05,2019020501003208,NBL,10,5,210,289.00,"60,690.00"
2019-02-05,2019020501003207,NBL,10,5,"1,000",289.00,"289,000.00"
2019-02-05,2019020501003206,NBL,5,5,790,289.00,"228,310.00"
2019-02-05,2019020501003031,NBL,25,45,100,290.00,"29,000.00"
2019-02-05,2019020501003025,NBL,5,59,210,289.00,"60,690.00"
2019-02-05,2019020501003024,NBL,11,59,82,289.00,"23,698.00"
2019-02-05,2019020501003023,NBL,11,59,208,289.00,"60,112.00"
2019-02-05,2019020501003015,NBL,25,45,10,290.00,"2,900.00"
2019-02-05,2019020501003014,NBL,25,40,90,290.00,"26,100.00"
2019-02-05,2019020501003238,NCCB,6,5,169,212.00,"35,828.00"
2019-02-05,2019020501003237,NCCB,54,5,100,212.00,"21,200.00"
2019-02-05,2019020501003236,NCCB,46,5,300,212.00,"63,600.00"
2019-02-05,2019020501003235,NCCB,40,5,400,212.00,"84,800.00"
2019-02-05,2019020501003234,NCCB,17,5,631,212.00,"133,772.00"
2019-02-05,2019020501003217,NCCB,17,34,200,212.00,"42,400.00"
2019-02-05,2019020501003100,NCCB,17,21,18,212.00,"3,816.00"
2019-02-05,2019020501003087,NCCB,29,38,14,213.00,"2,982.00"
2019-02-05,2019020501003075,NCCB,17,29,14,212.00,"2,968.00"
2019-02-05,2019020501003102,NGPL,29,29,13,129.00,"1,677.00"
2019-02-05,2019020501003449,NHPC,45,39,500,66.00,"33,000.00"
2019-02-05,2019020501003242,NHPC,39,25,300,66.00,"19,800.00"
2019-02-05,2019020501003050,NHPC,58,33,"1,736",65.00,"112,840.00"
2019-02-05,2019020501003020,NHPC,6,33,300,65.00,"19,500.00"
2019-02-05,2019020501003388,NIB,42,54,30,525.00,"15,750.00"
2019-02-05,2019020501003267,NIB,5,54,15,525.00,"7,875.00"
2019-02-05,2019020501003233,NIB,56,41,22,524.00,"11,528.00"
2019-02-05,2019020501003098,NIB,56,35,30,524.00,"15,720.00"
2019-02-05,2019020501002994,NIB,56,11,60,524.00,"31,440.00"
2019-02-05,2019020501003269,NICA,35,34,30,390.00,"11,700.00"
2019-02-05,2019020501003220,NICA,58,4,800,389.00,"311,200.00"
2019-02-05,2019020501003219,NICA,49,4,200,389.00,"77,800.00"
2019-02-05,2019020501003204,NICA,57,34,300,390.00,"117,000.00"
2019-02-05,2019020501003017,NICA,14,59,70,389.00,"27,230.00"
2019-02-05,2019020501003016,NICA,20,59,80,389.00,"31,120.00"
2019-02-05,2019020501003469,NICL,22,42,20,557.00,"11,140.00"
2019-02-05,2019020501003454,NICL,16,55,100,556.00,"55,600.00"
2019-02-05,2019020501003357,NICL,45,55,50,556.00,"27,800.00"
2019-02-05,2019020501003356,NICL,39,55,200,556.00,"111,200.00"
2019-02-05,2019020501003355,NICL,13,55,30,557.00,"16,710.00"
2019-02-05,2019020501003318,NICL,13,28,70,557.00,"38,990.00"
2019-02-05,2019020501003255,NICL,5,19,93,558.00,"51,894.00"
2019-02-05,2019020501003164,NICL,5,16,20,558.00,"11,160.00"
2019-02-05,2019020501003121,NICL,58,55,100,559.00,"55,900.00"
2019-02-05,2019020501003222,NIL,45,13,150,532.00,"79,800.00"
2019-02-05,2019020501003221,NIL,45,53,80,532.00,"42,560.00"
2019-02-05,2019020501003026,NIL,10,13,100,530.00,"53,000.00"
2019-02-05,2019020501003408,NLBBL,1,13,19,472.00,"8,968.00"
2019-02-05,2019020501003478,NLIC,42,50,50,"1,068.00","53,400.00"
2019-02-05,2019020501003165,NLIC,58,16,10,"1,070.00","10,700.00"
2019-02-05,2019020501003464,NMB,42,49,293,316.00,"92,588.00"
2019-02-05,2019020501003360,NMB,33,34,"3,077",315.00,"969,255.00"
2019-02-05,2019020501003359,NMB,41,34,50,315.00,"15,750.00"
2019-02-05,2019020501003358,NMB,49,34,873,315.00,"274,995.00"
2019-02-05,2019020501003343,NMB,49,34,687,315.00,"216,405.00"
2019-02-05,2019020501003342,NMB,54,34,50,315.00,"15,750.00"
2019-02-05,2019020501003008,NMB,43,49,57,316.00,"18,012.00"
2019-02-05,2019020501003341,NMB,4,34,"2,263",315.00,"712,845.00"
2019-02-05,2019020501003280,NMB,4,57,20,315.00,"6,300.00"
2019-02-05,2019020501003152,NMB,4,19,300,315.00,"94,500.00"
2019-02-05,2019020501003116,NMB,22,49,50,316.00,"15,800.00"
2019-02-05,2019020501003077,NMB,6,49,100,316.00,"31,600.00"
2019-02-05,2019020501003047,NMB,4,43,17,315.00,"5,355.00"
2019-02-05,2019020501003174,NMBSF1,28,39,"4,000",10.27,"41,080.00"
2019-02-05,2019020501003289,NMFBS,45,28,10,"1,670.00","16,700.00"
2019-02-05,2019020501003288,NMFBS,13,28,20,"1,675.00","33,500.00"
2019-02-05,2019020501003250,NMFBS,33,34,10,"1,698.00","16,980.00"
2019-02-05,2019020501003111,NNLB,51,8,30,577.00,"17,310.00"
2019-02-05,2019020501003110,NNLB,21,8,20,579.00,"11,580.00"
2019-02-05,2019020501003340,NSEWA,11,50,60,629.00,"37,740.00"
2019-02-05,2019020501003338,NSEWA,11,5,10,624.00,"6,240.00"
2019-02-05,2019020501003290,NTC,57,52,20,712.00,"14,240.00"
2019-02-05,2019020501003001,NTC,22,25,10,708.00,"7,080.00"
2019-02-05,2019020501003000,NTC,22,25,340,708.00,"240,720.00"
2019-02-05,2019020501003113,NTC,59,34,20,713.00,"14,260.00"
2019-02-05,2019020501003093,NTC,4,13,300,710.00,"213,000.00"
2019-02-05,2019020501003092,NTC,4,45,900,710.00,"639,000.00"
2019-02-05,2019020501003091,NTC,4,57,365,710.00,"259,150.00"
2019-02-05,2019020501003209,OHL,38,41,25,431.00,"10,775.00"
2019-02-05,2019020501003484,PCBL,32,32,215,319.00,"68,585.00"
2019-02-05,2019020501003071,PCBL,43,19,100,322.00,"32,200.00"
2019-02-05,2019020501003070,PCBL,43,11,64,322.00,"20,608.00"
2019-02-05,2019020501003069,PCBL,43,50,"1,270",322.00,"408,940.00"
2019-02-05,2019020501003068,PCBL,43,11,503,321.00,"161,463.00"
2019-02-05,2019020501003067,PCBL,43,19,357,321.00,"114,597.00"
2019-02-05,2019020501003066,PCBL,43,57,100,320.00,"32,000.00"
2019-02-05,2019020501003316,PIC,38,22,11,"1,033.00","11,363.00"
2019-02-05,2019020501003095,PIC,48,11,1,"1,013.00","1,013.00"
2019-02-05,2019020501003090,PIC,38,47,10,"1,033.00","10,330.00"
2019-02-05,2019020501003429,PMHPL,34,11,10,108.00,"1,080.00"
2019-02-05,2019020501003428,PMHPL,34,11,10,108.00,"1,080.00"
2019-02-05,2019020501003427,PMHPL,34,11,10,108.00,"1,080.00"
2019-02-05,2019020501003426,PMHPL,34,11,10,108.00,"1,080.00"
2019-02-05,2019020501003425,PMHPL,34,11,10,108.00,"1,080.00"
2019-02-05,2019020501003424,PMHPL,34,11,10,108.00,"1,080.00"
2019-02-05,2019020501003263,PMHPL,5,44,10,107.00,"1,070.00"
2019-02-05,2019020501003262,PMHPL,5,44,10,107.00,"1,070.00"
2019-02-05,2019020501003081,PMHPL,56,22,10,106.00,"1,060.00"
2019-02-05,2019020501003423,PMHPL,34,11,10,108.00,"1,080.00"
2019-02-05,2019020501003422,PMHPL,34,11,10,108.00,"1,080.00"
2019-02-05,2019020501003421,PMHPL,34,8,10,108.00,"1,080.00"
2019-02-05,2019020501003420,PMHPL,34,13,10,108.00,"1,080.00"
2019-02-05,2019020501003407,PMHPL,5,22,10,107.00,"1,070.00"
2019-02-05,2019020501003372,PMHPL,5,59,10,107.00,"1,070.00"
2019-02-05,2019020501003381,PRIN,51,6,50,434.00,"21,700.00"
2019-02-05,2019020501003463,PRVU,32,32,118,242.00,"28,556.00"
2019-02-05,2019020501003197,PRVU,51,33,550,242.00,"133,100.00"
2019-02-05,2019020501003196,PRVU,48,33,100,242.00,"24,200.00"
2019-02-05,2019020501003195,PRVU,48,33,50,242.00,"12,100.00"
2019-02-05,2019020501003030,PRVU,40,8,95,241.00,"22,895.00"
2019-02-05,2019020501003029,PRVU,56,8,"1,500",241.00,"361,500.00"
2019-02-05,2019020501003028,PRVU,28,8,"1,200",241.00,"289,200.00"
2019-02-05,2019020501003027,PRVU,40,8,100,242.00,"24,200.00"
2019-02-05,2019020501003448,RADHI,34,21,11,164.00,"1,804.00"
2019-02-05,2019020501003447,RADHI,34,49,54,164.00,"8,856.00"
2019-02-05,2019020501003446,RADHI,34,1,11,164.00,"1,804.00"
2019-02-05,2019020501003445,RADHI,34,16,11,164.00,"1,804.00"
2019-02-05,2019020501003444,RADHI,34,41,11,163.00,"1,793.00"
2019-02-05,2019020501003058,RADHI,37,34,11,161.00,"1,771.00"
2019-02-05,2019020501003433,RSDC,43,38,50,394.00,"19,700.00"
2019-02-05,2019020501003432,RSDC,43,48,75,394.00,"29,550.00"
2019-02-05,2019020501003166,RSDC,42,17,30,394.00,"11,820.00"
2019-02-05,2019020501003460,SANIMA,39,57,34,300.00,"10,200.00"
2019-02-05,2019020501003459,SANIMA,48,57,50,300.00,"15,000.00"
2019-02-05,2019020501003458,SANIMA,32,57,"1,000",300.00,"300,000.00"
2019-02-05,2019020501003457,SANIMA,33,57,100,300.00,"30,000.00"
2019-02-05,2019020501003456,SANIMA,39,57,256,300.00,"76,800.00"
2019-02-05,2019020501003435,SANIMA,39,29,44,300.00,"13,200.00"
2019-02-05,2019020501003180,SANIMA,4,35,"1,206",300.00,"361,800.00"
2019-02-05,2019020501003099,SANIMA,6,36,100,301.00,"30,100.00"
2019-02-05,2019020501003065,SANIMA,4,57,100,300.00,"30,000.00"
2019-02-05,2019020501002990,SANIMA,4,32,336,300.00,"100,800.00"
2019-02-05,2019020501003434,SANIMA,28,29,56,300.00,"16,800.00"
2019-02-05,2019020501003369,SANIMA,28,57,144,300.00,"43,200.00"
2019-02-05,2019020501003368,SANIMA,58,57,300,300.00,"90,000.00"
2019-02-05,2019020501003367,SANIMA,4,57,56,300.00,"16,800.00"
2019-02-05,2019020501003306,SANIMA,4,42,100,300.00,"30,000.00"
2019-02-05,2019020501003248,SANIMA,4,16,18,300.00,"5,400.00"
2019-02-05,2019020501003380,SBI,22,44,100,382.00,"38,200.00"
2019-02-05,2019020501003337,SBI,17,44,200,382.00,"76,400.00"
2019-02-05,2019020501003032,SBI,51,32,109,381.00,"41,529.00"
2019-02-05,2019020501003452,SBL,59,25,50,283.00,"14,150.00"
2019-02-05,2019020501003451,SBL,35,25,54,283.00,"15,282.00"
2019-02-05,2019020501003438,SBL,35,46,479,283.00,"135,557.00"
2019-02-05,2019020501003417,SBL,35,46,467,283.00,"132,161.00"
2019-02-05,2019020501003416,SBL,35,46,100,283.00,"28,300.00"
2019-02-05,2019020501003415,SBL,33,46,23,283.00,"6,509.00"
2019-02-05,2019020501003279,SBL,22,1,20,284.00,"5,680.00"
2019-02-05,2019020501003419,SCB,42,16,14,563.00,"7,882.00"
2019-02-05,2019020501003112,SCB,47,17,30,563.00,"16,890.00"
2019-02-05,2019020501003150,SCB,47,16,70,563.00,"39,410.00"
2019-02-05,2019020501003278,SDESI,35,36,180,621.00,"111,780.00"
2019-02-05,2019020501003191,SEOS,58,5,"5,000",9.84,"49,200.00"
2019-02-05,2019020501003012,SHINE,53,32,46,249.00,"11,454.00"
2019-02-05,2019020501003011,SHINE,53,26,28,248.00,"6,944.00"
2019-02-05,2019020501003299,SHL,34,17,100,203.00,"20,300.00"
2019-02-05,2019020501003298,SHL,34,32,265,203.00,"53,795.00"
2019-02-05,2019020501003007,SHL,44,7,100,202.00,"20,200.00"
2019-02-05,2019020501003006,SHL,26,7,500,202.00,"101,000.00"
2019-02-05,2019020501003005,SHL,41,7,300,202.00,"60,600.00"
2019-02-05,2019020501003443,SHPC,25,29,159,228.00,"36,252.00"
2019-02-05,2019020501003442,SHPC,17,29,41,228.00,"9,348.00"
2019-02-05,2019020501003431,SHPC,8,48,500,229.00,"114,500.00"
2019-02-05,2019020501003055,SIC,40,42,100,"1,300.00","130,000.00"
2019-02-05,2019020501003054,SIC,40,10,250,"1,299.00","324,750.00"
2019-02-05,2019020501003010,SICL,34,32,137,910.00,"124,670.00"
2019-02-05,2019020501003046,SKBBL,37,34,70,860.00,"60,200.00"
2019-02-05,2019020501003149,SLBBL,38,40,20,519.00,"10,380.00"
2019-02-05,2019020501003294,SLBBL,6,36,20,515.00,"10,300.00"
2019-02-05,2019020501003293,SLBBL,42,36,14,515.00,"7,210.00"
2019-02-05,2019020501003292,SLBBL,41,36,14,515.00,"7,210.00"
2019-02-05,2019020501003296,SLBBL,6,36,100,510.00,"51,000.00"
2019-02-05,2019020501003295,SLBBL,10,36,100,511.00,"51,100.00"
2019-02-05,2019020501003317,SLBBL,43,36,52,510.00,"26,520.00"
2019-02-05,2019020501003218,SLBS,39,5,68,"1,015.00","69,020.00"
2019-02-05,2019020501003115,SLBS,29,29,18,"1,014.00","18,252.00"
2019-02-05,2019020501003198,SMFDB,14,50,138,705.00,"97,290.00"
2019-02-05,2019020501003144,SMFDB,22,50,50,705.00,"35,250.00"
2019-02-05,2019020501003143,SMFDB,22,50,12,705.00,"8,460.00"
2019-02-05,2019020501002999,SPDL,34,6,10,92.00,920.00
2019-02-05,2019020501002998,SPDL,34,59,10,92.00,920.00
2019-02-05,2019020501002997,SPDL,34,42,10,92.00,920.00
2019-02-05,2019020501003481,SRBL,32,32,196,211.00,"41,356.00"
2019-02-05,2019020501003375,SRBL,29,59,154,210.00,"32,340.00"
2019-02-05,2019020501003216,SRBL,29,41,10,210.00,"2,100.00"
2019-02-05,2019020501003215,SRBL,6,41,100,211.00,"21,100.00"
2019-02-05,2019020501003486,UPPER,11,58,40,245.00,"9,800.00"
2019-02-05,2019020501003479,UPPER,11,48,50,245.00,"12,250.00"
2019-02-05,2019020501003477,UPPER,51,34,"1,000",244.00,"244,000.00"
2019-02-05,2019020501003476,UPPER,52,34,200,244.00,"48,800.00"
2019-02-05,2019020501003475,UPPER,51,34,"2,000",244.00,"488,000.00"
2019-02-05,2019020501002995,UPPER,40,28,315,245.00,"77,175.00"
2019-02-05,2019020501002993,UPPER,32,28,30,245.00,"7,350.00"
2019-02-05,2019020501002992,UPPER,13,28,55,245.00,"13,475.00"
2019-02-05,2019020501003033,UPPER,40,40,40,245.00,"9,800.00"
2019-02-05,2019020501003022,UPPER,32,57,27,246.00,"6,642.00"
2019-02-05,2019020501003021,UPPER,40,55,50,245.00,"12,250.00"
2019-02-05,2019020501003013,UPPER,40,40,40,245.00,"9,800.00"
2019-02-05,2019020501003004,UPPER,40,40,40,245.00,"9,800.00"
2019-02-05,2019020501003063,UPPER,40,40,40,245.00,"9,800.00"
2019-02-05,2019020501003059,UPPER,40,49,40,245.00,"9,800.00"
2019-02-05,2019020501003044,UPPER,40,40,50,245.00,"12,250.00"
2019-02-05,2019020501003043,UPPER,40,49,50,245.00,"12,250.00"
2019-02-05,2019020501003038,UPPER,40,40,40,245.00,"9,800.00"
2019-02-05,2019020501003036,UPPER,40,49,50,245.00,"12,250.00"
2019-02-05,2019020501003096,UPPER,33,32,80,245.00,"19,600.00"
2019-02-05,2019020501003089,UPPER,45,49,50,244.00,"12,200.00"
2019-02-05,2019020501003079,UPPER,45,49,30,244.00,"7,320.00"
2019-02-05,2019020501003078,UPPER,34,49,10,244.00,"2,440.00"
2019-02-05,2019020501003073,UPPER,40,32,35,245.00,"8,575.00"
2019-02-05,2019020501003072,UPPER,40,49,40,245.00,"9,800.00"
2019-02-05,2019020501003124,UPPER,52,38,10,244.00,"2,440.00"
2019-02-05,2019020501003123,UPPER,52,29,50,244.00,"12,200.00"
2019-02-05,2019020501003118,UPPER,52,38,40,244.00,"9,760.00"
2019-02-05,2019020501003109,UPPER,45,49,40,244.00,"9,760.00"
2019-02-05,2019020501003101,UPPER,45,49,40,244.00,"9,760.00"
2019-02-05,2019020501003097,UPPER,45,49,40,244.00,"9,760.00"
2019-02-05,2019020501003148,UPPER,13,32,100,245.00,"24,500.00"
2019-02-05,2019020501003138,UPPER,43,38,50,244.00,"12,200.00"
2019-02-05,2019020501003128,UPPER,29,32,50,245.00,"12,250.00"
2019-02-05,2019020501003126,UPPER,43,38,20,244.00,"4,880.00"
2019-02-05,2019020501003125,UPPER,50,38,20,244.00,"4,880.00"
2019-02-05,2019020501003244,UPPER,43,41,20,244.00,"4,880.00"
2019-02-05,2019020501003243,UPPER,43,22,40,244.00,"9,760.00"
2019-02-05,2019020501003205,UPPER,43,18,10,244.00,"2,440.00"
2019-02-05,2019020501003201,UPPER,43,18,50,244.00,"12,200.00"
2019-02-05,2019020501003163,UPPER,43,58,50,244.00,"12,200.00"
2019-02-05,2019020501003155,UPPER,43,58,40,244.00,"9,760.00"
2019-02-05,2019020501003261,UPPER,43,56,40,244.00,"9,760.00"
2019-02-05,2019020501003260,UPPER,43,42,40,244.00,"9,760.00"
2019-02-05,2019020501003253,UPPER,43,56,50,244.00,"12,200.00"
2019-02-05,2019020501003246,UPPER,43,45,50,244.00,"12,200.00"
2019-02-05,2019020501003245,UPPER,43,56,50,244.00,"12,200.00"
2019-02-05,2019020501003283,UPPER,43,56,40,244.00,"9,760.00"
2019-02-05,2019020501003276,UPPER,43,56,50,244.00,"12,200.00"
2019-02-05,2019020501003275,UPPER,43,49,40,244.00,"9,760.00"
2019-02-05,2019020501003270,UPPER,43,56,40,244.00,"9,760.00"
2019-02-05,2019020501003268,UPPER,43,42,40,244.00,"9,760.00"
2019-02-05,2019020501003266,UPPER,43,56,50,244.00,"12,200.00"
2019-02-05,2019020501003291,UPPER,43,56,40,244.00,"9,760.00"
2019-02-05,2019020501003287,UPPER,43,59,40,244.00,"9,760.00"
2019-02-05,2019020501003284,UPPER,43,49,50,244.00,"12,200.00"
2019-02-05,2019020501003307,UPPER,49,16,40,244.00,"9,760.00"
2019-02-05,2019020501003304,UPPER,49,49,50,244.00,"12,200.00"
2019-02-05,2019020501003303,UPPER,43,56,50,244.00,"12,200.00"
2019-02-05,2019020501003297,UPPER,43,49,50,244.00,"12,200.00"
2019-02-05,2019020501003314,UPPER,22,56,50,244.00,"12,200.00"
2019-02-05,2019020501003313,UPPER,22,13,50,244.00,"12,200.00"
2019-02-05,2019020501003312,UPPER,51,32,40,245.00,"9,800.00"
2019-02-05,2019020501003310,UPPER,22,56,40,244.00,"9,760.00"
2019-02-05,2019020501003309,UPPER,49,56,10,244.00,"2,440.00"
2019-02-05,2019020501003328,UPPER,49,32,85,245.00,"20,825.00"
2019-02-05,2019020501003326,UPPER,43,56,40,244.00,"9,760.00"
2019-02-05,2019020501003324,UPPER,51,32,10,245.00,"2,450.00"
2019-02-05,2019020501003321,UPPER,43,28,40,244.00,"9,760.00"
2019-02-05,2019020501003320,UPPER,22,28,10,244.00,"2,440.00"
2019-02-05,2019020501003319,UPPER,22,56,50,244.00,"12,200.00"
2019-02-05,2019020501003365,UPPER,57,41,20,244.00,"4,880.00"
2019-02-05,2019020501003364,UPPER,43,41,30,244.00,"7,320.00"
2019-02-05,2019020501003354,UPPER,43,16,40,244.00,"9,760.00"
2019-02-05,2019020501003334,UPPER,43,56,50,244.00,"12,200.00"
2019-02-05,2019020501003330,UPPER,49,40,15,245.00,"3,675.00"
2019-02-05,2019020501003329,UPPER,49,40,50,245.00,"12,250.00"
2019-02-05,2019020501003390,UPPER,8,40,25,245.00,"6,125.00"
2019-02-05,2019020501003386,UPPER,57,41,50,244.00,"12,200.00"
2019-02-05,2019020501003385,UPPER,57,44,50,244.00,"12,200.00"
2019-02-05,2019020501003379,UPPER,57,41,50,244.00,"12,200.00"
2019-02-05,2019020501003374,UPPER,42,40,15,245.00,"3,675.00"
2019-02-05,2019020501003373,UPPER,42,40,35,245.00,"8,575.00"
2019-02-05,2019020501003396,UPPER,8,40,50,245.00,"12,250.00"
2019-02-05,2019020501003395,UPPER,8,40,50,245.00,"12,250.00"
2019-02-05,2019020501003394,UPPER,8,40,40,245.00,"9,800.00"
2019-02-05,2019020501003393,UPPER,8,40,50,245.00,"12,250.00"
2019-02-05,2019020501003392,UPPER,8,40,50,245.00,"12,250.00"
2019-02-05,2019020501003391,UPPER,8,40,50,245.00,"12,250.00"
2019-02-05,2019020501003402,UPPER,33,51,40,245.00,"9,800.00"
2019-02-05,2019020501003401,UPPER,33,40,15,245.00,"3,675.00"
2019-02-05,2019020501003400,UPPER,8,40,35,245.00,"8,575.00"
2019-02-05,2019020501003399,UPPER,8,40,50,245.00,"12,250.00"
2019-02-05,2019020501003398,UPPER,8,25,50,245.00,"12,250.00"
2019-02-05,2019020501003397,UPPER,8,40,50,245.00,"12,250.00"
2019-02-05,2019020501003465,UPPER,22,56,50,245.00,"12,250.00"
2019-02-05,2019020501003455,UPPER,57,16,40,244.00,"9,760.00"
2019-02-05,2019020501003413,UPPER,57,44,40,244.00,"9,760.00"
2019-02-05,2019020501003410,UPPER,57,41,50,244.00,"12,200.00"
2019-02-05,2019020501003404,UPPER,33,50,35,245.00,"8,575.00"
2019-02-05,2019020501003403,UPPER,33,51,10,245.00,"2,450.00"
2019-02-05,2019020501003474,UPPER,13,34,50,244.00,"12,200.00"
2019-02-05,2019020501003473,UPPER,47,34,200,244.00,"48,800.00"
2019-02-05,2019020501003472,UPPER,49,34,10,244.00,"2,440.00"
2019-02-05,2019020501003471,UPPER,53,34,500,244.00,"122,000.00"
2019-02-05,2019020501003470,UPPER,57,34,"2,700",244.00,"658,800.00"
2019-02-05,2019020501003466,UPPER,22,50,115,245.00,"28,175.00"
2019-02-05,2019020501003363,WOMI,34,48,25,"1,150.00","28,750.00"
2019-02-05,2019020501003282,WOMI,43,48,33,"1,150.00","37,950.00"
2019-02-05,2019020501002873,ADBL,5,39,49,340.00,"16,660.00"
2019-02-05,2019020501002872,ADBL,4,39,98,340.00,"33,320.00"
2019-02-05,2019020501002864,ADBL,4,39,150,340.00,"51,000.00"
2019-02-05,2019020501002624,ADBL,4,47,77,340.00,"26,180.00"
2019-02-05,2019020501002936,AKPL,14,17,13,183.00,"2,379.00"
2019-02-05,2019020501002865,AMFI,42,48,10,717.00,"7,170.00"
2019-02-05,2019020501002549,AMFI,22,43,10,718.00,"7,180.00"
2019-02-05,2019020501002543,AMFI,22,51,20,718.00,"14,360.00"
2019-02-05,2019020501002901,API,29,28,18,139.00,"2,502.00"
2019-02-05,2019020501002899,API,4,29,18,138.00,"2,484.00"
2019-02-05,2019020501002509,API,5,21,29,139.00,"4,031.00"
2019-02-05,2019020501002671,API,19,28,100,139.00,"13,900.00"
2019-02-05,2019020501002670,API,5,28,413,139.00,"57,407.00"
2019-02-05,2019020501002807,API,4,1,527,138.00,"72,726.00"
2019-02-05,2019020501002809,BFC,38,21,40,99.00,"3,960.00"
2019-02-05,2019020501002564,BNT,28,14,10,"6,303.00","63,030.00"
2019-02-05,2019020501002857,BOKL,48,25,27,248.00,"6,696.00"
2019-02-05,2019020501002728,BOKL,48,1,219,248.00,"54,312.00"
2019-02-05,2019020501002722,BOKL,48,1,44,249.00,"10,956.00"
2019-02-05,2019020501002554,BOKL,26,5,30,250.00,"7,500.00"
2019-02-05,2019020501002553,BOKL,14,5,10,251.00,"2,510.00"
2019-02-05,2019020501002854,BPCL,36,41,150,352.00,"52,800.00"
2019-02-05,2019020501002853,BPCL,36,38,70,352.00,"24,640.00"
2019-02-05,2019020501002645,BPCL,45,38,100,352.00,"35,200.00"
2019-02-05,2019020501002524,BPCL,5,29,50,352.00,"17,600.00"
2019-02-05,2019020501002791,CBBL,28,21,50,871.00,"43,550.00"
2019-02-05,2019020501002790,CBBL,39,21,100,871.00,"87,100.00"
2019-02-05,2019020501002789,CBBL,22,21,20,872.00,"17,440.00"
2019-02-05,2019020501002788,CBBL,56,21,100,872.00,"87,200.00"
2019-02-05,2019020501002787,CBBL,28,21,30,873.00,"26,190.00"
2019-02-05,2019020501002786,CBBL,45,21,50,874.00,"43,700.00"
2019-02-05,2019020501002644,CBBL,53,35,500,875.00,"437,500.00"
2019-02-05,2019020501002643,CBBL,38,35,30,875.00,"26,250.00"
2019-02-05,2019020501002642,CBBL,1,35,50,876.00,"43,800.00"
2019-02-05,2019020501002641,CBBL,19,35,50,876.00,"43,800.00"
2019-02-05,2019020501002785,CBBL,41,21,100,874.00,"87,400.00"
2019-02-05,2019020501002784,CBBL,49,21,50,874.00,"43,700.00"
2019-02-05,2019020501002981,CBL,37,59,100,158.00,"15,800.00"
2019-02-05,2019020501002980,CBL,34,59,200,158.00,"31,600.00"
2019-02-05,2019020501002979,CBL,59,59,60,158.00,"9,480.00"
2019-02-05,2019020501002943,CBL,51,33,758,158.00,"119,764.00"
2019-02-05,2019020501002749,CBL,44,25,200,159.00,"31,800.00"
2019-02-05,2019020501002711,CBL,51,17,223,158.00,"35,234.00"
2019-02-05,2019020501002710,CBL,26,25,300,159.00,"47,700.00"
2019-02-05,2019020501002634,CBL,22,25,500,159.00,"79,500.00"
2019-02-05,2019020501002590,CBL,51,16,13,158.00,"2,054.00"
2019-02-05,2019020501002775,CCBL,35,21,51,166.00,"8,466.00"
2019-02-05,2019020501002747,CCBL,35,1,323,166.00,"53,618.00"
2019-02-05,2019020501002746,CCBL,11,1,20,166.00,"3,320.00"
2019-02-05,2019020501002745,CCBL,44,1,340,166.00,"56,440.00"
2019-02-05,2019020501002609,CCBL,44,16,13,166.00,"2,158.00"
2019-02-05,2019020501002515,CCBL,51,56,200,167.00,"33,400.00"
2019-02-05,2019020501002514,CCBL,49,56,10,167.00,"1,670.00"
2019-02-05,2019020501002539,CEFL,42,44,"3,200",104.00,"332,800.00"
2019-02-05,2019020501002538,CEFL,47,44,50,105.00,"5,250.00"
2019-02-05,2019020501002537,CEFL,56,44,100,105.00,"10,500.00"
2019-02-05,2019020501002536,CEFL,21,44,50,105.00,"5,250.00"
2019-02-05,2019020501002969,CHCL,43,13,55,513.00,"28,215.00"
2019-02-05,2019020501002511,CHCL,4,5,10,512.00,"5,120.00"
2019-02-05,2019020501002510,CHCL,38,5,10,512.00,"5,120.00"
2019-02-05,2019020501002852,CIT,4,34,250,"2,700.00","675,000.00"
2019-02-05,2019020501002819,CIT,1,34,50,"2,700.00","135,000.00"
2019-02-05,2019020501002774,CIT,4,46,100,"2,700.00","270,000.00"
2019-02-05,2019020501002773,CIT,4,34,200,"2,700.00","540,000.00"
2019-02-05,2019020501002686,CIT,45,16,15,"2,700.00","40,500.00"
2019-02-05,2019020501002542,CIT,45,46,50,"2,700.00","135,000.00"
2019-02-05,2019020501002755,CLBSL,57,17,10,681.00,"6,810.00"
2019-02-05,2019020501002848,CZBIL,22,57,500,208.00,"104,000.00"
2019-02-05,2019020501002736,CZBIL,11,57,14,208.00,"2,912.00"
2019-02-05,2019020501002723,CZBIL,22,57,40,207.00,"8,280.00"
2019-02-05,2019020501002806,DBBL,11,58,30,125.00,"3,750.00"
2019-02-05,2019020501002804,DDBL,22,21,50,571.00,"28,550.00"
2019-02-05,2019020501002803,DDBL,19,21,20,571.00,"11,420.00"
2019-02-05,2019020501002802,DDBL,55,21,100,571.00,"57,100.00"
2019-02-05,2019020501002801,DDBL,55,21,50,572.00,"28,600.00"
2019-02-05,2019020501002800,DDBL,14,21,20,572.00,"11,440.00"
2019-02-05,2019020501002799,DDBL,45,21,42,573.00,"24,066.00"
2019-02-05,2019020501002555,DDBL,16,37,150,580.00,"87,000.00"
2019-02-05,2019020501002518,DDBL,43,37,100,580.00,"58,000.00"
2019-02-05,2019020501002798,DDBL,52,21,50,574.00,"28,700.00"
2019-02-05,2019020501002797,DDBL,52,21,50,574.00,"28,700.00"
2019-02-05,2019020501002796,DDBL,43,21,100,575.00,"57,500.00"
2019-02-05,2019020501002795,DDBL,45,21,15,575.00,"8,625.00"
2019-02-05,2019020501002751,DDBL,10,1,50,576.00,"28,800.00"
2019-02-05,2019020501002748,DDBL,10,1,100,576.00,"57,600.00"
2019-02-05,2019020501002886,EBL,32,8,161,517.00,"83,237.00"
2019-02-05,2019020501002562,EBL,16,39,450,516.00,"232,200.00"
2019-02-05,2019020501002561,EBL,5,39,40,516.00,"20,640.00"
2019-02-05,2019020501002560,EBL,14,39,200,517.00,"103,400.00"
2019-02-05,2019020501002559,EBL,1,39,50,517.00,"25,850.00"
2019-02-05,2019020501002558,EBL,11,39,50,517.00,"25,850.00"
2019-02-05,2019020501002557,EBL,50,39,200,518.00,"103,600.00"
2019-02-05,2019020501002556,EBL,25,39,10,518.00,"5,180.00"
2019-02-05,2019020501002744,FOWAD,16,4,15,"1,590.00","23,850.00"
2019-02-05,2019020501002743,FOWAD,16,35,10,"1,587.00","15,870.00"
2019-02-05,2019020501002742,FOWAD,16,53,50,"1,585.00","79,250.00"
2019-02-05,2019020501002741,FOWAD,16,49,15,"1,583.00","23,745.00"
2019-02-05,2019020501002740,FOWAD,16,43,100,"1,583.00","158,300.00"
2019-02-05,2019020501002739,FOWAD,16,32,100,"1,582.00","158,200.00"
2019-02-05,2019020501002690,FOWAD,33,32,100,"1,582.00","158,200.00"
2019-02-05,2019020501002926,GBBL,29,29,20,185.00,"3,700.00"
2019-02-05,2019020501002925,GBBL,29,5,100,185.00,"18,500.00"
2019-02-05,2019020501002924,GBBL,29,32,53,185.00,"9,805.00"
2019-02-05,2019020501002934,GBLBS,29,29,10,449.00,"4,490.00"
2019-02-05,2019020501002771,GBLBS,45,43,50,447.00,"22,350.00"
2019-02-05,2019020501002770,GBLBS,5,43,50,447.00,"22,350.00"
2019-02-05,2019020501002769,GBLBS,5,43,100,447.00,"44,700.00"
2019-02-05,2019020501002754,GBLBS,5,13,100,449.00,"44,900.00"
2019-02-05,2019020501002753,GBLBS,5,42,40,449.00,"17,960.00"
2019-02-05,2019020501002640,GBLBS,5,42,20,449.00,"8,980.00"
2019-02-05,2019020501002639,GBLBS,5,1,10,449.00,"4,490.00"
2019-02-05,2019020501002638,GBLBS,5,39,70,449.00,"31,430.00"
2019-02-05,2019020501002571,GBLBS,35,6,10,448.00,"4,480.00"
2019-02-05,2019020501002512,GBLBS,38,58,10,446.00,"4,460.00"
2019-02-05,2019020501002583,GDBL,32,39,46,183.00,"8,418.00"
2019-02-05,2019020501002716,GILB,57,44,"1,500","1,193.00","1,789,500.00"
2019-02-05,2019020501002715,GILB,57,4,50,"1,192.00","59,600.00"
2019-02-05,2019020501002714,GILB,57,42,80,"1,191.00","95,280.00"
2019-02-05,2019020501002656,GILB,43,6,19,"1,180.00","22,420.00"
2019-02-05,2019020501002676,GLICL,41,50,10,710.00,"7,100.00"
2019-02-05,2019020501002813,GRDBL,13,6,50,103.00,"5,150.00"
2019-02-05,2019020501002768,GRDBL,13,34,150,103.00,"15,450.00"
2019-02-05,2019020501002767,GRDBL,37,34,50,103.00,"5,150.00"
2019-02-05,2019020501002966,HBL,22,32,30,442.00,"13,260.00"
2019-02-05,2019020501002965,HBL,22,32,50,442.00,"22,100.00"
2019-02-05,2019020501002964,HBL,50,32,50,442.00,"22,100.00"
