Date,Transact. No.,Symbol,Buyer,Seller,Quantity,Rate,Amount
2020-11-25,2020112504003047,BBC,20,29,50,"3,950.00","197,500.00"
2020-11-25,2020112504002944,BBC,20,1,10,"3,950.00","39,500.00"
2020-11-25,2020112504002778,CMF1,13,43,"2,000",10.10,"20,200.00"
2020-11-25,2020112504002598,CMF1,44,47,"1,000",10.05,"10,050.00"
2020-11-25,2020112504003084,GIC,26,48,10,599.00,"5,990.00"
2020-11-25,2020112504003080,GIC,26,41,10,599.00,"5,990.00"
2020-11-25,2020112504003077,GIC,26,34,100,599.00,"59,900.00"
2020-11-25,2020112504003071,GIC,26,22,40,599.00,"23,960.00"
2020-11-25,2020112504003067,GIC,26,45,10,599.00,"5,990.00"
2020-11-25,2020112504003059,GIC,26,59,10,599.00,"5,990.00"
2020-11-25,2020112504002597,GIC,28,39,10,598.00,"5,980.00"
2020-11-25,2020112504002594,GIC,28,34,10,598.00,"5,980.00"
2020-11-25,2020112504002590,GIC,28,33,10,598.00,"5,980.00"
2020-11-25,2020112504002586,GIC,28,8,10,598.00,"5,980.00"
2020-11-25,2020112504002585,GIC,28,39,10,598.00,"5,980.00"
2020-11-25,2020112504002606,GIC,28,58,62,598.00,"37,076.00"
2020-11-25,2020112504002605,GIC,55,4,20,599.00,"11,980.00"
2020-11-25,2020112504002604,GIC,55,8,50,599.00,"29,950.00"
2020-11-25,2020112504002603,GIC,55,16,10,599.00,"5,990.00"
2020-11-25,2020112504002602,GIC,55,34,20,599.00,"11,980.00"
2020-11-25,2020112504002599,GIC,28,6,10,598.00,"5,980.00"
2020-11-25,2020112504002624,GIC,28,36,10,598.00,"5,980.00"
2020-11-25,2020112504002617,GIC,34,6,100,599.00,"59,900.00"
2020-11-25,2020112504002612,GIC,28,41,10,598.00,"5,980.00"
2020-11-25,2020112504002609,GIC,49,6,25,599.00,"14,975.00"
2020-11-25,2020112504002608,GIC,49,4,15,599.00,"8,985.00"
2020-11-25,2020112504002607,GIC,28,49,10,598.00,"5,980.00"
2020-11-25,2020112504002649,GIC,55,6,100,599.00,"59,900.00"
2020-11-25,2020112504002648,GIC,6,49,10,597.00,"5,970.00"
2020-11-25,2020112504002644,GIC,6,21,10,597.00,"5,970.00"
2020-11-25,2020112504002637,GIC,6,57,10,597.00,"5,970.00"
2020-11-25,2020112504002635,GIC,45,39,10,598.00,"5,980.00"
2020-11-25,2020112504002628,GIC,28,35,238,598.00,"142,324.00"
2020-11-25,2020112504002688,GIC,49,34,10,597.00,"5,970.00"
2020-11-25,2020112504002672,GIC,6,37,10,597.00,"5,970.00"
2020-11-25,2020112504002669,GIC,6,44,10,597.00,"5,970.00"
2020-11-25,2020112504002666,GIC,6,44,10,597.00,"5,970.00"
2020-11-25,2020112504002660,GIC,49,35,10,598.00,"5,980.00"
2020-11-25,2020112504002659,GIC,49,34,10,598.00,"5,980.00"
2020-11-25,2020112504002704,GIC,49,21,10,597.00,"5,970.00"
2020-11-25,2020112504002700,GIC,49,33,10,597.00,"5,970.00"
2020-11-25,2020112504002699,GIC,49,49,10,597.00,"5,970.00"
2020-11-25,2020112504002698,GIC,49,20,10,597.00,"5,970.00"
2020-11-25,2020112504002696,GIC,49,33,10,597.00,"5,970.00"
2020-11-25,2020112504002691,GIC,49,42,10,597.00,"5,970.00"
2020-11-25,2020112504002726,GIC,45,44,80,598.00,"47,840.00"
2020-11-25,2020112504002725,GIC,45,51,10,598.00,"5,980.00"
2020-11-25,2020112504002724,GIC,45,50,50,598.00,"29,900.00"
2020-11-25,2020112504002723,GIC,45,35,100,598.00,"59,800.00"
2020-11-25,2020112504002722,GIC,45,35,60,598.00,"35,880.00"
2020-11-25,2020112504002714,GIC,49,33,10,597.00,"5,970.00"
2020-11-25,2020112504002738,GIC,58,45,10,598.00,"5,980.00"
2020-11-25,2020112504002737,GIC,58,42,10,598.00,"5,980.00"
2020-11-25,2020112504002736,GIC,58,58,10,598.00,"5,980.00"
2020-11-25,2020112504002732,GIC,58,26,10,598.00,"5,980.00"
2020-11-25,2020112504002728,GIC,45,44,40,597.00,"23,880.00"
2020-11-25,2020112504002727,GIC,49,44,20,597.00,"11,940.00"
2020-11-25,2020112504002758,GIC,59,58,10,598.00,"5,980.00"
2020-11-25,2020112504002749,GIC,59,49,10,598.00,"5,980.00"
2020-11-25,2020112504002746,GIC,59,59,10,598.00,"5,980.00"
2020-11-25,2020112504002743,GIC,59,35,290,598.00,"173,420.00"
2020-11-25,2020112504002742,GIC,58,35,10,598.00,"5,980.00"
2020-11-25,2020112504002741,GIC,58,36,10,598.00,"5,980.00"
2020-11-25,2020112504002774,GIC,59,42,10,598.00,"5,980.00"
2020-11-25,2020112504002773,GIC,59,49,100,598.00,"59,800.00"
2020-11-25,2020112504002770,GIC,59,55,10,598.00,"5,980.00"
2020-11-25,2020112504002765,GIC,59,1,10,598.00,"5,980.00"
2020-11-25,2020112504002764,GIC,59,39,10,598.00,"5,980.00"
2020-11-25,2020112504002761,GIC,59,11,10,598.00,"5,980.00"
2020-11-25,2020112504002790,GIC,45,41,10,597.00,"5,970.00"
2020-11-25,2020112504002785,GIC,21,59,100,598.00,"59,800.00"
2020-11-25,2020112504002784,GIC,50,59,30,598.00,"17,940.00"
2020-11-25,2020112504002781,GIC,50,56,10,598.00,"5,980.00"
2020-11-25,2020112504002780,GIC,50,42,10,598.00,"5,980.00"
2020-11-25,2020112504002777,GIC,59,52,30,598.00,"17,940.00"
2020-11-25,2020112504002797,GIC,42,42,10,598.00,"5,980.00"
2020-11-25,2020112504002796,GIC,42,58,10,598.00,"5,980.00"
2020-11-25,2020112504002795,GIC,42,42,10,598.00,"5,980.00"
2020-11-25,2020112504002794,GIC,42,59,20,598.00,"11,960.00"
2020-11-25,2020112504002792,GIC,45,49,10,597.00,"5,970.00"
2020-11-25,2020112504002791,GIC,34,59,50,598.00,"29,900.00"
2020-11-25,2020112504002807,GIC,45,14,10,597.00,"5,970.00"
2020-11-25,2020112504002806,GIC,45,58,10,597.00,"5,970.00"
2020-11-25,2020112504002803,GIC,45,58,10,597.00,"5,970.00"
2020-11-25,2020112504002802,GIC,48,35,70,598.00,"41,860.00"
2020-11-25,2020112504002801,GIC,48,29,10,598.00,"5,980.00"
2020-11-25,2020112504002798,GIC,45,49,10,597.00,"5,970.00"
2020-11-25,2020112504002830,GIC,38,35,10,597.00,"5,970.00"
2020-11-25,2020112504002827,GIC,38,35,50,597.00,"29,850.00"
2020-11-25,2020112504002826,GIC,29,35,100,597.00,"59,700.00"
2020-11-25,2020112504002825,GIC,45,35,40,597.00,"23,880.00"
2020-11-25,2020112504002824,GIC,45,35,10,597.00,"5,970.00"
2020-11-25,2020112504002818,GIC,45,39,10,597.00,"5,970.00"
2020-11-25,2020112504002847,GIC,21,37,10,596.00,"5,960.00"
2020-11-25,2020112504002846,GIC,21,42,10,596.00,"5,960.00"
2020-11-25,2020112504002837,GIC,21,59,10,596.00,"5,960.00"
2020-11-25,2020112504002836,GIC,21,39,10,596.00,"5,960.00"
2020-11-25,2020112504002834,GIC,5,43,10,597.00,"5,970.00"
2020-11-25,2020112504002831,GIC,8,39,10,596.00,"5,960.00"
2020-11-25,2020112504002858,GIC,21,29,10,596.00,"5,960.00"
2020-11-25,2020112504002855,GIC,21,59,10,596.00,"5,960.00"
2020-11-25,2020112504002853,GIC,21,36,10,596.00,"5,960.00"
2020-11-25,2020112504002850,GIC,21,41,10,596.00,"5,960.00"
2020-11-25,2020112504002849,GIC,21,59,10,596.00,"5,960.00"
2020-11-25,2020112504002848,GIC,21,33,10,596.00,"5,960.00"
2020-11-25,2020112504002874,GIC,26,35,235,598.00,"140,530.00"
2020-11-25,2020112504002869,GIC,38,45,10,597.00,"5,970.00"
2020-11-25,2020112504002868,GIC,38,26,10,597.00,"5,970.00"
2020-11-25,2020112504002865,GIC,21,42,10,596.00,"5,960.00"
2020-11-25,2020112504002864,GIC,21,47,10,596.00,"5,960.00"
2020-11-25,2020112504002860,GIC,21,45,10,596.00,"5,960.00"
2020-11-25,2020112504002880,GIC,26,45,100,599.00,"59,900.00"
2020-11-25,2020112504002879,GIC,26,53,10,599.00,"5,990.00"
2020-11-25,2020112504002878,GIC,26,56,330,599.00,"197,670.00"
2020-11-25,2020112504002877,GIC,26,6,475,599.00,"284,525.00"
2020-11-25,2020112504002876,GIC,26,34,10,598.00,"5,980.00"
2020-11-25,2020112504002875,GIC,26,21,10,598.00,"5,980.00"
2020-11-25,2020112504002886,GIC,26,52,10,599.00,"5,990.00"
2020-11-25,2020112504002885,GIC,26,16,10,599.00,"5,990.00"
2020-11-25,2020112504002884,GIC,26,7,100,599.00,"59,900.00"
2020-11-25,2020112504002883,GIC,26,42,10,599.00,"5,990.00"
2020-11-25,2020112504002882,GIC,26,45,10,599.00,"5,990.00"
2020-11-25,2020112504002881,GIC,26,40,10,599.00,"5,990.00"
2020-11-25,2020112504002923,GIC,37,58,10,600.00,"6,000.00"
2020-11-25,2020112504002922,GIC,37,28,50,600.00,"30,000.00"
2020-11-25,2020112504002902,GIC,26,42,10,599.00,"5,990.00"
2020-11-25,2020112504002898,GIC,26,28,500,600.00,"300,000.00"
2020-11-25,2020112504002895,GIC,26,36,10,599.00,"5,990.00"
2020-11-25,2020112504002894,GIC,26,38,10,599.00,"5,990.00"
2020-11-25,2020112504002929,GIC,37,29,10,600.00,"6,000.00"
2020-11-25,2020112504002928,GIC,37,16,10,600.00,"6,000.00"
2020-11-25,2020112504002927,GIC,37,55,10,600.00,"6,000.00"
2020-11-25,2020112504002926,GIC,37,13,10,600.00,"6,000.00"
2020-11-25,2020112504002925,GIC,37,42,10,600.00,"6,000.00"
2020-11-25,2020112504002924,GIC,37,47,10,600.00,"6,000.00"
2020-11-25,2020112504002952,GIC,26,44,10,599.00,"5,990.00"
2020-11-25,2020112504002950,GIC,42,45,15,600.00,"9,000.00"
2020-11-25,2020112504002946,GIC,33,45,25,600.00,"15,000.00"
2020-11-25,2020112504002943,GIC,26,34,10,599.00,"5,990.00"
2020-11-25,2020112504002931,GIC,37,45,370,600.00,"222,000.00"
2020-11-25,2020112504002930,GIC,37,58,10,600.00,"6,000.00"
2020-11-25,2020112504002961,GIC,26,36,10,599.00,"5,990.00"
2020-11-25,2020112504002960,GIC,33,45,200,600.00,"120,000.00"
2020-11-25,2020112504002959,GIC,26,39,10,599.00,"5,990.00"
2020-11-25,2020112504002955,GIC,26,36,10,599.00,"5,990.00"
2020-11-25,2020112504002954,GIC,26,34,10,599.00,"5,990.00"
2020-11-25,2020112504002953,GIC,26,33,10,599.00,"5,990.00"
2020-11-25,2020112504002967,GIC,47,51,10,600.00,"6,000.00"
2020-11-25,2020112504002966,GIC,47,6,10,600.00,"6,000.00"
2020-11-25,2020112504002965,GIC,47,57,10,600.00,"6,000.00"
2020-11-25,2020112504002964,GIC,47,57,10,600.00,"6,000.00"
2020-11-25,2020112504002963,GIC,47,42,10,600.00,"6,000.00"
2020-11-25,2020112504002962,GIC,47,45,390,600.00,"234,000.00"
2020-11-25,2020112504002973,GIC,47,21,10,600.00,"6,000.00"
2020-11-25,2020112504002972,GIC,47,45,60,600.00,"36,000.00"
2020-11-25,2020112504002971,GIC,47,16,10,600.00,"6,000.00"
2020-11-25,2020112504002970,GIC,47,33,150,600.00,"90,000.00"
2020-11-25,2020112504002969,GIC,47,39,10,600.00,"6,000.00"
2020-11-25,2020112504002968,GIC,47,51,50,600.00,"30,000.00"
2020-11-25,2020112504002991,GIC,26,36,10,599.00,"5,990.00"
2020-11-25,2020112504002978,GIC,47,49,230,600.00,"138,000.00"
2020-11-25,2020112504002977,GIC,47,21,10,600.00,"6,000.00"
2020-11-25,2020112504002976,GIC,47,21,10,600.00,"6,000.00"
2020-11-25,2020112504002975,GIC,47,45,10,600.00,"6,000.00"
2020-11-25,2020112504002974,GIC,47,21,10,600.00,"6,000.00"
2020-11-25,2020112504003001,GIC,37,21,10,600.00,"6,000.00"
2020-11-25,2020112504003000,GIC,37,36,10,600.00,"6,000.00"
2020-11-25,2020112504002999,GIC,37,21,10,600.00,"6,000.00"
2020-11-25,2020112504002998,GIC,37,49,260,600.00,"156,000.00"
2020-11-25,2020112504002995,GIC,42,49,10,600.00,"6,000.00"
2020-11-25,2020112504002993,GIC,26,36,10,599.00,"5,990.00"
2020-11-25,2020112504003015,GIC,26,16,10,599.00,"5,990.00"
2020-11-25,2020112504003010,GIC,26,41,50,599.00,"29,950.00"
2020-11-25,2020112504003006,GIC,26,58,10,599.00,"5,990.00"
2020-11-25,2020112504003005,GIC,26,36,10,599.00,"5,990.00"
2020-11-25,2020112504003004,GIC,26,36,10,599.00,"5,990.00"
2020-11-25,2020112504003002,GIC,37,19,10,600.00,"6,000.00"
2020-11-25,2020112504003035,GIC,26,36,30,599.00,"17,970.00"
2020-11-25,2020112504003032,GIC,26,39,10,599.00,"5,990.00"
2020-11-25,2020112504003029,GIC,26,42,30,599.00,"17,970.00"
2020-11-25,2020112504003024,GIC,26,58,10,599.00,"5,990.00"
2020-11-25,2020112504003023,GIC,26,14,10,599.00,"5,990.00"
2020-11-25,2020112504003017,GIC,26,39,10,599.00,"5,990.00"
2020-11-25,2020112504003052,GIC,26,36,10,599.00,"5,990.00"
2020-11-25,2020112504003050,GIC,26,34,100,599.00,"59,900.00"
2020-11-25,2020112504003045,GIC,26,36,10,599.00,"5,990.00"
2020-11-25,2020112504003042,GIC,45,36,10,600.00,"6,000.00"
2020-11-25,2020112504003041,GIC,26,45,50,599.00,"29,950.00"
2020-11-25,2020112504003036,GIC,26,34,10,599.00,"5,990.00"
2020-11-25,2020112504003034,GIMES1,49,28,250,11.30,"2,825.00"
2020-11-25,2020112504003033,GIMES1,49,42,750,11.28,"8,460.00"
2020-11-25,2020112504002816,GIMES1,47,37,"4,500",11.21,"50,445.00"
2020-11-25,2020112504002793,GIMES1,6,37,500,11.21,"5,605.00"
2020-11-25,2020112504002760,GIMES1,6,13,"3,500",11.21,"39,235.00"
2020-11-25,2020112504002759,GIMES1,34,13,"1,500",11.25,"16,875.00"
2020-11-25,2020112504002642,GIMES1,6,21,"1,000",11.21,"11,210.00"
2020-11-25,2020112504002623,GIMES1,6,13,"5,000",11.21,"56,050.00"
2020-11-25,2020112504003061,LEMF,42,56,"2,400",10.05,"24,120.00"
2020-11-25,2020112504003060,LEMF,42,51,100,10.05,"1,005.00"
2020-11-25,2020112504002668,LEMF,34,6,"2,000",9.95,"19,900.00"
2020-11-25,2020112504002640,LEMF,5,42,"13,000",10.04,"130,520.00"
2020-11-25,2020112504002636,LEMF,5,25,100,10.03,"1,003.00"
2020-11-25,2020112504002621,LUK,34,22,"1,000",9.80,"9,800.00"
2020-11-25,2020112504002990,NBF2,8,57,500,10.02,"5,010.00"
2020-11-25,2020112504002939,NBF2,43,57,"5,000",10.05,"50,250.00"
2020-11-25,2020112504002693,NBF2,17,57,"1,200",9.96,"11,952.00"
2020-11-25,2020112504002692,NBF2,6,57,300,9.96,"2,988.00"
2020-11-25,2020112504003078,NEF,52,44,"4,138",9.93,"41,090.34"
2020-11-25,2020112504002854,NEF,37,44,"6,000",9.95,"59,700.00"
2020-11-25,2020112504003018,NIBLPF,6,32,"2,020",10.10,"20,402.00"
2020-11-25,2020112504003016,NIBLPF,6,48,600,10.10,"6,060.00"
2020-11-25,2020112504002872,NIBLPF,17,48,"1,925",10.10,"19,442.50"
2020-11-25,2020112504002871,NIBLPF,17,43,550,10.10,"5,555.00"
2020-11-25,2020112504002870,NIBLPF,17,49,"2,525",10.10,"25,502.50"
2020-11-25,2020112504002647,NIBLPF,5,56,"1,815",10.06,"18,258.90"
2020-11-25,2020112504002646,NIBLPF,5,22,222,10.06,"2,233.32"
2020-11-25,2020112504002897,NIBPO,42,51,500,396.00,"198,000.00"
2020-11-25,2020112504002896,NIBPO,42,52,101,389.00,"39,289.00"
2020-11-25,2020112504002893,NIBPO,42,52,374,389.00,"145,486.00"
2020-11-25,2020112504002892,NIBPO,42,1,601,388.00,"233,188.00"
2020-11-25,2020112504002857,NIBPO,36,52,25,389.00,"9,725.00"
2020-11-25,2020112504002814,NIBPO,28,6,742,382.00,"283,444.00"
2020-11-25,2020112504002763,NIBPO,36,55,69,378.00,"26,082.00"
2020-11-25,2020112504002762,NIBPO,36,36,431,375.00,"161,625.00"
2020-11-25,2020112504002757,NIBPO,6,50,276,372.00,"102,672.00"
2020-11-25,2020112504002756,NIBPO,6,59,650,372.00,"241,800.00"
2020-11-25,2020112504002747,NIBPO,43,59,200,372.00,"74,400.00"
2020-11-25,2020112504002629,NIBPO,34,36,200,375.00,"75,000.00"
2020-11-25,2020112504002813,NIBPO,28,47,423,382.00,"161,586.00"
2020-11-25,2020112504002812,NIBPO,28,55,100,380.00,"38,000.00"
2020-11-25,2020112504002811,NIBPO,28,46,500,380.00,"190,000.00"
2020-11-25,2020112504002810,NIBPO,28,57,"1,269",378.00,"479,682.00"
2020-11-25,2020112504002809,NIBPO,28,55,431,378.00,"162,918.00"
2020-11-25,2020112504002808,NIBPO,28,56,59,374.00,"22,066.00"
2020-11-25,2020112504002940,NICBF,44,17,200,10.00,"2,000.00"
2020-11-25,2020112504002620,NICBF,47,42,500,9.88,"4,940.00"
2020-11-25,2020112504002997,NICGF,22,44,250,10.50,"2,625.00"
2020-11-25,2020112504002996,NICGF,44,44,"1,250",10.51,"13,137.50"
2020-11-25,2020112504002787,NICGF,44,47,500,10.51,"5,255.00"
2020-11-25,2020112504002652,NICGF,44,56,"1,000",10.51,"10,510.00"
2020-11-25,2020112504002835,NMB50,50,47,100,10.44,"1,044.00"
2020-11-25,2020112504002769,NMB50,48,34,"50,000",10.34,"517,000.00"
2020-11-25,2020112504002641,NMB50,16,22,"2,650",10.30,"27,295.00"
2020-11-25,2020112504002614,NMB50,6,17,100,10.24,"1,024.00"
2020-11-25,2020112504003038,NMBHF1,17,45,200,10.20,"2,040.00"
2020-11-25,2020112504002918,NMBHF1,17,56,"2,080",10.25,"21,320.00"
2020-11-25,2020112504002917,NMBHF1,17,32,416,10.25,"4,264.00"
2020-11-25,2020112504002829,NMBHF1,59,49,"6,755",10.05,"67,887.75"
2020-11-25,2020112504002679,NMBHF1,50,49,"2,344",10.05,"23,557.20"
2020-11-25,2020112504002678,NMBHF1,50,56,"1,656",10.05,"16,642.80"
2020-11-25,2020112504002670,NMBHF1,43,49,571,10.05,"5,738.55"
2020-11-25,2020112504002634,NMBHF1,17,49,"2,500",10.06,"25,150.00"
2020-11-25,2020112504002625,NMBHF1,43,22,496,10.05,"4,984.80"
2020-11-25,2020112504002615,NMBHF1,7,58,"4,552",10.10,"45,975.20"
2020-11-25,2020112504003075,RBCLPO,33,6,30,"15,475.00","464,250.00"
2020-11-25,2020112504003074,RBCLPO,33,6,30,"15,460.00","463,800.00"
2020-11-25,2020112504003073,RBCLPO,33,6,30,"15,450.00","463,500.00"
2020-11-25,2020112504003072,RBCLPO,25,6,65,"15,230.00","989,950.00"
2020-11-25,2020112504003058,RBCLPO,25,25,15,"15,230.00","228,450.00"
2020-11-25,2020112504003057,RBCLPO,59,25,20,"15,231.00","304,620.00"
2020-11-25,2020112504002591,RBCLPO,28,49,10,"15,450.00","154,500.00"
2020-11-25,2020112504002919,RBCLPO,59,41,50,"15,226.00","761,300.00"
2020-11-25,2020112504002908,RBCLPO,59,41,30,"15,226.00","456,780.00"
2020-11-25,2020112504002907,RBCLPO,28,41,20,"15,231.00","304,620.00"
2020-11-25,2020112504002650,RBCLPO,49,1,10,"15,500.00","155,000.00"
2020-11-25,2020112504002600,RBCLPO,4,17,10,"15,215.00","152,150.00"
2020-11-25,2020112504002592,RBCLPO,28,33,100,"15,500.00","1,550,000.00"
2020-11-25,2020112504002771,SAEF,13,47,500,11.62,"5,810.00"
2020-11-25,2020112504002735,SAEF,13,56,"1,000",11.40,"11,400.00"
2020-11-25,2020112504002713,SAEF,13,1,300,11.24,"3,372.00"
2020-11-25,2020112504002712,SAEF,13,13,"1,000",11.24,"11,240.00"
2020-11-25,2020112504002711,SAEF,13,32,"10,000",11.24,"112,400.00"
2020-11-25,2020112504002710,SAEF,13,58,"6,000",11.24,"67,440.00"
2020-11-25,2020112504002709,SAEF,13,56,100,11.20,"1,120.00"
2020-11-25,2020112504002708,SAEF,13,26,"1,000",11.20,"11,200.00"
2020-11-25,2020112504002707,SAEF,13,14,"1,000",11.20,"11,200.00"
2020-11-25,2020112504002706,SAEF,13,51,"2,100",11.03,"23,163.00"
2020-11-25,2020112504002595,SAEF,53,58,200,11.02,"2,204.00"
2020-11-25,2020112504002593,SAEF,53,42,"1,000",11.02,"11,020.00"
2020-11-25,2020112504002942,SEF,42,21,"3,500",10.40,"36,400.00"
2020-11-25,2020112504002905,SEF,17,45,"1,000",10.31,"10,310.00"
2020-11-25,2020112504002901,SEF,42,21,"3,500",10.40,"36,400.00"
2020-11-25,2020112504002900,SEF,42,21,500,10.40,"5,200.00"
2020-11-25,2020112504002899,SEF,42,14,500,10.40,"5,200.00"
2020-11-25,2020112504002863,SEF,35,14,"3,500",10.40,"36,400.00"
2020-11-25,2020112504002839,SEF,35,35,500,10.40,"5,200.00"
2020-11-25,2020112504002733,SEF,18,56,"1,000",10.31,"10,310.00"
2020-11-25,2020112504002683,SEF,19,35,"2,000",10.35,"20,700.00"
2020-11-25,2020112504002682,SEF,19,57,"10,000",10.35,"103,500.00"
2020-11-25,2020112504002681,SEF,19,49,"1,000",10.35,"10,350.00"
2020-11-25,2020112504002680,SEF,19,57,"6,000",10.35,"62,100.00"
2020-11-25,2020112504002862,SEF,17,38,"2,500",10.31,"25,775.00"
2020-11-25,2020112504002861,SEF,17,38,"2,500",10.31,"25,775.00"
2020-11-25,2020112504002843,SEF,35,14,"1,000",10.40,"10,400.00"
2020-11-25,2020112504002842,SEF,35,58,"1,000",10.40,"10,400.00"
2020-11-25,2020112504002841,SEF,35,7,"2,500",10.40,"26,000.00"
2020-11-25,2020112504002840,SEF,35,48,"5,000",10.40,"52,000.00"
2020-11-25,2020112504003082,SGI,57,38,10,622.00,"6,220.00"
2020-11-25,2020112504003081,SGI,57,6,10,622.00,"6,220.00"
2020-11-25,2020112504003079,SGI,58,17,10,625.00,"6,250.00"
2020-11-25,2020112504003076,SGI,57,44,10,622.00,"6,220.00"
2020-11-25,2020112504003070,SGI,57,41,10,622.00,"6,220.00"
2020-11-25,2020112504003069,SGI,57,44,10,622.00,"6,220.00"
2020-11-25,2020112504002596,SGI,49,49,10,621.00,"6,210.00"
2020-11-25,2020112504002589,SGI,49,36,10,621.00,"6,210.00"
2020-11-25,2020112504002587,SGI,39,41,10,622.00,"6,220.00"
2020-11-25,2020112504002619,SGI,49,33,10,621.00,"6,210.00"
2020-11-25,2020112504002618,SGI,49,7,10,621.00,"6,210.00"
2020-11-25,2020112504002616,SGI,49,47,10,621.00,"6,210.00"
2020-11-25,2020112504002613,SGI,49,32,10,621.00,"6,210.00"
2020-11-25,2020112504002611,SGI,49,57,10,621.00,"6,210.00"
2020-11-25,2020112504002601,SGI,49,14,10,621.00,"6,210.00"
2020-11-25,2020112504002633,SGI,45,33,10,622.00,"6,220.00"
2020-11-25,2020112504002632,SGI,45,45,10,622.00,"6,220.00"
2020-11-25,2020112504002631,SGI,45,32,10,622.00,"6,220.00"
2020-11-25,2020112504002630,SGI,49,36,10,621.00,"6,210.00"
2020-11-25,2020112504002627,SGI,49,52,10,621.00,"6,210.00"
2020-11-25,2020112504002622,SGI,49,1,10,621.00,"6,210.00"
2020-11-25,2020112504002653,SGI,57,52,10,623.00,"6,230.00"
2020-11-25,2020112504002651,SGI,45,32,10,622.00,"6,220.00"
2020-11-25,2020112504002645,SGI,45,21,10,622.00,"6,220.00"
2020-11-25,2020112504002643,SGI,45,41,10,622.00,"6,220.00"
2020-11-25,2020112504002639,SGI,45,39,10,622.00,"6,220.00"
2020-11-25,2020112504002638,SGI,45,47,10,622.00,"6,220.00"
2020-11-25,2020112504002661,SGI,57,58,10,623.00,"6,230.00"
2020-11-25,2020112504002658,SGI,57,37,10,623.00,"6,230.00"
2020-11-25,2020112504002657,SGI,57,47,10,623.00,"6,230.00"
2020-11-25,2020112504002656,SGI,57,34,10,623.00,"6,230.00"
2020-11-25,2020112504002655,SGI,57,21,10,623.00,"6,230.00"
2020-11-25,2020112504002654,SGI,57,57,10,623.00,"6,230.00"
2020-11-25,2020112504002671,SGI,36,10,10,623.00,"6,230.00"
2020-11-25,2020112504002667,SGI,36,10,10,623.00,"6,230.00"
2020-11-25,2020112504002665,SGI,36,10,10,623.00,"6,230.00"
2020-11-25,2020112504002664,SGI,57,51,10,623.00,"6,230.00"
2020-11-25,2020112504002663,SGI,57,45,10,623.00,"6,230.00"
2020-11-25,2020112504002662,SGI,57,34,10,623.00,"6,230.00"
2020-11-25,2020112504002684,SGI,36,32,10,623.00,"6,230.00"
2020-11-25,2020112504002677,SGI,36,58,10,623.00,"6,230.00"
2020-11-25,2020112504002676,SGI,36,10,10,623.00,"6,230.00"
2020-11-25,2020112504002675,SGI,36,41,10,623.00,"6,230.00"
2020-11-25,2020112504002674,SGI,36,33,10,623.00,"6,230.00"
2020-11-25,2020112504002673,SGI,36,44,10,623.00,"6,230.00"
2020-11-25,2020112504002694,SGI,36,20,10,623.00,"6,230.00"
2020-11-25,2020112504002690,SGI,36,10,10,623.00,"6,230.00"
2020-11-25,2020112504002689,SGI,36,42,10,623.00,"6,230.00"
2020-11-25,2020112504002687,SGI,34,28,90,624.00,"56,160.00"
2020-11-25,2020112504002686,SGI,34,26,110,624.00,"68,640.00"
2020-11-25,2020112504002685,SGI,36,16,10,623.00,"6,230.00"
2020-11-25,2020112504002705,SGI,58,28,10,624.00,"6,240.00"
2020-11-25,2020112504002703,SGI,36,42,10,623.00,"6,230.00"
2020-11-25,2020112504002702,SGI,36,33,10,623.00,"6,230.00"
2020-11-25,2020112504002701,SGI,36,11,10,623.00,"6,230.00"
2020-11-25,2020112504002697,SGI,36,34,10,623.00,"6,230.00"
2020-11-25,2020112504002695,SGI,36,21,10,623.00,"6,230.00"
2020-11-25,2020112504002720,SGI,36,21,10,623.00,"6,230.00"
2020-11-25,2020112504002719,SGI,16,42,100,624.00,"62,400.00"
2020-11-25,2020112504002718,SGI,16,28,400,624.00,"249,600.00"
2020-11-25,2020112504002717,SGI,36,45,10,623.00,"6,230.00"
2020-11-25,2020112504002716,SGI,36,49,10,623.00,"6,230.00"
2020-11-25,2020112504002715,SGI,36,58,10,623.00,"6,230.00"
2020-11-25,2020112504002740,SGI,36,45,10,623.00,"6,230.00"
2020-11-25,2020112504002739,SGI,36,32,10,623.00,"6,230.00"
2020-11-25,2020112504002731,SGI,36,39,10,623.00,"6,230.00"
2020-11-25,2020112504002730,SGI,25,6,30,624.00,"18,720.00"
2020-11-25,2020112504002729,SGI,25,25,10,624.00,"6,240.00"
2020-11-25,2020112504002721,SGI,36,42,10,623.00,"6,230.00"
2020-11-25,2020112504002752,SGI,6,59,10,624.00,"6,240.00"
2020-11-25,2020112504002751,SGI,6,51,10,624.00,"6,240.00"
2020-11-25,2020112504002750,SGI,6,6,70,624.00,"43,680.00"
2020-11-25,2020112504002748,SGI,36,36,10,623.00,"6,230.00"
2020-11-25,2020112504002745,SGI,36,37,10,623.00,"6,230.00"
2020-11-25,2020112504002744,SGI,36,32,10,623.00,"6,230.00"
2020-11-25,2020112504002768,SGI,14,45,20,624.00,"12,480.00"
2020-11-25,2020112504002767,SGI,14,29,10,624.00,"6,240.00"
2020-11-25,2020112504002766,SGI,36,11,10,623.00,"6,230.00"
2020-11-25,2020112504002755,SGI,1,1,10,624.00,"6,240.00"
2020-11-25,2020112504002754,SGI,1,1,10,624.00,"6,240.00"
2020-11-25,2020112504002753,SGI,6,1,10,624.00,"6,240.00"
2020-11-25,2020112504002783,SGI,45,45,120,624.00,"74,880.00"
2020-11-25,2020112504002782,SGI,36,21,10,623.00,"6,230.00"
2020-11-25,2020112504002779,SGI,36,14,10,623.00,"6,230.00"
2020-11-25,2020112504002776,SGI,36,34,10,623.00,"6,230.00"
2020-11-25,2020112504002775,SGI,42,45,10,624.00,"6,240.00"
2020-11-25,2020112504002772,SGI,54,45,100,624.00,"62,400.00"
2020-11-25,2020112504002804,SGI,36,58,10,623.00,"6,230.00"
2020-11-25,2020112504002800,SGI,36,39,10,623.00,"6,230.00"
2020-11-25,2020112504002799,SGI,36,49,10,623.00,"6,230.00"
2020-11-25,2020112504002789,SGI,36,42,10,623.00,"6,230.00"
2020-11-25,2020112504002788,SGI,36,39,10,623.00,"6,230.00"
2020-11-25,2020112504002786,SGI,36,42,10,623.00,"6,230.00"
2020-11-25,2020112504002821,SGI,36,13,60,623.00,"37,380.00"
2020-11-25,2020112504002820,SGI,36,16,10,623.00,"6,230.00"
2020-11-25,2020112504002819,SGI,36,6,10,623.00,"6,230.00"
2020-11-25,2020112504002817,SGI,36,47,10,623.00,"6,230.00"
2020-11-25,2020112504002815,SGI,36,58,10,623.00,"6,230.00"
2020-11-25,2020112504002805,SGI,36,35,10,623.00,"6,230.00"
2020-11-25,2020112504002844,SGI,38,14,10,623.00,"6,230.00"
2020-11-25,2020112504002838,SGI,38,8,10,623.00,"6,230.00"
2020-11-25,2020112504002833,SGI,38,36,10,623.00,"6,230.00"
2020-11-25,2020112504002828,SGI,38,14,10,623.00,"6,230.00"
2020-11-25,2020112504002823,SGI,57,13,115,623.00,"71,645.00"
2020-11-25,2020112504002822,SGI,58,13,25,623.00,"15,575.00"
2020-11-25,2020112504002867,SGI,51,32,10,622.00,"6,220.00"
2020-11-25,2020112504002866,SGI,51,58,10,622.00,"6,220.00"
2020-11-25,2020112504002859,SGI,51,14,10,622.00,"6,220.00"
2020-11-25,2020112504002856,SGI,51,38,10,622.00,"6,220.00"
2020-11-25,2020112504002852,SGI,43,45,50,623.00,"31,150.00"
2020-11-25,2020112504002851,SGI,38,45,50,623.00,"31,150.00"
2020-11-25,2020112504002891,SGI,38,34,10,622.00,"6,220.00"
2020-11-25,2020112504002890,SGI,52,34,100,622.00,"62,200.00"
2020-11-25,2020112504002889,SGI,32,34,50,622.00,"31,100.00"
2020-11-25,2020112504002888,SGI,5,34,20,622.00,"12,440.00"
2020-11-25,2020112504002887,SGI,51,34,50,622.00,"31,100.00"
2020-11-25,2020112504002873,SGI,51,38,10,622.00,"6,220.00"
2020-11-25,2020112504002911,SGI,38,29,10,622.00,"6,220.00"
2020-11-25,2020112504002910,SGI,38,17,10,622.00,"6,220.00"
2020-11-25,2020112504002909,SGI,38,44,10,622.00,"6,220.00"
2020-11-25,2020112504002906,SGI,38,17,10,622.00,"6,220.00"
2020-11-25,2020112504002904,SGI,58,45,46,623.00,"28,658.00"
2020-11-25,2020112504002903,SGI,38,17,10,622.00,"6,220.00"
2020-11-25,2020112504002920,SGI,42,41,10,622.00,"6,220.00"
2020-11-25,2020112504002916,SGI,42,44,10,622.00,"6,220.00"
2020-11-25,2020112504002915,SGI,42,17,10,622.00,"6,220.00"
2020-11-25,2020112504002914,SGI,42,4,10,622.00,"6,220.00"
2020-11-25,2020112504002913,SGI,42,17,10,622.00,"6,220.00"
2020-11-25,2020112504002912,SGI,38,5,10,622.00,"6,220.00"
2020-11-25,2020112504002948,SGI,28,33,10,622.00,"6,220.00"
2020-11-25,2020112504002947,SGI,28,8,10,622.00,"6,220.00"
2020-11-25,2020112504002945,SGI,28,57,10,622.00,"6,220.00"
2020-11-25,2020112504002941,SGI,42,37,10,622.00,"6,220.00"
2020-11-25,2020112504002932,SGI,42,58,10,622.00,"6,220.00"
2020-11-25,2020112504002921,SGI,42,14,10,622.00,"6,220.00"
2020-11-25,2020112504002979,SGI,33,45,104,623.00,"64,792.00"
2020-11-25,2020112504002958,SGI,57,42,10,622.00,"6,220.00"
2020-11-25,2020112504002957,SGI,57,52,10,622.00,"6,220.00"
2020-11-25,2020112504002956,SGI,57,33,10,622.00,"6,220.00"
2020-11-25,2020112504002951,SGI,57,51,310,622.00,"192,820.00"
2020-11-25,2020112504002949,SGI,28,39,10,622.00,"6,220.00"
2020-11-25,2020112504002985,SGI,33,42,10,624.00,"6,240.00"
2020-11-25,2020112504002984,SGI,33,17,10,623.00,"6,230.00"
2020-11-25,2020112504002983,SGI,33,57,10,623.00,"6,230.00"
2020-11-25,2020112504002982,SGI,33,57,10,623.00,"6,230.00"
2020-11-25,2020112504002981,SGI,33,58,10,623.00,"6,230.00"
2020-11-25,2020112504002980,SGI,33,45,10,623.00,"6,230.00"
2020-11-25,2020112504002994,SGI,58,45,10,623.00,"6,230.00"
2020-11-25,2020112504002992,SGI,58,37,10,623.00,"6,230.00"
2020-11-25,2020112504002989,SGI,57,36,10,622.00,"6,220.00"
2020-11-25,2020112504002988,SGI,57,14,10,622.00,"6,220.00"
2020-11-25,2020112504002987,SGI,33,47,26,624.00,"16,224.00"
2020-11-25,2020112504002986,SGI,33,58,10,624.00,"6,240.00"
2020-11-25,2020112504003012,SGI,58,10,50,623.00,"31,150.00"
2020-11-25,2020112504003011,SGI,58,44,10,623.00,"6,230.00"
2020-11-25,2020112504003009,SGI,58,36,10,623.00,"6,230.00"
2020-11-25,2020112504003008,SGI,38,17,46,625.00,"28,750.00"
2020-11-25,2020112504003007,SGI,38,47,54,624.00,"33,696.00"
2020-11-25,2020112504003003,SGI,58,44,10,623.00,"6,230.00"
2020-11-25,2020112504003022,SGI,57,44,10,622.00,"6,220.00"
2020-11-25,2020112504003021,SGI,57,57,10,622.00,"6,220.00"
2020-11-25,2020112504003020,SGI,57,11,10,622.00,"6,220.00"
2020-11-25,2020112504003019,SGI,57,44,10,622.00,"6,220.00"
2020-11-25,2020112504003014,SGI,57,44,10,622.00,"6,220.00"
2020-11-25,2020112504003013,SGI,57,33,10,622.00,"6,220.00"
2020-11-25,2020112504003031,SGI,57,44,10,622.00,"6,220.00"
2020-11-25,2020112504003030,SGI,57,58,10,622.00,"6,220.00"
2020-11-25,2020112504003028,SGI,57,11,10,622.00,"6,220.00"
2020-11-25,2020112504003027,SGI,57,44,10,622.00,"6,220.00"
2020-11-25,2020112504003026,SGI,57,34,10,622.00,"6,220.00"
2020-11-25,2020112504003025,SGI,57,20,10,622.00,"6,220.00"
2020-11-25,2020112504003046,SGI,57,41,10,622.00,"6,220.00"
2020-11-25,2020112504003044,SGI,57,58,10,622.00,"6,220.00"
2020-11-25,2020112504003043,SGI,57,44,10,622.00,"6,220.00"
2020-11-25,2020112504003040,SGI,57,20,10,622.00,"6,220.00"
2020-11-25,2020112504003039,SGI,57,41,10,622.00,"6,220.00"
2020-11-25,2020112504003037,SGI,57,44,10,622.00,"6,220.00"
2020-11-25,2020112504003056,SGI,57,59,10,622.00,"6,220.00"
2020-11-25,2020112504003055,SGI,57,44,10,622.00,"6,220.00"
2020-11-25,2020112504003054,SGI,37,57,10,623.00,"6,230.00"
2020-11-25,2020112504003053,SGI,37,10,20,623.00,"12,460.00"
2020-11-25,2020112504003049,SGI,57,44,10,622.00,"6,220.00"
2020-11-25,2020112504003048,SGI,57,41,10,622.00,"6,220.00"
2020-11-25,2020112504003068,SGI,58,58,10,623.00,"6,230.00"
2020-11-25,2020112504003066,SGI,57,39,10,622.00,"6,220.00"
2020-11-25,2020112504003065,SGI,14,17,400,625.00,"250,000.00"
2020-11-25,2020112504003064,SGI,14,10,100,624.00,"62,400.00"
2020-11-25,2020112504003063,SGI,57,39,10,622.00,"6,220.00"
2020-11-25,2020112504003062,SGI,57,44,10,622.00,"6,220.00"
2020-11-25,2020112504003083,SRBLD83,43,45,500,"1,040.00","520,000.00"
2020-11-25,2020112504003051,STC,34,57,10,"8,000.00","80,000.00"
2020-11-25,2020112504002938,STC,49,57,80,"8,019.00","641,520.00"
2020-11-25,2020112504002937,STC,49,32,50,"8,019.00","400,950.00"
2020-11-25,2020112504002936,STC,49,19,10,"8,018.00","80,180.00"
2020-11-25,2020112504002935,STC,49,44,40,"8,017.00","320,680.00"
2020-11-25,2020112504002934,STC,49,38,20,"8,016.00","160,320.00"
2020-11-25,2020112504002588,STC,59,58,10,"8,000.00","80,000.00"
2020-11-25,2020112504002933,STC,49,57,100,"7,999.00","799,900.00"
2020-11-25,2020112504002845,STC,52,32,50,"7,990.00","399,500.00"
2020-11-25,2020112504002832,STC,49,5,10,"7,965.00","79,650.00"
2020-11-25,2020112504002734,STC,11,5,10,"7,965.00","79,650.00"
2020-11-25,2020112504002626,STC,17,5,40,"7,900.00","316,000.00"
2020-11-25,2020112504002610,STC,28,58,190,"8,000.00","1,520,000.00"
2020-11-25,2020112504002454,BBC,52,56,100,"3,950.00","395,000.00"
2020-11-25,2020112504002249,BBC,20,34,180,"3,950.00","711,000.00"
2020-11-25,2020112504002235,BBC,1,34,20,"3,950.00","79,000.00"
2020-11-25,2020112504002210,BBC,38,34,180,"3,950.00","711,000.00"
2020-11-25,2020112504002209,BBC,37,34,100,"3,950.00","395,000.00"
2020-11-25,2020112504002183,BBC,1,34,20,"3,950.00","79,000.00"
2020-11-25,2020112504002138,BBC,50,17,6,"3,950.00","23,700.00"
2020-11-25,2020112504002358,CMF1,44,56,"1,000",10.05,"10,050.00"
2020-11-25,2020112504002256,CMF1,43,21,200,10.18,"2,036.00"
2020-11-25,2020112504002118,CMF1,44,41,500,10.05,"5,025.00"
2020-11-25,2020112504002583,GIC,28,32,10,598.00,"5,980.00"
2020-11-25,2020112504002578,GIC,28,34,10,598.00,"5,980.00"
2020-11-25,2020112504002572,GIC,28,38,10,598.00,"5,980.00"
2020-11-25,2020112504002569,GIC,28,32,10,598.00,"5,980.00"
2020-11-25,2020112504002567,GIC,28,38,10,598.00,"5,980.00"
2020-11-25,2020112504002566,GIC,28,22,10,598.00,"5,980.00"
2020-11-25,2020112504002099,GIC,1,28,10,596.00,"5,960.00"
2020-11-25,2020112504002090,GIC,1,32,10,596.00,"5,960.00"
2020-11-25,2020112504002088,GIC,17,3,10,596.00,"5,960.00"
2020-11-25,2020112504002125,GIC,1,45,10,596.00,"5,960.00"
2020-11-25,2020112504002124,GIC,1,1,10,596.00,"5,960.00"
2020-11-25,2020112504002123,GIC,1,19,10,596.00,"5,960.00"
2020-11-25,2020112504002114,GIC,1,3,10,596.00,"5,960.00"
2020-11-25,2020112504002101,GIC,1,53,10,596.00,"5,960.00"
2020-11-25,2020112504002100,GIC,1,4,10,596.00,"5,960.00"
2020-11-25,2020112504002146,GIC,21,48,10,596.00,"5,960.00"
2020-11-25,2020112504002139,GIC,28,6,30,596.00,"17,880.00"
2020-11-25,2020112504002131,GIC,28,45,10,596.00,"5,960.00"
2020-11-25,2020112504002129,GIC,28,19,10,596.00,"5,960.00"
2020-11-25,2020112504002128,GIC,1,45,10,596.00,"5,960.00"
2020-11-25,2020112504002127,GIC,1,34,10,596.00,"5,960.00"
2020-11-25,2020112504002157,GIC,25,11,100,595.00,"59,500.00"
2020-11-25,2020112504002156,GIC,36,11,400,595.00,"238,000.00"
2020-11-25,2020112504002155,GIC,52,11,400,595.00,"238,000.00"
2020-11-25,2020112504002153,GIC,52,16,10,595.00,"5,950.00"
2020-11-25,2020112504002150,GIC,52,45,10,595.00,"5,950.00"
2020-11-25,2020112504002147,GIC,21,20,30,596.00,"17,880.00"
2020-11-25,2020112504002175,GIC,57,45,10,596.00,"5,960.00"
2020-11-25,2020112504002174,GIC,34,32,10,595.00,"5,950.00"
2020-11-25,2020112504002171,GIC,34,45,10,595.00,"5,950.00"
2020-11-25,2020112504002167,GIC,34,44,10,595.00,"5,950.00"
2020-11-25,2020112504002166,GIC,34,16,10,595.00,"5,950.00"
2020-11-25,2020112504002158,GIC,57,11,100,595.00,"59,500.00"
2020-11-25,2020112504002190,GIC,6,48,10,597.00,"5,970.00"
2020-11-25,2020112504002189,GIC,6,49,10,597.00,"5,970.00"
2020-11-25,2020112504002188,GIC,6,21,10,597.00,"5,970.00"
2020-11-25,2020112504002187,GIC,6,59,10,597.00,"5,970.00"
2020-11-25,2020112504002186,GIC,59,14,10,597.00,"5,970.00"
2020-11-25,2020112504002185,GIC,59,14,10,597.00,"5,970.00"
2020-11-25,2020112504002203,GIC,57,45,10,598.00,"5,980.00"
2020-11-25,2020112504002202,GIC,57,5,10,598.00,"5,980.00"
2020-11-25,2020112504002201,GIC,57,19,10,598.00,"5,980.00"
2020-11-25,2020112504002200,GIC,6,17,10,597.00,"5,970.00"
2020-11-25,2020112504002199,GIC,6,59,10,597.00,"5,970.00"
2020-11-25,2020112504002191,GIC,6,40,10,597.00,"5,970.00"
2020-11-25,2020112504002215,GIC,6,6,10,597.00,"5,970.00"
2020-11-25,2020112504002208,GIC,6,20,20,597.00,"11,940.00"
2020-11-25,2020112504002207,GIC,57,34,80,599.00,"47,920.00"
2020-11-25,2020112504002206,GIC,57,14,10,598.00,"5,980.00"
2020-11-25,2020112504002205,GIC,57,48,10,598.00,"5,980.00"
2020-11-25,2020112504002204,GIC,57,49,10,598.00,"5,980.00"
2020-11-25,2020112504002243,GIC,53,47,10,596.00,"5,960.00"
2020-11-25,2020112504002240,GIC,53,47,10,596.00,"5,960.00"
2020-11-25,2020112504002234,GIC,53,47,10,596.00,"5,960.00"
2020-11-25,2020112504002231,GIC,36,49,100,598.00,"59,800.00"
2020-11-25,2020112504002223,GIC,53,1,10,596.00,"5,960.00"
2020-11-25,2020112504002220,GIC,6,17,400,597.00,"238,800.00"
2020-11-25,2020112504002265,GIC,42,16,10,596.00,"5,960.00"
2020-11-25,2020112504002264,GIC,42,11,10,596.00,"5,960.00"
2020-11-25,2020112504002263,GIC,42,21,10,596.00,"5,960.00"
2020-11-25,2020112504002262,GIC,42,5,10,596.00,"5,960.00"
2020-11-25,2020112504002261,GIC,42,42,10,596.00,"5,960.00"
2020-11-25,2020112504002244,GIC,53,59,10,596.00,"5,960.00"
2020-11-25,2020112504002295,GIC,34,17,10,595.00,"5,950.00"
2020-11-25,2020112504002288,GIC,34,34,10,595.00,"5,950.00"
2020-11-25,2020112504002280,GIC,34,42,10,595.00,"5,950.00"
2020-11-25,2020112504002278,GIC,34,51,10,595.00,"5,950.00"
2020-11-25,2020112504002277,GIC,34,11,10,595.00,"5,950.00"
2020-11-25,2020112504002267,GIC,34,59,10,595.00,"5,950.00"
2020-11-25,2020112504002325,GIC,29,48,10,595.00,"5,950.00"
2020-11-25,2020112504002323,GIC,41,11,10,595.00,"5,950.00"
2020-11-25,2020112504002321,GIC,41,37,10,595.00,"5,950.00"
2020-11-25,2020112504002310,GIC,41,11,10,595.00,"5,950.00"
2020-11-25,2020112504002301,GIC,41,17,10,595.00,"5,950.00"
2020-11-25,2020112504002300,GIC,41,21,10,595.00,"5,950.00"
2020-11-25,2020112504002342,GIC,19,57,10,595.00,"5,950.00"
2020-11-25,2020112504002341,GIC,19,11,10,595.00,"5,950.00"
2020-11-25,2020112504002339,GIC,19,38,10,595.00,"5,950.00"
2020-11-25,2020112504002337,GIC,19,25,10,595.00,"5,950.00"
2020-11-25,2020112504002334,GIC,29,17,10,595.00,"5,950.00"
2020-11-25,2020112504002326,GIC,36,44,50,596.00,"29,800.00"
2020-11-25,2020112504002360,GIC,17,38,10,595.00,"5,950.00"
2020-11-25,2020112504002357,GIC,17,16,10,595.00,"5,950.00"
2020-11-25,2020112504002355,GIC,17,25,10,595.00,"5,950.00"
2020-11-25,2020112504002354,GIC,17,13,10,595.00,"5,950.00"
2020-11-25,2020112504002350,GIC,17,4,60,595.00,"35,700.00"
2020-11-25,2020112504002348,GIC,19,57,10,595.00,"5,950.00"
2020-11-25,2020112504002379,GIC,4,22,10,596.00,"5,960.00"
2020-11-25,2020112504002377,GIC,25,42,10,595.00,"5,950.00"
2020-11-25,2020112504002375,GIC,25,52,10,595.00,"5,950.00"
2020-11-25,2020112504002370,GIC,25,11,10,595.00,"5,950.00"
2020-11-25,2020112504002369,GIC,17,49,5,595.00,"2,975.00"
2020-11-25,2020112504002368,GIC,17,49,10,595.00,"5,950.00"
2020-11-25,2020112504002390,GIC,25,33,10,595.00,"5,950.00"
2020-11-25,2020112504002384,GIC,25,56,10,595.00,"5,950.00"
2020-11-25,2020112504002383,GIC,4,6,100,596.00,"59,600.00"
2020-11-25,2020112504002382,GIC,4,41,10,596.00,"5,960.00"
2020-11-25,2020112504002381,GIC,4,45,10,596.00,"5,960.00"
2020-11-25,2020112504002380,GIC,4,50,10,596.00,"5,960.00"
2020-11-25,2020112504002407,GIC,32,55,10,595.00,"5,950.00"
2020-11-25,2020112504002404,GIC,45,49,110,596.00,"65,560.00"
2020-11-25,2020112504002403,GIC,32,16,10,595.00,"5,950.00"
2020-11-25,2020112504002402,GIC,32,55,10,595.00,"5,950.00"
2020-11-25,2020112504002398,GIC,45,56,10,596.00,"5,960.00"
2020-11-25,2020112504002391,GIC,32,16,10,595.00,"5,950.00"
2020-11-25,2020112504002417,GIC,19,48,10,596.00,"5,960.00"
2020-11-25,2020112504002416,GIC,19,1,10,596.00,"5,960.00"
2020-11-25,2020112504002415,GIC,19,58,20,596.00,"11,920.00"
2020-11-25,2020112504002414,GIC,32,50,10,595.00,"5,950.00"
2020-11-25,2020112504002413,GIC,32,45,10,595.00,"5,950.00"
2020-11-25,2020112504002410,GIC,32,55,10,595.00,"5,950.00"
2020-11-25,2020112504002427,GIC,32,42,10,595.00,"5,950.00"
2020-11-25,2020112504002426,GIC,32,16,10,595.00,"5,950.00"
2020-11-25,2020112504002425,GIC,54,59,50,597.00,"29,850.00"
2020-11-25,2020112504002424,GIC,32,26,10,595.00,"5,950.00"
2020-11-25,2020112504002422,GIC,32,42,10,595.00,"5,950.00"
2020-11-25,2020112504002420,GIC,32,57,10,595.00,"5,950.00"
2020-11-25,2020112504002443,GIC,45,42,10,597.00,"5,970.00"
2020-11-25,2020112504002442,GIC,45,1,10,597.00,"5,970.00"
2020-11-25,2020112504002441,GIC,45,59,440,597.00,"262,680.00"
2020-11-25,2020112504002439,GIC,5,33,10,596.00,"5,960.00"
2020-11-25,2020112504002438,GIC,5,29,10,596.00,"5,960.00"
2020-11-25,2020112504002429,GIC,32,38,10,595.00,"5,950.00"
2020-11-25,2020112504002450,GIC,45,25,180,597.00,"107,460.00"
2020-11-25,2020112504002449,GIC,5,48,10,596.00,"5,960.00"
2020-11-25,2020112504002447,GIC,45,25,10,597.00,"5,970.00"
2020-11-25,2020112504002446,GIC,45,1,10,597.00,"5,970.00"
2020-11-25,2020112504002445,GIC,45,41,10,597.00,"5,970.00"
2020-11-25,2020112504002444,GIC,45,1,10,597.00,"5,970.00"
2020-11-25,2020112504002503,GIC,8,26,10,596.00,"5,960.00"
2020-11-25,2020112504002498,GIC,8,38,10,596.00,"5,960.00"
2020-11-25,2020112504002496,GIC,8,21,10,596.00,"5,960.00"
2020-11-25,2020112504002461,GIC,5,33,10,596.00,"5,960.00"
2020-11-25,2020112504002457,GIC,5,20,50,596.00,"29,800.00"
2020-11-25,2020112504002452,GIC,5,38,10,596.00,"5,960.00"
2020-11-25,2020112504002519,GIC,8,33,10,596.00,"5,960.00"
2020-11-25,2020112504002518,GIC,8,25,10,596.00,"5,960.00"
2020-11-25,2020112504002516,GIC,8,56,10,596.00,"5,960.00"
2020-11-25,2020112504002512,GIC,8,17,10,596.00,"5,960.00"
2020-11-25,2020112504002505,GIC,8,57,10,596.00,"5,960.00"
2020-11-25,2020112504002504,GIC,8,22,10,596.00,"5,960.00"
2020-11-25,2020112504002532,GIC,8,6,10,596.00,"5,960.00"
2020-11-25,2020112504002530,GIC,8,38,10,596.00,"5,960.00"
2020-11-25,2020112504002528,GIC,8,39,10,596.00,"5,960.00"
2020-11-25,2020112504002526,GIC,8,38,10,596.00,"5,960.00"
2020-11-25,2020112504002523,GIC,8,58,10,596.00,"5,960.00"
2020-11-25,2020112504002521,GIC,8,38,10,596.00,"5,960.00"
2020-11-25,2020112504002540,GIC,8,38,10,596.00,"5,960.00"
2020-11-25,2020112504002539,GIC,8,53,10,596.00,"5,960.00"
2020-11-25,2020112504002537,GIC,5,1,10,597.00,"5,970.00"
2020-11-25,2020112504002536,GIC,5,41,10,597.00,"5,970.00"
2020-11-25,2020112504002535,GIC,5,41,10,597.00,"5,970.00"
2020-11-25,2020112504002534,GIC,5,1,10,597.00,"5,970.00"
2020-11-25,2020112504002559,GIC,28,35,10,598.00,"5,980.00"
2020-11-25,2020112504002551,GIC,6,58,10,597.00,"5,970.00"
2020-11-25,2020112504002547,GIC,6,29,10,597.00,"5,970.00"
2020-11-25,2020112504002546,GIC,6,42,10,597.00,"5,970.00"
2020-11-25,2020112504002542,GIC,8,32,10,596.00,"5,960.00"
2020-11-25,2020112504002541,GIC,8,21,10,596.00,"5,960.00"
2020-11-25,2020112504002565,GIC,28,45,200,598.00,"119,600.00"
2020-11-25,2020112504002564,GIC,28,22,10,598.00,"5,980.00"
2020-11-25,2020112504002563,GIC,28,54,200,598.00,"119,600.00"
2020-11-25,2020112504002562,GIC,28,21,10,598.00,"5,980.00"
2020-11-25,2020112504002561,GIC,28,48,10,598.00,"5,980.00"
2020-11-25,2020112504002560,GIC,28,42,10,598.00,"5,980.00"
2020-11-25,2020112504002434,GIMES1,6,28,"1,000",11.30,"11,300.00"
2020-11-25,2020112504002428,GIMES1,6,28,"1,000",11.30,"11,300.00"
2020-11-25,2020112504002418,GIMES1,49,28,100,11.30,"1,130.00"
2020-11-25,2020112504002400,GIMES1,6,48,"10,247",11.20,"114,766.40"
2020-11-25,2020112504002367,GIMES1,16,13,"5,000",11.19,"55,950.00"
2020-11-25,2020112504002433,LUK,34,7,200,9.80,"1,960.00"
2020-11-25,2020112504002356,LUK,34,17,300,9.80,"2,940.00"
2020-11-25,2020112504002333,LUK,34,16,500,9.80,"4,900.00"
2020-11-25,2020112504002253,LUK,34,33,"7,250",9.80,"71,050.00"
2020-11-25,2020112504002252,LUK,34,33,"2,750",9.80,"26,950.00"
2020-11-25,2020112504002239,LUK,34,22,"4,100",9.80,"40,180.00"
2020-11-25,2020112504002238,LUK,34,42,"3,150",9.80,"30,870.00"
2020-11-25,2020112504002133,LUK,22,14,100,9.65,965.00
2020-11-25,2020112504002543,NBF2,6,52,200,9.96,"1,992.00"
2020-11-25,2020112504002525,NBF2,50,38,100,10.10,"1,010.00"
2020-11-25,2020112504002462,NBF2,50,20,100,10.00,"1,000.00"
2020-11-25,2020112504002455,NBF2,50,17,100,10.00,"1,000.00"
2020-11-25,2020112504002363,NBF2,6,42,500,9.96,"4,980.00"
2020-11-25,2020112504002352,NBF2,43,57,"25,000",10.10,"252,500.00"
2020-11-25,2020112504002351,NBF2,43,57,"25,000",10.10,"252,500.00"
2020-11-25,2020112504002145,NBF2,50,57,100,10.14,"1,014.00"
2020-11-25,2020112504002144,NBF2,50,32,500,10.14,"5,070.00"
2020-11-25,2020112504002142,NBF2,21,21,500,10.00,"5,000.00"
2020-11-25,2020112504002408,NEF,29,58,"6,448",9.91,"63,899.68"
2020-11-25,2020112504002126,NEF,34,36,"2,674",9.90,"26,472.60"
2020-11-25,2020112504002106,NEF,47,36,368,9.91,"3,646.88"
2020-11-25,2020112504002549,NIBLPF,39,49,300,10.09,"3,027.00"
2020-11-25,2020112504002419,NIBLPF,50,58,"2,637",10.05,"26,501.85"
2020-11-25,2020112504002353,NIBLPF,50,34,"1,050",10.05,"10,552.50"
2020-11-25,2020112504002309,NIBLPF,5,50,253,10.04,"2,540.12"
2020-11-25,2020112504002284,NIBLPF,5,47,525,10.04,"5,271.00"
2020-11-25,2020112504002229,NIBLPF,51,49,505,10.04,"5,070.20"
2020-11-25,2020112504002141,NIBLPF,51,41,"2,585",10.04,"25,953.40"
2020-11-25,2020112504002331,NIBPO,6,42,"1,000",371.00,"371,000.00"
2020-11-25,2020112504002324,NIBPO,6,25,"1,500",371.00,"556,500.00"
2020-11-25,2020112504002241,NIBPO,6,50,451,372.00,"167,772.00"
2020-11-25,2020112504002233,NIBPO,6,50,"1,000",372.00,"372,000.00"
2020-11-25,2020112504002108,NIBPO,6,55,500,371.00,"185,500.00"
2020-11-25,2020112504002107,NIBPO,6,54,"1,531",370.00,"566,470.00"
2020-11-25,2020112504002148,NIBSF1,7,48,"5,000",10.81,"54,050.00"
2020-11-25,2020112504002279,NICGF,6,13,"1,000",10.55,"10,550.00"
2020-11-25,2020112504002378,NMB50,6,17,300,10.22,"3,066.00"
2020-11-25,2020112504002374,NMB50,6,42,200,10.22,"2,044.00"
2020-11-25,2020112504002098,NMB50,6,51,100,10.20,"1,020.00"
2020-11-25,2020112504002432,NMBHF1,43,58,"1,269",10.05,"12,753.45"
2020-11-25,2020112504002393,NMBHF1,16,58,"2,841",10.10,"28,694.10"
2020-11-25,2020112504002392,NMBHF1,22,58,"2,190",10.15,"22,228.50"
2020-11-25,2020112504002260,NMBHF1,22,50,416,10.15,"4,222.40"
2020-11-25,2020112504002111,NMBHF1,22,44,"4,161",10.15,"42,234.15"
2020-11-25,2020112504002314,RBCLPO,28,42,10,"15,211.00","152,110.00"
2020-11-25,2020112504002313,RBCLPO,33,42,81,"15,300.00","1,239,300.00"
2020-11-25,2020112504002312,RBCLPO,59,42,19,"15,500.00","294,500.00"
2020-11-25,2020112504002276,RBCLPO,59,58,41,"15,500.00","635,500.00"
2020-11-25,2020112504002275,RBCLPO,59,11,50,"15,500.00","775,000.00"
2020-11-25,2020112504002274,RBCLPO,59,59,10,"15,500.00","155,000.00"
2020-11-25,2020112504002097,RBCLPO,33,59,11,"15,455.00","170,005.00"
2020-11-25,2020112504002096,RBCLPO,33,6,10,"15,450.00","154,500.00"
2020-11-25,2020112504002095,RBCLPO,33,7,20,"15,400.00","308,000.00"
2020-11-25,2020112504002094,RBCLPO,33,33,50,"15,400.00","770,000.00"
2020-11-25,2020112504002093,RBCLPO,33,49,10,"15,350.00","153,500.00"
2020-11-25,2020112504002092,RBCLPO,33,49,18,"15,300.00","275,400.00"
2020-11-25,2020112504002273,RBCLPO,59,6,10,"15,495.00","154,950.00"
2020-11-25,2020112504002272,RBCLPO,59,38,20,"15,479.00","309,580.00"
2020-11-25,2020112504002271,RBCLPO,59,37,20,"15,475.00","309,500.00"
2020-11-25,2020112504002270,RBCLPO,59,6,30,"15,470.00","464,100.00"
2020-11-25,2020112504002232,RBCLPO,33,6,45,"15,450.00","695,250.00"
2020-11-25,2020112504002192,RBCLPO,33,6,20,"15,455.00","309,100.00"
2020-11-25,2020112504002555,SAEF,53,51,"3,000",11.02,"33,060.00"
2020-11-25,2020112504002388,SAEF,53,17,"1,000",11.02,"11,020.00"
2020-11-25,2020112504002311,SAEF,50,17,"1,000",10.99,"10,990.00"
2020-11-25,2020112504002222,SAEF,33,34,"37,500",11.05,"414,375.00"
2020-11-25,2020112504002219,SAEF,50,17,"1,000",10.99,"10,990.00"
2020-11-25,2020112504002182,SAEF,53,34,"7,000",11.02,"77,140.00"
2020-11-25,2020112504002176,SAEF,13,34,"5,000",11.10,"55,500.00"
2020-11-25,2020112504002151,SAEF,50,56,"1,000",11.00,"11,000.00"
2020-11-25,2020112504002137,SAEF,50,38,"5,000",11.00,"55,000.00"
2020-11-25,2020112504002132,SAEF,50,34,500,11.10,"5,550.00"
2020-11-25,2020112504002113,SAEF,32,34,"49,900",11.32,"564,868.00"
2020-11-25,2020112504002109,SAEF,50,34,100,11.32,"1,132.00"
2020-11-25,2020112504002495,SEF,17,45,"5,000",10.30,"51,500.00"
2020-11-25,2020112504002494,SEF,17,45,"15,000",10.30,"154,500.00"
2020-11-25,2020112504002493,SEF,17,48,"2,500",10.30,"25,750.00"
2020-11-25,2020112504002492,SEF,17,20,"2,000",10.30,"20,600.00"
2020-11-25,2020112504002491,SEF,17,34,"2,000",10.28,"20,560.00"
2020-11-25,2020112504002490,SEF,17,26,"3,000",10.27,"30,810.00"
2020-11-25,2020112504002159,SEF,22,56,"1,000",10.23,"10,230.00"
2020-11-25,2020112504002085,SEF,5,16,"5,000",10.28,"51,400.00"
2020-11-25,2020112504002165,SEF,36,34,"10,000",10.20,"102,000.00"
2020-11-25,2020112504002164,SEF,5,34,"3,000",10.20,"30,600.00"
2020-11-25,2020112504002163,SEF,8,34,"3,000",10.20,"30,600.00"
2020-11-25,2020112504002162,SEF,29,34,"20,000",10.21,"204,200.00"
2020-11-25,2020112504002161,SEF,13,34,"5,000",10.22,"51,100.00"
2020-11-25,2020112504002160,SEF,22,34,"9,000",10.23,"92,070.00"
2020-11-25,2020112504002349,SEF,54,34,"2,000",10.20,"20,400.00"
2020-11-25,2020112504002329,SEF,19,34,"20,000",10.20,"204,000.00"
2020-11-25,2020112504002227,SEF,22,34,"10,000",10.20,"102,000.00"
2020-11-25,2020112504002214,SEF,42,34,"3,000",10.20,"30,600.00"
2020-11-25,2020112504002213,SEF,22,34,"10,000",10.22,"102,200.00"
2020-11-25,2020112504002180,SEF,50,56,900,10.24,"9,216.00"
2020-11-25,2020112504002460,SEF,6,6,"1,000",10.24,"10,240.00"
2020-11-25,2020112504002459,SEF,6,56,"1,100",10.24,"11,264.00"
2020-11-25,2020112504002458,SEF,6,48,"1,000",10.20,"10,200.00"
2020-11-25,2020112504002372,SEF,13,49,"1,500",10.18,"15,270.00"
2020-11-25,2020112504002371,SEF,13,49,"5,000",10.20,"51,000.00"
2020-11-25,2020112504002361,SEF,57,34,"5,000",10.20,"51,000.00"
2020-11-25,2020112504002584,SGI,39,3,10,622.00,"6,220.00"
2020-11-25,2020112504002582,SGI,7,47,10,622.00,"6,220.00"
2020-11-25,2020112504002581,SGI,6,45,10,623.00,"6,230.00"
2020-11-25,2020112504002580,SGI,6,38,10,623.00,"6,230.00"
2020-11-25,2020112504002579,SGI,6,58,10,623.00,"6,230.00"
2020-11-25,2020112504002577,SGI,6,59,10,623.00,"6,230.00"
2020-11-25,2020112504002091,SGI,16,59,10,620.00,"6,200.00"
2020-11-25,2020112504002089,SGI,19,36,10,621.00,"6,210.00"
2020-11-25,2020112504002087,SGI,16,48,10,620.00,"6,200.00"
2020-11-25,2020112504002086,SGI,16,59,10,620.00,"6,200.00"
2020-11-25,2020112504002112,SGI,37,14,10,621.00,"6,210.00"
2020-11-25,2020112504002110,SGI,37,34,10,621.00,"6,210.00"
2020-11-25,2020112504002105,SGI,37,3,10,621.00,"6,210.00"
2020-11-25,2020112504002104,SGI,37,36,202,621.00,"125,442.00"
2020-11-25,2020112504002103,SGI,16,28,10,620.00,"6,200.00"
2020-11-25,2020112504002102,SGI,16,46,10,620.00,"6,200.00"
2020-11-25,2020112504002121,SGI,29,38,10,622.00,"6,220.00"
2020-11-25,2020112504002120,SGI,29,22,10,622.00,"6,220.00"
2020-11-25,2020112504002119,SGI,29,22,10,622.00,"6,220.00"
2020-11-25,2020112504002117,SGI,37,45,10,621.00,"6,210.00"
2020-11-25,2020112504002116,SGI,37,45,10,621.00,"6,210.00"
2020-11-25,2020112504002115,SGI,37,34,10,621.00,"6,210.00"
2020-11-25,2020112504002140,SGI,37,3,10,621.00,"6,210.00"
2020-11-25,2020112504002136,SGI,34,19,10,622.00,"6,220.00"
2020-11-25,2020112504002135,SGI,37,45,10,621.00,"6,210.00"
2020-11-25,2020112504002134,SGI,37,44,10,621.00,"6,210.00"
2020-11-25,2020112504002130,SGI,37,41,10,621.00,"6,210.00"
2020-11-25,2020112504002122,SGI,29,21,10,622.00,"6,220.00"
2020-11-25,2020112504002169,SGI,37,14,10,621.00,"6,210.00"
2020-11-25,2020112504002168,SGI,37,44,10,621.00,"6,210.00"
2020-11-25,2020112504002154,SGI,37,45,10,621.00,"6,210.00"
2020-11-25,2020112504002152,SGI,37,57,10,621.00,"6,210.00"
2020-11-25,2020112504002149,SGI,37,45,10,621.00,"6,210.00"
2020-11-25,2020112504002143,SGI,37,21,10,621.00,"6,210.00"
2020-11-25,2020112504002179,SGI,37,32,10,621.00,"6,210.00"
2020-11-25,2020112504002178,SGI,37,44,10,621.00,"6,210.00"
2020-11-25,2020112504002177,SGI,37,44,10,621.00,"6,210.00"
2020-11-25,2020112504002173,SGI,37,44,10,621.00,"6,210.00"
2020-11-25,2020112504002172,SGI,37,45,10,621.00,"6,210.00"
2020-11-25,2020112504002170,SGI,37,44,10,621.00,"6,210.00"
2020-11-25,2020112504002197,SGI,13,48,10,622.00,"6,220.00"
2020-11-25,2020112504002196,SGI,13,48,10,622.00,"6,220.00"
2020-11-25,2020112504002195,SGI,13,41,10,622.00,"6,220.00"
2020-11-25,2020112504002193,SGI,37,45,10,621.00,"6,210.00"
2020-11-25,2020112504002184,SGI,37,26,10,621.00,"6,210.00"
2020-11-25,2020112504002181,SGI,37,44,10,621.00,"6,210.00"
2020-11-25,2020112504002221,SGI,6,34,10,621.00,"6,210.00"
2020-11-25,2020112504002218,SGI,37,40,10,621.00,"6,210.00"
2020-11-25,2020112504002216,SGI,37,57,10,621.00,"6,210.00"
2020-11-25,2020112504002212,SGI,37,44,10,621.00,"6,210.00"
2020-11-25,2020112504002211,SGI,37,40,10,621.00,"6,210.00"
2020-11-25,2020112504002198,SGI,13,28,20,622.00,"12,440.00"
2020-11-25,2020112504002242,SGI,6,49,10,621.00,"6,210.00"
2020-11-25,2020112504002237,SGI,6,47,10,621.00,"6,210.00"
2020-11-25,2020112504002236,SGI,6,46,10,621.00,"6,210.00"
2020-11-25,2020112504002228,SGI,6,42,10,621.00,"6,210.00"
2020-11-25,2020112504002226,SGI,7,28,10,622.00,"6,220.00"
2020-11-25,2020112504002224,SGI,6,34,10,621.00,"6,210.00"
2020-11-25,2020112504002251,SGI,6,47,10,621.00,"6,210.00"
2020-11-25,2020112504002250,SGI,6,47,10,621.00,"6,210.00"
2020-11-25,2020112504002248,SGI,49,34,20,622.00,"12,440.00"
2020-11-25,2020112504002247,SGI,49,48,10,622.00,"6,220.00"
2020-11-25,2020112504002246,SGI,49,42,10,622.00,"6,220.00"
2020-11-25,2020112504002245,SGI,6,13,10,621.00,"6,210.00"
2020-11-25,2020112504002266,SGI,6,21,10,621.00,"6,210.00"
2020-11-25,2020112504002259,SGI,6,49,10,621.00,"6,210.00"
2020-11-25,2020112504002258,SGI,6,6,10,621.00,"6,210.00"
2020-11-25,2020112504002257,SGI,6,49,10,621.00,"6,210.00"
2020-11-25,2020112504002255,SGI,6,14,10,621.00,"6,210.00"
2020-11-25,2020112504002254,SGI,6,43,10,621.00,"6,210.00"
2020-11-25,2020112504002285,SGI,6,48,10,621.00,"6,210.00"
2020-11-25,2020112504002283,SGI,6,14,230,621.00,"142,830.00"
2020-11-25,2020112504002282,SGI,6,59,10,621.00,"6,210.00"
2020-11-25,2020112504002281,SGI,6,11,10,621.00,"6,210.00"
2020-11-25,2020112504002269,SGI,6,25,10,621.00,"6,210.00"
2020-11-25,2020112504002268,SGI,6,42,10,621.00,"6,210.00"
2020-11-25,2020112504002292,SGI,28,28,150,621.00,"93,150.00"
2020-11-25,2020112504002291,SGI,25,28,30,621.00,"18,630.00"
2020-11-25,2020112504002290,SGI,19,28,500,621.00,"310,500.00"
2020-11-25,2020112504002289,SGI,6,28,50,621.00,"31,050.00"
2020-11-25,2020112504002287,SGI,6,39,10,621.00,"6,210.00"
2020-11-25,2020112504002286,SGI,6,17,10,621.00,"6,210.00"
2020-11-25,2020112504002299,SGI,16,17,10,620.00,"6,200.00"
2020-11-25,2020112504002298,SGI,16,21,10,620.00,"6,200.00"
2020-11-25,2020112504002297,SGI,16,17,10,620.00,"6,200.00"
2020-11-25,2020112504002296,SGI,16,17,10,620.00,"6,200.00"
2020-11-25,2020112504002294,SGI,19,28,25,621.00,"15,525.00"
2020-11-25,2020112504002293,SGI,20,28,50,621.00,"31,050.00"
2020-11-25,2020112504002307,SGI,49,34,70,622.00,"43,540.00"
2020-11-25,2020112504002306,SGI,49,14,10,622.00,"6,220.00"
2020-11-25,2020112504002305,SGI,49,1,200,622.00,"124,400.00"
2020-11-25,2020112504002304,SGI,49,45,10,622.00,"6,220.00"
2020-11-25,2020112504002303,SGI,49,34,30,622.00,"18,660.00"
2020-11-25,2020112504002302,SGI,49,28,165,621.00,"102,465.00"
2020-11-25,2020112504002319,SGI,49,38,10,623.00,"6,230.00"
2020-11-25,2020112504002318,SGI,49,37,10,623.00,"6,230.00"
2020-11-25,2020112504002317,SGI,49,42,90,623.00,"56,070.00"
2020-11-25,2020112504002316,SGI,49,34,10,623.00,"6,230.00"
2020-11-25,2020112504002315,SGI,49,25,10,623.00,"6,230.00"
2020-11-25,2020112504002308,SGI,49,50,10,623.00,"6,230.00"
2020-11-25,2020112504002335,SGI,48,11,10,621.00,"6,210.00"
2020-11-25,2020112504002332,SGI,48,41,10,621.00,"6,210.00"
2020-11-25,2020112504002330,SGI,48,42,10,621.00,"6,210.00"
2020-11-25,2020112504002328,SGI,48,21,10,621.00,"6,210.00"
2020-11-25,2020112504002322,SGI,48,16,10,621.00,"6,210.00"
2020-11-25,2020112504002320,SGI,49,3,10,623.00,"6,230.00"
2020-11-25,2020112504002345,SGI,22,32,10,624.00,"6,240.00"
2020-11-25,2020112504002344,SGI,22,5,10,624.00,"6,240.00"
2020-11-25,2020112504002343,SGI,22,34,10,623.00,"6,230.00"
2020-11-25,2020112504002340,SGI,48,57,10,621.00,"6,210.00"
2020-11-25,2020112504002338,SGI,48,1,10,621.00,"6,210.00"
2020-11-25,2020112504002336,SGI,48,22,10,621.00,"6,210.00"
2020-11-25,2020112504002365,SGI,49,49,10,621.00,"6,210.00"
2020-11-25,2020112504002364,SGI,49,34,10,621.00,"6,210.00"
2020-11-25,2020112504002362,SGI,49,57,10,621.00,"6,210.00"
2020-11-25,2020112504002359,SGI,48,14,10,621.00,"6,210.00"
2020-11-25,2020112504002347,SGI,48,52,10,621.00,"6,210.00"
2020-11-25,2020112504002346,SGI,22,59,10,624.00,"6,240.00"
2020-11-25,2020112504002387,SGI,47,22,20,622.00,"12,440.00"
2020-11-25,2020112504002386,SGI,47,43,10,622.00,"6,220.00"
2020-11-25,2020112504002385,SGI,47,41,10,622.00,"6,220.00"
2020-11-25,2020112504002376,SGI,49,14,10,621.00,"6,210.00"
2020-11-25,2020112504002373,SGI,49,11,10,621.00,"6,210.00"
2020-11-25,2020112504002366,SGI,49,11,10,621.00,"6,210.00"
2020-11-25,2020112504002399,SGI,49,16,10,621.00,"6,210.00"
2020-11-25,2020112504002397,SGI,49,16,10,621.00,"6,210.00"
2020-11-25,2020112504002396,SGI,49,8,10,621.00,"6,210.00"
2020-11-25,2020112504002395,SGI,49,14,10,621.00,"6,210.00"
2020-11-25,2020112504002394,SGI,49,38,10,621.00,"6,210.00"
2020-11-25,2020112504002389,SGI,49,14,10,621.00,"6,210.00"
2020-11-25,2020112504002423,SGI,49,1,10,621.00,"6,210.00"
2020-11-25,2020112504002421,SGI,49,50,10,621.00,"6,210.00"
2020-11-25,2020112504002412,SGI,49,16,10,621.00,"6,210.00"
2020-11-25,2020112504002411,SGI,49,8,10,621.00,"6,210.00"
2020-11-25,2020112504002409,SGI,49,33,10,621.00,"6,210.00"
2020-11-25,2020112504002401,SGI,49,11,10,621.00,"6,210.00"
2020-11-25,2020112504002440,SGI,49,48,10,621.00,"6,210.00"
2020-11-25,2020112504002437,SGI,49,41,10,621.00,"6,210.00"
2020-11-25,2020112504002436,SGI,49,16,10,621.00,"6,210.00"
2020-11-25,2020112504002435,SGI,49,16,10,621.00,"6,210.00"
2020-11-25,2020112504002431,SGI,49,45,10,621.00,"6,210.00"
2020-11-25,2020112504002430,SGI,42,58,10,622.00,"6,220.00"
2020-11-25,2020112504002464,SGI,7,17,10,622.00,"6,220.00"
2020-11-25,2020112504002463,SGI,7,57,10,622.00,"6,220.00"
2020-11-25,2020112504002456,SGI,7,32,10,622.00,"6,220.00"
2020-11-25,2020112504002453,SGI,7,59,10,622.00,"6,220.00"
2020-11-25,2020112504002451,SGI,7,29,10,622.00,"6,220.00"
2020-11-25,2020112504002448,SGI,7,58,10,622.00,"6,220.00"
2020-11-25,2020112504002470,SGI,45,33,10,623.00,"6,230.00"
2020-11-25,2020112504002469,SGI,45,33,10,623.00,"6,230.00"
2020-11-25,2020112504002468,SGI,45,29,10,623.00,"6,230.00"
2020-11-25,2020112504002467,SGI,45,56,10,623.00,"6,230.00"
2020-11-25,2020112504002466,SGI,45,34,60,623.00,"37,380.00"
2020-11-25,2020112504002465,SGI,19,34,40,623.00,"24,920.00"
2020-11-25,2020112504002476,SGI,45,14,10,624.00,"6,240.00"
2020-11-25,2020112504002475,SGI,45,16,10,624.00,"6,240.00"
2020-11-25,2020112504002474,SGI,45,35,10,624.00,"6,240.00"
2020-11-25,2020112504002473,SGI,45,22,10,623.00,"6,230.00"
2020-11-25,2020112504002472,SGI,45,29,100,623.00,"62,300.00"
2020-11-25,2020112504002471,SGI,45,33,10,623.00,"6,230.00"
2020-11-25,2020112504002482,SGI,45,21,10,624.00,"6,240.00"
2020-11-25,2020112504002481,SGI,45,33,10,624.00,"6,240.00"
2020-11-25,2020112504002480,SGI,45,21,10,624.00,"6,240.00"
2020-11-25,2020112504002479,SGI,45,41,10,624.00,"6,240.00"
2020-11-25,2020112504002478,SGI,45,51,10,624.00,"6,240.00"
2020-11-25,2020112504002477,SGI,45,35,10,624.00,"6,240.00"
2020-11-25,2020112504002497,SGI,7,33,10,622.00,"6,220.00"
2020-11-25,2020112504002489,SGI,7,45,10,622.00,"6,220.00"
2020-11-25,2020112504002486,SGI,7,21,10,622.00,"6,220.00"
2020-11-25,2020112504002485,SGI,7,33,10,622.00,"6,220.00"
2020-11-25,2020112504002484,SGI,7,57,10,622.00,"6,220.00"
2020-11-25,2020112504002483,SGI,45,26,390,624.00,"243,360.00"
2020-11-25,2020112504002507,SGI,58,22,10,623.00,"6,230.00"
2020-11-25,2020112504002506,SGI,58,38,10,623.00,"6,230.00"
2020-11-25,2020112504002502,SGI,58,57,10,623.00,"6,230.00"
2020-11-25,2020112504002501,SGI,58,26,10,623.00,"6,230.00"
2020-11-25,2020112504002500,SGI,58,41,10,623.00,"6,230.00"
2020-11-25,2020112504002499,SGI,7,57,10,622.00,"6,220.00"
2020-11-25,2020112504002514,SGI,7,42,10,622.00,"6,220.00"
2020-11-25,2020112504002513,SGI,58,38,10,623.00,"6,230.00"
2020-11-25,2020112504002511,SGI,58,38,10,623.00,"6,230.00"
2020-11-25,2020112504002510,SGI,58,38,10,623.00,"6,230.00"
2020-11-25,2020112504002509,SGI,58,6,10,623.00,"6,230.00"
2020-11-25,2020112504002508,SGI,58,37,10,623.00,"6,230.00"
2020-11-25,2020112504002527,SGI,7,41,10,622.00,"6,220.00"
2020-11-25,2020112504002524,SGI,7,32,10,622.00,"6,220.00"
2020-11-25,2020112504002522,SGI,7,25,10,622.00,"6,220.00"
2020-11-25,2020112504002520,SGI,7,22,10,622.00,"6,220.00"
2020-11-25,2020112504002517,SGI,7,38,10,622.00,"6,220.00"
2020-11-25,2020112504002515,SGI,7,29,10,622.00,"6,220.00"
2020-11-25,2020112504002548,SGI,7,42,10,622.00,"6,220.00"
2020-11-25,2020112504002545,SGI,7,38,10,622.00,"6,220.00"
2020-11-25,2020112504002544,SGI,7,39,10,622.00,"6,220.00"
2020-11-25,2020112504002538,SGI,7,58,10,622.00,"6,220.00"
2020-11-25,2020112504002533,SGI,7,34,10,622.00,"6,220.00"
2020-11-25,2020112504002529,SGI,7,33,10,622.00,"6,220.00"
2020-11-25,2020112504002557,SGI,6,1,10,623.00,"6,230.00"
2020-11-25,2020112504002556,SGI,6,43,110,623.00,"68,530.00"
2020-11-25,2020112504002554,SGI,7,56,10,622.00,"6,220.00"
2020-11-25,2020112504002553,SGI,7,55,10,622.00,"6,220.00"
2020-11-25,2020112504002552,SGI,7,38,10,622.00,"6,220.00"
2020-11-25,2020112504002550,SGI,7,38,10,622.00,"6,220.00"
2020-11-25,2020112504002575,SGI,6,54,110,623.00,"68,530.00"
2020-11-25,2020112504002573,SGI,6,19,10,623.00,"6,230.00"
2020-11-25,2020112504002571,SGI,6,19,10,623.00,"6,230.00"
2020-11-25,2020112504002570,SGI,6,32,10,623.00,"6,230.00"
2020-11-25,2020112504002568,SGI,6,17,10,623.00,"6,230.00"
2020-11-25,2020112504002558,SGI,6,59,10,623.00,"6,230.00"
2020-11-25,2020112504002576,STC,17,16,10,"7,900.00","79,000.00"
2020-11-25,2020112504002574,STC,17,39,21,"7,900.00","165,900.00"
2020-11-25,2020112504002531,STC,40,39,10,"7,900.00","79,000.00"
2020-11-25,2020112504002488,STC,51,49,37,"7,850.00","290,450.00"
2020-11-25,2020112504002487,STC,58,49,13,"7,850.00","102,050.00"
2020-11-25,2020112504002406,STC,55,49,30,"7,850.00","235,500.00"
2020-11-25,2020112504002405,STC,55,49,10,"7,850.00","78,500.00"
2020-11-25,2020112504002327,STC,1,49,10,"7,850.00","78,500.00"
2020-11-25,2020112504002230,STC,45,42,10,"7,850.00","78,500.00"
2020-11-25,2020112504002225,STC,1,42,10,"7,850.00","78,500.00"
2020-11-25,2020112504002217,STC,1,39,10,"7,900.00","79,000.00"
2020-11-25,2020112504002194,STC,21,1,15,"7,880.00","118,200.00"
2020-11-25,2020112504001998,BBC,37,34,100,"3,950.00","395,000.00"
2020-11-25,2020112504001994,BBC,37,34,100,"3,950.00","395,000.00"
2020-11-25,2020112504001990,BBC,50,34,5,"3,950.00","19,750.00"
2020-11-25,2020112504001939,BBC,34,14,60,"3,950.00","237,000.00"
2020-11-25,2020112504001938,BBC,34,34,40,"3,950.00","158,000.00"
2020-11-25,2020112504001930,BBC,44,34,50,"3,950.00","197,500.00"
2020-11-25,2020112504001663,BBC,45,16,50,"3,950.00","197,500.00"
2020-11-25,2020112504001660,BBC,13,17,40,"3,950.00","158,000.00"
2020-11-25,2020112504001659,BBC,13,34,160,"3,950.00","632,000.00"
2020-11-25,2020112504001650,BBC,57,34,15,"3,950.00","59,250.00"
2020-11-25,2020112504001637,BBC,41,34,25,"3,950.00","98,750.00"
2020-11-25,2020112504001908,BBC,52,34,80,"3,950.00","316,000.00"
2020-11-25,2020112504001897,BBC,16,34,100,"3,950.00","395,000.00"
2020-11-25,2020112504001878,BBC,19,34,10,"3,950.00","39,500.00"
2020-11-25,2020112504001877,BBC,45,34,10,"3,950.00","39,500.00"
2020-11-25,2020112504001876,BBC,17,34,10,"3,950.00","39,500.00"
2020-11-25,2020112504001763,BBC,17,51,10,"3,950.00","39,500.00"
2020-11-25,2020112504002007,CMF1,43,45,100,10.02,"1,002.00"
2020-11-25,2020112504001887,CMF1,51,14,500,10.01,"5,005.00"
2020-11-25,2020112504001866,CMF1,51,56,"1,000",10.01,"10,010.00"
2020-11-25,2020112504001818,CMF1,43,45,"1,000",10.10,"10,100.00"
2020-11-25,2020112504001817,CMF1,43,34,250,10.10,"2,525.00"
2020-11-25,2020112504001816,CMF1,43,42,"1,000",10.10,"10,100.00"
2020-11-25,2020112504001815,CMF1,43,41,900,10.10,"9,090.00"
2020-11-25,2020112504001625,CMF1,44,45,300,10.00,"3,000.00"
2020-11-25,2020112504002080,GIC,52,46,10,595.00,"5,950.00"
2020-11-25,2020112504002078,GIC,52,40,10,595.00,"5,950.00"
2020-11-25,2020112504002077,GIC,52,50,60,595.00,"35,700.00"
2020-11-25,2020112504002076,GIC,50,50,130,595.00,"77,350.00"
2020-11-25,2020112504002069,GIC,50,56,10,595.00,"5,950.00"
2020-11-25,2020112504002057,GIC,50,26,10,595.00,"5,950.00"
2020-11-25,2020112504001587,GIC,52,8,10,593.00,"5,930.00"
2020-11-25,2020112504001620,GIC,53,38,10,594.00,"5,940.00"
2020-11-25,2020112504001616,GIC,53,47,10,594.00,"5,940.00"
2020-11-25,2020112504001610,GIC,43,35,30,595.00,"17,850.00"
2020-11-25,2020112504001609,GIC,43,38,10,595.00,"5,950.00"
2020-11-25,2020112504001607,GIC,43,38,10,595.00,"5,950.00"
2020-11-25,2020112504001606,GIC,43,26,10,595.00,"5,950.00"
2020-11-25,2020112504001631,GIC,53,38,10,594.00,"5,940.00"
2020-11-25,2020112504001629,GIC,53,10,10,594.00,"5,940.00"
2020-11-25,2020112504001628,GIC,53,22,10,594.00,"5,940.00"
2020-11-25,2020112504001626,GIC,53,1,10,594.00,"5,940.00"
2020-11-25,2020112504001623,GIC,53,56,10,594.00,"5,940.00"
2020-11-25,2020112504001622,GIC,53,10,10,594.00,"5,940.00"
2020-11-25,2020112504001645,GIC,51,45,10,594.00,"5,940.00"
2020-11-25,2020112504001644,GIC,45,14,10,595.00,"5,950.00"
2020-11-25,2020112504001643,GIC,45,8,10,595.00,"5,950.00"
2020-11-25,2020112504001642,GIC,51,38,10,594.00,"5,940.00"
2020-11-25,2020112504001635,GIC,53,28,10,594.00,"5,940.00"
2020-11-25,2020112504001632,GIC,53,36,10,594.00,"5,940.00"
2020-11-25,2020112504001675,GIC,52,53,10,593.00,"5,930.00"
2020-11-25,2020112504001674,GIC,52,34,10,593.00,"5,930.00"
2020-11-25,2020112504001673,GIC,52,55,10,593.00,"5,930.00"
2020-11-25,2020112504001672,GIC,52,6,10,593.00,"5,930.00"
2020-11-25,2020112504001665,GIC,52,45,10,593.00,"5,930.00"
2020-11-25,2020112504001662,GIC,52,34,10,593.00,"5,930.00"
2020-11-25,2020112504001692,GIC,26,48,10,595.00,"5,950.00"
2020-11-25,2020112504001688,GIC,34,38,10,594.00,"5,940.00"
2020-11-25,2020112504001684,GIC,34,41,10,594.00,"5,940.00"
2020-11-25,2020112504001683,GIC,34,33,10,593.00,"5,930.00"
2020-11-25,2020112504001682,GIC,34,38,10,593.00,"5,930.00"
2020-11-25,2020112504001677,GIC,42,54,10,593.00,"5,930.00"
2020-11-25,2020112504001716,GIC,34,45,10,594.00,"5,940.00"
2020-11-25,2020112504001715,GIC,34,19,10,594.00,"5,940.00"
2020-11-25,2020112504001706,GIC,34,14,10,594.00,"5,940.00"
2020-11-25,2020112504001702,GIC,34,26,10,594.00,"5,940.00"
2020-11-25,2020112504001697,GIC,34,49,10,594.00,"5,940.00"
2020-11-25,2020112504001693,GIC,26,4,10,595.00,"5,950.00"
2020-11-25,2020112504001737,GIC,41,51,10,596.00,"5,960.00"
2020-11-25,2020112504001731,GIC,50,40,10,595.00,"5,950.00"
2020-11-25,2020112504001730,GIC,4,3,10,594.00,"5,940.00"
2020-11-25,2020112504001725,GIC,41,58,30,595.00,"17,850.00"
2020-11-25,2020112504001723,GIC,4,48,10,594.00,"5,940.00"
2020-11-25,2020112504001720,GIC,34,19,10,594.00,"5,940.00"
2020-11-25,2020112504001760,GIC,50,20,10,595.00,"5,950.00"
2020-11-25,2020112504001752,GIC,19,45,10,596.00,"5,960.00"
2020-11-25,2020112504001749,GIC,19,33,10,596.00,"5,960.00"
2020-11-25,2020112504001741,GIC,19,17,10,596.00,"5,960.00"
2020-11-25,2020112504001739,GIC,41,49,10,596.00,"5,960.00"
2020-11-25,2020112504001738,GIC,41,13,10,596.00,"5,960.00"
2020-11-25,2020112504001779,GIC,49,51,10,597.00,"5,970.00"
2020-11-25,2020112504001778,GIC,49,28,100,597.00,"59,700.00"
2020-11-25,2020112504001775,GIC,50,45,10,595.00,"5,950.00"
2020-11-25,2020112504001767,GIC,52,28,160,597.00,"95,520.00"
2020-11-25,2020112504001766,GIC,52,52,10,596.00,"5,960.00"
2020-11-25,2020112504001765,GIC,50,51,10,595.00,"5,950.00"
2020-11-25,2020112504001786,GIC,49,47,10,597.00,"5,970.00"
2020-11-25,2020112504001785,GIC,49,36,10,597.00,"5,970.00"
2020-11-25,2020112504001783,GIC,49,59,20,597.00,"11,940.00"
2020-11-25,2020112504001782,GIC,49,55,10,597.00,"5,970.00"
2020-11-25,2020112504001781,GIC,49,52,10,597.00,"5,970.00"
2020-11-25,2020112504001780,GIC,49,49,10,597.00,"5,970.00"
2020-11-25,2020112504001808,GIC,50,51,10,595.00,"5,950.00"
2020-11-25,2020112504001807,GIC,50,35,80,597.00,"47,760.00"
2020-11-25,2020112504001802,GIC,50,38,10,597.00,"5,970.00"
2020-11-25,2020112504001801,GIC,50,56,10,597.00,"5,970.00"
2020-11-25,2020112504001794,GIC,49,56,10,597.00,"5,970.00"
2020-11-25,2020112504001791,GIC,49,56,10,597.00,"5,970.00"
2020-11-25,2020112504001825,GIC,29,10,10,599.00,"5,990.00"
2020-11-25,2020112504001824,GIC,29,58,10,598.00,"5,980.00"
2020-11-25,2020112504001823,GIC,29,38,10,598.00,"5,980.00"
2020-11-25,2020112504001822,GIC,29,36,10,598.00,"5,980.00"
2020-11-25,2020112504001813,GIC,21,32,10,597.00,"5,970.00"
2020-11-25,2020112504001811,GIC,21,39,10,597.00,"5,970.00"
2020-11-25,2020112504001831,GIC,29,56,10,599.00,"5,990.00"
2020-11-25,2020112504001830,GIC,29,56,10,599.00,"5,990.00"
2020-11-25,2020112504001829,GIC,29,55,90,599.00,"53,910.00"
2020-11-25,2020112504001828,GIC,29,44,10,599.00,"5,990.00"
2020-11-25,2020112504001827,GIC,29,1,60,599.00,"35,940.00"
2020-11-25,2020112504001826,GIC,29,51,10,599.00,"5,990.00"
2020-11-25,2020112504001886,GIC,4,35,80,598.00,"47,840.00"
2020-11-25,2020112504001880,GIC,52,5,80,599.00,"47,920.00"
2020-11-25,2020112504001867,GIC,4,6,10,598.00,"5,980.00"
2020-11-25,2020112504001862,GIC,4,32,10,598.00,"5,980.00"
2020-11-25,2020112504001850,GIC,21,33,10,597.00,"5,970.00"
2020-11-25,2020112504001832,GIC,29,28,270,600.00,"162,000.00"
2020-11-25,2020112504001928,GIC,50,36,10,595.00,"5,950.00"
2020-11-25,2020112504001927,GIC,50,38,10,595.00,"5,950.00"
2020-11-25,2020112504001898,GIC,50,55,10,595.00,"5,950.00"
2020-11-25,2020112504001896,GIC,50,20,10,595.00,"5,950.00"
2020-11-25,2020112504001890,GIC,5,41,10,599.00,"5,990.00"
2020-11-25,2020112504001889,GIC,5,5,30,599.00,"17,970.00"
2020-11-25,2020112504001948,GIC,50,38,10,595.00,"5,950.00"
2020-11-25,2020112504001941,GIC,50,38,10,595.00,"5,950.00"
2020-11-25,2020112504001940,GIC,50,59,50,595.00,"29,750.00"
2020-11-25,2020112504001935,GIC,50,32,10,595.00,"5,950.00"
2020-11-25,2020112504001933,GIC,50,38,10,595.00,"5,950.00"
2020-11-25,2020112504001929,GIC,50,38,10,595.00,"5,950.00"
2020-11-25,2020112504001964,GIC,50,34,20,595.00,"11,900.00"
2020-11-25,2020112504001959,GIC,50,26,10,595.00,"5,950.00"
2020-11-25,2020112504001958,GIC,50,38,10,595.00,"5,950.00"
2020-11-25,2020112504001955,GIC,5,32,10,597.00,"5,970.00"
2020-11-25,2020112504001950,GIC,50,56,10,595.00,"5,950.00"
2020-11-25,2020112504001949,GIC,50,35,10,595.00,"5,950.00"
2020-11-25,2020112504001984,GIC,5,33,10,596.00,"5,960.00"
2020-11-25,2020112504001976,GIC,50,50,10,595.00,"5,950.00"
2020-11-25,2020112504001974,GIC,50,6,10,595.00,"5,950.00"
2020-11-25,2020112504001971,GIC,50,51,10,595.00,"5,950.00"
2020-11-25,2020112504001967,GIC,50,40,10,595.00,"5,950.00"
2020-11-25,2020112504001966,GIC,50,54,10,595.00,"5,950.00"
2020-11-25,2020112504002035,GIC,51,36,40,596.00,"23,840.00"
2020-11-25,2020112504002034,GIC,50,36,100,596.00,"59,600.00"
2020-11-25,2020112504002033,GIC,5,36,60,596.00,"35,760.00"
2020-11-25,2020112504002032,GIC,5,59,10,596.00,"5,960.00"
2020-11-25,2020112504001995,GIC,5,56,10,596.00,"5,960.00"
2020-11-25,2020112504001986,GIC,5,32,10,596.00,"5,960.00"
2020-11-25,2020112504002053,GIC,50,6,10,595.00,"5,950.00"
2020-11-25,2020112504002044,GIC,50,6,10,595.00,"5,950.00"
2020-11-25,2020112504002041,GIC,50,25,10,595.00,"5,950.00"
2020-11-25,2020112504002040,GIC,50,48,10,595.00,"5,950.00"
2020-11-25,2020112504002038,GIC,50,6,10,595.00,"5,950.00"
2020-11-25,2020112504002036,GIC,51,6,10,596.00,"5,960.00"
2020-11-25,2020112504002030,GIMES1,43,42,"3,000",11.16,"33,480.00"
2020-11-25,2020112504002029,GIMES1,43,42,"1,000",11.16,"11,160.00"
2020-11-25,2020112504002028,GIMES1,43,5,"4,700",11.16,"52,452.00"
2020-11-25,2020112504002027,GIMES1,43,13,"5,000",11.16,"55,800.00"
2020-11-25,2020112504001981,GIMES1,6,45,"2,000",11.15,"22,300.00"
2020-11-25,2020112504001977,GIMES1,38,45,"5,000",11.15,"55,750.00"
2020-11-25,2020112504001860,GIMES1,6,22,"9,000",11.10,"99,900.00"
2020-11-25,2020112504001859,GIMES1,6,42,"10,000",11.05,"110,500.00"
2020-11-25,2020112504001784,GIMES1,50,52,"1,000",10.98,"10,980.00"
2020-11-25,2020112504001734,GIMES1,50,52,"1,000",10.98,"10,980.00"
2020-11-25,2020112504001696,GIMES1,50,5,"5,000",10.98,"54,900.00"
2020-11-25,2020112504001686,GIMES1,13,56,100,11.11,"1,111.00"
2020-11-25,2020112504001965,GIMES1,6,45,"10,000",11.15,"111,500.00"
2020-11-25,2020112504001961,GIMES1,6,45,"8,000",11.15,"89,200.00"
2020-11-25,2020112504001960,GIMES1,6,49,"2,000",11.15,"22,300.00"
2020-11-25,2020112504001952,GIMES1,43,13,"2,000",11.12,"22,240.00"
2020-11-25,2020112504001951,GIMES1,43,56,900,11.11,"9,999.00"
2020-11-25,2020112504001873,GIMES1,6,22,"10,000",11.10,"111,000.00"
2020-11-25,2020112504002045,LEMF,5,21,"9,000",9.95,"89,550.00"
2020-11-25,2020112504002039,LEMF,5,49,"1,000",9.94,"9,940.00"
2020-11-25,2020112504001717,LEMF,34,51,"1,000",9.75,"9,750.00"
2020-11-25,2020112504001776,LEMF,42,53,"1,000",9.74,"9,740.00"
2020-11-25,2020112504001757,LEMF,17,51,"2,000",9.75,"19,500.00"
2020-11-25,2020112504001857,LEMF,55,51,"2,000",9.75,"19,500.00"
2020-11-25,2020112504001789,LEMF,55,53,"1,000",9.70,"9,700.00"
2020-11-25,2020112504001853,LUK,34,22,900,9.80,"8,820.00"
2020-11-25,2020112504001718,LUK,34,45,500,9.80,"4,900.00"
2020-11-25,2020112504001598,LUK,34,25,100,9.80,980.00
2020-11-25,2020112504001756,MEGAPO,48,37,"12,224",126.00,"1,540,224.00"
2020-11-25,2020112504002031,NBF2,8,56,"5,000",10.05,"50,250.00"
2020-11-25,2020112504002022,NBF2,8,58,"1,000",10.05,"10,050.00"
2020-11-25,2020112504002021,NBF2,8,1,100,10.05,"1,005.00"
2020-11-25,2020112504002020,NBF2,8,51,"20,000",10.05,"201,000.00"
2020-11-25,2020112504001744,NBF2,55,25,500,10.00,"5,000.00"
2020-11-25,2020112504001726,NBF2,8,45,500,9.90,"4,950.00"
2020-11-25,2020112504001687,NBF2,8,6,100,9.90,990.00
2020-11-25,2020112504001633,NBF2,8,45,"1,000",9.90,"9,900.00"
2020-11-25,2020112504001748,NBF2,55,19,"3,200",10.00,"32,000.00"
2020-11-25,2020112504001747,NBF2,55,52,100,10.00,"1,000.00"
2020-11-25,2020112504001746,NBF2,55,55,"1,000",10.00,"10,000.00"
2020-11-25,2020112504001745,NBF2,55,44,200,10.00,"2,000.00"
2020-11-25,2020112504002000,NBF2,16,17,"1,000",9.93,"9,930.00"
2020-11-25,2020112504001947,NBF2,19,32,200,10.00,"2,000.00"
2020-11-25,2020112504001946,NBF2,19,41,"1,000",10.00,"10,000.00"
2020-11-25,2020112504001945,NBF2,19,19,"1,800",10.00,"18,000.00"
2020-11-25,2020112504002013,NBF2,8,33,"20,000",10.03,"200,600.00"
2020-11-25,2020112504002012,NBF2,8,28,"2,500",10.02,"25,050.00"
2020-11-25,2020112504002011,NBF2,8,48,300,10.02,"3,006.00"
2020-11-25,2020112504002010,NBF2,8,19,"1,000",10.02,"10,020.00"
2020-11-25,2020112504002009,NBF2,8,25,100,10.02,"1,002.00"
2020-11-25,2020112504002008,NBF2,8,33,"10,000",10.02,"100,200.00"
2020-11-25,2020112504002019,NBF2,8,43,"20,000",10.05,"201,000.00"
2020-11-25,2020112504002018,NBF2,8,51,"5,000",10.04,"50,200.00"
2020-11-25,2020112504002017,NBF2,8,26,100,10.04,"1,004.00"
2020-11-25,2020112504002016,NBF2,8,51,500,10.04,"5,020.00"
2020-11-25,2020112504002015,NBF2,8,19,"4,000",10.04,"40,160.00"
2020-11-25,2020112504002014,NBF2,8,16,"2,000",10.04,"20,080.00"
2020-11-25,2020112504002060,NEF,17,34,896,10.00,"8,960.00"
2020-11-25,2020112504002059,NEF,17,28,"1,207",10.00,"12,070.00"
2020-11-25,2020112504002058,NEF,17,51,"2,414",10.00,"24,140.00"
2020-11-25,2020112504002051,NEF,17,22,"2,414",10.00,"24,140.00"
2020-11-25,2020112504002050,NEF,17,32,241,10.00,"2,410.00"
2020-11-25,2020112504002049,NEF,17,19,"2,314",10.00,"23,140.00"
2020-11-25,2020112504001681,NEF,34,13,483,9.90,"4,781.70"
2020-11-25,2020112504002043,NEF,17,22,483,9.97,"4,815.51"
2020-11-25,2020112504001989,NEF,47,22,483,9.91,"4,786.53"
2020-11-25,2020112504001988,NEF,47,26,966,9.91,"9,573.06"
2020-11-25,2020112504001969,NEF,47,56,"1,183",9.91,"11,723.53"
2020-11-25,2020112504001851,NEF,34,1,200,9.90,"1,980.00"
2020-11-25,2020112504001691,NEF,34,22,483,9.90,"4,781.70"
2020-11-25,2020112504002006,NIBLPF,51,22,"1,010",10.04,"10,140.40"
2020-11-25,2020112504002003,NIBLPF,51,22,189,10.04,"1,897.56"
2020-11-25,2020112504002002,NIBLPF,22,22,821,10.04,"8,242.84"
2020-11-25,2020112504001983,NIBLPF,22,56,"1,815",10.04,"18,222.60"
2020-11-25,2020112504001982,NIBLPF,22,22,"1,010",10.04,"10,140.40"
2020-11-25,2020112504001722,NIBLPF,22,49,"2,525",10.05,"25,376.25"
2020-11-25,2020112504001721,NIBLPF,22,26,505,10.05,"5,075.25"
2020-11-25,2020112504001700,NIBLPF,51,1,808,10.03,"8,104.24"
2020-11-25,2020112504001699,NIBLPF,17,1,"1,717",10.03,"17,221.51"
2020-11-25,2020112504001608,NIBLPF,17,13,758,10.03,"7,602.74"
2020-11-25,2020112504002048,NIBPO,37,54,200,370.00,"74,000.00"
2020-11-25,2020112504002047,NIBPO,52,54,200,370.00,"74,000.00"
2020-11-25,2020112504002046,NIBPO,34,54,69,370.00,"25,530.00"
2020-11-25,2020112504001761,NIBPO,34,25,"1,500",370.00,"555,000.00"
2020-11-25,2020112504001679,NIBPO,50,25,"2,000",371.00,"742,000.00"
2020-11-25,2020112504001646,NIBPO,50,16,300,374.00,"112,200.00"
2020-11-25,2020112504001884,NIBSF1,51,43,"10,000",11.02,"110,200.00"
2020-11-25,2020112504001667,NIBSF1,6,7,"5,000",11.01,"55,050.00"
2020-11-25,2020112504001666,NIBSF1,6,47,"1,000",10.99,"10,990.00"
2020-11-25,2020112504001613,NICBF,44,51,"1,000",9.85,"9,850.00"
2020-11-25,2020112504001612,NICBF,44,35,100,9.80,980.00
2020-11-25,2020112504001611,NICBF,44,50,100,9.80,980.00
2020-11-25,2020112504001595,NICBF,22,50,400,9.80,"3,920.00"
2020-11-25,2020112504001993,NICGF,44,50,"1,000",10.51,"10,510.00"
2020-11-25,2020112504001987,NICGF,44,56,"1,000",10.51,"10,510.00"
2020-11-25,2020112504001772,NICGF,6,41,700,10.50,"7,350.00"
2020-11-25,2020112504001771,NICGF,6,21,200,10.50,"2,100.00"
2020-11-25,2020112504001770,NICGF,6,38,100,10.50,"1,050.00"
2020-11-25,2020112504001653,NICGF,6,17,500,10.42,"5,210.00"
2020-11-25,2020112504001652,NICGF,6,45,100,10.42,"1,042.00"
2020-11-25,2020112504001792,NMB50,6,35,100,10.20,"1,020.00"
2020-11-25,2020112504001733,NMB50,6,47,200,10.20,"2,040.00"
2020-11-25,2020112504001999,NMBHF1,22,56,"1,656",10.15,"16,808.40"
2020-11-25,2020112504001992,NMBHF1,22,26,"1,577",10.15,"16,006.55"
2020-11-25,2020112504001937,NMBHF1,16,19,159,10.10,"1,605.90"
2020-11-25,2020112504001936,NMBHF1,34,19,673,10.10,"6,797.30"
2020-11-25,2020112504001894,NMBHF1,34,1,"2,080",10.10,"21,008.00"
2020-11-25,2020112504001604,NMBHF1,8,21,"10,000",10.20,"102,000.00"
2020-11-25,2020112504001603,NMBHF1,8,6,"1,000",10.20,"10,200.00"
2020-11-25,2020112504001602,NMBHF1,8,42,800,10.18,"8,144.00"
2020-11-25,2020112504001601,NMBHF1,8,45,"4,161",10.15,"42,234.15"
2020-11-25,2020112504001600,NMBHF1,8,6,"1,262",10.14,"12,796.68"
2020-11-25,2020112504002075,RBCLPO,25,43,20,"15,210.00","304,200.00"
2020-11-25,2020112504001885,RBCLPO,41,25,10,"15,201.00","152,010.00"
2020-11-25,2020112504002068,SAEF,32,32,"20,000",11.55,"231,000.00"
2020-11-25,2020112504002067,SAEF,32,57,"2,000",11.55,"23,100.00"
2020-11-25,2020112504002066,SAEF,32,49,"2,000",11.32,"22,640.00"
2020-11-25,2020112504002065,SAEF,32,32,"20,000",11.25,"225,000.00"
2020-11-25,2020112504002064,SAEF,32,49,"1,000",11.20,"11,200.00"
2020-11-25,2020112504002063,SAEF,32,35,100,11.18,"1,118.00"
2020-11-25,2020112504001805,SAEF,34,4,500,11.04,"5,520.00"
2020-11-25,2020112504001751,SAEF,56,41,"1,000",11.10,"11,100.00"
2020-11-25,2020112504001618,SAEF,50,17,"1,000",11.01,"11,010.00"
2020-11-25,2020112504001596,SAEF,50,34,500,11.11,"5,555.00"
2020-11-25,2020112504001942,SAEF,53,14,300,11.03,"3,309.00"
2020-11-25,2020112504001934,SAEF,21,57,"1,000",11.02,"11,020.00"
2020-11-25,2020112504001882,SAEF,50,46,"37,000",11.01,"407,370.00"
2020-11-25,2020112504001868,SAEF,34,46,"5,000",11.02,"55,100.00"
2020-11-25,2020112504001852,SAEF,34,46,"5,000",11.03,"55,150.00"
2020-11-25,2020112504001806,SAEF,34,46,"2,500",11.04,"27,600.00"
2020-11-25,2020112504002062,SAEF,32,45,500,11.15,"5,575.00"
2020-11-25,2020112504002061,SAEF,32,34,"38,000",11.10,"421,800.00"
2020-11-25,2020112504002025,SAEF,50,34,"52,000",11.01,"572,520.00"
2020-11-25,2020112504002024,SAEF,21,34,"4,000",11.02,"44,080.00"
2020-11-25,2020112504002023,SAEF,53,34,"6,000",11.05,"66,300.00"
2020-11-25,2020112504001943,SAEF,53,46,500,11.04,"5,520.00"
2020-11-25,2020112504002082,SEF,5,56,700,10.25,"7,175.00"
2020-11-25,2020112504002081,SEF,5,39,"1,000",10.25,"10,250.00"
2020-11-25,2020112504001954,SEF,11,39,"4,000",10.25,"41,000.00"
2020-11-25,2020112504001953,SEF,11,41,"1,000",10.25,"10,250.00"
2020-11-25,2020112504001875,SEF,13,25,"1,000",10.18,"10,180.00"
2020-11-25,2020112504001874,SEF,13,14,"1,000",10.18,"10,180.00"
2020-11-25,2020112504001870,SEF,36,25,"9,000",10.20,"91,800.00"
2020-11-25,2020112504001820,SEF,36,57,"1,000",10.20,"10,200.00"
2020-11-25,2020112504001819,SEF,36,57,"9,000",10.20,"91,800.00"
2020-11-25,2020112504001774,SEF,36,55,"1,000",10.20,"10,200.00"
2020-11-25,2020112504001698,SEF,6,39,"5,000",10.25,"51,250.00"
2020-11-25,2020112504001810,SFMF,50,34,100,10.50,"1,050.00"
2020-11-25,2020112504001809,SFMF,50,35,100,10.49,"1,049.00"
2020-11-25,2020112504002084,SGI,45,36,400,621.00,"248,400.00"
2020-11-25,2020112504002083,SGI,34,36,40,621.00,"24,840.00"
2020-11-25,2020112504002079,SGI,34,57,10,621.00,"6,210.00"
2020-11-25,2020112504002074,SGI,34,34,10,621.00,"6,210.00"
2020-11-25,2020112504002073,SGI,34,14,10,621.00,"6,210.00"
2020-11-25,2020112504002072,SGI,34,56,10,621.00,"6,210.00"
2020-11-25,2020112504001586,SGI,28,21,10,620.00,"6,200.00"
2020-11-25,2020112504001593,SGI,28,8,10,620.00,"6,200.00"
2020-11-25,2020112504001592,SGI,50,14,100,621.00,"62,100.00"
2020-11-25,2020112504001591,SGI,28,13,10,620.00,"6,200.00"
2020-11-25,2020112504001590,SGI,45,14,100,621.00,"62,100.00"
2020-11-25,2020112504001589,SGI,28,49,10,620.00,"6,200.00"
2020-11-25,2020112504001588,SGI,28,32,10,620.00,"6,200.00"
2020-11-25,2020112504001615,SGI,28,14,200,620.00,"124,000.00"
2020-11-25,2020112504001614,SGI,28,57,10,620.00,"6,200.00"
2020-11-25,2020112504001605,SGI,28,8,10,620.00,"6,200.00"
2020-11-25,2020112504001599,SGI,28,49,10,620.00,"6,200.00"
2020-11-25,2020112504001597,SGI,28,38,10,620.00,"6,200.00"
2020-11-25,2020112504001594,SGI,28,49,10,620.00,"6,200.00"
2020-11-25,2020112504001634,SGI,28,42,10,620.00,"6,200.00"
2020-11-25,2020112504001630,SGI,28,45,10,620.00,"6,200.00"
2020-11-25,2020112504001627,SGI,28,47,10,620.00,"6,200.00"
2020-11-25,2020112504001624,SGI,28,34,10,620.00,"6,200.00"
2020-11-25,2020112504001621,SGI,28,45,10,620.00,"6,200.00"
2020-11-25,2020112504001617,SGI,28,45,40,620.00,"24,800.00"
2020-11-25,2020112504001647,SGI,45,14,20,621.00,"12,420.00"
2020-11-25,2020112504001641,SGI,28,8,10,620.00,"6,200.00"
2020-11-25,2020112504001640,SGI,28,36,10,620.00,"6,200.00"
2020-11-25,2020112504001639,SGI,28,45,10,620.00,"6,200.00"
2020-11-25,2020112504001638,SGI,28,47,10,620.00,"6,200.00"
2020-11-25,2020112504001636,SGI,28,21,10,620.00,"6,200.00"
2020-11-25,2020112504001656,SGI,13,59,10,622.00,"6,220.00"
2020-11-25,2020112504001655,SGI,13,6,10,622.00,"6,220.00"
2020-11-25,2020112504001654,SGI,13,54,110,622.00,"68,420.00"
2020-11-25,2020112504001651,SGI,45,34,10,621.00,"6,210.00"
2020-11-25,2020112504001649,SGI,45,57,10,621.00,"6,210.00"
2020-11-25,2020112504001648,SGI,45,13,10,621.00,"6,210.00"
2020-11-25,2020112504001669,SGI,45,38,10,621.00,"6,210.00"
2020-11-25,2020112504001668,SGI,45,34,10,621.00,"6,210.00"
2020-11-25,2020112504001664,SGI,45,44,10,621.00,"6,210.00"
2020-11-25,2020112504001661,SGI,45,47,10,621.00,"6,210.00"
2020-11-25,2020112504001658,SGI,13,38,10,622.00,"6,220.00"
2020-11-25,2020112504001657,SGI,13,34,10,622.00,"6,220.00"
2020-11-25,2020112504001685,SGI,13,21,10,621.00,"6,210.00"
2020-11-25,2020112504001680,SGI,13,39,10,621.00,"6,210.00"
2020-11-25,2020112504001678,SGI,13,44,10,621.00,"6,210.00"
2020-11-25,2020112504001676,SGI,13,56,10,621.00,"6,210.00"
2020-11-25,2020112504001671,SGI,28,44,10,620.00,"6,200.00"
2020-11-25,2020112504001670,SGI,45,49,10,621.00,"6,210.00"
2020-11-25,2020112504001703,SGI,13,44,10,621.00,"6,210.00"
2020-11-25,2020112504001701,SGI,13,19,10,621.00,"6,210.00"
2020-11-25,2020112504001695,SGI,13,29,10,621.00,"6,210.00"
2020-11-25,2020112504001694,SGI,13,10,10,621.00,"6,210.00"
2020-11-25,2020112504001690,SGI,13,29,10,621.00,"6,210.00"
2020-11-25,2020112504001689,SGI,13,10,10,621.00,"6,210.00"
2020-11-25,2020112504001710,SGI,41,36,10,623.00,"6,230.00"
2020-11-25,2020112504001709,SGI,41,14,20,622.00,"12,440.00"
2020-11-25,2020112504001708,SGI,41,36,10,622.00,"6,220.00"
2020-11-25,2020112504001707,SGI,13,58,10,621.00,"6,210.00"
2020-11-25,2020112504001705,SGI,13,29,10,621.00,"6,210.00"
2020-11-25,2020112504001704,SGI,13,51,20,621.00,"12,420.00"
2020-11-25,2020112504001724,SGI,47,38,10,620.00,"6,200.00"
2020-11-25,2020112504001719,SGI,13,14,10,621.00,"6,210.00"
2020-11-25,2020112504001714,SGI,41,55,230,623.00,"143,290.00"
2020-11-25,2020112504001713,SGI,41,56,10,623.00,"6,230.00"
2020-11-25,2020112504001712,SGI,41,21,10,623.00,"6,230.00"
2020-11-25,2020112504001711,SGI,41,51,10,623.00,"6,230.00"
2020-11-25,2020112504001743,SGI,47,58,10,620.00,"6,200.00"
2020-11-25,2020112504001742,SGI,47,17,10,620.00,"6,200.00"
2020-11-25,2020112504001736,SGI,47,44,10,620.00,"6,200.00"
2020-11-25,2020112504001735,SGI,47,6,10,620.00,"6,200.00"
2020-11-25,2020112504001728,SGI,47,56,10,620.00,"6,200.00"
2020-11-25,2020112504001727,SGI,47,34,10,620.00,"6,200.00"
2020-11-25,2020112504001762,SGI,16,52,10,620.00,"6,200.00"
2020-11-25,2020112504001759,SGI,16,44,10,620.00,"6,200.00"
2020-11-25,2020112504001755,SGI,36,44,10,620.00,"6,200.00"
2020-11-25,2020112504001754,SGI,47,56,10,620.00,"6,200.00"
2020-11-25,2020112504001753,SGI,47,6,10,620.00,"6,200.00"
2020-11-25,2020112504001750,SGI,47,14,10,620.00,"6,200.00"
2020-11-25,2020112504001787,SGI,47,59,10,621.00,"6,210.00"
2020-11-25,2020112504001777,SGI,16,10,10,620.00,"6,200.00"
2020-11-25,2020112504001773,SGI,16,44,10,620.00,"6,200.00"
2020-11-25,2020112504001769,SGI,16,21,10,620.00,"6,200.00"
2020-11-25,2020112504001768,SGI,16,17,10,620.00,"6,200.00"
2020-11-25,2020112504001764,SGI,16,52,10,620.00,"6,200.00"
2020-11-25,2020112504001797,SGI,1,58,10,622.00,"6,220.00"
2020-11-25,2020112504001796,SGI,1,22,230,622.00,"143,060.00"
2020-11-25,2020112504001795,SGI,47,16,100,621.00,"62,100.00"
2020-11-25,2020112504001793,SGI,47,4,10,621.00,"6,210.00"
2020-11-25,2020112504001790,SGI,47,45,10,621.00,"6,210.00"
2020-11-25,2020112504001788,SGI,47,44,10,621.00,"6,210.00"
2020-11-25,2020112504001812,SGI,47,21,10,621.00,"6,210.00"
2020-11-25,2020112504001804,SGI,47,47,10,621.00,"6,210.00"
2020-11-25,2020112504001803,SGI,47,44,10,621.00,"6,210.00"
2020-11-25,2020112504001800,SGI,22,5,10,622.00,"6,220.00"
2020-11-25,2020112504001799,SGI,47,45,10,621.00,"6,210.00"
2020-11-25,2020112504001798,SGI,1,22,10,622.00,"6,220.00"
2020-11-25,2020112504001836,SGI,21,51,10,623.00,"6,230.00"
2020-11-25,2020112504001835,SGI,21,55,350,623.00,"218,050.00"
2020-11-25,2020112504001834,SGI,1,56,10,622.00,"6,220.00"
2020-11-25,2020112504001833,SGI,1,44,10,622.00,"6,220.00"
2020-11-25,2020112504001821,SGI,1,56,10,622.00,"6,220.00"
2020-11-25,2020112504001814,SGI,32,44,10,622.00,"6,220.00"
2020-11-25,2020112504001842,SGI,21,11,10,624.00,"6,240.00"
2020-11-25,2020112504001841,SGI,21,57,10,624.00,"6,240.00"
2020-11-25,2020112504001840,SGI,21,11,10,624.00,"6,240.00"
2020-11-25,2020112504001839,SGI,21,11,10,624.00,"6,240.00"
2020-11-25,2020112504001838,SGI,21,48,10,623.00,"6,230.00"
2020-11-25,2020112504001837,SGI,21,44,10,623.00,"6,230.00"
2020-11-25,2020112504001848,SGI,21,11,10,624.00,"6,240.00"
2020-11-25,2020112504001847,SGI,21,11,10,624.00,"6,240.00"
2020-11-25,2020112504001846,SGI,21,11,10,624.00,"6,240.00"
2020-11-25,2020112504001845,SGI,21,11,10,624.00,"6,240.00"
2020-11-25,2020112504001844,SGI,21,11,10,624.00,"6,240.00"
2020-11-25,2020112504001843,SGI,21,57,10,624.00,"6,240.00"
2020-11-25,2020112504001861,SGI,49,17,10,623.00,"6,230.00"
2020-11-25,2020112504001858,SGI,49,14,10,623.00,"6,230.00"
2020-11-25,2020112504001856,SGI,49,49,10,623.00,"6,230.00"
2020-11-25,2020112504001855,SGI,49,37,10,623.00,"6,230.00"
2020-11-25,2020112504001854,SGI,33,25,100,624.00,"62,400.00"
2020-11-25,2020112504001849,SGI,21,25,20,624.00,"12,480.00"
2020-11-25,2020112504001872,SGI,49,21,10,623.00,"6,230.00"
2020-11-25,2020112504001871,SGI,49,51,10,623.00,"6,230.00"
2020-11-25,2020112504001869,SGI,49,38,10,623.00,"6,230.00"
2020-11-25,2020112504001865,SGI,49,57,10,623.00,"6,230.00"
2020-11-25,2020112504001864,SGI,49,14,10,623.00,"6,230.00"
2020-11-25,2020112504001863,SGI,49,44,10,623.00,"6,230.00"
2020-11-25,2020112504001892,SGI,49,44,10,623.00,"6,230.00"
2020-11-25,2020112504001891,SGI,49,21,10,623.00,"6,230.00"
2020-11-25,2020112504001888,SGI,49,25,50,624.00,"31,200.00"
2020-11-25,2020112504001883,SGI,49,44,10,623.00,"6,230.00"
2020-11-25,2020112504001881,SGI,49,6,10,623.00,"6,230.00"
2020-11-25,2020112504001879,SGI,49,6,10,623.00,"6,230.00"
2020-11-25,2020112504001902,SGI,32,55,10,624.00,"6,240.00"
2020-11-25,2020112504001901,SGI,32,25,230,624.00,"143,520.00"
2020-11-25,2020112504001900,SGI,49,35,10,623.00,"6,230.00"
2020-11-25,2020112504001899,SGI,49,34,10,623.00,"6,230.00"
2020-11-25,2020112504001895,SGI,49,32,10,623.00,"6,230.00"
2020-11-25,2020112504001893,SGI,49,35,10,623.00,"6,230.00"
2020-11-25,2020112504001909,SGI,28,35,120,624.00,"74,880.00"
2020-11-25,2020112504001907,SGI,32,35,130,624.00,"81,120.00"
2020-11-25,2020112504001906,SGI,32,6,100,624.00,"62,400.00"
2020-11-25,2020112504001905,SGI,32,52,10,624.00,"6,240.00"
2020-11-25,2020112504001904,SGI,32,42,10,624.00,"6,240.00"
2020-11-25,2020112504001903,SGI,32,42,10,624.00,"6,240.00"
2020-11-25,2020112504001915,SGI,28,41,10,624.00,"6,240.00"
2020-11-25,2020112504001914,SGI,28,10,10,624.00,"6,240.00"
2020-11-25,2020112504001913,SGI,28,10,10,624.00,"6,240.00"
2020-11-25,2020112504001912,SGI,28,35,100,624.00,"62,400.00"
2020-11-25,2020112504001911,SGI,28,10,10,624.00,"6,240.00"
2020-11-25,2020112504001910,SGI,28,41,10,624.00,"6,240.00"
2020-11-25,2020112504001921,SGI,28,44,100,625.00,"62,500.00"
2020-11-25,2020112504001920,SGI,28,25,10,625.00,"6,250.00"
2020-11-25,2020112504001919,SGI,28,54,10,625.00,"6,250.00"
2020-11-25,2020112504001918,SGI,28,56,100,625.00,"62,500.00"
2020-11-25,2020112504001917,SGI,28,22,10,625.00,"6,250.00"
2020-11-25,2020112504001916,SGI,28,45,10,625.00,"6,250.00"
2020-11-25,2020112504001931,SGI,49,20,10,623.00,"6,230.00"
2020-11-25,2020112504001926,SGI,28,17,360,625.00,"225,000.00"
2020-11-25,2020112504001925,SGI,28,29,10,625.00,"6,250.00"
2020-11-25,2020112504001924,SGI,28,45,10,625.00,"6,250.00"
2020-11-25,2020112504001923,SGI,28,41,10,625.00,"6,250.00"
2020-11-25,2020112504001922,SGI,28,1,100,625.00,"62,500.00"
2020-11-25,2020112504001963,SGI,1,41,10,622.00,"6,220.00"
2020-11-25,2020112504001962,SGI,1,6,10,622.00,"6,220.00"
2020-11-25,2020112504001957,SGI,1,57,10,622.00,"6,220.00"
2020-11-25,2020112504001956,SGI,1,17,10,622.00,"6,220.00"
2020-11-25,2020112504001944,SGI,53,38,10,623.00,"6,230.00"
2020-11-25,2020112504001932,SGI,22,17,100,625.00,"62,500.00"
2020-11-25,2020112504001978,SGI,47,51,10,621.00,"6,210.00"
2020-11-25,2020112504001975,SGI,47,56,10,621.00,"6,210.00"
2020-11-25,2020112504001973,SGI,47,6,10,621.00,"6,210.00"
2020-11-25,2020112504001972,SGI,1,26,10,622.00,"6,220.00"
2020-11-25,2020112504001970,SGI,1,44,10,622.00,"6,220.00"
2020-11-25,2020112504001968,SGI,1,38,10,622.00,"6,220.00"
2020-11-25,2020112504001997,SGI,47,38,10,621.00,"6,210.00"
2020-11-25,2020112504001996,SGI,47,45,10,621.00,"6,210.00"
2020-11-25,2020112504001991,SGI,47,59,10,621.00,"6,210.00"
2020-11-25,2020112504001985,SGI,47,47,10,621.00,"6,210.00"
2020-11-25,2020112504001980,SGI,47,6,10,621.00,"6,210.00"
2020-11-25,2020112504001979,SGI,47,45,10,621.00,"6,210.00"
2020-11-25,2020112504002042,SGI,47,14,10,621.00,"6,210.00"
2020-11-25,2020112504002037,SGI,47,45,10,621.00,"6,210.00"
2020-11-25,2020112504002026,SGI,47,36,10,621.00,"6,210.00"
2020-11-25,2020112504002005,SGI,47,38,10,621.00,"6,210.00"
2020-11-25,2020112504002004,SGI,47,38,10,621.00,"6,210.00"
2020-11-25,2020112504002001,SGI,47,38,10,621.00,"6,210.00"
2020-11-25,2020112504002071,SGI,34,48,10,621.00,"6,210.00"
2020-11-25,2020112504002070,SGI,34,14,10,621.00,"6,210.00"
2020-11-25,2020112504002056,SGI,47,36,140,621.00,"86,940.00"
2020-11-25,2020112504002055,SGI,47,25,10,621.00,"6,210.00"
2020-11-25,2020112504002054,SGI,47,48,10,621.00,"6,210.00"
2020-11-25,2020112504002052,SGI,47,59,10,621.00,"6,210.00"
2020-11-25,2020112504001758,STC,28,41,15,"7,746.00","116,190.00"
2020-11-25,2020112504001740,STC,59,21,96,"7,750.00","744,000.00"
2020-11-25,2020112504001732,STC,32,21,10,"7,750.00","77,500.00"
2020-11-25,2020112504001729,STC,28,43,100,"7,749.00","774,900.00"
2020-11-25,2020112504001619,STC,49,21,26,"7,750.00","201,500.00"
2020-11-25,2020112504001585,STC,29,19,14,"7,740.00","108,360.00"
2020-11-25,2020112504001583,BBC,59,34,50,"3,950.00","197,500.00"
2020-11-25,2020112504001452,BBC,45,34,80,"3,950.00","316,000.00"
2020-11-25,2020112504001409,BBC,45,34,10,"3,950.00","39,500.00"
2020-11-25,2020112504001357,BBC,45,34,10,"3,950.00","39,500.00"
2020-11-25,2020112504001356,BBC,34,34,400,"3,950.00","1,580,000.00"
2020-11-25,2020112504001348,BBC,34,3,450,"3,950.00","1,777,500.00"
2020-11-25,2020112504001117,BBC,44,39,20,"3,950.00","79,000.00"
2020-11-25,2020112504001179,BBC,43,34,70,"3,945.00","276,150.00"
2020-11-25,2020112504001153,BBC,43,34,50,"3,950.00","197,500.00"
2020-11-25,2020112504001143,BBC,43,34,100,"3,950.00","395,000.00"
2020-11-25,2020112504001139,BBC,17,25,50,"3,950.00","197,500.00"
2020-11-25,2020112504001131,BBC,34,37,50,"3,950.00","197,500.00"
2020-11-25,2020112504001127,BBC,44,34,100,"3,950.00","395,000.00"
2020-11-25,2020112504001347,BBC,34,58,100,"3,950.00","395,000.00"
2020-11-25,2020112504001343,BBC,46,58,350,"3,950.00","1,382,500.00"
2020-11-25,2020112504001342,BBC,46,34,50,"3,950.00","197,500.00"
2020-11-25,2020112504001325,BBC,46,34,51,"3,945.00","201,195.00"
2020-11-25,2020112504001281,BBC,42,34,14,"3,945.00","55,230.00"
2020-11-25,2020112504001232,BBC,45,34,15,"3,945.00","59,175.00"
2020-11-25,2020112504001321,CMF1,43,39,200,10.00,"2,000.00"
2020-11-25,2020112504001239,CMF1,22,14,100,9.93,993.00
2020-11-25,2020112504001580,GIC,52,1,10,593.00,"5,930.00"
2020-11-25,2020112504001564,GIC,47,33,10,596.00,"5,960.00"
2020-11-25,2020112504001563,GIC,47,36,10,596.00,"5,960.00"
2020-11-25,2020112504001560,GIC,52,56,10,593.00,"5,930.00"
2020-11-25,2020112504001559,GIC,52,36,10,593.00,"5,930.00"
2020-11-25,2020112504001558,GIC,52,10,10,590.00,"5,900.00"
2020-11-25,2020112504001092,GIC,38,25,50,597.00,"29,850.00"
2020-11-25,2020112504001091,GIC,22,25,240,597.00,"143,280.00"
2020-11-25,2020112504001090,GIC,22,37,10,597.00,"5,970.00"
2020-11-25,2020112504001086,GIC,22,29,10,597.00,"5,970.00"
2020-11-25,2020112504001085,GIC,22,3,10,597.00,"5,970.00"
2020-11-25,2020112504001101,GIC,42,52,20,596.00,"11,920.00"
2020-11-25,2020112504001100,GIC,42,32,10,596.00,"5,960.00"
2020-11-25,2020112504001099,GIC,28,25,145,597.00,"86,565.00"
2020-11-25,2020112504001098,GIC,42,45,50,596.00,"29,800.00"
2020-11-25,2020112504001096,GIC,42,33,10,596.00,"5,960.00"
2020-11-25,2020112504001094,GIC,42,10,10,596.00,"5,960.00"
2020-11-25,2020112504001120,GIC,49,34,10,597.00,"5,970.00"
2020-11-25,2020112504001119,GIC,54,34,10,596.00,"5,960.00"
2020-11-25,2020112504001118,GIC,54,58,10,596.00,"5,960.00"
2020-11-25,2020112504001113,GIC,42,29,10,596.00,"5,960.00"
2020-11-25,2020112504001112,GIC,42,56,10,596.00,"5,960.00"
2020-11-25,2020112504001103,GIC,28,29,10,597.00,"5,970.00"
2020-11-25,2020112504001142,GIC,36,29,10,598.00,"5,980.00"
2020-11-25,2020112504001141,GIC,51,19,10,597.00,"5,970.00"
2020-11-25,2020112504001130,GIC,51,56,10,597.00,"5,970.00"
2020-11-25,2020112504001123,GIC,51,56,10,597.00,"5,970.00"
2020-11-25,2020112504001122,GIC,51,32,10,597.00,"5,970.00"
2020-11-25,2020112504001121,GIC,49,32,90,597.00,"53,730.00"
2020-11-25,2020112504001155,GIC,36,25,10,598.00,"5,980.00"
2020-11-25,2020112504001152,GIC,55,22,10,600.00,"6,000.00"
2020-11-25,2020112504001151,GIC,55,57,15,600.00,"9,000.00"
2020-11-25,2020112504001150,GIC,55,42,10,599.00,"5,990.00"
2020-11-25,2020112504001149,GIC,55,42,10,599.00,"5,990.00"
2020-11-25,2020112504001148,GIC,36,1,10,598.00,"5,980.00"
2020-11-25,2020112504001186,GIC,34,48,60,598.00,"35,880.00"
2020-11-25,2020112504001178,GIC,34,25,10,598.00,"5,980.00"
2020-11-25,2020112504001167,GIC,28,56,10,597.00,"5,970.00"
2020-11-25,2020112504001164,GIC,28,49,70,597.00,"41,790.00"
2020-11-25,2020112504001163,GIC,51,49,10,597.00,"5,970.00"
2020-11-25,2020112504001157,GIC,36,49,10,598.00,"5,980.00"
2020-11-25,2020112504001208,GIC,28,57,10,597.00,"5,970.00"
2020-11-25,2020112504001206,GIC,28,45,10,597.00,"5,970.00"
2020-11-25,2020112504001199,GIC,28,57,10,597.00,"5,970.00"
2020-11-25,2020112504001190,GIC,28,34,10,597.00,"5,970.00"
2020-11-25,2020112504001189,GIC,28,47,10,597.00,"5,970.00"
2020-11-25,2020112504001188,GIC,28,5,10,597.00,"5,970.00"
2020-11-25,2020112504001220,GIC,28,38,10,597.00,"5,970.00"
2020-11-25,2020112504001218,GIC,28,25,10,597.00,"5,970.00"
2020-11-25,2020112504001217,GIC,28,51,10,597.00,"5,970.00"
2020-11-25,2020112504001215,GIC,28,36,10,597.00,"5,970.00"
2020-11-25,2020112504001211,GIC,55,48,40,598.00,"23,920.00"
2020-11-25,2020112504001210,GIC,28,48,37,597.00,"22,089.00"
2020-11-25,2020112504001244,GIC,49,58,10,599.00,"5,990.00"
2020-11-25,2020112504001242,GIC,26,35,10,599.00,"5,990.00"
2020-11-25,2020112504001237,GIC,42,5,10,598.00,"5,980.00"
2020-11-25,2020112504001235,GIC,49,46,10,598.00,"5,980.00"
2020-11-25,2020112504001234,GIC,49,35,10,598.00,"5,980.00"
2020-11-25,2020112504001224,GIC,28,28,10,597.00,"5,970.00"
2020-11-25,2020112504001262,GIC,33,10,10,599.00,"5,990.00"
2020-11-25,2020112504001255,GIC,33,44,10,599.00,"5,990.00"
2020-11-25,2020112504001248,GIC,49,22,10,599.00,"5,990.00"
2020-11-25,2020112504001247,GIC,49,42,10,599.00,"5,990.00"
2020-11-25,2020112504001246,GIC,49,42,10,599.00,"5,990.00"
2020-11-25,2020112504001245,GIC,49,25,100,599.00,"59,900.00"
2020-11-25,2020112504001269,GIC,28,21,10,600.00,"6,000.00"
2020-11-25,2020112504001268,GIC,28,34,10,600.00,"6,000.00"
2020-11-25,2020112504001267,GIC,28,51,10,600.00,"6,000.00"
2020-11-25,2020112504001266,GIC,28,21,10,600.00,"6,000.00"
2020-11-25,2020112504001264,GIC,33,45,10,599.00,"5,990.00"
2020-11-25,2020112504001263,GIC,33,37,10,599.00,"5,990.00"
2020-11-25,2020112504001276,GIC,7,21,10,600.00,"6,000.00"
2020-11-25,2020112504001274,GIC,28,6,20,600.00,"12,000.00"
2020-11-25,2020112504001273,GIC,28,57,10,600.00,"6,000.00"
2020-11-25,2020112504001272,GIC,28,37,10,600.00,"6,000.00"
2020-11-25,2020112504001271,GIC,28,10,10,600.00,"6,000.00"
2020-11-25,2020112504001270,GIC,28,21,10,600.00,"6,000.00"
2020-11-25,2020112504001292,GIC,42,45,10,598.00,"5,980.00"
2020-11-25,2020112504001289,GIC,42,37,10,598.00,"5,980.00"
2020-11-25,2020112504001284,GIC,33,49,90,599.00,"53,910.00"
2020-11-25,2020112504001279,GIC,33,56,10,599.00,"5,990.00"
2020-11-25,2020112504001278,GIC,7,28,180,600.00,"108,000.00"
2020-11-25,2020112504001277,GIC,7,42,10,600.00,"6,000.00"
2020-11-25,2020112504001309,GIC,59,5,10,599.00,"5,990.00"
2020-11-25,2020112504001308,GIC,59,35,10,599.00,"5,990.00"
2020-11-25,2020112504001307,GIC,59,22,10,599.00,"5,990.00"
2020-11-25,2020112504001306,GIC,59,49,10,599.00,"5,990.00"
2020-11-25,2020112504001303,GIC,42,33,30,598.00,"17,940.00"
2020-11-25,2020112504001302,GIC,42,38,10,598.00,"5,980.00"
2020-11-25,2020112504001322,GIC,42,10,10,598.00,"5,980.00"
2020-11-25,2020112504001320,GIC,32,58,10,599.00,"5,990.00"
2020-11-25,2020112504001319,GIC,32,47,90,599.00,"53,910.00"
2020-11-25,2020112504001317,GIC,42,29,10,598.00,"5,980.00"
2020-11-25,2020112504001315,GIC,42,42,30,598.00,"17,940.00"
2020-11-25,2020112504001313,GIC,59,10,10,599.00,"5,990.00"
2020-11-25,2020112504001341,GIC,42,34,10,598.00,"5,980.00"
2020-11-25,2020112504001338,GIC,42,42,10,598.00,"5,980.00"
2020-11-25,2020112504001331,GIC,42,1,10,598.00,"5,980.00"
2020-11-25,2020112504001329,GIC,42,28,10,598.00,"5,980.00"
2020-11-25,2020112504001327,GIC,42,10,10,598.00,"5,980.00"
2020-11-25,2020112504001326,GIC,42,8,10,598.00,"5,980.00"
2020-11-25,2020112504001363,GIC,42,25,50,598.00,"29,900.00"
2020-11-25,2020112504001362,GIC,42,4,10,598.00,"5,980.00"
2020-11-25,2020112504001360,GIC,42,58,10,598.00,"5,980.00"
2020-11-25,2020112504001352,GIC,42,36,10,598.00,"5,980.00"
2020-11-25,2020112504001350,GIC,42,36,110,598.00,"65,780.00"
2020-11-25,2020112504001345,GIC,42,35,10,598.00,"5,980.00"
2020-11-25,2020112504001384,GIC,42,57,80,598.00,"47,840.00"
2020-11-25,2020112504001382,GIC,42,57,10,598.00,"5,980.00"
2020-11-25,2020112504001377,GIC,42,57,10,598.00,"5,980.00"
2020-11-25,2020112504001373,GIC,42,8,10,598.00,"5,980.00"
2020-11-25,2020112504001370,GIC,37,49,50,599.00,"29,950.00"
2020-11-25,2020112504001367,GIC,42,34,10,598.00,"5,980.00"
2020-11-25,2020112504001428,GIC,28,34,243,597.00,"145,071.00"
2020-11-25,2020112504001423,GIC,28,28,10,597.00,"5,970.00"
2020-11-25,2020112504001413,GIC,25,57,20,598.00,"11,960.00"
2020-11-25,2020112504001406,GIC,28,8,10,597.00,"5,970.00"
2020-11-25,2020112504001405,GIC,28,37,10,597.00,"5,970.00"
2020-11-25,2020112504001385,GIC,53,57,100,598.00,"59,800.00"
2020-11-25,2020112504001440,GIC,34,49,50,596.00,"29,800.00"
2020-11-25,2020112504001438,GIC,34,42,10,596.00,"5,960.00"
2020-11-25,2020112504001437,GIC,54,16,10,596.00,"5,960.00"
2020-11-25,2020112504001432,GIC,54,21,10,596.00,"5,960.00"
2020-11-25,2020112504001431,GIC,54,17,10,596.00,"5,960.00"
2020-11-25,2020112504001429,GIC,45,34,100,597.00,"59,700.00"
2020-11-25,2020112504001448,GIC,32,14,90,597.00,"53,730.00"
2020-11-25,2020112504001445,GIC,34,28,10,596.00,"5,960.00"
2020-11-25,2020112504001444,GIC,32,34,100,597.00,"59,700.00"
2020-11-25,2020112504001443,GIC,34,25,10,596.00,"5,960.00"
2020-11-25,2020112504001442,GIC,34,1,10,596.00,"5,960.00"
2020-11-25,2020112504001441,GIC,59,34,50,597.00,"29,850.00"
2020-11-25,2020112504001468,GIC,51,21,10,597.00,"5,970.00"
2020-11-25,2020112504001461,GIC,51,29,10,597.00,"5,970.00"
