Date,Transact. No.,Symbol,Buyer,Seller,Quantity,Rate,Amount
2019-10-24,2019102401004123,ADBL,10,46,23,414.00,"9,522.00"
2019-10-24,2019102401004122,ADBL,53,46,177,414.00,"73,278.00"
2019-10-24,2019102401004092,ADBL,53,25,170,414.00,"70,380.00"
2019-10-24,2019102401004369,AKBSL,57,50,65,408.00,"26,520.00"
2019-10-24,2019102401004368,AKBSL,48,50,25,409.00,"10,225.00"
2019-10-24,2019102401003950,AKBSL,57,47,10,408.00,"4,080.00"
2019-10-24,2019102401003945,AKBSL,57,47,10,408.00,"4,080.00"
2019-10-24,2019102401004290,AKJCL,49,55,41,53.00,"2,173.00"
2019-10-24,2019102401004191,AKJCL,56,55,59,53.00,"3,127.00"
2019-10-24,2019102401004190,AKJCL,56,55,41,53.00,"2,173.00"
2019-10-24,2019102401004145,AKJCL,59,55,20,53.00,"1,060.00"
2019-10-24,2019102401004144,AKJCL,56,55,500,53.00,"26,500.00"
2019-10-24,2019102401004131,AKPL,45,19,480,130.00,"62,400.00"
2019-10-24,2019102401004101,AKPL,41,19,100,131.00,"13,100.00"
2019-10-24,2019102401003968,AKPL,41,19,100,133.00,"13,300.00"
2019-10-24,2019102401004384,ALICL,28,36,94,315.00,"29,610.00"
2019-10-24,2019102401004120,ALICL,28,34,22,315.00,"6,930.00"
2019-10-24,2019102401004119,ALICL,6,34,39,315.00,"12,285.00"
2019-10-24,2019102401004269,API,25,41,90,112.00,"10,080.00"
2019-10-24,2019102401004256,API,41,34,500,111.00,"55,500.00"
2019-10-24,2019102401004109,API,41,51,146,111.00,"16,206.00"
2019-10-24,2019102401004108,API,3,51,50,111.00,"5,550.00"
2019-10-24,2019102401004107,API,48,51,100,111.00,"11,100.00"
2019-10-24,2019102401004106,API,57,51,50,111.00,"5,550.00"
2019-10-24,2019102401004105,API,55,51,54,111.00,"5,994.00"
2019-10-24,2019102401004017,API,41,41,200,112.00,"22,400.00"
2019-10-24,2019102401004253,BNT,39,33,10,"6,324.00","63,240.00"
2019-10-24,2019102401004090,BNT,33,33,10,"6,324.00","63,240.00"
2019-10-24,2019102401004014,BNT,55,17,20,"6,300.00","126,000.00"
2019-10-24,2019102401004441,BOKL,44,5,884,227.00,"200,668.00"
2019-10-24,2019102401004440,BOKL,26,5,100,227.00,"22,700.00"
2019-10-24,2019102401004439,BOKL,52,5,200,228.00,"45,600.00"
2019-10-24,2019102401004438,BOKL,51,5,150,228.00,"34,200.00"
2019-10-24,2019102401004437,BOKL,37,5,20,228.00,"4,560.00"
2019-10-24,2019102401004436,BOKL,26,5,300,228.00,"68,400.00"
2019-10-24,2019102401004429,BOKL,32,5,100,229.00,"22,900.00"
2019-10-24,2019102401004383,BOKL,14,38,970,230.00,"223,100.00"
2019-10-24,2019102401004382,BOKL,14,22,30,230.00,"6,900.00"
2019-10-24,2019102401004132,BOKL,37,22,100,230.00,"23,000.00"
2019-10-24,2019102401004435,BOKL,45,5,210,228.00,"47,880.00"
2019-10-24,2019102401004434,BOKL,26,5,"1,000",228.00,"228,000.00"
2019-10-24,2019102401004433,BOKL,25,5,100,228.00,"22,800.00"
2019-10-24,2019102401004432,BOKL,57,5,100,228.00,"22,800.00"
2019-10-24,2019102401004431,BOKL,51,5,100,228.00,"22,800.00"
2019-10-24,2019102401004430,BOKL,49,5,"1,736",228.00,"395,808.00"
2019-10-24,2019102401004252,BPCL,33,54,17,368.00,"6,256.00"
2019-10-24,2019102401004251,BPCL,33,39,33,367.00,"12,111.00"
2019-10-24,2019102401004229,CBBL,25,45,50,971.00,"48,550.00"
2019-10-24,2019102401004312,CBL,32,42,170,143.00,"24,310.00"
2019-10-24,2019102401004224,CBL,51,56,182,142.00,"25,844.00"
2019-10-24,2019102401004196,CBL,43,42,10,143.00,"1,430.00"
2019-10-24,2019102401004133,CBL,51,52,94,142.00,"13,348.00"
2019-10-24,2019102401004024,CBL,10,42,200,143.00,"28,600.00"
2019-10-24,2019102401004023,CBL,58,42,100,143.00,"14,300.00"
2019-10-24,2019102401004022,CBL,8,42,"1,000",143.00,"143,000.00"
2019-10-24,2019102401004201,CCBL,49,48,53,157.00,"8,321.00"
2019-10-24,2019102401004194,CCBL,49,32,"1,000",157.00,"157,000.00"
2019-10-24,2019102401004176,CCBL,50,46,119,156.00,"18,564.00"
2019-10-24,2019102401004175,CCBL,49,46,111,156.00,"17,316.00"
2019-10-24,2019102401004360,CFCL,55,25,35,115.00,"4,025.00"
2019-10-24,2019102401004359,CFCL,55,25,200,114.00,"22,800.00"
2019-10-24,2019102401004358,CFCL,55,42,200,114.00,"22,800.00"
2019-10-24,2019102401004357,CFCL,55,25,165,113.00,"18,645.00"
2019-10-24,2019102401004091,CHCL,54,56,28,417.00,"11,676.00"
2019-10-24,2019102401003993,CHCL,21,56,22,418.00,"9,196.00"
2019-10-24,2019102401004406,CZBIL,28,1,22,197.00,"4,334.00"
2019-10-24,2019102401004405,CZBIL,28,28,978,197.00,"192,666.00"
2019-10-24,2019102401004371,CZBIL,6,28,22,197.00,"4,334.00"
2019-10-24,2019102401004370,CZBIL,6,44,478,197.00,"94,166.00"
2019-10-24,2019102401004243,CZBIL,6,13,297,196.00,"58,212.00"
2019-10-24,2019102401004068,CZBIL,44,13,498,195.00,"97,110.00"
2019-10-24,2019102401004067,CZBIL,55,13,57,196.00,"11,172.00"
2019-10-24,2019102401004066,CZBIL,45,13,61,196.00,"11,956.00"
2019-10-24,2019102401004261,DDBL,49,33,172,730.00,"125,560.00"
2019-10-24,2019102401004173,DDBL,49,50,100,730.00,"73,000.00"
2019-10-24,2019102401004227,EBL,26,35,100,557.00,"55,700.00"
2019-10-24,2019102401004099,EBL,26,44,325,557.00,"181,025.00"
2019-10-24,2019102401004070,EBL,58,44,20,557.00,"11,140.00"
2019-10-24,2019102401004011,EBL,45,44,100,557.00,"55,700.00"
2019-10-24,2019102401003966,EBL,6,44,300,557.00,"167,100.00"
2019-10-24,2019102401003947,EBL,47,44,100,557.00,"55,700.00"
2019-10-24,2019102401004339,EDBL,56,57,100,270.00,"27,000.00"
2019-10-24,2019102401004100,EIC,14,25,45,231.00,"10,395.00"
2019-10-24,2019102401004390,FMDBL,42,49,40,315.00,"12,600.00"
2019-10-24,2019102401004389,FMDBL,49,49,60,315.00,"18,900.00"
2019-10-24,2019102401004354,FMDBL,57,58,10,319.00,"3,190.00"
2019-10-24,2019102401004353,FMDBL,57,45,18,318.00,"5,724.00"
2019-10-24,2019102401004352,FMDBL,57,45,18,318.00,"5,724.00"
2019-10-24,2019102401004372,FOWAD,16,54,10,"1,290.00","12,900.00"
2019-10-24,2019102401004324,FOWAD,16,50,14,"1,290.00","18,060.00"
2019-10-24,2019102401004323,FOWAD,16,33,20,"1,290.00","25,800.00"
2019-10-24,2019102401004265,FOWAD,16,56,10,"1,290.00","12,900.00"
2019-10-24,2019102401004258,FOWAD,16,59,80,"1,290.00","103,200.00"
2019-10-24,2019102401004209,FOWAD,16,33,50,"1,290.00","64,500.00"
2019-10-24,2019102401003979,GBBL,39,22,90,219.00,"19,710.00"
2019-10-24,2019102401003978,GBBL,39,33,300,219.00,"65,700.00"
2019-10-24,2019102401003977,GBBL,39,14,500,219.00,"109,500.00"
2019-10-24,2019102401003976,GBBL,39,39,50,219.00,"10,950.00"
2019-10-24,2019102401003975,GBBL,39,39,300,219.00,"65,700.00"
2019-10-24,2019102401003974,GBBL,39,14,200,219.00,"43,800.00"
2019-10-24,2019102401003973,GBBL,39,39,171,219.00,"37,449.00"
2019-10-24,2019102401003972,GBBL,39,45,820,218.00,"178,760.00"
2019-10-24,2019102401004395,GBLBS,18,38,130,315.00,"40,950.00"
2019-10-24,2019102401004117,GBLBS,6,33,100,313.00,"31,300.00"
2019-10-24,2019102401004116,GBLBS,47,33,50,314.00,"15,700.00"
2019-10-24,2019102401004115,GBLBS,21,33,70,314.00,"21,980.00"
2019-10-24,2019102401004114,GBLBS,8,33,225,314.00,"70,650.00"
2019-10-24,2019102401004311,GLICL,16,26,30,360.00,"10,800.00"
2019-10-24,2019102401004069,GLICL,16,47,168,360.00,"60,480.00"
2019-10-24,2019102401004391,GRDBL,43,47,10,104.00,"1,040.00"
2019-10-24,2019102401004393,GUFL,6,7,20,113.00,"2,260.00"
2019-10-24,2019102401004205,HBL,35,22,20,507.00,"10,140.00"
2019-10-24,2019102401004151,HBL,22,8,70,505.00,"35,350.00"
2019-10-24,2019102401004150,HBL,49,8,430,505.00,"217,150.00"
2019-10-24,2019102401004087,HBL,49,8,70,505.00,"35,350.00"
2019-10-24,2019102401004086,HBL,50,8,430,505.00,"217,150.00"
2019-10-24,2019102401004065,HBL,22,8,100,506.00,"50,600.00"
2019-10-24,2019102401004064,HBL,58,8,10,506.00,"5,060.00"
2019-10-24,2019102401004276,HDL,38,5,100,"1,470.00","147,000.00"
2019-10-24,2019102401004289,HGI,42,51,150,275.00,"41,250.00"
2019-10-24,2019102401004288,HGI,55,51,98,275.00,"26,950.00"
2019-10-24,2019102401004287,HGI,51,51,20,276.00,"5,520.00"
2019-10-24,2019102401003954,HGI,55,58,400,275.00,"110,000.00"
2019-10-24,2019102401004337,IGI,49,28,"1,866",283.00,"528,078.00"
2019-10-24,2019102401004279,IGI,49,28,134,283.00,"37,922.00"
2019-10-24,2019102401003960,ILBS,48,43,10,417.00,"4,170.00"
2019-10-24,2019102401004442,JBBL,35,26,10,160.00,"1,600.00"
2019-10-24,2019102401004373,KBL,25,45,10,186.00,"1,860.00"
2019-10-24,2019102401004364,KBL,49,13,"1,461",185.00,"270,285.00"
2019-10-24,2019102401004363,KBL,54,13,39,185.00,"7,215.00"
2019-10-24,2019102401004051,KBL,54,43,161,185.00,"29,785.00"
2019-10-24,2019102401004050,KBL,11,43,39,185.00,"7,215.00"
2019-10-24,2019102401004045,KSBBL,13,32,663,145.00,"96,135.00"
2019-10-24,2019102401004242,LBL,49,39,846,220.00,"186,120.00"
2019-10-24,2019102401004241,LBL,49,25,500,220.00,"110,000.00"
2019-10-24,2019102401004240,LBL,49,39,"2,000",220.00,"440,000.00"
2019-10-24,2019102401004239,LBL,49,34,750,220.00,"165,000.00"
2019-10-24,2019102401004238,LBL,49,38,"2,000",219.00,"438,000.00"
2019-10-24,2019102401004237,LBL,49,43,500,219.00,"109,500.00"
2019-10-24,2019102401004236,LBL,49,17,670,219.00,"146,730.00"
2019-10-24,2019102401004235,LBL,49,32,200,218.00,"43,600.00"
2019-10-24,2019102401004234,LBL,49,32,400,218.00,"87,200.00"
2019-10-24,2019102401004294,LGIL,37,17,10,318.00,"3,180.00"
2019-10-24,2019102401004148,LGIL,47,17,50,324.00,"16,200.00"
2019-10-24,2019102401004341,LICN,19,22,50,"1,000.00","50,000.00"
2019-10-24,2019102401004397,MBL,35,34,100,230.00,"23,000.00"
2019-10-24,2019102401004300,MBL,35,52,"1,000",230.00,"230,000.00"
2019-10-24,2019102401004162,MBL,35,57,"1,000",230.00,"230,000.00"
2019-10-24,2019102401004161,MBL,35,45,300,230.00,"69,000.00"
2019-10-24,2019102401004160,MBL,35,5,"1,000",230.00,"230,000.00"
2019-10-24,2019102401004159,MBL,35,57,315,230.00,"72,450.00"
2019-10-24,2019102401004394,MEGA,14,25,200,200.00,"40,000.00"
2019-10-24,2019102401004388,MEGA,34,11,100,201.00,"20,100.00"
2019-10-24,2019102401004375,MEGA,14,25,200,200.00,"40,000.00"
2019-10-24,2019102401004013,MEGA,14,11,78,200.00,"15,600.00"
2019-10-24,2019102401004012,MEGA,14,11,22,200.00,"4,400.00"
2019-10-24,2019102401003970,MEGA,41,48,17,202.00,"3,434.00"
2019-10-24,2019102401003969,MEGA,41,25,133,201.00,"26,733.00"
2019-10-24,2019102401004188,MEGA,14,44,500,200.00,"100,000.00"
2019-10-24,2019102401004187,MEGA,14,39,32,200.00,"6,400.00"
2019-10-24,2019102401004039,MEGA,32,11,100,201.00,"20,100.00"
2019-10-24,2019102401004342,MEGA,14,25,500,200.00,"100,000.00"
2019-10-24,2019102401004206,MEGA,10,11,100,201.00,"20,100.00"
2019-10-24,2019102401004401,MERO,29,1,200,561.00,"112,200.00"
2019-10-24,2019102401004031,MERO,41,52,83,560.00,"46,480.00"
2019-10-24,2019102401004030,MERO,22,52,50,560.00,"28,000.00"
2019-10-24,2019102401004029,MERO,43,52,50,560.00,"28,000.00"
2019-10-24,2019102401004028,MERO,45,52,50,560.00,"28,000.00"
2019-10-24,2019102401004284,MLBL,14,21,20,214.00,"4,280.00"
2019-10-24,2019102401004283,MLBL,14,45,980,213.00,"208,740.00"
2019-10-24,2019102401004215,MLBL,58,45,20,213.00,"4,260.00"
2019-10-24,2019102401004338,MNBBL,39,48,150,311.00,"46,650.00"
2019-10-24,2019102401004037,MNBBL,35,47,600,312.00,"187,200.00"
2019-10-24,2019102401004036,MNBBL,35,22,150,312.00,"46,800.00"
2019-10-24,2019102401004035,MNBBL,35,14,250,312.00,"78,000.00"
2019-10-24,2019102401004392,NABIL,58,44,10,768.00,"7,680.00"
2019-10-24,2019102401004293,NABIL,41,58,100,755.00,"75,500.00"
2019-10-24,2019102401004273,NABIL,34,58,100,755.00,"75,500.00"
2019-10-24,2019102401004270,NABIL,26,58,27,755.00,"20,385.00"
2019-10-24,2019102401004266,NABIL,14,58,100,755.00,"75,500.00"
2019-10-24,2019102401004254,NABIL,25,58,100,755.00,"75,500.00"
2019-10-24,2019102401003995,NABIL,39,58,174,759.00,"132,066.00"
2019-10-24,2019102401003994,NABIL,52,58,30,759.00,"22,770.00"
2019-10-24,2019102401003943,NABIL,35,58,176,760.00,"133,760.00"
2019-10-24,2019102401004001,NABIL,25,58,100,757.00,"75,700.00"
2019-10-24,2019102401004000,NABIL,34,58,100,757.00,"75,700.00"
2019-10-24,2019102401003999,NABIL,39,58,400,757.00,"302,800.00"
2019-10-24,2019102401003998,NABIL,41,58,10,758.00,"7,580.00"
2019-10-24,2019102401003997,NABIL,26,58,100,758.00,"75,800.00"
2019-10-24,2019102401003996,NABIL,11,58,100,759.00,"75,900.00"
2019-10-24,2019102401004046,NABIL,35,58,516,755.00,"389,580.00"
2019-10-24,2019102401004026,NABIL,36,58,50,755.00,"37,750.00"
2019-10-24,2019102401004005,NABIL,38,58,200,755.00,"151,000.00"
2019-10-24,2019102401004004,NABIL,39,58,100,755.00,"75,500.00"
2019-10-24,2019102401004003,NABIL,25,58,100,756.00,"75,600.00"
2019-10-24,2019102401004002,NABIL,39,58,20,756.00,"15,120.00"
2019-10-24,2019102401004245,NABIL,11,58,100,755.00,"75,500.00"
2019-10-24,2019102401004228,NABIL,21,58,50,755.00,"37,750.00"
2019-10-24,2019102401004225,NABIL,5,58,200,755.00,"151,000.00"
2019-10-24,2019102401004185,NABIL,17,58,200,755.00,"151,000.00"
2019-10-24,2019102401004063,NABIL,45,58,15,755.00,"11,325.00"
2019-10-24,2019102401004055,NABIL,35,58,20,755.00,"15,100.00"
2019-10-24,2019102401004306,NADEP,39,49,20,400.00,"8,000.00"
2019-10-24,2019102401004305,NADEP,7,49,16,400.00,"6,400.00"
2019-10-24,2019102401004260,NADEP,7,42,10,400.00,"4,000.00"
2019-10-24,2019102401004428,NBL,33,48,50,320.00,"16,000.00"
2019-10-24,2019102401004398,NBL,6,22,40,318.00,"12,720.00"
2019-10-24,2019102401004277,NBL,32,22,10,319.00,"3,190.00"
2019-10-24,2019102401004271,NBL,17,22,50,319.00,"15,950.00"
2019-10-24,2019102401004223,NBL,43,48,10,320.00,"3,200.00"
2019-10-24,2019102401004104,NBL,17,45,950,319.00,"303,050.00"
2019-10-24,2019102401004103,NBL,56,45,50,319.00,"15,950.00"
2019-10-24,2019102401004102,NBL,44,45,"2,000",319.00,"638,000.00"
2019-10-24,2019102401004062,NBL,39,48,20,320.00,"6,400.00"
2019-10-24,2019102401004374,NCCB,50,48,"1,300",202.00,"262,600.00"
2019-10-24,2019102401004329,NCCB,33,25,20,203.00,"4,060.00"
2019-10-24,2019102401004325,NCCB,50,34,158,202.00,"31,916.00"
2019-10-24,2019102401004207,NCCB,50,46,483,202.00,"97,566.00"
2019-10-24,2019102401004171,NCCB,50,50,"1,000",202.00,"202,000.00"
2019-10-24,2019102401004097,NCCB,54,48,"1,000",202.00,"202,000.00"
2019-10-24,2019102401004096,NCCB,13,48,300,202.00,"60,600.00"
2019-10-24,2019102401004095,NCCB,50,48,900,202.00,"181,800.00"
2019-10-24,2019102401003953,NCCB,50,25,20,203.00,"4,060.00"
2019-10-24,2019102401003952,NCCB,50,48,500,203.00,"101,500.00"
2019-10-24,2019102401003951,NCCB,50,17,480,203.00,"97,440.00"
2019-10-24,2019102401003980,NGPL,44,20,10,100.00,"1,000.00"
2019-10-24,2019102401004180,NIB,13,35,650,445.00,"289,250.00"
2019-10-24,2019102401004179,NIB,6,35,50,445.00,"22,250.00"
2019-10-24,2019102401004403,NICA,35,44,556,411.00,"228,516.00"
2019-10-24,2019102401004367,NICA,42,29,12,412.00,"4,944.00"
2019-10-24,2019102401004366,NICA,25,33,500,414.00,"207,000.00"
2019-10-24,2019102401004365,NICA,25,33,500,414.00,"207,000.00"
2019-10-24,2019102401004333,NICA,42,8,188,412.00,"77,456.00"
2019-10-24,2019102401004332,NICA,35,8,812,412.00,"334,544.00"
2019-10-24,2019102401004076,NICA,35,8,"1,028",411.00,"422,508.00"
2019-10-24,2019102401004075,NICA,48,57,100,410.00,"41,000.00"
2019-10-24,2019102401004082,NICA,35,42,100,412.00,"41,200.00"
2019-10-24,2019102401004081,NICA,35,46,110,412.00,"45,320.00"
2019-10-24,2019102401004080,NICA,35,34,35,412.00,"14,420.00"
2019-10-24,2019102401004079,NICA,35,25,490,412.00,"201,880.00"
2019-10-24,2019102401004078,NICA,35,41,500,411.00,"205,500.00"
2019-10-24,2019102401004077,NICA,35,8,"1,000",411.00,"411,000.00"
2019-10-24,2019102401004308,NICA,35,36,500,412.00,"206,000.00"
2019-10-24,2019102401004250,NICA,49,8,200,413.00,"82,600.00"
2019-10-24,2019102401004149,NICA,35,47,25,412.00,"10,300.00"
2019-10-24,2019102401004085,NICA,35,41,50,412.00,"20,600.00"
2019-10-24,2019102401004084,NICA,35,58,50,412.00,"20,600.00"
2019-10-24,2019102401004083,NICA,35,58,300,412.00,"123,600.00"
2019-10-24,2019102401004322,NICA,35,22,100,413.00,"41,300.00"
2019-10-24,2019102401004321,NICA,35,33,250,413.00,"103,250.00"
2019-10-24,2019102401004320,NICA,35,41,500,413.00,"206,500.00"
2019-10-24,2019102401004319,NICA,35,28,500,413.00,"206,500.00"
2019-10-24,2019102401004318,NICA,35,41,"1,500",413.00,"619,500.00"
2019-10-24,2019102401004317,NICA,35,8,337,413.00,"139,181.00"
2019-10-24,2019102401004400,NIL,42,55,130,370.00,"48,100.00"
2019-10-24,2019102401004399,NIL,49,55,370,370.00,"136,900.00"
2019-10-24,2019102401003992,NIL,49,49,"11,300",375.00,"4,237,500.00"
2019-10-24,2019102401003991,NIL,49,25,100,375.00,"37,500.00"
2019-10-24,2019102401003990,NIL,49,45,100,375.00,"37,500.00"
2019-10-24,2019102401003989,NIL,49,13,100,375.00,"37,500.00"
2019-10-24,2019102401003988,NIL,49,39,100,375.00,"37,500.00"
2019-10-24,2019102401003987,NIL,49,54,100,374.00,"37,400.00"
2019-10-24,2019102401003986,NIL,49,51,98,373.00,"36,554.00"
2019-10-24,2019102401003985,NIL,49,43,200,372.00,"74,400.00"
2019-10-24,2019102401004275,NLG,49,25,10,561.00,"5,610.00"
2019-10-24,2019102401004336,NLIC,5,13,50,800.00,"40,000.00"
2019-10-24,2019102401004335,NLIC,7,13,40,800.00,"32,000.00"
2019-10-24,2019102401004334,NLIC,29,13,46,800.00,"36,800.00"
2019-10-24,2019102401004255,NLIC,6,14,15,801.00,"12,015.00"
2019-10-24,2019102401004214,NLIC,29,56,54,800.00,"43,200.00"
2019-10-24,2019102401004071,NLIC,4,39,22,800.00,"17,600.00"
2019-10-24,2019102401004379,NLICL,44,56,500,455.00,"227,500.00"
2019-10-24,2019102401004378,NLICL,10,56,50,455.00,"22,750.00"
2019-10-24,2019102401004282,NLICL,43,44,10,458.00,"4,580.00"
2019-10-24,2019102401004281,NLICL,43,56,27,457.00,"12,339.00"
2019-10-24,2019102401004202,NLICL,16,56,180,457.00,"82,260.00"
2019-10-24,2019102401004182,NLICL,16,28,820,455.00,"373,100.00"
2019-10-24,2019102401004113,NLICL,32,53,100,456.00,"45,600.00"
2019-10-24,2019102401004010,NLICL,14,53,50,456.00,"22,800.00"
2019-10-24,2019102401004140,NMBHF1,58,1,"10,000",8.70,"87,000.00"
2019-10-24,2019102401003971,NMBHF1,56,1,"10,000",8.70,"87,000.00"
2019-10-24,2019102401004033,NMBMF,8,45,37,535.00,"19,795.00"
2019-10-24,2019102401003981,NMBMF,49,45,63,535.00,"33,705.00"
2019-10-24,2019102401003955,NMBMF,49,45,50,535.00,"26,750.00"
2019-10-24,2019102401004186,NMFBS,33,14,15,"1,749.00","26,235.00"
2019-10-24,2019102401004152,NMFBS,33,52,50,"1,740.00","87,000.00"
2019-10-24,2019102401004386,NTC,43,59,10,632.00,"6,320.00"
2019-10-24,2019102401004385,NTC,43,19,10,631.00,"6,310.00"
2019-10-24,2019102401004094,NUBL,49,28,444,870.00,"386,280.00"
2019-10-24,2019102401004093,NUBL,7,28,10,871.00,"8,710.00"
2019-10-24,2019102401004347,PCBL,36,53,500,265.00,"132,500.00"
2019-10-24,2019102401004247,PCBL,51,52,160,263.00,"42,080.00"
2019-10-24,2019102401004170,PCBL,51,53,100,264.00,"26,400.00"
2019-10-24,2019102401004169,PCBL,36,53,"3,000",264.00,"792,000.00"
2019-10-24,2019102401004168,PCBL,36,53,"2,000",264.00,"528,000.00"
2019-10-24,2019102401004167,PCBL,45,53,300,264.00,"79,200.00"
2019-10-24,2019102401004166,PCBL,34,53,300,264.00,"79,200.00"
2019-10-24,2019102401004165,PCBL,42,53,10,264.00,"2,640.00"
2019-10-24,2019102401004164,PCBL,59,53,40,264.00,"10,560.00"
2019-10-24,2019102401004163,PCBL,57,53,73,264.00,"19,272.00"
2019-10-24,2019102401004042,PFL,6,1,500,135.00,"67,500.00"
2019-10-24,2019102401004396,PIC,8,6,10,369.00,"3,690.00"
2019-10-24,2019102401004351,PIC,41,6,20,365.00,"7,300.00"
2019-10-24,2019102401004350,PIC,34,6,200,365.00,"73,000.00"
2019-10-24,2019102401004349,PIC,13,6,200,365.00,"73,000.00"
2019-10-24,2019102401004348,PIC,50,6,60,365.00,"21,900.00"
2019-10-24,2019102401004262,PICL,6,54,20,440.00,"8,800.00"
2019-10-24,2019102401004138,PICL,22,49,10,433.00,"4,330.00"
2019-10-24,2019102401004137,PICL,51,49,50,433.00,"21,650.00"
2019-10-24,2019102401004136,PICL,51,49,30,433.00,"12,990.00"
2019-10-24,2019102401004143,PLIC,13,18,25,317.00,"7,925.00"
2019-10-24,2019102401004142,PLIC,39,18,10,317.00,"3,170.00"
2019-10-24,2019102401004141,PLIC,29,18,100,318.00,"31,800.00"
2019-10-24,2019102401004019,PLIC,21,25,22,321.00,"7,062.00"
2019-10-24,2019102401004404,PRVU,44,4,700,266.00,"186,200.00"
2019-10-24,2019102401004285,PRVU,48,58,640,267.00,"170,880.00"
2019-10-24,2019102401004274,PRVU,34,58,50,267.00,"13,350.00"
2019-10-24,2019102401004230,PRVU,38,58,18,267.00,"4,806.00"
2019-10-24,2019102401004212,PRVU,38,57,30,268.00,"8,040.00"
2019-10-24,2019102401004199,PRVU,38,48,982,267.00,"262,194.00"
2019-10-24,2019102401004034,PRVU,22,6,352,267.00,"93,984.00"
2019-10-24,2019102401003964,PRVU,38,57,40,268.00,"10,720.00"
2019-10-24,2019102401004198,PRVU,47,48,200,267.00,"53,400.00"
2019-10-24,2019102401004197,PRVU,34,48,182,267.00,"48,594.00"
2019-10-24,2019102401004061,PRVU,34,58,918,267.00,"245,106.00"
2019-10-24,2019102401004060,PRVU,41,58,82,267.00,"21,894.00"
2019-10-24,2019102401004044,PRVU,41,11,18,267.00,"4,806.00"
2019-10-24,2019102401004043,PRVU,22,11,82,267.00,"21,894.00"
2019-10-24,2019102401004340,RBCL,37,46,47,"8,270.00","388,690.00"
2019-10-24,2019102401004327,RBCLPO,39,59,19,"7,270.00","138,130.00"
2019-10-24,2019102401004326,RBCLPO,59,59,10,"7,271.00","72,710.00"
2019-10-24,2019102401004054,RBCLPO,38,59,30,"7,300.00","219,000.00"
2019-10-24,2019102401004008,RBCLPO,38,33,20,"7,300.00","146,000.00"
2019-10-24,2019102401004016,RHPC,48,46,100,80.00,"8,000.00"
2019-10-24,2019102401004427,RHPL,59,11,200,180.00,"36,000.00"
2019-10-24,2019102401004426,RHPL,59,39,500,180.00,"90,000.00"
2019-10-24,2019102401004425,RHPL,59,3,40,180.00,"7,200.00"
2019-10-24,2019102401004424,RHPL,59,49,40,180.00,"7,200.00"
2019-10-24,2019102401004423,RHPL,59,49,40,180.00,"7,200.00"
2019-10-24,2019102401004422,RHPL,59,58,700,180.00,"126,000.00"
2019-10-24,2019102401003949,RHPL,1,44,40,178.00,"7,120.00"
2019-10-24,2019102401003944,RHPL,1,44,40,178.00,"7,120.00"
2019-10-24,2019102401004007,RHPL,59,6,430,178.00,"76,540.00"
2019-10-24,2019102401004006,RHPL,59,44,40,178.00,"7,120.00"
2019-10-24,2019102401003984,RHPL,59,34,30,178.00,"5,340.00"
2019-10-24,2019102401003983,RHPL,1,34,10,178.00,"1,780.00"
2019-10-24,2019102401003982,RHPL,1,16,40,178.00,"7,120.00"
2019-10-24,2019102401003967,RHPL,1,44,40,178.00,"7,120.00"
2019-10-24,2019102401004049,RHPL,59,34,210,178.00,"37,380.00"
2019-10-24,2019102401004041,RHPL,59,44,40,178.00,"7,120.00"
2019-10-24,2019102401004040,RHPL,59,43,40,178.00,"7,120.00"
2019-10-24,2019102401004021,RHPL,25,6,570,178.00,"101,460.00"
2019-10-24,2019102401004020,RHPL,58,34,40,177.00,"7,080.00"
2019-10-24,2019102401004018,RHPL,58,44,40,177.00,"7,080.00"
2019-10-24,2019102401004112,RHPL,59,21,350,178.00,"62,300.00"
2019-10-24,2019102401004111,RHPL,49,21,60,178.00,"10,680.00"
2019-10-24,2019102401004110,RHPL,59,21,90,178.00,"16,020.00"
2019-10-24,2019102401004098,RHPL,59,43,40,178.00,"7,120.00"
2019-10-24,2019102401004088,RHPL,59,44,40,178.00,"7,120.00"
2019-10-24,2019102401004072,RHPL,59,44,40,178.00,"7,120.00"
2019-10-24,2019102401004181,RHPL,59,44,40,178.00,"7,120.00"
2019-10-24,2019102401004178,RHPL,59,34,20,178.00,"3,560.00"
2019-10-24,2019102401004177,RHPL,59,19,130,178.00,"23,140.00"
2019-10-24,2019102401004135,RHPL,42,19,60,178.00,"10,680.00"
2019-10-24,2019102401004134,RHPL,59,19,110,178.00,"19,580.00"
2019-10-24,2019102401004118,RHPL,59,44,40,178.00,"7,120.00"
2019-10-24,2019102401004278,RHPL,59,13,40,178.00,"7,120.00"
2019-10-24,2019102401004272,RHPL,59,43,40,178.00,"7,120.00"
2019-10-24,2019102401004264,RHPL,50,6,10,179.00,"1,790.00"
2019-10-24,2019102401004259,RHPL,59,44,40,178.00,"7,120.00"
2019-10-24,2019102401004244,RHPL,59,44,40,178.00,"7,120.00"
2019-10-24,2019102401004200,RHPL,59,43,40,178.00,"7,120.00"
2019-10-24,2019102401004316,RHPL,54,40,100,179.00,"17,900.00"
2019-10-24,2019102401004315,RHPL,54,40,150,179.00,"26,850.00"
2019-10-24,2019102401004314,RHPL,54,54,30,179.00,"5,370.00"
2019-10-24,2019102401004313,RHPL,54,6,30,179.00,"5,370.00"
2019-10-24,2019102401004310,RHPL,59,44,40,178.00,"7,120.00"
2019-10-24,2019102401004280,RHPL,59,44,40,178.00,"7,120.00"
2019-10-24,2019102401004409,RHPL,59,49,40,180.00,"7,200.00"
2019-10-24,2019102401004408,RHPL,59,21,10,180.00,"1,800.00"
2019-10-24,2019102401004407,RHPL,54,37,400,179.00,"71,600.00"
2019-10-24,2019102401004380,RHPL,19,21,10,180.00,"1,800.00"
2019-10-24,2019102401004343,RHPL,54,44,40,179.00,"7,160.00"
2019-10-24,2019102401004330,RHPL,54,48,40,179.00,"7,160.00"
2019-10-24,2019102401004415,RHPL,59,49,40,180.00,"7,200.00"
2019-10-24,2019102401004414,RHPL,59,51,40,180.00,"7,200.00"
2019-10-24,2019102401004413,RHPL,59,49,40,180.00,"7,200.00"
2019-10-24,2019102401004412,RHPL,59,49,40,180.00,"7,200.00"
2019-10-24,2019102401004411,RHPL,59,49,40,180.00,"7,200.00"
2019-10-24,2019102401004410,RHPL,59,55,30,180.00,"5,400.00"
2019-10-24,2019102401004421,RHPL,59,49,40,180.00,"7,200.00"
2019-10-24,2019102401004420,RHPL,59,49,40,180.00,"7,200.00"
2019-10-24,2019102401004419,RHPL,59,49,40,180.00,"7,200.00"
2019-10-24,2019102401004418,RHPL,59,49,40,180.00,"7,200.00"
2019-10-24,2019102401004417,RHPL,59,49,40,180.00,"7,200.00"
2019-10-24,2019102401004416,RHPL,59,49,40,180.00,"7,200.00"
2019-10-24,2019102401004361,RMDC,49,34,290,623.00,"180,670.00"
2019-10-24,2019102401004377,SABSL,29,57,40,448.00,"17,920.00"
2019-10-24,2019102401004376,SABSL,28,57,60,448.00,"26,880.00"
2019-10-24,2019102401004263,SABSL,28,48,10,448.00,"4,480.00"
2019-10-24,2019102401004189,SABSL,13,51,50,450.00,"22,500.00"
2019-10-24,2019102401004048,SBI,52,11,60,406.00,"24,360.00"
2019-10-24,2019102401004047,SBI,52,45,30,406.00,"12,180.00"
2019-10-24,2019102401004226,SBL,38,52,25,296.00,"7,400.00"
2019-10-24,2019102401004208,SBL,35,13,"1,500",295.00,"442,500.00"
2019-10-24,2019102401004172,SBL,35,33,500,295.00,"147,500.00"
2019-10-24,2019102401004128,SBL,35,34,100,295.00,"29,500.00"
2019-10-24,2019102401004127,SBL,35,13,"1,000",295.00,"295,000.00"
2019-10-24,2019102401004126,SBL,35,48,643,295.00,"189,685.00"
2019-10-24,2019102401004233,SCB,44,26,36,566.00,"20,376.00"
2019-10-24,2019102401004232,SCB,36,26,10,567.00,"5,670.00"
2019-10-24,2019102401004231,SCB,26,26,154,567.00,"87,318.00"
2019-10-24,2019102401004125,SCB,34,44,60,569.00,"34,140.00"
2019-10-24,2019102401004124,SCB,34,21,10,568.00,"5,680.00"
2019-10-24,2019102401004362,SHIVM,54,16,470,493.00,"231,710.00"
2019-10-24,2019102401004309,SHIVM,54,50,300,493.00,"147,900.00"
2019-10-24,2019102401004204,SHIVM,54,37,50,493.00,"24,650.00"
2019-10-24,2019102401004203,SHIVM,54,45,180,492.00,"88,560.00"
2019-10-24,2019102401004184,SHIVM,3,6,10,491.00,"4,910.00"
2019-10-24,2019102401004183,SHIVM,47,6,20,491.00,"9,820.00"
2019-10-24,2019102401004299,SHL,35,58,100,207.00,"20,700.00"
2019-10-24,2019102401004298,SHL,34,58,400,207.00,"82,800.00"
2019-10-24,2019102401004297,SHL,32,58,200,207.00,"41,400.00"
2019-10-24,2019102401004296,SHL,11,58,300,207.00,"62,100.00"
2019-10-24,2019102401004295,SHL,39,58,"6,817",207.00,"1,411,119.00"
2019-10-24,2019102401004257,SHL,39,48,"3,183",207.00,"658,881.00"
2019-10-24,2019102401004216,SHL,6,58,200,208.00,"41,600.00"
2019-10-24,2019102401004193,SHL,18,58,100,209.00,"20,900.00"
2019-10-24,2019102401004192,SHL,39,58,100,209.00,"20,900.00"
2019-10-24,2019102401004222,SHL,11,58,250,208.00,"52,000.00"
2019-10-24,2019102401004221,SHL,25,58,100,208.00,"20,800.00"
2019-10-24,2019102401004220,SHL,57,58,100,208.00,"20,800.00"
2019-10-24,2019102401004219,SHL,58,58,100,208.00,"20,800.00"
2019-10-24,2019102401004218,SHL,48,58,100,208.00,"20,800.00"
2019-10-24,2019102401004217,SHL,17,58,400,208.00,"83,200.00"
2019-10-24,2019102401004052,SHPC,13,28,490,194.00,"95,060.00"
2019-10-24,2019102401004302,SIC,6,59,172,468.00,"80,496.00"
2019-10-24,2019102401004292,SICL,19,56,100,739.00,"73,900.00"
2019-10-24,2019102401004291,SICL,19,34,100,738.00,"73,800.00"
2019-10-24,2019102401004286,SICL,35,35,155,735.00,"113,925.00"
2019-10-24,2019102401004032,SICL,35,21,200,735.00,"147,000.00"
2019-10-24,2019102401004328,SIL,39,38,933,382.00,"356,406.00"
2019-10-24,2019102401004268,SIL,39,56,160,382.00,"61,120.00"
2019-10-24,2019102401004387,SJCL,10,47,10,176.00,"1,760.00"
2019-10-24,2019102401004356,SJCL,44,37,765,174.00,"133,110.00"
2019-10-24,2019102401004355,SJCL,1,37,20,174.00,"3,480.00"
2019-10-24,2019102401003963,SJCL,19,39,180,175.00,"31,500.00"
2019-10-24,2019102401003962,SJCL,10,39,40,175.00,"7,000.00"
2019-10-24,2019102401003961,SJCL,52,39,280,175.00,"49,000.00"
2019-10-24,2019102401003948,SJCL,52,16,20,175.00,"3,500.00"
2019-10-24,2019102401004009,SJCL,19,16,20,175.00,"3,500.00"
2019-10-24,2019102401003965,SJCL,1,54,20,176.00,"3,520.00"
2019-10-24,2019102401004139,SJCL,1,43,20,174.00,"3,480.00"
2019-10-24,2019102401004130,SJCL,1,6,40,174.00,"6,960.00"
2019-10-24,2019102401004129,SJCL,25,6,80,174.00,"13,920.00"
2019-10-24,2019102401004301,SJCL,1,43,20,174.00,"3,480.00"
2019-10-24,2019102401004249,SJCL,44,35,500,175.00,"87,500.00"
2019-10-24,2019102401004248,SJCL,44,43,20,175.00,"3,500.00"
2019-10-24,2019102401004213,SJCL,1,43,20,174.00,"3,480.00"
2019-10-24,2019102401004211,SLBSL,49,38,90,695.00,"62,550.00"
2019-10-24,2019102401004210,SLBSL,49,54,10,694.00,"6,940.00"
2019-10-24,2019102401004053,SLBSL,26,44,100,690.00,"69,000.00"
2019-10-24,2019102401004346,SLICL,43,17,100,265.00,"26,500.00"
2019-10-24,2019102401004307,SLICL,4,1,10,267.00,"2,670.00"
2019-10-24,2019102401004027,SMFBS,22,17,10,774.00,"7,740.00"
2019-10-24,2019102401004267,SPDL,17,47,10,81.00,810.00
2019-10-24,2019102401004345,SRBL,6,47,100,213.00,"21,300.00"
2019-10-24,2019102401004331,SRBL,6,35,200,213.00,"42,600.00"
2019-10-24,2019102401004246,SRBL,50,47,50,214.00,"10,700.00"
2019-10-24,2019102401004025,SRBL,50,1,40,214.00,"8,560.00"
2019-10-24,2019102401004015,TMDBL,57,4,20,150.00,"3,000.00"
2019-10-24,2019102401004073,UFL,36,28,300,182.00,"54,600.00"
2019-10-24,2019102401004074,UMHL,52,57,100,103.00,"10,300.00"
2019-10-24,2019102401004195,UPCL,22,38,100,76.00,"7,600.00"
2019-10-24,2019102401004174,UPCL,22,38,100,76.00,"7,600.00"
2019-10-24,2019102401003946,UPCL,22,38,100,76.00,"7,600.00"
2019-10-24,2019102401004402,UPPER,41,48,50,238.00,"11,900.00"
2019-10-24,2019102401004381,UPPER,59,44,500,239.00,"119,500.00"
2019-10-24,2019102401004344,UPPER,41,13,50,238.00,"11,900.00"
2019-10-24,2019102401004304,UPPER,41,48,30,238.00,"7,140.00"
2019-10-24,2019102401004303,UPPER,38,48,20,238.00,"4,760.00"
2019-10-24,2019102401004058,UPPER,33,19,125,240.00,"30,000.00"
2019-10-24,2019102401004057,UPPER,33,54,50,240.00,"12,000.00"
2019-10-24,2019102401004056,UPPER,33,43,90,240.00,"21,600.00"
2019-10-24,2019102401004038,UPPER,52,43,80,240.00,"19,200.00"
2019-10-24,2019102401004153,UPPER,41,44,"1,248",239.00,"298,272.00"
2019-10-24,2019102401004147,UPPER,41,13,40,239.00,"9,560.00"
2019-10-24,2019102401004146,UPPER,47,44,200,240.00,"48,000.00"
2019-10-24,2019102401004121,UPPER,41,48,50,239.00,"11,950.00"
2019-10-24,2019102401004089,UPPER,33,44,135,240.00,"32,400.00"
2019-10-24,2019102401004059,UPPER,33,22,100,240.00,"24,000.00"
2019-10-24,2019102401004158,UPPER,54,44,30,239.00,"7,170.00"
2019-10-24,2019102401004157,UPPER,52,44,200,239.00,"47,800.00"
2019-10-24,2019102401004156,UPPER,29,44,"1,000",239.00,"239,000.00"
2019-10-24,2019102401004155,UPPER,17,44,40,239.00,"9,560.00"
2019-10-24,2019102401004154,UPPER,59,44,40,239.00,"9,560.00"
2019-10-24,2019102401003959,VLBS,42,51,100,575.00,"57,500.00"
2019-10-24,2019102401003958,VLBS,42,35,29,575.00,"16,675.00"
2019-10-24,2019102401003957,VLBS,42,57,250,574.00,"143,500.00"
2019-10-24,2019102401003956,VLBS,42,34,50,573.00,"28,650.00"
2019-10-24,2019102401003812,ADBL,53,34,10,414.00,"4,140.00"
2019-10-24,2019102401003527,ADBL,47,45,100,416.00,"41,600.00"
2019-10-24,2019102401003939,AKBSL,57,6,10,408.00,"4,080.00"
2019-10-24,2019102401003935,AKBSL,57,47,10,408.00,"4,080.00"
2019-10-24,2019102401003924,AKBSL,57,47,10,408.00,"4,080.00"
2019-10-24,2019102401003913,AKBSL,57,47,10,408.00,"4,080.00"
2019-10-24,2019102401003904,AKBSL,57,47,10,408.00,"4,080.00"
2019-10-24,2019102401003890,AKBSL,57,47,10,408.00,"4,080.00"
2019-10-24,2019102401003805,AKBSL,42,47,10,407.00,"4,070.00"
2019-10-24,2019102401003490,AKBSL,22,22,10,409.00,"4,090.00"
2019-10-24,2019102401003877,AKBSL,42,47,10,407.00,"4,070.00"
2019-10-24,2019102401003863,AKBSL,42,47,10,407.00,"4,070.00"
2019-10-24,2019102401003854,AKBSL,42,47,10,407.00,"4,070.00"
2019-10-24,2019102401003850,AKBSL,42,47,10,407.00,"4,070.00"
2019-10-24,2019102401003828,AKBSL,42,47,10,407.00,"4,070.00"
2019-10-24,2019102401003823,AKBSL,42,47,10,407.00,"4,070.00"
2019-10-24,2019102401003616,AKJCL,59,11,10,53.00,530.00
2019-10-24,2019102401003641,AKPL,42,46,50,135.00,"6,750.00"
2019-10-24,2019102401003632,AKPL,56,41,500,136.00,"68,000.00"
2019-10-24,2019102401003446,AKPL,25,57,10,138.00,"1,380.00"
2019-10-24,2019102401003445,AKPL,25,57,10,138.00,"1,380.00"
2019-10-24,2019102401003928,ALICL,6,57,161,315.00,"50,715.00"
2019-10-24,2019102401003886,ALICL,39,57,203,316.00,"64,148.00"
2019-10-24,2019102401003885,ALICL,25,57,136,316.00,"42,976.00"
2019-10-24,2019102401003807,ALICL,25,36,64,316.00,"20,224.00"
2019-10-24,2019102401003806,ALICL,40,36,30,316.00,"9,480.00"
2019-10-24,2019102401003589,ALICL,40,57,50,316.00,"15,800.00"
2019-10-24,2019102401003563,ALICL,40,57,120,316.00,"37,920.00"
2019-10-24,2019102401003562,ALICL,45,57,280,316.00,"88,480.00"
2019-10-24,2019102401003561,ALICL,47,57,100,317.00,"31,700.00"
2019-10-24,2019102401003557,ALICL,25,47,20,317.00,"6,340.00"
2019-10-24,2019102401003891,API,55,11,11,111.00,"1,221.00"
2019-10-24,2019102401003868,API,49,41,10,112.00,"1,120.00"
2019-10-24,2019102401003883,BOKL,52,26,14,229.00,"3,206.00"
2019-10-24,2019102401003822,BOKL,49,36,84,228.00,"19,152.00"
2019-10-24,2019102401003777,BOKL,49,17,40,228.00,"9,120.00"
2019-10-24,2019102401003653,BPCL,49,58,50,365.00,"18,250.00"
2019-10-24,2019102401003652,BPCL,39,58,10,365.00,"3,650.00"
2019-10-24,2019102401003651,BPCL,26,58,22,365.00,"8,030.00"
2019-10-24,2019102401003658,BPCL,55,58,857,363.00,"311,091.00"
2019-10-24,2019102401003657,BPCL,55,58,500,364.00,"182,000.00"
2019-10-24,2019102401003656,BPCL,44,58,20,364.00,"7,280.00"
2019-10-24,2019102401003655,BPCL,48,58,51,364.00,"18,564.00"
2019-10-24,2019102401003654,BPCL,26,58,490,365.00,"178,850.00"
2019-10-24,2019102401003707,BPCL,55,49,105,363.00,"38,115.00"
2019-10-24,2019102401003706,BPCL,13,49,13,364.00,"4,732.00"
2019-10-24,2019102401003542,CBL,14,51,50,144.00,"7,200.00"
2019-10-24,2019102401003761,CCBL,18,45,"1,000",157.00,"157,000.00"
2019-10-24,2019102401003760,CCBL,18,52,60,157.00,"9,420.00"
2019-10-24,2019102401003572,CCBL,14,52,50,157.00,"7,850.00"
2019-10-24,2019102401003459,CCBL,49,32,"1,797",156.00,"280,332.00"
2019-10-24,2019102401003813,CFCL,7,21,10,113.00,"1,130.00"
2019-10-24,2019102401003582,CFCL,7,33,"2,163",113.00,"244,419.00"
2019-10-24,2019102401003783,CIT,41,52,20,"1,805.00","36,100.00"
2019-10-24,2019102401003782,CIT,41,13,80,"1,804.00","144,320.00"
2019-10-24,2019102401003591,CIT,34,13,20,"1,804.00","36,080.00"
2019-10-24,2019102401003802,CZBIL,45,3,10,196.00,"1,960.00"
2019-10-24,2019102401003671,CZBIL,45,13,297,196.00,"58,212.00"
2019-10-24,2019102401003624,CZBIL,45,11,10,196.00,"1,960.00"
2019-10-24,2019102401003537,CZBIL,45,29,122,196.00,"23,912.00"
2019-10-24,2019102401003536,CZBIL,32,29,78,196.00,"15,288.00"
2019-10-24,2019102401003529,CZBIL,32,28,147,196.00,"28,812.00"
2019-10-24,2019102401003528,CZBIL,44,28,138,196.00,"27,048.00"
2019-10-24,2019102401003709,DBBL,42,48,"1,820",125.00,"227,500.00"
2019-10-24,2019102401003708,DBBL,44,48,180,125.00,"22,500.00"
2019-10-24,2019102401003595,DHPL,7,47,10,54.00,540.00
2019-10-24,2019102401003912,EBL,37,44,100,557.00,"55,700.00"
2019-10-24,2019102401003751,EBL,44,44,55,557.00,"30,635.00"
2019-10-24,2019102401003718,EBL,44,49,45,557.00,"25,065.00"
2019-10-24,2019102401003702,EBL,14,44,500,558.00,"279,000.00"
2019-10-24,2019102401003539,EBL,48,44,22,558.00,"12,276.00"
2019-10-24,2019102401003780,EIC,14,57,105,231.00,"24,255.00"
2019-10-24,2019102401003779,EIC,6,57,40,231.00,"9,240.00"
2019-10-24,2019102401003769,EIC,22,57,45,232.00,"10,440.00"
2019-10-24,2019102401003512,EIC,6,7,160,231.00,"36,960.00"
2019-10-24,2019102401003826,GBBL,38,45,70,218.00,"15,260.00"
2019-10-24,2019102401003804,GBBL,38,45,110,218.00,"23,980.00"
2019-10-24,2019102401003515,GBBL,39,4,250,218.00,"54,500.00"
2019-10-24,2019102401003906,GBLBS,8,19,235,314.00,"73,790.00"
2019-10-24,2019102401003803,GBLBS,36,38,70,315.00,"22,050.00"
2019-10-24,2019102401003546,GBLBS,36,21,30,315.00,"9,450.00"
2019-10-24,2019102401003545,GBLBS,47,21,20,315.00,"6,300.00"
2019-10-24,2019102401003911,GLICL,17,47,895,360.00,"322,200.00"
2019-10-24,2019102401003910,GLICL,17,48,105,359.00,"37,695.00"
2019-10-24,2019102401003665,GRDBL,37,45,50,103.00,"5,150.00"
2019-10-24,2019102401003705,HBL,14,22,20,507.00,"10,140.00"
2019-10-24,2019102401003936,HGI,51,35,81,278.00,"22,518.00"
2019-10-24,2019102401003862,HGI,55,43,63,275.00,"17,325.00"
2019-10-24,2019102401003861,HGI,25,43,50,276.00,"13,800.00"
2019-10-24,2019102401003682,HIDCL,29,54,42,137.00,"5,754.00"
2019-10-24,2019102401003622,HIDCL,44,44,5,135.00,675.00
2019-10-24,2019102401003449,HIDCL,29,38,14,137.00,"1,918.00"
2019-10-24,2019102401003764,HURJA,11,3,20,105.00,"2,100.00"
2019-10-24,2019102401003461,ICFC,14,45,100,163.00,"16,300.00"
2019-10-24,2019102401003815,IGI,42,28,174,285.00,"49,590.00"
2019-10-24,2019102401003814,IGI,55,28,70,285.00,"19,950.00"
2019-10-24,2019102401003745,IGI,42,46,26,285.00,"7,410.00"
2019-10-24,2019102401003744,IGI,7,46,10,286.00,"2,860.00"
2019-10-24,2019102401003636,ILBS,48,52,10,417.00,"4,170.00"
2019-10-24,2019102401003513,ILBS,35,35,10,420.00,"4,200.00"
2019-10-24,2019102401003689,JBBL,58,29,100,158.00,"15,800.00"
2019-10-24,2019102401003701,JFL,6,48,758,193.00,"146,294.00"
2019-10-24,2019102401003672,JFL,35,48,200,193.00,"38,600.00"
2019-10-24,2019102401003627,JFL,42,48,225,193.00,"43,425.00"
2019-10-24,2019102401003560,JFL,32,48,200,193.00,"38,600.00"
2019-10-24,2019102401003770,JOSHI,45,14,20,63.00,"1,260.00"
2019-10-24,2019102401003531,JOSHI,33,47,10,62.00,620.00
2019-10-24,2019102401003530,JOSHI,39,47,10,62.00,620.00
2019-10-24,2019102401003867,KBL,11,49,161,185.00,"29,785.00"
2019-10-24,2019102401003866,KBL,29,49,172,185.00,"31,820.00"
2019-10-24,2019102401003726,KBL,29,49,128,185.00,"23,680.00"
2019-10-24,2019102401003583,KBL,20,41,500,185.00,"92,500.00"
2019-10-24,2019102401003564,KBL,43,33,980,185.00,"181,300.00"
2019-10-24,2019102401003533,KBL,14,33,20,185.00,"3,700.00"
2019-10-24,2019102401003719,KKHC,42,54,10,56.00,560.00
2019-10-24,2019102401003637,KSBBL,22,32,20,145.00,"2,900.00"
2019-10-24,2019102401003597,KSBBL,22,32,20,145.00,"2,900.00"
2019-10-24,2019102401003469,KSBBL,39,25,50,144.00,"7,200.00"
2019-10-24,2019102401003660,LBBL,13,28,300,173.00,"51,900.00"
2019-10-24,2019102401003659,LBBL,8,28,130,173.00,"22,490.00"
2019-10-24,2019102401003569,LBBL,8,28,185,173.00,"32,005.00"
2019-10-24,2019102401003559,LBBL,8,28,185,173.00,"32,005.00"
2019-10-24,2019102401003825,LBL,49,50,50,217.00,"10,850.00"
2019-10-24,2019102401003738,LBL,49,49,277,217.00,"60,109.00"
2019-10-24,2019102401003737,LBL,49,45,100,217.00,"21,700.00"
2019-10-24,2019102401003711,LGIL,22,52,50,330.00,"16,500.00"
2019-10-24,2019102401003829,LICN,29,11,100,"1,000.00","100,000.00"
2019-10-24,2019102401003874,MBL,14,57,185,230.00,"42,550.00"
2019-10-24,2019102401003873,MBL,14,41,100,230.00,"23,000.00"
2019-10-24,2019102401003872,MBL,14,19,500,230.00,"115,000.00"
2019-10-24,2019102401003871,MBL,14,34,100,230.00,"23,000.00"
2019-10-24,2019102401003870,MBL,14,28,100,230.00,"23,000.00"
2019-10-24,2019102401003869,MBL,14,6,15,230.00,"3,450.00"
2019-10-24,2019102401003852,MBL,6,51,200,229.00,"45,800.00"
2019-10-24,2019102401003851,MBL,14,51,300,229.00,"68,700.00"
2019-10-24,2019102401003728,MBL,14,38,300,229.00,"68,700.00"
2019-10-24,2019102401003771,MEGA,38,25,117,201.00,"23,517.00"
2019-10-24,2019102401003457,MEGA,45,25,140,202.00,"28,280.00"
2019-10-24,2019102401003464,MEGA,45,50,60,202.00,"12,120.00"
2019-10-24,2019102401003463,MEGA,45,33,140,202.00,"28,280.00"
2019-10-24,2019102401003458,MEGA,45,33,360,202.00,"72,720.00"
2019-10-24,2019102401003556,MEGA,4,33,638,202.00,"128,876.00"
2019-10-24,2019102401003555,MEGA,4,56,500,202.00,"101,000.00"
2019-10-24,2019102401003554,MEGA,4,32,300,202.00,"60,600.00"
2019-10-24,2019102401003553,MEGA,4,51,331,202.00,"66,862.00"
2019-10-24,2019102401003552,MEGA,4,42,100,202.00,"20,200.00"
2019-10-24,2019102401003551,MEGA,4,50,131,202.00,"26,462.00"
2019-10-24,2019102401003621,MEGA,46,3,110,201.00,"22,110.00"
2019-10-24,2019102401003568,MEGA,4,48,638,202.00,"128,876.00"
2019-10-24,2019102401003567,MEGA,4,33,362,202.00,"73,124.00"
2019-10-24,2019102401003740,MEGA,38,45,333,201.00,"66,933.00"
2019-10-24,2019102401003739,MEGA,46,45,17,201.00,"3,417.00"
2019-10-24,2019102401003576,MERO,42,49,30,560.00,"16,800.00"
2019-10-24,2019102401003575,MERO,42,49,20,560.00,"11,200.00"
2019-10-24,2019102401003574,MERO,39,49,200,560.00,"112,000.00"
2019-10-24,2019102401003518,MLBBL,29,22,50,440.00,"22,000.00"
2019-10-24,2019102401003859,MLBL,36,28,100,213.00,"21,300.00"
2019-10-24,2019102401003858,MLBL,35,28,200,213.00,"42,600.00"
2019-10-24,2019102401003857,MLBL,37,28,215,213.00,"45,795.00"
2019-10-24,2019102401003517,MLBL,41,21,50,214.00,"10,700.00"
2019-10-24,2019102401003821,MNBBL,39,14,"1,800",311.00,"559,800.00"
2019-10-24,2019102401003799,MNBBL,10,14,50,312.00,"15,600.00"
2019-10-24,2019102401003478,MPFL,21,48,96,100.00,"9,600.00"
2019-10-24,2019102401003789,MSLB,10,48,10,887.00,"8,870.00"
2019-10-24,2019102401003731,MSMBS,1,11,22,460.00,"10,120.00"
2019-10-24,2019102401003942,NABIL,35,58,24,760.00,"18,240.00"
2019-10-24,2019102401003914,NABIL,35,58,20,760.00,"15,200.00"
2019-10-24,2019102401003889,NABIL,21,58,100,760.00,"76,000.00"
2019-10-24,2019102401003884,NABIL,37,58,30,760.00,"22,800.00"
2019-10-24,2019102401003830,NABIL,6,58,100,760.00,"76,000.00"
2019-10-24,2019102401003810,NABIL,25,58,100,760.00,"76,000.00"
2019-10-24,2019102401003598,NABIL,14,58,50,765.00,"38,250.00"
2019-10-24,2019102401003604,NABIL,39,58,100,763.00,"76,300.00"
2019-10-24,2019102401003603,NABIL,32,58,20,763.00,"15,260.00"
2019-10-24,2019102401003602,NABIL,58,58,110,763.00,"83,930.00"
2019-10-24,2019102401003601,NABIL,43,58,500,764.00,"382,000.00"
2019-10-24,2019102401003600,NABIL,17,58,20,764.00,"15,280.00"
2019-10-24,2019102401003599,NABIL,19,58,200,765.00,"153,000.00"
2019-10-24,2019102401003610,NABIL,21,58,500,760.00,"380,000.00"
2019-10-24,2019102401003609,NABIL,48,58,40,761.00,"30,440.00"
2019-10-24,2019102401003608,NABIL,8,58,250,762.00,"190,500.00"
2019-10-24,2019102401003607,NABIL,32,58,50,762.00,"38,100.00"
2019-10-24,2019102401003606,NABIL,41,58,11,762.00,"8,382.00"
2019-10-24,2019102401003605,NABIL,20,58,100,763.00,"76,300.00"
2019-10-24,2019102401003794,NABIL,22,58,50,760.00,"38,000.00"
2019-10-24,2019102401003773,NABIL,43,58,400,760.00,"304,000.00"
2019-10-24,2019102401003620,NABIL,39,58,25,760.00,"19,000.00"
2019-10-24,2019102401003619,NABIL,56,58,100,760.00,"76,000.00"
2019-10-24,2019102401003618,NABIL,43,58,51,760.00,"38,760.00"
2019-10-24,2019102401003611,NABIL,43,58,49,760.00,"37,240.00"
2019-10-24,2019102401003677,NBB,22,58,"1,000",213.00,"213,000.00"
2019-10-24,2019102401003676,NBB,41,58,200,213.00,"42,600.00"
2019-10-24,2019102401003675,NBB,11,58,195,213.00,"41,535.00"
2019-10-24,2019102401003674,NBB,55,58,21,213.00,"4,473.00"
2019-10-24,2019102401003483,NBB,55,25,"1,000",213.00,"213,000.00"
2019-10-24,2019102401003879,NBL,36,34,13,321.00,"4,173.00"
2019-10-24,2019102401003690,NBL,17,22,900,320.00,"288,000.00"
2019-10-24,2019102401003686,NBL,33,38,50,321.00,"16,050.00"
2019-10-24,2019102401003640,NBL,17,46,100,320.00,"32,000.00"
2019-10-24,2019102401003730,NCCB,4,17,20,203.00,"4,060.00"
2019-10-24,2019102401003729,NCCB,4,49,100,203.00,"20,300.00"
2019-10-24,2019102401003648,NCCB,43,49,100,203.00,"20,300.00"
2019-10-24,2019102401003590,NCCB,43,35,100,203.00,"20,300.00"
2019-10-24,2019102401003878,NIB,14,39,"1,032",450.00,"464,400.00"
2019-10-24,2019102401003849,NIB,14,21,100,450.00,"45,000.00"
2019-10-24,2019102401003848,NIB,14,25,25,449.00,"11,225.00"
2019-10-24,2019102401003847,NIB,14,44,"1,000",449.00,"449,000.00"
2019-10-24,2019102401003846,NIB,14,39,485,449.00,"217,765.00"
2019-10-24,2019102401003845,NIB,14,45,400,448.00,"179,200.00"
2019-10-24,2019102401003661,NIB,42,11,15,444.00,"6,660.00"
2019-10-24,2019102401003471,NIB,14,19,35,445.00,"15,575.00"
2019-10-24,2019102401003819,NIB,20,38,19,444.00,"8,436.00"
2019-10-24,2019102401003788,NIB,22,16,55,445.00,"24,475.00"
2019-10-24,2019102401003787,NIB,22,19,145,445.00,"64,525.00"
2019-10-24,2019102401003720,NIB,14,19,20,445.00,"8,900.00"
2019-10-24,2019102401003663,NIB,35,11,26,443.00,"11,518.00"
2019-10-24,2019102401003662,NIB,51,11,17,443.00,"7,531.00"
2019-10-24,2019102401003844,NIB,14,49,40,448.00,"17,920.00"
2019-10-24,2019102401003843,NIB,14,6,500,448.00,"224,000.00"
2019-10-24,2019102401003842,NIB,14,10,150,447.00,"67,050.00"
2019-10-24,2019102401003841,NIB,14,39,500,446.00,"223,000.00"
2019-10-24,2019102401003840,NIB,14,54,63,445.00,"28,035.00"
2019-10-24,2019102401003839,NIB,14,16,45,445.00,"20,025.00"
2019-10-24,2019102401003919,NICA,49,42,200,410.00,"82,000.00"
2019-10-24,2019102401003918,NICA,45,42,200,410.00,"82,000.00"
2019-10-24,2019102401003917,NICA,50,42,100,410.00,"41,000.00"
2019-10-24,2019102401003876,NICA,33,8,163,411.00,"66,993.00"
2019-10-24,2019102401003721,NICA,33,28,37,411.00,"15,207.00"
2019-10-24,2019102401003697,NICA,14,28,20,411.00,"8,220.00"
2019-10-24,2019102401003579,NICA,53,28,300,411.00,"123,300.00"
2019-10-24,2019102401003578,NICA,56,28,100,411.00,"41,100.00"
2019-10-24,2019102401003488,NICA,56,33,500,411.00,"205,500.00"
2019-10-24,2019102401003460,NICA,28,20,10,411.00,"4,110.00"
2019-10-24,2019102401003535,NIL,49,25,250,370.00,"92,500.00"
2019-10-24,2019102401003938,NLG,20,11,14,550.00,"7,700.00"
2019-10-24,2019102401003903,NLG,48,39,165,551.00,"90,915.00"
2019-10-24,2019102401003902,NLG,7,39,35,552.00,"19,320.00"
2019-10-24,2019102401003901,NLG,56,39,35,552.00,"19,320.00"
2019-10-24,2019102401003900,NLG,21,39,10,553.00,"5,530.00"
2019-10-24,2019102401003899,NLG,19,39,200,554.00,"110,800.00"
2019-10-24,2019102401003684,NLG,25,6,10,566.00,"5,660.00"
2019-10-24,2019102401003898,NLG,29,39,30,555.00,"16,650.00"
2019-10-24,2019102401003897,NLG,45,39,25,555.00,"13,875.00"
2019-10-24,2019102401003817,NLG,39,39,"1,000",550.00,"550,000.00"
2019-10-24,2019102401003749,NLG,45,39,10,556.00,"5,560.00"
2019-10-24,2019102401003930,NLIC,57,14,20,801.00,"16,020.00"
2019-10-24,2019102401003836,NLIC,4,45,72,800.00,"57,600.00"
2019-10-24,2019102401003835,NLIC,57,45,200,800.00,"160,000.00"
2019-10-24,2019102401003834,NLIC,26,45,100,800.00,"80,000.00"
2019-10-24,2019102401003833,NLIC,28,45,28,800.00,"22,400.00"
2019-10-24,2019102401003759,NLIC,28,28,4,802.00,"3,208.00"
2019-10-24,2019102401003593,NLIC,14,16,25,802.00,"20,050.00"
2019-10-24,2019102401003592,NLIC,4,16,16,802.00,"12,832.00"
2019-10-24,2019102401003520,NLIC,4,54,39,802.00,"31,278.00"
2019-10-24,2019102401003462,NLIC,4,55,77,802.00,"61,754.00"
2019-10-24,2019102401003758,NLIC,43,28,13,800.00,"10,400.00"
2019-10-24,2019102401003757,NLIC,42,28,342,801.00,"273,942.00"
2019-10-24,2019102401003724,NLIC,42,16,158,801.00,"126,558.00"
2019-10-24,2019102401003723,NLIC,49,16,50,801.00,"40,050.00"
2019-10-24,2019102401003722,NLIC,4,16,51,801.00,"40,851.00"
2019-10-24,2019102401003594,NLIC,19,16,200,802.00,"160,400.00"
2019-10-24,2019102401003811,NLICL,35,56,50,457.00,"22,850.00"
2019-10-24,2019102401003742,NLICL,35,44,400,458.00,"183,200.00"
2019-10-24,2019102401003736,NLICL,22,56,100,456.00,"45,600.00"
2019-10-24,2019102401003735,NLICL,35,56,23,456.00,"10,488.00"
2019-10-24,2019102401003734,NLICL,48,56,120,456.00,"54,720.00"
2019-10-24,2019102401003638,NLICL,8,43,100,457.00,"45,700.00"
2019-10-24,2019102401003584,NLICL,8,43,90,457.00,"41,130.00"
2019-10-24,2019102401003566,NLICL,6,43,200,457.00,"91,400.00"
2019-10-24,2019102401003547,NLICL,6,43,300,457.00,"137,100.00"
2019-10-24,2019102401003865,NMBMF,49,45,41,535.00,"21,935.00"
2019-10-24,2019102401003837,NMBMF,22,46,10,540.00,"5,400.00"
2019-10-24,2019102401003743,NMBMF,49,43,36,535.00,"19,260.00"
2019-10-24,2019102401003704,NMBMF,49,40,110,535.00,"58,850.00"
2019-10-24,2019102401003703,NMBMF,44,40,40,536.00,"21,440.00"
2019-10-24,2019102401003650,NMBMF,44,4,100,536.00,"53,600.00"
2019-10-24,2019102401003467,NMBMF,44,1,20,536.00,"10,720.00"
2019-10-24,2019102401003502,NMFBS,33,14,10,"1,739.00","17,390.00"
2019-10-24,2019102401003501,NMFBS,33,28,15,"1,735.00","26,025.00"
2019-10-24,2019102401003500,NMFBS,33,7,25,"1,735.00","43,375.00"
2019-10-24,2019102401003447,NMFBS,7,52,20,"1,720.00","34,400.00"
2019-10-24,2019102401003538,NTC,1,19,10,631.00,"6,310.00"
2019-10-24,2019102401003907,OHL,34,58,10,473.00,"4,730.00"
2019-10-24,2019102401003881,PCBL,40,53,175,265.00,"46,375.00"
2019-10-24,2019102401003880,PCBL,40,47,125,264.00,"33,000.00"
2019-10-24,2019102401003855,PCBL,57,35,300,264.00,"79,200.00"
2019-10-24,2019102401003673,PCBL,49,53,200,265.00,"53,000.00"
2019-10-24,2019102401003639,PCBL,14,53,20,265.00,"5,300.00"
2019-10-24,2019102401003443,PCBL,26,53,200,265.00,"53,000.00"
2019-10-24,2019102401003916,PFL,10,1,500,135.00,"67,500.00"
2019-10-24,2019102401003715,PFL,10,22,34,135.00,"4,590.00"
2019-10-24,2019102401003798,PIC,39,51,100,365.00,"36,500.00"
2019-10-24,2019102401003797,PIC,39,54,398,365.00,"145,270.00"
2019-10-24,2019102401003596,PIC,39,54,23,365.00,"8,395.00"
2019-10-24,2019102401003452,PIC,37,54,100,365.00,"36,500.00"
2019-10-24,2019102401003691,PICL,25,49,100,434.00,"43,400.00"
2019-10-24,2019102401003532,PICL,51,47,20,433.00,"8,660.00"
2019-10-24,2019102401003725,PLIC,22,38,50,322.00,"16,100.00"
2019-10-24,2019102401003496,PPCL,22,22,20,95.00,"1,900.00"
2019-10-24,2019102401003470,PPCL,22,47,10,94.00,940.00
2019-10-24,2019102401003714,PRIN,7,6,20,315.00,"6,300.00"
2019-10-24,2019102401003941,PRVU,22,16,200,267.00,"53,400.00"
2019-10-24,2019102401003831,PRVU,38,57,140,268.00,"37,520.00"
2019-10-24,2019102401003809,PRVU,10,57,425,268.00,"113,900.00"
2019-10-24,2019102401003796,PRVU,38,57,105,268.00,"28,140.00"
2019-10-24,2019102401003681,PRVU,14,57,207,268.00,"55,476.00"
2019-10-24,2019102401003680,PRVU,14,46,200,268.00,"53,600.00"
2019-10-24,2019102401003679,PRVU,14,4,593,268.00,"158,924.00"
2019-10-24,2019102401003565,PRVU,22,19,15,267.00,"4,005.00"
2019-10-24,2019102401003540,PRVU,46,4,31,268.00,"8,308.00"
2019-10-24,2019102401003524,PRVU,46,4,232,268.00,"62,176.00"
2019-10-24,2019102401003493,PRVU,29,53,500,268.00,"134,000.00"
2019-10-24,2019102401003646,RADHI,49,37,11,136.00,"1,496.00"
2019-10-24,2019102401003645,RADHI,49,39,11,136.00,"1,496.00"
2019-10-24,2019102401003644,RADHI,49,39,11,136.00,"1,496.00"
2019-10-24,2019102401003643,RADHI,49,39,11,136.00,"1,496.00"
2019-10-24,2019102401003453,RADHI,38,38,12,136.00,"1,632.00"
2019-10-24,2019102401003549,RBCL,51,39,10,"8,300.00","83,000.00"
2019-10-24,2019102401003474,RBCLPO,32,33,20,"7,300.00","146,000.00"
2019-10-24,2019102401003931,RHPL,1,44,40,178.00,"7,120.00"
2019-10-24,2019102401003925,RHPL,1,22,40,178.00,"7,120.00"
2019-10-24,2019102401003921,RHPL,1,44,40,178.00,"7,120.00"
2019-10-24,2019102401003908,RHPL,1,44,40,178.00,"7,120.00"
2019-10-24,2019102401003892,RHPL,1,44,40,178.00,"7,120.00"
2019-10-24,2019102401003887,RHPL,1,43,40,178.00,"7,120.00"
2019-10-24,2019102401003454,RHPL,25,22,40,178.00,"7,120.00"
2019-10-24,2019102401003507,RHPL,22,47,30,179.00,"5,370.00"
2019-10-24,2019102401003504,RHPL,58,38,40,177.00,"7,080.00"
2019-10-24,2019102401003494,RHPL,58,38,40,177.00,"7,080.00"
2019-10-24,2019102401003479,RHPL,58,38,40,177.00,"7,080.00"
2019-10-24,2019102401003456,RHPL,25,49,200,179.00,"35,800.00"
2019-10-24,2019102401003455,RHPL,25,38,10,179.00,"1,790.00"
2019-10-24,2019102401003713,RHPL,1,44,40,178.00,"7,120.00"
2019-10-24,2019102401003649,RHPL,1,52,40,178.00,"7,120.00"
2019-10-24,2019102401003573,RHPL,52,52,"1,000",179.00,"179,000.00"
2019-10-24,2019102401003544,RHPL,1,52,40,178.00,"7,120.00"
2019-10-24,2019102401003509,RHPL,58,38,30,177.00,"5,310.00"
2019-10-24,2019102401003508,RHPL,22,38,10,179.00,"1,790.00"
2019-10-24,2019102401003785,RHPL,1,44,40,178.00,"7,120.00"
2019-10-24,2019102401003775,RHPL,1,44,40,178.00,"7,120.00"
2019-10-24,2019102401003763,RHPL,1,44,40,178.00,"7,120.00"
2019-10-24,2019102401003750,RHPL,1,44,40,178.00,"7,120.00"
2019-10-24,2019102401003741,RHPL,1,44,40,178.00,"7,120.00"
2019-10-24,2019102401003727,RHPL,1,44,40,178.00,"7,120.00"
2019-10-24,2019102401003838,RHPL,1,44,40,178.00,"7,120.00"
2019-10-24,2019102401003832,RHPL,1,43,30,178.00,"5,340.00"
2019-10-24,2019102401003827,RHPL,1,44,40,178.00,"7,120.00"
2019-10-24,2019102401003818,RHPL,1,44,40,178.00,"7,120.00"
2019-10-24,2019102401003808,RHPL,1,44,40,178.00,"7,120.00"
2019-10-24,2019102401003795,RHPL,1,44,40,178.00,"7,120.00"
2019-10-24,2019102401003895,RMDC,33,45,10,622.00,"6,220.00"
2019-10-24,2019102401003642,RMDC,33,34,10,623.00,"6,230.00"
2019-10-24,2019102401003577,RMDC,50,34,190,622.00,"118,180.00"
2019-10-24,2019102401003514,RMDC,14,53,100,620.00,"62,000.00"
2019-10-24,2019102401003473,RMDC,51,53,15,618.00,"9,270.00"
2019-10-24,2019102401003472,RMDC,33,34,10,622.00,"6,220.00"
2019-10-24,2019102401003664,RRHP,22,39,10,101.00,"1,010.00"
2019-10-24,2019102401003626,RSDC,26,55,10,327.00,"3,270.00"
2019-10-24,2019102401003477,RSDC,39,17,13,324.00,"4,212.00"
2019-10-24,2019102401003786,SABSL,48,59,10,449.00,"4,490.00"
2019-10-24,2019102401003635,SABSL,40,21,10,449.00,"4,490.00"
2019-10-24,2019102401003585,SABSL,40,47,10,449.00,"4,490.00"
2019-10-24,2019102401003519,SABSL,22,22,10,450.00,"4,500.00"
2019-10-24,2019102401003625,SADBL,22,49,20,139.00,"2,780.00"
2019-10-24,2019102401003586,SADBL,22,49,20,139.00,"2,780.00"
2019-10-24,2019102401003882,SANIMA,14,6,250,312.00,"78,000.00"
2019-10-24,2019102401003700,SANIMA,47,33,50,314.00,"15,700.00"
2019-10-24,2019102401003699,SANIMA,47,35,200,314.00,"62,800.00"
2019-10-24,2019102401003631,SANIMA,14,34,48,312.00,"14,976.00"
2019-10-24,2019102401003630,SANIMA,14,57,380,312.00,"118,560.00"
2019-10-24,2019102401003523,SANIMA,7,57,20,312.00,"6,240.00"
2019-10-24,2019102401003522,SANIMA,14,57,100,312.00,"31,200.00"
2019-10-24,2019102401003521,SANIMA,57,57,500,312.00,"156,000.00"
2019-10-24,2019102401003678,SAPDBL,37,44,100,122.00,"12,200.00"
2019-10-24,2019102401003853,SBI,22,45,20,406.00,"8,120.00"
2019-10-24,2019102401003800,SBI,8,49,45,405.00,"18,225.00"
2019-10-24,2019102401003790,SBI,8,33,121,405.00,"49,005.00"
2019-10-24,2019102401003748,SBI,8,49,34,405.00,"13,770.00"
2019-10-24,2019102401003747,SBI,47,49,50,405.00,"20,250.00"
2019-10-24,2019102401003666,SBI,18,18,1,405.00,405.00
2019-10-24,2019102401003894,SBL,21,48,100,295.00,"29,500.00"
2019-10-24,2019102401003687,SBL,44,48,300,295.00,"88,500.00"
2019-10-24,2019102401003633,SBL,42,42,"3,800",294.00,"1,117,200.00"
2019-10-24,2019102401003623,SBL,14,42,20,294.00,"5,880.00"
2019-10-24,2019102401003617,SBL,26,42,10,294.00,"2,940.00"
2019-10-24,2019102401003615,SBL,45,42,100,294.00,"29,400.00"
2019-10-24,2019102401003614,SBL,56,42,"1,000",294.00,"294,000.00"
2019-10-24,2019102401003613,SBL,35,42,200,294.00,"58,800.00"
2019-10-24,2019102401003612,SBL,53,42,500,294.00,"147,000.00"
2019-10-24,2019102401003511,SBL,8,48,50,295.00,"14,750.00"
2019-10-24,2019102401003510,SBL,8,35,70,295.00,"20,650.00"
2019-10-24,2019102401003498,SBL,8,35,30,295.00,"8,850.00"
2019-10-24,2019102401003920,SCB,47,44,100,569.00,"56,900.00"
2019-10-24,2019102401003893,SCB,41,39,10,569.00,"5,690.00"
2019-10-24,2019102401003776,SCB,22,14,10,570.00,"5,700.00"
2019-10-24,2019102401003629,SCB,29,14,20,570.00,"11,400.00"
2019-10-24,2019102401003628,SCB,29,1,80,570.00,"45,600.00"
2019-10-24,2019102401003571,SCB,41,1,20,570.00,"11,400.00"
2019-10-24,2019102401003558,SCB,41,45,48,569.00,"27,312.00"
2019-10-24,2019102401003543,SCB,41,45,60,569.00,"34,140.00"
2019-10-24,2019102401003481,SCB,14,45,36,569.00,"20,484.00"
2019-10-24,2019102401003480,SCB,14,50,64,569.00,"36,416.00"
2019-10-24,2019102401003801,SDESI,22,25,10,622.00,"6,220.00"
2019-10-24,2019102401003587,SDESI,48,21,100,610.00,"61,000.00"
2019-10-24,2019102401003717,SHINE,22,21,20,255.00,"5,100.00"
2019-10-24,2019102401003820,SHIVM,22,45,20,492.00,"9,840.00"
2019-10-24,2019102401003762,SHIVM,45,53,300,491.00,"147,300.00"
2019-10-24,2019102401003696,SHIVM,45,58,200,491.00,"98,200.00"
2019-10-24,2019102401003695,SHIVM,45,58,300,491.00,"147,300.00"
2019-10-24,2019102401003694,SHIVM,45,17,100,491.00,"49,100.00"
2019-10-24,2019102401003693,SHIVM,37,17,100,491.00,"49,100.00"
2019-10-24,2019102401003692,SHIVM,29,17,60,491.00,"29,460.00"
2019-10-24,2019102401003541,SHIVM,10,11,200,492.00,"98,400.00"
2019-10-24,2019102401003525,SHIVM,29,47,10,491.00,"4,910.00"
2019-10-24,2019102401003503,SHIVM,29,6,100,491.00,"49,100.00"
2019-10-24,2019102401003489,SHIVM,29,46,30,491.00,"14,730.00"
2019-10-24,2019102401003816,SHL,48,58,200,210.00,"42,000.00"
2019-10-24,2019102401003712,SHL,18,58,100,210.00,"21,000.00"
2019-10-24,2019102401003940,SIC,6,25,372,468.00,"174,096.00"
2019-10-24,2019102401003929,SICL,21,37,136,737.00,"100,232.00"
2019-10-24,2019102401003909,SICL,45,37,10,737.00,"7,370.00"
2019-10-24,2019102401003505,SIL,39,47,20,382.00,"7,640.00"
2019-10-24,2019102401003937,SJCL,52,22,20,175.00,"3,500.00"
2019-10-24,2019102401003932,SJCL,52,16,20,175.00,"3,500.00"
2019-10-24,2019102401003915,SJCL,52,16,20,175.00,"3,500.00"
2019-10-24,2019102401003905,SJCL,52,43,20,175.00,"3,500.00"
2019-10-24,2019102401003856,SJCL,52,43,20,175.00,"3,500.00"
2019-10-24,2019102401003444,SJCL,44,41,20,175.00,"3,500.00"
2019-10-24,2019102401003476,SJCL,34,45,100,175.00,"17,500.00"
2019-10-24,2019102401003475,SJCL,7,45,30,175.00,"5,250.00"
2019-10-24,2019102401003468,SJCL,7,44,20,175.00,"3,500.00"
2019-10-24,2019102401003526,SJCL,22,53,20,176.00,"3,520.00"
2019-10-24,2019102401003516,SJCL,52,38,20,175.00,"3,500.00"
2019-10-24,2019102401003506,SJCL,52,38,20,175.00,"3,500.00"
2019-10-24,2019102401003497,SJCL,52,38,20,175.00,"3,500.00"
2019-10-24,2019102401003484,SJCL,58,45,960,175.00,"168,000.00"
2019-10-24,2019102401003482,SJCL,25,38,20,174.00,"3,480.00"
2019-10-24,2019102401003667,SJCL,52,52,20,175.00,"3,500.00"
2019-10-24,2019102401003647,SJCL,44,22,10,176.00,"1,760.00"
2019-10-24,2019102401003634,SJCL,52,44,10,175.00,"1,750.00"
2019-10-24,2019102401003746,SJCL,1,39,20,176.00,"3,520.00"
2019-10-24,2019102401003733,SJCL,1,39,20,176.00,"3,520.00"
2019-10-24,2019102401003732,SJCL,1,6,40,176.00,"7,040.00"
2019-10-24,2019102401003698,SJCL,52,22,10,175.00,"1,750.00"
2019-10-24,2019102401003927,SKBBL,22,6,18,930.00,"16,740.00"
2019-10-24,2019102401003926,SKBBL,22,48,17,930.00,"15,810.00"
2019-10-24,2019102401003710,SKBBL,22,53,200,930.00,"186,000.00"
2019-10-24,2019102401003875,SLBBL,1,52,33,542.00,"17,886.00"
2019-10-24,2019102401003774,SLBSL,7,1,10,690.00,"6,900.00"
2019-10-24,2019102401003756,SLICL,56,17,100,265.00,"26,500.00"
2019-10-24,2019102401003755,SLICL,6,17,100,265.00,"26,500.00"
2019-10-24,2019102401003754,SLICL,17,17,50,265.00,"13,250.00"
2019-10-24,2019102401003753,SLICL,45,17,54,266.00,"14,364.00"
2019-10-24,2019102401003752,SLICL,32,17,30,266.00,"7,980.00"
2019-10-24,2019102401003499,SLICL,14,6,100,268.00,"26,800.00"
2019-10-24,2019102401003495,SLICL,32,47,20,266.00,"5,320.00"
2019-10-24,2019102401003923,SMATA,29,35,10,530.00,"5,300.00"
2019-10-24,2019102401003922,SMATA,29,45,10,530.00,"5,300.00"
2019-10-24,2019102401003896,SMATA,29,45,10,525.00,"5,250.00"
2019-10-24,2019102401003534,SMATA,29,5,120,515.00,"61,800.00"
2019-10-24,2019102401003688,SMFBS,7,33,10,775.00,"7,750.00"
2019-10-24,2019102401003486,SMFBS,28,58,10,775.00,"7,750.00"
2019-10-24,2019102401003485,SMFBS,28,22,10,774.00,"7,740.00"
2019-10-24,2019102401003448,SMFBS,44,44,10,774.00,"7,740.00"
2019-10-24,2019102401003581,SPARS,17,51,10,530.00,"5,300.00"
2019-10-24,2019102401003580,SPARS,17,11,10,529.00,"5,290.00"
2019-10-24,2019102401003451,SPARS,44,44,10,528.00,"5,280.00"
2019-10-24,2019102401003934,SRBL,50,13,707,214.00,"151,298.00"
2019-10-24,2019102401003933,SRBL,35,13,93,214.00,"19,902.00"
2019-10-24,2019102401003683,SRBL,50,13,200,214.00,"42,800.00"
2019-10-24,2019102401003492,SRBL,50,47,244,214.00,"52,216.00"
2019-10-24,2019102401003491,SRBL,50,33,640,214.00,"136,960.00"
2019-10-24,2019102401003450,SWBBL,45,47,393,906.00,"356,058.00"
2019-10-24,2019102401003570,TMDBL,29,42,50,152.00,"7,600.00"
2019-10-24,2019102401003466,TMDBL,29,4,"1,000",150.00,"150,000.00"
2019-10-24,2019102401003465,TMDBL,29,45,50,150.00,"7,500.00"
2019-10-24,2019102401003550,TRH,33,6,10,290.00,"2,900.00"
2019-10-24,2019102401003791,UFL,34,28,400,182.00,"72,800.00"
2019-10-24,2019102401003685,UFL,34,28,446,182.00,"81,172.00"
2019-10-24,2019102401003670,UIC,57,19,47,253.00,"11,891.00"
2019-10-24,2019102401003669,UIC,53,19,50,254.00,"12,700.00"
2019-10-24,2019102401003668,UIC,22,19,13,254.00,"3,302.00"
2019-10-24,2019102401003548,UIC,22,57,47,254.00,"11,938.00"
2019-10-24,2019102401003487,UIC,22,47,10,254.00,"2,540.00"
2019-10-24,2019102401003784,UPCL,22,38,500,76.00,"38,000.00"
2019-10-24,2019102401003781,UPCL,22,38,100,76.00,"7,600.00"
2019-10-24,2019102401003772,UPCL,22,38,80,76.00,"6,080.00"
2019-10-24,2019102401003768,UPCL,49,38,200,77.00,"15,400.00"
2019-10-24,2019102401003767,UPCL,6,38,300,77.00,"23,100.00"
2019-10-24,2019102401003766,UPCL,37,38,110,77.00,"8,470.00"
2019-10-24,2019102401003765,UPCL,7,38,10,78.00,780.00
2019-10-24,2019102401003888,UPPER,41,13,40,239.00,"9,560.00"
2019-10-24,2019102401003864,UPPER,41,56,62,239.00,"14,818.00"
2019-10-24,2019102401003860,UPPER,41,19,500,239.00,"119,500.00"
2019-10-24,2019102401003824,UPPER,41,13,50,239.00,"11,950.00"
2019-10-24,2019102401003716,UPPER,33,13,50,239.00,"11,950.00"
2019-10-24,2019102401003588,UPPER,33,13,40,239.00,"9,560.00"
2019-10-24,2019102401003793,UPPER,41,13,10,239.00,"2,390.00"
2019-10-24,2019102401003792,UPPER,33,13,40,239.00,"9,560.00"
2019-10-24,2019102401003778,UPPER,33,54,50,239.00,"11,950.00"
2019-10-24,2019102401003051,ADBL,53,22,111,414.00,"45,954.00"
2019-10-24,2019102401003042,ADBL,39,48,155,415.00,"64,325.00"
2019-10-24,2019102401002946,ADBL,21,48,23,415.00,"9,545.00"
2019-10-24,2019102401003386,AKBSL,44,44,10,409.00,"4,090.00"
2019-10-24,2019102401003210,AKBSL,42,45,70,407.00,"28,490.00"
2019-10-24,2019102401003120,AKBSL,42,58,10,407.00,"4,070.00"
2019-10-24,2019102401003366,AKJCL,59,11,20,53.00,"1,060.00"
2019-10-24,2019102401003204,AKPL,16,46,150,136.00,"20,400.00"
2019-10-24,2019102401003130,AKPL,16,49,50,136.00,"6,800.00"
2019-10-24,2019102401003315,ALBSL,42,13,25,379.00,"9,475.00"
2019-10-24,2019102401003314,ALBSL,51,13,185,379.00,"70,115.00"
2019-10-24,2019102401003045,ALBSL,51,25,15,379.00,"5,685.00"
2019-10-24,2019102401003044,ALBSL,58,25,10,380.00,"3,800.00"
2019-10-24,2019102401003422,API,25,25,200,113.00,"22,600.00"
2019-10-24,2019102401002965,API,25,25,50,113.00,"5,650.00"
2019-10-24,2019102401003069,BNT,55,38,20,"6,300.00","126,000.00"
2019-10-24,2019102401003217,BOKL,49,10,60,228.00,"13,680.00"
2019-10-24,2019102401003201,BOKL,37,4,"1,000",229.00,"229,000.00"
2019-10-24,2019102401003158,BPCL,26,46,400,368.00,"147,200.00"
2019-10-24,2019102401003157,BPCL,26,38,110,368.00,"40,480.00"
2019-10-24,2019102401003202,CBBL,7,45,10,971.00,"9,710.00"
2019-10-24,2019102401003080,CBBL,44,45,"1,638",970.00,"1,588,860.00"
2019-10-24,2019102401003079,CBBL,58,45,126,970.00,"122,220.00"
2019-10-24,2019102401003078,CBBL,26,45,10,971.00,"9,710.00"
2019-10-24,2019102401003318,CBL,8,39,460,143.00,"65,780.00"
2019-10-24,2019102401003046,CBL,8,44,11,143.00,"1,573.00"
2019-10-24,2019102401002988,CBL,58,44,489,143.00,"69,927.00"
2019-10-24,2019102401002968,CBL,58,55,"1,000",143.00,"143,000.00"
2019-10-24,2019102401003288,CCBL,49,50,140,156.00,"21,840.00"
2019-10-24,2019102401003208,CCBL,49,45,"2,000",157.00,"314,000.00"
2019-10-24,2019102401003207,CCBL,49,39,79,157.00,"12,403.00"
2019-10-24,2019102401003156,CCBL,49,39,200,156.00,"31,200.00"
2019-10-24,2019102401003022,CCBL,49,32,"1,000",157.00,"157,000.00"
2019-10-24,2019102401003094,CFCL,39,25,200,113.00,"22,600.00"
2019-10-24,2019102401003103,CIT,16,53,100,"1,810.00","181,000.00"
2019-10-24,2019102401003068,CIT,42,17,19,"1,810.00","34,390.00"
2019-10-24,2019102401003410,CZBIL,58,44,22,197.00,"4,334.00"
2019-10-24,2019102401003409,CZBIL,58,16,28,197.00,"5,516.00"
2019-10-24,2019102401003385,CZBIL,44,48,300,196.00,"58,800.00"
2019-10-24,2019102401003363,CZBIL,44,11,10,196.00,"1,960.00"
2019-10-24,2019102401003252,CZBIL,44,10,18,196.00,"3,528.00"
2019-10-24,2019102401003036,CZBIL,44,17,30,196.00,"5,880.00"
2019-10-24,2019102401003170,DBBL,32,39,593,126.00,"74,718.00"
2019-10-24,2019102401003169,DBBL,32,48,"1,000",126.00,"126,000.00"
2019-10-24,2019102401003168,DBBL,32,58,227,126.00,"28,602.00"
2019-10-24,2019102401003118,DBBL,44,48,20,125.00,"2,500.00"
2019-10-24,2019102401003070,DBBL,26,48,80,125.00,"10,000.00"
2019-10-24,2019102401003065,DBBL,3,48,"2,000",125.00,"250,000.00"
2019-10-24,2019102401003056,DBBL,45,48,100,125.00,"12,500.00"
2019-10-24,2019102401003064,DBBL,49,48,100,125.00,"12,500.00"
2019-10-24,2019102401003063,DBBL,34,48,100,125.00,"12,500.00"
2019-10-24,2019102401003062,DBBL,44,48,500,125.00,"62,500.00"
2019-10-24,2019102401003061,DBBL,38,48,500,125.00,"62,500.00"
2019-10-24,2019102401003060,DBBL,22,48,500,125.00,"62,500.00"
2019-10-24,2019102401003059,DBBL,45,48,200,125.00,"25,000.00"
2019-10-24,2019102401003293,DDBL,49,38,22,730.00,"16,060.00"
2019-10-24,2019102401003292,DDBL,49,38,78,730.00,"56,940.00"
2019-10-24,2019102401003289,DDBL,49,38,47,730.00,"34,310.00"
2019-10-24,2019102401003383,EBL,48,44,22,558.00,"12,276.00"
2019-10-24,2019102401003274,EBL,46,44,361,558.00,"201,438.00"
2019-10-24,2019102401003273,EBL,46,45,39,557.00,"21,723.00"
2019-10-24,2019102401003159,EBL,7,21,15,556.00,"8,340.00"
2019-10-24,2019102401003033,EBL,26,45,50,557.00,"27,850.00"
2019-10-24,2019102401002964,EBL,38,39,173,555.00,"96,015.00"
2019-10-24,2019102401002951,EBL,44,39,500,556.00,"278,000.00"
2019-10-24,2019102401002950,EBL,47,39,174,556.00,"96,744.00"
2019-10-24,2019102401002949,EBL,57,39,120,557.00,"66,840.00"
2019-10-24,2019102401003411,EIC,38,7,144,231.00,"33,264.00"
2019-10-24,2019102401003391,EIC,37,7,101,231.00,"23,331.00"
2019-10-24,2019102401003306,EIC,32,59,150,230.00,"34,500.00"
2019-10-24,2019102401003243,EIC,32,37,24,230.00,"5,520.00"
2019-10-24,2019102401003234,EIC,25,7,95,231.00,"21,945.00"
2019-10-24,2019102401003213,EIC,44,25,27,233.00,"6,291.00"
2019-10-24,2019102401003031,EIC,44,33,23,232.00,"5,336.00"
2019-10-24,2019102401003441,FMDBL,49,33,140,315.00,"44,100.00"
2019-10-24,2019102401003440,FMDBL,49,53,250,314.00,"78,500.00"
2019-10-24,2019102401003228,FMDBL,19,53,50,314.00,"15,700.00"
2019-10-24,2019102401003442,FOWAD,36,54,19,"1,290.00","24,510.00"
2019-10-24,2019102401003390,GBBL,39,39,26,219.00,"5,694.00"
2019-10-24,2019102401003389,GBBL,39,25,200,219.00,"43,800.00"
2019-10-24,2019102401003388,GBBL,39,39,76,219.00,"16,644.00"
2019-10-24,2019102401003387,GBBL,39,39,108,219.00,"23,652.00"
2019-10-24,2019102401003107,GBBL,38,39,45,219.00,"9,855.00"
2019-10-24,2019102401003106,GBBL,38,39,25,219.00,"5,475.00"
2019-10-24,2019102401003104,GBBL,39,57,90,218.00,"19,620.00"
2019-10-24,2019102401002962,GBBL,38,39,35,219.00,"7,665.00"
2019-10-24,2019102401003172,GBLBS,47,19,30,315.00,"9,450.00"
2019-10-24,2019102401003171,GBLBS,52,19,20,316.00,"6,320.00"
2019-10-24,2019102401003149,GFCL,59,59,35,137.00,"4,795.00"
2019-10-24,2019102401002948,GFCL,59,6,35,139.00,"4,865.00"
2019-10-24,2019102401003420,GLICL,38,38,87,356.00,"30,972.00"
2019-10-24,2019102401003305,GLICL,38,48,63,356.00,"22,428.00"
2019-10-24,2019102401003304,GLICL,42,48,37,356.00,"13,172.00"
2019-10-24,2019102401003421,GMFIL,54,49,72,118.00,"8,496.00"
2019-10-24,2019102401002967,HGI,58,35,100,278.00,"27,800.00"
2019-10-24,2019102401002966,HPPL,18,35,10,148.00,"1,480.00"
2019-10-24,2019102401003375,HURJA,11,14,20,105.00,"2,100.00"
2019-10-24,2019102401003374,ICFC,1,38,177,160.00,"28,320.00"
2019-10-24,2019102401003373,ICFC,51,38,100,160.00,"16,000.00"
2019-10-24,2019102401003372,ICFC,21,38,40,162.00,"6,480.00"
2019-10-24,2019102401003406,ILBS,38,44,10,418.00,"4,180.00"
2019-10-24,2019102401003397,ILBS,44,54,10,419.00,"4,190.00"
2019-10-24,2019102401003066,ILBS,44,54,10,419.00,"4,190.00"
2019-10-24,2019102401003055,ILBS,38,44,10,418.00,"4,180.00"
2019-10-24,2019102401002994,ILBS,48,42,10,418.00,"4,180.00"
2019-10-24,2019102401003119,JBBL,58,41,249,158.00,"39,342.00"
2019-10-24,2019102401003072,JBBL,47,51,100,159.00,"15,900.00"
2019-10-24,2019102401003071,JBBL,47,14,31,159.00,"4,929.00"
2019-10-24,2019102401003319,JFL,6,48,200,193.00,"38,600.00"
2019-10-24,2019102401003424,KBL,43,1,514,185.00,"95,090.00"
2019-10-24,2019102401003376,KBL,43,32,200,185.00,"37,000.00"
2019-10-24,2019102401003309,KBL,58,32,"1,000",185.00,"185,000.00"
2019-10-24,2019102401003290,KBL,58,58,681,185.00,"125,985.00"
2019-10-24,2019102401003284,KBL,40,32,100,185.00,"18,500.00"
2019-10-24,2019102401003212,KBL,40,19,400,185.00,"74,000.00"
2019-10-24,2019102401003054,KKHC,42,54,10,56.00,560.00
2019-10-24,2019102401003308,LBL,49,52,763,217.00,"165,571.00"
2019-10-24,2019102401003307,LBL,46,52,167,217.00,"36,239.00"
2019-10-24,2019102401003028,LBL,46,7,500,217.00,"108,500.00"
2019-10-24,2019102401003303,LGIL,25,17,50,336.00,"16,800.00"
2019-10-24,2019102401003141,LGIL,39,35,10,342.00,"3,420.00"
2019-10-24,2019102401003140,LGIL,39,47,21,342.00,"7,182.00"
2019-10-24,2019102401003139,LGIL,39,34,100,342.00,"34,200.00"
2019-10-24,2019102401003138,LGIL,39,16,34,342.00,"11,628.00"
2019-10-24,2019102401003137,LGIL,39,35,50,340.00,"17,000.00"
2019-10-24,2019102401002972,LGIL,39,39,100,326.00,"32,600.00"
2019-10-24,2019102401002984,LGIL,39,56,100,338.00,"33,800.00"
2019-10-24,2019102401002983,LGIL,39,45,110,332.00,"36,520.00"
2019-10-24,2019102401002982,LGIL,39,35,40,332.00,"13,280.00"
2019-10-24,2019102401002981,LGIL,39,43,50,331.00,"16,550.00"
2019-10-24,2019102401002974,LGIL,39,47,100,330.00,"33,000.00"
2019-10-24,2019102401002973,LGIL,39,44,"1,000",326.00,"326,000.00"
2019-10-24,2019102401003136,LGIL,39,47,50,339.00,"16,950.00"
2019-10-24,2019102401003134,LGIL,39,39,100,338.00,"33,800.00"
2019-10-24,2019102401003133,LGIL,39,35,50,338.00,"16,900.00"
2019-10-24,2019102401003132,LGIL,39,35,100,335.00,"33,500.00"
2019-10-24,2019102401003131,LGIL,39,35,50,334.00,"16,700.00"
2019-10-24,2019102401003123,LGIL,39,17,100,332.00,"33,200.00"
2019-10-24,2019102401003089,LICN,29,6,75,"1,000.00","75,000.00"
2019-10-24,2019102401003365,LLBS,18,34,10,671.00,"6,710.00"
2019-10-24,2019102401003394,MBL,14,32,400,229.00,"91,600.00"
2019-10-24,2019102401003340,MBL,57,50,10,228.00,"2,280.00"
2019-10-24,2019102401003034,MEGA,41,59,400,199.00,"79,600.00"
2019-10-24,2019102401003121,MEGA,41,19,200,199.00,"39,800.00"
2019-10-24,2019102401003067,MEGA,4,59,600,199.00,"119,400.00"
2019-10-24,2019102401003124,MEGA,4,19,"1,300",199.00,"258,700.00"
2019-10-24,2019102401003122,MEGA,35,19,500,199.00,"99,500.00"
2019-10-24,2019102401003175,MEGA,14,34,300,200.00,"60,000.00"
2019-10-24,2019102401003174,MEGA,14,49,100,200.00,"20,000.00"
2019-10-24,2019102401003173,MEGA,14,51,42,200.00,"8,400.00"
2019-10-24,2019102401003167,MEGA,4,39,126,199.00,"25,074.00"
2019-10-24,2019102401003181,MEGA,14,56,100,200.00,"20,000.00"
2019-10-24,2019102401003180,MEGA,14,58,"1,000",200.00,"200,000.00"
2019-10-24,2019102401003179,MEGA,14,58,77,200.00,"15,400.00"
2019-10-24,2019102401003178,MEGA,14,57,500,200.00,"100,000.00"
2019-10-24,2019102401003177,MEGA,14,34,300,200.00,"60,000.00"
2019-10-24,2019102401003176,MEGA,14,34,500,200.00,"100,000.00"
2019-10-24,2019102401003187,MEGA,14,11,500,200.00,"100,000.00"
2019-10-24,2019102401003186,MEGA,14,51,292,200.00,"58,400.00"
2019-10-24,2019102401003185,MEGA,14,19,70,200.00,"14,000.00"
2019-10-24,2019102401003184,MEGA,14,10,500,200.00,"100,000.00"
2019-10-24,2019102401003183,MEGA,14,22,100,200.00,"20,000.00"
2019-10-24,2019102401003182,MEGA,14,57,400,200.00,"80,000.00"
2019-10-24,2019102401003193,MEGA,14,42,328,200.00,"65,600.00"
2019-10-24,2019102401003192,MEGA,14,51,10,200.00,"2,000.00"
2019-10-24,2019102401003191,MEGA,14,43,202,200.00,"40,400.00"
2019-10-24,2019102401003190,MEGA,14,17,"1,118",200.00,"223,600.00"
2019-10-24,2019102401003189,MEGA,14,44,"1,686",200.00,"337,200.00"
2019-10-24,2019102401003188,MEGA,14,45,200,200.00,"40,000.00"
2019-10-24,2019102401003197,MEGA,14,19,"1,250",200.00,"250,000.00"
2019-10-24,2019102401003196,MEGA,14,52,700,200.00,"140,000.00"
2019-10-24,2019102401003195,MEGA,14,34,203,200.00,"40,600.00"
2019-10-24,2019102401003194,MEGA,14,57,500,200.00,"100,000.00"
2019-10-24,2019102401003338,MEGA,4,53,500,201.00,"100,500.00"
2019-10-24,2019102401003337,MEGA,4,51,"1,000",201.00,"201,000.00"
2019-10-24,2019102401003336,MEGA,4,32,200,201.00,"40,200.00"
2019-10-24,2019102401003392,MEGA,58,25,60,202.00,"12,120.00"
2019-10-24,2019102401003371,MEGA,46,41,"2,873",201.00,"577,473.00"
2019-10-24,2019102401003370,MEGA,41,41,20,201.00,"4,020.00"
2019-10-24,2019102401003369,MEGA,4,41,"2,000",201.00,"402,000.00"
2019-10-24,2019102401003368,MEGA,4,41,200,201.00,"40,200.00"
2019-10-24,2019102401003339,MEGA,4,22,100,201.00,"20,100.00"
2019-10-24,2019102401003407,MERO,39,6,300,561.00,"168,300.00"
2019-10-24,2019102401003241,MERO,39,6,200,561.00,"112,200.00"
2019-10-24,2019102401003240,MERO,39,58,175,561.00,"98,175.00"
2019-10-24,2019102401003239,MERO,39,49,133,560.00,"74,480.00"
2019-10-24,2019102401003110,MERO,57,49,50,560.00,"28,000.00"
2019-10-24,2019102401003021,MERO,49,49,317,560.00,"177,520.00"
2019-10-24,2019102401003019,MERO,49,6,183,560.00,"102,480.00"
2019-10-24,2019102401003007,MERO,57,6,97,560.00,"54,320.00"
2019-10-24,2019102401003006,MERO,57,49,73,560.00,"40,880.00"
2019-10-24,2019102401003154,MHNL,45,52,50,84.00,"4,200.00"
2019-10-24,2019102401003109,MHNL,10,59,60,83.00,"4,980.00"
2019-10-24,2019102401003135,MLBL,37,41,250,213.00,"53,250.00"
2019-10-24,2019102401003162,MNBBL,14,13,300,312.00,"93,600.00"
2019-10-24,2019102401003161,MNBBL,5,13,35,312.00,"10,920.00"
2019-10-24,2019102401003160,MNBBL,6,13,500,312.00,"156,000.00"
2019-10-24,2019102401003050,MNBBL,57,11,100,313.00,"31,300.00"
2019-10-24,2019102401002958,MNBBL,35,1,9,312.00,"2,808.00"
2019-10-24,2019102401002957,MNBBL,53,1,189,312.00,"58,968.00"
2019-10-24,2019102401003223,MSLB,34,48,80,870.00,"69,600.00"
2019-10-24,2019102401002945,MSLB,42,48,10,874.00,"8,740.00"
2019-10-24,2019102401003349,MSMBS,34,45,11,465.00,"5,115.00"
2019-10-24,2019102401003348,MSMBS,34,11,22,460.00,"10,120.00"
2019-10-24,2019102401003301,NABIL,17,39,100,764.00,"76,400.00"
2019-10-24,2019102401003300,NABIL,47,39,100,765.00,"76,500.00"
2019-10-24,2019102401003283,NABIL,17,34,80,764.00,"61,120.00"
2019-10-24,2019102401003282,NABIL,45,34,57,764.00,"43,548.00"
2019-10-24,2019102401003127,NABIL,29,34,100,765.00,"76,500.00"
2019-10-24,2019102401003126,NABIL,33,34,200,765.00,"153,000.00"
2019-10-24,2019102401002961,NABIL,48,39,50,765.00,"38,250.00"
2019-10-24,2019102401002960,NABIL,17,39,50,765.00,"38,250.00"
2019-10-24,2019102401003427,NADEP,29,17,12,400.00,"4,800.00"
2019-10-24,2019102401003092,NADEP,35,17,20,400.00,"8,000.00"
2019-10-24,2019102401003436,NBB,55,49,400,213.00,"85,200.00"
2019-10-24,2019102401003384,NBB,55,37,84,213.00,"17,892.00"
2019-10-24,2019102401003281,NBL,41,38,500,320.00,"160,000.00"
2019-10-24,2019102401003280,NBL,53,38,500,320.00,"160,000.00"
2019-10-24,2019102401003279,NBL,17,38,410,320.00,"131,200.00"
2019-10-24,2019102401003205,NBL,17,10,40,320.00,"12,800.00"
2019-10-24,2019102401003058,NBL,25,38,950,321.00,"304,950.00"
2019-10-24,2019102401003057,NBL,25,6,50,321.00,"16,050.00"
2019-10-24,2019102401003355,NGPL,1,52,112,100.00,"11,200.00"
2019-10-24,2019102401003102,NHPC,32,46,100,56.00,"5,600.00"
2019-10-24,2019102401003101,NHPC,32,14,550,55.00,"30,250.00"
2019-10-24,2019102401003354,NIB,39,54,100,445.00,"44,500.00"
2019-10-24,2019102401003313,NIB,42,11,55,444.00,"24,420.00"
2019-10-24,2019102401003095,NIB,44,44,3,436.00,"1,308.00"
2019-10-24,2019102401003017,NIB,42,17,30,444.00,"13,320.00"
2019-10-24,2019102401003353,NIBPO,39,52,"1,000",407.00,"407,000.00"
2019-10-24,2019102401003352,NIBPO,41,52,100,408.00,"40,800.00"
2019-10-24,2019102401003351,NIBPO,28,52,200,408.00,"81,600.00"
2019-10-24,2019102401003413,NICA,28,29,284,411.00,"116,724.00"
2019-10-24,2019102401003412,NICA,53,29,216,411.00,"88,776.00"
2019-10-24,2019102401003312,NICA,53,49,84,411.00,"34,524.00"
2019-10-24,2019102401003311,NICA,29,49,600,411.00,"246,600.00"
2019-10-24,2019102401003310,NICA,29,49,600,411.00,"246,600.00"
2019-10-24,2019102401003264,NICA,21,49,100,412.00,"41,200.00"
2019-10-24,2019102401002943,NICA,59,13,47,412.00,"19,364.00"
2019-10-24,2019102401003037,NICA,53,6,86,412.00,"35,432.00"
2019-10-24,2019102401002959,NICA,53,1,66,412.00,"27,192.00"
2019-10-24,2019102401002956,NICA,53,17,348,412.00,"143,376.00"
2019-10-24,2019102401002955,NICA,53,17,78,412.00,"32,136.00"
2019-10-24,2019102401002954,NICA,59,17,550,412.00,"226,600.00"
2019-10-24,2019102401002953,NICA,59,17,24,412.00,"9,888.00"
2019-10-24,2019102401003245,NICA,28,8,816,412.00,"336,192.00"
2019-10-24,2019102401003238,NICA,28,8,184,412.00,"75,808.00"
2019-10-24,2019102401003237,NICA,35,8,200,412.00,"82,400.00"
2019-10-24,2019102401003236,NICA,28,8,561,412.00,"231,132.00"
2019-10-24,2019102401003128,NICA,28,6,439,412.00,"180,868.00"
2019-10-24,2019102401003081,NICA,45,6,55,412.00,"22,660.00"
2019-10-24,2019102401003263,NICA,28,49,"1,000",412.00,"412,000.00"
2019-10-24,2019102401003262,NICA,28,49,"1,000",412.00,"412,000.00"
2019-10-24,2019102401003261,NICA,28,49,"1,000",412.00,"412,000.00"
2019-10-24,2019102401003260,NICA,28,49,616,412.00,"253,792.00"
2019-10-24,2019102401003259,NICA,28,57,200,412.00,"82,400.00"
2019-10-24,2019102401003246,NICA,28,8,184,412.00,"75,808.00"
2019-10-24,2019102401003074,NIL,49,38,"5,262",373.00,"1,962,726.00"
2019-10-24,2019102401003035,NIL,49,38,500,374.00,"187,000.00"
2019-10-24,2019102401003014,NIL,49,25,200,374.00,"74,800.00"
2019-10-24,2019102401003013,NIL,49,43,100,374.00,"37,400.00"
2019-10-24,2019102401003012,NIL,49,38,400,373.00,"149,200.00"
2019-10-24,2019102401003297,NLBBL,55,55,200,497.00,"99,400.00"
2019-10-24,2019102401002944,NLBBL,38,38,1,505.00,505.00
2019-10-24,2019102401003341,NLG,42,25,20,555.00,"11,100.00"
2019-10-24,2019102401003291,NLG,49,49,"5,000",550.00,"2,750,000.00"
2019-10-24,2019102401003396,NLIC,4,55,58,802.00,"46,516.00"
2019-10-24,2019102401003395,NLIC,46,55,12,802.00,"9,624.00"
2019-10-24,2019102401003359,NLIC,46,47,188,802.00,"150,776.00"
2019-10-24,2019102401003226,NLIC,26,56,300,802.00,"240,600.00"
2019-10-24,2019102401003225,NLIC,16,56,17,802.00,"13,634.00"
2019-10-24,2019102401003224,NLIC,19,56,29,803.00,"23,287.00"
2019-10-24,2019102401003163,NLIC,19,26,10,803.00,"8,030.00"
2019-10-24,2019102401003155,NLIC,10,10,1,800.00,800.00
2019-10-24,2019102401003152,NLIC,10,10,1,800.00,800.00
2019-10-24,2019102401003145,NLIC,10,10,1,800.00,800.00
2019-10-24,2019102401003075,NLIC,19,39,11,803.00,"8,833.00"
2019-10-24,2019102401003438,NLICL,41,43,10,459.00,"4,590.00"
2019-10-24,2019102401003437,NLICL,45,43,100,459.00,"45,900.00"
2019-10-24,2019102401003378,NLICL,26,25,500,460.00,"230,000.00"
2019-10-24,2019102401003377,NLICL,26,25,48,461.00,"22,128.00"
2019-10-24,2019102401003317,NLICL,35,34,10,465.00,"4,650.00"
2019-10-24,2019102401003215,NLICL,18,28,200,464.00,"92,800.00"
2019-10-24,2019102401003211,NLICL,26,1,50,461.00,"23,050.00"
2019-10-24,2019102401002952,NLICL,14,34,10,465.00,"4,650.00"
2019-10-24,2019102401003404,NMBMF,44,1,40,536.00,"21,440.00"
2019-10-24,2019102401003403,NMBMF,51,1,10,537.00,"5,370.00"
2019-10-24,2019102401003362,NMBMF,51,14,90,537.00,"48,330.00"
2019-10-24,2019102401003361,NMBMF,32,14,20,538.00,"10,760.00"
2019-10-24,2019102401003408,PCBL,26,53,800,265.00,"212,000.00"
2019-10-24,2019102401003344,PCBL,22,53,200,265.00,"53,000.00"
2019-10-24,2019102401003343,PCBL,11,53,"1,000",265.00,"265,000.00"
2019-10-24,2019102401003247,PCBL,11,41,261,265.00,"69,165.00"
2019-10-24,2019102401003200,PCBL,36,41,"1,239",265.00,"328,335.00"
2019-10-24,2019102401003199,PCBL,36,58,103,265.00,"27,295.00"
2019-10-24,2019102401003198,PCBL,36,39,658,265.00,"174,370.00"
2019-10-24,2019102401003030,PCBL,49,39,392,265.00,"103,880.00"
2019-10-24,2019102401003029,PCBL,49,14,108,265.00,"28,620.00"
2019-10-24,2019102401002963,PCBL,57,17,30,264.00,"7,920.00"
2019-10-24,2019102401003216,PFL,22,46,58,134.00,"7,772.00"
2019-10-24,2019102401003151,PFL,22,3,30,134.00,"4,020.00"
2019-10-24,2019102401003114,PIC,59,6,35,363.00,"12,705.00"
2019-10-24,2019102401003113,PIC,25,6,500,363.00,"181,500.00"
2019-10-24,2019102401003112,PIC,8,6,30,364.00,"10,920.00"
2019-10-24,2019102401003111,PIC,8,6,30,364.00,"10,920.00"
2019-10-24,2019102401003032,PIC,53,54,100,365.00,"36,500.00"
2019-10-24,2019102401003231,PICL,6,48,291,435.00,"126,585.00"
2019-10-24,2019102401003230,PICL,34,48,100,436.00,"43,600.00"
2019-10-24,2019102401003229,PICL,16,48,100,437.00,"43,700.00"
2019-10-24,2019102401003015,PROFL,55,22,200,97.00,"19,400.00"
2019-10-24,2019102401003429,PRVU,14,4,144,268.00,"38,592.00"
2019-10-24,2019102401003428,PRVU,14,8,106,268.00,"28,408.00"
2019-10-24,2019102401003329,PRVU,22,4,351,267.00,"93,717.00"
2019-10-24,2019102401003328,PRVU,38,4,500,267.00,"133,500.00"
2019-10-24,2019102401003327,PRVU,44,4,250,267.00,"66,750.00"
2019-10-24,2019102401003326,PRVU,54,4,100,267.00,"26,700.00"
2019-10-24,2019102401002993,PRVU,22,54,50,267.00,"13,350.00"
2019-10-24,2019102401002991,PRVU,47,52,200,268.00,"53,600.00"
2019-10-24,2019102401003325,PRVU,54,4,50,267.00,"13,350.00"
2019-10-24,2019102401003324,PRVU,22,4,250,267.00,"66,750.00"
2019-10-24,2019102401003296,PRVU,33,8,100,268.00,"26,800.00"
2019-10-24,2019102401003295,PRVU,33,52,100,268.00,"26,800.00"
2019-10-24,2019102401003144,PRVU,29,52,500,268.00,"134,000.00"
2019-10-24,2019102401003090,PRVU,47,52,100,268.00,"26,800.00"
2019-10-24,2019102401003439,RHPL,44,21,30,180.00,"5,400.00"
2019-10-24,2019102401003423,RHPL,58,41,40,177.00,"7,080.00"
2019-10-24,2019102401003382,RHPL,58,39,40,177.00,"7,080.00"
2019-10-24,2019102401003367,RHPL,58,49,410,177.00,"72,570.00"
2019-10-24,2019102401003364,RHPL,55,44,530,178.00,"94,340.00"
2019-10-24,2019102401003356,RHPL,58,44,30,177.00,"5,310.00"
2019-10-24,2019102401002996,RHPL,28,49,240,180.00,"43,200.00"
2019-10-24,2019102401002992,RHPL,28,45,40,180.00,"7,200.00"
2019-10-24,2019102401002987,RHPL,28,51,100,180.00,"18,000.00"
2019-10-24,2019102401003002,RHPL,52,49,"1,200",179.00,"214,800.00"
2019-10-24,2019102401003001,RHPL,28,49,200,179.00,"35,800.00"
2019-10-24,2019102401003000,RHPL,58,49,"1,000",179.00,"179,000.00"
2019-10-24,2019102401002999,RHPL,58,49,300,179.00,"53,700.00"
2019-10-24,2019102401002998,RHPL,52,49,500,180.00,"90,000.00"
2019-10-24,2019102401002997,RHPL,47,49,60,180.00,"10,800.00"
2019-10-24,2019102401003099,RHPL,58,39,30,179.00,"5,370.00"
2019-10-24,2019102401003093,RHPL,58,39,30,179.00,"5,370.00"
2019-10-24,2019102401003027,RHPL,44,44,30,179.00,"5,370.00"
2019-10-24,2019102401003005,RHPL,58,49,500,178.00,"89,000.00"
2019-10-24,2019102401003004,RHPL,6,49,500,178.00,"89,000.00"
2019-10-24,2019102401003003,RHPL,52,49,500,178.00,"89,000.00"
2019-10-24,2019102401003258,RHPL,58,58,40,179.00,"7,160.00"
2019-10-24,2019102401003235,RHPL,58,58,40,179.00,"7,160.00"
2019-10-24,2019102401003164,RHPL,58,58,40,179.00,"7,160.00"
2019-10-24,2019102401003125,RHPL,58,39,30,179.00,"5,370.00"
2019-10-24,2019102401003117,RHPL,58,39,30,179.00,"5,370.00"
2019-10-24,2019102401003108,RHPL,58,39,30,179.00,"5,370.00"
2019-10-24,2019102401003271,RHPL,54,49,"2,000",178.00,"356,000.00"
2019-10-24,2019102401003270,RHPL,41,49,500,178.00,"89,000.00"
2019-10-24,2019102401003269,RHPL,34,49,500,178.00,"89,000.00"
2019-10-24,2019102401003268,RHPL,18,49,300,178.00,"53,400.00"
2019-10-24,2019102401003267,RHPL,58,49,500,178.00,"89,000.00"
2019-10-24,2019102401003266,RHPL,58,49,730,179.00,"130,670.00"
2019-10-24,2019102401003330,RHPL,50,44,470,178.00,"83,660.00"
2019-10-24,2019102401003298,RHPL,50,54,30,178.00,"5,340.00"
2019-10-24,2019102401003278,RHPL,58,52,"1,660",177.00,"293,820.00"
2019-10-24,2019102401003277,RHPL,19,52,"1,000",177.00,"177,000.00"
2019-10-24,2019102401003276,RHPL,58,52,340,177.00,"60,180.00"
2019-10-24,2019102401003272,RHPL,1,49,60,178.00,"10,680.00"
2019-10-24,2019102401003008,RLFL,47,44,100,115.00,"11,500.00"
2019-10-24,2019102401003426,RMDC,39,58,300,621.00,"186,300.00"
2019-10-24,2019102401003425,RMDC,39,17,100,620.00,"62,000.00"
2019-10-24,2019102401003091,RMDC,33,17,400,620.00,"248,000.00"
2019-10-24,2019102401003302,RSDC,35,11,10,320.00,"3,200.00"
2019-10-24,2019102401003360,SABSL,40,17,10,449.00,"4,490.00"
2019-10-24,2019102401003233,SABSL,50,37,50,448.00,"22,400.00"
2019-10-24,2019102401003232,SABSL,47,37,30,449.00,"13,470.00"
2019-10-24,2019102401003150,SADBL,17,41,156,138.00,"21,528.00"
2019-10-24,2019102401003381,SANIMA,57,1,120,312.00,"37,440.00"
2019-10-24,2019102401003380,SANIMA,39,1,100,312.00,"31,200.00"
2019-10-24,2019102401003379,SANIMA,49,1,278,312.00,"86,736.00"
2019-10-24,2019102401003105,SANIMA,49,34,122,312.00,"38,064.00"
2019-10-24,2019102401003088,SANIMA,57,34,110,313.00,"34,430.00"
2019-10-24,2019102401003087,SANIMA,25,34,100,313.00,"31,300.00"
2019-10-24,2019102401003086,SANIMA,16,34,100,313.00,"31,300.00"
2019-10-24,2019102401003085,SANIMA,52,34,34,313.00,"10,642.00"
2019-10-24,2019102401003084,SANIMA,53,34,200,314.00,"62,800.00"
2019-10-24,2019102401003083,SANIMA,47,34,200,314.00,"62,800.00"
2019-10-24,2019102401003082,SANIMA,47,34,293,314.00,"92,002.00"
2019-10-24,2019102401003009,SANIMA,38,55,15,315.00,"4,725.00"
2019-10-24,2019102401003285,SBI,53,45,100,406.00,"40,600.00"
2019-10-24,2019102401003435,SBL,44,42,200,295.00,"59,000.00"
2019-10-24,2019102401003434,SBL,47,42,100,295.00,"29,500.00"
2019-10-24,2019102401003433,SBL,14,42,400,295.00,"118,000.00"
2019-10-24,2019102401003432,SBL,53,42,"1,000",295.00,"295,000.00"
2019-10-24,2019102401003431,SBL,56,42,500,295.00,"147,500.00"
2019-10-24,2019102401003430,SBL,58,42,170,295.00,"50,150.00"
2019-10-24,2019102401002979,SBL,14,42,400,295.00,"118,000.00"
2019-10-24,2019102401002978,SBL,53,42,"1,000",295.00,"295,000.00"
2019-10-24,2019102401002977,SBL,21,42,397,295.00,"117,115.00"
2019-10-24,2019102401002976,SBL,44,42,200,296.00,"59,200.00"
2019-10-24,2019102401002975,SBL,58,42,18,296.00,"5,328.00"
2019-10-24,2019102401003275,SBL,50,25,125,296.00,"37,000.00"
2019-10-24,2019102401003244,SBL,58,25,500,295.00,"147,500.00"
2019-10-24,2019102401003143,SBL,58,41,330,295.00,"97,350.00"
2019-10-24,2019102401003041,SBL,53,32,500,296.00,"148,000.00"
2019-10-24,2019102401003023,SBL,53,32,"1,000",296.00,"296,000.00"
2019-10-24,2019102401002980,SBL,16,42,100,295.00,"29,500.00"
2019-10-24,2019102401003414,SBL,58,52,18,296.00,"5,328.00"
2019-10-24,2019102401003335,SBL,39,52,25,296.00,"7,400.00"
2019-10-24,2019102401003323,SBL,39,13,275,296.00,"81,400.00"
2019-10-24,2019102401003322,SBL,28,13,200,296.00,"59,200.00"
2019-10-24,2019102401003321,SBL,1,13,100,296.00,"29,600.00"
2019-10-24,2019102401003320,SBL,50,13,425,296.00,"125,800.00"
2019-10-24,2019102401003350,SCB,34,59,110,566.00,"62,260.00"
2019-10-24,2019102401003294,SCB,34,13,10,567.00,"5,670.00"
2019-10-24,2019102401003100,SCB,11,57,75,568.00,"42,600.00"
2019-10-24,2019102401003018,SCB,22,57,90,567.00,"51,030.00"
2019-10-24,2019102401002970,SCB,34,54,95,567.00,"53,865.00"
2019-10-24,2019102401003251,SHINE,42,21,20,255.00,"5,100.00"
2019-10-24,2019102401003402,SHIVM,54,25,995,490.00,"487,550.00"
2019-10-24,2019102401003401,SHIVM,41,25,200,490.00,"98,000.00"
2019-10-24,2019102401003400,SHIVM,58,25,15,490.00,"7,350.00"
2019-10-24,2019102401003399,SHIVM,48,25,50,491.00,"24,550.00"
2019-10-24,2019102401003398,SHIVM,50,25,40,491.00,"19,640.00"
2019-10-24,2019102401003221,SHIVM,50,37,60,491.00,"29,460.00"
2019-10-24,2019102401003220,SHIVM,3,37,30,491.00,"14,730.00"
2019-10-24,2019102401003219,SHIVM,48,37,60,491.00,"29,460.00"
2019-10-24,2019102401003053,SHIVM,48,49,40,491.00,"19,640.00"
2019-10-24,2019102401003052,SHIVM,58,49,60,491.00,"29,460.00"
2019-10-24,2019102401002971,SHIVM,3,17,20,492.00,"9,840.00"
2019-10-24,2019102401003206,SHL,53,58,137,210.00,"28,770.00"
2019-10-24,2019102401002986,SHL,56,21,133,209.00,"27,797.00"
2019-10-24,2019102401002985,SHL,33,21,167,209.00,"34,903.00"
2019-10-24,2019102401003116,SHPC,41,28,500,196.00,"98,000.00"
2019-10-24,2019102401003222,SIC,19,35,200,470.00,"94,000.00"
2019-10-24,2019102401003405,SICL,44,56,500,736.00,"368,000.00"
2019-10-24,2019102401003342,SICL,36,17,50,739.00,"36,950.00"
2019-10-24,2019102401003419,SJCL,1,37,60,175.00,"10,500.00"
2019-10-24,2019102401003418,SJCL,1,37,80,175.00,"14,000.00"
2019-10-24,2019102401003417,SJCL,25,37,100,175.00,"17,500.00"
2019-10-24,2019102401003416,SJCL,48,37,300,175.00,"52,500.00"
2019-10-24,2019102401003415,SJCL,34,37,440,175.00,"77,000.00"
2019-10-24,2019102401003393,SJCL,34,39,20,175.00,"3,500.00"
2019-10-24,2019102401003043,SJCL,44,44,20,178.00,"3,560.00"
2019-10-24,2019102401003040,SJCL,5,44,10,177.00,"1,770.00"
2019-10-24,2019102401003039,SJCL,42,44,10,177.00,"1,770.00"
2019-10-24,2019102401003016,SJCL,5,21,15,177.00,"2,655.00"
2019-10-24,2019102401003115,SJCL,35,51,10,178.00,"1,780.00"
2019-10-24,2019102401003049,SJCL,7,45,20,178.00,"3,560.00"
2019-10-24,2019102401003048,SJCL,7,44,10,178.00,"1,780.00"
2019-10-24,2019102401003047,SJCL,7,44,20,178.00,"3,560.00"
2019-10-24,2019102401003147,SJCL,32,46,50,178.00,"8,900.00"
2019-10-24,2019102401003146,SJCL,32,39,10,178.00,"1,780.00"
2019-10-24,2019102401003142,SJCL,47,39,10,178.00,"1,780.00"
2019-10-24,2019102401003129,SJCL,47,51,10,178.00,"1,780.00"
2019-10-24,2019102401003166,SJCL,5,58,10,177.00,"1,770.00"
2019-10-24,2019102401003148,SJCL,32,35,40,178.00,"7,120.00"
2019-10-24,2019102401003253,SJCL,5,37,245,177.00,"43,365.00"
2019-10-24,2019102401003242,SJCL,5,58,20,177.00,"3,540.00"
2019-10-24,2019102401003286,SJCL,41,54,10,176.00,"1,760.00"
2019-10-24,2019102401003265,SJCL,41,58,20,176.00,"3,520.00"
2019-10-24,2019102401003257,SJCL,45,37,300,177.00,"53,100.00"
2019-10-24,2019102401003256,SJCL,32,37,100,177.00,"17,700.00"
2019-10-24,2019102401003255,SJCL,32,37,200,177.00,"35,400.00"
2019-10-24,2019102401003254,SJCL,58,37,500,177.00,"88,500.00"
2019-10-24,2019102401003333,SJCL,43,35,100,176.00,"17,600.00"
2019-10-24,2019102401003332,SJCL,14,35,500,176.00,"88,000.00"
2019-10-24,2019102401003331,SJCL,41,35,160,176.00,"28,160.00"
2019-10-24,2019102401003214,SKBBL,22,51,100,934.00,"93,400.00"
2019-10-24,2019102401003165,SLBSL,7,11,10,690.00,"6,900.00"
2019-10-24,2019102401003287,SLICL,6,1,100,266.00,"26,600.00"
2019-10-24,2019102401003209,SLICL,4,17,65,265.00,"17,225.00"
2019-10-24,2019102401003203,SLICL,45,17,55,266.00,"14,630.00"
2019-10-24,2019102401003153,SLICL,45,41,41,266.00,"10,906.00"
2019-10-24,2019102401002969,SLICL,58,1,100,269.00,"26,900.00"
2019-10-24,2019102401003227,SMATA,52,5,50,515.00,"25,750.00"
2019-10-24,2019102401003038,SPDL,45,55,50,82.00,"4,100.00"
2019-10-24,2019102401003347,SRBL,6,10,28,213.00,"5,964.00"
2019-10-24,2019102401003346,SRBL,6,47,479,213.00,"102,027.00"
2019-10-24,2019102401003345,SRBL,6,47,21,213.00,"4,473.00"
2019-10-24,2019102401003073,SRBL,6,57,230,213.00,"48,990.00"
2019-10-24,2019102401003218,TMDBL,52,45,50,150.00,"7,500.00"
2019-10-24,2019102401003026,TRH,45,44,50,285.00,"14,250.00"
2019-10-24,2019102401003025,TRH,45,17,20,284.00,"5,680.00"
2019-10-24,2019102401003011,UNHPL,14,22,50,56.00,"2,800.00"
2019-10-24,2019102401003010,UNHPL,14,6,155,55.00,"8,525.00"
2019-10-24,2019102401003299,UPCL,7,54,50,78.00,"3,900.00"
2019-10-24,2019102401003098,UPCL,37,38,90,77.00,"6,930.00"
2019-10-24,2019102401003097,UPCL,6,38,50,77.00,"3,850.00"
2019-10-24,2019102401003096,UPCL,32,38,60,78.00,"4,680.00"
2019-10-24,2019102401002995,UPCL,32,38,50,78.00,"3,900.00"
2019-10-24,2019102401002947,UPCL,32,38,100,78.00,"7,800.00"
2019-10-24,2019102401003358,UPPER,41,43,30,240.00,"7,200.00"
2019-10-24,2019102401003357,UPPER,41,33,785,240.00,"188,400.00"
2019-10-24,2019102401003334,UPPER,29,33,80,240.00,"19,200.00"
2019-10-24,2019102401003316,UPPER,33,50,293,239.00,"70,027.00"
2019-10-24,2019102401003250,UPPER,41,33,20,240.00,"4,800.00"
2019-10-24,2019102401003249,UPPER,17,33,40,240.00,"9,600.00"
2019-10-24,2019102401002989,UPPER,16,36,81,240.00,"19,440.00"
2019-10-24,2019102401003248,UPPER,6,33,75,240.00,"18,000.00"
2019-10-24,2019102401003077,UPPER,6,25,11,240.00,"2,640.00"
2019-10-24,2019102401003076,UPPER,16,25,39,240.00,"9,360.00"
2019-10-24,2019102401003024,UPPER,16,25,20,240.00,"4,800.00"
2019-10-24,2019102401003020,UPPER,16,25,20,240.00,"4,800.00"
2019-10-24,2019102401002990,UPPER,16,17,40,240.00,"9,600.00"
2019-10-24,2019102401002900,ADBL,21,5,110,415.00,"45,650.00"
2019-10-24,2019102401002683,ADBL,21,46,100,415.00,"41,500.00"
2019-10-24,2019102401002682,ADBL,21,58,767,415.00,"318,305.00"
2019-10-24,2019102401002669,ADBL,21,58,233,415.00,"96,695.00"
2019-10-24,2019102401002668,ADBL,21,39,767,415.00,"318,305.00"
2019-10-24,2019102401002659,ADBL,21,39,233,415.00,"96,695.00"
2019-10-24,2019102401002546,ADBL,45,5,53,414.00,"21,942.00"
2019-10-24,2019102401002514,ADBL,45,5,83,414.00,"34,362.00"
2019-10-24,2019102401002456,ADBL,45,5,33,414.00,"13,662.00"
2019-10-24,2019102401002455,ADBL,51,5,77,414.00,"31,878.00"
2019-10-24,2019102401002658,ADBL,21,6,520,415.00,"215,800.00"
2019-10-24,2019102401002657,ADBL,21,57,247,415.00,"102,505.00"
2019-10-24,2019102401002601,ADBL,53,5,138,414.00,"57,132.00"
2019-10-24,2019102401002549,ADBL,53,5,134,414.00,"55,476.00"
2019-10-24,2019102401002548,ADBL,13,5,20,414.00,"8,280.00"
2019-10-24,2019102401002547,ADBL,39,5,217,414.00,"89,838.00"
2019-10-24,2019102401002896,AHPC,34,48,400,104.00,"41,600.00"
2019-10-24,2019102401002883,AHPC,34,39,100,104.00,"10,400.00"
2019-10-24,2019102401002862,AHPC,28,39,20,102.00,"2,040.00"
2019-10-24,2019102401002855,AHPC,28,25,10,100.00,"1,000.00"
2019-10-24,2019102401002854,AHPC,28,37,20,99.00,"1,980.00"
2019-10-24,2019102401002804,AHPC,28,37,20,99.00,"1,980.00"
2019-10-24,2019102401002787,AHPC,28,37,10,99.00,990.00
2019-10-24,2019102401002775,AHPC,28,25,10,98.00,980.00
2019-10-24,2019102401002600,AKBSL,48,46,10,407.00,"4,070.00"
2019-10-24,2019102401002661,API,49,51,190,112.00,"21,280.00"
2019-10-24,2019102401002660,API,54,51,90,112.00,"10,080.00"
2019-10-24,2019102401002907,BNT,7,38,10,"6,300.00","63,000.00"
2019-10-24,2019102401002786,BNT,43,38,10,"6,300.00","63,000.00"
2019-10-24,2019102401002776,BNT,43,38,10,"6,300.00","63,000.00"
2019-10-24,2019102401002919,BOKL,49,17,40,228.00,"9,120.00"
2019-10-24,2019102401002810,BOKL,49,17,40,228.00,"9,120.00"
2019-10-24,2019102401002809,BOKL,26,17,50,228.00,"11,400.00"
2019-10-24,2019102401002676,BOKL,6,22,40,230.00,"9,200.00"
2019-10-24,2019102401002692,BPCL,6,26,67,369.00,"24,723.00"
2019-10-24,2019102401002610,BPCL,26,17,89,365.00,"32,485.00"
2019-10-24,2019102401002609,BPCL,39,44,11,368.00,"4,048.00"
2019-10-24,2019102401002602,BPCL,26,7,22,365.00,"8,030.00"
2019-10-24,2019102401002931,CBL,58,21,511,143.00,"73,073.00"
2019-10-24,2019102401002889,CBL,58,1,"1,102",143.00,"157,586.00"
2019-10-24,2019102401002888,CBL,58,53,111,143.00,"15,873.00"
2019-10-24,2019102401002695,CBL,51,51,463,142.00,"65,746.00"
2019-10-24,2019102401002688,CCBL,49,48,50,156.00,"7,800.00"
2019-10-24,2019102401002656,CCBL,49,5,185,156.00,"28,860.00"
2019-10-24,2019102401002525,CCBL,49,28,12,156.00,"1,872.00"
2019-10-24,2019102401002512,CCBL,49,28,11,156.00,"1,716.00"
2019-10-24,2019102401002497,CCBL,49,28,13,156.00,"2,028.00"
2019-10-24,2019102401002467,CCBL,49,5,118,156.00,"18,408.00"
2019-10-24,2019102401002509,CIT,48,6,15,"1,800.00","27,000.00"
2019-10-24,2019102401002508,CIT,29,6,30,"1,800.00","54,000.00"
2019-10-24,2019102401002507,CIT,8,6,10,"1,800.00","18,000.00"
2019-10-24,2019102401002506,CIT,45,6,25,"1,801.00","45,025.00"
2019-10-24,2019102401002903,CZBIL,44,56,"2,500",196.00,"490,000.00"
2019-10-24,2019102401002780,CZBIL,44,50,300,196.00,"58,800.00"
2019-10-24,2019102401002760,CZBIL,44,25,210,196.00,"41,160.00"
2019-10-24,2019102401002701,CZBIL,44,21,100,196.00,"19,600.00"
2019-10-24,2019102401002629,CZBIL,44,21,90,196.00,"17,640.00"
2019-10-24,2019102401002849,DBBL,26,58,500,126.00,"63,000.00"
2019-10-24,2019102401002848,DBBL,3,58,273,126.00,"34,398.00"
2019-10-24,2019102401002652,DBBL,37,29,244,127.00,"30,988.00"
2019-10-24,2019102401002651,DBBL,37,54,14,127.00,"1,778.00"
2019-10-24,2019102401002454,DBBL,3,32,100,126.00,"12,600.00"
2019-10-24,2019102401002785,EBL,57,39,80,557.00,"44,560.00"
2019-10-24,2019102401002784,EBL,45,39,170,557.00,"94,690.00"
2019-10-24,2019102401002612,EBL,58,44,696,559.00,"389,064.00"
2019-10-24,2019102401002611,EBL,58,5,304,558.00,"169,632.00"
2019-10-24,2019102401002524,EBL,52,44,60,559.00,"33,540.00"
2019-10-24,2019102401002635,FMDBL,49,21,50,313.00,"15,650.00"
2019-10-24,2019102401002634,FMDBL,47,21,50,314.00,"15,700.00"
2019-10-24,2019102401002614,FMDBL,47,29,250,314.00,"78,500.00"
2019-10-24,2019102401002613,FMDBL,57,29,50,315.00,"15,750.00"
2019-10-24,2019102401002769,FOWAD,6,33,10,"1,295.00","12,950.00"
2019-10-24,2019102401002604,FOWAD,33,54,19,"1,290.00","24,510.00"
2019-10-24,2019102401002748,GBBL,39,14,50,217.00,"10,850.00"
2019-10-24,2019102401002528,GILB,29,45,13,710.00,"9,230.00"
2019-10-24,2019102401002483,GILB,7,33,22,715.00,"15,730.00"
2019-10-24,2019102401002736,GLBSL,32,42,10,425.00,"4,250.00"
2019-10-24,2019102401002598,GLBSL,32,34,10,420.00,"4,200.00"
2019-10-24,2019102401002594,GLBSL,32,28,100,419.00,"41,900.00"
2019-10-24,2019102401002587,GLBSL,39,43,10,418.00,"4,180.00"
2019-10-24,2019102401002586,GLBSL,39,44,10,416.00,"4,160.00"
2019-10-24,2019102401002585,GLBSL,39,54,10,416.00,"4,160.00"
2019-10-24,2019102401002565,GLBSL,55,7,20,415.00,"8,300.00"
2019-10-24,2019102401002448,GLBSL,7,7,"1,000",412.00,"412,000.00"
2019-10-24,2019102401002576,GLICL,29,48,100,360.00,"36,000.00"
2019-10-24,2019102401002936,GRDBL,6,57,20,106.00,"2,120.00"
2019-10-24,2019102401002866,GUFL,46,42,134,115.00,"15,410.00"
2019-10-24,2019102401002865,GUFL,46,42,66,115.00,"7,590.00"
2019-10-24,2019102401002770,GUFL,46,36,200,114.00,"22,800.00"
2019-10-24,2019102401002447,HBL,58,19,20,506.00,"10,120.00"
2019-10-24,2019102401002446,HBL,58,19,50,506.00,"25,300.00"
2019-10-24,2019102401002532,HDL,16,56,20,"1,498.00","29,960.00"
2019-10-24,2019102401002485,HDL,16,56,20,"1,498.00","29,960.00"
2019-10-24,2019102401002851,HGI,36,47,155,277.00,"42,935.00"
2019-10-24,2019102401002686,HIDCL,5,5,75,137.00,"10,275.00"
2019-10-24,2019102401002685,HIDCL,33,5,156,137.00,"21,372.00"
2019-10-24,2019102401002530,HIDCL,33,21,44,137.00,"6,028.00"
2019-10-24,2019102401002529,HIDCL,5,21,115,137.00,"15,755.00"
2019-10-24,2019102401002478,HIDCL,5,5,159,137.00,"21,783.00"
2019-10-24,2019102401002554,HPPL,18,37,10,148.00,"1,480.00"
2019-10-24,2019102401002553,HPPL,18,47,10,148.00,"1,480.00"
2019-10-24,2019102401002552,HPPL,18,45,10,148.00,"1,480.00"
2019-10-24,2019102401002861,IGI,37,34,70,290.00,"20,300.00"
2019-10-24,2019102401002759,ILBS,25,40,10,417.00,"4,170.00"
2019-10-24,2019102401002542,ILBS,6,14,20,418.00,"8,360.00"
2019-10-24,2019102401002687,JBBL,58,34,612,158.00,"96,696.00"
2019-10-24,2019102401002645,JBBL,5,21,100,157.00,"15,700.00"
2019-10-24,2019102401002644,JBBL,54,21,100,157.00,"15,700.00"
2019-10-24,2019102401002643,JBBL,48,21,100,157.00,"15,700.00"
2019-10-24,2019102401002930,JFL,58,32,433,193.00,"83,569.00"
2019-10-24,2019102401002929,JFL,47,32,100,193.00,"19,300.00"
2019-10-24,2019102401002928,JFL,8,32,300,193.00,"57,900.00"
2019-10-24,2019102401002927,JFL,6,32,500,193.00,"96,500.00"
2019-10-24,2019102401002926,JFL,45,32,50,193.00,"9,650.00"
2019-10-24,2019102401002925,JFL,32,32,100,193.00,"19,300.00"
2019-10-24,2019102401002716,JFL,57,32,100,195.00,"19,500.00"
2019-10-24,2019102401002924,KBL,58,29,200,185.00,"37,000.00"
2019-10-24,2019102401002923,KBL,58,49,135,185.00,"24,975.00"
2019-10-24,2019102401002922,KBL,58,46,500,185.00,"92,500.00"
2019-10-24,2019102401002921,KBL,58,50,"1,000",185.00,"185,000.00"
2019-10-24,2019102401002920,KBL,58,38,300,185.00,"55,500.00"
2019-10-24,2019102401002917,KBL,55,38,100,185.00,"18,500.00"
2019-10-24,2019102401002670,KBL,18,21,306,183.00,"55,998.00"
2019-10-24,2019102401002648,KBL,43,42,209,184.00,"38,456.00"
2019-10-24,2019102401002647,KBL,43,57,291,184.00,"53,544.00"
2019-10-24,2019102401002477,KBL,18,54,77,183.00,"14,091.00"
2019-10-24,2019102401002476,KBL,6,54,115,183.00,"21,045.00"
