Date,Transact. No.,Symbol,Buyer,Seller,Quantity,Rate,Amount
2019-08-07,2019080701005383,ADBL,58,54,300,435.00,"130,500.00"
2019-08-07,2019080701005382,ADBL,17,54,"1,000",435.00,"435,000.00"
2019-08-07,2019080701005381,ADBL,17,54,350,435.00,"152,250.00"
2019-08-07,2019080701005329,ADBL,17,14,500,435.00,"217,500.00"
2019-08-07,2019080701005322,ADBL,17,56,100,435.00,"43,500.00"
2019-08-07,2019080701005234,ADBL,17,3,50,435.00,"21,750.00"
2019-08-07,2019080701005233,ADBL,17,3,350,435.00,"152,250.00"
2019-08-07,2019080701005223,ADBL,54,14,110,436.00,"47,960.00"
2019-08-07,2019080701005222,ADBL,54,39,90,436.00,"39,240.00"
2019-08-07,2019080701005163,ADBL,57,39,20,436.00,"8,720.00"
2019-08-07,2019080701005154,ADBL,59,39,100,436.00,"43,600.00"
2019-08-07,2019080701005124,ADBL,17,7,381,435.00,"165,735.00"
2019-08-07,2019080701005046,ALBSL,37,21,10,485.00,"4,850.00"
2019-08-07,2019080701005001,ALBSL,45,48,30,481.00,"14,430.00"
2019-08-07,2019080701005358,ALICL,41,28,20,360.00,"7,200.00"
2019-08-07,2019080701005357,ALICL,41,28,500,360.00,"180,000.00"
2019-08-07,2019080701005356,ALICL,55,28,60,360.00,"21,600.00"
2019-08-07,2019080701005355,ALICL,59,28,100,361.00,"36,100.00"
2019-08-07,2019080701004998,ALICL,59,17,94,362.00,"34,028.00"
2019-08-07,2019080701005350,API,25,56,"1,400",131.00,"183,400.00"
2019-08-07,2019080701005349,API,29,56,"1,000",131.00,"131,000.00"
2019-08-07,2019080701005348,API,43,56,100,131.00,"13,100.00"
2019-08-07,2019080701005347,API,25,56,300,131.00,"39,300.00"
2019-08-07,2019080701005346,API,25,56,200,131.00,"26,200.00"
2019-08-07,2019080701005308,API,34,45,200,132.00,"26,400.00"
2019-08-07,2019080701005022,API,56,57,500,132.00,"66,000.00"
2019-08-07,2019080701005021,API,36,53,"1,000",133.00,"133,000.00"
2019-08-07,2019080701004954,API,22,53,"1,000",133.00,"133,000.00"
2019-08-07,2019080701004940,API,32,53,50,133.00,"6,650.00"
2019-08-07,2019080701005036,API,43,56,150,132.00,"19,800.00"
2019-08-07,2019080701005035,API,34,56,500,132.00,"66,000.00"
2019-08-07,2019080701005034,API,50,56,500,132.00,"66,000.00"
2019-08-07,2019080701005033,API,34,56,490,132.00,"64,680.00"
2019-08-07,2019080701005025,API,34,46,10,132.00,"1,320.00"
2019-08-07,2019080701005023,API,38,57,500,132.00,"66,000.00"
2019-08-07,2019080701005055,API,34,56,500,131.00,"65,500.00"
2019-08-07,2019080701005054,API,14,56,63,131.00,"8,253.00"
2019-08-07,2019080701005053,API,25,56,640,132.00,"84,480.00"
2019-08-07,2019080701005040,API,52,53,155,133.00,"20,615.00"
2019-08-07,2019080701005038,API,25,56,360,132.00,"47,520.00"
2019-08-07,2019080701005037,API,14,56,"1,000",132.00,"132,000.00"
2019-08-07,2019080701005077,API,6,56,400,131.00,"52,400.00"
2019-08-07,2019080701005076,API,58,56,"1,103",131.00,"144,493.00"
2019-08-07,2019080701005059,API,58,56,397,131.00,"52,007.00"
2019-08-07,2019080701005058,API,11,56,200,131.00,"26,200.00"
2019-08-07,2019080701005057,API,32,56,500,131.00,"65,500.00"
2019-08-07,2019080701005056,API,19,56,700,131.00,"91,700.00"
2019-08-07,2019080701005109,API,34,53,500,132.00,"66,000.00"
2019-08-07,2019080701005080,API,25,56,897,131.00,"117,507.00"
2019-08-07,2019080701005079,API,32,56,500,131.00,"65,500.00"
2019-08-07,2019080701005078,API,25,56,100,131.00,"13,100.00"
2019-08-07,2019080701005162,API,53,53,22,131.00,"2,882.00"
2019-08-07,2019080701005151,API,25,53,100,131.00,"13,100.00"
2019-08-07,2019080701005131,API,55,53,200,131.00,"26,200.00"
2019-08-07,2019080701005130,API,34,53,"1,000",131.00,"131,000.00"
2019-08-07,2019080701005129,API,16,53,150,131.00,"19,650.00"
2019-08-07,2019080701005128,API,25,53,103,131.00,"13,493.00"
2019-08-07,2019080701005304,API,25,45,500,132.00,"66,000.00"
2019-08-07,2019080701005191,API,25,56,"1,800",131.00,"235,800.00"
2019-08-07,2019080701005190,API,4,56,"1,000",132.00,"132,000.00"
2019-08-07,2019080701005189,API,25,56,200,133.00,"26,600.00"
2019-08-07,2019080701005407,BBC,48,4,200,"1,416.00","283,200.00"
2019-08-07,2019080701005371,BOKL,6,49,213,262.00,"55,806.00"
2019-08-07,2019080701005173,BOKL,6,50,"1,027",262.00,"269,074.00"
2019-08-07,2019080701005042,BOKL,35,50,10,262.00,"2,620.00"
2019-08-07,2019080701005015,BOKL,53,50,100,262.00,"26,200.00"
2019-08-07,2019080701004988,BOKL,6,41,50,261.00,"13,050.00"
2019-08-07,2019080701005252,BPCL,47,43,20,398.00,"7,960.00"
2019-08-07,2019080701005393,CBBL,18,49,100,"1,002.00","100,200.00"
2019-08-07,2019080701005370,CBL,11,1,163,152.00,"24,776.00"
2019-08-07,2019080701005330,CBL,43,1,10,152.00,"1,520.00"
2019-08-07,2019080701005247,CBL,11,34,186,151.00,"28,086.00"
2019-08-07,2019080701005175,CBL,43,1,10,152.00,"1,520.00"
2019-08-07,2019080701005366,CCBL,35,13,377,167.00,"62,959.00"
2019-08-07,2019080701005321,CCBL,48,13,190,167.00,"31,730.00"
2019-08-07,2019080701005312,CCBL,34,34,2,167.00,334.00
2019-08-07,2019080701005282,CCBL,48,6,310,167.00,"51,770.00"
2019-08-07,2019080701005081,CCBL,1,6,690,167.00,"115,230.00"
2019-08-07,2019080701004984,CCBL,29,22,350,168.00,"58,800.00"
2019-08-07,2019080701004983,CCBL,29,57,82,168.00,"13,776.00"
2019-08-07,2019080701004982,CCBL,29,13,68,168.00,"11,424.00"
2019-08-07,2019080701004946,CCBL,1,33,310,167.00,"51,770.00"
2019-08-07,2019080701005274,CFCL,55,14,"1,000",119.00,"119,000.00"
2019-08-07,2019080701005066,CHCL,6,41,45,508.00,"22,860.00"
2019-08-07,2019080701005063,CHCL,6,28,485,508.00,"246,380.00"
2019-08-07,2019080701005127,CIT,29,57,50,"2,420.00","121,000.00"
2019-08-07,2019080701005126,CIT,7,57,100,"2,421.00","242,100.00"
2019-08-07,2019080701005125,CIT,35,57,10,"2,421.00","24,210.00"
2019-08-07,2019080701005310,CZBIL,34,39,213,221.00,"47,073.00"
2019-08-07,2019080701005309,CZBIL,39,39,230,221.00,"50,830.00"
2019-08-07,2019080701004996,CZBIL,39,52,270,221.00,"59,670.00"
2019-08-07,2019080701004995,CZBIL,57,52,30,221.00,"6,630.00"
2019-08-07,2019080701005408,DDBL,52,29,100,766.00,"76,600.00"
2019-08-07,2019080701004915,DDBL,52,29,112,766.00,"85,792.00"
2019-08-07,2019080701005188,EBL,14,36,200,652.00,"130,400.00"
2019-08-07,2019080701005123,FOWAD,37,38,50,"1,381.00","69,050.00"
2019-08-07,2019080701005183,GBBL,3,29,100,221.00,"22,100.00"
2019-08-07,2019080701005209,GBLBS,20,38,40,384.00,"15,360.00"
2019-08-07,2019080701005187,GBLBS,49,25,11,380.00,"4,180.00"
2019-08-07,2019080701005186,GBLBS,6,25,25,380.00,"9,500.00"
2019-08-07,2019080701005164,GBLBS,13,38,80,384.00,"30,720.00"
2019-08-07,2019080701005156,GBLBS,58,38,450,384.00,"172,800.00"
2019-08-07,2019080701005155,GBLBS,58,34,50,384.00,"19,200.00"
2019-08-07,2019080701005221,GHL,16,49,30,83.00,"2,490.00"
2019-08-07,2019080701004919,GILB,7,46,22,707.00,"15,554.00"
2019-08-07,2019080701005122,GLBSL,26,7,10,534.00,"5,340.00"
2019-08-07,2019080701005121,GLBSL,26,35,200,534.00,"106,800.00"
2019-08-07,2019080701005120,GLBSL,26,17,10,534.00,"5,340.00"
2019-08-07,2019080701005092,GLBSL,8,32,10,530.00,"5,300.00"
2019-08-07,2019080701004941,GLBSL,51,51,10,530.00,"5,300.00"
2019-08-07,2019080701005064,GLBSL,8,32,10,526.00,"5,260.00"
2019-08-07,2019080701005002,GLBSL,8,8,10,526.00,"5,260.00"
2019-08-07,2019080701004979,GLBSL,51,8,10,530.00,"5,300.00"
2019-08-07,2019080701004966,GLBSL,51,8,10,530.00,"5,300.00"
2019-08-07,2019080701004958,GLBSL,51,8,10,530.00,"5,300.00"
2019-08-07,2019080701004951,GLBSL,51,8,10,530.00,"5,300.00"
2019-08-07,2019080701005364,GLICL,22,45,30,485.00,"14,550.00"
2019-08-07,2019080701005363,GLICL,22,46,19,484.00,"9,196.00"
2019-08-07,2019080701005176,GLICL,49,58,13,483.00,"6,279.00"
2019-08-07,2019080701005386,GMFBS,33,16,10,591.00,"5,910.00"
2019-08-07,2019080701005377,GMFBS,33,16,10,591.00,"5,910.00"
2019-08-07,2019080701005258,GMFBS,7,43,10,585.00,"5,850.00"
2019-08-07,2019080701005257,GMFBS,7,43,10,585.00,"5,850.00"
2019-08-07,2019080701005256,GMFBS,7,50,30,584.00,"17,520.00"
2019-08-07,2019080701005014,GMFBS,41,35,200,580.00,"116,000.00"
2019-08-07,2019080701005012,GMFBS,39,33,10,574.00,"5,740.00"
2019-08-07,2019080701004970,GMFBS,33,41,95,576.00,"54,720.00"
2019-08-07,2019080701004950,GMFBS,28,41,200,576.00,"115,200.00"
2019-08-07,2019080701004949,GMFBS,28,41,50,578.00,"28,900.00"
2019-08-07,2019080701004930,GMFBS,39,41,100,579.00,"57,900.00"
2019-08-07,2019080701005091,HDL,48,7,220,"1,520.00","334,400.00"
2019-08-07,2019080701005090,HDL,48,7,100,"1,520.00","152,000.00"
2019-08-07,2019080701005089,HDL,28,7,20,"1,520.00","30,400.00"
2019-08-07,2019080701005088,HDL,33,7,50,"1,521.00","76,050.00"
2019-08-07,2019080701005087,HDL,57,7,50,"1,521.00","76,050.00"
2019-08-07,2019080701005086,HDL,41,7,100,"1,522.00","152,200.00"
2019-08-07,2019080701005085,HDL,49,7,10,"1,522.00","15,220.00"
2019-08-07,2019080701005084,HDL,35,7,10,"1,523.00","15,230.00"
2019-08-07,2019080701005083,HDL,6,7,20,"1,525.00","30,500.00"
2019-08-07,2019080701005395,HIDCL,44,8,117,156.00,"18,252.00"
2019-08-07,2019080701005394,HIDCL,44,39,183,156.00,"28,548.00"
2019-08-07,2019080701004939,HIDCL,58,46,31,153.00,"4,743.00"
2019-08-07,2019080701004938,HIDCL,45,46,30,153.00,"4,590.00"
2019-08-07,2019080701004977,HPPL,22,51,10,175.00,"1,750.00"
2019-08-07,2019080701004957,HPPL,22,29,10,172.00,"1,720.00"
2019-08-07,2019080701005142,HURJA,59,18,630,131.00,"82,530.00"
2019-08-07,2019080701005141,HURJA,19,18,40,131.00,"5,240.00"
2019-08-07,2019080701005140,HURJA,11,18,100,131.00,"13,100.00"
2019-08-07,2019080701005139,HURJA,6,18,200,131.00,"26,200.00"
2019-08-07,2019080701005138,HURJA,59,18,30,131.00,"3,930.00"
2019-08-07,2019080701005137,HURJA,35,18,50,132.00,"6,600.00"
2019-08-07,2019080701005136,HURJA,35,18,100,132.00,"13,200.00"
2019-08-07,2019080701005135,HURJA,58,18,40,132.00,"5,280.00"
2019-08-07,2019080701005134,HURJA,34,18,50,132.00,"6,600.00"
2019-08-07,2019080701005133,HURJA,7,18,300,132.00,"39,600.00"
2019-08-07,2019080701005132,HURJA,11,18,60,132.00,"7,920.00"
2019-08-07,2019080701005075,ICFC,1,4,10,163.00,"1,630.00"
2019-08-07,2019080701005261,ILBS,14,5,20,490.00,"9,800.00"
2019-08-07,2019080701005260,ILBS,21,28,70,487.00,"34,090.00"
2019-08-07,2019080701005259,ILBS,16,28,40,488.00,"19,520.00"
2019-08-07,2019080701005171,ILBS,16,32,50,488.00,"24,400.00"
2019-08-07,2019080701005024,ILBS,16,32,10,488.00,"4,880.00"
2019-08-07,2019080701005017,ILBS,21,6,10,490.00,"4,900.00"
2019-08-07,2019080701005011,ILBS,21,32,10,490.00,"4,900.00"
2019-08-07,2019080701004997,ILBS,21,32,10,487.00,"4,870.00"
2019-08-07,2019080701004981,ILBS,5,6,10,490.00,"4,900.00"
2019-08-07,2019080701004978,ILBS,5,32,10,490.00,"4,900.00"
2019-08-07,2019080701004959,ILBS,5,32,10,490.00,"4,900.00"
2019-08-07,2019080701005108,JFL,40,6,200,191.00,"38,200.00"
2019-08-07,2019080701005060,JFL,40,16,97,190.00,"18,430.00"
2019-08-07,2019080701005273,JSLBB,39,58,40,"1,030.00","41,200.00"
2019-08-07,2019080701005272,JSLBB,39,32,60,"1,029.00","61,740.00"
2019-08-07,2019080701005410,KBL,59,44,100,211.00,"21,100.00"
2019-08-07,2019080701005248,KBL,28,4,50,210.00,"10,500.00"
2019-08-07,2019080701005169,KBL,18,26,50,212.00,"10,600.00"
2019-08-07,2019080701005150,KBL,28,11,801,210.00,"168,210.00"
2019-08-07,2019080701005145,KBL,28,4,200,210.00,"42,000.00"
2019-08-07,2019080701005117,KBL,28,39,92,210.00,"19,320.00"
2019-08-07,2019080701005116,KBL,10,39,234,210.00,"49,140.00"
2019-08-07,2019080701005048,KBL,18,39,100,211.00,"21,100.00"
2019-08-07,2019080701005047,KBL,52,39,474,211.00,"100,014.00"
2019-08-07,2019080701005406,KPCL,47,49,10,89.00,890.00
2019-08-07,2019080701005388,KSBBL,59,50,312,150.00,"46,800.00"
2019-08-07,2019080701005387,KSBBL,56,50,500,150.00,"75,000.00"
2019-08-07,2019080701005333,KSBBL,51,33,100,151.00,"15,100.00"
2019-08-07,2019080701005332,KSBBL,44,33,335,151.00,"50,585.00"
2019-08-07,2019080701005331,KSBBL,45,33,365,151.00,"55,115.00"
2019-08-07,2019080701005242,KSBBL,45,42,635,151.00,"95,885.00"
2019-08-07,2019080701005241,KSBBL,21,42,500,151.00,"75,500.00"
2019-08-07,2019080701005240,KSBBL,25,42,300,151.00,"45,300.00"
2019-08-07,2019080701005239,KSBBL,56,42,100,151.00,"15,100.00"
2019-08-07,2019080701005238,KSBBL,17,42,465,151.00,"70,215.00"
2019-08-07,2019080701005313,LBL,5,7,200,217.00,"43,400.00"
2019-08-07,2019080701004935,LBL,36,39,246,216.00,"53,136.00"
2019-08-07,2019080701005352,LICN,37,59,15,"1,147.00","17,205.00"
2019-08-07,2019080701005039,LICN,41,8,100,"1,147.00","114,700.00"
2019-08-07,2019080701005385,LLBS,55,57,10,775.00,"7,750.00"
2019-08-07,2019080701005237,LLBS,49,57,10,775.00,"7,750.00"
2019-08-07,2019080701005236,LLBS,49,29,30,769.00,"23,070.00"
2019-08-07,2019080701005235,LLBS,49,32,20,769.00,"15,380.00"
2019-08-07,2019080701005210,LLBS,49,32,"1,000",768.00,"768,000.00"
2019-08-07,2019080701005369,MBL,25,43,245,260.00,"63,700.00"
2019-08-07,2019080701005368,MBL,44,43,400,260.00,"104,000.00"
2019-08-07,2019080701005367,MBL,25,43,355,260.00,"92,300.00"
2019-08-07,2019080701005403,MEGA,41,28,691,202.00,"139,582.00"
2019-08-07,2019080701005398,MEGA,43,28,10,203.00,"2,030.00"
2019-08-07,2019080701005296,MEGA,41,58,309,202.00,"62,418.00"
2019-08-07,2019080701005295,MEGA,32,58,60,202.00,"12,120.00"
2019-08-07,2019080701005294,MEGA,8,58,551,202.00,"111,302.00"
2019-08-07,2019080701005285,MEGA,43,28,10,203.00,"2,030.00"
2019-08-07,2019080701005149,MEGA,41,4,500,203.00,"101,500.00"
2019-08-07,2019080701005051,MEGA,45,4,395,203.00,"80,185.00"
2019-08-07,2019080701005049,MEGA,45,35,605,203.00,"122,815.00"
2019-08-07,2019080701005195,MEGA,22,42,100,202.00,"20,200.00"
2019-08-07,2019080701005194,MEGA,58,42,100,202.00,"20,200.00"
2019-08-07,2019080701005193,MEGA,3,42,100,202.00,"20,200.00"
2019-08-07,2019080701005192,MEGA,49,42,256,202.00,"51,712.00"
2019-08-07,2019080701005168,MEGA,58,28,95,203.00,"19,285.00"
2019-08-07,2019080701005167,MEGA,58,4,105,203.00,"21,315.00"
2019-08-07,2019080701005263,MEGA,53,28,100,203.00,"20,300.00"
2019-08-07,2019080701005200,MEGA,8,42,449,202.00,"90,698.00"
2019-08-07,2019080701005199,MEGA,58,42,50,202.00,"10,100.00"
2019-08-07,2019080701005198,MEGA,36,42,95,202.00,"19,190.00"
2019-08-07,2019080701005197,MEGA,57,42,100,202.00,"20,200.00"
2019-08-07,2019080701005196,MEGA,48,42,750,202.00,"151,500.00"
2019-08-07,2019080701004918,MFIL,17,39,640,122.00,"78,080.00"
2019-08-07,2019080701004917,MFIL,1,39,"1,000",123.00,"123,000.00"
2019-08-07,2019080701004916,MFIL,32,39,658,123.00,"80,934.00"
2019-08-07,2019080701005281,MNBBL,19,35,"1,000",375.00,"375,000.00"
2019-08-07,2019080701005280,MNBBL,19,10,"1,000",375.00,"375,000.00"
2019-08-07,2019080701005071,MNBBL,1,57,48,374.00,"17,952.00"
2019-08-07,2019080701005070,MNBBL,19,57,64,374.00,"23,936.00"
2019-08-07,2019080701005254,MSMBS,38,22,144,533.00,"76,752.00"
2019-08-07,2019080701005283,NABIL,35,25,200,790.00,"158,000.00"
2019-08-07,2019080701005161,NABIL,35,6,310,790.00,"244,900.00"
2019-08-07,2019080701005103,NABIL,52,6,190,792.00,"150,480.00"
2019-08-07,2019080701005102,NABIL,52,49,51,792.00,"40,392.00"
2019-08-07,2019080701005101,NABIL,52,42,59,792.00,"46,728.00"
2019-08-07,2019080701005100,NABIL,52,19,200,791.00,"158,200.00"
2019-08-07,2019080701005220,NADEP,22,8,40,469.00,"18,760.00"
2019-08-07,2019080701005032,NADEP,22,43,10,469.00,"4,690.00"
2019-08-07,2019080701005031,NADEP,22,43,10,469.00,"4,690.00"
2019-08-07,2019080701005030,NADEP,22,43,10,468.00,"4,680.00"
2019-08-07,2019080701005029,NADEP,22,43,10,468.00,"4,680.00"
2019-08-07,2019080701005166,NAGRO,50,28,10,869.00,"8,690.00"
2019-08-07,2019080701005041,NAGRO,50,40,10,869.00,"8,690.00"
2019-08-07,2019080701004927,NAGRO,50,34,150,869.00,"130,350.00"
2019-08-07,2019080701004926,NAGRO,50,34,100,869.00,"86,900.00"
2019-08-07,2019080701004925,NAGRO,50,3,100,869.00,"86,900.00"
2019-08-07,2019080701004924,NAGRO,50,43,200,869.00,"173,800.00"
2019-08-07,2019080701004923,NAGRO,50,11,10,869.00,"8,690.00"
2019-08-07,2019080701004922,NAGRO,50,34,200,869.00,"173,800.00"
2019-08-07,2019080701004921,NAGRO,50,13,10,868.00,"8,680.00"
2019-08-07,2019080701004920,NAGRO,50,1,10,868.00,"8,680.00"
2019-08-07,2019080701005405,NBB,29,22,225,219.00,"49,275.00"
2019-08-07,2019080701005028,NBB,57,22,500,219.00,"109,500.00"
2019-08-07,2019080701005409,NBL,33,28,10,331.00,"3,310.00"
2019-08-07,2019080701005246,NBL,45,57,900,330.00,"297,000.00"
2019-08-07,2019080701005243,NBL,45,32,440,330.00,"145,200.00"
2019-08-07,2019080701005172,NBL,22,32,260,330.00,"85,800.00"
2019-08-07,2019080701005160,NBL,56,32,300,330.00,"99,000.00"
2019-08-07,2019080701004914,NBL,1,4,28,329.00,"9,212.00"
2019-08-07,2019080701005413,NCCB,58,50,10,242.00,"2,420.00"
2019-08-07,2019080701005402,NCCB,21,50,500,242.00,"121,000.00"
2019-08-07,2019080701005351,NCCB,5,50,400,242.00,"96,800.00"
2019-08-07,2019080701005279,NCCB,48,50,"1,000",241.00,"241,000.00"
2019-08-07,2019080701005181,NCCB,4,50,466,242.00,"112,772.00"
2019-08-07,2019080701005180,NCCB,4,1,34,242.00,"8,228.00"
2019-08-07,2019080701004975,NCCB,51,32,"1,000",241.00,"241,000.00"
2019-08-07,2019080701004974,NCCB,51,32,508,241.00,"122,428.00"
2019-08-07,2019080701005112,NCCB,7,1,646,242.00,"156,332.00"
2019-08-07,2019080701005111,NCCB,7,38,354,242.00,"85,668.00"
2019-08-07,2019080701005093,NCCB,55,1,100,242.00,"24,200.00"
2019-08-07,2019080701005069,NCCB,48,1,20,242.00,"4,840.00"
2019-08-07,2019080701005027,NCCB,39,32,"1,216",241.00,"293,056.00"
2019-08-07,2019080701004976,NCCB,25,32,500,241.00,"120,500.00"
2019-08-07,2019080701005378,NEF,28,34,241,8.11,"1,954.51"
2019-08-07,2019080701005293,NIB,34,34,17,511.00,"8,687.00"
2019-08-07,2019080701005227,NIB,25,6,200,512.00,"102,400.00"
2019-08-07,2019080701005010,NIBPO,16,6,905,461.00,"417,205.00"
2019-08-07,2019080701005009,NIBPO,28,6,100,461.00,"46,100.00"
2019-08-07,2019080701005008,NIBPO,10,6,200,461.00,"92,200.00"
2019-08-07,2019080701005007,NIBPO,57,6,"1,000",461.00,"461,000.00"
2019-08-07,2019080701005006,NIBPO,25,6,300,461.00,"138,300.00"
2019-08-07,2019080701005005,NIBPO,7,6,10,462.00,"4,620.00"
2019-08-07,2019080701005004,NIBPO,57,6,85,462.00,"39,270.00"
2019-08-07,2019080701005218,NICA,33,48,50,453.00,"22,650.00"
2019-08-07,2019080701005217,NICA,33,48,200,453.00,"90,600.00"
2019-08-07,2019080701005216,NICA,59,48,500,453.00,"226,500.00"
2019-08-07,2019080701005215,NICA,48,48,100,453.00,"45,300.00"
2019-08-07,2019080701005214,NICA,54,48,200,453.00,"90,600.00"
2019-08-07,2019080701005213,NICA,14,48,300,454.00,"136,200.00"
2019-08-07,2019080701005212,NICA,45,48,13,454.00,"5,902.00"
2019-08-07,2019080701005211,NICA,45,48,23,454.00,"10,442.00"
2019-08-07,2019080701005334,NICL,1,20,33,348.00,"11,484.00"
2019-08-07,2019080701005253,NICL,6,48,"1,000",350.00,"350,000.00"
2019-08-07,2019080701005226,NICL,6,48,224,350.00,"78,400.00"
2019-08-07,2019080701005225,NICL,6,25,500,350.00,"175,000.00"
2019-08-07,2019080701005224,NICL,6,25,276,350.00,"96,600.00"
2019-08-07,2019080701005003,NICL,36,25,100,350.00,"35,000.00"
2019-08-07,2019080701005320,NLBBL,44,37,500,578.00,"289,000.00"
2019-08-07,2019080701005319,NLBBL,44,59,300,578.00,"173,400.00"
2019-08-07,2019080701005318,NLBBL,44,22,250,578.00,"144,500.00"
2019-08-07,2019080701005317,NLBBL,44,22,115,578.00,"66,470.00"
2019-08-07,2019080701005316,NLBBL,44,26,100,578.00,"57,800.00"
2019-08-07,2019080701005315,NLBBL,44,35,50,578.00,"28,900.00"
2019-08-07,2019080701005284,NLBBL,53,28,"1,200",572.00,"686,400.00"
2019-08-07,2019080701004934,NLBBL,52,21,35,570.00,"19,950.00"
2019-08-07,2019080701005376,NLIC,33,39,100,875.00,"87,500.00"
2019-08-07,2019080701005305,NLIC,56,39,50,875.00,"43,750.00"
2019-08-07,2019080701005286,NLIC,35,44,"1,000",874.00,"874,000.00"
2019-08-07,2019080701005144,NLIC,54,39,42,875.00,"36,750.00"
2019-08-07,2019080701005143,NLIC,54,52,158,875.00,"138,250.00"
2019-08-07,2019080701004965,NLIC,33,52,142,875.00,"124,250.00"
2019-08-07,2019080701004964,NLIC,33,6,428,875.00,"374,500.00"
2019-08-07,2019080701005375,NLICL,43,16,10,580.00,"5,800.00"
2019-08-07,2019080701005264,NLICL,54,19,140,571.00,"79,940.00"
2019-08-07,2019080701005232,NLICL,44,19,50,572.00,"28,600.00"
2019-08-07,2019080701005231,NLICL,32,19,200,572.00,"114,400.00"
2019-08-07,2019080701005230,NLICL,37,19,84,572.00,"48,048.00"
2019-08-07,2019080701005229,NLICL,10,19,315,573.00,"180,495.00"
2019-08-07,2019080701005228,NLICL,44,19,32,575.00,"18,400.00"
2019-08-07,2019080701005153,NLICL,43,19,10,578.00,"5,780.00"
2019-08-07,2019080701005219,NMBMF,40,21,69,"1,063.00","73,347.00"
2019-08-07,2019080701005400,NNLB,29,38,120,452.00,"54,240.00"
2019-08-07,2019080701005399,NNLB,6,38,50,452.00,"22,600.00"
2019-08-07,2019080701005000,NNLB,6,51,10,461.00,"4,610.00"
2019-08-07,2019080701005013,NSEWA,57,8,30,468.00,"14,040.00"
2019-08-07,2019080701005397,NTC,21,41,100,692.00,"69,200.00"
2019-08-07,2019080701005396,NTC,22,41,100,692.00,"69,200.00"
2019-08-07,2019080701005314,NTC,6,46,20,693.00,"13,860.00"
2019-08-07,2019080701005165,NTC,43,42,10,694.00,"6,940.00"
2019-08-07,2019080701005067,NUBL,10,16,16,896.00,"14,336.00"
2019-08-07,2019080701004969,NUBL,54,16,40,900.00,"36,000.00"
2019-08-07,2019080701004968,NUBL,54,17,50,900.00,"45,000.00"
2019-08-07,2019080701004967,NUBL,54,21,10,900.00,"9,000.00"
2019-08-07,2019080701005068,NUBL,22,16,90,895.00,"80,550.00"
2019-08-07,2019080701005262,OHL,7,43,10,605.00,"6,050.00"
2019-08-07,2019080701005380,PCBL,17,8,200,279.00,"55,800.00"
2019-08-07,2019080701004929,PCBL,17,11,590,279.00,"164,610.00"
2019-08-07,2019080701005335,PPCL,6,34,30,137.00,"4,110.00"
2019-08-07,2019080701005307,PPCL,6,49,10,135.00,"1,350.00"
2019-08-07,2019080701005306,PPCL,6,14,10,135.00,"1,350.00"
2019-08-07,2019080701005292,PPCL,6,35,30,133.00,"3,990.00"
2019-08-07,2019080701005271,PPCL,6,29,30,131.00,"3,930.00"
2019-08-07,2019080701005270,PPCL,6,53,10,131.00,"1,310.00"
2019-08-07,2019080701005269,PPCL,6,6,30,131.00,"3,930.00"
2019-08-07,2019080701005268,PPCL,6,46,20,130.00,"2,600.00"
2019-08-07,2019080701005267,PPCL,6,46,30,130.00,"3,900.00"
2019-08-07,2019080701005266,PPCL,6,46,30,130.00,"3,900.00"
2019-08-07,2019080701005265,PPCL,6,46,20,130.00,"2,600.00"
2019-08-07,2019080701005177,PPCL,38,8,10,129.00,"1,290.00"
2019-08-07,2019080701004960,PRIN,43,34,135,365.00,"49,275.00"
2019-08-07,2019080701004953,PRIN,13,32,21,364.00,"7,644.00"
2019-08-07,2019080701004952,PRIN,41,32,40,364.00,"14,560.00"
2019-08-07,2019080701004937,PRIN,41,11,160,364.00,"58,240.00"
2019-08-07,2019080701004936,PRIN,41,5,100,364.00,"36,400.00"
2019-08-07,2019080701005345,PRVU,48,34,665,272.00,"180,880.00"
2019-08-07,2019080701005344,PRVU,48,34,335,272.00,"91,120.00"
2019-08-07,2019080701005311,PRVU,40,34,115,272.00,"31,280.00"
2019-08-07,2019080701004956,PRVU,32,11,235,271.00,"63,685.00"
2019-08-07,2019080701004955,PRVU,37,11,265,271.00,"71,815.00"
2019-08-07,2019080701004945,PRVU,37,11,35,271.00,"9,485.00"
2019-08-07,2019080701004944,PRVU,58,11,200,271.00,"54,200.00"
2019-08-07,2019080701004943,PRVU,51,11,63,271.00,"17,073.00"
2019-08-07,2019080701005159,RBCLPO,33,41,10,"8,620.00","86,200.00"
2019-08-07,2019080701005404,RHPC,32,49,"1,000",89.00,"89,000.00"
2019-08-07,2019080701005374,RHPC,5,49,100,90.00,"9,000.00"
2019-08-07,2019080701005291,RMDC,1,10,15,670.00,"10,050.00"
2019-08-07,2019080701004999,RRHP,14,51,10,105.00,"1,050.00"
2019-08-07,2019080701005343,RSDC,42,42,300,373.00,"111,900.00"
2019-08-07,2019080701005251,RSDC,17,6,73,380.00,"27,740.00"
2019-08-07,2019080701005250,RSDC,17,43,31,380.00,"11,780.00"
2019-08-07,2019080701005249,RSDC,17,13,30,377.00,"11,310.00"
2019-08-07,2019080701005342,SANIMA,57,29,"1,000",355.00,"355,000.00"
2019-08-07,2019080701005341,SANIMA,57,42,600,355.00,"213,000.00"
2019-08-07,2019080701005340,SANIMA,57,57,80,355.00,"28,400.00"
2019-08-07,2019080701005339,SANIMA,57,36,32,355.00,"11,360.00"
2019-08-07,2019080701005338,SANIMA,57,35,60,355.00,"21,300.00"
2019-08-07,2019080701005337,SANIMA,57,47,50,355.00,"17,750.00"
2019-08-07,2019080701005336,SANIMA,57,52,100,355.00,"35,500.00"
2019-08-07,2019080701005020,SANIMA,14,36,50,354.00,"17,700.00"
2019-08-07,2019080701005019,SANIMA,14,37,305,354.00,"107,970.00"
2019-08-07,2019080701005018,SANIMA,14,39,200,354.00,"70,800.00"
2019-08-07,2019080701005412,SBI,42,29,100,458.00,"45,800.00"
2019-08-07,2019080701005411,SBI,49,29,60,459.00,"27,540.00"
2019-08-07,2019080701005158,SBI,29,28,100,460.00,"46,000.00"
2019-08-07,2019080701005157,SBI,8,28,374,460.00,"172,040.00"
2019-08-07,2019080701005062,SBI,8,19,626,460.00,"287,960.00"
2019-08-07,2019080701005061,SBI,35,19,393,460.00,"180,780.00"
2019-08-07,2019080701005390,SCB,40,21,35,651.00,"22,785.00"
2019-08-07,2019080701005389,SCB,45,21,10,652.00,"6,520.00"
2019-08-07,2019080701005278,SCB,6,36,75,655.00,"49,125.00"
2019-08-07,2019080701005277,SCB,34,36,30,655.00,"19,650.00"
2019-08-07,2019080701005276,SCB,21,36,10,655.00,"6,550.00"
2019-08-07,2019080701005275,SCB,47,36,20,655.00,"13,100.00"
2019-08-07,2019080701005094,SCB,14,41,100,658.00,"65,800.00"
2019-08-07,2019080701004933,SDESI,43,38,171,606.00,"103,626.00"
2019-08-07,2019080701004932,SDESI,49,38,40,608.00,"24,320.00"
2019-08-07,2019080701004931,SDESI,17,38,50,616.00,"30,800.00"
2019-08-07,2019080701005107,SFFIL,34,6,135,260.00,"35,100.00"
2019-08-07,2019080701005106,SFFIL,34,6,160,260.00,"41,600.00"
2019-08-07,2019080701005401,SHINE,57,56,141,254.00,"35,814.00"
2019-08-07,2019080701005170,SHINE,57,14,500,254.00,"127,000.00"
2019-08-07,2019080701005379,SHIVM,32,6,50,588.00,"29,400.00"
2019-08-07,2019080701005365,SHIVM,1,40,100,585.00,"58,500.00"
2019-08-07,2019080701005184,SHIVM,43,40,555,585.00,"324,675.00"
2019-08-07,2019080701005182,SHIVM,43,38,200,585.00,"117,000.00"
2019-08-07,2019080701005148,SHIVM,43,48,690,585.00,"403,650.00"
2019-08-07,2019080701005147,SHIVM,32,48,100,586.00,"58,600.00"
2019-08-07,2019080701005146,SHIVM,35,48,60,586.00,"35,160.00"
2019-08-07,2019080701005097,SHIVM,42,33,100,587.00,"58,700.00"
2019-08-07,2019080701005082,SHL,57,8,300,232.00,"69,600.00"
2019-08-07,2019080701005052,SHL,57,8,190,233.00,"44,270.00"
2019-08-07,2019080701005302,SHPC,43,43,"2,000",244.00,"488,000.00"
2019-08-07,2019080701005065,SHPC,16,11,32,243.00,"7,776.00"
2019-08-07,2019080701004973,SHPC,16,36,785,243.00,"190,755.00"
2019-08-07,2019080701004972,SHPC,29,36,200,243.00,"48,600.00"
2019-08-07,2019080701004971,SHPC,25,36,200,243.00,"48,600.00"
2019-08-07,2019080701004963,SHPC,41,11,370,244.00,"90,280.00"
2019-08-07,2019080701004962,SHPC,41,38,630,244.00,"153,720.00"
2019-08-07,2019080701005208,SICL,35,3,15,785.00,"11,775.00"
2019-08-07,2019080701005207,SICL,35,3,30,785.00,"23,550.00"
2019-08-07,2019080701005206,SICL,35,3,40,785.00,"31,400.00"
2019-08-07,2019080701005205,SICL,35,3,30,785.00,"23,550.00"
2019-08-07,2019080701005204,SICL,35,3,50,785.00,"39,250.00"
2019-08-07,2019080701005203,SICL,35,3,50,785.00,"39,250.00"
2019-08-07,2019080701005202,SICL,34,3,50,785.00,"39,250.00"
2019-08-07,2019080701005201,SICL,32,3,40,787.00,"31,480.00"
2019-08-07,2019080701004928,SICL,32,5,60,787.00,"47,220.00"
2019-08-07,2019080701004942,SIL,25,41,10,462.00,"4,620.00"
2019-08-07,2019080701005255,SKBBL,18,7,78,990.00,"77,220.00"
2019-08-07,2019080701005105,SKBBL,29,39,16,981.00,"15,696.00"
2019-08-07,2019080701005104,SKBBL,32,39,50,982.00,"49,100.00"
2019-08-07,2019080701005099,SKBBL,18,41,12,990.00,"11,880.00"
2019-08-07,2019080701005098,SKBBL,18,14,20,990.00,"19,800.00"
2019-08-07,2019080701004948,SLBBL,34,26,"1,000",565.00,"565,000.00"
2019-08-07,2019080701004947,SLBBL,34,34,31,564.00,"17,484.00"
2019-08-07,2019080701005045,SLBBL,44,26,76,563.00,"42,788.00"
2019-08-07,2019080701005044,SLBBL,44,26,180,563.00,"101,340.00"
2019-08-07,2019080701005043,SLBBL,45,26,30,564.00,"16,920.00"
2019-08-07,2019080701005115,SLBBL,7,32,100,570.00,"57,000.00"
2019-08-07,2019080701005096,SLBBL,7,41,50,569.00,"28,450.00"
2019-08-07,2019080701005095,SLBBL,7,44,500,569.00,"284,500.00"
2019-08-07,2019080701005074,SLBBL,7,10,60,568.00,"34,080.00"
2019-08-07,2019080701005073,SLBBL,7,51,40,567.00,"22,680.00"
2019-08-07,2019080701005072,SLBBL,7,41,100,566.00,"56,600.00"
2019-08-07,2019080701005303,SLBBL,57,49,50,574.00,"28,700.00"
2019-08-07,2019080701005290,SLBBL,36,42,50,565.00,"28,250.00"
2019-08-07,2019080701005289,SLBBL,52,42,50,572.00,"28,600.00"
2019-08-07,2019080701005288,SLBBL,52,1,100,572.00,"57,200.00"
2019-08-07,2019080701005287,SLBBL,52,21,50,571.00,"28,550.00"
2019-08-07,2019080701005119,SLBSL,57,38,230,658.00,"151,340.00"
2019-08-07,2019080701005118,SLBSL,57,43,30,657.00,"19,710.00"
2019-08-07,2019080701005179,SLBSL,18,46,10,659.00,"6,590.00"
2019-08-07,2019080701005178,SLBSL,18,50,10,645.00,"6,450.00"
2019-08-07,2019080701005372,SLICL,17,59,150,463.00,"69,450.00"
2019-08-07,2019080701005174,SLICL,32,4,500,463.00,"231,500.00"
2019-08-07,2019080701005362,SMATA,28,34,20,"1,300.00","26,000.00"
2019-08-07,2019080701005361,SMATA,28,50,20,"1,300.00","26,000.00"
2019-08-07,2019080701005360,SMATA,28,10,10,"1,300.00","13,000.00"
2019-08-07,2019080701005359,SMATA,28,47,12,"1,299.00","15,588.00"
2019-08-07,2019080701005384,SMFBS,8,46,10,805.00,"8,050.00"
2019-08-07,2019080701005373,SMFBS,58,8,10,804.00,"8,040.00"
2019-08-07,2019080701005301,SMFBS,34,28,10,800.00,"8,000.00"
2019-08-07,2019080701005300,SMFBS,34,59,10,800.00,"8,000.00"
2019-08-07,2019080701005299,SMFBS,34,58,10,800.00,"8,000.00"
2019-08-07,2019080701005298,SMFBS,34,57,10,800.00,"8,000.00"
2019-08-07,2019080701005297,SMFBS,34,59,10,800.00,"8,000.00"
2019-08-07,2019080701005026,SMFBS,45,22,30,800.00,"24,000.00"
2019-08-07,2019080701005354,SPARS,1,45,10,637.00,"6,370.00"
2019-08-07,2019080701005353,SPARS,1,57,10,637.00,"6,370.00"
2019-08-07,2019080701005016,SPARS,43,22,10,636.00,"6,360.00"
2019-08-07,2019080701005110,SPDL,7,46,15,86.00,"1,290.00"
2019-08-07,2019080701005392,SRBL,10,43,278,245.00,"68,110.00"
2019-08-07,2019080701005391,SRBL,57,43,722,245.00,"176,890.00"
2019-08-07,2019080701004961,SRBL,57,11,103,245.00,"25,235.00"
2019-08-07,2019080701005152,TRH,20,43,100,309.00,"30,900.00"
2019-08-07,2019080701005114,TRH,44,8,300,307.00,"92,100.00"
2019-08-07,2019080701005113,TRH,6,8,50,307.00,"15,350.00"
2019-08-07,2019080701005245,UIC,59,57,220,332.00,"73,040.00"
2019-08-07,2019080701005244,UIC,11,57,70,332.00,"23,240.00"
2019-08-07,2019080701005185,UIC,57,36,50,336.00,"16,800.00"
2019-08-07,2019080701004980,UIC,38,57,100,337.00,"33,700.00"
2019-08-07,2019080701004994,UPCL,45,42,200,88.00,"17,600.00"
2019-08-07,2019080701004993,UPCL,45,56,50,88.00,"4,400.00"
2019-08-07,2019080701004992,UPCL,45,56,50,88.00,"4,400.00"
2019-08-07,2019080701004991,UPCL,45,56,50,88.00,"4,400.00"
2019-08-07,2019080701004990,UPCL,45,56,50,88.00,"4,400.00"
2019-08-07,2019080701004989,UPCL,45,6,40,88.00,"3,520.00"
2019-08-07,2019080701005328,UPPER,32,1,17,268.00,"4,556.00"
2019-08-07,2019080701005327,UPPER,32,58,40,268.00,"10,720.00"
2019-08-07,2019080701005326,UPPER,32,38,50,267.00,"13,350.00"
2019-08-07,2019080701005325,UPPER,32,25,20,267.00,"5,340.00"
2019-08-07,2019080701005324,UPPER,32,14,241,266.00,"64,106.00"
2019-08-07,2019080701004987,UPPER,21,7,155,265.00,"41,075.00"
2019-08-07,2019080701004986,UPPER,44,7,75,265.00,"19,875.00"
2019-08-07,2019080701004985,UPPER,45,7,"1,000",265.00,"265,000.00"
2019-08-07,2019080701005323,UPPER,32,14,32,266.00,"8,512.00"
2019-08-07,2019080701004874,ADBL,17,42,200,435.00,"87,000.00"
2019-08-07,2019080701004849,ADBL,44,39,40,436.00,"17,440.00"
2019-08-07,2019080701004848,ADBL,44,49,200,436.00,"87,200.00"
2019-08-07,2019080701004847,ADBL,44,14,725,436.00,"316,100.00"
2019-08-07,2019080701004846,ADBL,44,44,24,436.00,"10,464.00"
2019-08-07,2019080701004845,ADBL,44,52,11,436.00,"4,796.00"
2019-08-07,2019080701004830,ADBL,17,42,69,435.00,"30,015.00"
2019-08-07,2019080701004829,ADBL,45,42,11,435.00,"4,785.00"
2019-08-07,2019080701004483,ADBL,22,52,300,436.00,"130,800.00"
2019-08-07,2019080701004717,AHPC,42,57,60,105.00,"6,300.00"
2019-08-07,2019080701004806,AKJCL,32,46,20,68.00,"1,360.00"
2019-08-07,2019080701004597,AKJCL,32,46,10,68.00,680.00
2019-08-07,2019080701004814,AKPL,22,46,13,169.00,"2,197.00"
2019-08-07,2019080701004726,AKPL,25,46,13,170.00,"2,210.00"
2019-08-07,2019080701004605,AKPL,22,46,13,169.00,"2,197.00"
2019-08-07,2019080701004622,ALBSL,49,7,30,480.00,"14,400.00"
2019-08-07,2019080701004595,ALBSL,49,44,10,480.00,"4,800.00"
2019-08-07,2019080701004567,ALBSL,57,21,10,485.00,"4,850.00"
2019-08-07,2019080701004558,ALBSL,57,35,10,480.00,"4,800.00"
2019-08-07,2019080701004524,ALBSL,51,44,10,474.00,"4,740.00"
2019-08-07,2019080701004415,ALBSL,32,1,10,473.00,"4,730.00"
2019-08-07,2019080701004635,ALICL,41,6,463,362.00,"167,606.00"
2019-08-07,2019080701004414,ALICL,41,58,240,362.00,"86,880.00"
2019-08-07,2019080701004891,API,36,53,200,133.00,"26,600.00"
2019-08-07,2019080701004884,API,25,53,18,133.00,"2,394.00"
2019-08-07,2019080701004803,API,6,53,200,133.00,"26,600.00"
2019-08-07,2019080701004531,API,42,53,102,133.00,"13,566.00"
2019-08-07,2019080701004525,API,42,53,200,133.00,"26,600.00"
2019-08-07,2019080701004506,API,55,16,400,134.00,"53,600.00"
2019-08-07,2019080701004710,BFC,42,47,10,100.00,"1,000.00"
2019-08-07,2019080701004780,BOKL,11,50,10,262.00,"2,620.00"
2019-08-07,2019080701004742,BPCL,41,46,42,397.00,"16,674.00"
2019-08-07,2019080701004690,BPCL,51,46,120,397.00,"47,640.00"
2019-08-07,2019080701004689,BPCL,47,46,10,397.00,"3,970.00"
2019-08-07,2019080701004805,CBBL,49,50,300,"1,002.00","300,600.00"
2019-08-07,2019080701004804,CBBL,35,50,80,"1,003.00","80,240.00"
2019-08-07,2019080701004719,CBL,44,44,4,149.00,596.00
2019-08-07,2019080701004682,CBL,11,22,56,151.00,"8,456.00"
2019-08-07,2019080701004660,CBL,51,1,100,152.00,"15,200.00"
2019-08-07,2019080701004642,CBL,46,1,11,152.00,"1,672.00"
2019-08-07,2019080701004619,CBL,11,16,37,151.00,"5,587.00"
2019-08-07,2019080701004593,CBL,11,41,11,151.00,"1,661.00"
2019-08-07,2019080701004459,CBL,38,57,88,152.00,"13,376.00"
2019-08-07,2019080701004416,CBL,11,35,47,151.00,"7,097.00"
2019-08-07,2019080701004477,CBL,38,1,49,152.00,"7,448.00"
2019-08-07,2019080701004464,CBL,38,10,165,152.00,"25,080.00"
2019-08-07,2019080701004463,CBL,38,34,136,152.00,"20,672.00"
2019-08-07,2019080701004462,CBL,38,44,54,152.00,"8,208.00"
2019-08-07,2019080701004461,CBL,38,22,168,152.00,"25,536.00"
2019-08-07,2019080701004460,CBL,38,57,100,152.00,"15,200.00"
2019-08-07,2019080701004759,CCBL,8,13,"1,833",167.00,"306,111.00"
2019-08-07,2019080701004679,CCBL,8,46,25,167.00,"4,175.00"
2019-08-07,2019080701004652,CCBL,46,13,14,168.00,"2,352.00"
2019-08-07,2019080701004638,CCBL,8,34,142,167.00,"23,714.00"
2019-08-07,2019080701004521,CEFL,4,51,300,109.00,"32,700.00"
2019-08-07,2019080701004520,CEFL,4,35,500,109.00,"54,500.00"
2019-08-07,2019080701004519,CEFL,4,46,500,109.00,"54,500.00"
2019-08-07,2019080701004518,CEFL,4,57,200,108.00,"21,600.00"
2019-08-07,2019080701004517,CEFL,4,6,90,108.00,"9,720.00"
2019-08-07,2019080701004516,CEFL,4,25,300,107.00,"32,100.00"
2019-08-07,2019080701004465,CIT,25,57,50,"2,421.00","121,050.00"
2019-08-07,2019080701004480,CLBSL,39,48,11,515.00,"5,665.00"
2019-08-07,2019080701004860,CZBIL,57,8,200,221.00,"44,200.00"
2019-08-07,2019080701004859,CZBIL,17,8,100,221.00,"22,100.00"
2019-08-07,2019080701004765,CZBIL,48,45,956,222.00,"212,232.00"
2019-08-07,2019080701004764,CZBIL,48,45,544,222.00,"120,768.00"
2019-08-07,2019080701004684,CZBIL,38,45,80,222.00,"17,760.00"
2019-08-07,2019080701004683,CZBIL,38,34,20,222.00,"4,440.00"
2019-08-07,2019080701004685,DBBL,51,22,73,142.00,"10,366.00"
2019-08-07,2019080701004470,DBBL,58,22,359,142.00,"50,978.00"
2019-08-07,2019080701004469,DBBL,19,22,30,143.00,"4,290.00"
2019-08-07,2019080701004468,DBBL,28,22,38,143.00,"5,434.00"
2019-08-07,2019080701004906,EBL,48,57,19,651.00,"12,369.00"
2019-08-07,2019080701004787,EBL,5,57,200,651.00,"130,200.00"
2019-08-07,2019080701004786,EBL,28,57,500,651.00,"325,500.00"
2019-08-07,2019080701004785,EBL,51,57,81,651.00,"52,731.00"
2019-08-07,2019080701004757,EBL,51,6,19,651.00,"12,369.00"
2019-08-07,2019080701004756,EBL,57,6,100,652.00,"65,200.00"
2019-08-07,2019080701004574,EBL,53,6,50,653.00,"32,650.00"
2019-08-07,2019080701004573,EBL,28,6,31,653.00,"20,243.00"
2019-08-07,2019080701004564,EDBL,41,52,450,285.00,"128,250.00"
2019-08-07,2019080701004586,FMDBL,26,45,50,395.00,"19,750.00"
2019-08-07,2019080701004782,FOWAD,37,32,50,"1,381.00","69,050.00"
2019-08-07,2019080701004873,GBLBS,43,6,73,386.00,"28,178.00"
2019-08-07,2019080701004872,GBLBS,43,38,500,386.00,"193,000.00"
2019-08-07,2019080701004871,GBLBS,43,58,267,386.00,"103,062.00"
2019-08-07,2019080701004870,GBLBS,43,6,100,385.00,"38,500.00"
2019-08-07,2019080701004869,GBLBS,43,29,100,385.00,"38,500.00"
2019-08-07,2019080701004868,GBLBS,43,52,100,385.00,"38,500.00"
2019-08-07,2019080701004760,GBLBS,3,38,50,383.00,"19,150.00"
2019-08-07,2019080701004509,GBLBS,6,19,10,385.00,"3,850.00"
2019-08-07,2019080701004867,GBLBS,43,19,80,385.00,"30,800.00"
2019-08-07,2019080701004866,GBLBS,43,38,580,383.00,"222,140.00"
2019-08-07,2019080701004855,GBLBS,6,52,75,380.00,"28,500.00"
2019-08-07,2019080701004854,GBLBS,46,52,100,380.00,"38,000.00"
2019-08-07,2019080701004853,GBLBS,49,52,10,380.00,"3,800.00"
2019-08-07,2019080701004852,GBLBS,49,52,15,382.00,"5,730.00"
2019-08-07,2019080701004675,GHL,16,57,30,83.00,"2,490.00"
2019-08-07,2019080701004625,GILB,48,46,22,706.00,"15,532.00"
2019-08-07,2019080701004777,GLBSL,26,44,940,534.00,"501,960.00"
2019-08-07,2019080701004776,GLBSL,26,58,20,533.00,"10,660.00"
2019-08-07,2019080701004775,GLBSL,26,1,30,533.00,"15,990.00"
2019-08-07,2019080701004596,GLBSL,26,34,40,531.00,"21,240.00"
2019-08-07,2019080701004527,GLBSL,21,34,10,531.00,"5,310.00"
2019-08-07,2019080701004875,GMFBS,8,8,10,579.00,"5,790.00"
2019-08-07,2019080701004864,GMFBS,39,26,180,583.00,"104,940.00"
2019-08-07,2019080701004863,GMFBS,39,56,10,580.00,"5,800.00"
2019-08-07,2019080701004858,GMFBS,8,8,10,579.00,"5,790.00"
2019-08-07,2019080701004836,GMFBS,8,8,10,579.00,"5,790.00"
2019-08-07,2019080701004566,GMFBS,25,52,90,580.00,"52,200.00"
2019-08-07,2019080701004537,GMFBS,25,44,10,580.00,"5,800.00"
2019-08-07,2019080701004424,GMFBS,33,16,50,585.00,"29,250.00"
2019-08-07,2019080701004862,HBL,54,45,90,558.00,"50,220.00"
2019-08-07,2019080701004861,HBL,54,51,101,556.00,"56,156.00"
2019-08-07,2019080701004656,HBL,46,46,25,554.00,"13,850.00"
2019-08-07,2019080701004450,HDL,45,7,100,"1,525.00","152,500.00"
2019-08-07,2019080701004449,HDL,53,7,50,"1,526.00","76,300.00"
2019-08-07,2019080701004458,HGI,19,57,37,336.00,"12,432.00"
2019-08-07,2019080701004455,HGI,21,57,200,338.00,"67,600.00"
2019-08-07,2019080701004454,HGI,56,57,200,338.00,"67,600.00"
2019-08-07,2019080701004453,HGI,39,57,53,340.00,"18,020.00"
2019-08-07,2019080701004452,HGI,38,57,10,342.00,"3,420.00"
2019-08-07,2019080701004823,HIDCL,44,46,104,154.00,"16,016.00"
2019-08-07,2019080701004641,HIDCL,45,46,20,153.00,"3,060.00"
2019-08-07,2019080701004640,HIDCL,34,46,41,153.00,"6,273.00"
2019-08-07,2019080701004579,HIDCL,34,38,31,153.00,"4,743.00"
2019-08-07,2019080701004821,HPPL,22,42,10,169.00,"1,690.00"
2019-08-07,2019080701004812,HPPL,22,42,10,169.00,"1,690.00"
2019-08-07,2019080701004653,HPPL,35,46,10,166.00,"1,660.00"
2019-08-07,2019080701004471,HPPL,35,46,10,166.00,"1,660.00"
2019-08-07,2019080701004815,HURJA,11,42,20,132.00,"2,640.00"
2019-08-07,2019080701004708,HURJA,11,57,20,132.00,"2,640.00"
2019-08-07,2019080701004629,HURJA,13,51,20,133.00,"2,660.00"
2019-08-07,2019080701004883,ILBS,5,46,10,490.00,"4,900.00"
2019-08-07,2019080701004840,ILBS,38,6,10,493.00,"4,930.00"
2019-08-07,2019080701004802,ILBS,5,42,10,490.00,"4,900.00"
2019-08-07,2019080701004784,ILBS,21,28,70,487.00,"34,090.00"
2019-08-07,2019080701004783,ILBS,45,28,30,488.00,"14,640.00"
2019-08-07,2019080701004623,ILBS,21,48,10,487.00,"4,870.00"
2019-08-07,2019080701004578,ILBS,37,44,10,488.00,"4,880.00"
2019-08-07,2019080701004555,ILBS,37,33,90,488.00,"43,920.00"
2019-08-07,2019080701004501,ILBS,41,22,100,489.00,"48,900.00"
2019-08-07,2019080701004488,ILBS,38,48,80,490.00,"39,200.00"
2019-08-07,2019080701004478,ILBS,38,7,10,490.00,"4,900.00"
2019-08-07,2019080701004426,ILBS,38,28,10,490.00,"4,900.00"
2019-08-07,2019080701004833,JBBL,49,34,874,156.00,"136,344.00"
2019-08-07,2019080701004907,JFL,40,39,21,190.00,"3,990.00"
2019-08-07,2019080701004824,KBL,52,10,33,211.00,"6,963.00"
2019-08-07,2019080701004799,KBL,25,25,2,210.00,420.00
2019-08-07,2019080701004718,KBL,52,22,493,211.00,"104,023.00"
2019-08-07,2019080701004662,KBL,59,11,200,212.00,"42,400.00"
2019-08-07,2019080701004427,KBL,8,4,"1,000",211.00,"211,000.00"
2019-08-07,2019080701004486,KPCL,47,48,10,89.00,890.00
2019-08-07,2019080701004484,KPCL,47,46,10,89.00,890.00
2019-08-07,2019080701004650,KPCL,47,10,10,89.00,890.00
2019-08-07,2019080701004748,KSBBL,17,46,35,151.00,"5,285.00"
2019-08-07,2019080701004747,KSBBL,59,46,40,151.00,"6,040.00"
2019-08-07,2019080701004686,KSBBL,47,50,88,152.00,"13,376.00"
2019-08-07,2019080701004617,KSBBL,43,50,100,153.00,"15,300.00"
2019-08-07,2019080701004727,LBBL,34,22,27,174.00,"4,698.00"
2019-08-07,2019080701004583,LBBL,39,19,50,176.00,"8,800.00"
2019-08-07,2019080701004546,LBBL,28,14,500,176.00,"88,000.00"
2019-08-07,2019080701004545,LBBL,28,33,500,176.00,"88,000.00"
2019-08-07,2019080701004544,LBBL,28,13,297,176.00,"52,272.00"
2019-08-07,2019080701004543,LBBL,28,7,200,175.00,"35,000.00"
2019-08-07,2019080701004542,LBBL,28,32,500,175.00,"87,500.00"
2019-08-07,2019080701004541,LBBL,28,33,500,175.00,"87,500.00"
2019-08-07,2019080701004540,LBBL,28,39,100,175.00,"17,500.00"
2019-08-07,2019080701004539,LBBL,28,38,15,174.00,"2,610.00"
2019-08-07,2019080701004538,LBBL,28,33,485,174.00,"84,390.00"
2019-08-07,2019080701004857,LBL,36,11,355,216.00,"76,680.00"
2019-08-07,2019080701004856,LBL,28,11,600,216.00,"129,600.00"
2019-08-07,2019080701004633,LBL,53,7,110,217.00,"23,870.00"
2019-08-07,2019080701004560,LBL,53,6,90,217.00,"19,530.00"
2019-08-07,2019080701004503,LBL,59,52,200,217.00,"43,400.00"
2019-08-07,2019080701004485,LBL,38,52,80,217.00,"17,360.00"
2019-08-07,2019080701004422,LBL,52,52,20,217.00,"4,340.00"
2019-08-07,2019080701004474,LGIL,13,57,100,420.00,"42,000.00"
2019-08-07,2019080701004828,LICN,28,10,30,"1,155.00","34,650.00"
2019-08-07,2019080701004835,MBL,25,11,645,260.00,"167,700.00"
2019-08-07,2019080701004834,MBL,40,11,330,260.00,"85,800.00"
2019-08-07,2019080701004744,MBL,40,22,170,260.00,"44,200.00"
2019-08-07,2019080701004743,MBL,52,22,30,260.00,"7,800.00"
2019-08-07,2019080701004634,MBL,28,50,"2,000",261.00,"522,000.00"
2019-08-07,2019080701004508,MBL,35,29,200,262.00,"52,400.00"
2019-08-07,2019080701004678,MEGA,32,26,104,203.00,"21,112.00"
2019-08-07,2019080701004658,MEGA,32,34,317,203.00,"64,351.00"
2019-08-07,2019080701004657,MEGA,32,52,499,203.00,"101,297.00"
2019-08-07,2019080701004713,MERO,8,8,1,538.00,538.00
2019-08-07,2019080701004734,MFIL,32,39,342,123.00,"42,066.00"
2019-08-07,2019080701004733,MFIL,1,39,459,124.00,"56,916.00"
2019-08-07,2019080701004750,MLBBL,22,6,10,502.00,"5,020.00"
2019-08-07,2019080701004889,MLBL,4,41,10,200.00,"2,000.00"
2019-08-07,2019080701004888,MLBL,4,50,900,200.00,"180,000.00"
2019-08-07,2019080701004584,MLBL,36,50,100,200.00,"20,000.00"
2019-08-07,2019080701004838,MNBBL,19,57,"1,000",374.00,"374,000.00"
2019-08-07,2019080701004905,NABIL,14,42,81,792.00,"64,152.00"
2019-08-07,2019080701004904,NABIL,14,45,19,791.00,"15,029.00"
2019-08-07,2019080701004637,NABIL,45,8,50,791.00,"39,550.00"
2019-08-07,2019080701004636,NABIL,22,8,50,791.00,"39,550.00"
2019-08-07,2019080701004706,NADEP,41,26,10,464.00,"4,640.00"
2019-08-07,2019080701004603,NADEP,34,22,30,473.00,"14,190.00"
2019-08-07,2019080701004602,NADEP,34,38,50,473.00,"23,650.00"
2019-08-07,2019080701004601,NADEP,34,39,20,472.00,"9,440.00"
2019-08-07,2019080701004497,NADEP,41,48,20,464.00,"9,280.00"
2019-08-07,2019080701004451,NADEP,41,28,10,464.00,"4,640.00"
2019-08-07,2019080701004837,NAGRO,6,34,10,857.00,"8,570.00"
2019-08-07,2019080701004832,NAGRO,19,33,50,868.00,"43,400.00"
2019-08-07,2019080701004827,NAGRO,6,34,10,857.00,"8,570.00"
2019-08-07,2019080701004811,NAGRO,8,8,10,860.00,"8,600.00"
2019-08-07,2019080701004800,NAGRO,8,8,10,860.00,"8,600.00"
2019-08-07,2019080701004792,NAGRO,8,8,10,860.00,"8,600.00"
2019-08-07,2019080701004522,NAGRO,19,56,10,858.00,"8,580.00"
2019-08-07,2019080701004513,NAGRO,19,56,10,858.00,"8,580.00"
2019-08-07,2019080701004502,NAGRO,6,56,10,857.00,"8,570.00"
2019-08-07,2019080701004487,NAGRO,6,56,10,857.00,"8,570.00"
2019-08-07,2019080701004740,NAGRO,6,28,110,857.00,"94,270.00"
2019-08-07,2019080701004739,NAGRO,19,28,10,858.00,"8,580.00"
2019-08-07,2019080701004680,NAGRO,8,8,10,860.00,"8,600.00"
2019-08-07,2019080701004607,NAGRO,19,44,10,858.00,"8,580.00"
2019-08-07,2019080701004606,NAGRO,19,16,10,858.00,"8,580.00"
2019-08-07,2019080701004604,NAGRO,55,7,20,859.00,"17,180.00"
2019-08-07,2019080701004886,NBB,42,22,183,219.00,"40,077.00"
2019-08-07,2019080701004676,NBB,42,56,200,219.00,"43,800.00"
2019-08-07,2019080701004472,NBB,42,34,12,219.00,"2,628.00"
2019-08-07,2019080701004826,NBL,36,34,12,332.00,"3,984.00"
2019-08-07,2019080701004825,NBL,36,33,19,330.00,"6,270.00"
2019-08-07,2019080701004798,NBL,36,33,19,330.00,"6,270.00"
2019-08-07,2019080701004797,NBL,19,33,300,330.00,"99,000.00"
2019-08-07,2019080701004796,NBL,6,33,400,330.00,"132,000.00"
2019-08-07,2019080701004795,NBL,51,33,200,330.00,"66,000.00"
2019-08-07,2019080701004671,NBL,22,43,100,330.00,"33,000.00"
2019-08-07,2019080701004670,NBL,20,43,500,330.00,"165,000.00"
2019-08-07,2019080701004669,NBL,56,43,100,330.00,"33,000.00"
2019-08-07,2019080701004668,NBL,40,43,12,330.00,"3,960.00"
2019-08-07,2019080701004659,NBL,40,6,250,330.00,"82,500.00"
2019-08-07,2019080701004794,NBL,29,33,"1,000",330.00,"330,000.00"
2019-08-07,2019080701004793,NBL,20,33,62,330.00,"20,460.00"
2019-08-07,2019080701004711,NBL,59,49,50,331.00,"16,550.00"
2019-08-07,2019080701004674,NBL,20,43,88,330.00,"29,040.00"
2019-08-07,2019080701004673,NBL,35,43,100,330.00,"33,000.00"
2019-08-07,2019080701004672,NBL,57,43,100,330.00,"33,000.00"
2019-08-07,2019080701004902,NCCB,51,50,492,241.00,"118,572.00"
2019-08-07,2019080701004901,NCCB,44,50,355,241.00,"85,555.00"
2019-08-07,2019080701004900,NCCB,52,50,300,241.00,"72,300.00"
2019-08-07,2019080701004899,NCCB,1,50,853,241.00,"205,573.00"
2019-08-07,2019080701004895,NCCB,1,32,147,241.00,"35,427.00"
2019-08-07,2019080701004894,NCCB,43,32,"1,000",241.00,"241,000.00"
2019-08-07,2019080701004526,NCCB,34,38,202,242.00,"48,884.00"
2019-08-07,2019080701004512,NCCB,34,38,302,242.00,"73,084.00"
2019-08-07,2019080701004511,NCCB,41,38,100,242.00,"24,200.00"
2019-08-07,2019080701004510,NCCB,53,38,100,242.00,"24,200.00"
2019-08-07,2019080701004616,NCCB,57,22,301,241.00,"72,541.00"
2019-08-07,2019080701004613,NCCB,28,32,44,242.00,"10,648.00"
2019-08-07,2019080701004580,NCCB,48,48,1,243.00,243.00
2019-08-07,2019080701004575,NCCB,58,32,50,242.00,"12,100.00"
2019-08-07,2019080701004554,NCCB,45,38,900,242.00,"217,800.00"
2019-08-07,2019080701004553,NCCB,34,38,46,242.00,"11,132.00"
2019-08-07,2019080701004696,NCCB,14,43,100,241.00,"24,100.00"
2019-08-07,2019080701004695,NCCB,25,43,500,241.00,"120,500.00"
2019-08-07,2019080701004694,NCCB,57,43,476,241.00,"114,716.00"
2019-08-07,2019080701004677,NCCB,57,26,150,241.00,"36,150.00"
2019-08-07,2019080701004645,NCCB,51,32,662,242.00,"160,204.00"
2019-08-07,2019080701004621,NCCB,57,25,43,241.00,"10,363.00"
2019-08-07,2019080701004716,NCCB,33,50,"1,000",241.00,"241,000.00"
2019-08-07,2019080701004701,NCCB,33,43,582,241.00,"140,262.00"
2019-08-07,2019080701004700,NCCB,54,43,210,241.00,"50,610.00"
2019-08-07,2019080701004699,NCCB,29,43,432,241.00,"104,112.00"
2019-08-07,2019080701004698,NCCB,14,43,"1,000",241.00,"241,000.00"
2019-08-07,2019080701004697,NCCB,51,43,200,241.00,"48,200.00"
2019-08-07,2019080701004771,NCCB,45,50,200,241.00,"48,200.00"
2019-08-07,2019080701004770,NCCB,49,50,"1,193",241.00,"287,513.00"
2019-08-07,2019080701004766,NCCB,49,22,225,241.00,"54,225.00"
2019-08-07,2019080701004725,NCCB,49,50,582,241.00,"140,262.00"
2019-08-07,2019080701004724,NCCB,33,50,"1,418",241.00,"341,738.00"
2019-08-07,2019080701004721,NCCB,33,50,"2,000",241.00,"482,000.00"
2019-08-07,2019080701004893,NCCB,50,32,"3,000",241.00,"723,000.00"
2019-08-07,2019080701004892,NCCB,26,32,853,241.00,"205,573.00"
2019-08-07,2019080701004822,NCCB,17,32,20,242.00,"4,840.00"
2019-08-07,2019080701004820,NCCB,26,50,147,241.00,"35,427.00"
2019-08-07,2019080701004819,NCCB,13,50,593,241.00,"142,913.00"
2019-08-07,2019080701004772,NCCB,13,50,607,241.00,"146,287.00"
2019-08-07,2019080701004693,NHPC,42,34,10,65.00,650.00
2019-08-07,2019080701004890,NIB,57,6,23,512.00,"11,776.00"
2019-08-07,2019080701004687,NIB,57,6,32,512.00,"16,384.00"
2019-08-07,2019080701004624,NIB,48,48,6,512.00,"3,072.00"
2019-08-07,2019080701004565,NIB,34,34,"2,447",512.00,"1,252,864.00"
2019-08-07,2019080701004500,NIB,57,34,71,512.00,"36,352.00"
2019-08-07,2019080701004499,NIB,57,35,97,512.00,"49,664.00"
2019-08-07,2019080701004498,NIB,57,35,50,512.00,"25,600.00"
2019-08-07,2019080701004912,NIBLPF,25,6,339,7.55,"2,559.45"
2019-08-07,2019080701004581,NIBLPF,59,6,"2,186",7.70,"16,832.20"
2019-08-07,2019080701004712,NIBPO,55,4,985,463.00,"456,055.00"
2019-08-07,2019080701004590,NIBPO,39,4,15,463.00,"6,945.00"
2019-08-07,2019080701004481,NIBPO,34,34,"5,983",462.00,"2,764,146.00"
2019-08-07,2019080701004443,NIBPO,57,40,165,462.00,"76,230.00"
2019-08-07,2019080701004442,NIBPO,57,40,200,462.00,"92,400.00"
2019-08-07,2019080701004839,NICA,45,4,277,454.00,"125,758.00"
2019-08-07,2019080701004790,NICA,41,4,200,454.00,"90,800.00"
2019-08-07,2019080701004789,NICA,53,4,23,454.00,"10,442.00"
2019-08-07,2019080701004781,NICA,48,48,500,455.00,"227,500.00"
2019-08-07,2019080701004649,NICA,44,48,20,455.00,"9,100.00"
2019-08-07,2019080701004648,NICA,54,48,94,455.00,"42,770.00"
2019-08-07,2019080701004610,NICA,54,33,106,455.00,"48,230.00"
2019-08-07,2019080701004609,NICA,14,33,300,455.00,"136,500.00"
2019-08-07,2019080701004608,NICA,45,33,94,455.00,"42,770.00"
2019-08-07,2019080701004556,NICA,54,50,195,456.00,"88,920.00"
2019-08-07,2019080701004496,NICA,54,7,"1,000",456.00,"456,000.00"
2019-08-07,2019080701004767,NICL,45,25,20,350.00,"7,000.00"
2019-08-07,2019080701004751,NICL,26,25,10,350.00,"3,500.00"
2019-08-07,2019080701004620,NICL,1,54,286,348.00,"99,528.00"
2019-08-07,2019080701004615,NICL,1,58,11,348.00,"3,828.00"
2019-08-07,2019080701004592,NICL,1,52,164,348.00,"57,072.00"
2019-08-07,2019080701004591,NICL,54,52,10,348.00,"3,480.00"
2019-08-07,2019080701004571,NICL,41,25,84,350.00,"29,400.00"
2019-08-07,2019080701004530,NICL,41,22,16,350.00,"5,600.00"
2019-08-07,2019080701004467,NICL,57,22,67,350.00,"23,450.00"
2019-08-07,2019080701004466,NICL,57,45,33,350.00,"11,550.00"
2019-08-07,2019080701004843,NIL,44,5,35,471.00,"16,485.00"
2019-08-07,2019080701004842,NIL,34,5,50,471.00,"23,550.00"
2019-08-07,2019080701004841,NIL,44,5,50,471.00,"23,550.00"
2019-08-07,2019080701004741,NIL,26,14,10,473.00,"4,730.00"
2019-08-07,2019080701004735,NIL,52,14,50,473.00,"23,650.00"
2019-08-07,2019080701004536,NIL,5,14,100,472.00,"47,200.00"
2019-08-07,2019080701004908,NLBBL,38,21,110,573.00,"63,030.00"
2019-08-07,2019080701004588,NLBBL,41,35,50,578.00,"28,900.00"
2019-08-07,2019080701004587,NLBBL,41,38,50,576.00,"28,800.00"
2019-08-07,2019080701004585,NLBBL,38,20,100,573.00,"57,300.00"
2019-08-07,2019080701004504,NLBBL,38,20,290,573.00,"166,170.00"
2019-08-07,2019080701004702,NLG,6,56,11,720.00,"7,920.00"
2019-08-07,2019080701004570,NLG,6,50,17,710.00,"12,070.00"
2019-08-07,2019080701004569,NLG,6,52,100,705.00,"70,500.00"
2019-08-07,2019080701004568,NLG,6,38,100,702.00,"70,200.00"
2019-08-07,2019080701004476,NLG,6,35,100,700.00,"70,000.00"
2019-08-07,2019080701004475,NLG,6,32,50,700.00,"35,000.00"
2019-08-07,2019080701004813,NLIC,28,6,30,875.00,"26,250.00"
2019-08-07,2019080701004788,NLIC,14,22,17,873.00,"14,841.00"
2019-08-07,2019080701004705,NLIC,41,44,500,875.00,"437,500.00"
2019-08-07,2019080701004532,NLIC,14,6,70,873.00,"61,110.00"
2019-08-07,2019080701004514,NLIC,14,48,17,873.00,"14,841.00"
2019-08-07,2019080701004903,NLICL,44,52,11,575.00,"6,325.00"
2019-08-07,2019080701004807,NLICL,44,6,47,575.00,"27,025.00"
2019-08-07,2019080701004654,NLICL,41,5,222,575.00,"127,650.00"
2019-08-07,2019080701004628,NLICL,37,54,66,572.00,"37,752.00"
2019-08-07,2019080701004627,NLICL,55,54,25,572.00,"14,300.00"
2019-08-07,2019080701004626,NLICL,5,54,10,572.00,"5,720.00"
2019-08-07,2019080701004779,NNLB,58,38,50,452.00,"22,600.00"
2019-08-07,2019080701004529,NNLB,37,38,208,460.00,"95,680.00"
2019-08-07,2019080701004505,NNLB,21,38,10,460.00,"4,600.00"
2019-08-07,2019080701004548,NSEWA,39,55,20,476.00,"9,520.00"
2019-08-07,2019080701004547,NSEWA,39,49,20,476.00,"9,520.00"
2019-08-07,2019080701004534,NSEWA,39,42,30,475.00,"14,250.00"
2019-08-07,2019080701004533,NSEWA,39,48,30,475.00,"14,250.00"
2019-08-07,2019080701004507,NSEWA,57,18,10,468.00,"4,680.00"
2019-08-07,2019080701004818,NUBL,10,47,14,896.00,"12,544.00"
2019-08-07,2019080701004664,NUBL,35,21,20,900.00,"18,000.00"
2019-08-07,2019080701004746,PCBL,17,58,950,280.00,"266,000.00"
2019-08-07,2019080701004745,PCBL,54,58,186,280.00,"52,080.00"
2019-08-07,2019080701004561,PCBL,39,42,150,281.00,"42,150.00"
2019-08-07,2019080701004562,PIC,40,44,11,470.00,"5,170.00"
2019-08-07,2019080701004557,PIC,40,58,25,470.00,"11,750.00"
2019-08-07,2019080701004523,PIC,40,48,11,470.00,"5,170.00"
2019-08-07,2019080701004681,PICL,28,35,100,526.00,"52,600.00"
2019-08-07,2019080701004425,PLIC,20,35,435,424.00,"184,440.00"
2019-08-07,2019080701004722,PPCL,59,37,10,128.00,"1,280.00"
2019-08-07,2019080701004801,PRVU,51,28,11,271.00,"2,981.00"
2019-08-07,2019080701004768,PRVU,22,34,350,272.00,"95,200.00"
2019-08-07,2019080701004732,PRVU,8,34,"1,200",272.00,"326,400.00"
2019-08-07,2019080701004731,PRVU,8,1,500,272.00,"136,000.00"
2019-08-07,2019080701004730,PRVU,8,34,300,272.00,"81,600.00"
2019-08-07,2019080701004433,PRVU,1,32,792,271.00,"214,632.00"
2019-08-07,2019080701004439,PRVU,32,32,300,271.00,"81,300.00"
2019-08-07,2019080701004438,PRVU,49,32,200,271.00,"54,200.00"
2019-08-07,2019080701004437,PRVU,29,32,"1,000",271.00,"271,000.00"
2019-08-07,2019080701004436,PRVU,34,32,500,271.00,"135,500.00"
2019-08-07,2019080701004435,PRVU,6,32,100,271.00,"27,100.00"
2019-08-07,2019080701004434,PRVU,50,32,903,271.00,"244,713.00"
2019-08-07,2019080701004703,PRVU,36,34,19,272.00,"5,168.00"
2019-08-07,2019080701004600,PRVU,51,32,205,271.00,"55,555.00"
2019-08-07,2019080701004594,PRVU,39,34,21,272.00,"5,712.00"
2019-08-07,2019080701004582,PRVU,25,34,50,272.00,"13,600.00"
2019-08-07,2019080701004563,PRVU,51,41,21,271.00,"5,691.00"
2019-08-07,2019080701004844,RADHI,57,42,11,142.00,"1,562.00"
2019-08-07,2019080701004493,RADHI,57,46,11,142.00,"1,562.00"
2019-08-07,2019080701004598,RBCLPO,17,17,100,"8,466.00","846,600.00"
2019-08-07,2019080701004810,RHPC,32,46,19,90.00,"1,710.00"
2019-08-07,2019080701004809,RHPC,32,40,980,90.00,"88,200.00"
2019-08-07,2019080701004808,RHPC,32,32,150,90.00,"13,500.00"
2019-08-07,2019080701004774,RHPC,35,40,20,90.00,"1,800.00"
2019-08-07,2019080701004773,RHPC,35,26,80,90.00,"7,200.00"
2019-08-07,2019080701004761,RHPC,35,26,20,90.00,"1,800.00"
2019-08-07,2019080701004714,RHPC,35,46,18,89.00,"1,602.00"
2019-08-07,2019080701004898,RHPL,47,58,20,237.00,"4,740.00"
2019-08-07,2019080701004688,RRHP,14,57,10,105.00,"1,050.00"
2019-08-07,2019080701004528,RRHP,14,46,10,105.00,"1,050.00"
2019-08-07,2019080701004692,RSDC,14,8,10,384.00,"3,840.00"
2019-08-07,2019080701004691,RSDC,14,39,50,377.00,"18,850.00"
2019-08-07,2019080701004572,RSDC,26,8,50,384.00,"19,200.00"
2019-08-07,2019080701004445,RSDC,25,22,190,391.00,"74,290.00"
2019-08-07,2019080701004444,RSDC,25,56,10,391.00,"3,910.00"
2019-08-07,2019080701004432,RSDC,34,56,90,391.00,"35,190.00"
2019-08-07,2019080701004428,RSDC,14,34,90,391.00,"35,190.00"
2019-08-07,2019080701004763,SADBL,25,45,283,152.00,"43,016.00"
2019-08-07,2019080701004736,SADBL,19,45,100,152.00,"15,200.00"
2019-08-07,2019080701004639,SAEF,43,6,190,9.62,"1,827.80"
2019-08-07,2019080701004576,SANIMA,14,26,232,353.00,"81,896.00"
2019-08-07,2019080701004535,SANIMA,14,45,232,353.00,"81,896.00"
2019-08-07,2019080701004769,SBI,45,26,500,462.00,"231,000.00"
2019-08-07,2019080701004887,SBL,48,10,234,321.00,"75,114.00"
2019-08-07,2019080701004755,SBL,53,44,860,320.00,"275,200.00"
2019-08-07,2019080701004754,SBL,52,44,500,320.00,"160,000.00"
2019-08-07,2019080701004753,SBL,6,44,500,320.00,"160,000.00"
2019-08-07,2019080701004752,SBL,53,44,140,320.00,"44,800.00"
2019-08-07,2019080701004720,SBL,48,10,766,321.00,"245,886.00"
2019-08-07,2019080701004667,SBL,48,50,234,321.00,"75,114.00"
2019-08-07,2019080701004666,SBL,21,50,150,321.00,"48,150.00"
2019-08-07,2019080701004665,SBL,17,50,223,321.00,"71,583.00"
2019-08-07,2019080701004489,SBL,48,50,440,322.00,"141,680.00"
2019-08-07,2019080701004447,SBL,48,57,500,322.00,"161,000.00"
2019-08-07,2019080701004707,SCB,6,49,20,658.00,"13,160.00"
2019-08-07,2019080701004897,SDESI,45,38,36,618.00,"22,248.00"
2019-08-07,2019080701004729,SDESI,26,1,73,630.00,"45,990.00"
2019-08-07,2019080701004728,SDESI,26,58,27,628.00,"16,956.00"
2019-08-07,2019080701004491,SFFIL,39,6,200,260.00,"52,000.00"
2019-08-07,2019080701004490,SFFIL,35,6,140,260.00,"36,400.00"
2019-08-07,2019080701004910,SHIVM,35,40,40,586.00,"23,440.00"
2019-08-07,2019080701004909,SHIVM,49,40,11,587.00,"6,457.00"
2019-08-07,2019080701004896,SHIVM,49,40,89,587.00,"52,243.00"
2019-08-07,2019080701004643,SHIVM,32,34,50,591.00,"29,550.00"
2019-08-07,2019080701004552,SHIVM,43,56,200,585.00,"117,000.00"
2019-08-07,2019080701004551,SHIVM,45,56,50,586.00,"29,300.00"
2019-08-07,2019080701004550,SHIVM,49,56,100,586.00,"58,600.00"
2019-08-07,2019080701004631,SHPC,8,38,130,244.00,"31,720.00"
2019-08-07,2019080701004431,SHPC,57,38,370,244.00,"90,280.00"
2019-08-07,2019080701004430,SHPC,57,38,430,244.00,"104,920.00"
2019-08-07,2019080701004715,SICL,46,5,20,790.00,"15,800.00"
2019-08-07,2019080701004418,SICL,33,33,566,788.00,"446,008.00"
2019-08-07,2019080701004429,SIFC,35,28,150,159.00,"23,850.00"
2019-08-07,2019080701004758,SIL,46,25,10,454.00,"4,540.00"
2019-08-07,2019080701004421,SIL,43,34,69,446.00,"30,774.00"
2019-08-07,2019080701004420,SIL,40,34,50,447.00,"22,350.00"
2019-08-07,2019080701004419,SIL,34,34,40,448.00,"17,920.00"
2019-08-07,2019080701004911,SKBBL,19,14,30,990.00,"29,700.00"
2019-08-07,2019080701004647,SKBBL,34,34,"1,136",989.00,"1,123,504.00"
2019-08-07,2019080701004913,SLBBL,4,32,300,564.00,"169,200.00"
2019-08-07,2019080701004885,SLBBL,44,21,200,563.00,"112,600.00"
2019-08-07,2019080701004817,SLBBL,44,32,500,563.00,"281,500.00"
2019-08-07,2019080701004709,SLBBL,44,46,20,563.00,"11,260.00"
2019-08-07,2019080701004704,SLBBL,44,39,100,563.00,"56,300.00"
2019-08-07,2019080701004482,SLBBL,58,33,200,561.00,"112,200.00"
2019-08-07,2019080701004457,SLBBL,44,10,40,568.00,"22,720.00"
2019-08-07,2019080701004456,SLBBL,44,32,60,568.00,"34,080.00"
2019-08-07,2019080701004646,SLBSL,48,48,10,653.00,"6,530.00"
2019-08-07,2019080701004577,SLICL,28,58,65,464.00,"30,160.00"
2019-08-07,2019080701004473,SLICL,42,14,150,463.00,"69,450.00"
2019-08-07,2019080701004816,SMFBS,38,28,50,800.00,"40,000.00"
2019-08-07,2019080701004778,SMFBS,38,59,10,800.00,"8,000.00"
2019-08-07,2019080701004762,SMFBS,38,59,10,800.00,"8,000.00"
2019-08-07,2019080701004749,SMFBS,38,59,10,800.00,"8,000.00"
2019-08-07,2019080701004737,SMFBS,38,29,10,800.00,"8,000.00"
2019-08-07,2019080701004723,SMFBS,38,59,10,800.00,"8,000.00"
2019-08-07,2019080701004661,SMFBS,25,22,70,808.00,"56,560.00"
2019-08-07,2019080701004651,SMFBS,8,8,10,809.00,"8,090.00"
2019-08-07,2019080701004612,SMFBS,25,10,10,808.00,"8,080.00"
2019-08-07,2019080701004611,SMFBS,25,48,10,808.00,"8,080.00"
2019-08-07,2019080701004599,SMFBS,25,32,10,808.00,"8,080.00"
2019-08-07,2019080701004549,SMFBS,51,42,10,810.00,"8,100.00"
2019-08-07,2019080701004882,SPARS,43,22,40,636.00,"25,440.00"
2019-08-07,2019080701004881,SPARS,43,44,10,635.00,"6,350.00"
2019-08-07,2019080701004880,SPARS,43,7,10,625.00,"6,250.00"
2019-08-07,2019080701004879,SPARS,43,38,10,624.00,"6,240.00"
2019-08-07,2019080701004878,SPARS,43,32,20,623.00,"12,460.00"
2019-08-07,2019080701004877,SPARS,43,19,10,620.00,"6,200.00"
2019-08-07,2019080701004876,SPARS,43,10,10,620.00,"6,200.00"
2019-08-07,2019080701004515,SPARS,21,26,10,624.00,"6,240.00"
2019-08-07,2019080701004492,SPARS,17,17,10,613.00,"6,130.00"
2019-08-07,2019080701004440,SPARS,17,28,10,613.00,"6,130.00"
2019-08-07,2019080701004865,UFL,39,10,14,175.00,"2,450.00"
2019-08-07,2019080701004851,UIC,7,44,90,336.00,"30,240.00"
2019-08-07,2019080701004850,UIC,7,21,10,335.00,"3,350.00"
2019-08-07,2019080701004618,UIC,34,34,"1,500",334.00,"501,000.00"
2019-08-07,2019080701004791,UMHL,29,58,12,108.00,"1,296.00"
2019-08-07,2019080701004644,UPCL,34,17,50,86.00,"4,300.00"
2019-08-07,2019080701004630,UPCL,34,17,50,86.00,"4,300.00"
2019-08-07,2019080701004831,UPPER,56,6,50,265.00,"13,250.00"
2019-08-07,2019080701004448,UPPER,14,14,154,266.00,"40,964.00"
2019-08-07,2019080701004446,UPPER,14,46,72,266.00,"19,152.00"
2019-08-07,2019080701004441,UPPER,14,14,226,266.00,"60,116.00"
2019-08-07,2019080701004423,UPPER,14,14,226,266.00,"60,116.00"
2019-08-07,2019080701004417,UPPER,14,14,234,266.00,"62,244.00"
2019-08-07,2019080701004479,UPPER,56,36,40,265.00,"10,600.00"
2019-08-07,2019080701004663,UPPER,56,29,50,265.00,"13,250.00"
2019-08-07,2019080701004655,UPPER,32,14,50,266.00,"13,300.00"
2019-08-07,2019080701004632,UPPER,56,22,100,265.00,"26,500.00"
2019-08-07,2019080701004589,UPPER,56,38,40,265.00,"10,600.00"
2019-08-07,2019080701004559,UPPER,56,48,50,265.00,"13,250.00"
2019-08-07,2019080701004614,VLBS,7,7,30,588.00,"17,640.00"
2019-08-07,2019080701004495,VLBS,22,33,300,589.00,"176,700.00"
2019-08-07,2019080701004494,VLBS,54,33,20,589.00,"11,780.00"
2019-08-07,2019080701004352,ADBL,17,52,689,436.00,"300,404.00"
2019-08-07,2019080701004342,ADBL,17,42,85,436.00,"37,060.00"
2019-08-07,2019080701004331,ADBL,17,14,26,436.00,"11,336.00"
2019-08-07,2019080701004234,ADBL,17,14,200,436.00,"87,200.00"
2019-08-07,2019080701004048,ADBL,17,49,24,437.00,"10,488.00"
2019-08-07,2019080701004041,ADBL,17,49,56,437.00,"24,472.00"
2019-08-07,2019080701004039,ADBL,17,13,300,437.00,"131,100.00"
2019-08-07,2019080701004005,ADBL,17,7,500,437.00,"218,500.00"
2019-08-07,2019080701003949,ADBL,17,40,120,437.00,"52,440.00"
2019-08-07,2019080701004373,AHPC,26,8,100,106.00,"10,600.00"
2019-08-07,2019080701004012,AKJCL,32,46,20,68.00,"1,360.00"
2019-08-07,2019080701004018,AKPL,25,46,13,172.00,"2,236.00"
2019-08-07,2019080701004287,ALBSL,48,58,290,480.00,"139,200.00"
2019-08-07,2019080701004286,ALBSL,28,58,20,485.00,"9,700.00"
2019-08-07,2019080701004281,ALBSL,28,1,10,485.00,"4,850.00"
2019-08-07,2019080701004269,ALBSL,28,50,10,485.00,"4,850.00"
2019-08-07,2019080701004227,ALBSL,28,21,10,485.00,"4,850.00"
2019-08-07,2019080701004168,ALBSL,48,26,10,480.00,"4,800.00"
2019-08-07,2019080701003965,ALBSL,49,44,10,485.00,"4,850.00"
2019-08-07,2019080701003917,ALBSL,25,34,10,491.00,"4,910.00"
2019-08-07,2019080701004052,ALICL,16,28,10,363.00,"3,630.00"
2019-08-07,2019080701004051,ALICL,16,51,90,363.00,"32,670.00"
2019-08-07,2019080701004348,API,25,53,"1,000",132.00,"132,000.00"
2019-08-07,2019080701004344,API,53,53,100,132.00,"13,200.00"
2019-08-07,2019080701004339,API,53,53,48,132.00,"6,336.00"
2019-08-07,2019080701004329,API,45,53,50,132.00,"6,600.00"
2019-08-07,2019080701004328,API,35,53,"1,090",132.00,"143,880.00"
2019-08-07,2019080701004327,API,36,53,30,132.00,"3,960.00"
2019-08-07,2019080701004297,API,38,53,100,135.00,"13,500.00"
2019-08-07,2019080701004296,API,47,53,400,135.00,"54,000.00"
2019-08-07,2019080701004295,API,7,53,349,135.00,"47,115.00"
2019-08-07,2019080701004303,API,58,53,100,134.00,"13,400.00"
2019-08-07,2019080701004302,API,11,53,100,134.00,"13,400.00"
2019-08-07,2019080701004301,API,53,53,100,134.00,"13,400.00"
2019-08-07,2019080701004300,API,39,53,83,134.00,"11,122.00"
2019-08-07,2019080701004299,API,19,53,"1,000",135.00,"135,000.00"
2019-08-07,2019080701004298,API,41,53,"1,000",135.00,"135,000.00"
2019-08-07,2019080701004314,API,52,53,150,133.00,"19,950.00"
2019-08-07,2019080701004308,API,58,53,"2,000",134.00,"268,000.00"
2019-08-07,2019080701004307,API,45,53,500,134.00,"67,000.00"
2019-08-07,2019080701004306,API,54,53,200,134.00,"26,800.00"
2019-08-07,2019080701004305,API,57,53,200,134.00,"26,800.00"
2019-08-07,2019080701004304,API,34,53,150,134.00,"20,100.00"
2019-08-07,2019080701004320,API,50,53,30,133.00,"3,990.00"
2019-08-07,2019080701004319,API,51,53,200,133.00,"26,600.00"
2019-08-07,2019080701004318,API,14,53,"1,000",133.00,"133,000.00"
2019-08-07,2019080701004317,API,44,53,"1,000",133.00,"133,000.00"
2019-08-07,2019080701004316,API,34,53,300,133.00,"39,900.00"
2019-08-07,2019080701004315,API,52,53,500,133.00,"66,500.00"
2019-08-07,2019080701004326,API,39,53,500,132.00,"66,000.00"
2019-08-07,2019080701004325,API,25,53,500,132.00,"66,000.00"
2019-08-07,2019080701004324,API,34,53,"2,000",132.00,"264,000.00"
2019-08-07,2019080701004323,API,43,53,100,132.00,"13,200.00"
2019-08-07,2019080701004322,API,29,53,100,133.00,"13,300.00"
2019-08-07,2019080701004321,API,22,53,20,133.00,"2,660.00"
2019-08-07,2019080701004079,BOKL,6,49,25,261.00,"6,525.00"
2019-08-07,2019080701004390,BPCL,41,45,180,398.00,"71,640.00"
2019-08-07,2019080701004180,BPCL,46,26,33,396.00,"13,068.00"
2019-08-07,2019080701004405,CBBL,35,57,20,"1,003.00","20,060.00"
2019-08-07,2019080701004376,CBBL,38,58,150,"1,008.00","151,200.00"
2019-08-07,2019080701004375,CBBL,38,33,50,"1,007.00","50,350.00"
2019-08-07,2019080701004085,CCBL,56,33,175,167.00,"29,225.00"
2019-08-07,2019080701004084,CCBL,56,33,50,167.00,"8,350.00"
2019-08-07,2019080701004083,CCBL,29,33,261,167.00,"43,587.00"
2019-08-07,2019080701003968,CCBL,29,44,49,167.00,"8,183.00"
2019-08-07,2019080701003943,CCBL,6,6,5,168.00,840.00
2019-08-07,2019080701004170,CHCL,16,50,1,500.00,500.00
2019-08-07,2019080701004166,CHCL,16,50,8,500.00,"4,000.00"
2019-08-07,2019080701004125,CHCL,14,1,10,509.00,"5,090.00"
2019-08-07,2019080701004104,CHCL,6,32,548,508.00,"278,384.00"
2019-08-07,2019080701004103,CHCL,6,52,223,508.00,"113,284.00"
2019-08-07,2019080701004275,CIT,54,25,20,"2,428.00","48,560.00"
2019-08-07,2019080701004274,CIT,54,52,80,"2,425.00","194,000.00"
2019-08-07,2019080701003930,CIT,19,45,49,"2,420.00","118,580.00"
2019-08-07,2019080701004355,CLBSL,36,48,11,525.00,"5,775.00"
2019-08-07,2019080701004354,CLBSL,36,48,11,525.00,"5,775.00"
2019-08-07,2019080701004236,CLBSL,32,38,10,520.00,"5,200.00"
2019-08-07,2019080701004235,CLBSL,32,17,340,520.00,"176,800.00"
2019-08-07,2019080701004088,CZBIL,17,22,200,222.00,"44,400.00"
2019-08-07,2019080701004087,CZBIL,17,57,58,222.00,"12,876.00"
2019-08-07,2019080701004086,CZBIL,17,44,"3,292",222.00,"730,824.00"
2019-08-07,2019080701004078,CZBIL,17,29,317,221.00,"70,057.00"
2019-08-07,2019080701004059,DBBL,28,32,262,143.00,"37,466.00"
2019-08-07,2019080701003936,DBBL,28,48,500,143.00,"71,500.00"
2019-08-07,2019080701004093,DDBL,52,29,50,770.00,"38,500.00"
2019-08-07,2019080701004131,EBL,19,26,100,654.00,"65,400.00"
2019-08-07,2019080701003990,EBL,28,45,169,653.00,"110,357.00"
2019-08-07,2019080701004247,FMDBL,28,45,10,395.00,"3,950.00"
2019-08-07,2019080701004243,FOWAD,26,58,19,"1,390.00","26,410.00"
2019-08-07,2019080701004241,FOWAD,26,40,19,"1,389.00","26,391.00"
2019-08-07,2019080701004240,FOWAD,26,48,19,"1,389.00","26,391.00"
2019-08-07,2019080701004239,FOWAD,26,32,13,"1,384.00","17,992.00"
2019-08-07,2019080701004238,FOWAD,26,57,20,"1,384.00","27,680.00"
2019-08-07,2019080701004044,FOWAD,28,57,20,"1,384.00","27,680.00"
2019-08-07,2019080701004043,FOWAD,28,57,30,"1,380.00","41,400.00"
2019-08-07,2019080701003916,GBBL,3,29,33,221.00,"7,293.00"
2019-08-07,2019080701003915,GBBL,14,29,77,221.00,"17,017.00"
2019-08-07,2019080701004244,GBLBS,16,52,470,383.00,"180,010.00"
2019-08-07,2019080701004094,GBLBS,49,22,10,382.00,"3,820.00"
2019-08-07,2019080701004075,GBLBS,42,39,110,385.00,"42,350.00"
2019-08-07,2019080701004074,GBLBS,42,58,10,385.00,"3,850.00"
2019-08-07,2019080701004073,GBLBS,42,44,60,385.00,"23,100.00"
2019-08-07,2019080701004045,GBLBS,19,52,100,384.00,"38,400.00"
2019-08-07,2019080701004037,GBLBS,28,44,50,385.00,"19,250.00"
2019-08-07,2019080701003935,GBLBS,42,44,10,381.00,"3,810.00"
2019-08-07,2019080701004401,GHL,16,1,30,82.00,"2,460.00"
2019-08-07,2019080701004346,GHL,16,1,10,82.00,820.00
2019-08-07,2019080701004345,GHL,52,1,20,83.00,"1,660.00"
2019-08-07,2019080701004230,GHL,59,1,20,83.00,"1,660.00"
2019-08-07,2019080701004161,GHL,59,22,30,83.00,"2,490.00"
2019-08-07,2019080701004392,GIMES1,25,11,"1,000",7.90,"7,900.00"
2019-08-07,2019080701004406,GLBSL,26,1,10,521.00,"5,210.00"
2019-08-07,2019080701004379,GLBSL,51,7,50,530.00,"26,500.00"
2019-08-07,2019080701004378,GLBSL,38,7,10,532.00,"5,320.00"
2019-08-07,2019080701004350,GLBSL,38,1,10,532.00,"5,320.00"
2019-08-07,2019080701004349,GLBSL,38,1,10,532.00,"5,320.00"
2019-08-07,2019080701004267,GLBSL,42,1,40,533.00,"21,320.00"
2019-08-07,2019080701003919,GLBSL,10,6,10,529.00,"5,290.00"
2019-08-07,2019080701003938,GLBSL,17,6,190,534.00,"101,460.00"
2019-08-07,2019080701003937,GLBSL,17,6,40,534.00,"21,360.00"
2019-08-07,2019080701003922,GLBSL,10,6,20,534.00,"10,680.00"
2019-08-07,2019080701003921,GLBSL,10,39,10,534.00,"5,340.00"
2019-08-07,2019080701003920,GLBSL,10,51,10,530.00,"5,300.00"
2019-08-07,2019080701004004,GLBSL,51,58,10,530.00,"5,300.00"
2019-08-07,2019080701003980,GLBSL,49,42,20,530.00,"10,600.00"
2019-08-07,2019080701003942,GLBSL,17,48,10,534.00,"5,340.00"
2019-08-07,2019080701003941,GLBSL,17,48,20,534.00,"10,680.00"
2019-08-07,2019080701003940,GLBSL,17,36,50,534.00,"26,700.00"
2019-08-07,2019080701003939,GLBSL,17,43,100,534.00,"53,400.00"
2019-08-07,2019080701004197,GLBSL,17,43,280,533.00,"149,240.00"
2019-08-07,2019080701004196,GLBSL,17,35,40,532.00,"21,280.00"
2019-08-07,2019080701004181,GLBSL,37,43,20,533.00,"10,660.00"
2019-08-07,2019080701004095,GLBSL,57,6,10,530.00,"5,300.00"
2019-08-07,2019080701004046,GLBSL,51,34,10,530.00,"5,300.00"
2019-08-07,2019080701004257,GLBSL,51,7,20,530.00,"10,600.00"
2019-08-07,2019080701004217,GLBSL,28,44,50,534.00,"26,700.00"
2019-08-07,2019080701004211,GLBSL,37,44,10,534.00,"5,340.00"
2019-08-07,2019080701004208,GLBSL,51,7,20,530.00,"10,600.00"
2019-08-07,2019080701004199,GLBSL,17,33,10,533.00,"5,330.00"
2019-08-07,2019080701004198,GLBSL,17,33,10,533.00,"5,330.00"
2019-08-07,2019080701004353,GLICL,14,45,30,482.00,"14,460.00"
2019-08-07,2019080701004347,GLICL,52,45,20,484.00,"9,680.00"
2019-08-07,2019080701004149,GLICL,45,8,600,481.00,"288,600.00"
2019-08-07,2019080701004210,GMFBS,16,16,20,589.00,"11,780.00"
2019-08-07,2019080701004209,GMFBS,33,16,20,589.00,"11,780.00"
2019-08-07,2019080701004193,GMFBS,45,41,55,590.00,"32,450.00"
2019-08-07,2019080701004171,GMFBS,45,17,10,590.00,"5,900.00"
2019-08-07,2019080701004164,GMFBS,45,34,10,590.00,"5,900.00"
2019-08-07,2019080701004151,GMFBS,45,22,25,590.00,"14,750.00"
2019-08-07,2019080701004150,GMFBS,49,22,25,590.00,"14,750.00"
2019-08-07,2019080701004391,GUFL,3,59,"1,000",121.00,"121,000.00"
2019-08-07,2019080701004351,GUFL,44,29,10,120.00,"1,200.00"
2019-08-07,2019080701004330,HBL,54,56,100,550.00,"55,000.00"
2019-08-07,2019080701003947,HBL,54,22,89,547.00,"48,683.00"
2019-08-07,2019080701004252,HDL,53,7,50,"1,535.00","76,750.00"
2019-08-07,2019080701004394,HIDCL,34,46,28,153.00,"4,284.00"
2019-08-07,2019080701004393,HIDCL,28,46,33,153.00,"5,049.00"
2019-08-07,2019080701004371,HIDCL,42,46,15,154.00,"2,310.00"
2019-08-07,2019080701004370,HIDCL,26,46,16,154.00,"2,464.00"
2019-08-07,2019080701004003,HIDCL,26,38,800,154.00,"123,200.00"
2019-08-07,2019080701004340,HURJA,13,1,20,133.00,"2,660.00"
2019-08-07,2019080701004278,HURJA,13,13,20,133.00,"2,660.00"
2019-08-07,2019080701004237,HURJA,13,13,20,133.00,"2,660.00"
2019-08-07,2019080701004222,HURJA,13,13,20,133.00,"2,660.00"
2019-08-07,2019080701004185,HURJA,13,13,20,133.00,"2,660.00"
2019-08-07,2019080701004183,HURJA,13,26,20,133.00,"2,660.00"
2019-08-07,2019080701004169,HURJA,13,1,20,133.00,"2,660.00"
2019-08-07,2019080701004011,HURJA,13,4,10,133.00,"1,330.00"
2019-08-07,2019080701004357,ICFC,57,4,800,160.00,"128,000.00"
2019-08-07,2019080701004400,ILBS,38,19,80,494.00,"39,520.00"
2019-08-07,2019080701004372,ILBS,28,39,70,502.00,"35,140.00"
2019-08-07,2019080701004367,ILBS,28,49,100,502.00,"50,200.00"
2019-08-07,2019080701004366,ILBS,28,34,100,500.00,"50,000.00"
2019-08-07,2019080701004365,ILBS,28,34,10,499.00,"4,990.00"
2019-08-07,2019080701004364,ILBS,28,8,10,499.00,"4,990.00"
2019-08-07,2019080701003957,ILBS,14,21,10,495.00,"4,950.00"
2019-08-07,2019080701003945,ILBS,38,21,10,490.00,"4,900.00"
2019-08-07,2019080701004129,ILBS,14,10,10,494.00,"4,940.00"
2019-08-07,2019080701004027,ILBS,49,10,10,485.00,"4,850.00"
2019-08-07,2019080701004010,ILBS,38,59,10,490.00,"4,900.00"
2019-08-07,2019080701004007,ILBS,26,10,10,484.00,"4,840.00"
2019-08-07,2019080701003979,ILBS,38,8,10,489.00,"4,890.00"
2019-08-07,2019080701003958,ILBS,14,44,190,495.00,"94,050.00"
2019-08-07,2019080701004159,ILBS,38,57,10,498.00,"4,980.00"
2019-08-07,2019080701004147,ILBS,16,34,200,494.00,"98,800.00"
2019-08-07,2019080701004144,ILBS,14,34,190,494.00,"93,860.00"
2019-08-07,2019080701004137,ILBS,14,42,20,495.00,"9,900.00"
2019-08-07,2019080701004136,ILBS,14,44,160,495.00,"79,200.00"
2019-08-07,2019080701004130,ILBS,14,57,10,494.00,"4,940.00"
2019-08-07,2019080701004282,ILBS,38,10,10,494.00,"4,940.00"
2019-08-07,2019080701004265,ILBS,38,10,10,494.00,"4,940.00"
2019-08-07,2019080701004206,ILBS,14,57,100,499.00,"49,900.00"
2019-08-07,2019080701004194,ILBS,38,26,10,494.00,"4,940.00"
2019-08-07,2019080701004182,ILBS,14,57,100,499.00,"49,900.00"
2019-08-07,2019080701004160,ILBS,38,51,10,498.00,"4,980.00"
2019-08-07,2019080701004363,ILBS,28,34,10,498.00,"4,980.00"
2019-08-07,2019080701004341,ILBS,38,10,10,494.00,"4,940.00"
2019-08-07,2019080701004333,ILBS,38,57,50,494.00,"24,700.00"
2019-08-07,2019080701004313,ILBS,38,10,10,494.00,"4,940.00"
2019-08-07,2019080701004294,ILBS,38,1,10,494.00,"4,940.00"
2019-08-07,2019080701004292,ILBS,38,10,10,494.00,"4,940.00"
2019-08-07,2019080701004262,JBBL,44,4,226,156.00,"35,256.00"
2019-08-07,2019080701004261,JBBL,44,57,57,156.00,"8,892.00"
2019-08-07,2019080701004245,JBBL,49,4,10,156.00,"1,560.00"
2019-08-07,2019080701004070,JBBL,34,4,10,156.00,"1,560.00"
2019-08-07,2019080701004248,JFL,40,59,120,190.00,"22,800.00"
2019-08-07,2019080701004105,JFL,40,33,113,190.00,"21,470.00"
2019-08-07,2019080701004069,JFL,40,21,143,190.00,"27,170.00"
2019-08-07,2019080701004225,JOSHI,50,1,20,74.00,"1,480.00"
2019-08-07,2019080701004332,KBL,10,38,106,210.00,"22,260.00"
2019-08-07,2019080701004133,KBL,25,57,"2,623",211.00,"553,453.00"
2019-08-07,2019080701003951,KBL,51,57,250,211.00,"52,750.00"
2019-08-07,2019080701003950,KBL,32,57,800,211.00,"168,800.00"
2019-08-07,2019080701004216,KPCL,49,1,10,89.00,890.00
2019-08-07,2019080701004145,LBBL,14,7,100,173.00,"17,300.00"
2019-08-07,2019080701004112,LBBL,39,33,15,174.00,"2,610.00"
2019-08-07,2019080701004019,LBBL,39,51,700,173.00,"121,100.00"
2019-08-07,2019080701004107,LEMF,22,6,500,7.84,"3,920.00"
2019-08-07,2019080701004142,LGIL,13,34,100,420.00,"42,000.00"
2019-08-07,2019080701004360,LLBS,18,32,10,769.00,"7,690.00"
2019-08-07,2019080701004293,MEGA,52,11,500,203.00,"101,500.00"
2019-08-07,2019080701004258,MEGA,1,11,500,203.00,"101,500.00"
2019-08-07,2019080701004152,MEGA,34,34,"12,023",203.00,"2,440,669.00"
2019-08-07,2019080701003952,MEGA,22,34,200,203.00,"40,600.00"
2019-08-07,2019080701004186,MERO,6,51,20,540.00,"10,800.00"
2019-08-07,2019080701004102,MFIL,1,21,41,124.00,"5,084.00"
2019-08-07,2019080701003934,MHNL,11,37,30,104.00,"3,120.00"
2019-08-07,2019080701003933,MHNL,11,37,30,104.00,"3,120.00"
2019-08-07,2019080701003932,MHNL,11,37,40,104.00,"4,160.00"
2019-08-07,2019080701004205,MHNL,52,17,40,106.00,"4,240.00"
2019-08-07,2019080701004204,MHNL,52,21,40,106.00,"4,240.00"
2019-08-07,2019080701004203,MHNL,52,45,30,106.00,"3,180.00"
2019-08-07,2019080701004202,MHNL,52,37,40,105.00,"4,200.00"
2019-08-07,2019080701004201,MHNL,52,37,30,105.00,"3,150.00"
2019-08-07,2019080701004200,MHNL,52,37,40,105.00,"4,200.00"
2019-08-07,2019080701004254,MLBBL,48,22,50,494.00,"24,700.00"
2019-08-07,2019080701004017,MLBBL,29,52,200,485.00,"97,000.00"
2019-08-07,2019080701004002,MLBBL,20,52,300,485.00,"145,500.00"
2019-08-07,2019080701003981,MLBBL,55,22,40,484.00,"19,360.00"
2019-08-07,2019080701004386,MLBL,4,50,"1,000",200.00,"200,000.00"
2019-08-07,2019080701004362,MLBL,4,50,471,199.00,"93,729.00"
2019-08-07,2019080701004361,MLBL,40,50,50,199.00,"9,950.00"
2019-08-07,2019080701004218,MLBL,45,50,479,200.00,"95,800.00"
2019-08-07,2019080701004380,MNBBL,19,6,94,374.00,"35,156.00"
2019-08-07,2019080701004096,MNBBL,19,32,130,374.00,"48,620.00"
2019-08-07,2019080701004040,MNBBL,13,35,"1,000",375.00,"375,000.00"
2019-08-07,2019080701003978,MNBBL,13,39,60,375.00,"22,500.00"
2019-08-07,2019080701003977,MNBBL,13,44,"1,202",375.00,"450,750.00"
2019-08-07,2019080701004398,MPFL,28,1,200,114.00,"22,800.00"
2019-08-07,2019080701004214,MSMBS,6,6,40,543.00,"21,720.00"
2019-08-07,2019080701004213,MSMBS,6,37,100,543.00,"54,300.00"
2019-08-07,2019080701004195,MSMBS,6,21,50,540.00,"27,000.00"
2019-08-07,2019080701004381,NABIL,34,34,31,791.00,"24,521.00"
2019-08-07,2019080701004288,NABIL,33,6,66,791.00,"52,206.00"
2019-08-07,2019080701003987,NABIL,35,6,907,790.00,"716,530.00"
2019-08-07,2019080701003986,NABIL,14,6,50,790.00,"39,500.00"
2019-08-07,2019080701003985,NABIL,59,6,50,790.00,"39,500.00"
2019-08-07,2019080701003984,NABIL,11,6,60,791.00,"47,460.00"
2019-08-07,2019080701003983,NABIL,13,6,33,791.00,"26,103.00"
2019-08-07,2019080701003964,NABIL,13,22,67,791.00,"52,997.00"
2019-08-07,2019080701003963,NABIL,47,22,39,791.00,"30,849.00"
2019-08-07,2019080701004212,NADEP,41,26,20,464.00,"9,280.00"
2019-08-07,2019080701004176,NADEP,41,35,10,464.00,"4,640.00"
2019-08-07,2019080701004175,NADEP,59,35,90,465.00,"41,850.00"
2019-08-07,2019080701003948,NADEP,41,21,10,464.00,"4,640.00"
2019-08-07,2019080701003926,NADEP,38,43,100,471.00,"47,100.00"
2019-08-07,2019080701004272,NAGRO,55,41,10,869.00,"8,690.00"
2019-08-07,2019080701004271,NAGRO,55,57,10,869.00,"8,690.00"
2019-08-07,2019080701004270,NAGRO,55,34,138,869.00,"119,922.00"
2019-08-07,2019080701004256,NAGRO,38,34,62,869.00,"53,878.00"
2019-08-07,2019080701004255,NAGRO,38,52,10,869.00,"8,690.00"
2019-08-07,2019080701004233,NAGRO,19,52,60,869.00,"52,140.00"
2019-08-07,2019080701003928,NAGRO,19,41,90,868.00,"78,120.00"
2019-08-07,2019080701004232,NAGRO,19,26,10,868.00,"8,680.00"
2019-08-07,2019080701004231,NAGRO,19,43,10,868.00,"8,680.00"
2019-08-07,2019080701003955,NAGRO,55,52,10,869.00,"8,690.00"
2019-08-07,2019080701003954,NAGRO,55,43,120,869.00,"104,280.00"
2019-08-07,2019080701003953,NAGRO,55,28,52,868.00,"45,136.00"
2019-08-07,2019080701003929,NAGRO,19,48,20,869.00,"17,380.00"
2019-08-07,2019080701004407,NBL,40,35,38,330.00,"12,540.00"
2019-08-07,2019080701004399,NBL,40,22,100,330.00,"33,000.00"
2019-08-07,2019080701004356,NBL,1,49,50,331.00,"16,550.00"
2019-08-07,2019080701004090,NBL,20,4,350,331.00,"115,850.00"
2019-08-07,2019080701004036,NBL,52,4,50,331.00,"16,550.00"
2019-08-07,2019080701004035,NBL,6,4,100,331.00,"33,100.00"
2019-08-07,2019080701004008,NBL,57,6,250,332.00,"83,000.00"
2019-08-07,2019080701004387,NCCB,51,38,"1,000",242.00,"242,000.00"
2019-08-07,2019080701004377,NCCB,56,38,500,242.00,"121,000.00"
2019-08-07,2019080701004369,NCCB,56,38,500,242.00,"121,000.00"
2019-08-07,2019080701004368,NCCB,25,38,500,242.00,"121,000.00"
2019-08-07,2019080701004311,NCCB,25,50,500,242.00,"121,000.00"
2019-08-07,2019080701004310,NCCB,26,50,"1,500",242.00,"363,000.00"
2019-08-07,2019080701003988,NCCB,50,25,"1,400",243.00,"340,200.00"
2019-08-07,2019080701003967,NCCB,40,25,600,243.00,"145,800.00"
2019-08-07,2019080701003959,NCCB,50,25,"2,000",243.00,"486,000.00"
2019-08-07,2019080701003925,NCCB,50,57,"1,000",243.00,"243,000.00"
2019-08-07,2019080701004118,NCCB,42,50,400,242.00,"96,800.00"
2019-08-07,2019080701004117,NCCB,38,50,200,242.00,"48,400.00"
2019-08-07,2019080701004116,NCCB,6,50,100,242.00,"24,200.00"
2019-08-07,2019080701004115,NCCB,56,50,"2,000",242.00,"484,000.00"
2019-08-07,2019080701004114,NCCB,52,50,"1,000",242.00,"242,000.00"
2019-08-07,2019080701004113,NCCB,1,50,100,242.00,"24,200.00"
2019-08-07,2019080701004167,NCCB,55,50,"1,000",242.00,"242,000.00"
2019-08-07,2019080701004132,NCCB,6,50,"1,180",242.00,"285,560.00"
2019-08-07,2019080701004122,NCCB,40,50,300,242.00,"72,600.00"
2019-08-07,2019080701004121,NCCB,50,50,"3,000",242.00,"726,000.00"
2019-08-07,2019080701004120,NCCB,38,50,20,242.00,"4,840.00"
2019-08-07,2019080701004119,NCCB,25,50,200,242.00,"48,400.00"
2019-08-07,2019080701004290,NCCB,26,50,"1,000",242.00,"242,000.00"
2019-08-07,2019080701004289,NCCB,26,50,"1,000",242.00,"242,000.00"
2019-08-07,2019080701004283,NCCB,52,28,200,243.00,"48,600.00"
2019-08-07,2019080701004264,NCCB,52,28,500,243.00,"121,500.00"
2019-08-07,2019080701004249,NCCB,51,28,30,243.00,"7,290.00"
2019-08-07,2019080701004184,NCCB,26,50,"1,000",242.00,"242,000.00"
2019-08-07,2019080701004408,NGPL,39,46,11,114.00,"1,254.00"
2019-08-07,2019080701004336,NIB,34,46,17,511.00,"8,687.00"
2019-08-07,2019080701004091,NIB,42,35,91,512.00,"46,592.00"
2019-08-07,2019080701004030,NIB,42,11,409,512.00,"209,408.00"
2019-08-07,2019080701004029,NIB,19,11,50,512.00,"25,600.00"
2019-08-07,2019080701004028,NIB,3,11,41,512.00,"20,992.00"
2019-08-07,2019080701004172,NIBPO,35,6,20,462.00,"9,240.00"
2019-08-07,2019080701004165,NIBPO,6,6,"3,000",460.00,"1,380,000.00"
2019-08-07,2019080701004395,NICA,45,4,780,455.00,"354,900.00"
2019-08-07,2019080701004127,NICA,13,4,200,455.00,"91,000.00"
2019-08-07,2019080701004126,NICA,14,4,20,455.00,"9,100.00"
2019-08-07,2019080701004110,NIL,29,14,157,473.00,"74,261.00"
2019-08-07,2019080701004109,NIL,29,32,210,472.00,"99,120.00"
2019-08-07,2019080701004108,NIL,29,6,133,471.00,"62,643.00"
2019-08-07,2019080701004101,NIL,35,32,25,470.00,"11,750.00"
2019-08-07,2019080701004100,NIL,14,32,30,470.00,"14,100.00"
2019-08-07,2019080701004099,NIL,35,32,100,470.00,"47,000.00"
2019-08-07,2019080701004081,NIL,41,32,10,470.00,"4,700.00"
2019-08-07,2019080701004080,NIL,13,32,100,470.00,"47,000.00"
2019-08-07,2019080701004060,NIL,37,14,200,471.00,"94,200.00"
2019-08-07,2019080701003982,NIL,42,14,200,471.00,"94,200.00"
2019-08-07,2019080701004277,NLBBL,19,6,50,575.00,"28,750.00"
2019-08-07,2019080701004276,NLBBL,19,17,150,574.00,"86,100.00"
2019-08-07,2019080701004266,NLBBL,19,17,300,574.00,"172,200.00"
2019-08-07,2019080701004242,NLBBL,33,1,50,572.00,"28,600.00"
2019-08-07,2019080701004092,NLG,16,32,50,700.00,"35,000.00"
2019-08-07,2019080701004148,NLIC,14,57,17,873.00,"14,841.00"
2019-08-07,2019080701004143,NLIC,32,49,17,874.00,"14,858.00"
2019-08-07,2019080701004140,NLIC,14,57,17,873.00,"14,841.00"
2019-08-07,2019080701004138,NLIC,14,57,10,873.00,"8,730.00"
2019-08-07,2019080701004124,NLIC,16,49,23,874.00,"20,102.00"
2019-08-07,2019080701004123,NLIC,16,21,17,873.00,"14,841.00"
2019-08-07,2019080701004006,NLIC,16,6,30,876.00,"26,280.00"
2019-08-07,2019080701004134,NMBMF,45,58,100,"1,081.00","108,100.00"
2019-08-07,2019080701004156,NNLB,40,51,90,461.00,"41,490.00"
2019-08-07,2019080701004155,NNLB,40,21,20,461.00,"9,220.00"
2019-08-07,2019080701004154,NNLB,40,57,100,460.00,"46,000.00"
2019-08-07,2019080701004153,NNLB,40,42,90,460.00,"41,400.00"
2019-08-07,2019080701003962,NNLB,38,38,10,453.00,"4,530.00"
2019-08-07,2019080701003914,NTC,22,22,100,692.00,"69,200.00"
2019-08-07,2019080701004404,NUBL,32,21,70,900.00,"63,000.00"
2019-08-07,2019080701004403,NUBL,32,32,50,899.00,"44,950.00"
2019-08-07,2019080701003956,NUBL,52,32,50,899.00,"44,950.00"
2019-08-07,2019080701004374,PIC,19,51,100,473.00,"47,300.00"
2019-08-07,2019080701004042,PIC,19,22,100,473.00,"47,300.00"
2019-08-07,2019080701004034,PIC,42,28,30,475.00,"14,250.00"
2019-08-07,2019080701004033,PIC,51,28,30,475.00,"14,250.00"
2019-08-07,2019080701004032,PIC,54,28,28,475.00,"13,300.00"
2019-08-07,2019080701004077,PLIC,16,35,65,424.00,"27,560.00"
2019-08-07,2019080701004076,PLIC,16,38,35,424.00,"14,840.00"
2019-08-07,2019080701004397,PPCL,45,1,20,128.00,"2,560.00"
2019-08-07,2019080701004334,PPCL,45,1,20,128.00,"2,560.00"
2019-08-07,2019080701004312,PPCL,45,47,30,128.00,"3,840.00"
2019-08-07,2019080701004260,PPCL,45,1,20,128.00,"2,560.00"
2019-08-07,2019080701004229,PPCL,45,26,10,128.00,"1,280.00"
2019-08-07,2019080701004228,PPCL,16,26,20,128.00,"2,560.00"
2019-08-07,2019080701004177,PPCL,16,1,20,128.00,"2,560.00"
2019-08-07,2019080701004263,PRVU,53,34,100,272.00,"27,200.00"
2019-08-07,2019080701004253,PRVU,49,34,10,272.00,"2,720.00"
2019-08-07,2019080701004163,PRVU,25,34,500,272.00,"136,000.00"
2019-08-07,2019080701004111,PRVU,46,11,13,273.00,"3,549.00"
2019-08-07,2019080701004082,PRVU,29,34,"1,000",272.00,"272,000.00"
2019-08-07,2019080701003991,PRVU,25,1,"1,000",272.00,"272,000.00"
2019-08-07,2019080701003918,PRVU,1,22,142,271.00,"38,482.00"
2019-08-07,2019080701004207,RADHI,57,1,11,142.00,"1,562.00"
2019-08-07,2019080701003931,RHPC,6,6,1,88.00,88.00
2019-08-07,2019080701004135,RHPC,25,32,67,88.00,"5,896.00"
2019-08-07,2019080701004389,RLFL,51,1,50,122.00,"6,100.00"
2019-08-07,2019080701004388,RLFL,44,1,27,123.00,"3,321.00"
2019-08-07,2019080701004280,RMDC,29,37,321,670.00,"215,070.00"
2019-08-07,2019080701004279,RMDC,29,39,36,668.00,"24,048.00"
2019-08-07,2019080701004246,RRHP,14,26,10,105.00,"1,050.00"
2019-08-07,2019080701004412,RSDC,14,29,100,391.00,"39,100.00"
2019-08-07,2019080701004411,RSDC,14,40,50,391.00,"19,550.00"
2019-08-07,2019080701004385,RSDC,14,39,40,385.00,"15,400.00"
2019-08-07,2019080701004384,RSDC,14,49,50,385.00,"19,250.00"
2019-08-07,2019080701004383,RSDC,14,6,250,385.00,"96,250.00"
2019-08-07,2019080701004382,RSDC,14,8,50,385.00,"19,250.00"
2019-08-07,2019080701004189,RSDC,14,37,50,376.00,"18,800.00"
2019-08-07,2019080701004188,RSDC,14,41,200,372.00,"74,400.00"
2019-08-07,2019080701004187,RSDC,14,47,360,372.00,"133,920.00"
2019-08-07,2019080701003923,RSDC,6,6,1,370.00,370.00
2019-08-07,2019080701004343,RSDC,14,39,50,378.00,"18,900.00"
2019-08-07,2019080701004291,RSDC,14,41,50,378.00,"18,900.00"
2019-08-07,2019080701004192,RSDC,14,35,94,378.00,"35,532.00"
2019-08-07,2019080701004191,RSDC,14,57,150,376.00,"56,400.00"
2019-08-07,2019080701004190,RSDC,14,49,20,376.00,"7,520.00"
2019-08-07,2019080701004285,SADBL,34,38,94,151.00,"14,194.00"
2019-08-07,2019080701004284,SADBL,32,38,524,151.00,"79,124.00"
2019-08-07,2019080701004221,SANIMA,14,28,148,353.00,"52,244.00"
2019-08-07,2019080701004220,SANIMA,14,28,100,353.00,"35,300.00"
2019-08-07,2019080701004219,SANIMA,48,28,752,353.00,"265,456.00"
2019-08-07,2019080701004106,SANIMA,48,58,10,353.00,"3,530.00"
2019-08-07,2019080701003927,SANIMA,48,29,100,353.00,"35,300.00"
2019-08-07,2019080701004335,SBI,35,28,"1,396",460.00,"642,160.00"
2019-08-07,2019080701004015,SBI,35,14,101,460.00,"46,460.00"
2019-08-07,2019080701004338,SBL,48,8,60,322.00,"19,320.00"
2019-08-07,2019080701004337,SBL,48,8,40,322.00,"12,880.00"
2019-08-07,2019080701004273,SDESI,38,1,10,630.00,"6,300.00"
2019-08-07,2019080701003976,SDESI,49,39,27,635.00,"17,145.00"
2019-08-07,2019080701004268,SEF,43,26,"5,000",10.19,"50,950.00"
2019-08-07,2019080701004098,SHINE,57,14,"1,000",254.00,"254,000.00"
2019-08-07,2019080701004128,SHIVM,49,22,100,590.00,"59,000.00"
2019-08-07,2019080701004026,SHIVM,43,38,355,585.00,"207,675.00"
2019-08-07,2019080701004025,SHIVM,42,38,250,585.00,"146,250.00"
2019-08-07,2019080701004024,SHIVM,39,38,100,586.00,"58,600.00"
2019-08-07,2019080701004023,SHIVM,34,38,100,586.00,"58,600.00"
2019-08-07,2019080701004022,SHIVM,41,38,150,587.00,"88,050.00"
2019-08-07,2019080701004021,SHIVM,14,38,20,588.00,"11,760.00"
2019-08-07,2019080701004020,SHIVM,21,38,25,588.00,"14,700.00"
2019-08-07,2019080701003960,SHIVM,49,48,50,590.00,"29,500.00"
2019-08-07,2019080701003944,SHL,57,29,110,233.00,"25,630.00"
2019-08-07,2019080701004224,SIC,4,35,50,603.00,"30,150.00"
2019-08-07,2019080701004223,SIC,34,35,50,604.00,"30,200.00"
2019-08-07,2019080701004016,SIFC,29,4,50,158.00,"7,900.00"
2019-08-07,2019080701004309,SIL,36,34,30,455.00,"13,650.00"
2019-08-07,2019080701003961,SJCL,58,3,10,235.00,"2,350.00"
2019-08-07,2019080701004053,SLBBL,58,25,200,563.00,"112,600.00"
2019-08-07,2019080701004014,SLBBL,16,47,100,560.00,"56,000.00"
2019-08-07,2019080701004013,SLBBL,16,37,17,560.00,"9,520.00"
2019-08-07,2019080701003989,SLBBL,42,37,100,560.00,"56,000.00"
2019-08-07,2019080701003966,SLBBL,19,37,10,560.00,"5,600.00"
2019-08-07,2019080701004058,SLBBL,58,48,27,571.00,"15,417.00"
2019-08-07,2019080701004057,SLBBL,58,25,100,571.00,"57,100.00"
2019-08-07,2019080701004056,SLBBL,58,43,200,570.00,"114,000.00"
2019-08-07,2019080701004055,SLBBL,58,25,150,569.00,"85,350.00"
2019-08-07,2019080701004054,SLBBL,58,35,174,566.00,"98,484.00"
2019-08-07,2019080701004402,SLICL,38,58,100,464.00,"46,400.00"
2019-08-07,2019080701004396,SLICL,21,14,36,465.00,"16,740.00"
2019-08-07,2019080701004174,SLICL,18,14,164,465.00,"76,260.00"
2019-08-07,2019080701004173,SLICL,18,38,36,464.00,"16,704.00"
2019-08-07,2019080701004146,SLICL,17,38,20,464.00,"9,280.00"
2019-08-07,2019080701004215,SMB,39,34,10,473.00,"4,730.00"
2019-08-07,2019080701004089,SMB,34,50,10,477.00,"4,770.00"
2019-08-07,2019080701004071,SMB,34,57,280,473.00,"132,440.00"
2019-08-07,2019080701004410,SMFBS,51,58,10,810.00,"8,100.00"
2019-08-07,2019080701004162,SMFBS,51,20,10,810.00,"8,100.00"
2019-08-07,2019080701004141,SMFBS,51,51,10,810.00,"8,100.00"
2019-08-07,2019080701004068,SMFBS,51,51,10,810.00,"8,100.00"
2019-08-07,2019080701004067,SMFBS,51,8,100,810.00,"81,000.00"
2019-08-07,2019080701004066,SMFBS,51,29,10,810.00,"8,100.00"
2019-08-07,2019080701003971,SMFBS,42,14,10,800.00,"8,000.00"
2019-08-07,2019080701003970,SMFBS,42,34,10,799.00,"7,990.00"
2019-08-07,2019080701003969,SMFBS,42,34,10,799.00,"7,990.00"
2019-08-07,2019080701004049,SMFBS,51,34,10,800.00,"8,000.00"
2019-08-07,2019080701004009,SMFBS,38,28,10,785.00,"7,850.00"
2019-08-07,2019080701003975,SMFBS,42,40,10,800.00,"8,000.00"
2019-08-07,2019080701003974,SMFBS,42,22,40,800.00,"32,000.00"
2019-08-07,2019080701003973,SMFBS,42,44,10,800.00,"8,000.00"
2019-08-07,2019080701003972,SMFBS,42,57,10,800.00,"8,000.00"
2019-08-07,2019080701004065,SMFBS,51,34,10,805.00,"8,050.00"
2019-08-07,2019080701004064,SMFBS,51,34,10,805.00,"8,050.00"
2019-08-07,2019080701004063,SMFBS,51,8,100,805.00,"80,500.00"
2019-08-07,2019080701004062,SMFBS,51,34,10,805.00,"8,050.00"
2019-08-07,2019080701004061,SMFBS,51,20,10,804.00,"8,040.00"
2019-08-07,2019080701004050,SMFBS,51,22,50,800.00,"40,000.00"
2019-08-07,2019080701004038,SMFDB,7,42,23,569.00,"13,087.00"
2019-08-07,2019080701004031,SMFDB,7,1,100,568.00,"56,800.00"
2019-08-07,2019080701004413,SPARS,48,52,200,624.00,"124,800.00"
2019-08-07,2019080701004259,SPARS,48,22,20,624.00,"12,480.00"
2019-08-07,2019080701004001,SPARS,45,1,10,625.00,"6,250.00"
2019-08-07,2019080701004000,SPARS,45,35,50,620.00,"31,000.00"
2019-08-07,2019080701003999,SPARS,45,21,10,620.00,"6,200.00"
2019-08-07,2019080701003998,SPARS,45,21,10,620.00,"6,200.00"
2019-08-07,2019080701003997,SPARS,45,21,10,620.00,"6,200.00"
2019-08-07,2019080701003996,SPARS,45,21,10,620.00,"6,200.00"
2019-08-07,2019080701003995,SPARS,45,21,10,620.00,"6,200.00"
2019-08-07,2019080701003994,SPARS,45,21,10,620.00,"6,200.00"
2019-08-07,2019080701003993,SPARS,45,46,10,620.00,"6,200.00"
2019-08-07,2019080701003992,SPARS,45,17,10,620.00,"6,200.00"
2019-08-07,2019080701004251,SRBL,57,14,175,245.00,"42,875.00"
2019-08-07,2019080701004250,SRBL,14,14,25,245.00,"6,125.00"
2019-08-07,2019080701003924,SRBL,44,11,150,247.00,"37,050.00"
2019-08-07,2019080701004226,UNHPL,36,22,50,68.00,"3,400.00"
2019-08-07,2019080701004179,UPCL,34,22,10,86.00,860.00
2019-08-07,2019080701004178,UPCL,49,22,40,87.00,"3,480.00"
2019-08-07,2019080701004409,UPPER,14,14,236,266.00,"62,776.00"
2019-08-07,2019080701004158,UPPER,33,7,10,267.00,"2,670.00"
2019-08-07,2019080701004157,UPPER,33,34,40,266.00,"10,640.00"
2019-08-07,2019080701004139,UPPER,16,34,10,266.00,"2,660.00"
2019-08-07,2019080701004097,UPPER,16,36,40,266.00,"10,640.00"
2019-08-07,2019080701003946,UPPER,56,49,72,265.00,"19,080.00"
2019-08-07,2019080701004047,UPPER,16,49,40,266.00,"10,640.00"
2019-08-07,2019080701004072,UPPER,16,42,50,266.00,"13,300.00"
2019-08-07,2019080701004359,VLBS,7,17,19,588.00,"11,172.00"
2019-08-07,2019080701004358,VLBS,33,17,15,600.00,"9,000.00"
2019-08-07,2019080701003801,ADBL,17,4,"1,000",437.00,"437,000.00"
2019-08-07,2019080701003800,ADBL,17,34,394,437.00,"172,178.00"
2019-08-07,2019080701003799,ADBL,17,44,"1,000",437.00,"437,000.00"
2019-08-07,2019080701003798,ADBL,17,58,300,437.00,"131,100.00"
2019-08-07,2019080701003797,ADBL,17,40,100,437.00,"43,700.00"
2019-08-07,2019080701003796,ADBL,17,49,100,437.00,"43,700.00"
2019-08-07,2019080701003795,ADBL,17,45,500,437.00,"218,500.00"
2019-08-07,2019080701003657,ADBL,45,39,100,435.00,"43,500.00"
2019-08-07,2019080701003615,ADBL,17,18,328,436.00,"143,008.00"
2019-08-07,2019080701003614,ADBL,17,28,400,436.00,"174,400.00"
2019-08-07,2019080701003511,ADBL,21,28,100,436.00,"43,600.00"
2019-08-07,2019080701003497,ADBL,45,8,400,435.00,"174,000.00"
2019-08-07,2019080701003514,AHPC,43,34,10,108.00,"1,080.00"
2019-08-07,2019080701003513,AHPC,43,58,200,107.00,"21,400.00"
2019-08-07,2019080701003512,AHPC,43,26,100,107.00,"10,700.00"
2019-08-07,2019080701003502,AKJCL,32,47,20,68.00,"1,360.00"
2019-08-07,2019080701003789,AKPL,25,41,12,172.00,"2,064.00"
2019-08-07,2019080701003788,AKPL,25,13,13,171.00,"2,223.00"
2019-08-07,2019080701003787,AKPL,25,34,20,171.00,"3,420.00"
2019-08-07,2019080701003836,ALBSL,25,48,100,488.00,"48,800.00"
2019-08-07,2019080701003835,ALBSL,25,39,50,488.00,"24,400.00"
2019-08-07,2019080701003834,ALBSL,25,57,150,486.00,"72,900.00"
2019-08-07,2019080701003833,ALBSL,25,59,50,486.00,"24,300.00"
2019-08-07,2019080701003832,ALBSL,25,16,40,485.00,"19,400.00"
2019-08-07,2019080701003831,ALBSL,25,50,100,484.00,"48,400.00"
2019-08-07,2019080701003691,ALBSL,38,1,10,480.00,"4,800.00"
2019-08-07,2019080701003565,ALBSL,58,4,10,471.00,"4,710.00"
2019-08-07,2019080701003436,ALBSL,6,6,10,479.00,"4,790.00"
2019-08-07,2019080701003427,ALBSL,58,10,10,471.00,"4,710.00"
2019-08-07,2019080701003830,ALBSL,25,40,50,483.00,"24,150.00"
2019-08-07,2019080701003829,ALBSL,25,44,10,482.00,"4,820.00"
2019-08-07,2019080701003707,ALBSL,38,1,10,482.00,"4,820.00"
2019-08-07,2019080701003773,API,25,50,19,136.00,"2,584.00"
2019-08-07,2019080701003468,API,7,34,29,135.00,"3,915.00"
2019-08-07,2019080701003587,BFC,6,47,45,99.00,"4,455.00"
2019-08-07,2019080701003858,BOKL,22,50,200,262.00,"52,400.00"
2019-08-07,2019080701003774,BOKL,6,48,100,261.00,"26,100.00"
2019-08-07,2019080701003753,BOKL,22,50,200,262.00,"52,400.00"
2019-08-07,2019080701003891,BPCL,41,45,11,398.00,"4,378.00"
2019-08-07,2019080701003890,BPCL,41,57,10,398.00,"3,980.00"
2019-08-07,2019080701003889,BPCL,41,42,207,398.00,"82,386.00"
2019-08-07,2019080701003791,BPCL,34,34,931,397.00,"369,607.00"
2019-08-07,2019080701003776,BPCL,19,34,"1,000",397.00,"397,000.00"
2019-08-07,2019080701003517,BPCL,46,36,11,396.00,"4,356.00"
2019-08-07,2019080701003486,BPCL,25,34,30,397.00,"11,910.00"
2019-08-07,2019080701003448,BPCL,25,49,120,396.00,"47,520.00"
2019-08-07,2019080701003447,BPCL,46,49,50,396.00,"19,800.00"
2019-08-07,2019080701003446,BPCL,8,49,402,396.00,"159,192.00"
2019-08-07,2019080701003545,CBBLPO,49,58,"10,000",481.00,"4,810,000.00"
2019-08-07,2019080701003864,CBL,41,49,127,150.00,"19,050.00"
2019-08-07,2019080701003863,CBL,52,49,30,150.00,"4,500.00"
2019-08-07,2019080701003751,CBL,35,56,836,151.00,"126,236.00"
2019-08-07,2019080701003750,CBL,49,56,20,151.00,"3,020.00"
2019-08-07,2019080701003749,CBL,52,56,155,151.00,"23,405.00"
2019-08-07,2019080701003748,CBL,57,56,70,151.00,"10,570.00"
2019-08-07,2019080701003551,CBL,11,22,112,151.00,"16,912.00"
2019-08-07,2019080701003747,CBL,41,56,100,151.00,"15,100.00"
2019-08-07,2019080701003746,CBL,41,56,500,151.00,"75,500.00"
2019-08-07,2019080701003745,CBL,32,56,100,151.00,"15,100.00"
2019-08-07,2019080701003744,CBL,17,56,150,151.00,"22,650.00"
2019-08-07,2019080701003743,CBL,11,56,69,151.00,"10,419.00"
2019-08-07,2019080701003643,CBL,7,57,145,152.00,"22,040.00"
2019-08-07,2019080701003888,CCBL,22,13,200,168.00,"33,600.00"
2019-08-07,2019080701003756,CCBL,22,13,200,168.00,"33,600.00"
2019-08-07,2019080701003716,CCBL,29,33,690,167.00,"115,230.00"
2019-08-07,2019080701003639,CCBL,26,33,300,167.00,"50,100.00"
2019-08-07,2019080701003595,CCBL,43,33,10,167.00,"1,670.00"
2019-08-07,2019080701003561,CCBL,10,22,113,166.00,"18,758.00"
2019-08-07,2019080701003474,CCBL,44,45,"1,100",167.00,"183,700.00"
2019-08-07,2019080701003473,CCBL,44,42,"1,600",167.00,"267,200.00"
2019-08-07,2019080701003432,CCBL,5,42,400,167.00,"66,800.00"
2019-08-07,2019080701003713,CHCL,17,52,60,508.00,"30,480.00"
2019-08-07,2019080701003712,CHCL,17,45,140,508.00,"71,120.00"
2019-08-07,2019080701003602,CHCL,43,45,10,508.00,"5,080.00"
2019-08-07,2019080701003734,CIT,41,34,30,"2,419.00","72,570.00"
2019-08-07,2019080701003658,CIT,42,34,50,"2,419.00","120,950.00"
2019-08-07,2019080701003637,CIT,25,34,100,"2,419.00","241,900.00"
2019-08-07,2019080701003462,CIT,25,25,100,"2,415.00","241,500.00"
2019-08-07,2019080701003782,CMF1,34,34,"1,500",10.00,"15,000.00"
2019-08-07,2019080701003781,CMF1,34,26,"1,000",10.00,"10,000.00"
2019-08-07,2019080701003780,CMF1,34,33,"10,010",10.00,"100,100.00"
2019-08-07,2019080701003779,CMF1,34,45,100,10.00,"1,000.00"
2019-08-07,2019080701003439,CZBIL,45,44,"1,000",222.00,"222,000.00"
2019-08-07,2019080701003426,CZBIL,22,44,45,222.00,"9,990.00"
2019-08-07,2019080701003607,DDBL,52,34,12,760.00,"9,120.00"
2019-08-07,2019080701003705,EBL,34,34,299,652.00,"194,948.00"
2019-08-07,2019080701003608,EIC,43,51,10,353.00,"3,530.00"
2019-08-07,2019080701003715,FOWAD,46,46,19,"1,371.00","26,049.00"
2019-08-07,2019080701003684,FOWAD,46,46,4,"1,353.00","5,412.00"
2019-08-07,2019080701003646,FOWAD,46,46,4,"1,353.00","5,412.00"
2019-08-07,2019080701003623,FOWAD,46,46,4,"1,353.00","5,412.00"
2019-08-07,2019080701003599,FOWAD,46,46,4,"1,353.00","5,412.00"
2019-08-07,2019080701003465,FOWAD,25,57,10,"1,380.00","13,800.00"
2019-08-07,2019080701003610,GBLBS,7,39,200,382.00,"76,400.00"
2019-08-07,2019080701003464,GFCL,17,45,50,133.00,"6,650.00"
2019-08-07,2019080701003463,GFCL,17,6,197,133.00,"26,201.00"
2019-08-07,2019080701003440,GILB,11,51,25,707.00,"17,675.00"
2019-08-07,2019080701003425,GILB,25,19,10,709.00,"7,090.00"
2019-08-07,2019080701003424,GILB,51,19,20,710.00,"14,200.00"
2019-08-07,2019080701003562,GLBSL,55,26,500,530.00,"265,000.00"
2019-08-07,2019080701003494,GLBSL,40,37,10,520.00,"5,200.00"
2019-08-07,2019080701003443,GLBSL,38,37,10,510.00,"5,100.00"
2019-08-07,2019080701003421,GLBSL,7,10,10,507.00,"5,070.00"
2019-08-07,2019080701003451,GLICL,42,43,30,479.00,"14,370.00"
2019-08-07,2019080701003444,GLICL,17,46,200,485.00,"97,000.00"
2019-08-07,2019080701003770,GMFBS,10,39,10,601.00,"6,010.00"
2019-08-07,2019080701003678,GMFBS,19,48,10,591.00,"5,910.00"
2019-08-07,2019080701003669,GMFBS,28,57,10,587.00,"5,870.00"
2019-08-07,2019080701003649,GMFBS,28,34,35,587.00,"20,545.00"
2019-08-07,2019080701003648,GMFBS,28,48,200,585.00,"117,000.00"
2019-08-07,2019080701003594,GMFBS,19,21,20,576.00,"11,520.00"
2019-08-07,2019080701003499,GMFBS,39,57,10,582.00,"5,820.00"
2019-08-07,2019080701003493,GMFBS,39,37,10,574.00,"5,740.00"
2019-08-07,2019080701003582,GMFBS,39,48,100,585.00,"58,500.00"
2019-08-07,2019080701003558,GMFBS,34,34,10,576.00,"5,760.00"
2019-08-07,2019080701003548,GMFBS,39,57,10,580.00,"5,800.00"
2019-08-07,2019080701003503,GMFBS,39,57,10,580.00,"5,800.00"
2019-08-07,2019080701003501,GMFBS,39,1,45,582.00,"26,190.00"
2019-08-07,2019080701003500,GMFBS,39,39,10,582.00,"5,820.00"
2019-08-07,2019080701003841,HIDCL,49,39,17,156.00,"2,652.00"
2019-08-07,2019080701003711,HIDCL,26,40,174,154.00,"26,796.00"
2019-08-07,2019080701003563,HIDCL,48,48,30,155.00,"4,650.00"
2019-08-07,2019080701003435,HIDCL,26,34,10,154.00,"1,540.00"
2019-08-07,2019080701003567,HPPL,48,48,10,167.00,"1,670.00"
2019-08-07,2019080701003651,HURJA,13,51,20,133.00,"2,660.00"
2019-08-07,2019080701003437,HURJA,13,10,20,133.00,"2,660.00"
