Date,Transact. No.,Symbol,Buyer,Seller,Quantity,Rate,Amount
2019-09-23,2019092301004610,ADBL,44,6,480,414.00,"198,720.00"
2019-09-23,2019092301004609,ADBL,44,16,20,414.00,"8,280.00"
2019-09-23,2019092301004483,ADBL,56,16,80,414.00,"33,120.00"
2019-09-23,2019092301004428,ADBL,32,16,200,414.00,"82,800.00"
2019-09-23,2019092301004355,ADBL,35,6,10,415.00,"4,150.00"
2019-09-23,2019092301004573,AHPC,28,37,278,96.00,"26,688.00"
2019-09-23,2019092301004572,AHPC,35,37,10,96.00,960.00
2019-09-23,2019092301004571,AHPC,25,37,"1,000",96.00,"96,000.00"
2019-09-23,2019092301004570,AHPC,46,37,20,96.00,"1,920.00"
2019-09-23,2019092301004681,AKBSL,45,37,10,410.00,"4,100.00"
2019-09-23,2019092301004569,AKBSL,42,44,100,410.00,"41,000.00"
2019-09-23,2019092301004568,AKBSL,55,44,20,411.00,"8,220.00"
2019-09-23,2019092301004567,AKBSL,57,44,50,411.00,"20,550.00"
2019-09-23,2019092301004566,AKBSL,35,44,20,411.00,"8,220.00"
2019-09-23,2019092301004545,AKBSL,48,47,10,412.00,"4,120.00"
2019-09-23,2019092301004533,AKBSL,48,47,10,412.00,"4,120.00"
2019-09-23,2019092301004357,AKBSL,48,22,10,412.00,"4,120.00"
2019-09-23,2019092301004349,AKBSL,48,58,10,412.00,"4,120.00"
2019-09-23,2019092301004324,AKBSL,48,58,10,412.00,"4,120.00"
2019-09-23,2019092301004304,AKBSL,43,58,10,412.00,"4,120.00"
2019-09-23,2019092301004672,AKPL,26,4,100,131.00,"13,100.00"
2019-09-23,2019092301004503,AKPL,54,4,150,131.00,"19,650.00"
2019-09-23,2019092301004471,AKPL,19,50,283,130.00,"36,790.00"
2019-09-23,2019092301004363,AKPL,42,4,300,130.00,"39,000.00"
2019-09-23,2019092301004629,ALBSL,36,34,10,425.00,"4,250.00"
2019-09-23,2019092301004511,ALBSL,29,6,20,424.00,"8,480.00"
2019-09-23,2019092301004415,ALICL,45,57,45,317.00,"14,265.00"
2019-09-23,2019092301004627,API,25,43,20,115.00,"2,300.00"
2019-09-23,2019092301004626,API,25,22,500,114.00,"57,000.00"
2019-09-23,2019092301004514,API,25,29,50,114.00,"5,700.00"
2019-09-23,2019092301004464,API,37,16,700,113.00,"79,100.00"
2019-09-23,2019092301004654,BOKL,48,49,10,250.00,"2,500.00"
2019-09-23,2019092301004443,BOKL,40,5,50,252.00,"12,600.00"
2019-09-23,2019092301004247,BOKL,21,28,11,248.00,"2,728.00"
2019-09-23,2019092301004208,BOKL,25,25,500,249.00,"124,500.00"
2019-09-23,2019092301004439,BPCL,34,22,40,362.00,"14,480.00"
2019-09-23,2019092301004650,CBBL,44,33,15,965.00,"14,475.00"
2019-09-23,2019092301004628,CBBL,44,33,30,965.00,"28,950.00"
2019-09-23,2019092301004624,CBBL,44,33,50,965.00,"48,250.00"
2019-09-23,2019092301004539,CBL,43,29,10,144.00,"1,440.00"
2019-09-23,2019092301004460,CBL,26,6,"2,000",143.00,"286,000.00"
2019-09-23,2019092301004459,CBL,26,35,350,143.00,"50,050.00"
2019-09-23,2019092301004421,CBL,34,35,20,143.00,"2,860.00"
2019-09-23,2019092301004308,CBL,48,16,129,142.00,"18,318.00"
2019-09-23,2019092301004307,CBL,57,16,100,142.00,"14,200.00"
2019-09-23,2019092301004263,CBL,44,38,"1,557",142.00,"221,094.00"
2019-09-23,2019092301004230,CBL,40,35,130,143.00,"18,590.00"
2019-09-23,2019092301004229,CBL,40,57,150,143.00,"21,450.00"
2019-09-23,2019092301004228,CBL,40,48,118,143.00,"16,874.00"
2019-09-23,2019092301004227,CBL,40,32,102,143.00,"14,586.00"
2019-09-23,2019092301004306,CBL,34,16,407,142.00,"57,794.00"
2019-09-23,2019092301004268,CBL,34,38,593,142.00,"84,206.00"
2019-09-23,2019092301004267,CBL,44,38,500,142.00,"71,000.00"
2019-09-23,2019092301004266,CBL,42,38,100,142.00,"14,200.00"
2019-09-23,2019092301004265,CBL,26,38,200,142.00,"28,400.00"
2019-09-23,2019092301004264,CBL,5,38,100,142.00,"14,200.00"
2019-09-23,2019092301004643,CCBL,32,50,543,154.00,"83,622.00"
2019-09-23,2019092301004642,CCBL,32,17,121,154.00,"18,634.00"
2019-09-23,2019092301004641,CCBL,32,17,121,154.00,"18,634.00"
2019-09-23,2019092301004640,CCBL,32,17,121,154.00,"18,634.00"
2019-09-23,2019092301004639,CCBL,32,17,94,154.00,"14,476.00"
2019-09-23,2019092301004590,CCBL,57,45,183,153.00,"27,999.00"
2019-09-23,2019092301004577,CCBL,41,45,100,153.00,"15,300.00"
2019-09-23,2019092301004576,CCBL,17,45,"2,067",153.00,"316,251.00"
2019-09-23,2019092301004435,CCBL,17,13,96,153.00,"14,688.00"
2019-09-23,2019092301004583,CCBL,43,45,50,153.00,"7,650.00"
2019-09-23,2019092301004582,CCBL,5,45,500,153.00,"76,500.00"
2019-09-23,2019092301004581,CCBL,1,45,500,153.00,"76,500.00"
2019-09-23,2019092301004580,CCBL,1,45,500,153.00,"76,500.00"
2019-09-23,2019092301004579,CCBL,17,45,100,153.00,"15,300.00"
2019-09-23,2019092301004578,CCBL,55,45,"1,000",153.00,"153,000.00"
2019-09-23,2019092301004589,CCBL,25,45,300,153.00,"45,900.00"
2019-09-23,2019092301004588,CCBL,17,45,500,153.00,"76,500.00"
2019-09-23,2019092301004587,CCBL,42,45,200,153.00,"30,600.00"
2019-09-23,2019092301004586,CCBL,45,45,"2,300",153.00,"351,900.00"
2019-09-23,2019092301004585,CCBL,48,45,500,153.00,"76,500.00"
2019-09-23,2019092301004584,CCBL,51,45,100,153.00,"15,300.00"
2019-09-23,2019092301004558,CHL,49,45,24,82.00,"1,968.00"
2019-09-23,2019092301004557,CHL,49,50,10,82.00,820.00
2019-09-23,2019092301004673,CIT,17,21,100,"1,798.00","179,800.00"
2019-09-23,2019092301004292,CIT,45,38,28,"1,798.00","50,344.00"
2019-09-23,2019092301004243,CIT,55,38,20,"1,797.00","35,940.00"
2019-09-23,2019092301004187,CIT,52,17,10,"1,805.00","18,050.00"
2019-09-23,2019092301004680,CZBIL,48,48,11,196.00,"2,156.00"
2019-09-23,2019092301004679,CZBIL,48,48,78,195.00,"15,210.00"
2019-09-23,2019092301004678,CZBIL,48,13,121,195.00,"23,595.00"
2019-09-23,2019092301004520,CZBIL,50,48,100,193.00,"19,300.00"
2019-09-23,2019092301004501,CZBIL,7,48,122,193.00,"23,546.00"
2019-09-23,2019092301004500,CZBIL,7,57,100,193.00,"19,300.00"
2019-09-23,2019092301004299,CZBIL,40,43,165,193.00,"31,845.00"
2019-09-23,2019092301004285,CZBIL,40,43,335,193.00,"64,655.00"
2019-09-23,2019092301004284,CZBIL,57,43,500,193.00,"96,500.00"
2019-09-23,2019092301004283,CZBIL,50,43,165,193.00,"31,845.00"
2019-09-23,2019092301004234,CZBIL,33,48,300,194.00,"58,200.00"
2019-09-23,2019092301004321,CZBIL,7,43,78,193.00,"15,054.00"
2019-09-23,2019092301004320,CZBIL,42,43,300,193.00,"57,900.00"
2019-09-23,2019092301004319,CZBIL,43,43,50,193.00,"9,650.00"
2019-09-23,2019092301004318,CZBIL,16,43,72,193.00,"13,896.00"
2019-09-23,2019092301004310,CZBIL,16,53,93,193.00,"17,949.00"
2019-09-23,2019092301004300,CZBIL,16,43,835,193.00,"161,155.00"
2019-09-23,2019092301004209,DBBL,7,29,10,127.00,"1,270.00"
2019-09-23,2019092301004663,DDBL,57,45,20,720.00,"14,400.00"
2019-09-23,2019092301004296,DDBL,49,50,100,712.00,"71,200.00"
2019-09-23,2019092301004485,EBL,21,40,100,569.00,"56,900.00"
2019-09-23,2019092301004269,EBL,16,50,19,566.00,"10,754.00"
2019-09-23,2019092301004550,EIC,28,34,180,248.00,"44,640.00"
2019-09-23,2019092301004433,EIC,49,58,100,249.00,"24,900.00"
2019-09-23,2019092301004332,EIC,32,58,30,249.00,"7,470.00"
2019-09-23,2019092301004302,EIC,28,35,77,248.00,"19,096.00"
2019-09-23,2019092301004339,FMDBL,41,37,75,367.00,"27,525.00"
2019-09-23,2019092301004338,FMDBL,47,37,50,367.00,"18,350.00"
2019-09-23,2019092301004337,FMDBL,55,37,50,368.00,"18,400.00"
2019-09-23,2019092301004416,GBBL,56,42,500,208.00,"104,000.00"
2019-09-23,2019092301004615,GBLBS,51,51,10,324.00,"3,240.00"
2019-09-23,2019092301004311,GBLBS,59,58,45,320.00,"14,400.00"
2019-09-23,2019092301004303,GBLBS,11,50,10,319.00,"3,190.00"
2019-09-23,2019092301004290,GBLBS,10,58,355,320.00,"113,600.00"
2019-09-23,2019092301004281,GBLBS,25,58,100,320.00,"32,000.00"
2019-09-23,2019092301004246,GBLBS,56,58,20,320.00,"6,400.00"
2019-09-23,2019092301004472,GDBL,14,41,200,204.00,"40,800.00"
2019-09-23,2019092301004352,GDBL,19,43,51,204.00,"10,404.00"
2019-09-23,2019092301004351,GDBL,47,43,21,204.00,"4,284.00"
2019-09-23,2019092301004466,GDBL,40,57,500,204.00,"102,000.00"
2019-09-23,2019092301004465,GDBL,34,57,124,204.00,"25,296.00"
2019-09-23,2019092301004371,GDBL,34,32,26,204.00,"5,304.00"
2019-09-23,2019092301004370,GDBL,19,32,149,204.00,"30,396.00"
2019-09-23,2019092301004561,GIMES1,47,47,"5,000",6.60,"33,000.00"
2019-09-23,2019092301004560,GIMES1,26,47,"5,000",6.62,"33,100.00"
2019-09-23,2019092301004559,GIMES1,42,47,500,6.70,"3,350.00"
2019-09-23,2019092301004505,GLBSL,48,38,40,441.00,"17,640.00"
2019-09-23,2019092301004504,GLBSL,55,38,10,441.00,"4,410.00"
2019-09-23,2019092301004412,GLICL,34,38,71,358.00,"25,418.00"
2019-09-23,2019092301004411,GLICL,26,38,200,358.00,"71,600.00"
2019-09-23,2019092301004410,GLICL,22,38,200,360.00,"72,000.00"
2019-09-23,2019092301004409,GLICL,42,38,10,361.00,"3,610.00"
2019-09-23,2019092301004380,GLICL,25,58,100,362.00,"36,200.00"
2019-09-23,2019092301004634,GMFBS,10,50,10,469.00,"4,690.00"
2019-09-23,2019092301004298,GMFBS,41,58,10,464.00,"4,640.00"
2019-09-23,2019092301004645,GUFL,52,28,200,111.00,"22,200.00"
2019-09-23,2019092301004617,HBL,41,14,150,500.00,"75,000.00"
2019-09-23,2019092301004616,HBL,1,14,78,500.00,"39,000.00"
2019-09-23,2019092301004547,HBL,1,18,22,500.00,"11,000.00"
2019-09-23,2019092301004546,HBL,22,18,16,501.00,"8,016.00"
2019-09-23,2019092301004532,HBL,22,37,84,501.00,"42,084.00"
2019-09-23,2019092301004531,HBL,21,37,100,503.00,"50,300.00"
2019-09-23,2019092301004484,HDL,33,58,10,"1,473.00","14,730.00"
2019-09-23,2019092301004543,HIDCL,45,10,57,132.00,"7,524.00"
2019-09-23,2019092301004542,HIDCL,57,10,200,133.00,"26,600.00"
2019-09-23,2019092301004541,HIDCL,16,10,50,133.00,"6,650.00"
2019-09-23,2019092301004540,HIDCL,35,10,10,133.00,"1,330.00"
2019-09-23,2019092301004376,HIDCL,35,43,10,134.00,"1,340.00"
2019-09-23,2019092301004280,HIDCL,35,44,50,133.00,"6,650.00"
2019-09-23,2019092301004644,JFL,20,46,10,198.00,"1,980.00"
2019-09-23,2019092301004404,KBL,5,48,200,178.00,"35,600.00"
2019-09-23,2019092301004403,KBL,5,34,300,178.00,"53,400.00"
2019-09-23,2019092301004323,KBL,37,38,112,177.00,"19,824.00"
2019-09-23,2019092301004322,KBL,14,38,34,177.00,"6,018.00"
2019-09-23,2019092301004275,KPCL,19,39,50,77.00,"3,850.00"
2019-09-23,2019092301004274,KPCL,33,39,60,78.00,"4,680.00"
2019-09-23,2019092301004254,KPCL,33,50,10,78.00,780.00
2019-09-23,2019092301004599,LBL,45,58,170,211.00,"35,870.00"
2019-09-23,2019092301004598,LBL,45,58,10,212.00,"2,120.00"
2019-09-23,2019092301004597,LBL,1,58,100,212.00,"21,200.00"
2019-09-23,2019092301004596,LBL,34,58,200,212.00,"42,400.00"
2019-09-23,2019092301004595,LBL,33,58,68,212.00,"14,416.00"
2019-09-23,2019092301004594,LBL,34,58,22,213.00,"4,686.00"
2019-09-23,2019092301004256,LBL,34,28,16,213.00,"3,408.00"
2019-09-23,2019092301004193,LBL,34,32,62,213.00,"13,206.00"
2019-09-23,2019092301004309,LICN,56,14,10,"1,004.00","10,040.00"
2019-09-23,2019092301004515,LLBS,33,57,100,660.00,"66,000.00"
2019-09-23,2019092301004188,LLBS,18,43,24,659.00,"15,816.00"
2019-09-23,2019092301004509,LVF1,21,47,"2,000",8.60,"17,200.00"
2019-09-23,2019092301004510,MBL,44,38,90,248.00,"22,320.00"
2019-09-23,2019092301004362,MBL,44,43,"1,800",247.00,"444,600.00"
2019-09-23,2019092301004241,MBL,10,50,300,248.00,"74,400.00"
2019-09-23,2019092301004240,MBL,37,50,30,248.00,"7,440.00"
2019-09-23,2019092301004239,MBL,54,50,50,248.00,"12,400.00"
2019-09-23,2019092301004437,MDB,29,38,10,246.00,"2,460.00"
2019-09-23,2019092301004651,MEGA,33,6,10,195.00,"1,950.00"
2019-09-23,2019092301004625,MEGA,32,6,"1,000",195.00,"195,000.00"
2019-09-23,2019092301004592,MEGA,43,6,10,195.00,"1,950.00"
2019-09-23,2019092301004513,MEGA,57,53,854,194.00,"165,676.00"
2019-09-23,2019092301004222,MEGA,45,17,200,194.00,"38,800.00"
2019-09-23,2019092301004221,MEGA,49,17,663,194.00,"128,622.00"
2019-09-23,2019092301004220,MEGA,42,29,100,195.00,"19,500.00"
2019-09-23,2019092301004202,MEGA,49,21,"1,234",194.00,"239,396.00"
2019-09-23,2019092301004336,MEGA,35,53,113,194.00,"21,922.00"
2019-09-23,2019092301004223,MEGA,35,17,137,194.00,"26,578.00"
2019-09-23,2019092301004419,MEGA,57,53,146,194.00,"28,324.00"
2019-09-23,2019092301004622,MERO,38,45,10,550.00,"5,500.00"
2019-09-23,2019092301004261,MERO,26,44,12,547.00,"6,564.00"
2019-09-23,2019092301004453,MFIL,49,3,"1,900",122.00,"231,800.00"
2019-09-23,2019092301004652,MLBL,33,50,10,211.00,"2,110.00"
2019-09-23,2019092301004602,MLBL,33,37,125,209.00,"26,125.00"
2019-09-23,2019092301004601,MLBL,45,37,200,209.00,"41,800.00"
2019-09-23,2019092301004600,MLBL,28,37,"1,460",209.00,"305,140.00"
2019-09-23,2019092301004554,MNBBL,8,53,100,302.00,"30,200.00"
2019-09-23,2019092301004553,MNBBL,48,53,40,302.00,"12,080.00"
2019-09-23,2019092301004552,MNBBL,37,53,100,302.00,"30,200.00"
2019-09-23,2019092301004491,MNBBL,14,53,200,303.00,"60,600.00"
2019-09-23,2019092301004490,MNBBL,42,53,100,303.00,"30,300.00"
2019-09-23,2019092301004489,MNBBL,57,53,40,303.00,"12,120.00"
2019-09-23,2019092301004219,MNBBL,1,25,30,304.00,"9,120.00"
2019-09-23,2019092301004488,MNBBL,1,53,200,303.00,"60,600.00"
2019-09-23,2019092301004487,MNBBL,48,53,250,303.00,"75,750.00"
2019-09-23,2019092301004397,MNBBL,41,53,50,304.00,"15,200.00"
2019-09-23,2019092301004301,MNBBL,45,53,300,304.00,"91,200.00"
2019-09-23,2019092301004282,MNBBL,1,53,200,304.00,"60,800.00"
2019-09-23,2019092301004258,MNBBL,1,11,200,304.00,"60,800.00"
2019-09-23,2019092301004608,MSLB,14,10,10,930.00,"9,300.00"
2019-09-23,2019092301004271,MSLB,47,10,20,912.00,"18,240.00"
2019-09-23,2019092301004270,MSLB,17,10,20,912.00,"18,240.00"
2019-09-23,2019092301004260,MSLB,39,10,16,915.00,"14,640.00"
2019-09-23,2019092301004218,MSLB,39,10,10,915.00,"9,150.00"
2019-09-23,2019092301004649,MSMBS,54,39,50,456.00,"22,800.00"
2019-09-23,2019092301004527,NABIL,6,43,178,760.00,"135,280.00"
2019-09-23,2019092301004526,NABIL,37,43,20,760.00,"15,200.00"
2019-09-23,2019092301004525,NABIL,45,43,41,760.00,"31,160.00"
2019-09-23,2019092301004524,NABIL,6,43,20,761.00,"15,220.00"
2019-09-23,2019092301004523,NABIL,58,43,10,761.00,"7,610.00"
2019-09-23,2019092301004522,NABIL,22,43,37,761.00,"28,157.00"
2019-09-23,2019092301004521,NABIL,6,43,23,762.00,"17,526.00"
2019-09-23,2019092301004496,NABIL,6,13,77,762.00,"58,674.00"
2019-09-23,2019092301004495,NABIL,45,13,23,762.00,"17,526.00"
2019-09-23,2019092301004455,NABIL,45,58,47,762.00,"35,814.00"
2019-09-23,2019092301004395,NADEP,48,38,80,406.00,"32,480.00"
2019-09-23,2019092301004385,NADEP,48,21,20,406.00,"8,120.00"
2019-09-23,2019092301004612,NAGRO,57,19,10,759.00,"7,590.00"
2019-09-23,2019092301004575,NAGRO,34,45,10,749.00,"7,490.00"
2019-09-23,2019092301004549,NAGRO,34,55,10,740.00,"7,400.00"
2019-09-23,2019092301004399,NAGRO,6,38,10,735.00,"7,350.00"
2019-09-23,2019092301004405,NBB,22,25,200,210.00,"42,000.00"
2019-09-23,2019092301004317,NBB,22,39,200,210.00,"42,000.00"
2019-09-23,2019092301004185,NBB,22,43,67,210.00,"14,070.00"
2019-09-23,2019092301004618,NBL,43,6,10,314.00,"3,140.00"
2019-09-23,2019092301004591,NBL,29,41,100,313.00,"31,300.00"
2019-09-23,2019092301004564,NBL,43,6,10,314.00,"3,140.00"
2019-09-23,2019092301004423,NBL,34,56,"1,000",313.00,"313,000.00"
2019-09-23,2019092301004361,NBL,5,50,"1,500",314.00,"471,000.00"
2019-09-23,2019092301004360,NBL,5,28,245,314.00,"76,930.00"
2019-09-23,2019092301004213,NBL,5,5,50,313.00,"15,650.00"
2019-09-23,2019092301004675,NCCB,33,34,10,195.00,"1,950.00"
2019-09-23,2019092301004666,NCCB,44,37,72,194.00,"13,968.00"
2019-09-23,2019092301004665,NCCB,7,37,828,194.00,"160,632.00"
2019-09-23,2019092301004565,NCCB,35,37,100,195.00,"19,500.00"
2019-09-23,2019092301004528,NCCB,7,29,"1,800",194.00,"349,200.00"
2019-09-23,2019092301004378,NCCB,25,29,100,195.00,"19,500.00"
2019-09-23,2019092301004273,NCCB,49,29,100,195.00,"19,500.00"
2019-09-23,2019092301004255,NCCB,7,14,151,194.00,"29,294.00"
2019-09-23,2019092301004214,NCCB,36,29,985,195.00,"192,075.00"
2019-09-23,2019092301004191,NCCB,28,29,"1,000",195.00,"195,000.00"
2019-09-23,2019092301004190,NCCB,18,29,100,195.00,"19,500.00"
2019-09-23,2019092301004189,NCCB,41,29,915,195.00,"178,425.00"
2019-09-23,2019092301004658,NIB,28,39,104,441.00,"45,864.00"
2019-09-23,2019092301004657,NIB,29,39,36,441.00,"15,876.00"
2019-09-23,2019092301004508,NIB,29,10,14,441.00,"6,174.00"
2019-09-23,2019092301004507,NIB,1,10,85,441.00,"37,485.00"
2019-09-23,2019092301004506,NIB,5,10,60,442.00,"26,520.00"
2019-09-23,2019092301004463,NIB,5,14,40,442.00,"17,680.00"
2019-09-23,2019092301004414,NIB,1,42,15,441.00,"6,615.00"
2019-09-23,2019092301004413,NIB,49,42,32,441.00,"14,112.00"
2019-09-23,2019092301004537,NIBLPF,10,47,"4,000",6.57,"26,280.00"
2019-09-23,2019092301004536,NIBLPF,35,47,"3,990",6.58,"26,254.20"
2019-09-23,2019092301004535,NIBLPF,35,47,"4,000",6.59,"26,360.00"
2019-09-23,2019092301004499,NIBPO,6,4,332,420.00,"139,440.00"
2019-09-23,2019092301004667,NICA,28,50,660,379.00,"250,140.00"
2019-09-23,2019092301004512,NICA,19,16,60,380.00,"22,800.00"
2019-09-23,2019092301004493,NICA,28,14,26,379.00,"9,854.00"
2019-09-23,2019092301004492,NICA,33,14,164,379.00,"62,156.00"
2019-09-23,2019092301004482,NICA,33,45,"1,000",379.00,"379,000.00"
2019-09-23,2019092301004467,NICA,56,16,115,380.00,"43,700.00"
2019-09-23,2019092301004344,NICA,45,36,60,380.00,"22,800.00"
2019-09-23,2019092301004384,NICA,33,35,86,379.00,"32,594.00"
2019-09-23,2019092301004383,NICA,45,35,421,379.00,"159,559.00"
2019-09-23,2019092301004359,NICA,45,34,300,379.00,"113,700.00"
2019-09-23,2019092301004347,NICA,45,36,279,379.00,"105,741.00"
2019-09-23,2019092301004346,NICA,57,36,10,379.00,"3,790.00"
2019-09-23,2019092301004345,NICA,49,36,101,379.00,"38,279.00"
2019-09-23,2019092301004422,NICL,38,26,10,269.00,"2,690.00"
2019-09-23,2019092301004297,NICL,49,26,200,267.00,"53,400.00"
2019-09-23,2019092301004278,NICL,38,17,10,270.00,"2,700.00"
2019-09-23,2019092301004245,NICL,38,3,410,269.00,"110,290.00"
2019-09-23,2019092301004216,NICL,38,3,10,269.00,"2,690.00"
2019-09-23,2019092301004215,NICL,38,57,300,268.00,"80,400.00"
2019-09-23,2019092301004204,NICL,38,57,200,268.00,"53,600.00"
2019-09-23,2019092301004335,NIL,41,38,95,361.00,"34,295.00"
2019-09-23,2019092301004334,NIL,32,38,145,361.00,"52,345.00"
2019-09-23,2019092301004333,NIL,6,38,200,362.00,"72,400.00"
2019-09-23,2019092301004620,NLIC,58,52,15,760.00,"11,400.00"
2019-09-23,2019092301004382,NLIC,10,52,50,760.00,"38,000.00"
2019-09-23,2019092301004340,NLIC,10,52,28,760.00,"21,280.00"
2019-09-23,2019092301004226,NLIC,1,56,100,761.00,"76,100.00"
2019-09-23,2019092301004199,NLIC,49,28,431,762.00,"328,422.00"
2019-09-23,2019092301004198,NLIC,49,28,56,762.00,"42,672.00"
2019-09-23,2019092301004197,NLIC,49,57,21,761.00,"15,981.00"
2019-09-23,2019092301004196,NLIC,49,56,100,761.00,"76,100.00"
2019-09-23,2019092301004195,NLIC,49,33,92,761.00,"70,012.00"
2019-09-23,2019092301004647,NLICL,43,16,10,485.00,"4,850.00"
2019-09-23,2019092301004646,NLICL,43,28,56,480.00,"26,880.00"
2019-09-23,2019092301004441,NLICL,5,28,44,480.00,"21,120.00"
2019-09-23,2019092301004440,NLICL,5,51,56,480.00,"26,880.00"
2019-09-23,2019092301004621,NMBMF,28,58,100,"1,050.00","105,000.00"
2019-09-23,2019092301004614,NMBMF,28,58,77,"1,045.00","80,465.00"
2019-09-23,2019092301004436,NMFBS,17,10,20,"1,685.00","33,700.00"
2019-09-23,2019092301004396,NMFBS,26,10,10,"1,685.00","16,850.00"
2019-09-23,2019092301004664,NTC,43,34,10,628.00,"6,280.00"
2019-09-23,2019092301004656,NTC,5,35,10,623.00,"6,230.00"
2019-09-23,2019092301004253,NUBL,38,39,500,850.00,"425,000.00"
2019-09-23,2019092301004356,OHL,48,32,16,531.00,"8,496.00"
2019-09-23,2019092301004593,PCBL,10,55,200,263.00,"52,600.00"
2019-09-23,2019092301004201,PCBL,34,32,231,262.00,"60,522.00"
2019-09-23,2019092301004377,PIC,6,21,20,374.00,"7,480.00"
2019-09-23,2019092301004325,PIC,45,48,60,379.00,"22,740.00"
2019-09-23,2019092301004315,PIC,6,36,64,374.00,"23,936.00"
2019-09-23,2019092301004314,PIC,51,36,30,375.00,"11,250.00"
2019-09-23,2019092301004313,PIC,19,36,23,376.00,"8,648.00"
2019-09-23,2019092301004538,PICL,6,48,11,449.00,"4,939.00"
2019-09-23,2019092301004293,PICL,6,41,14,445.00,"6,230.00"
2019-09-23,2019092301004519,PLIC,49,50,19,330.00,"6,270.00"
2019-09-23,2019092301004244,PLIC,49,25,10,325.00,"3,250.00"
2019-09-23,2019092301004660,PPCL,42,38,20,92.00,"1,840.00"
2019-09-23,2019092301004659,PPCL,45,38,10,92.00,920.00
2019-09-23,2019092301004611,PPCL,45,38,30,92.00,"2,760.00"
2019-09-23,2019092301004529,PPCL,45,38,30,92.00,"2,760.00"
2019-09-23,2019092301004475,PPCL,45,38,20,92.00,"1,840.00"
2019-09-23,2019092301004474,PPCL,49,38,10,93.00,930.00
2019-09-23,2019092301004648,PRIN,48,22,10,300.00,"3,000.00"
2019-09-23,2019092301004394,PRIN,48,45,290,300.00,"87,000.00"
2019-09-23,2019092301004683,PRVU,58,5,413,261.00,"107,793.00"
2019-09-23,2019092301004623,PRVU,1,5,500,261.00,"130,500.00"
2019-09-23,2019092301004217,PRVU,6,33,70,262.00,"18,340.00"
2019-09-23,2019092301004203,PRVU,58,57,38,260.00,"9,880.00"
2019-09-23,2019092301004330,PRVU,58,58,"1,615",260.00,"419,900.00"
2019-09-23,2019092301004238,PRVU,52,58,188,260.00,"48,880.00"
2019-09-23,2019092301004237,PRVU,40,58,50,260.00,"13,000.00"
2019-09-23,2019092301004236,PRVU,58,58,262,260.00,"68,120.00"
2019-09-23,2019092301004444,PRVU,42,33,50,262.00,"13,100.00"
2019-09-23,2019092301004662,RBCL,18,28,20,"8,600.00","172,000.00"
2019-09-23,2019092301004454,RBCLPO,28,37,20,"7,301.00","146,020.00"
2019-09-23,2019092301004289,RBCLPO,35,37,10,"7,301.00","73,010.00"
2019-09-23,2019092301004288,RBCLPO,28,37,10,"7,305.00","73,050.00"
2019-09-23,2019092301004287,RBCLPO,26,37,10,"7,305.00","73,050.00"
2019-09-23,2019092301004286,RBCLPO,18,37,30,"7,310.00","219,300.00"
2019-09-23,2019092301004548,RHPL,44,38,830,154.00,"127,820.00"
2019-09-23,2019092301004494,RHPL,44,14,40,154.00,"6,160.00"
2019-09-23,2019092301004468,RHPL,44,3,10,154.00,"1,540.00"
2019-09-23,2019092301004452,RHPL,52,34,80,155.00,"12,400.00"
2019-09-23,2019092301004451,RHPL,25,34,100,155.00,"15,500.00"
2019-09-23,2019092301004450,RHPL,26,34,820,155.00,"127,100.00"
2019-09-23,2019092301004379,RHPL,49,16,30,155.00,"4,650.00"
2019-09-23,2019092301004350,RHPL,49,7,30,155.00,"4,650.00"
2019-09-23,2019092301004276,RHPL,49,7,30,155.00,"4,650.00"
2019-09-23,2019092301004249,RHPL,49,56,40,155.00,"6,200.00"
2019-09-23,2019092301004426,RHPL,26,3,10,155.00,"1,550.00"
2019-09-23,2019092301004406,RHPL,26,3,10,155.00,"1,550.00"
2019-09-23,2019092301004402,RHPL,26,17,160,155.00,"24,800.00"
2019-09-23,2019092301004401,RHPL,39,17,250,155.00,"38,750.00"
2019-09-23,2019092301004400,RHPL,49,17,590,155.00,"91,450.00"
2019-09-23,2019092301004398,RHPL,49,14,40,155.00,"6,200.00"
2019-09-23,2019092301004353,RMDC,5,28,14,608.00,"8,512.00"
2019-09-23,2019092301004671,RRHP,22,47,10,110.00,"1,100.00"
2019-09-23,2019092301004670,RRHP,22,34,10,109.00,"1,090.00"
2019-09-23,2019092301004631,RSDC,34,33,200,326.00,"65,200.00"
2019-09-23,2019092301004563,RSDC,57,33,10,328.00,"3,280.00"
2019-09-23,2019092301004562,RSDC,37,33,40,328.00,"13,120.00"
2019-09-23,2019092301004390,RSDC,41,33,177,329.00,"58,233.00"
2019-09-23,2019092301004250,RSDC,47,36,50,330.00,"16,500.00"
2019-09-23,2019092301004393,SABSL,5,47,10,462.00,"4,620.00"
2019-09-23,2019092301004341,SABSL,57,22,10,453.00,"4,530.00"
2019-09-23,2019092301004277,SABSL,57,58,10,453.00,"4,530.00"
2019-09-23,2019092301004262,SABSL,57,58,10,453.00,"4,530.00"
2019-09-23,2019092301004233,SABSL,57,17,10,453.00,"4,530.00"
2019-09-23,2019092301004534,SANIMA,35,44,20,348.00,"6,960.00"
2019-09-23,2019092301004295,SANIMA,21,53,42,346.00,"14,532.00"
2019-09-23,2019092301004294,SANIMA,58,53,162,346.00,"56,052.00"
2019-09-23,2019092301004653,SBI,10,41,65,406.00,"26,390.00"
2019-09-23,2019092301004556,SBI,35,42,174,408.00,"70,992.00"
2019-09-23,2019092301004555,SBI,35,50,26,407.00,"10,582.00"
2019-09-23,2019092301004259,SBI,22,41,19,407.00,"7,733.00"
2019-09-23,2019092301004633,SBL,17,53,146,328.00,"47,888.00"
2019-09-23,2019092301004632,SBL,4,53,854,328.00,"280,112.00"
2019-09-23,2019092301004619,SBL,16,4,200,329.00,"65,800.00"
2019-09-23,2019092301004613,SBL,4,13,63,328.00,"20,664.00"
2019-09-23,2019092301004518,SBL,16,4,300,329.00,"98,700.00"
2019-09-23,2019092301004248,SBL,4,50,200,328.00,"65,600.00"
2019-09-23,2019092301004224,SBL,4,37,100,328.00,"32,800.00"
2019-09-23,2019092301004212,SBL,4,58,283,328.00,"92,824.00"
2019-09-23,2019092301004211,SBL,45,58,70,328.00,"22,960.00"
2019-09-23,2019092301004210,SBL,17,58,147,328.00,"48,216.00"
2019-09-23,2019092301004186,SBL,36,4,44,329.00,"14,476.00"
2019-09-23,2019092301004551,SCB,45,42,80,561.00,"44,880.00"
2019-09-23,2019092301004456,SCB,21,8,100,562.00,"56,200.00"
2019-09-23,2019092301004424,SCB,45,57,190,561.00,"106,590.00"
2019-09-23,2019092301004407,SCB,35,8,10,562.00,"5,620.00"
2019-09-23,2019092301004328,SCB,48,42,14,562.00,"7,868.00"
2019-09-23,2019092301004192,SCB,43,50,21,560.00,"11,760.00"
2019-09-23,2019092301004381,SCB,45,14,80,561.00,"44,880.00"
2019-09-23,2019092301004343,SCB,29,8,986,562.00,"554,132.00"
2019-09-23,2019092301004342,SCB,35,14,10,565.00,"5,650.00"
2019-09-23,2019092301004331,SCB,29,16,14,562.00,"7,868.00"
2019-09-23,2019092301004329,SCB,48,16,86,562.00,"48,332.00"
2019-09-23,2019092301004430,SDESI,33,38,85,602.00,"51,170.00"
2019-09-23,2019092301004429,SDESI,45,38,50,605.00,"30,250.00"
2019-09-23,2019092301004207,SFFIL,50,58,20,200.00,"4,000.00"
2019-09-23,2019092301004251,SHINE,28,16,15,253.00,"3,795.00"
2019-09-23,2019092301004635,SHIVM,45,3,30,553.00,"16,590.00"
2019-09-23,2019092301004630,SHIVM,52,6,100,554.00,"55,400.00"
2019-09-23,2019092301004206,SHIVM,6,21,50,555.00,"27,750.00"
2019-09-23,2019092301004458,SHIVM,28,28,400,552.00,"220,800.00"
2019-09-23,2019092301004457,SHIVM,34,28,100,553.00,"55,300.00"
2019-09-23,2019092301004442,SHIVM,41,6,100,554.00,"55,400.00"
2019-09-23,2019092301004425,SHIVM,34,6,100,554.00,"55,400.00"
2019-09-23,2019092301004392,SHIVM,34,6,50,554.00,"27,700.00"
2019-09-23,2019092301004448,SHL,56,48,950,210.00,"199,500.00"
2019-09-23,2019092301004447,SHL,54,48,100,210.00,"21,000.00"
2019-09-23,2019092301004446,SHL,10,48,500,211.00,"105,500.00"
2019-09-23,2019092301004445,SHL,28,48,144,211.00,"30,384.00"
2019-09-23,2019092301004389,SHL,40,37,450,211.00,"94,950.00"
2019-09-23,2019092301004388,SHL,47,37,100,211.00,"21,100.00"
2019-09-23,2019092301004387,SHL,29,37,100,212.00,"21,200.00"
2019-09-23,2019092301004386,SHL,32,37,100,212.00,"21,200.00"
2019-09-23,2019092301004682,SHPC,56,28,20,188.00,"3,760.00"
2019-09-23,2019092301004498,SHPC,42,28,200,188.00,"37,600.00"
2019-09-23,2019092301004497,SHPC,51,28,30,189.00,"5,670.00"
2019-09-23,2019092301004434,SHPC,38,47,"1,000",189.00,"189,000.00"
2019-09-23,2019092301004530,SINDU,56,32,10,130.00,"1,300.00"
2019-09-23,2019092301004655,SJCL,37,39,10,164.00,"1,640.00"
2019-09-23,2019092301004544,SJCL,11,34,200,165.00,"33,000.00"
2019-09-23,2019092301004408,SJCL,8,14,20,165.00,"3,300.00"
2019-09-23,2019092301004358,SJCL,8,7,20,165.00,"3,300.00"
2019-09-23,2019092301004291,SJCL,8,7,20,165.00,"3,300.00"
2019-09-23,2019092301004257,SJCL,8,56,20,165.00,"3,300.00"
2019-09-23,2019092301004502,SJCL,37,14,20,164.00,"3,280.00"
2019-09-23,2019092301004486,SJCL,51,34,500,165.00,"82,500.00"
2019-09-23,2019092301004481,SJCL,37,3,10,164.00,"1,640.00"
2019-09-23,2019092301004432,SJCL,37,3,10,164.00,"1,640.00"
2019-09-23,2019092301004418,SJCL,8,10,20,165.00,"3,300.00"
2019-09-23,2019092301004354,SKBBL,32,35,15,905.00,"13,575.00"
2019-09-23,2019092301004574,SLBBL,33,34,40,541.00,"21,640.00"
2019-09-23,2019092301004252,SLBBL,43,32,75,532.00,"39,900.00"
2019-09-23,2019092301004235,SLBBL,43,32,75,532.00,"39,900.00"
2019-09-23,2019092301004232,SLBBL,43,38,150,532.00,"79,800.00"
2019-09-23,2019092301004200,SLBBL,25,32,75,533.00,"39,975.00"
2019-09-23,2019092301004279,SLBBL,32,32,50,533.00,"26,650.00"
2019-09-23,2019092301004327,SLBBL,33,47,200,536.00,"107,200.00"
2019-09-23,2019092301004326,SLBBL,33,29,70,536.00,"37,520.00"
2019-09-23,2019092301004312,SLBBL,32,32,80,533.00,"42,640.00"
2019-09-23,2019092301004677,SLICL,53,51,24,273.00,"6,552.00"
2019-09-23,2019092301004676,SLICL,53,42,76,272.00,"20,672.00"
2019-09-23,2019092301004480,SMATA,43,45,10,535.00,"5,350.00"
2019-09-23,2019092301004479,SMATA,45,45,100,536.00,"53,600.00"
2019-09-23,2019092301004478,SMATA,37,45,20,538.00,"10,760.00"
2019-09-23,2019092301004477,SMATA,48,45,10,539.00,"5,390.00"
2019-09-23,2019092301004476,SMATA,6,45,10,545.00,"5,450.00"
2019-09-23,2019092301004638,SMFBS,57,34,10,796.00,"7,960.00"
2019-09-23,2019092301004391,SMFDB,33,1,144,500.00,"72,000.00"
2019-09-23,2019092301004637,SPARS,34,17,50,551.00,"27,550.00"
2019-09-23,2019092301004636,SPARS,34,7,10,550.00,"5,500.00"
2019-09-23,2019092301004348,SPARS,58,21,10,541.00,"5,410.00"
2019-09-23,2019092301004205,SPDL,22,50,14,70.00,980.00
2019-09-23,2019092301004684,SRBL,25,34,10,235.00,"2,350.00"
2019-09-23,2019092301004668,SRBL,44,50,"1,014",234.00,"237,276.00"
2019-09-23,2019092301004431,SRBL,44,43,"1,000",233.00,"233,000.00"
2019-09-23,2019092301004417,SRBL,50,38,670,233.00,"156,110.00"
2019-09-23,2019092301004369,SRBL,50,44,330,233.00,"76,890.00"
2019-09-23,2019092301004368,SRBL,29,44,200,233.00,"46,600.00"
2019-09-23,2019092301004367,SRBL,44,44,"3,000",233.00,"699,000.00"
2019-09-23,2019092301004366,SRBL,38,44,200,233.00,"46,600.00"
2019-09-23,2019092301004365,SRBL,47,44,100,233.00,"23,300.00"
2019-09-23,2019092301004364,SRBL,40,44,170,233.00,"39,610.00"
2019-09-23,2019092301004231,SRBL,40,21,330,233.00,"76,890.00"
2019-09-23,2019092301004473,TRH,35,45,20,279.00,"5,580.00"
2019-09-23,2019092301004470,TRH,22,3,280,278.00,"77,840.00"
2019-09-23,2019092301004469,TRH,19,3,200,278.00,"55,600.00"
2019-09-23,2019092301004438,TRH,56,45,50,279.00,"13,950.00"
2019-09-23,2019092301004449,UIC,49,49,584,257.00,"150,088.00"
2019-09-23,2019092301004225,UPCL,22,50,70,78.00,"5,460.00"
2019-09-23,2019092301004674,UPPER,25,59,10,238.00,"2,380.00"
2019-09-23,2019092301004661,UPPER,45,29,450,235.00,"105,750.00"
2019-09-23,2019092301004605,UPPER,25,29,19,237.00,"4,503.00"
2019-09-23,2019092301004604,UPPER,25,34,50,236.00,"11,800.00"
2019-09-23,2019092301004603,UPPER,25,48,21,236.00,"4,956.00"
2019-09-23,2019092301004242,UPPER,47,50,40,235.00,"9,400.00"
2019-09-23,2019092301004194,UPPER,46,48,20,236.00,"4,720.00"
2019-09-23,2019092301004305,UPPER,38,48,25,236.00,"5,900.00"
2019-09-23,2019092301004272,UPPER,47,56,40,235.00,"9,400.00"
2019-09-23,2019092301004373,UPPER,22,6,50,235.00,"11,750.00"
2019-09-23,2019092301004372,UPPER,47,6,130,235.00,"30,550.00"
2019-09-23,2019092301004316,UPPER,47,56,40,235.00,"9,400.00"
2019-09-23,2019092301004517,UPPER,45,56,50,235.00,"11,750.00"
2019-09-23,2019092301004516,UPPER,45,6,250,235.00,"58,750.00"
2019-09-23,2019092301004462,UPPER,35,6,20,235.00,"4,700.00"
2019-09-23,2019092301004420,UPPER,28,14,50,234.00,"11,700.00"
2019-09-23,2019092301004375,UPPER,32,6,100,235.00,"23,500.00"
2019-09-23,2019092301004374,UPPER,41,6,500,235.00,"117,500.00"
2019-09-23,2019092301004669,VLBS,57,45,10,558.00,"5,580.00"
2019-09-23,2019092301004607,VLBS,40,39,100,550.00,"55,000.00"
2019-09-23,2019092301004606,VLBS,37,39,50,550.00,"27,500.00"
2019-09-23,2019092301004461,VLBS,54,45,22,555.00,"12,210.00"
2019-09-23,2019092301004427,VLBS,54,55,15,555.00,"8,325.00"
2019-09-23,2019092301004168,ADBL,37,6,500,414.00,"207,000.00"
2019-09-23,2019092301004097,ADBL,35,6,10,415.00,"4,150.00"
2019-09-23,2019092301003975,ADBL,44,34,12,414.00,"4,968.00"
2019-09-23,2019092301003974,ADBL,44,7,100,414.00,"41,400.00"
2019-09-23,2019092301003973,ADBL,44,34,11,414.00,"4,554.00"
2019-09-23,2019092301003972,ADBL,44,55,860,414.00,"356,040.00"
2019-09-23,2019092301003737,ADBL,44,37,70,414.00,"28,980.00"
2019-09-23,2019092301003700,ADBL,44,50,76,414.00,"31,464.00"
2019-09-23,2019092301003954,ADBL,44,45,90,413.00,"37,170.00"
2019-09-23,2019092301003953,ADBL,45,45,10,413.00,"4,130.00"
2019-09-23,2019092301003848,ADBL,16,22,82,414.00,"33,948.00"
2019-09-23,2019092301003794,ADBL,35,55,20,415.00,"8,300.00"
2019-09-23,2019092301003784,ADBL,16,45,390,414.00,"161,460.00"
2019-09-23,2019092301003783,ADBL,44,45,610,414.00,"252,540.00"
2019-09-23,2019092301003884,AHPC,37,51,900,97.00,"87,300.00"
2019-09-23,2019092301004059,AKBSL,43,39,10,412.00,"4,120.00"
2019-09-23,2019092301004053,AKBSL,43,39,10,412.00,"4,120.00"
2019-09-23,2019092301003995,AKBSL,43,58,10,412.00,"4,120.00"
2019-09-23,2019092301003963,AKBSL,43,22,10,412.00,"4,120.00"
2019-09-23,2019092301003958,AKBSL,43,55,10,412.00,"4,120.00"
2019-09-23,2019092301003950,AKBSL,43,20,10,412.00,"4,120.00"
2019-09-23,2019092301003949,AKBSL,43,55,10,412.00,"4,120.00"
2019-09-23,2019092301003756,AKBSL,43,22,10,412.00,"4,120.00"
2019-09-23,2019092301003730,AKBSL,43,22,10,412.00,"4,120.00"
2019-09-23,2019092301003707,AKBSL,48,22,10,413.00,"4,130.00"
2019-09-23,2019092301003685,AKBSL,48,22,10,413.00,"4,130.00"
2019-09-23,2019092301003798,ALBSL,55,22,10,419.00,"4,190.00"
2019-09-23,2019092301003777,ALBSL,33,22,10,420.00,"4,200.00"
2019-09-23,2019092301003732,ALBSL,36,22,10,421.00,"4,210.00"
2019-09-23,2019092301004008,ALICL,29,40,50,316.00,"15,800.00"
2019-09-23,2019092301003962,ALICL,29,40,50,316.00,"15,800.00"
2019-09-23,2019092301004041,API,25,43,16,115.00,"1,840.00"
2019-09-23,2019092301004040,API,25,42,78,114.00,"8,892.00"
2019-09-23,2019092301003932,API,37,50,596,113.00,"67,348.00"
2019-09-23,2019092301003769,API,43,37,"1,000",114.00,"114,000.00"
2019-09-23,2019092301003726,API,37,59,290,113.00,"32,770.00"
2019-09-23,2019092301003725,API,58,59,10,113.00,"1,130.00"
2019-09-23,2019092301004116,BOKL,21,32,380,248.00,"94,240.00"
2019-09-23,2019092301004115,BOKL,18,32,100,248.00,"24,800.00"
2019-09-23,2019092301004114,BOKL,18,32,20,248.00,"4,960.00"
2019-09-23,2019092301004111,BOKL,18,32,980,248.00,"243,040.00"
2019-09-23,2019092301004110,BOKL,7,32,10,249.00,"2,490.00"
2019-09-23,2019092301004109,BOKL,5,32,500,249.00,"124,500.00"
2019-09-23,2019092301003948,BOKL,25,32,10,251.00,"2,510.00"
2019-09-23,2019092301004129,BPCL,50,36,33,360.00,"11,880.00"
2019-09-23,2019092301004063,CBL,19,48,100,143.00,"14,300.00"
2019-09-23,2019092301003923,CBL,19,43,500,143.00,"71,500.00"
2019-09-23,2019092301003868,CBL,19,48,200,143.00,"28,600.00"
2019-09-23,2019092301004152,CCBL,17,13,"1,085",153.00,"166,005.00"
2019-09-23,2019092301004011,CCBL,17,26,20,153.00,"3,060.00"
2019-09-23,2019092301003916,CCBL,17,26,100,153.00,"15,300.00"
2019-09-23,2019092301003894,CCBL,40,40,1,151.00,151.00
2019-09-23,2019092301003755,CCBL,17,50,20,153.00,"3,060.00"
2019-09-23,2019092301003689,CCBL,56,17,15,154.00,"2,310.00"
2019-09-23,2019092301004161,CHCL,56,28,50,417.00,"20,850.00"
2019-09-23,2019092301004149,CHCL,4,28,300,417.00,"125,100.00"
2019-09-23,2019092301004148,CHCL,35,28,10,417.00,"4,170.00"
2019-09-23,2019092301004147,CHCL,6,28,20,418.00,"8,360.00"
2019-09-23,2019092301004032,CHCL,32,41,99,418.00,"41,382.00"
2019-09-23,2019092301003885,CHCL,42,22,44,416.00,"18,304.00"
2019-09-23,2019092301003795,CHCL,45,47,260,417.00,"108,420.00"
2019-09-23,2019092301003714,CHCL,36,47,100,417.00,"41,700.00"
2019-09-23,2019092301003713,CHCL,28,47,200,417.00,"83,400.00"
2019-09-23,2019092301003712,CHCL,56,47,"1,000",417.00,"417,000.00"
2019-09-23,2019092301003711,CHCL,37,47,970,417.00,"404,490.00"
2019-09-23,2019092301003710,CHCL,4,47,250,418.00,"104,500.00"
2019-09-23,2019092301004172,CIT,52,6,90,"1,800.00","162,000.00"
2019-09-23,2019092301004157,CIT,7,6,20,"1,800.00","36,000.00"
2019-09-23,2019092301004156,CIT,25,6,40,"1,802.00","72,080.00"
2019-09-23,2019092301004124,CIT,25,21,10,"1,802.00","18,020.00"
2019-09-23,2019092301004004,CIT,22,38,10,"1,808.00","18,080.00"
2019-09-23,2019092301003842,CIT,45,38,26,"1,808.00","47,008.00"
2019-09-23,2019092301003841,CIT,22,38,15,"1,808.00","27,120.00"
2019-09-23,2019092301003826,CIT,45,1,50,"1,808.00","90,400.00"
2019-09-23,2019092301003800,CLBSL,26,38,10,510.00,"5,100.00"
2019-09-23,2019092301003999,CZBIL,50,26,25,193.00,"4,825.00"
2019-09-23,2019092301003988,CZBIL,25,43,10,195.00,"1,950.00"
2019-09-23,2019092301003971,CZBIL,50,50,10,193.00,"1,930.00"
2019-09-23,2019092301003961,CZBIL,50,11,250,194.00,"48,500.00"
2019-09-23,2019092301003762,CZBIL,38,37,50,194.00,"9,700.00"
2019-09-23,2019092301003840,DDBL,49,36,182,720.00,"131,040.00"
2019-09-23,2019092301004054,EBL,1,40,147,569.00,"83,643.00"
2019-09-23,2019092301003959,EBL,1,25,103,569.00,"58,607.00"
2019-09-23,2019092301003934,EBL,1,43,100,569.00,"56,900.00"
2019-09-23,2019092301003933,EBL,1,21,100,569.00,"56,900.00"
2019-09-23,2019092301004049,EDBL,36,40,100,269.00,"26,900.00"
2019-09-23,2019092301003940,EDBL,36,36,30,269.00,"8,070.00"
2019-09-23,2019092301004184,EIC,58,38,22,248.00,"5,456.00"
2019-09-23,2019092301004079,EIC,58,21,20,248.00,"4,960.00"
2019-09-23,2019092301004078,EIC,58,32,11,248.00,"2,728.00"
2019-09-23,2019092301003998,FMDBL,25,25,710,368.00,"261,280.00"
2019-09-23,2019092301003997,FMDBL,41,25,90,368.00,"33,120.00"
2019-09-23,2019092301003927,FMDBL,41,26,10,368.00,"3,680.00"
2019-09-23,2019092301004003,FOWAD,49,54,18,"1,285.00","23,130.00"
2019-09-23,2019092301004001,FOWAD,49,34,10,"1,285.00","12,850.00"
2019-09-23,2019092301003957,FOWAD,49,45,22,"1,285.00","28,270.00"
2019-09-23,2019092301003832,FOWAD,49,34,50,"1,285.00","64,250.00"
2019-09-23,2019092301004173,GBBL,50,1,235,209.00,"49,115.00"
2019-09-23,2019092301004091,GBBL,38,1,"1,000",209.00,"209,000.00"
2019-09-23,2019092301004166,GBLBS,49,58,480,320.00,"153,600.00"
2019-09-23,2019092301003850,GBLBS,49,45,20,320.00,"6,400.00"
2019-09-23,2019092301003754,GBLBS,54,45,15,320.00,"4,800.00"
2019-09-23,2019092301003753,GBLBS,8,45,185,320.00,"59,200.00"
2019-09-23,2019092301003752,GBLBS,40,45,30,321.00,"9,630.00"
2019-09-23,2019092301003751,GBLBS,40,45,40,321.00,"12,840.00"
2019-09-23,2019092301003750,GBLBS,34,45,220,321.00,"70,620.00"
2019-09-23,2019092301003704,GDBL,55,57,200,204.00,"40,800.00"
2019-09-23,2019092301004037,GDBL,58,22,19,203.00,"3,857.00"
2019-09-23,2019092301003687,GHL,58,38,30,65.00,"1,950.00"
2019-09-23,2019092301004074,GILB,6,34,10,717.00,"7,170.00"
2019-09-23,2019092301003931,GLBSL,6,22,10,443.00,"4,430.00"
2019-09-23,2019092301003757,GLBSL,38,44,10,444.00,"4,440.00"
2019-09-23,2019092301003965,GLICL,22,47,100,367.00,"36,700.00"
2019-09-23,2019092301004090,GMFBS,34,1,50,465.00,"23,250.00"
2019-09-23,2019092301004138,HGI,50,17,200,270.00,"54,000.00"
2019-09-23,2019092301004137,HGI,1,17,200,270.00,"54,000.00"
2019-09-23,2019092301004136,HGI,42,17,100,271.00,"27,100.00"
2019-09-23,2019092301003695,HGI,38,10,100,274.00,"27,400.00"
2019-09-23,2019092301003952,HIDCL,10,43,50,134.00,"6,700.00"
2019-09-23,2019092301003785,HIDCL,35,43,20,134.00,"2,680.00"
2019-09-23,2019092301004178,HURJA,51,38,20,109.00,"2,180.00"
2019-09-23,2019092301004098,HURJA,51,58,20,109.00,"2,180.00"
2019-09-23,2019092301004135,ILBS,59,38,10,432.00,"4,320.00"
2019-09-23,2019092301003880,ILBS,10,48,10,424.00,"4,240.00"
2019-09-23,2019092301003804,ILBS,10,22,10,424.00,"4,240.00"
2019-09-23,2019092301003688,ILBS,10,22,10,424.00,"4,240.00"
2019-09-23,2019092301003987,JBBL,28,22,264,155.00,"40,920.00"
2019-09-23,2019092301003985,JBBL,28,22,50,155.00,"7,750.00"
2019-09-23,2019092301003984,JBBL,56,22,250,155.00,"38,750.00"
2019-09-23,2019092301003708,JOSHI,58,38,20,59.00,"1,180.00"
2019-09-23,2019092301004020,KADBL,42,49,236,183.00,"43,188.00"
2019-09-23,2019092301003960,KBL,14,45,200,177.00,"35,400.00"
2019-09-23,2019092301003945,KBL,14,37,81,177.00,"14,337.00"
2019-09-23,2019092301003892,KBL,22,34,100,178.00,"17,800.00"
2019-09-23,2019092301003869,KBL,22,34,100,178.00,"17,800.00"
2019-09-23,2019092301003828,KBL,14,48,185,177.00,"32,745.00"
2019-09-23,2019092301003827,KBL,26,48,15,177.00,"2,655.00"
2019-09-23,2019092301003747,KBL,26,44,395,177.00,"69,915.00"
2019-09-23,2019092301003746,KBL,57,44,100,177.00,"17,700.00"
2019-09-23,2019092301003745,KBL,49,44,220,177.00,"38,940.00"
2019-09-23,2019092301003744,KBL,5,44,100,177.00,"17,700.00"
2019-09-23,2019092301003743,KBL,57,44,65,177.00,"11,505.00"
2019-09-23,2019092301003807,KPCL,33,22,10,78.00,780.00
2019-09-23,2019092301003733,KPCL,33,38,10,78.00,780.00
2019-09-23,2019092301003806,KRBL,40,58,50,100.00,"5,000.00"
2019-09-23,2019092301003702,KSBBL,26,19,168,139.00,"23,352.00"
2019-09-23,2019092301003701,KSBBL,25,19,76,140.00,"10,640.00"
2019-09-23,2019092301004077,LBL,1,32,78,213.00,"16,614.00"
2019-09-23,2019092301004067,LBL,1,32,22,213.00,"4,686.00"
2019-09-23,2019092301004066,LBL,14,32,83,213.00,"17,679.00"
2019-09-23,2019092301004023,MBL,38,44,523,248.00,"129,704.00"
2019-09-23,2019092301003799,MBL,18,44,100,248.00,"24,800.00"
2019-09-23,2019092301003736,MEGA,59,17,55,195.00,"10,725.00"
2019-09-23,2019092301003939,MEGA,49,34,103,194.00,"19,982.00"
2019-09-23,2019092301003938,MEGA,35,34,397,194.00,"77,018.00"
2019-09-23,2019092301003928,MEGA,35,26,40,194.00,"7,760.00"
2019-09-23,2019092301004084,MERO,6,45,30,550.00,"16,500.00"
2019-09-23,2019092301003833,MFIL,32,3,196,122.00,"23,912.00"
2019-09-23,2019092301003814,MFIL,45,3,300,122.00,"36,600.00"
2019-09-23,2019092301003813,MFIL,33,3,245,122.00,"29,890.00"
2019-09-23,2019092301003812,MFIL,1,3,159,122.00,"19,398.00"
2019-09-23,2019092301003811,MFIL,4,3,100,123.00,"12,300.00"
2019-09-23,2019092301003966,MLBL,11,37,70,210.00,"14,700.00"
2019-09-23,2019092301003847,MLBL,11,48,130,210.00,"27,300.00"
2019-09-23,2019092301003691,MLBL,28,19,40,209.00,"8,360.00"
2019-09-23,2019092301003690,MLBL,43,19,500,209.00,"104,500.00"
2019-09-23,2019092301004181,MNBBL,22,25,70,304.00,"21,280.00"
2019-09-23,2019092301003964,MNBBL,48,26,50,303.00,"15,150.00"
2019-09-23,2019092301003831,MNBBL,48,39,30,303.00,"9,090.00"
2019-09-23,2019092301003781,MNBBL,48,14,470,303.00,"142,410.00"
2019-09-23,2019092301003780,MNBBL,11,14,100,303.00,"30,300.00"
2019-09-23,2019092301003779,MNBBL,33,14,380,303.00,"115,140.00"
2019-09-23,2019092301004052,MPFL,42,22,16,103.00,"1,648.00"
2019-09-23,2019092301003803,MSLB,39,34,26,920.00,"23,920.00"
2019-09-23,2019092301004163,NABIL,22,8,13,761.00,"9,893.00"
2019-09-23,2019092301004162,NABIL,22,8,100,761.00,"76,100.00"
2019-09-23,2019092301004083,NABIL,45,8,459,760.00,"348,840.00"
2019-09-23,2019092301004082,NABIL,6,8,91,760.00,"69,160.00"
2019-09-23,2019092301004039,NABIL,6,26,10,760.00,"7,600.00"
2019-09-23,2019092301004038,NABIL,6,26,10,761.00,"7,610.00"
2019-09-23,2019092301003887,NABIL,6,22,30,760.00,"22,800.00"
2019-09-23,2019092301003761,NABIL,6,44,69,760.00,"52,440.00"
2019-09-23,2019092301003709,NABIL,1,44,31,760.00,"23,560.00"
2019-09-23,2019092301003913,NADEP,48,34,11,406.00,"4,466.00"
2019-09-23,2019092301003891,NADEP,48,34,20,406.00,"8,120.00"
2019-09-23,2019092301003886,NADEP,48,34,20,406.00,"8,120.00"
2019-09-23,2019092301003883,NADEP,48,34,20,406.00,"8,120.00"
2019-09-23,2019092301003955,NAGRO,48,20,10,731.00,"7,310.00"
2019-09-23,2019092301003801,NBB,56,21,30,209.00,"6,270.00"
2019-09-23,2019092301003775,NBB,19,29,100,210.00,"21,000.00"
2019-09-23,2019092301003696,NBB,56,17,12,209.00,"2,508.00"
2019-09-23,2019092301004123,NBL,5,50,200,313.00,"62,600.00"
2019-09-23,2019092301004085,NBL,22,28,150,314.00,"47,100.00"
2019-09-23,2019092301004072,NBL,6,28,50,314.00,"15,700.00"
2019-09-23,2019092301004042,NBL,5,3,40,313.00,"12,520.00"
2019-09-23,2019092301004016,NBL,14,28,35,314.00,"10,990.00"
2019-09-23,2019092301003929,NBL,5,34,50,313.00,"15,650.00"
2019-09-23,2019092301003926,NBL,58,28,200,314.00,"62,800.00"
2019-09-23,2019092301003720,NBL,1,28,200,314.00,"62,800.00"
2019-09-23,2019092301004087,NCCB,5,34,200,196.00,"39,200.00"
2019-09-23,2019092301003956,NCCB,52,34,120,196.00,"23,520.00"
2019-09-23,2019092301003872,NCCB,22,34,100,196.00,"19,600.00"
2019-09-23,2019092301003924,NEF,28,41,"3,000",7.70,"23,100.00"
2019-09-23,2019092301003791,NHPC,6,3,95,53.00,"5,035.00"
2019-09-23,2019092301003790,NHPC,43,3,500,53.00,"26,500.00"
2019-09-23,2019092301003789,NHPC,19,3,105,53.00,"5,565.00"
2019-09-23,2019092301003788,NHPC,57,3,100,53.00,"5,300.00"
2019-09-23,2019092301003787,NHPC,56,3,100,53.00,"5,300.00"
2019-09-23,2019092301003786,NHPC,32,3,100,53.00,"5,300.00"
2019-09-23,2019092301004158,NIB,49,47,44,441.00,"19,404.00"
2019-09-23,2019092301004140,NIB,49,47,24,441.00,"10,584.00"
2019-09-23,2019092301004139,NIB,33,47,20,441.00,"8,820.00"
2019-09-23,2019092301004095,NIB,22,14,100,442.00,"44,200.00"
2019-09-23,2019092301004094,NIB,22,45,100,442.00,"44,200.00"
2019-09-23,2019092301003991,NIB,33,26,20,441.00,"8,820.00"
2019-09-23,2019092301003849,NIB,33,42,10,441.00,"4,410.00"
2019-09-23,2019092301003846,NIB,59,14,10,442.00,"4,420.00"
2019-09-23,2019092301004143,NIBPO,35,4,10,420.00,"4,200.00"
2019-09-23,2019092301004146,NICA,29,57,200,380.00,"76,000.00"
2019-09-23,2019092301003810,NICA,36,38,13,382.00,"4,966.00"
2019-09-23,2019092301003809,NICA,36,32,42,381.00,"16,002.00"
2019-09-23,2019092301003706,NICA,29,38,300,380.00,"114,000.00"
2019-09-23,2019092301003705,NICA,22,38,200,380.00,"76,000.00"
2019-09-23,2019092301003996,NICL,43,56,10,270.00,"2,700.00"
2019-09-23,2019092301003922,NICL,38,37,100,265.00,"26,500.00"
2019-09-23,2019092301003921,NICL,57,37,100,265.00,"26,500.00"
2019-09-23,2019092301003920,NICL,10,37,100,266.00,"26,600.00"
2019-09-23,2019092301004171,NIL,32,17,355,361.00,"128,155.00"
2019-09-23,2019092301004170,NIL,44,17,50,361.00,"18,050.00"
2019-09-23,2019092301004169,NIL,43,17,85,361.00,"30,685.00"
2019-09-23,2019092301004088,NIL,32,22,200,365.00,"73,000.00"
2019-09-23,2019092301003951,NIL,43,42,15,361.00,"5,415.00"
2019-09-23,2019092301004164,NLIC,10,19,22,760.00,"16,720.00"
2019-09-23,2019092301004160,NLIC,5,33,65,761.00,"49,465.00"
2019-09-23,2019092301004159,NLIC,5,4,135,761.00,"102,735.00"
2019-09-23,2019092301004076,NLIC,22,33,18,761.00,"13,698.00"
2019-09-23,2019092301004075,NLIC,22,43,22,761.00,"16,742.00"
2019-09-23,2019092301004065,NLIC,10,50,66,760.00,"50,160.00"
2019-09-23,2019092301004056,NLIC,10,48,22,760.00,"16,720.00"
2019-09-23,2019092301004055,NLIC,10,41,22,760.00,"16,720.00"
2019-09-23,2019092301003976,NMBMF,1,40,10,"1,027.00","10,270.00"
2019-09-23,2019092301004121,NMFBS,29,34,160,"1,677.00","268,320.00"
2019-09-23,2019092301004120,NMFBS,45,34,100,"1,678.00","167,800.00"
2019-09-23,2019092301004119,NMFBS,6,34,50,"1,679.00","83,950.00"
2019-09-23,2019092301004118,NMFBS,32,34,30,"1,679.00","50,370.00"
2019-09-23,2019092301004117,NMFBS,49,34,85,"1,680.00","142,800.00"
2019-09-23,2019092301004062,NMFBS,49,40,15,"1,680.00","25,200.00"
2019-09-23,2019092301004019,NMFBS,32,54,24,"1,681.00","40,344.00"
2019-09-23,2019092301003944,NMFBS,32,34,15,"1,681.00","25,215.00"
2019-09-23,2019092301004145,NNLB,43,59,200,428.00,"85,600.00"
2019-09-23,2019092301003740,NSEWA,41,25,20,385.00,"7,700.00"
2019-09-23,2019092301003739,NSEWA,58,25,20,385.00,"7,700.00"
2019-09-23,2019092301003738,NSEWA,21,25,100,386.00,"38,600.00"
2019-09-23,2019092301004142,PCBL,19,6,7,262.00,"1,834.00"
2019-09-23,2019092301004141,PCBL,41,6,100,262.00,"26,200.00"
2019-09-23,2019092301004057,PCBL,17,45,79,261.00,"20,619.00"
2019-09-23,2019092301004034,PCBL,17,45,30,261.00,"7,830.00"
2019-09-23,2019092301004033,PCBL,11,45,35,261.00,"9,135.00"
2019-09-23,2019092301003797,PCBL,11,25,65,261.00,"16,965.00"
2019-09-23,2019092301003796,PCBL,22,25,35,261.00,"9,135.00"
2019-09-23,2019092301004167,PIC,19,50,11,376.00,"4,136.00"
2019-09-23,2019092301003721,PICL,57,58,100,437.00,"43,700.00"
2019-09-23,2019092301003879,PLIC,42,45,50,319.00,"15,950.00"
2019-09-23,2019092301003878,PLIC,33,45,100,320.00,"32,000.00"
2019-09-23,2019092301004155,PRVU,36,33,21,262.00,"5,502.00"
2019-09-23,2019092301004107,PRVU,58,58,500,260.00,"130,000.00"
2019-09-23,2019092301004106,PRVU,58,58,"1,500",260.00,"390,000.00"
2019-09-23,2019092301004105,PRVU,58,58,"1,500",260.00,"390,000.00"
2019-09-23,2019092301004104,PRVU,58,58,"1,500",260.00,"390,000.00"
2019-09-23,2019092301004103,PRVU,58,58,972,260.00,"252,720.00"
2019-09-23,2019092301003749,PRVU,29,58,100,260.00,"26,000.00"
2019-09-23,2019092301003946,PRVU,47,58,142,259.00,"36,778.00"
2019-09-23,2019092301003930,PRVU,52,3,110,260.00,"28,600.00"
2019-09-23,2019092301003871,PRVU,57,3,65,260.00,"16,900.00"
2019-09-23,2019092301003870,PRVU,57,58,175,260.00,"45,500.00"
2019-09-23,2019092301003837,PRVU,34,58,"1,000",260.00,"260,000.00"
2019-09-23,2019092301003778,PRVU,35,58,25,260.00,"6,500.00"
2019-09-23,2019092301004036,PRVU,38,58,75,260.00,"19,500.00"
2019-09-23,2019092301004035,PRVU,38,58,625,260.00,"162,500.00"
2019-09-23,2019092301004026,PRVU,47,40,300,259.00,"77,700.00"
2019-09-23,2019092301004014,PRVU,56,58,875,260.00,"227,500.00"
2019-09-23,2019092301004013,PRVU,56,3,125,260.00,"32,500.00"
2019-09-23,2019092301003947,PRVU,21,3,100,260.00,"26,000.00"
2019-09-23,2019092301004069,PRVU,58,58,122,260.00,"31,720.00"
2019-09-23,2019092301004048,PRVU,44,1,448,259.00,"116,032.00"
2019-09-23,2019092301004047,PRVU,47,1,100,259.00,"25,900.00"
2019-09-23,2019092301004046,PRVU,56,1,150,259.00,"38,850.00"
2019-09-23,2019092301004045,PRVU,47,1,58,259.00,"15,022.00"
2019-09-23,2019092301004099,PRVU,44,32,"1,500",259.00,"388,500.00"
2019-09-23,2019092301004096,PRVU,32,58,150,260.00,"39,000.00"
2019-09-23,2019092301004081,PRVU,58,58,378,260.00,"98,280.00"
2019-09-23,2019092301004073,PRVU,58,58,"1,500",260.00,"390,000.00"
2019-09-23,2019092301004071,PRVU,58,58,"1,500",260.00,"390,000.00"
2019-09-23,2019092301004070,PRVU,58,56,"1,500",260.00,"390,000.00"
2019-09-23,2019092301004127,RADHI,32,1,11,138.00,"1,518.00"
2019-09-23,2019092301004180,RHPL,33,38,330,156.00,"51,480.00"
2019-09-23,2019092301004165,RHPL,49,58,50,155.00,"7,750.00"
2019-09-23,2019092301004108,RHPL,49,13,40,155.00,"6,200.00"
2019-09-23,2019092301004100,RHPL,49,39,40,155.00,"6,200.00"
2019-09-23,2019092301004015,RHPL,49,17,40,155.00,"6,200.00"
2019-09-23,2019092301003983,RHPL,58,38,100,156.00,"15,600.00"
2019-09-23,2019092301003716,RHPL,49,34,10,155.00,"1,550.00"
2019-09-23,2019092301003715,RHPL,49,22,40,155.00,"6,200.00"
2019-09-23,2019092301003703,RHPL,49,38,30,155.00,"4,650.00"
2019-09-23,2019092301003686,RHPL,49,38,30,155.00,"4,650.00"
2019-09-23,2019092301003895,RHPL,45,34,40,156.00,"6,240.00"
2019-09-23,2019092301003815,RHPL,49,22,40,155.00,"6,200.00"
2019-09-23,2019092301003782,RHPL,49,22,40,155.00,"6,200.00"
2019-09-23,2019092301003766,RHPL,49,22,40,155.00,"6,200.00"
2019-09-23,2019092301003735,RHPL,49,22,40,155.00,"6,200.00"
2019-09-23,2019092301003727,RHPL,49,34,10,155.00,"1,550.00"
2019-09-23,2019092301003982,RHPL,45,38,200,156.00,"31,200.00"
2019-09-23,2019092301003981,RHPL,45,38,40,156.00,"6,240.00"
2019-09-23,2019092301003937,RHPL,45,26,20,156.00,"3,120.00"
2019-09-23,2019092301003936,RHPL,45,34,10,156.00,"1,560.00"
2019-09-23,2019092301003919,RHPL,45,14,50,156.00,"7,800.00"
2019-09-23,2019092301003896,RHPL,45,41,40,156.00,"6,240.00"
2019-09-23,2019092301004000,RMDC,32,17,40,609.00,"24,360.00"
2019-09-23,2019092301004126,SABSL,57,1,10,453.00,"4,530.00"
2019-09-23,2019092301004092,SABSL,57,39,10,453.00,"4,530.00"
2019-09-23,2019092301004089,SABSL,48,39,10,454.00,"4,540.00"
2019-09-23,2019092301004080,SABSL,48,39,10,454.00,"4,540.00"
2019-09-23,2019092301004064,SABSL,48,39,10,454.00,"4,540.00"
2019-09-23,2019092301004009,SABSL,48,58,10,454.00,"4,540.00"
2019-09-23,2019092301003693,SABSL,26,22,10,452.00,"4,520.00"
2019-09-23,2019092301003854,SABSL,48,37,10,455.00,"4,550.00"
2019-09-23,2019092301003853,SABSL,48,37,10,455.00,"4,550.00"
2019-09-23,2019092301003825,SABSL,48,22,10,450.00,"4,500.00"
2019-09-23,2019092301003808,SABSL,48,58,10,450.00,"4,500.00"
2019-09-23,2019092301003731,SABSL,44,20,10,452.00,"4,520.00"
2019-09-23,2019092301003723,SABSL,26,20,10,452.00,"4,520.00"
2019-09-23,2019092301003860,SABSL,48,37,10,455.00,"4,550.00"
2019-09-23,2019092301003859,SABSL,48,37,10,455.00,"4,550.00"
2019-09-23,2019092301003858,SABSL,48,37,10,455.00,"4,550.00"
2019-09-23,2019092301003857,SABSL,48,37,10,455.00,"4,550.00"
2019-09-23,2019092301003856,SABSL,48,37,10,455.00,"4,550.00"
2019-09-23,2019092301003855,SABSL,48,37,10,455.00,"4,550.00"
2019-09-23,2019092301003866,SABSL,48,37,10,455.00,"4,550.00"
2019-09-23,2019092301003865,SABSL,48,17,10,455.00,"4,550.00"
2019-09-23,2019092301003864,SABSL,48,37,10,455.00,"4,550.00"
2019-09-23,2019092301003863,SABSL,48,37,10,455.00,"4,550.00"
2019-09-23,2019092301003862,SABSL,48,37,10,455.00,"4,550.00"
2019-09-23,2019092301003861,SABSL,48,37,10,455.00,"4,550.00"
2019-09-23,2019092301003901,SABSL,57,37,10,460.00,"4,600.00"
2019-09-23,2019092301003900,SABSL,57,37,10,460.00,"4,600.00"
2019-09-23,2019092301003899,SABSL,57,37,10,460.00,"4,600.00"
2019-09-23,2019092301003898,SABSL,57,50,10,459.00,"4,590.00"
2019-09-23,2019092301003897,SABSL,57,36,50,456.00,"22,800.00"
2019-09-23,2019092301003867,SABSL,48,17,10,455.00,"4,550.00"
2019-09-23,2019092301003907,SABSL,57,37,10,460.00,"4,600.00"
2019-09-23,2019092301003906,SABSL,57,37,10,460.00,"4,600.00"
2019-09-23,2019092301003905,SABSL,57,21,10,460.00,"4,600.00"
2019-09-23,2019092301003904,SABSL,57,37,10,460.00,"4,600.00"
2019-09-23,2019092301003903,SABSL,57,37,10,460.00,"4,600.00"
2019-09-23,2019092301003902,SABSL,57,37,10,460.00,"4,600.00"
2019-09-23,2019092301004005,SABSL,48,40,10,454.00,"4,540.00"
2019-09-23,2019092301003912,SABSL,57,55,10,462.00,"4,620.00"
2019-09-23,2019092301003911,SABSL,57,59,10,462.00,"4,620.00"
2019-09-23,2019092301003910,SABSL,57,37,10,460.00,"4,600.00"
2019-09-23,2019092301003909,SABSL,57,37,10,460.00,"4,600.00"
2019-09-23,2019092301003908,SABSL,57,37,10,460.00,"4,600.00"
2019-09-23,2019092301004179,SANIMA,34,35,100,348.00,"34,800.00"
2019-09-23,2019092301004177,SANIMA,58,38,128,346.00,"44,288.00"
2019-09-23,2019092301004176,SANIMA,41,38,171,346.00,"59,166.00"
2019-09-23,2019092301004175,SANIMA,29,38,100,346.00,"34,600.00"
2019-09-23,2019092301004174,SANIMA,16,38,51,346.00,"17,646.00"
2019-09-23,2019092301004086,SANIMA,16,40,50,346.00,"17,300.00"
2019-09-23,2019092301003839,SANIMA,16,41,28,346.00,"9,688.00"
2019-09-23,2019092301003838,SANIMA,18,41,50,346.00,"17,300.00"
2019-09-23,2019092301003793,SANIMA,45,43,50,347.00,"17,350.00"
2019-09-23,2019092301003741,SANIMA,18,18,50,346.00,"17,300.00"
2019-09-23,2019092301003943,SANIMA,41,58,129,347.00,"44,763.00"
2019-09-23,2019092301003942,SANIMA,14,58,320,347.00,"111,040.00"
2019-09-23,2019092301003941,SANIMA,46,58,54,347.00,"18,738.00"
2019-09-23,2019092301003882,SANIMA,46,34,160,347.00,"55,520.00"
2019-09-23,2019092301003881,SANIMA,46,43,36,347.00,"12,492.00"
2019-09-23,2019092301003852,SANIMA,16,37,71,346.00,"24,566.00"
2019-09-23,2019092301004113,SBI,59,42,200,408.00,"81,600.00"
2019-09-23,2019092301003994,SBI,22,58,41,407.00,"16,687.00"
2019-09-23,2019092301003773,SBI,55,32,382,405.00,"154,710.00"
2019-09-23,2019092301003772,SBI,41,32,10,405.00,"4,050.00"
2019-09-23,2019092301003771,SBI,35,32,48,405.00,"19,440.00"
2019-09-23,2019092301004183,SBL,17,57,353,328.00,"115,784.00"
2019-09-23,2019092301004182,SBL,17,57,236,328.00,"77,408.00"
2019-09-23,2019092301004151,SBL,17,16,764,328.00,"250,592.00"
2019-09-23,2019092301004122,SBL,39,39,200,328.00,"65,600.00"
2019-09-23,2019092301004102,SBL,54,16,36,328.00,"11,808.00"
2019-09-23,2019092301004101,SBL,54,58,14,328.00,"4,592.00"
2019-09-23,2019092301003835,SBL,1,21,74,328.00,"24,272.00"
2019-09-23,2019092301003760,SBL,53,28,60,328.00,"19,680.00"
2019-09-23,2019092301003759,SBL,53,36,40,328.00,"13,120.00"
2019-09-23,2019092301003758,SBL,53,28,100,328.00,"32,800.00"
2019-09-23,2019092301003724,SBL,1,28,200,328.00,"65,600.00"
2019-09-23,2019092301004022,SBL,50,40,100,327.00,"32,700.00"
2019-09-23,2019092301004007,SBL,13,58,200,328.00,"65,600.00"
2019-09-23,2019092301003893,SBL,46,58,250,328.00,"82,000.00"
2019-09-23,2019092301003890,SBL,1,58,36,328.00,"11,808.00"
2019-09-23,2019092301003889,SBL,1,28,14,328.00,"4,592.00"
2019-09-23,2019092301003836,SBL,1,28,426,328.00,"139,728.00"
2019-09-23,2019092301004068,SCB,35,42,10,562.00,"5,620.00"
2019-09-23,2019092301004060,SCB,43,1,200,560.00,"112,000.00"
2019-09-23,2019092301004025,SCB,11,42,270,562.00,"151,740.00"
2019-09-23,2019092301003805,SCB,35,14,10,565.00,"5,650.00"
2019-09-23,2019092301003990,SFFIL,57,58,50,200.00,"10,000.00"
2019-09-23,2019092301003989,SFFIL,57,22,50,200.00,"10,000.00"
2019-09-23,2019092301004144,SHIVM,35,38,100,555.00,"55,500.00"
2019-09-23,2019092301004128,SHIVM,17,38,100,555.00,"55,500.00"
2019-09-23,2019092301004031,SHIVM,17,8,100,551.00,"55,100.00"
2019-09-23,2019092301004030,SHIVM,52,8,100,551.00,"55,100.00"
2019-09-23,2019092301004029,SHIVM,26,8,110,552.00,"60,720.00"
2019-09-23,2019092301004018,SHIVM,26,3,190,552.00,"104,880.00"
2019-09-23,2019092301003925,SHIVM,16,3,250,554.00,"138,500.00"
2019-09-23,2019092301003915,SHIVM,21,21,50,553.00,"27,650.00"
2019-09-23,2019092301003914,SHIVM,38,21,50,553.00,"27,650.00"
2019-09-23,2019092301003888,SHIVM,38,21,50,554.00,"27,700.00"
2019-09-23,2019092301003770,SHIVM,38,21,50,557.00,"27,850.00"
2019-09-23,2019092301004017,SHIVM,33,3,10,552.00,"5,520.00"
2019-09-23,2019092301003993,SHIVM,58,38,100,555.00,"55,500.00"
2019-09-23,2019092301003979,SHIVM,33,22,90,552.00,"49,680.00"
2019-09-23,2019092301003978,SHIVM,57,22,50,552.00,"27,600.00"
2019-09-23,2019092301003977,SHIVM,53,22,50,552.00,"27,600.00"
2019-09-23,2019092301003935,SHIVM,16,3,50,554.00,"27,700.00"
2019-09-23,2019092301003834,SHL,11,37,250,214.00,"53,500.00"
2019-09-23,2019092301004012,SHPC,38,16,500,191.00,"95,500.00"
2019-09-23,2019092301004006,SHPC,38,41,195,188.00,"36,660.00"
2019-09-23,2019092301003873,SHPC,38,47,966,187.00,"180,642.00"
2019-09-23,2019092301003824,SHPC,20,28,370,184.00,"68,080.00"
2019-09-23,2019092301003817,SHPC,36,28,100,187.00,"18,700.00"
2019-09-23,2019092301003816,SHPC,10,28,100,187.00,"18,700.00"
2019-09-23,2019092301003774,SHPC,10,45,100,187.00,"18,700.00"
2019-09-23,2019092301003767,SHPC,56,45,100,187.00,"18,700.00"
2019-09-23,2019092301003764,SHPC,56,45,900,187.00,"168,300.00"
2019-09-23,2019092301003763,SHPC,13,45,100,187.00,"18,700.00"
2019-09-23,2019092301003823,SHPC,52,28,200,185.00,"37,000.00"
2019-09-23,2019092301003822,SHPC,19,28,50,186.00,"9,300.00"
2019-09-23,2019092301003821,SHPC,33,28,"1,000",186.00,"186,000.00"
2019-09-23,2019092301003820,SHPC,43,28,100,186.00,"18,600.00"
2019-09-23,2019092301003819,SHPC,37,28,60,187.00,"11,220.00"
2019-09-23,2019092301003818,SHPC,35,28,20,187.00,"3,740.00"
2019-09-23,2019092301003968,SIC,37,28,250,470.00,"117,500.00"
2019-09-23,2019092301003765,SIC,48,46,100,468.00,"46,800.00"
2019-09-23,2019092301004061,SICL,55,33,50,714.00,"35,700.00"
2019-09-23,2019092301004024,SICL,37,54,170,710.00,"120,700.00"
2019-09-23,2019092301003992,SICL,37,54,50,710.00,"35,500.00"
2019-09-23,2019092301003970,SICL,22,33,50,714.00,"35,700.00"
2019-09-23,2019092301003969,SICL,22,22,50,714.00,"35,700.00"
2019-09-23,2019092301003802,SIFC,6,17,10,150.00,"1,500.00"
2019-09-23,2019092301004150,SIL,37,20,50,382.00,"19,100.00"
2019-09-23,2019092301004132,SJCL,43,10,10,166.00,"1,660.00"
2019-09-23,2019092301004131,SJCL,43,38,460,165.00,"75,900.00"
2019-09-23,2019092301004125,SJCL,37,13,20,164.00,"3,280.00"
2019-09-23,2019092301004112,SJCL,37,39,20,164.00,"3,280.00"
2019-09-23,2019092301004051,SJCL,47,38,40,165.00,"6,600.00"
2019-09-23,2019092301004050,SJCL,47,34,10,165.00,"1,650.00"
2019-09-23,2019092301003719,SJCL,33,22,20,164.00,"3,280.00"
2019-09-23,2019092301003717,SJCL,33,38,10,164.00,"1,640.00"
2019-09-23,2019092301003694,SJCL,33,38,10,164.00,"1,640.00"
2019-09-23,2019092301003692,SJCL,33,34,10,164.00,"1,640.00"
2019-09-23,2019092301003792,SJCL,33,22,20,164.00,"3,280.00"
2019-09-23,2019092301003768,SJCL,33,22,20,164.00,"3,280.00"
2019-09-23,2019092301003742,SJCL,33,22,20,164.00,"3,280.00"
2019-09-23,2019092301003734,SJCL,33,34,10,164.00,"1,640.00"
2019-09-23,2019092301003722,SJCL,33,34,10,164.00,"1,640.00"
2019-09-23,2019092301003874,SJCL,51,14,20,165.00,"3,300.00"
2019-09-23,2019092301003845,SJCL,51,50,20,165.00,"3,300.00"
2019-09-23,2019092301003844,SJCL,51,34,20,165.00,"3,300.00"
2019-09-23,2019092301003843,SJCL,51,44,20,165.00,"3,300.00"
2019-09-23,2019092301003830,SJCL,37,22,10,164.00,"1,640.00"
2019-09-23,2019092301003829,SJCL,33,22,10,164.00,"1,640.00"
2019-09-23,2019092301004021,SJCL,37,17,10,164.00,"1,640.00"
2019-09-23,2019092301003917,SJCL,37,3,280,164.00,"45,920.00"
2019-09-23,2019092301003875,SJCL,51,3,20,165.00,"3,300.00"
2019-09-23,2019092301003748,SKBBL,49,41,17,900.00,"15,300.00"
2019-09-23,2019092301004093,SLBSL,11,29,10,672.00,"6,720.00"
2019-09-23,2019092301003877,SMB,13,50,10,428.00,"4,280.00"
2019-09-23,2019092301003876,SMB,13,51,10,428.00,"4,280.00"
2019-09-23,2019092301003776,SMB,45,48,10,425.00,"4,250.00"
2019-09-23,2019092301003918,SPARS,34,34,10,540.00,"5,400.00"
2019-09-23,2019092301004130,SPDL,22,34,242,70.00,"16,940.00"
2019-09-23,2019092301004058,SRBL,38,1,362,234.00,"84,708.00"
2019-09-23,2019092301004028,SRBL,29,1,200,234.00,"46,800.00"
2019-09-23,2019092301004027,SRBL,18,1,50,234.00,"11,700.00"
2019-09-23,2019092301003729,SRBL,18,45,50,234.00,"11,700.00"
2019-09-23,2019092301003728,SRBL,5,45,450,234.00,"105,300.00"
2019-09-23,2019092301003718,UFL,44,32,20,179.00,"3,580.00"
2019-09-23,2019092301004154,UMHL,22,57,300,105.00,"31,500.00"
2019-09-23,2019092301004153,UMHL,22,48,190,105.00,"19,950.00"
2019-09-23,2019092301003967,UNL,25,22,10,"18,621.00","186,210.00"
2019-09-23,2019092301004002,UPCL,22,6,50,79.00,"3,950.00"
2019-09-23,2019092301004134,UPPER,1,48,153,236.00,"36,108.00"
2019-09-23,2019092301004133,UPPER,1,56,147,236.00,"34,692.00"
2019-09-23,2019092301004044,UPPER,25,57,100,235.00,"23,500.00"
2019-09-23,2019092301004043,UPPER,22,57,198,235.00,"46,530.00"
2019-09-23,2019092301004010,UPPER,22,29,271,235.00,"63,685.00"
2019-09-23,2019092301003986,UPPER,22,59,50,235.00,"11,750.00"
2019-09-23,2019092301003697,UPPER,33,58,83,236.00,"19,588.00"
2019-09-23,2019092301003980,UPPER,22,59,171,235.00,"40,185.00"
2019-09-23,2019092301003851,UPPER,22,41,50,235.00,"11,750.00"
2019-09-23,2019092301003699,UPPER,33,29,30,237.00,"7,110.00"
2019-09-23,2019092301003698,UPPER,33,56,147,236.00,"34,692.00"
2019-09-23,2019092301003676,ADBL,22,55,50,415.00,"20,750.00"
2019-09-23,2019092301003661,ADBL,44,45,900,414.00,"372,600.00"
2019-09-23,2019092301003660,ADBL,35,55,20,415.00,"8,300.00"
2019-09-23,2019092301003629,ADBL,44,19,214,414.00,"88,596.00"
2019-09-23,2019092301003557,ADBL,44,49,50,414.00,"20,700.00"
2019-09-23,2019092301003483,ADBL,58,55,10,415.00,"4,150.00"
2019-09-23,2019092301003278,ADBL,44,34,80,414.00,"33,120.00"
2019-09-23,2019092301003651,AKBSL,48,40,10,413.00,"4,130.00"
2019-09-23,2019092301003641,AKBSL,48,40,10,413.00,"4,130.00"
2019-09-23,2019092301003632,AKBSL,48,40,10,413.00,"4,130.00"
2019-09-23,2019092301003606,AKBSL,48,37,10,415.00,"4,150.00"
2019-09-23,2019092301003605,AKBSL,48,37,10,415.00,"4,150.00"
2019-09-23,2019092301003604,AKBSL,48,37,10,415.00,"4,150.00"
2019-09-23,2019092301003492,AKBSL,55,20,10,413.00,"4,130.00"
2019-09-23,2019092301003413,AKBSL,55,20,10,413.00,"4,130.00"
2019-09-23,2019092301003603,AKBSL,48,37,10,415.00,"4,150.00"
2019-09-23,2019092301003602,AKBSL,48,37,10,415.00,"4,150.00"
2019-09-23,2019092301003601,AKBSL,48,37,10,415.00,"4,150.00"
2019-09-23,2019092301003600,AKBSL,48,37,10,415.00,"4,150.00"
2019-09-23,2019092301003546,AKBSL,43,20,10,412.00,"4,120.00"
2019-09-23,2019092301003541,AKBSL,55,20,10,413.00,"4,130.00"
2019-09-23,2019092301003672,AKJCL,58,38,20,56.00,"1,120.00"
2019-09-23,2019092301003281,AKJCL,5,50,15,56.00,840.00
2019-09-23,2019092301003574,ALBSL,55,47,10,421.00,"4,210.00"
2019-09-23,2019092301003389,ALICL,14,17,300,317.00,"95,100.00"
2019-09-23,2019092301003598,API,26,42,72,114.00,"8,208.00"
2019-09-23,2019092301003282,API,26,34,28,114.00,"3,192.00"
2019-09-23,2019092301003654,BPCL,50,50,33,360.00,"11,880.00"
2019-09-23,2019092301003536,BPCL,50,33,30,360.00,"10,800.00"
2019-09-23,2019092301003535,BPCL,47,33,200,360.00,"72,000.00"
2019-09-23,2019092301003534,BPCL,45,33,16,360.00,"5,760.00"
2019-09-23,2019092301003533,BPCL,57,33,10,361.00,"3,610.00"
2019-09-23,2019092301003532,BPCL,57,33,10,361.00,"3,610.00"
2019-09-23,2019092301003531,BPCL,57,33,10,361.00,"3,610.00"
2019-09-23,2019092301003530,BPCL,43,33,34,361.00,"12,274.00"
2019-09-23,2019092301003485,BPCL,38,22,20,362.00,"7,240.00"
2019-09-23,2019092301003441,CBBL,33,45,10,965.00,"9,650.00"
2019-09-23,2019092301003440,CBBL,44,45,15,965.00,"14,475.00"
2019-09-23,2019092301003439,CBBL,22,45,167,965.00,"161,155.00"
2019-09-23,2019092301003235,CBBL,22,58,33,965.00,"31,845.00"
2019-09-23,2019092301003234,CBBL,44,58,15,965.00,"14,475.00"
2019-09-23,2019092301003233,CBBL,44,58,15,965.00,"14,475.00"
2019-09-23,2019092301003232,CBBL,44,58,15,965.00,"14,475.00"
2019-09-23,2019092301003231,CBBL,44,58,10,966.00,"9,660.00"
2019-09-23,2019092301003545,CBL,44,32,34,142.00,"4,828.00"
2019-09-23,2019092301003516,CBL,44,58,500,143.00,"71,500.00"
2019-09-23,2019092301003515,CBL,44,42,65,143.00,"9,295.00"
2019-09-23,2019092301003514,CBL,44,21,72,143.00,"10,296.00"
2019-09-23,2019092301003513,CBL,44,40,801,143.00,"114,543.00"
2019-09-23,2019092301003476,CBL,44,32,25,142.00,"3,550.00"
2019-09-23,2019092301003373,CBL,44,32,25,142.00,"3,550.00"
2019-09-23,2019092301003640,CCBL,17,19,451,153.00,"69,003.00"
2019-09-23,2019092301003637,CCBL,17,32,86,153.00,"13,158.00"
2019-09-23,2019092301003549,CCBL,17,32,87,153.00,"13,311.00"
2019-09-23,2019092301003475,CCBL,17,49,129,153.00,"19,737.00"
2019-09-23,2019092301003302,CCBL,42,17,12,154.00,"1,848.00"
2019-09-23,2019092301003301,CCBL,42,50,38,154.00,"5,852.00"
2019-09-23,2019092301003215,CCBL,11,50,200,154.00,"30,800.00"
2019-09-23,2019092301003639,CHCL,35,28,20,422.00,"8,440.00"
2019-09-23,2019092301003552,CHCL,4,32,50,418.00,"20,900.00"
2019-09-23,2019092301003295,CHCL,37,32,30,417.00,"12,510.00"
2019-09-23,2019092301003342,CIT,33,38,35,"1,800.00","63,000.00"
2019-09-23,2019092301003294,DBBL,25,59,492,126.00,"61,992.00"
2019-09-23,2019092301003247,DBBL,56,59,500,126.00,"63,000.00"
2019-09-23,2019092301003246,DBBL,49,59,500,126.00,"63,000.00"
2019-09-23,2019092301003245,DBBL,59,59,658,126.00,"82,908.00"
2019-09-23,2019092301003667,EBL,22,25,100,569.00,"56,900.00"
2019-09-23,2019092301003634,EBL,16,17,10,568.00,"5,680.00"
2019-09-23,2019092301003559,EBL,54,17,10,568.00,"5,680.00"
2019-09-23,2019092301003486,EBL,54,49,189,568.00,"107,352.00"
2019-09-23,2019092301003307,EBL,56,25,180,569.00,"102,420.00"
2019-09-23,2019092301003257,EBL,56,59,50,569.00,"28,450.00"
2019-09-23,2019092301003256,EBL,16,59,50,569.00,"28,450.00"
2019-09-23,2019092301003569,EIC,6,29,94,248.00,"23,312.00"
2019-09-23,2019092301003568,EIC,26,29,110,248.00,"27,280.00"
2019-09-23,2019092301003588,FMDBL,10,25,50,371.00,"18,550.00"
2019-09-23,2019092301003538,FOWAD,54,34,50,"1,280.00","64,000.00"
2019-09-23,2019092301003465,FOWAD,29,45,30,"1,281.00","38,430.00"
2019-09-23,2019092301003458,FOWAD,29,53,150,"1,281.00","192,150.00"
2019-09-23,2019092301003422,FOWAD,29,53,120,"1,281.00","153,720.00"
2019-09-23,2019092301003421,FOWAD,41,53,10,"1,281.00","12,810.00"
2019-09-23,2019092301003420,FOWAD,16,53,20,"1,281.00","25,620.00"
2019-09-23,2019092301003221,FOWAD,13,54,10,"1,290.00","12,900.00"
2019-09-23,2019092301003631,GBBL,50,17,108,208.00,"22,464.00"
2019-09-23,2019092301003558,GBBL,45,32,100,207.00,"20,700.00"
2019-09-23,2019092301003433,GBBL,45,43,72,207.00,"14,904.00"
2019-09-23,2019092301003200,GBBL,45,32,303,207.00,"62,721.00"
2019-09-23,2019092301003196,GBBL,45,32,220,207.00,"45,540.00"
2019-09-23,2019092301003195,GBBL,33,32,100,207.00,"20,700.00"
2019-09-23,2019092301003194,GBBL,1,32,200,207.00,"41,400.00"
2019-09-23,2019092301003193,GBBL,34,32,217,207.00,"44,919.00"
2019-09-23,2019092301003192,GBBL,39,32,100,207.00,"20,700.00"
2019-09-23,2019092301003191,GBBL,43,32,184,207.00,"38,088.00"
2019-09-23,2019092301003185,GBBL,1,32,200,208.00,"41,600.00"
2019-09-23,2019092301003313,GBLBS,34,54,15,321.00,"4,815.00"
2019-09-23,2019092301003500,GDBL,28,57,398,204.00,"81,192.00"
2019-09-23,2019092301003479,GDBL,28,49,191,204.00,"38,964.00"
2019-09-23,2019092301003395,GDBL,28,35,411,204.00,"83,844.00"
2019-09-23,2019092301003580,GHL,58,47,30,65.00,"1,950.00"
2019-09-23,2019092301003579,GHL,58,6,30,65.00,"1,950.00"
2019-09-23,2019092301003353,GIMES1,47,47,"5,000",6.71,"33,550.00"
2019-09-23,2019092301003352,GIMES1,26,47,"5,000",6.72,"33,600.00"
2019-09-23,2019092301003630,GLBSL,55,20,10,437.00,"4,370.00"
2019-09-23,2019092301003648,GLICL,51,38,245,365.00,"89,425.00"
2019-09-23,2019092301003271,GLICL,56,17,100,360.00,"36,000.00"
2019-09-23,2019092301003270,GLICL,26,17,200,362.00,"72,400.00"
2019-09-23,2019092301003269,GLICL,28,17,10,362.00,"3,620.00"
2019-09-23,2019092301003268,GLICL,34,17,100,365.00,"36,500.00"
2019-09-23,2019092301003612,GMFBS,41,20,10,464.00,"4,640.00"
2019-09-23,2019092301003355,GMFBS,41,20,10,464.00,"4,640.00"
2019-09-23,2019092301003402,GMFIL,58,49,200,115.00,"23,000.00"
2019-09-23,2019092301003406,HBL,42,28,80,498.00,"39,840.00"
2019-09-23,2019092301003405,HBL,1,28,50,500.00,"25,000.00"
2019-09-23,2019092301003404,HBL,41,28,50,501.00,"25,050.00"
2019-09-23,2019092301003403,HBL,26,28,20,503.00,"10,060.00"
2019-09-23,2019092301003597,HDL,26,39,15,"1,445.00","21,675.00"
2019-09-23,2019092301003596,HDL,35,39,10,"1,450.00","14,500.00"
2019-09-23,2019092301003372,HGI,54,17,100,274.00,"27,400.00"
2019-09-23,2019092301003261,HGI,26,34,21,280.00,"5,880.00"
2019-09-23,2019092301003646,HIDCL,35,32,20,133.00,"2,660.00"
2019-09-23,2019092301003566,HIDCL,35,32,20,133.00,"2,660.00"
2019-09-23,2019092301003560,HIDCL,35,43,10,134.00,"1,340.00"
2019-09-23,2019092301003484,HIDCL,45,32,20,132.00,"2,640.00"
2019-09-23,2019092301003463,HIDCL,51,49,50,133.00,"6,650.00"
2019-09-23,2019092301003384,HIDCL,45,32,20,132.00,"2,640.00"
2019-09-23,2019092301003366,HIDCL,45,32,24,132.00,"3,168.00"
2019-09-23,2019092301003347,HIDCL,45,29,50,132.00,"6,600.00"
2019-09-23,2019092301003323,HIDCL,45,34,127,132.00,"16,764.00"
2019-09-23,2019092301003299,HIDCL,45,32,40,132.00,"5,280.00"
2019-09-23,2019092301003212,HIDCL,45,32,20,132.00,"2,640.00"
2019-09-23,2019092301003369,HPPL,22,34,200,134.00,"26,800.00"
2019-09-23,2019092301003368,HPPL,22,1,10,134.00,"1,340.00"
2019-09-23,2019092301003616,ICFC,35,42,10,152.00,"1,520.00"
2019-09-23,2019092301003650,ILBS,58,20,10,425.00,"4,250.00"
2019-09-23,2019092301003662,JBBL,28,32,16,155.00,"2,480.00"
2019-09-23,2019092301003583,JBBL,28,32,16,155.00,"2,480.00"
2019-09-23,2019092301003497,JBBL,28,32,16,155.00,"2,480.00"
2019-09-23,2019092301003398,JBBL,28,32,16,155.00,"2,480.00"
2019-09-23,2019092301003303,JBBL,28,32,16,155.00,"2,480.00"
2019-09-23,2019092301003274,JBBL,28,59,184,155.00,"28,520.00"
2019-09-23,2019092301003273,JBBL,50,59,300,155.00,"46,500.00"
2019-09-23,2019092301003272,JBBL,49,59,316,155.00,"48,980.00"
2019-09-23,2019092301003259,JBBL,22,17,10,157.00,"1,570.00"
2019-09-23,2019092301003254,JBBL,49,32,16,155.00,"2,480.00"
2019-09-23,2019092301003253,JBBL,49,32,16,155.00,"2,480.00"
2019-09-23,2019092301003252,JBBL,49,32,16,155.00,"2,480.00"
2019-09-23,2019092301003586,JOSHI,58,6,20,59.00,"1,180.00"
2019-09-23,2019092301003488,KBL,57,38,35,177.00,"6,195.00"
2019-09-23,2019092301003487,KBL,7,38,236,177.00,"41,772.00"
2019-09-23,2019092301003348,KBL,18,44,100,178.00,"17,800.00"
2019-09-23,2019092301003499,KSBBL,25,43,124,140.00,"17,360.00"
2019-09-23,2019092301003498,KSBBL,19,43,100,140.00,"14,000.00"
2019-09-23,2019092301003417,LBL,51,58,30,214.00,"6,420.00"
2019-09-23,2019092301003416,LBL,51,45,20,214.00,"4,280.00"
2019-09-23,2019092301003460,LGIL,38,45,130,363.00,"47,190.00"
2019-09-23,2019092301003614,LLBS,21,32,100,650.00,"65,000.00"
2019-09-23,2019092301003226,LVF1,38,47,"2,000",8.65,"17,300.00"
2019-09-23,2019092301003208,MBL,10,44,150,249.00,"37,350.00"
2019-09-23,2019092301003265,MEGA,35,32,63,194.00,"12,222.00"
2019-09-23,2019092301003326,MEGA,35,32,63,194.00,"12,222.00"
2019-09-23,2019092301003414,MEGA,35,32,63,194.00,"12,222.00"
2019-09-23,2019092301003512,MEGA,35,32,63,194.00,"12,222.00"
2019-09-23,2019092301003573,MEGA,35,32,63,194.00,"12,222.00"
2019-09-23,2019092301003591,MEGA,35,41,40,194.00,"7,760.00"
2019-09-23,2019092301003671,MFIL,1,19,341,122.00,"41,602.00"
2019-09-23,2019092301003670,MFIL,5,19,150,123.00,"18,450.00"
2019-09-23,2019092301003669,MFIL,1,19,350,123.00,"43,050.00"
2019-09-23,2019092301003668,MFIL,4,19,70,124.00,"8,680.00"
2019-09-23,2019092301003664,MFIL,4,38,30,124.00,"3,720.00"
2019-09-23,2019092301003682,MHNL,56,59,200,78.00,"15,600.00"
2019-09-23,2019092301003681,MHNL,25,59,50,78.00,"3,900.00"
2019-09-23,2019092301003680,MHNL,40,59,50,78.00,"3,900.00"
2019-09-23,2019092301003571,MLBL,25,43,50,210.00,"10,500.00"
2019-09-23,2019092301003489,MLBL,51,43,50,210.00,"10,500.00"
2019-09-23,2019092301003674,MNBBL,14,25,200,304.00,"60,800.00"
2019-09-23,2019092301003608,MNBBL,33,32,100,303.00,"30,300.00"
2019-09-23,2019092301003524,MNBBL,33,32,20,303.00,"6,060.00"
2019-09-23,2019092301003298,MNBBL,42,32,25,303.00,"7,575.00"
2019-09-23,2019092301003277,MNBBL,45,43,50,304.00,"15,200.00"
2019-09-23,2019092301003276,MNBBL,41,43,175,304.00,"53,200.00"
2019-09-23,2019092301003227,MNBBL,41,32,30,304.00,"9,120.00"
2019-09-23,2019092301003543,MPFL,42,42,16,102.00,"1,632.00"
2019-09-23,2019092301003585,NABIL,22,29,100,765.00,"76,500.00"
2019-09-23,2019092301003582,NABIL,1,29,19,760.00,"14,440.00"
2019-09-23,2019092301003581,NABIL,36,29,20,761.00,"15,220.00"
2019-09-23,2019092301003594,NAGRO,29,54,10,732.00,"7,320.00"
2019-09-23,2019092301003525,NBB,18,43,100,210.00,"21,000.00"
2019-09-23,2019092301003220,NBB,52,49,100,210.00,"21,000.00"
2019-09-23,2019092301003683,NBL,5,21,10,313.00,"3,130.00"
2019-09-23,2019092301003655,NBL,22,28,100,314.00,"31,400.00"
2019-09-23,2019092301003645,NBL,35,28,20,314.00,"6,280.00"
2019-09-23,2019092301003331,NBL,5,32,115,313.00,"35,995.00"
2019-09-23,2019092301003330,NBL,29,32,80,313.00,"25,040.00"
2019-09-23,2019092301003329,NBL,29,32,105,313.00,"32,865.00"
2019-09-23,2019092301003293,NBL,29,59,95,313.00,"29,735.00"
2019-09-23,2019092301003292,NBL,42,59,70,314.00,"21,980.00"
2019-09-23,2019092301003291,NBL,29,59,100,314.00,"31,400.00"
2019-09-23,2019092301003290,NBL,45,59,50,314.00,"15,700.00"
2019-09-23,2019092301003412,NCCB,41,10,85,195.00,"16,575.00"
2019-09-23,2019092301003411,NCCB,6,10,500,195.00,"97,500.00"
2019-09-23,2019092301003410,NCCB,52,10,50,195.00,"9,750.00"
2019-09-23,2019092301003409,NCCB,29,10,365,195.00,"71,175.00"
2019-09-23,2019092301003620,NIB,33,33,100,441.00,"44,100.00"
2019-09-23,2019092301003572,NIB,26,29,71,440.00,"31,240.00"
2019-09-23,2019092301003561,NIB,26,57,100,440.00,"44,000.00"
2019-09-23,2019092301003539,NIB,39,45,55,441.00,"24,255.00"
2019-09-23,2019092301003306,NIBLPF,45,47,"10,000",6.65,"66,500.00"
2019-09-23,2019092301003305,NIBLPF,51,47,"5,000",6.67,"33,350.00"
2019-09-23,2019092301003304,NIBLPF,16,47,"5,000",6.68,"33,400.00"
2019-09-23,2019092301003448,NICA,33,14,385,380.00,"146,300.00"
2019-09-23,2019092301003385,NICA,49,14,50,380.00,"19,000.00"
2019-09-23,2019092301003374,NICA,18,14,100,380.00,"38,000.00"
2019-09-23,2019092301003300,NICA,57,14,40,380.00,"15,200.00"
2019-09-23,2019092301003562,NICL,38,33,500,265.00,"132,500.00"
2019-09-23,2019092301003359,NIL,35,17,50,363.00,"18,150.00"
2019-09-23,2019092301003358,NIL,6,17,300,363.00,"108,900.00"
2019-09-23,2019092301003357,NIL,37,17,100,365.00,"36,500.00"
2019-09-23,2019092301003356,NIL,48,17,100,366.00,"36,600.00"
2019-09-23,2019092301003447,NLIC,43,17,10,757.00,"7,570.00"
2019-09-23,2019092301003446,NLIC,32,17,20,758.00,"15,160.00"
2019-09-23,2019092301003445,NLIC,17,17,20,758.00,"15,160.00"
2019-09-23,2019092301003444,NLIC,28,17,50,758.00,"37,900.00"
2019-09-23,2019092301003436,NLIC,16,4,100,760.00,"76,000.00"
2019-09-23,2019092301003435,NLIC,45,4,50,760.00,"38,000.00"
2019-09-23,2019092301003434,NLIC,44,4,439,760.00,"333,640.00"
2019-09-23,2019092301003284,NLIC,11,56,100,761.00,"76,100.00"
2019-09-23,2019092301003207,NLIC,44,6,117,760.00,"88,920.00"
2019-09-23,2019092301003190,NLIC,44,35,400,760.00,"304,000.00"
2019-09-23,2019092301003189,NLIC,8,35,100,761.00,"76,100.00"
2019-09-23,2019092301003311,NMFBS,32,59,25,"1,680.00","42,000.00"
2019-09-23,2019092301003520,NNLB,40,17,50,420.00,"21,000.00"
2019-09-23,2019092301003555,NUBL,54,45,200,841.00,"168,200.00"
2019-09-23,2019092301003653,PCBL,22,19,156,261.00,"40,716.00"
2019-09-23,2019092301003239,PCBL,22,32,20,261.00,"5,220.00"
2019-09-23,2019092301003619,PIC,19,32,11,376.00,"4,136.00"
2019-09-23,2019092301003469,PIC,19,32,11,376.00,"4,136.00"
2019-09-23,2019092301003468,PIC,19,38,144,376.00,"54,144.00"
2019-09-23,2019092301003467,PIC,29,38,356,376.00,"133,856.00"
2019-09-23,2019092301003466,PIC,57,38,10,376.00,"3,760.00"
2019-09-23,2019092301003452,PIC,29,32,11,376.00,"4,136.00"
2019-09-23,2019092301003451,PIC,29,32,11,376.00,"4,136.00"
2019-09-23,2019092301003450,PIC,29,32,11,376.00,"4,136.00"
2019-09-23,2019092301003225,PIC,29,32,11,374.00,"4,114.00"
2019-09-23,2019092301003472,PLIC,42,17,38,319.00,"12,122.00"
2019-09-23,2019092301003471,PLIC,45,17,100,320.00,"32,000.00"
2019-09-23,2019092301003470,PLIC,33,17,24,322.00,"7,728.00"
2019-09-23,2019092301003623,PPCL,49,47,10,93.00,930.00
2019-09-23,2019092301003610,PPCL,49,6,10,93.00,930.00
2019-09-23,2019092301003388,PPCL,43,38,30,93.00,"2,790.00"
2019-09-23,2019092301003296,PRIN,57,17,15,299.00,"4,485.00"
2019-09-23,2019092301003288,PRIN,55,17,200,300.00,"60,000.00"
2019-09-23,2019092301003287,PRIN,41,17,14,300.00,"4,200.00"
2019-09-23,2019092301003286,PRIN,21,17,371,301.00,"111,671.00"
2019-09-23,2019092301003659,PRVU,1,58,200,260.00,"52,000.00"
2019-09-23,2019092301003658,PRVU,1,56,600,260.00,"156,000.00"
2019-09-23,2019092301003649,PRVU,22,56,200,260.00,"52,000.00"
2019-09-23,2019092301003624,PRVU,22,56,200,260.00,"52,000.00"
2019-09-23,2019092301003593,PRVU,43,58,"1,103",260.00,"286,780.00"
2019-09-23,2019092301003542,PRVU,16,58,200,260.00,"52,000.00"
2019-09-23,2019092301003394,PRVU,18,58,100,260.00,"26,000.00"
2019-09-23,2019092301003364,PRVU,14,58,46,260.00,"11,960.00"
2019-09-23,2019092301003363,PRVU,57,58,51,260.00,"13,260.00"
2019-09-23,2019092301003590,RHPC,52,48,38,84.00,"3,192.00"
2019-09-23,2019092301003375,RHPC,39,48,50,84.00,"4,200.00"
2019-09-23,2019092301003249,RHPC,49,48,162,84.00,"13,608.00"
2019-09-23,2019092301003675,RHPL,49,34,10,155.00,"1,550.00"
2019-09-23,2019092301003673,RHPL,49,38,30,155.00,"4,650.00"
2019-09-23,2019092301003665,RHPL,49,34,10,155.00,"1,550.00"
2019-09-23,2019092301003657,RHPL,49,38,30,155.00,"4,650.00"
2019-09-23,2019092301003652,RHPL,49,34,30,155.00,"4,650.00"
2019-09-23,2019092301003642,RHPL,49,38,30,155.00,"4,650.00"
2019-09-23,2019092301003197,RHPL,49,38,30,155.00,"4,650.00"
2019-09-23,2019092301003186,RHPL,49,38,30,155.00,"4,650.00"
2019-09-23,2019092301003224,RHPL,49,38,30,155.00,"4,650.00"
2019-09-23,2019092301003219,RHPL,49,38,30,155.00,"4,650.00"
2019-09-23,2019092301003214,RHPL,49,38,30,155.00,"4,650.00"
2019-09-23,2019092301003213,RHPL,49,38,30,155.00,"4,650.00"
2019-09-23,2019092301003211,RHPL,49,51,20,155.00,"3,100.00"
2019-09-23,2019092301003201,RHPL,49,38,30,155.00,"4,650.00"
2019-09-23,2019092301003262,RHPL,49,38,30,155.00,"4,650.00"
2019-09-23,2019092301003255,RHPL,49,38,30,155.00,"4,650.00"
2019-09-23,2019092301003242,RHPL,49,38,30,155.00,"4,650.00"
2019-09-23,2019092301003241,RHPL,49,38,30,155.00,"4,650.00"
2019-09-23,2019092301003238,RHPL,49,38,30,155.00,"4,650.00"
2019-09-23,2019092301003228,RHPL,49,38,30,155.00,"4,650.00"
2019-09-23,2019092301003310,RHPL,49,29,40,155.00,"6,200.00"
2019-09-23,2019092301003309,RHPL,49,51,20,155.00,"3,100.00"
2019-09-23,2019092301003289,RHPL,49,51,20,155.00,"3,100.00"
2019-09-23,2019092301003280,RHPL,49,38,30,155.00,"4,650.00"
2019-09-23,2019092301003266,RHPL,49,38,30,155.00,"4,650.00"
2019-09-23,2019092301003264,RHPL,49,38,30,155.00,"4,650.00"
2019-09-23,2019092301003354,RHPL,49,51,40,155.00,"6,200.00"
2019-09-23,2019092301003332,RHPL,49,29,40,155.00,"6,200.00"
2019-09-23,2019092301003327,RHPL,49,51,30,155.00,"4,650.00"
2019-09-23,2019092301003324,RHPL,49,38,30,155.00,"4,650.00"
2019-09-23,2019092301003322,RHPL,49,29,40,155.00,"6,200.00"
2019-09-23,2019092301003321,RHPL,49,38,30,155.00,"4,650.00"
2019-09-23,2019092301003393,RHPL,49,38,30,155.00,"4,650.00"
2019-09-23,2019092301003392,RHPL,49,38,30,155.00,"4,650.00"
2019-09-23,2019092301003379,RHPL,49,38,30,155.00,"4,650.00"
2019-09-23,2019092301003367,RHPL,49,38,30,155.00,"4,650.00"
2019-09-23,2019092301003361,RHPL,49,20,40,155.00,"6,200.00"
2019-09-23,2019092301003360,RHPL,49,51,30,155.00,"4,650.00"
2019-09-23,2019092301003437,RHPL,49,38,30,155.00,"4,650.00"
2019-09-23,2019092301003430,RHPL,49,44,40,155.00,"6,200.00"
2019-09-23,2019092301003429,RHPL,49,38,30,155.00,"4,650.00"
2019-09-23,2019092301003424,RHPL,49,38,30,155.00,"4,650.00"
2019-09-23,2019092301003415,RHPL,49,38,30,155.00,"4,650.00"
2019-09-23,2019092301003401,RHPL,49,44,40,155.00,"6,200.00"
2019-09-23,2019092301003493,RHPL,59,34,40,156.00,"6,240.00"
2019-09-23,2019092301003481,RHPL,49,38,30,155.00,"4,650.00"
2019-09-23,2019092301003477,RHPL,49,38,30,155.00,"4,650.00"
2019-09-23,2019092301003464,RHPL,49,38,30,155.00,"4,650.00"
2019-09-23,2019092301003459,RHPL,49,38,30,155.00,"4,650.00"
2019-09-23,2019092301003449,RHPL,49,38,30,155.00,"4,650.00"
2019-09-23,2019092301003537,RHPL,49,34,30,155.00,"4,650.00"
2019-09-23,2019092301003521,RHPL,49,38,30,155.00,"4,650.00"
2019-09-23,2019092301003517,RHPL,49,38,30,155.00,"4,650.00"
2019-09-23,2019092301003501,RHPL,49,38,30,155.00,"4,650.00"
2019-09-23,2019092301003495,RHPL,49,38,30,155.00,"4,650.00"
2019-09-23,2019092301003494,RHPL,59,34,40,156.00,"6,240.00"
2019-09-23,2019092301003565,RHPL,49,38,30,155.00,"4,650.00"
2019-09-23,2019092301003563,RHPL,49,34,20,155.00,"3,100.00"
2019-09-23,2019092301003553,RHPL,49,38,30,155.00,"4,650.00"
2019-09-23,2019092301003550,RHPL,49,34,40,155.00,"6,200.00"
2019-09-23,2019092301003548,RHPL,49,29,10,155.00,"1,550.00"
2019-09-23,2019092301003544,RHPL,49,34,40,155.00,"6,200.00"
2019-09-23,2019092301003613,RHPL,49,34,20,155.00,"3,100.00"
2019-09-23,2019092301003587,RHPL,49,38,30,155.00,"4,650.00"
2019-09-23,2019092301003584,RHPL,49,34,20,155.00,"3,100.00"
2019-09-23,2019092301003578,RHPL,49,20,40,155.00,"6,200.00"
2019-09-23,2019092301003577,RHPL,49,34,10,155.00,"1,550.00"
2019-09-23,2019092301003570,RHPL,49,34,10,155.00,"1,550.00"
2019-09-23,2019092301003638,RHPL,49,20,40,155.00,"6,200.00"
2019-09-23,2019092301003635,RHPL,49,34,20,155.00,"3,100.00"
2019-09-23,2019092301003627,RHPL,49,38,30,155.00,"4,650.00"
2019-09-23,2019092301003625,RHPL,49,34,20,155.00,"3,100.00"
2019-09-23,2019092301003621,RHPL,49,6,10,155.00,"1,550.00"
2019-09-23,2019092301003615,RHPL,49,38,30,155.00,"4,650.00"
2019-09-23,2019092301003383,RMDC,34,32,25,614.00,"15,350.00"
2019-09-23,2019092301003387,RSDC,41,32,23,329.00,"7,567.00"
2019-09-23,2019092301003386,RSDC,33,32,10,330.00,"3,300.00"
2019-09-23,2019092301003564,SABSL,26,20,10,452.00,"4,520.00"
2019-09-23,2019092301003554,SABSL,57,20,10,453.00,"4,530.00"
2019-09-23,2019092301003522,SABSL,57,20,10,453.00,"4,530.00"
2019-09-23,2019092301003502,SABSL,57,17,10,453.00,"4,530.00"
2019-09-23,2019092301003480,SABSL,57,20,10,453.00,"4,530.00"
2019-09-23,2019092301003474,SABSL,57,20,10,453.00,"4,530.00"
2019-09-23,2019092301003461,SABSL,6,20,10,454.00,"4,540.00"
2019-09-23,2019092301003453,SABSL,16,20,10,454.00,"4,540.00"
2019-09-23,2019092301003423,SABSL,16,20,10,454.00,"4,540.00"
2019-09-23,2019092301003377,SABSL,16,37,10,454.00,"4,540.00"
2019-09-23,2019092301003490,SADBL,25,37,120,139.00,"16,680.00"
2019-09-23,2019092301003390,SADBL,26,37,80,139.00,"11,120.00"
2019-09-23,2019092301003244,SANIMA,16,18,200,346.00,"69,200.00"
2019-09-23,2019092301003243,SANIMA,14,18,200,346.00,"69,200.00"
2019-09-23,2019092301003678,SBI,16,48,100,406.00,"40,600.00"
2019-09-23,2019092301003345,SBI,35,41,52,405.00,"21,060.00"
2019-09-23,2019092301003344,SBI,43,41,25,405.00,"10,125.00"
2019-09-23,2019092301003343,SBI,54,41,28,405.00,"11,340.00"
2019-09-23,2019092301003617,SBL,22,28,200,328.00,"65,600.00"
2019-09-23,2019092301003457,SBL,50,56,400,327.00,"130,800.00"
2019-09-23,2019092301003456,SBL,18,56,100,327.00,"32,700.00"
2019-09-23,2019092301003455,SBL,57,56,200,327.00,"65,400.00"
2019-09-23,2019092301003341,SBL,28,56,"1,000",327.00,"327,000.00"
2019-09-23,2019092301003340,SBL,52,56,300,327.00,"98,100.00"
2019-09-23,2019092301003248,SBL,5,32,10,327.00,"3,270.00"
2019-09-23,2019092301003339,SBL,50,56,"1,943",327.00,"635,361.00"
2019-09-23,2019092301003338,SBL,17,56,100,327.00,"32,700.00"
2019-09-23,2019092301003337,SBL,42,56,30,327.00,"9,810.00"
2019-09-23,2019092301003336,SBL,56,56,250,327.00,"81,750.00"
2019-09-23,2019092301003335,SBL,5,56,130,327.00,"42,510.00"
2019-09-23,2019092301003308,SBL,5,32,20,327.00,"6,540.00"
2019-09-23,2019092301003611,SCB,35,45,10,562.00,"5,620.00"
2019-09-23,2019092301003595,SCB,43,29,30,560.00,"16,800.00"
2019-09-23,2019092301003218,SCB,26,47,100,561.00,"56,100.00"
2019-09-23,2019092301003205,SDESI,6,42,36,601.00,"21,636.00"
2019-09-23,2019092301003204,SDESI,33,42,10,602.00,"6,020.00"
2019-09-23,2019092301003203,SDESI,21,42,20,602.00,"12,040.00"
2019-09-23,2019092301003202,SDESI,54,42,27,605.00,"16,335.00"
2019-09-23,2019092301003443,SHIVM,32,57,200,555.00,"111,000.00"
2019-09-23,2019092301003428,SHIVM,32,7,50,555.00,"27,750.00"
2019-09-23,2019092301003427,SHIVM,58,7,100,556.00,"55,600.00"
2019-09-23,2019092301003426,SHIVM,34,7,100,556.00,"55,600.00"
2019-09-23,2019092301003425,SHIVM,26,7,250,557.00,"139,250.00"
2019-09-23,2019092301003418,SHIVM,34,38,50,558.00,"27,900.00"
2019-09-23,2019092301003382,SHIVM,34,28,100,558.00,"55,800.00"
2019-09-23,2019092301003365,SHIVM,34,20,50,558.00,"27,900.00"
2019-09-23,2019092301003334,SHIVM,34,49,100,558.00,"55,800.00"
2019-09-23,2019092301003210,SHIVM,38,20,50,563.00,"28,150.00"
2019-09-23,2019092301003209,SHIVM,38,20,50,563.00,"28,150.00"
2019-09-23,2019092301003187,SHIVM,26,20,50,563.00,"28,150.00"
2019-09-23,2019092301003511,SHPC,20,17,54,188.00,"10,152.00"
2019-09-23,2019092301003510,SHPC,37,17,500,189.00,"94,500.00"
2019-09-23,2019092301003509,SHPC,35,17,10,189.00,"1,890.00"
2019-09-23,2019092301003508,SHPC,37,17,200,189.00,"37,800.00"
2019-09-23,2019092301003507,SHPC,43,17,100,189.00,"18,900.00"
2019-09-23,2019092301003506,SHPC,56,17,50,190.00,"9,500.00"
2019-09-23,2019092301003505,SHPC,57,17,500,190.00,"95,000.00"
2019-09-23,2019092301003504,SHPC,56,17,61,192.00,"11,712.00"
2019-09-23,2019092301003351,SHPC,51,32,17,191.00,"3,247.00"
2019-09-23,2019092301003346,SHPC,51,32,25,191.00,"4,775.00"
2019-09-23,2019092301003258,SHPC,51,32,17,191.00,"3,247.00"
2019-09-23,2019092301003518,SIFC,52,29,15,149.00,"2,235.00"
2019-09-23,2019092301003684,SJCL,33,34,20,164.00,"3,280.00"
2019-09-23,2019092301003679,SJCL,33,38,10,164.00,"1,640.00"
2019-09-23,2019092301003677,SJCL,33,34,10,164.00,"1,640.00"
2019-09-23,2019092301003663,SJCL,33,38,10,164.00,"1,640.00"
2019-09-23,2019092301003656,SJCL,33,34,10,164.00,"1,640.00"
2019-09-23,2019092301003647,SJCL,33,38,10,164.00,"1,640.00"
2019-09-23,2019092301003217,SJCL,25,38,10,165.00,"1,650.00"
2019-09-23,2019092301003216,SJCL,10,38,10,165.00,"1,650.00"
2019-09-23,2019092301003206,SJCL,10,38,10,165.00,"1,650.00"
2019-09-23,2019092301003199,SJCL,10,51,10,165.00,"1,650.00"
2019-09-23,2019092301003198,SJCL,10,38,10,165.00,"1,650.00"
2019-09-23,2019092301003188,SJCL,10,38,10,165.00,"1,650.00"
2019-09-23,2019092301003250,SJCL,25,38,10,165.00,"1,650.00"
2019-09-23,2019092301003240,SJCL,25,38,10,165.00,"1,650.00"
2019-09-23,2019092301003230,SJCL,25,38,10,165.00,"1,650.00"
2019-09-23,2019092301003229,SJCL,25,38,10,165.00,"1,650.00"
2019-09-23,2019092301003223,SJCL,25,51,10,165.00,"1,650.00"
2019-09-23,2019092301003222,SJCL,25,38,10,165.00,"1,650.00"
2019-09-23,2019092301003275,SJCL,26,38,10,165.00,"1,650.00"
2019-09-23,2019092301003267,SJCL,26,38,10,165.00,"1,650.00"
2019-09-23,2019092301003263,SJCL,25,38,10,165.00,"1,650.00"
2019-09-23,2019092301003260,SJCL,25,38,10,165.00,"1,650.00"
2019-09-23,2019092301003251,SJCL,25,38,10,165.00,"1,650.00"
2019-09-23,2019092301003325,SJCL,26,38,10,165.00,"1,650.00"
2019-09-23,2019092301003312,SJCL,26,51,10,165.00,"1,650.00"
2019-09-23,2019092301003297,SJCL,26,51,10,165.00,"1,650.00"
2019-09-23,2019092301003285,SJCL,26,38,10,165.00,"1,650.00"
2019-09-23,2019092301003283,SJCL,26,34,20,165.00,"3,300.00"
2019-09-23,2019092301003376,SJCL,26,51,10,165.00,"1,650.00"
2019-09-23,2019092301003371,SJCL,26,20,20,165.00,"3,300.00"
2019-09-23,2019092301003350,SJCL,26,51,10,165.00,"1,650.00"
2019-09-23,2019092301003349,SJCL,26,34,20,165.00,"3,300.00"
2019-09-23,2019092301003333,SJCL,26,51,10,165.00,"1,650.00"
2019-09-23,2019092301003328,SJCL,26,38,10,165.00,"1,650.00"
2019-09-23,2019092301003407,SJCL,26,10,50,165.00,"8,250.00"
2019-09-23,2019092301003400,SJCL,26,38,10,165.00,"1,650.00"
2019-09-23,2019092301003396,SJCL,26,38,10,165.00,"1,650.00"
2019-09-23,2019092301003391,SJCL,26,10,250,165.00,"41,250.00"
2019-09-23,2019092301003381,SJCL,26,38,10,165.00,"1,650.00"
2019-09-23,2019092301003378,SJCL,26,38,10,165.00,"1,650.00"
2019-09-23,2019092301003438,SJCL,33,44,20,164.00,"3,280.00"
2019-09-23,2019092301003432,SJCL,33,38,10,164.00,"1,640.00"
2019-09-23,2019092301003431,SJCL,33,38,10,164.00,"1,640.00"
2019-09-23,2019092301003419,SJCL,33,38,10,164.00,"1,640.00"
2019-09-23,2019092301003408,SJCL,8,10,150,165.00,"24,750.00"
2019-09-23,2019092301003482,SJCL,33,38,10,164.00,"1,640.00"
2019-09-23,2019092301003478,SJCL,33,38,10,164.00,"1,640.00"
2019-09-23,2019092301003473,SJCL,33,38,10,164.00,"1,640.00"
2019-09-23,2019092301003462,SJCL,33,38,10,164.00,"1,640.00"
2019-09-23,2019092301003454,SJCL,33,38,10,164.00,"1,640.00"
2019-09-23,2019092301003442,SJCL,33,38,10,164.00,"1,640.00"
2019-09-23,2019092301003540,SJCL,33,34,20,164.00,"3,280.00"
2019-09-23,2019092301003523,SJCL,33,38,10,164.00,"1,640.00"
2019-09-23,2019092301003519,SJCL,33,38,10,164.00,"1,640.00"
2019-09-23,2019092301003503,SJCL,33,38,10,164.00,"1,640.00"
2019-09-23,2019092301003496,SJCL,33,38,10,164.00,"1,640.00"
2019-09-23,2019092301003576,SJCL,33,38,10,164.00,"1,640.00"
2019-09-23,2019092301003567,SJCL,33,34,20,164.00,"3,280.00"
2019-09-23,2019092301003556,SJCL,33,38,10,164.00,"1,640.00"
2019-09-23,2019092301003551,SJCL,33,34,20,164.00,"3,280.00"
2019-09-23,2019092301003547,SJCL,33,34,20,164.00,"3,280.00"
2019-09-23,2019092301003618,SJCL,33,34,20,164.00,"3,280.00"
2019-09-23,2019092301003607,SJCL,33,38,10,164.00,"1,640.00"
2019-09-23,2019092301003599,SJCL,33,34,20,164.00,"3,280.00"
2019-09-23,2019092301003592,SJCL,33,57,200,164.00,"32,800.00"
2019-09-23,2019092301003589,SJCL,33,20,20,164.00,"3,280.00"
2019-09-23,2019092301003644,SJCL,33,34,10,164.00,"1,640.00"
2019-09-23,2019092301003643,SJCL,33,20,20,164.00,"3,280.00"
2019-09-23,2019092301003633,SJCL,33,38,10,164.00,"1,640.00"
2019-09-23,2019092301003628,SJCL,33,34,20,164.00,"3,280.00"
2019-09-23,2019092301003626,SJCL,33,6,10,164.00,"1,640.00"
2019-09-23,2019092301003622,SJCL,33,38,10,164.00,"1,640.00"
2019-09-23,2019092301003397,SMFBS,33,20,10,781.00,"7,810.00"
2019-09-23,2019092301003370,SPDL,16,34,200,70.00,"14,000.00"
2019-09-23,2019092301003575,SRBL,5,41,50,234.00,"11,700.00"
2019-09-23,2019092301003529,UIC,51,17,40,256.00,"10,240.00"
2019-09-23,2019092301003528,UIC,22,17,200,257.00,"51,400.00"
2019-09-23,2019092301003527,UIC,1,17,100,257.00,"25,700.00"
2019-09-23,2019092301003526,UIC,40,17,30,258.00,"7,740.00"
2019-09-23,2019092301003320,UIC,41,17,15,260.00,"3,900.00"
2019-09-23,2019092301003319,UIC,16,17,175,260.00,"45,500.00"
2019-09-23,2019092301003318,UIC,34,17,55,260.00,"14,300.00"
2019-09-23,2019092301003317,UIC,57,17,100,260.00,"26,000.00"
2019-09-23,2019092301003316,UIC,58,17,10,260.00,"2,600.00"
2019-09-23,2019092301003315,UIC,6,17,100,261.00,"26,100.00"
2019-09-23,2019092301003314,UIC,41,17,15,261.00,"3,915.00"
2019-09-23,2019092301003666,UPPER,56,58,147,236.00,"34,692.00"
2019-09-23,2019092301003636,UPPER,22,6,50,235.00,"11,750.00"
2019-09-23,2019092301003609,UPPER,22,54,40,235.00,"9,400.00"
2019-09-23,2019092301003491,UPPER,22,49,50,235.00,"11,750.00"
2019-09-23,2019092301003399,UPPER,22,32,40,235.00,"9,400.00"
2019-09-23,2019092301003380,UPPER,22,20,50,235.00,"11,750.00"
2019-09-23,2019092301003362,UPPER,22,32,30,235.00,"7,050.00"
2019-09-23,2019092301003279,UPPER,33,29,10,237.00,"2,370.00"
2019-09-23,2019092301003237,UPPER,35,48,91,235.00,"21,385.00"
2019-09-23,2019092301003236,UPPER,56,48,30,235.00,"7,050.00"
2019-09-23,2019092301003113,ADBL,1,55,100,415.00,"41,500.00"
2019-09-23,2019092301002917,ADBL,48,25,200,414.00,"82,800.00"
2019-09-23,2019092301002721,ADBL,44,44,"2,000",414.00,"828,000.00"
2019-09-23,2019092301002685,ADBL,44,44,790,414.00,"327,060.00"
2019-09-23,2019092301003060,AHPC,26,51,100,97.00,"9,700.00"
2019-09-23,2019092301002900,AKBSL,33,45,10,415.00,"4,150.00"
2019-09-23,2019092301002840,AKBSL,33,26,10,415.00,"4,150.00"
2019-09-23,2019092301002727,AKBSL,33,58,10,422.00,"4,220.00"
2019-09-23,2019092301002726,AKBSL,33,58,10,422.00,"4,220.00"
2019-09-23,2019092301002725,AKBSL,33,58,10,422.00,"4,220.00"
2019-09-23,2019092301002724,AKBSL,33,47,10,422.00,"4,220.00"
2019-09-23,2019092301002723,AKBSL,33,58,10,422.00,"4,220.00"
2019-09-23,2019092301002716,AKBSL,33,37,10,420.00,"4,200.00"
2019-09-23,2019092301002715,AKBSL,33,37,10,420.00,"4,200.00"
2019-09-23,2019092301002714,AKBSL,33,37,10,420.00,"4,200.00"
2019-09-23,2019092301002713,AKBSL,33,37,10,420.00,"4,200.00"
2019-09-23,2019092301002712,AKBSL,33,17,10,420.00,"4,200.00"
2019-09-23,2019092301002756,AKPL,14,14,10,131.00,"1,310.00"
2019-09-23,2019092301002755,AKPL,14,14,10,131.00,"1,310.00"
2019-09-23,2019092301002708,AKPL,14,26,10,131.00,"1,310.00"
2019-09-23,2019092301002994,ALBSL,55,49,10,421.00,"4,210.00"
2019-09-23,2019092301002719,API,58,48,990,113.00,"111,870.00"
2019-09-23,2019092301002718,API,42,48,10,114.00,"1,140.00"
2019-09-23,2019092301002898,BOKL,25,8,164,247.00,"40,508.00"
2019-09-23,2019092301002897,BOKL,1,8,200,247.00,"49,400.00"
2019-09-23,2019092301002896,BOKL,14,8,300,247.00,"74,100.00"
2019-09-23,2019092301002895,BOKL,8,8,100,248.00,"24,800.00"
2019-09-23,2019092301002894,BOKL,57,8,30,248.00,"7,440.00"
2019-09-23,2019092301002893,BOKL,26,8,196,248.00,"48,608.00"
2019-09-23,2019092301002886,BOKL,51,8,100,250.00,"25,000.00"
2019-09-23,2019092301002885,BOKL,56,8,13,250.00,"3,250.00"
2019-09-23,2019092301002805,BOKL,55,43,100,250.00,"25,000.00"
2019-09-23,2019092301002892,BOKL,57,8,100,248.00,"24,800.00"
2019-09-23,2019092301002891,BOKL,6,8,"1,000",248.00,"248,000.00"
2019-09-23,2019092301002890,BOKL,43,8,300,249.00,"74,700.00"
2019-09-23,2019092301002889,BOKL,33,8,100,249.00,"24,900.00"
2019-09-23,2019092301002888,BOKL,22,8,200,249.00,"49,800.00"
2019-09-23,2019092301002887,BOKL,11,8,136,250.00,"34,000.00"
2019-09-23,2019092301003150,CBL,44,32,68,142.00,"9,656.00"
2019-09-23,2019092301003149,CBL,44,32,23,142.00,"3,266.00"
2019-09-23,2019092301003145,CBL,6,40,50,143.00,"7,150.00"
2019-09-23,2019092301003098,CBL,26,40,75,143.00,"10,725.00"
2019-09-23,2019092301003082,CBL,26,32,25,143.00,"3,575.00"
2019-09-23,2019092301003066,CBL,44,32,25,142.00,"3,550.00"
2019-09-23,2019092301003022,CBL,44,32,25,142.00,"3,550.00"
2019-09-23,2019092301003166,CCBL,17,50,859,153.00,"131,427.00"
2019-09-23,2019092301003165,CCBL,51,50,141,153.00,"21,573.00"
2019-09-23,2019092301003163,CCBL,51,32,12,153.00,"1,836.00"
2019-09-23,2019092301003154,CCBL,51,32,160,153.00,"24,480.00"
2019-09-23,2019092301003076,CCBL,26,50,420,154.00,"64,680.00"
2019-09-23,2019092301003029,CCBL,51,32,87,153.00,"13,311.00"
2019-09-23,2019092301002729,CCBL,33,50,300,154.00,"46,200.00"
2019-09-23,2019092301003122,CHCL,42,56,314,419.00,"131,566.00"
2019-09-23,2019092301003071,CHCL,32,38,34,418.00,"14,212.00"
2019-09-23,2019092301003070,CHCL,32,25,60,418.00,"25,080.00"
2019-09-23,2019092301002845,CHCL,59,38,200,417.00,"83,400.00"
2019-09-23,2019092301002953,CIT,52,38,39,"1,805.00","70,395.00"
2019-09-23,2019092301003028,DBBL,22,29,10,127.00,"1,270.00"
2019-09-23,2019092301002762,DHPL,14,14,10,56.00,560.00
2019-09-23,2019092301002787,EBL,28,17,50,571.00,"28,550.00"
2019-09-23,2019092301002776,EBL,38,17,100,571.00,"57,100.00"
2019-09-23,2019092301002738,EBL,28,28,50,570.00,"28,500.00"
2019-09-23,2019092301002987,EDBL,45,16,50,269.00,"13,450.00"
2019-09-23,2019092301002966,EIC,26,25,50,248.00,"12,400.00"
2019-09-23,2019092301002875,EIC,37,58,32,249.00,"7,968.00"
2019-09-23,2019092301002873,EIC,37,1,68,249.00,"16,932.00"
2019-09-23,2019092301002872,EIC,40,1,132,249.00,"32,868.00"
2019-09-23,2019092301002871,EIC,25,1,100,249.00,"24,900.00"
2019-09-23,2019092301002691,FMDBL,45,25,500,371.00,"185,500.00"
2019-09-23,2019092301003184,GBBL,56,32,487,208.00,"101,296.00"
2019-09-23,2019092301003178,GBBL,56,32,13,208.00,"2,704.00"
2019-09-23,2019092301003047,GBBL,22,32,10,210.00,"2,100.00"
2019-09-23,2019092301003002,GBBL,50,11,409,209.00,"85,481.00"
2019-09-23,2019092301002829,GBBL,1,11,100,209.00,"20,900.00"
2019-09-23,2019092301003099,GBLBS,34,1,15,321.00,"4,815.00"
2019-09-23,2019092301002783,GBLBS,52,28,100,322.00,"32,200.00"
2019-09-23,2019092301003160,GDBL,58,32,52,203.00,"10,556.00"
2019-09-23,2019092301003027,GDBL,58,32,18,204.00,"3,672.00"
2019-09-23,2019092301003117,GDBL,39,35,"1,000",204.00,"204,000.00"
2019-09-23,2019092301003116,GDBL,58,35,182,204.00,"37,128.00"
2019-09-23,2019092301003115,GDBL,22,35,10,205.00,"2,050.00"
2019-09-23,2019092301003073,GFCL,44,49,430,133.00,"57,190.00"
2019-09-23,2019092301003072,GFCL,59,49,70,133.00,"9,310.00"
2019-09-23,2019092301003093,GLICL,38,37,100,367.00,"36,700.00"
2019-09-23,2019092301003092,GLICL,17,37,100,369.00,"36,900.00"
2019-09-23,2019092301003091,GLICL,38,37,75,369.00,"27,675.00"
2019-09-23,2019092301003031,GMFBS,41,49,10,464.00,"4,640.00"
2019-09-23,2019092301002997,GMFBS,41,49,10,464.00,"4,640.00"
2019-09-23,2019092301002806,GMFBS,38,54,10,465.00,"4,650.00"
2019-09-23,2019092301002879,GUFL,3,32,131,110.00,"14,410.00"
2019-09-23,2019092301002785,GUFL,50,32,500,110.00,"55,000.00"
2019-09-23,2019092301003120,HBL,41,55,50,507.00,"25,350.00"
2019-09-23,2019092301002915,HGI,26,22,200,280.00,"56,000.00"
2019-09-23,2019092301002914,HGI,26,52,92,280.00,"25,760.00"
2019-09-23,2019092301002818,HGI,38,37,110,279.00,"30,690.00"
2019-09-23,2019092301002817,HGI,38,22,50,278.00,"13,900.00"
2019-09-23,2019092301002816,HGI,38,35,100,278.00,"27,800.00"
2019-09-23,2019092301003175,HIDCL,45,32,20,132.00,"2,640.00"
2019-09-23,2019092301003089,HIDCL,45,32,20,132.00,"2,640.00"
2019-09-23,2019092301003042,HIDCL,45,32,20,132.00,"2,640.00"
2019-09-23,2019092301003032,HIDCL,45,32,20,132.00,"2,640.00"
2019-09-23,2019092301003030,HIDCL,45,17,31,132.00,"4,092.00"
2019-09-23,2019092301003012,HIDCL,45,17,61,132.00,"8,052.00"
2019-09-23,2019092301002797,HIDCL,57,50,341,133.00,"45,353.00"
2019-09-23,2019092301002768,HIDCL,51,50,500,133.00,"66,500.00"
2019-09-23,2019092301003041,HURJA,35,49,20,110.00,"2,200.00"
2019-09-23,2019092301003000,HURJA,35,49,20,110.00,"2,200.00"
2019-09-23,2019092301002979,HURJA,35,26,10,110.00,"1,100.00"
2019-09-23,2019092301002978,HURJA,58,26,10,110.00,"1,100.00"
2019-09-23,2019092301002772,HURJA,58,50,20,110.00,"2,200.00"
2019-09-23,2019092301003009,ILBS,6,22,20,433.00,"8,660.00"
2019-09-23,2019092301002985,ILBS,58,26,10,425.00,"4,250.00"
2019-09-23,2019092301002809,ILBS,33,51,10,427.00,"4,270.00"
2019-09-23,2019092301003074,JBBL,49,32,16,155.00,"2,480.00"
2019-09-23,2019092301003048,JBBL,49,32,17,155.00,"2,635.00"
2019-09-23,2019092301003139,KBL,8,44,20,178.00,"3,560.00"
2019-09-23,2019092301003065,KBL,8,49,80,178.00,"14,240.00"
2019-09-23,2019092301003064,KBL,29,49,520,178.00,"92,560.00"
2019-09-23,2019092301002956,KBL,14,44,500,178.00,"89,000.00"
2019-09-23,2019092301002955,KBL,14,44,500,178.00,"89,000.00"
2019-09-23,2019092301002832,KBL,50,50,450,178.00,"80,100.00"
2019-09-23,2019092301002689,KBL,57,50,100,178.00,"17,800.00"
2019-09-23,2019092301002688,KBL,6,50,50,178.00,"8,900.00"
2019-09-23,2019092301003056,KPCL,33,56,10,78.00,780.00
2019-09-23,2019092301003045,KPCL,19,49,10,77.00,770.00
2019-09-23,2019092301003005,KPCL,39,49,10,77.00,770.00
2019-09-23,2019092301002736,LBBL,1,48,500,171.00,"85,500.00"
2019-09-23,2019092301002735,LBBL,33,48,500,171.00,"85,500.00"
2019-09-23,2019092301002734,LBBL,1,48,500,171.00,"85,500.00"
2019-09-23,2019092301002733,LBBL,33,48,65,171.00,"11,115.00"
2019-09-23,2019092301002732,LBBL,25,48,100,172.00,"17,200.00"
2019-09-23,2019092301002907,LBL,14,47,50,213.00,"10,650.00"
2019-09-23,2019092301002830,LBL,14,34,367,213.00,"78,171.00"
2019-09-23,2019092301002823,LGIL,29,44,"1,000",370.00,"370,000.00"
