Date,Transact. No.,Symbol,Buyer,Seller,Quantity,Rate,Amount
2020-09-28,2020092804003000,CMF1,43,4,"10,000",10.90,"109,000.00"
2020-09-28,2020092804002999,CMF1,43,4,"10,000",10.90,"109,000.00"
2020-09-28,2020092804002979,CMF1,58,4,"5,000",10.90,"54,500.00"
2020-09-28,2020092804002978,CMF1,25,4,"5,000",10.90,"54,500.00"
2020-09-28,2020092804002974,CMF1,48,4,"10,000",10.91,"109,100.00"
2020-09-28,2020092804002968,CMF1,43,4,"10,000",10.92,"109,200.00"
2020-09-28,2020092804002614,CMF1,43,4,"1,500",11.00,"16,500.00"
2020-09-28,2020092804002613,CMF1,42,4,"1,000",11.00,"11,000.00"
2020-09-28,2020092804002612,CMF1,43,4,"5,000",11.00,"55,000.00"
2020-09-28,2020092804002509,CMF1,22,4,"5,000",11.01,"55,050.00"
2020-09-28,2020092804002835,CMF1,32,4,"10,000",10.99,"109,900.00"
2020-09-28,2020092804002753,CMF1,38,4,"1,900",11.10,"21,090.00"
2020-09-28,2020092804002712,CMF1,38,4,100,11.10,"1,110.00"
2020-09-28,2020092804002707,CMF1,19,4,"5,000",11.00,"55,000.00"
2020-09-28,2020092804002616,CMF1,43,4,"10,000",11.00,"110,000.00"
2020-09-28,2020092804002615,CMF1,32,4,"10,000",11.00,"110,000.00"
2020-09-28,2020092804002905,CMF1,43,4,"5,000",10.98,"54,900.00"
2020-09-28,2020092804002904,CMF1,45,4,"2,000",10.98,"21,960.00"
2020-09-28,2020092804002903,CMF1,6,4,"4,900",10.98,"53,802.00"
2020-09-28,2020092804002862,CMF1,6,6,100,10.98,"1,098.00"
2020-09-28,2020092804002837,CMF1,43,4,"10,000",10.99,"109,900.00"
2020-09-28,2020092804002836,CMF1,39,4,"10,000",10.99,"109,900.00"
2020-09-28,2020092804002967,CMF1,17,4,"5,000",10.92,"54,600.00"
2020-09-28,2020092804002943,CMF1,45,4,"2,000",10.95,"21,900.00"
2020-09-28,2020092804002942,CMF1,48,4,"10,000",10.95,"109,500.00"
2020-09-28,2020092804002915,CMF1,14,4,"1,000",10.96,"10,960.00"
2020-09-28,2020092804002914,CMF1,43,4,"10,000",10.96,"109,600.00"
2020-09-28,2020092804002910,CMF1,39,4,"10,000",10.97,"109,700.00"
2020-09-28,2020092804002640,GIMES1,6,6,150,9.11,"1,366.50"
2020-09-28,2020092804002735,LEMF,45,34,"2,500",8.60,"21,500.00"
2020-09-28,2020092804002687,LEMF,45,34,237,8.60,"2,038.20"
2020-09-28,2020092804002686,LEMF,34,34,263,8.60,"2,261.80"
2020-09-28,2020092804002975,LUK,19,4,100,8.85,885.00
2020-09-28,2020092804002907,LUK,19,42,200,8.85,"1,770.00"
2020-09-28,2020092804002819,LUK,19,32,100,8.85,885.00
2020-09-28,2020092804002793,NBF2,36,10,600,8.85,"5,310.00"
2020-09-28,2020092804002859,NEF,50,46,489,8.82,"4,312.98"
2020-09-28,2020092804002858,NEF,50,46,114,8.82,"1,005.48"
2020-09-28,2020092804002839,NEF,6,38,"4,057",8.92,"36,188.44"
2020-09-28,2020092804002828,NEF,6,38,"5,000",8.92,"44,600.00"
2020-09-28,2020092804002805,NEF,6,33,966,8.85,"8,549.10"
2020-09-28,2020092804002804,NEF,6,55,483,8.84,"4,269.72"
2020-09-28,2020092804002803,NEF,6,57,114,8.82,"1,005.48"
2020-09-28,2020092804002973,NIBLPF,25,50,275,8.51,"2,340.25"
2020-09-28,2020092804002963,NIBLPF,29,50,"2,150",8.52,"18,318.00"
2020-09-28,2020092804002918,NIBLPF,29,11,"5,325",8.52,"45,369.00"
2020-09-28,2020092804002898,NIBLPF,29,45,"2,525",8.52,"21,513.00"
2020-09-28,2020092804002718,NIBLPF,25,50,100,8.63,863.00
2020-09-28,2020092804002951,NIBPO,34,4,"1,000",365.00,"365,000.00"
2020-09-28,2020092804002950,NIBPO,34,4,750,365.00,"273,750.00"
2020-09-28,2020092804002894,NIBPO,32,4,50,365.00,"18,250.00"
2020-09-28,2020092804002878,NIBPO,34,50,500,364.00,"182,000.00"
2020-09-28,2020092804002868,NIBPO,34,49,911,363.00,"330,693.00"
2020-09-28,2020092804002864,NIBPO,34,4,119,363.00,"43,197.00"
2020-09-28,2020092804002553,NIBPO,34,53,360,363.00,"130,680.00"
2020-09-28,2020092804002863,NIBPO,34,4,881,363.00,"319,803.00"
2020-09-28,2020092804002715,NIBPO,34,57,"2,119",363.00,"769,197.00"
2020-09-28,2020092804002714,NIBPO,34,57,944,363.00,"342,672.00"
2020-09-28,2020092804002700,NIBPO,34,35,924,364.00,"336,336.00"
2020-09-28,2020092804002642,NIBPO,44,4,200,365.00,"73,000.00"
2020-09-28,2020092804002621,NIBPO,34,4,"1,000",364.00,"364,000.00"
2020-09-28,2020092804002831,NIBSF1,52,34,"1,000",9.35,"9,350.00"
2020-09-28,2020092804002830,NIBSF1,52,34,"2,000",9.35,"18,700.00"
2020-09-28,2020092804002829,NIBSF1,52,34,"2,000",9.35,"18,700.00"
2020-09-28,2020092804002802,NICBF,36,44,500,8.92,"4,460.00"
2020-09-28,2020092804002744,NICBF,28,43,250,8.81,"2,202.50"
2020-09-28,2020092804002869,NICGF,22,6,100,9.34,934.00
2020-09-28,2020092804002834,NICGF,22,34,"1,000",9.34,"9,340.00"
2020-09-28,2020092804002624,NICGF,22,59,"1,800",9.34,"16,812.00"
2020-09-28,2020092804002548,NMBHF1,7,35,664,9.97,"6,620.08"
2020-09-28,2020092804002544,NMBHF1,7,35,"1,577",9.96,"15,706.92"
2020-09-28,2020092804002543,NMBHF1,7,11,"1,416",9.96,"14,103.36"
2020-09-28,2020092804002542,NMBHF1,16,11,664,9.96,"6,613.44"
2020-09-28,2020092804002997,RBCLPO,54,1,16,"10,165.00","162,640.00"
2020-09-28,2020092804002996,RBCLPO,25,1,10,"10,180.00","101,800.00"
2020-09-28,2020092804002995,RBCLPO,45,1,30,"10,181.00","305,430.00"
2020-09-28,2020092804002994,RBCLPO,4,1,10,"10,182.00","101,820.00"
2020-09-28,2020092804002982,RBCLPO,43,1,10,"10,300.00","103,000.00"
2020-09-28,2020092804002885,RBCLPO,7,49,20,"10,190.00","203,800.00"
2020-09-28,2020092804002658,RBCLPO,32,1,30,"10,200.00","306,000.00"
2020-09-28,2020092804002657,RBCLPO,33,1,10,"10,210.00","102,100.00"
2020-09-28,2020092804002654,RBCLPO,32,1,50,"10,215.00","510,750.00"
2020-09-28,2020092804002653,RBCLPO,26,1,10,"10,216.00","102,160.00"
2020-09-28,2020092804002998,RLI,58,26,10,631.00,"6,310.00"
2020-09-28,2020092804002993,RLI,58,56,10,631.00,"6,310.00"
2020-09-28,2020092804002992,RLI,58,26,10,631.00,"6,310.00"
2020-09-28,2020092804002991,RLI,58,46,10,631.00,"6,310.00"
2020-09-28,2020092804002990,RLI,22,58,10,632.00,"6,320.00"
2020-09-28,2020092804002989,RLI,58,51,10,631.00,"6,310.00"
2020-09-28,2020092804002506,RLI,17,3,10,630.00,"6,300.00"
2020-09-28,2020092804002505,RLI,17,21,10,630.00,"6,300.00"
2020-09-28,2020092804002504,RLI,35,43,10,630.00,"6,300.00"
2020-09-28,2020092804002503,RLI,35,3,10,630.00,"6,300.00"
2020-09-28,2020092804002502,RLI,35,38,10,630.00,"6,300.00"
2020-09-28,2020092804002501,RLI,35,21,10,630.00,"6,300.00"
2020-09-28,2020092804002513,RLI,17,21,10,630.00,"6,300.00"
2020-09-28,2020092804002512,RLI,17,38,10,630.00,"6,300.00"
2020-09-28,2020092804002511,RLI,17,33,10,630.00,"6,300.00"
2020-09-28,2020092804002510,RLI,17,3,10,630.00,"6,300.00"
2020-09-28,2020092804002508,RLI,17,57,10,630.00,"6,300.00"
2020-09-28,2020092804002507,RLI,17,35,10,630.00,"6,300.00"
2020-09-28,2020092804002519,RLI,17,3,10,630.00,"6,300.00"
2020-09-28,2020092804002518,RLI,17,49,10,630.00,"6,300.00"
2020-09-28,2020092804002517,RLI,17,21,10,630.00,"6,300.00"
2020-09-28,2020092804002516,RLI,17,49,10,630.00,"6,300.00"
2020-09-28,2020092804002515,RLI,17,38,10,630.00,"6,300.00"
2020-09-28,2020092804002514,RLI,17,26,10,630.00,"6,300.00"
2020-09-28,2020092804002525,RLI,17,21,10,630.00,"6,300.00"
2020-09-28,2020092804002524,RLI,17,28,10,630.00,"6,300.00"
2020-09-28,2020092804002523,RLI,17,49,10,630.00,"6,300.00"
2020-09-28,2020092804002522,RLI,17,38,10,630.00,"6,300.00"
2020-09-28,2020092804002521,RLI,17,21,10,630.00,"6,300.00"
2020-09-28,2020092804002520,RLI,17,43,10,630.00,"6,300.00"
2020-09-28,2020092804002531,RLI,29,49,10,630.00,"6,300.00"
2020-09-28,2020092804002530,RLI,29,21,10,630.00,"6,300.00"
2020-09-28,2020092804002529,RLI,29,49,10,630.00,"6,300.00"
2020-09-28,2020092804002528,RLI,29,21,10,630.00,"6,300.00"
2020-09-28,2020092804002527,RLI,29,52,10,630.00,"6,300.00"
2020-09-28,2020092804002526,RLI,47,50,10,630.00,"6,300.00"
2020-09-28,2020092804002537,RLI,29,3,10,630.00,"6,300.00"
2020-09-28,2020092804002536,RLI,29,3,10,630.00,"6,300.00"
2020-09-28,2020092804002535,RLI,29,45,10,630.00,"6,300.00"
2020-09-28,2020092804002534,RLI,29,44,10,630.00,"6,300.00"
2020-09-28,2020092804002533,RLI,29,3,10,630.00,"6,300.00"
2020-09-28,2020092804002532,RLI,29,35,10,630.00,"6,300.00"
2020-09-28,2020092804002546,RLI,29,3,10,630.00,"6,300.00"
2020-09-28,2020092804002545,RLI,29,45,10,630.00,"6,300.00"
2020-09-28,2020092804002541,RLI,29,3,10,630.00,"6,300.00"
2020-09-28,2020092804002540,RLI,29,43,10,630.00,"6,300.00"
2020-09-28,2020092804002539,RLI,29,3,10,630.00,"6,300.00"
2020-09-28,2020092804002538,RLI,29,28,10,630.00,"6,300.00"
2020-09-28,2020092804002554,RLI,55,3,10,631.00,"6,310.00"
2020-09-28,2020092804002552,RLI,55,3,10,631.00,"6,310.00"
2020-09-28,2020092804002551,RLI,55,35,10,631.00,"6,310.00"
2020-09-28,2020092804002550,RLI,55,51,10,631.00,"6,310.00"
2020-09-28,2020092804002549,RLI,29,3,10,630.00,"6,300.00"
2020-09-28,2020092804002547,RLI,29,3,10,630.00,"6,300.00"
2020-09-28,2020092804002560,RLI,40,1,10,630.00,"6,300.00"
2020-09-28,2020092804002559,RLI,40,45,10,630.00,"6,300.00"
2020-09-28,2020092804002558,RLI,40,49,10,630.00,"6,300.00"
2020-09-28,2020092804002557,RLI,40,49,10,630.00,"6,300.00"
2020-09-28,2020092804002556,RLI,29,3,10,630.00,"6,300.00"
2020-09-28,2020092804002555,RLI,55,19,10,631.00,"6,310.00"
2020-09-28,2020092804002566,RLI,40,45,10,630.00,"6,300.00"
2020-09-28,2020092804002565,RLI,40,3,10,630.00,"6,300.00"
2020-09-28,2020092804002564,RLI,40,49,10,630.00,"6,300.00"
2020-09-28,2020092804002563,RLI,40,19,10,630.00,"6,300.00"
2020-09-28,2020092804002562,RLI,40,49,10,630.00,"6,300.00"
2020-09-28,2020092804002561,RLI,40,3,10,630.00,"6,300.00"
2020-09-28,2020092804002572,RLI,6,59,10,630.00,"6,300.00"
2020-09-28,2020092804002571,RLI,58,39,10,630.00,"6,300.00"
2020-09-28,2020092804002570,RLI,58,50,10,630.00,"6,300.00"
2020-09-28,2020092804002569,RLI,58,41,10,630.00,"6,300.00"
2020-09-28,2020092804002568,RLI,58,3,10,630.00,"6,300.00"
2020-09-28,2020092804002567,RLI,58,49,10,630.00,"6,300.00"
2020-09-28,2020092804002578,RLI,6,49,10,630.00,"6,300.00"
2020-09-28,2020092804002577,RLI,6,11,10,630.00,"6,300.00"
2020-09-28,2020092804002576,RLI,6,41,10,630.00,"6,300.00"
2020-09-28,2020092804002575,RLI,6,42,10,630.00,"6,300.00"
2020-09-28,2020092804002574,RLI,6,57,10,630.00,"6,300.00"
2020-09-28,2020092804002573,RLI,6,49,10,630.00,"6,300.00"
2020-09-28,2020092804002584,RLI,6,26,10,630.00,"6,300.00"
2020-09-28,2020092804002583,RLI,6,46,10,630.00,"6,300.00"
2020-09-28,2020092804002582,RLI,6,59,10,630.00,"6,300.00"
2020-09-28,2020092804002581,RLI,6,21,10,630.00,"6,300.00"
2020-09-28,2020092804002580,RLI,6,59,10,630.00,"6,300.00"
2020-09-28,2020092804002579,RLI,56,38,100,630.00,"63,000.00"
2020-09-28,2020092804002592,RLI,6,42,10,630.00,"6,300.00"
2020-09-28,2020092804002591,RLI,6,49,10,630.00,"6,300.00"
2020-09-28,2020092804002588,RLI,6,42,10,630.00,"6,300.00"
2020-09-28,2020092804002587,RLI,6,17,10,630.00,"6,300.00"
2020-09-28,2020092804002586,RLI,49,34,10,631.00,"6,310.00"
2020-09-28,2020092804002585,RLI,49,49,10,631.00,"6,310.00"
2020-09-28,2020092804002598,RLI,17,49,10,630.00,"6,300.00"
2020-09-28,2020092804002597,RLI,17,38,10,630.00,"6,300.00"
2020-09-28,2020092804002596,RLI,6,46,10,630.00,"6,300.00"
2020-09-28,2020092804002595,RLI,6,51,10,630.00,"6,300.00"
2020-09-28,2020092804002594,RLI,6,38,10,630.00,"6,300.00"
2020-09-28,2020092804002593,RLI,6,33,10,630.00,"6,300.00"
2020-09-28,2020092804002605,RLI,17,38,10,630.00,"6,300.00"
2020-09-28,2020092804002603,RLI,17,58,10,630.00,"6,300.00"
2020-09-28,2020092804002602,RLI,17,38,10,630.00,"6,300.00"
2020-09-28,2020092804002601,RLI,17,26,10,630.00,"6,300.00"
2020-09-28,2020092804002600,RLI,17,38,10,630.00,"6,300.00"
2020-09-28,2020092804002599,RLI,17,35,10,630.00,"6,300.00"
2020-09-28,2020092804002611,RLI,3,45,10,630.00,"6,300.00"
2020-09-28,2020092804002610,RLI,3,38,10,630.00,"6,300.00"
2020-09-28,2020092804002609,RLI,3,40,10,630.00,"6,300.00"
2020-09-28,2020092804002608,RLI,3,40,10,630.00,"6,300.00"
2020-09-28,2020092804002607,RLI,3,26,10,630.00,"6,300.00"
2020-09-28,2020092804002606,RLI,17,47,10,630.00,"6,300.00"
2020-09-28,2020092804002623,RLI,42,47,10,631.00,"6,310.00"
2020-09-28,2020092804002622,RLI,42,40,10,631.00,"6,310.00"
2020-09-28,2020092804002620,RLI,42,37,10,631.00,"6,310.00"
2020-09-28,2020092804002619,RLI,42,41,10,631.00,"6,310.00"
2020-09-28,2020092804002618,RLI,42,38,10,631.00,"6,310.00"
2020-09-28,2020092804002617,RLI,3,40,10,630.00,"6,300.00"
2020-09-28,2020092804002631,RLI,44,42,10,631.00,"6,310.00"
2020-09-28,2020092804002630,RLI,42,59,10,631.00,"6,310.00"
2020-09-28,2020092804002629,RLI,42,42,10,631.00,"6,310.00"
2020-09-28,2020092804002628,RLI,42,38,10,631.00,"6,310.00"
2020-09-28,2020092804002627,RLI,42,3,10,631.00,"6,310.00"
2020-09-28,2020092804002625,RLI,42,36,10,631.00,"6,310.00"
2020-09-28,2020092804002638,RLI,3,10,30,630.00,"18,900.00"
2020-09-28,2020092804002637,RLI,3,39,10,630.00,"6,300.00"
2020-09-28,2020092804002635,RLI,47,6,50,631.00,"31,550.00"
2020-09-28,2020092804002634,RLI,44,6,20,631.00,"12,620.00"
2020-09-28,2020092804002633,RLI,44,49,10,631.00,"6,310.00"
2020-09-28,2020092804002632,RLI,44,21,10,631.00,"6,310.00"
2020-09-28,2020092804002646,RLI,11,34,10,630.00,"6,300.00"
2020-09-28,2020092804002645,RLI,35,45,10,630.00,"6,300.00"
2020-09-28,2020092804002644,RLI,35,45,10,630.00,"6,300.00"
2020-09-28,2020092804002643,RLI,53,6,50,631.00,"31,550.00"
2020-09-28,2020092804002641,RLI,35,38,10,630.00,"6,300.00"
2020-09-28,2020092804002639,RLI,35,10,20,630.00,"12,600.00"
2020-09-28,2020092804002652,RLI,41,13,10,630.00,"6,300.00"
2020-09-28,2020092804002651,RLI,14,38,10,630.00,"6,300.00"
2020-09-28,2020092804002650,RLI,11,49,10,630.00,"6,300.00"
2020-09-28,2020092804002649,RLI,11,34,10,630.00,"6,300.00"
2020-09-28,2020092804002648,RLI,11,38,10,630.00,"6,300.00"
2020-09-28,2020092804002647,RLI,11,38,10,630.00,"6,300.00"
2020-09-28,2020092804002662,RLI,41,42,10,630.00,"6,300.00"
2020-09-28,2020092804002661,RLI,41,38,10,630.00,"6,300.00"
2020-09-28,2020092804002660,RLI,41,45,10,630.00,"6,300.00"
2020-09-28,2020092804002659,RLI,41,38,10,630.00,"6,300.00"
2020-09-28,2020092804002656,RLI,41,58,10,630.00,"6,300.00"
2020-09-28,2020092804002655,RLI,41,38,10,630.00,"6,300.00"
2020-09-28,2020092804002668,RLI,41,38,10,630.00,"6,300.00"
2020-09-28,2020092804002667,RLI,41,45,10,630.00,"6,300.00"
2020-09-28,2020092804002666,RLI,41,52,10,630.00,"6,300.00"
2020-09-28,2020092804002665,RLI,41,32,10,630.00,"6,300.00"
2020-09-28,2020092804002664,RLI,41,4,10,630.00,"6,300.00"
2020-09-28,2020092804002663,RLI,41,34,10,630.00,"6,300.00"
2020-09-28,2020092804002674,RLI,41,38,10,630.00,"6,300.00"
2020-09-28,2020092804002673,RLI,41,26,10,630.00,"6,300.00"
2020-09-28,2020092804002672,RLI,41,45,10,630.00,"6,300.00"
2020-09-28,2020092804002671,RLI,41,52,10,630.00,"6,300.00"
2020-09-28,2020092804002670,RLI,41,38,10,630.00,"6,300.00"
2020-09-28,2020092804002669,RLI,41,13,10,630.00,"6,300.00"
2020-09-28,2020092804002680,RLI,41,8,10,630.00,"6,300.00"
2020-09-28,2020092804002679,RLI,41,26,10,630.00,"6,300.00"
2020-09-28,2020092804002678,RLI,41,52,10,630.00,"6,300.00"
2020-09-28,2020092804002677,RLI,41,41,10,630.00,"6,300.00"
2020-09-28,2020092804002676,RLI,41,14,10,630.00,"6,300.00"
2020-09-28,2020092804002675,RLI,41,8,10,630.00,"6,300.00"
2020-09-28,2020092804002688,RLI,41,58,10,630.00,"6,300.00"
2020-09-28,2020092804002685,RLI,41,45,10,630.00,"6,300.00"
2020-09-28,2020092804002684,RLI,41,38,10,630.00,"6,300.00"
2020-09-28,2020092804002683,RLI,41,28,10,630.00,"6,300.00"
2020-09-28,2020092804002682,RLI,41,38,10,630.00,"6,300.00"
2020-09-28,2020092804002681,RLI,41,25,10,630.00,"6,300.00"
2020-09-28,2020092804002694,RLI,41,51,10,630.00,"6,300.00"
2020-09-28,2020092804002693,RLI,41,39,10,630.00,"6,300.00"
2020-09-28,2020092804002692,RLI,41,45,10,630.00,"6,300.00"
2020-09-28,2020092804002691,RLI,41,38,10,630.00,"6,300.00"
2020-09-28,2020092804002690,RLI,41,53,10,630.00,"6,300.00"
2020-09-28,2020092804002689,RLI,44,6,200,631.00,"126,200.00"
2020-09-28,2020092804002703,RLI,41,38,10,630.00,"6,300.00"
2020-09-28,2020092804002702,RLI,41,26,10,630.00,"6,300.00"
2020-09-28,2020092804002701,RLI,41,26,10,630.00,"6,300.00"
2020-09-28,2020092804002699,RLI,41,46,10,630.00,"6,300.00"
2020-09-28,2020092804002698,RLI,41,42,10,630.00,"6,300.00"
2020-09-28,2020092804002695,RLI,41,52,10,630.00,"6,300.00"
2020-09-28,2020092804002711,RLI,41,38,10,630.00,"6,300.00"
2020-09-28,2020092804002710,RLI,41,26,10,630.00,"6,300.00"
2020-09-28,2020092804002709,RLI,41,1,10,630.00,"6,300.00"
2020-09-28,2020092804002708,RLI,41,51,10,630.00,"6,300.00"
2020-09-28,2020092804002706,RLI,41,26,10,630.00,"6,300.00"
2020-09-28,2020092804002705,RLI,41,11,10,630.00,"6,300.00"
2020-09-28,2020092804002721,RLI,58,32,10,630.00,"6,300.00"
2020-09-28,2020092804002720,RLI,58,42,10,630.00,"6,300.00"
2020-09-28,2020092804002719,RLI,42,42,10,630.00,"6,300.00"
2020-09-28,2020092804002717,RLI,42,35,10,630.00,"6,300.00"
2020-09-28,2020092804002716,RLI,41,52,10,630.00,"6,300.00"
2020-09-28,2020092804002713,RLI,41,46,10,630.00,"6,300.00"
2020-09-28,2020092804002727,RLI,45,47,10,630.00,"6,300.00"
2020-09-28,2020092804002726,RLI,45,26,10,630.00,"6,300.00"
2020-09-28,2020092804002725,RLI,45,47,10,630.00,"6,300.00"
2020-09-28,2020092804002724,RLI,58,46,10,630.00,"6,300.00"
2020-09-28,2020092804002723,RLI,58,38,10,630.00,"6,300.00"
2020-09-28,2020092804002722,RLI,58,26,10,630.00,"6,300.00"
2020-09-28,2020092804002733,RLI,45,48,10,630.00,"6,300.00"
2020-09-28,2020092804002732,RLI,45,45,10,630.00,"6,300.00"
2020-09-28,2020092804002731,RLI,45,34,10,630.00,"6,300.00"
2020-09-28,2020092804002730,RLI,49,38,10,631.00,"6,310.00"
2020-09-28,2020092804002729,RLI,49,38,10,631.00,"6,310.00"
2020-09-28,2020092804002728,RLI,49,6,80,631.00,"50,480.00"
2020-09-28,2020092804002740,RLI,45,34,10,630.00,"6,300.00"
2020-09-28,2020092804002739,RLI,45,52,10,630.00,"6,300.00"
2020-09-28,2020092804002738,RLI,45,48,10,630.00,"6,300.00"
2020-09-28,2020092804002737,RLI,45,6,10,630.00,"6,300.00"
2020-09-28,2020092804002736,RLI,45,39,10,630.00,"6,300.00"
2020-09-28,2020092804002734,RLI,45,46,10,630.00,"6,300.00"
2020-09-28,2020092804002747,RLI,8,47,10,630.00,"6,300.00"
2020-09-28,2020092804002746,RLI,8,39,10,630.00,"6,300.00"
2020-09-28,2020092804002745,RLI,8,42,10,630.00,"6,300.00"
2020-09-28,2020092804002743,RLI,45,46,10,630.00,"6,300.00"
2020-09-28,2020092804002742,RLI,45,48,10,630.00,"6,300.00"
2020-09-28,2020092804002741,RLI,45,45,10,630.00,"6,300.00"
2020-09-28,2020092804002754,RLI,40,48,10,630.00,"6,300.00"
2020-09-28,2020092804002752,RLI,45,48,10,630.00,"6,300.00"
2020-09-28,2020092804002751,RLI,45,42,10,630.00,"6,300.00"
2020-09-28,2020092804002750,RLI,45,32,10,630.00,"6,300.00"
2020-09-28,2020092804002749,RLI,45,36,10,630.00,"6,300.00"
2020-09-28,2020092804002748,RLI,8,48,10,630.00,"6,300.00"
2020-09-28,2020092804002760,RLI,40,52,10,630.00,"6,300.00"
2020-09-28,2020092804002759,RLI,40,48,10,630.00,"6,300.00"
2020-09-28,2020092804002758,RLI,40,52,10,630.00,"6,300.00"
2020-09-28,2020092804002757,RLI,40,48,10,630.00,"6,300.00"
2020-09-28,2020092804002756,RLI,40,52,10,630.00,"6,300.00"
2020-09-28,2020092804002755,RLI,40,58,10,630.00,"6,300.00"
2020-09-28,2020092804002766,RLI,42,48,10,630.00,"6,300.00"
2020-09-28,2020092804002765,RLI,42,43,10,630.00,"6,300.00"
2020-09-28,2020092804002764,RLI,42,52,10,630.00,"6,300.00"
2020-09-28,2020092804002763,RLI,40,48,10,630.00,"6,300.00"
2020-09-28,2020092804002762,RLI,40,48,10,630.00,"6,300.00"
2020-09-28,2020092804002761,RLI,40,52,10,630.00,"6,300.00"
2020-09-28,2020092804002772,RLI,53,48,10,630.00,"6,300.00"
2020-09-28,2020092804002771,RLI,29,48,10,630.00,"6,300.00"
2020-09-28,2020092804002770,RLI,29,48,10,630.00,"6,300.00"
2020-09-28,2020092804002769,RLI,29,49,10,630.00,"6,300.00"
2020-09-28,2020092804002768,RLI,42,48,10,630.00,"6,300.00"
2020-09-28,2020092804002767,RLI,42,48,10,630.00,"6,300.00"
2020-09-28,2020092804002778,RLI,53,59,10,630.00,"6,300.00"
2020-09-28,2020092804002777,RLI,53,41,10,630.00,"6,300.00"
2020-09-28,2020092804002776,RLI,53,38,10,630.00,"6,300.00"
2020-09-28,2020092804002775,RLI,53,48,10,630.00,"6,300.00"
2020-09-28,2020092804002774,RLI,53,41,10,630.00,"6,300.00"
2020-09-28,2020092804002773,RLI,53,35,10,630.00,"6,300.00"
2020-09-28,2020092804002784,RLI,43,49,10,631.00,"6,310.00"
2020-09-28,2020092804002783,RLI,43,28,10,631.00,"6,310.00"
2020-09-28,2020092804002782,RLI,43,37,10,631.00,"6,310.00"
2020-09-28,2020092804002781,RLI,43,41,10,631.00,"6,310.00"
2020-09-28,2020092804002780,RLI,43,58,10,631.00,"6,310.00"
2020-09-28,2020092804002779,RLI,53,47,10,630.00,"6,300.00"
2020-09-28,2020092804002790,RLI,41,6,10,631.00,"6,310.00"
2020-09-28,2020092804002789,RLI,41,13,10,631.00,"6,310.00"
2020-09-28,2020092804002788,RLI,41,13,10,631.00,"6,310.00"
2020-09-28,2020092804002787,RLI,41,58,10,631.00,"6,310.00"
2020-09-28,2020092804002786,RLI,41,43,10,631.00,"6,310.00"
2020-09-28,2020092804002785,RLI,53,33,10,630.00,"6,300.00"
2020-09-28,2020092804002797,RLI,55,42,20,632.00,"12,640.00"
2020-09-28,2020092804002796,RLI,55,50,10,631.00,"6,310.00"
2020-09-28,2020092804002795,RLI,52,21,10,630.00,"6,300.00"
2020-09-28,2020092804002794,RLI,52,38,10,630.00,"6,300.00"
2020-09-28,2020092804002792,RLI,39,33,10,630.00,"6,300.00"
2020-09-28,2020092804002791,RLI,53,21,10,630.00,"6,300.00"
2020-09-28,2020092804002807,RLI,4,10,20,630.00,"12,600.00"
2020-09-28,2020092804002806,RLI,55,21,10,631.00,"6,310.00"
2020-09-28,2020092804002801,RLI,55,21,10,631.00,"6,310.00"
2020-09-28,2020092804002800,RLI,55,6,10,631.00,"6,310.00"
2020-09-28,2020092804002799,RLI,55,38,10,631.00,"6,310.00"
2020-09-28,2020092804002798,RLI,55,21,10,631.00,"6,310.00"
2020-09-28,2020092804002813,RLI,19,21,10,630.00,"6,300.00"
2020-09-28,2020092804002812,RLI,19,34,10,630.00,"6,300.00"
2020-09-28,2020092804002811,RLI,19,21,10,630.00,"6,300.00"
2020-09-28,2020092804002810,RLI,19,44,10,630.00,"6,300.00"
2020-09-28,2020092804002809,RLI,19,44,10,630.00,"6,300.00"
2020-09-28,2020092804002808,RLI,19,21,10,630.00,"6,300.00"
2020-09-28,2020092804002820,RLI,5,21,10,630.00,"6,300.00"
2020-09-28,2020092804002818,RLI,5,45,10,630.00,"6,300.00"
2020-09-28,2020092804002817,RLI,19,21,10,630.00,"6,300.00"
2020-09-28,2020092804002816,RLI,19,45,10,630.00,"6,300.00"
2020-09-28,2020092804002815,RLI,19,1,10,630.00,"6,300.00"
2020-09-28,2020092804002814,RLI,19,38,10,630.00,"6,300.00"
2020-09-28,2020092804002826,RLI,5,21,10,630.00,"6,300.00"
2020-09-28,2020092804002825,RLI,5,54,10,630.00,"6,300.00"
2020-09-28,2020092804002824,RLI,5,21,10,630.00,"6,300.00"
2020-09-28,2020092804002823,RLI,5,38,10,630.00,"6,300.00"
2020-09-28,2020092804002822,RLI,1,5,10,631.00,"6,310.00"
2020-09-28,2020092804002821,RLI,1,21,10,631.00,"6,310.00"
2020-09-28,2020092804002841,RLI,5,38,10,630.00,"6,300.00"
2020-09-28,2020092804002840,RLI,5,21,10,630.00,"6,300.00"
2020-09-28,2020092804002838,RLI,5,21,10,630.00,"6,300.00"
2020-09-28,2020092804002833,RLI,5,21,10,630.00,"6,300.00"
2020-09-28,2020092804002832,RLI,5,59,10,630.00,"6,300.00"
2020-09-28,2020092804002827,RLI,5,21,10,630.00,"6,300.00"
2020-09-28,2020092804002847,RLI,51,52,10,631.00,"6,310.00"
2020-09-28,2020092804002846,RLI,51,45,10,631.00,"6,310.00"
2020-09-28,2020092804002845,RLI,51,17,10,631.00,"6,310.00"
2020-09-28,2020092804002844,RLI,51,45,10,631.00,"6,310.00"
2020-09-28,2020092804002843,RLI,51,28,10,631.00,"6,310.00"
2020-09-28,2020092804002842,RLI,51,5,90,631.00,"56,790.00"
2020-09-28,2020092804002853,RLI,51,22,10,631.00,"6,310.00"
2020-09-28,2020092804002852,RLI,51,56,10,631.00,"6,310.00"
2020-09-28,2020092804002851,RLI,51,44,10,631.00,"6,310.00"
2020-09-28,2020092804002850,RLI,51,22,10,631.00,"6,310.00"
2020-09-28,2020092804002849,RLI,51,7,10,631.00,"6,310.00"
2020-09-28,2020092804002848,RLI,51,28,10,631.00,"6,310.00"
2020-09-28,2020092804002867,RLI,45,59,10,631.00,"6,310.00"
2020-09-28,2020092804002865,RLI,45,45,10,631.00,"6,310.00"
2020-09-28,2020092804002857,RLI,45,22,10,631.00,"6,310.00"
2020-09-28,2020092804002856,RLI,45,7,10,631.00,"6,310.00"
2020-09-28,2020092804002855,RLI,51,34,10,631.00,"6,310.00"
2020-09-28,2020092804002854,RLI,51,56,10,631.00,"6,310.00"
2020-09-28,2020092804002876,RLI,45,5,30,631.00,"18,930.00"
2020-09-28,2020092804002875,RLI,45,5,70,631.00,"44,170.00"
2020-09-28,2020092804002874,RLI,45,38,10,631.00,"6,310.00"
2020-09-28,2020092804002873,RLI,45,1,10,631.00,"6,310.00"
2020-09-28,2020092804002871,RLI,45,5,60,631.00,"37,860.00"
2020-09-28,2020092804002870,RLI,45,47,10,631.00,"6,310.00"
2020-09-28,2020092804002884,RLI,5,45,10,630.00,"6,300.00"
2020-09-28,2020092804002883,RLI,5,58,10,630.00,"6,300.00"
2020-09-28,2020092804002882,RLI,5,37,10,630.00,"6,300.00"
2020-09-28,2020092804002881,RLI,5,38,10,630.00,"6,300.00"
2020-09-28,2020092804002880,RLI,5,1,10,630.00,"6,300.00"
2020-09-28,2020092804002879,RLI,5,36,10,630.00,"6,300.00"
2020-09-28,2020092804002891,RLI,43,14,10,631.00,"6,310.00"
2020-09-28,2020092804002890,RLI,5,45,10,630.00,"6,300.00"
2020-09-28,2020092804002889,RLI,5,14,10,630.00,"6,300.00"
2020-09-28,2020092804002888,RLI,5,21,10,630.00,"6,300.00"
2020-09-28,2020092804002887,RLI,5,49,10,630.00,"6,300.00"
2020-09-28,2020092804002886,RLI,5,21,10,630.00,"6,300.00"
2020-09-28,2020092804002899,RLI,5,46,10,630.00,"6,300.00"
2020-09-28,2020092804002897,RLI,5,21,10,630.00,"6,300.00"
2020-09-28,2020092804002896,RLI,5,51,10,630.00,"6,300.00"
2020-09-28,2020092804002895,RLI,5,21,10,630.00,"6,300.00"
2020-09-28,2020092804002893,RLI,5,21,10,630.00,"6,300.00"
2020-09-28,2020092804002892,RLI,5,38,10,630.00,"6,300.00"
2020-09-28,2020092804002909,RLI,39,52,10,630.00,"6,300.00"
2020-09-28,2020092804002908,RLI,39,21,10,630.00,"6,300.00"
2020-09-28,2020092804002906,RLI,39,21,10,630.00,"6,300.00"
2020-09-28,2020092804002902,RLI,39,21,10,630.00,"6,300.00"
2020-09-28,2020092804002901,RLI,39,45,10,630.00,"6,300.00"
2020-09-28,2020092804002900,RLI,5,58,10,630.00,"6,300.00"
2020-09-28,2020092804002920,RLI,28,35,10,631.00,"6,310.00"
2020-09-28,2020092804002919,RLI,39,58,10,630.00,"6,300.00"
2020-09-28,2020092804002917,RLI,39,45,10,630.00,"6,300.00"
2020-09-28,2020092804002916,RLI,39,45,10,630.00,"6,300.00"
2020-09-28,2020092804002912,RLI,39,42,10,630.00,"6,300.00"
2020-09-28,2020092804002911,RLI,39,45,10,630.00,"6,300.00"
2020-09-28,2020092804002926,RLI,19,28,10,632.00,"6,320.00"
2020-09-28,2020092804002925,RLI,19,42,60,632.00,"37,920.00"
2020-09-28,2020092804002924,RLI,28,46,10,631.00,"6,310.00"
2020-09-28,2020092804002923,RLI,28,59,10,631.00,"6,310.00"
2020-09-28,2020092804002922,RLI,28,42,10,631.00,"6,310.00"
2020-09-28,2020092804002921,RLI,28,17,10,631.00,"6,310.00"
2020-09-28,2020092804002932,RLI,19,44,10,632.00,"6,320.00"
2020-09-28,2020092804002931,RLI,19,44,10,632.00,"6,320.00"
2020-09-28,2020092804002930,RLI,19,34,10,632.00,"6,320.00"
2020-09-28,2020092804002929,RLI,19,14,10,632.00,"6,320.00"
2020-09-28,2020092804002928,RLI,19,42,10,632.00,"6,320.00"
2020-09-28,2020092804002927,RLI,19,50,10,632.00,"6,320.00"
2020-09-28,2020092804002938,RLI,19,5,200,632.00,"126,400.00"
2020-09-28,2020092804002937,RLI,19,25,10,632.00,"6,320.00"
2020-09-28,2020092804002936,RLI,19,34,10,632.00,"6,320.00"
2020-09-28,2020092804002935,RLI,19,32,10,632.00,"6,320.00"
2020-09-28,2020092804002934,RLI,19,52,10,632.00,"6,320.00"
2020-09-28,2020092804002933,RLI,19,44,10,632.00,"6,320.00"
2020-09-28,2020092804002952,RLI,19,58,10,632.00,"6,320.00"
2020-09-28,2020092804002945,RLI,19,58,10,632.00,"6,320.00"
2020-09-28,2020092804002944,RLI,19,32,10,632.00,"6,320.00"
2020-09-28,2020092804002941,RLI,19,38,10,632.00,"6,320.00"
2020-09-28,2020092804002940,RLI,19,34,10,632.00,"6,320.00"
2020-09-28,2020092804002939,RLI,19,14,10,632.00,"6,320.00"
2020-09-28,2020092804002958,RLI,39,41,10,630.00,"6,300.00"
2020-09-28,2020092804002957,RLI,39,58,10,630.00,"6,300.00"
2020-09-28,2020092804002956,RLI,39,58,10,630.00,"6,300.00"
2020-09-28,2020092804002955,RLI,39,44,10,630.00,"6,300.00"
2020-09-28,2020092804002954,RLI,39,58,10,630.00,"6,300.00"
2020-09-28,2020092804002953,RLI,19,38,10,632.00,"6,320.00"
2020-09-28,2020092804002970,RLI,39,58,10,630.00,"6,300.00"
2020-09-28,2020092804002969,RLI,39,41,10,630.00,"6,300.00"
2020-09-28,2020092804002962,RLI,39,19,10,630.00,"6,300.00"
2020-09-28,2020092804002961,RLI,39,58,10,630.00,"6,300.00"
2020-09-28,2020092804002960,RLI,39,46,10,630.00,"6,300.00"
2020-09-28,2020092804002959,RLI,39,45,10,630.00,"6,300.00"
2020-09-28,2020092804002981,RLI,45,38,10,631.00,"6,310.00"
2020-09-28,2020092804002980,RLI,45,6,10,631.00,"6,310.00"
2020-09-28,2020092804002977,RLI,45,42,10,631.00,"6,310.00"
2020-09-28,2020092804002976,RLI,45,46,10,631.00,"6,310.00"
2020-09-28,2020092804002972,RLI,45,52,10,631.00,"6,310.00"
2020-09-28,2020092804002971,RLI,39,46,10,631.00,"6,310.00"
2020-09-28,2020092804002988,RLI,58,46,10,631.00,"6,310.00"
2020-09-28,2020092804002987,RLI,45,34,10,631.00,"6,310.00"
2020-09-28,2020092804002986,RLI,45,19,10,631.00,"6,310.00"
2020-09-28,2020092804002985,RLI,45,21,10,631.00,"6,310.00"
2020-09-28,2020092804002984,RLI,45,46,10,631.00,"6,310.00"
2020-09-28,2020092804002983,RLI,45,45,10,631.00,"6,310.00"
2020-09-28,2020092804002872,SAEF,35,6,200,10.35,"2,070.00"
2020-09-28,2020092804002866,SAEF,7,21,100,10.50,"1,050.00"
2020-09-28,2020092804002861,SAEF,7,57,"2,000",10.40,"20,800.00"
2020-09-28,2020092804002860,SAEF,7,57,"1,000",10.40,"10,400.00"
2020-09-28,2020092804002604,SAEF,7,58,"1,000",10.31,"10,310.00"
2020-09-28,2020092804002966,SEF,18,41,500,9.19,"4,595.00"
2020-09-28,2020092804002965,SEF,18,41,500,9.19,"4,595.00"
2020-09-28,2020092804002964,SEF,18,41,500,9.19,"4,595.00"
2020-09-28,2020092804002913,SEF,18,43,"5,000",9.15,"45,750.00"
2020-09-28,2020092804002877,SEF,18,6,100,9.08,908.00
2020-09-28,2020092804002704,SEF,18,34,500,9.04,"4,520.00"
2020-09-28,2020092804002697,SEF,18,41,"1,000",9.14,"9,140.00"
2020-09-28,2020092804002696,SEF,18,41,"1,000",9.14,"9,140.00"
2020-09-28,2020092804002949,STC,49,21,18,"3,545.00","63,810.00"
2020-09-28,2020092804002948,STC,49,57,10,"3,525.00","35,250.00"
2020-09-28,2020092804002947,STC,49,57,10,"3,520.00","35,200.00"
2020-09-28,2020092804002946,STC,49,22,62,"3,500.00","217,000.00"
2020-09-28,2020092804002636,STC,43,34,20,"3,500.00","70,000.00"
2020-09-28,2020092804002626,STC,43,57,30,"3,500.00","105,000.00"
2020-09-28,2020092804002590,STC,51,57,30,"3,464.00","103,920.00"
2020-09-28,2020092804002589,STC,55,57,10,"3,465.00","34,650.00"
2020-09-28,2020092804002479,BBC,19,26,40,"1,610.00","64,400.00"
2020-09-28,2020092804002369,CMF1,16,43,"1,000",11.01,"11,010.00"
2020-09-28,2020092804002350,CMF1,49,4,"15,000",11.01,"165,150.00"
2020-09-28,2020092804002349,CMF1,16,4,"1,000",11.01,"11,010.00"
2020-09-28,2020092804002347,CMF1,57,4,"9,900",11.02,"109,098.00"
2020-09-28,2020092804002342,CMF1,26,4,"10,000",11.03,"110,300.00"
2020-09-28,2020092804002332,CMF1,7,4,100,11.04,"1,104.00"
2020-09-28,2020092804002172,CMF1,57,38,100,11.02,"1,102.00"
2020-09-28,2020092804002178,JBBLPO,34,38,"22,109",111.00,"2,454,099.00"
2020-09-28,2020092804002454,LEMF,34,50,500,8.60,"4,300.00"
2020-09-28,2020092804002426,LEMF,34,43,"4,387",8.60,"37,728.20"
2020-09-28,2020092804002303,LEMF,34,37,"1,000",8.60,"8,600.00"
2020-09-28,2020092804002123,LEMF,34,35,"8,000",8.60,"68,800.00"
2020-09-28,2020092804002115,LEMF,34,33,"5,850",8.60,"50,310.00"
2020-09-28,2020092804002098,LUK,35,32,500,8.84,"4,420.00"
2020-09-28,2020092804002023,LUK,35,56,100,8.84,884.00
2020-09-28,2020092804002017,NBF2,17,58,100,8.74,874.00
2020-09-28,2020092804002477,NEF,6,49,"2,253",8.82,"19,871.46"
2020-09-28,2020092804002445,NEF,6,11,"1,000",8.78,"8,780.00"
2020-09-28,2020092804002202,NEF,6,35,"1,127",8.77,"9,883.79"
2020-09-28,2020092804002089,NEF,47,58,483,8.76,"4,231.08"
2020-09-28,2020092804002064,NEF,47,1,"1,000",8.76,"8,760.00"
2020-09-28,2020092804002433,NIBPO,34,4,"1,000",364.00,"364,000.00"
2020-09-28,2020092804002252,NIBPO,34,34,278,363.00,"100,914.00"
2020-09-28,2020092804002069,NIBPO,54,7,61,367.00,"22,387.00"
2020-09-28,2020092804002044,NIBPO,54,39,10,365.00,"3,650.00"
2020-09-28,2020092804002021,NIBPO,54,50,500,365.00,"182,500.00"
2020-09-28,2020092804002249,NIBSF1,6,7,"1,600",9.46,"15,136.00"
2020-09-28,2020092804002248,NIBSF1,6,34,"5,000",9.46,"47,300.00"
2020-09-28,2020092804002233,NIBSF1,6,7,"1,000",9.46,"9,460.00"
2020-09-28,2020092804002208,NIBSF1,6,7,"2,400",9.46,"22,704.00"
2020-09-28,2020092804002193,NIBSF1,6,7,"1,000",9.46,"9,460.00"
2020-09-28,2020092804002168,NIBSF1,6,17,"5,000",9.45,"47,250.00"
2020-09-28,2020092804002167,NIBSF1,6,39,"3,000",9.45,"28,350.00"
2020-09-28,2020092804002166,NIBSF1,6,10,"1,000",9.44,"9,440.00"
2020-09-28,2020092804002483,NICGF,22,43,"1,000",9.34,"9,340.00"
2020-09-28,2020092804002239,NICGF,45,34,"3,750",9.33,"34,987.50"
2020-09-28,2020092804002238,NICGF,45,34,"3,500",9.34,"32,690.00"
2020-09-28,2020092804002237,NICGF,6,34,300,9.41,"2,823.00"
2020-09-28,2020092804002213,NMBHF1,16,49,"1,577",9.96,"15,706.92"
2020-09-28,2020092804002081,NMBHF1,48,34,"1,664",9.96,"16,573.44"
2020-09-28,2020092804002080,NMBHF1,16,34,"1,087",9.96,"10,826.52"
2020-09-28,2020092804002079,NMBHF1,7,34,577,9.96,"5,746.92"
2020-09-28,2020092804002449,RBCLPO,54,1,200,"10,241.00","2,048,200.00"
2020-09-28,2020092804002448,RBCLPO,40,1,10,"10,250.00","102,500.00"
2020-09-28,2020092804002447,RBCLPO,54,1,15,"10,316.00","154,740.00"
2020-09-28,2020092804002361,RBCLPO,7,59,20,"10,315.00","206,300.00"
2020-09-28,2020092804002355,RBCLPO,54,59,20,"10,316.00","206,320.00"
2020-09-28,2020092804002354,RBCLPO,49,59,10,"10,320.00","103,200.00"
2020-09-28,2020092804002310,RBCLPO,45,44,20,"10,321.00","206,420.00"
2020-09-28,2020092804002028,RBCLPO,38,46,11,"10,449.00","114,939.00"
2020-09-28,2020092804002027,RBCLPO,38,48,10,"10,448.00","104,480.00"
2020-09-28,2020092804002500,RLI,35,3,10,630.00,"6,300.00"
2020-09-28,2020092804002499,RLI,44,5,10,630.00,"6,300.00"
2020-09-28,2020092804002498,RLI,44,21,10,630.00,"6,300.00"
2020-09-28,2020092804002497,RLI,44,52,10,630.00,"6,300.00"
2020-09-28,2020092804002496,RLI,44,35,10,630.00,"6,300.00"
2020-09-28,2020092804002495,RLI,44,3,10,630.00,"6,300.00"
2020-09-28,2020092804002005,RLI,16,58,10,630.00,"6,300.00"
2020-09-28,2020092804002004,RLI,16,40,10,630.00,"6,300.00"
2020-09-28,2020092804002003,RLI,56,10,10,631.00,"6,310.00"
2020-09-28,2020092804002002,RLI,56,49,10,631.00,"6,310.00"
2020-09-28,2020092804002001,RLI,56,50,10,631.00,"6,310.00"
2020-09-28,2020092804002011,RLI,16,57,10,630.00,"6,300.00"
2020-09-28,2020092804002010,RLI,16,40,10,630.00,"6,300.00"
2020-09-28,2020092804002009,RLI,16,57,10,630.00,"6,300.00"
2020-09-28,2020092804002008,RLI,16,58,10,630.00,"6,300.00"
2020-09-28,2020092804002007,RLI,16,58,10,630.00,"6,300.00"
2020-09-28,2020092804002006,RLI,16,57,10,630.00,"6,300.00"
2020-09-28,2020092804002018,RLI,16,57,10,630.00,"6,300.00"
2020-09-28,2020092804002016,RLI,16,57,10,630.00,"6,300.00"
2020-09-28,2020092804002015,RLI,6,39,10,631.00,"6,310.00"
2020-09-28,2020092804002014,RLI,16,58,10,630.00,"6,300.00"
2020-09-28,2020092804002013,RLI,16,57,10,630.00,"6,300.00"
2020-09-28,2020092804002012,RLI,16,58,10,630.00,"6,300.00"
2020-09-28,2020092804002026,RLI,16,39,10,630.00,"6,300.00"
2020-09-28,2020092804002025,RLI,16,58,10,630.00,"6,300.00"
2020-09-28,2020092804002024,RLI,16,57,10,630.00,"6,300.00"
2020-09-28,2020092804002022,RLI,16,47,10,630.00,"6,300.00"
2020-09-28,2020092804002020,RLI,16,17,10,630.00,"6,300.00"
2020-09-28,2020092804002019,RLI,16,11,10,630.00,"6,300.00"
2020-09-28,2020092804002035,RLI,16,57,10,630.00,"6,300.00"
2020-09-28,2020092804002034,RLI,16,57,10,630.00,"6,300.00"
2020-09-28,2020092804002033,RLI,16,39,10,630.00,"6,300.00"
2020-09-28,2020092804002032,RLI,16,42,10,630.00,"6,300.00"
2020-09-28,2020092804002031,RLI,16,47,10,630.00,"6,300.00"
2020-09-28,2020092804002030,RLI,22,58,10,631.00,"6,310.00"
2020-09-28,2020092804002041,RLI,16,57,10,630.00,"6,300.00"
2020-09-28,2020092804002040,RLI,16,47,10,630.00,"6,300.00"
2020-09-28,2020092804002039,RLI,16,59,10,630.00,"6,300.00"
2020-09-28,2020092804002038,RLI,16,13,10,630.00,"6,300.00"
2020-09-28,2020092804002037,RLI,16,57,10,630.00,"6,300.00"
2020-09-28,2020092804002036,RLI,16,39,10,630.00,"6,300.00"
2020-09-28,2020092804002048,RLI,16,26,10,630.00,"6,300.00"
2020-09-28,2020092804002047,RLI,16,39,10,630.00,"6,300.00"
2020-09-28,2020092804002046,RLI,16,39,10,630.00,"6,300.00"
2020-09-28,2020092804002045,RLI,16,57,10,630.00,"6,300.00"
2020-09-28,2020092804002043,RLI,16,55,10,630.00,"6,300.00"
2020-09-28,2020092804002042,RLI,16,39,10,630.00,"6,300.00"
2020-09-28,2020092804002054,RLI,16,8,10,630.00,"6,300.00"
2020-09-28,2020092804002053,RLI,16,46,10,630.00,"6,300.00"
2020-09-28,2020092804002052,RLI,16,39,10,630.00,"6,300.00"
2020-09-28,2020092804002051,RLI,16,57,10,630.00,"6,300.00"
2020-09-28,2020092804002050,RLI,16,57,10,630.00,"6,300.00"
2020-09-28,2020092804002049,RLI,16,47,10,630.00,"6,300.00"
2020-09-28,2020092804002060,RLI,16,42,10,630.00,"6,300.00"
2020-09-28,2020092804002059,RLI,16,22,10,630.00,"6,300.00"
2020-09-28,2020092804002058,RLI,16,52,10,630.00,"6,300.00"
2020-09-28,2020092804002057,RLI,16,57,10,630.00,"6,300.00"
2020-09-28,2020092804002056,RLI,16,39,10,630.00,"6,300.00"
2020-09-28,2020092804002055,RLI,16,57,10,630.00,"6,300.00"
2020-09-28,2020092804002067,RLI,16,39,10,630.00,"6,300.00"
2020-09-28,2020092804002066,RLI,16,54,10,630.00,"6,300.00"
2020-09-28,2020092804002065,RLI,16,16,10,630.00,"6,300.00"
2020-09-28,2020092804002063,RLI,16,39,10,630.00,"6,300.00"
2020-09-28,2020092804002062,RLI,16,57,10,630.00,"6,300.00"
2020-09-28,2020092804002061,RLI,16,57,10,630.00,"6,300.00"
2020-09-28,2020092804002074,RLI,16,41,10,630.00,"6,300.00"
2020-09-28,2020092804002073,RLI,16,17,10,630.00,"6,300.00"
2020-09-28,2020092804002072,RLI,16,57,10,630.00,"6,300.00"
2020-09-28,2020092804002071,RLI,16,39,10,630.00,"6,300.00"
2020-09-28,2020092804002070,RLI,16,47,10,630.00,"6,300.00"
2020-09-28,2020092804002068,RLI,16,57,10,630.00,"6,300.00"
2020-09-28,2020092804002083,RLI,16,39,10,630.00,"6,300.00"
2020-09-28,2020092804002082,RLI,16,11,10,630.00,"6,300.00"
2020-09-28,2020092804002078,RLI,16,57,10,630.00,"6,300.00"
2020-09-28,2020092804002077,RLI,16,39,10,630.00,"6,300.00"
2020-09-28,2020092804002076,RLI,16,57,10,630.00,"6,300.00"
2020-09-28,2020092804002075,RLI,16,11,10,630.00,"6,300.00"
2020-09-28,2020092804002091,RLI,16,39,10,630.00,"6,300.00"
2020-09-28,2020092804002090,RLI,16,49,10,630.00,"6,300.00"
2020-09-28,2020092804002088,RLI,16,51,10,630.00,"6,300.00"
2020-09-28,2020092804002087,RLI,16,39,10,630.00,"6,300.00"
2020-09-28,2020092804002085,RLI,16,57,10,630.00,"6,300.00"
2020-09-28,2020092804002084,RLI,16,34,10,630.00,"6,300.00"
2020-09-28,2020092804002104,RLI,1,4,10,631.00,"6,310.00"
2020-09-28,2020092804002103,RLI,16,45,10,630.00,"6,300.00"
2020-09-28,2020092804002102,RLI,16,11,10,630.00,"6,300.00"
2020-09-28,2020092804002101,RLI,16,49,10,630.00,"6,300.00"
2020-09-28,2020092804002100,RLI,16,52,10,630.00,"6,300.00"
2020-09-28,2020092804002099,RLI,16,45,10,630.00,"6,300.00"
2020-09-28,2020092804002110,RLI,1,42,10,631.00,"6,310.00"
2020-09-28,2020092804002109,RLI,1,50,10,631.00,"6,310.00"
2020-09-28,2020092804002108,RLI,1,4,10,631.00,"6,310.00"
2020-09-28,2020092804002107,RLI,1,4,10,631.00,"6,310.00"
2020-09-28,2020092804002106,RLI,1,19,10,631.00,"6,310.00"
2020-09-28,2020092804002105,RLI,1,34,10,631.00,"6,310.00"
2020-09-28,2020092804002117,RLI,16,32,10,630.00,"6,300.00"
2020-09-28,2020092804002116,RLI,16,11,10,630.00,"6,300.00"
2020-09-28,2020092804002114,RLI,16,49,10,630.00,"6,300.00"
2020-09-28,2020092804002113,RLI,1,51,10,631.00,"6,310.00"
2020-09-28,2020092804002112,RLI,1,42,10,631.00,"6,310.00"
2020-09-28,2020092804002111,RLI,1,4,10,631.00,"6,310.00"
2020-09-28,2020092804002125,RLI,34,39,10,631.00,"6,310.00"
2020-09-28,2020092804002122,RLI,34,17,10,631.00,"6,310.00"
2020-09-28,2020092804002121,RLI,34,21,10,631.00,"6,310.00"
2020-09-28,2020092804002120,RLI,16,10,10,630.00,"6,300.00"
2020-09-28,2020092804002119,RLI,16,22,10,630.00,"6,300.00"
2020-09-28,2020092804002118,RLI,16,45,10,630.00,"6,300.00"
2020-09-28,2020092804002131,RLI,41,39,10,632.00,"6,320.00"
2020-09-28,2020092804002130,RLI,41,38,10,632.00,"6,320.00"
2020-09-28,2020092804002129,RLI,41,52,10,632.00,"6,320.00"
2020-09-28,2020092804002128,RLI,41,58,10,632.00,"6,320.00"
2020-09-28,2020092804002127,RLI,41,45,10,632.00,"6,320.00"
2020-09-28,2020092804002126,RLI,34,33,10,631.00,"6,310.00"
2020-09-28,2020092804002137,RLI,16,58,10,632.00,"6,320.00"
2020-09-28,2020092804002136,RLI,16,7,10,632.00,"6,320.00"
2020-09-28,2020092804002135,RLI,34,49,10,631.00,"6,310.00"
2020-09-28,2020092804002134,RLI,34,48,10,631.00,"6,310.00"
2020-09-28,2020092804002133,RLI,34,39,10,631.00,"6,310.00"
2020-09-28,2020092804002132,RLI,41,48,10,632.00,"6,320.00"
2020-09-28,2020092804002143,RLI,3,3,10,632.00,"6,320.00"
2020-09-28,2020092804002142,RLI,34,56,10,631.00,"6,310.00"
2020-09-28,2020092804002141,RLI,34,25,10,631.00,"6,310.00"
2020-09-28,2020092804002140,RLI,16,26,10,632.00,"6,320.00"
2020-09-28,2020092804002139,RLI,16,6,10,632.00,"6,320.00"
2020-09-28,2020092804002138,RLI,16,54,10,632.00,"6,320.00"
2020-09-28,2020092804002149,RLI,34,29,10,631.00,"6,310.00"
2020-09-28,2020092804002148,RLI,34,3,10,631.00,"6,310.00"
2020-09-28,2020092804002147,RLI,34,56,10,631.00,"6,310.00"
2020-09-28,2020092804002146,RLI,34,39,10,631.00,"6,310.00"
2020-09-28,2020092804002145,RLI,34,48,10,631.00,"6,310.00"
2020-09-28,2020092804002144,RLI,34,56,10,631.00,"6,310.00"
2020-09-28,2020092804002155,RLI,34,39,10,631.00,"6,310.00"
2020-09-28,2020092804002154,RLI,34,56,10,631.00,"6,310.00"
2020-09-28,2020092804002153,RLI,34,17,10,631.00,"6,310.00"
2020-09-28,2020092804002152,RLI,34,56,10,631.00,"6,310.00"
2020-09-28,2020092804002151,RLI,41,11,10,632.00,"6,320.00"
2020-09-28,2020092804002150,RLI,41,57,50,632.00,"31,600.00"
2020-09-28,2020092804002162,RLI,34,20,10,631.00,"6,310.00"
2020-09-28,2020092804002161,RLI,34,56,10,631.00,"6,310.00"
2020-09-28,2020092804002160,RLI,3,3,10,632.00,"6,320.00"
2020-09-28,2020092804002159,RLI,3,46,10,632.00,"6,320.00"
2020-09-28,2020092804002157,RLI,34,56,10,631.00,"6,310.00"
2020-09-28,2020092804002156,RLI,34,38,10,631.00,"6,310.00"
2020-09-28,2020092804002171,RLI,3,39,10,632.00,"6,320.00"
2020-09-28,2020092804002170,RLI,34,56,10,631.00,"6,310.00"
2020-09-28,2020092804002169,RLI,34,21,10,631.00,"6,310.00"
2020-09-28,2020092804002165,RLI,34,45,10,631.00,"6,310.00"
2020-09-28,2020092804002164,RLI,34,48,10,631.00,"6,310.00"
2020-09-28,2020092804002163,RLI,34,21,10,631.00,"6,310.00"
2020-09-28,2020092804002180,RLI,7,3,10,632.00,"6,320.00"
2020-09-28,2020092804002179,RLI,34,22,10,631.00,"6,310.00"
2020-09-28,2020092804002177,RLI,34,56,10,631.00,"6,310.00"
2020-09-28,2020092804002175,RLI,34,21,10,631.00,"6,310.00"
2020-09-28,2020092804002174,RLI,34,45,10,631.00,"6,310.00"
2020-09-28,2020092804002173,RLI,34,34,10,631.00,"6,310.00"
2020-09-28,2020092804002186,RLI,34,21,10,631.00,"6,310.00"
2020-09-28,2020092804002185,RLI,34,21,10,631.00,"6,310.00"
2020-09-28,2020092804002184,RLI,4,11,10,633.00,"6,330.00"
2020-09-28,2020092804002183,RLI,34,36,10,631.00,"6,310.00"
2020-09-28,2020092804002182,RLI,7,21,10,632.00,"6,320.00"
2020-09-28,2020092804002181,RLI,7,45,10,632.00,"6,320.00"
2020-09-28,2020092804002192,RLI,34,39,10,631.00,"6,310.00"
2020-09-28,2020092804002191,RLI,34,48,10,631.00,"6,310.00"
2020-09-28,2020092804002190,RLI,34,21,10,631.00,"6,310.00"
2020-09-28,2020092804002189,RLI,34,42,10,631.00,"6,310.00"
2020-09-28,2020092804002188,RLI,34,33,10,631.00,"6,310.00"
2020-09-28,2020092804002187,RLI,34,48,10,631.00,"6,310.00"
2020-09-28,2020092804002199,RLI,1,3,10,632.00,"6,320.00"
2020-09-28,2020092804002198,RLI,1,40,10,632.00,"6,320.00"
2020-09-28,2020092804002197,RLI,34,39,10,631.00,"6,310.00"
2020-09-28,2020092804002196,RLI,34,21,10,631.00,"6,310.00"
2020-09-28,2020092804002195,RLI,34,42,10,631.00,"6,310.00"
2020-09-28,2020092804002194,RLI,34,5,10,631.00,"6,310.00"
2020-09-28,2020092804002206,RLI,34,57,10,631.00,"6,310.00"
2020-09-28,2020092804002205,RLI,34,39,10,631.00,"6,310.00"
2020-09-28,2020092804002204,RLI,1,21,10,632.00,"6,320.00"
2020-09-28,2020092804002203,RLI,1,51,10,632.00,"6,320.00"
2020-09-28,2020092804002201,RLI,4,22,10,633.00,"6,330.00"
2020-09-28,2020092804002200,RLI,1,3,10,632.00,"6,320.00"
2020-09-28,2020092804002214,RLI,34,21,10,631.00,"6,310.00"
2020-09-28,2020092804002212,RLI,34,59,10,631.00,"6,310.00"
2020-09-28,2020092804002211,RLI,34,39,10,631.00,"6,310.00"
2020-09-28,2020092804002210,RLI,34,32,10,631.00,"6,310.00"
2020-09-28,2020092804002209,RLI,34,45,10,631.00,"6,310.00"
2020-09-28,2020092804002207,RLI,34,49,10,631.00,"6,310.00"
2020-09-28,2020092804002220,RLI,34,45,10,631.00,"6,310.00"
2020-09-28,2020092804002219,RLI,34,46,10,631.00,"6,310.00"
2020-09-28,2020092804002218,RLI,34,59,10,631.00,"6,310.00"
2020-09-28,2020092804002217,RLI,34,22,10,631.00,"6,310.00"
2020-09-28,2020092804002216,RLI,34,8,10,631.00,"6,310.00"
2020-09-28,2020092804002215,RLI,34,39,10,631.00,"6,310.00"
2020-09-28,2020092804002226,RLI,34,14,10,631.00,"6,310.00"
2020-09-28,2020092804002225,RLI,4,22,10,632.00,"6,320.00"
2020-09-28,2020092804002224,RLI,34,42,10,631.00,"6,310.00"
2020-09-28,2020092804002223,RLI,34,22,10,631.00,"6,310.00"
2020-09-28,2020092804002222,RLI,34,59,10,631.00,"6,310.00"
2020-09-28,2020092804002221,RLI,34,11,10,631.00,"6,310.00"
2020-09-28,2020092804002232,RLI,3,3,10,632.00,"6,320.00"
2020-09-28,2020092804002231,RLI,3,3,10,632.00,"6,320.00"
2020-09-28,2020092804002230,RLI,3,39,10,632.00,"6,320.00"
2020-09-28,2020092804002229,RLI,3,3,10,632.00,"6,320.00"
2020-09-28,2020092804002228,RLI,3,3,10,632.00,"6,320.00"
2020-09-28,2020092804002227,RLI,3,26,10,632.00,"6,320.00"
2020-09-28,2020092804002242,RLI,34,22,10,631.00,"6,310.00"
2020-09-28,2020092804002241,RLI,34,36,10,631.00,"6,310.00"
2020-09-28,2020092804002240,RLI,34,39,10,631.00,"6,310.00"
2020-09-28,2020092804002236,RLI,34,42,10,631.00,"6,310.00"
2020-09-28,2020092804002235,RLI,16,10,10,633.00,"6,330.00"
2020-09-28,2020092804002234,RLI,16,39,10,633.00,"6,330.00"
2020-09-28,2020092804002250,RLI,34,45,10,631.00,"6,310.00"
2020-09-28,2020092804002247,RLI,34,49,10,631.00,"6,310.00"
2020-09-28,2020092804002246,RLI,34,39,10,631.00,"6,310.00"
2020-09-28,2020092804002245,RLI,34,13,10,631.00,"6,310.00"
2020-09-28,2020092804002244,RLI,34,22,10,631.00,"6,310.00"
2020-09-28,2020092804002243,RLI,34,39,10,631.00,"6,310.00"
2020-09-28,2020092804002257,RLI,34,36,10,631.00,"6,310.00"
2020-09-28,2020092804002256,RLI,4,3,10,632.00,"6,320.00"
2020-09-28,2020092804002255,RLI,34,45,10,631.00,"6,310.00"
2020-09-28,2020092804002254,RLI,34,42,10,631.00,"6,310.00"
2020-09-28,2020092804002253,RLI,34,19,10,631.00,"6,310.00"
2020-09-28,2020092804002251,RLI,34,36,10,631.00,"6,310.00"
2020-09-28,2020092804002264,RLI,34,42,10,631.00,"6,310.00"
2020-09-28,2020092804002263,RLI,34,29,10,631.00,"6,310.00"
2020-09-28,2020092804002262,RLI,34,37,10,631.00,"6,310.00"
2020-09-28,2020092804002261,RLI,34,37,10,631.00,"6,310.00"
2020-09-28,2020092804002260,RLI,34,45,10,631.00,"6,310.00"
2020-09-28,2020092804002259,RLI,34,37,10,631.00,"6,310.00"
2020-09-28,2020092804002270,RLI,34,59,10,631.00,"6,310.00"
2020-09-28,2020092804002269,RLI,34,29,10,631.00,"6,310.00"
2020-09-28,2020092804002268,RLI,34,36,10,631.00,"6,310.00"
2020-09-28,2020092804002267,RLI,34,38,10,631.00,"6,310.00"
2020-09-28,2020092804002266,RLI,34,5,10,631.00,"6,310.00"
2020-09-28,2020092804002265,RLI,34,45,10,631.00,"6,310.00"
2020-09-28,2020092804002276,RLI,3,44,10,632.00,"6,320.00"
2020-09-28,2020092804002275,RLI,3,57,10,632.00,"6,320.00"
2020-09-28,2020092804002274,RLI,3,3,10,632.00,"6,320.00"
2020-09-28,2020092804002273,RLI,3,3,10,632.00,"6,320.00"
2020-09-28,2020092804002272,RLI,3,3,10,632.00,"6,320.00"
2020-09-28,2020092804002271,RLI,3,3,10,632.00,"6,320.00"
2020-09-28,2020092804002282,RLI,34,38,10,631.00,"6,310.00"
2020-09-28,2020092804002281,RLI,34,45,10,631.00,"6,310.00"
2020-09-28,2020092804002280,RLI,34,29,10,631.00,"6,310.00"
2020-09-28,2020092804002279,RLI,3,3,10,632.00,"6,320.00"
2020-09-28,2020092804002278,RLI,3,3,10,632.00,"6,320.00"
2020-09-28,2020092804002277,RLI,3,3,10,632.00,"6,320.00"
2020-09-28,2020092804002288,RLI,48,16,10,631.00,"6,310.00"
2020-09-28,2020092804002287,RLI,34,58,10,631.00,"6,310.00"
2020-09-28,2020092804002286,RLI,34,22,10,631.00,"6,310.00"
2020-09-28,2020092804002285,RLI,34,29,10,631.00,"6,310.00"
2020-09-28,2020092804002284,RLI,34,41,10,631.00,"6,310.00"
2020-09-28,2020092804002283,RLI,34,51,10,631.00,"6,310.00"
2020-09-28,2020092804002294,RLI,48,51,10,631.00,"6,310.00"
2020-09-28,2020092804002293,RLI,48,39,10,631.00,"6,310.00"
2020-09-28,2020092804002292,RLI,48,28,10,631.00,"6,310.00"
2020-09-28,2020092804002291,RLI,48,36,10,631.00,"6,310.00"
2020-09-28,2020092804002290,RLI,48,51,10,631.00,"6,310.00"
2020-09-28,2020092804002289,RLI,48,42,10,631.00,"6,310.00"
2020-09-28,2020092804002301,RLI,25,13,10,631.00,"6,310.00"
2020-09-28,2020092804002300,RLI,25,21,10,631.00,"6,310.00"
2020-09-28,2020092804002299,RLI,25,49,10,631.00,"6,310.00"
2020-09-28,2020092804002298,RLI,48,25,10,631.00,"6,310.00"
2020-09-28,2020092804002297,RLI,48,45,10,631.00,"6,310.00"
2020-09-28,2020092804002296,RLI,48,17,10,631.00,"6,310.00"
2020-09-28,2020092804002309,RLI,25,41,10,631.00,"6,310.00"
2020-09-28,2020092804002307,RLI,25,42,10,631.00,"6,310.00"
2020-09-28,2020092804002306,RLI,25,28,10,631.00,"6,310.00"
2020-09-28,2020092804002305,RLI,25,48,10,631.00,"6,310.00"
2020-09-28,2020092804002304,RLI,25,28,10,631.00,"6,310.00"
2020-09-28,2020092804002302,RLI,25,45,10,631.00,"6,310.00"
2020-09-28,2020092804002316,RLI,11,1,10,632.00,"6,320.00"
2020-09-28,2020092804002315,RLI,11,25,10,632.00,"6,320.00"
2020-09-28,2020092804002314,RLI,11,52,10,632.00,"6,320.00"
2020-09-28,2020092804002313,RLI,11,28,10,632.00,"6,320.00"
2020-09-28,2020092804002312,RLI,11,32,10,632.00,"6,320.00"
2020-09-28,2020092804002311,RLI,11,42,10,632.00,"6,320.00"
2020-09-28,2020092804002322,RLI,11,55,10,632.00,"6,320.00"
2020-09-28,2020092804002321,RLI,11,21,10,632.00,"6,320.00"
2020-09-28,2020092804002320,RLI,11,42,10,632.00,"6,320.00"
2020-09-28,2020092804002319,RLI,11,49,10,632.00,"6,320.00"
2020-09-28,2020092804002318,RLI,11,25,10,632.00,"6,320.00"
2020-09-28,2020092804002317,RLI,11,6,10,632.00,"6,320.00"
2020-09-28,2020092804002328,RLI,11,35,10,632.00,"6,320.00"
2020-09-28,2020092804002327,RLI,11,52,10,632.00,"6,320.00"
2020-09-28,2020092804002326,RLI,11,55,10,632.00,"6,320.00"
2020-09-28,2020092804002325,RLI,11,28,10,632.00,"6,320.00"
2020-09-28,2020092804002324,RLI,20,10,10,633.00,"6,330.00"
2020-09-28,2020092804002323,RLI,11,48,10,632.00,"6,320.00"
2020-09-28,2020092804002335,RLI,20,6,10,632.00,"6,320.00"
2020-09-28,2020092804002334,RLI,38,57,10,631.00,"6,310.00"
2020-09-28,2020092804002333,RLI,25,58,10,631.00,"6,310.00"
2020-09-28,2020092804002331,RLI,11,59,10,632.00,"6,320.00"
2020-09-28,2020092804002330,RLI,11,22,10,632.00,"6,320.00"
2020-09-28,2020092804002329,RLI,11,5,10,632.00,"6,320.00"
2020-09-28,2020092804002341,RLI,20,17,10,633.00,"6,330.00"
2020-09-28,2020092804002340,RLI,20,7,10,633.00,"6,330.00"
2020-09-28,2020092804002339,RLI,20,41,10,633.00,"6,330.00"
2020-09-28,2020092804002338,RLI,20,34,10,633.00,"6,330.00"
2020-09-28,2020092804002337,RLI,20,10,10,633.00,"6,330.00"
2020-09-28,2020092804002336,RLI,20,57,10,632.00,"6,320.00"
2020-09-28,2020092804002356,RLI,38,59,10,631.00,"6,310.00"
2020-09-28,2020092804002353,RLI,38,34,10,631.00,"6,310.00"
2020-09-28,2020092804002352,RLI,38,42,10,631.00,"6,310.00"
2020-09-28,2020092804002351,RLI,38,42,10,631.00,"6,310.00"
2020-09-28,2020092804002344,RLI,38,42,10,631.00,"6,310.00"
2020-09-28,2020092804002343,RLI,38,45,10,631.00,"6,310.00"
2020-09-28,2020092804002363,RLI,38,39,10,631.00,"6,310.00"
2020-09-28,2020092804002362,RLI,38,21,10,631.00,"6,310.00"
2020-09-28,2020092804002360,RLI,38,42,10,631.00,"6,310.00"
2020-09-28,2020092804002359,RLI,38,6,10,631.00,"6,310.00"
2020-09-28,2020092804002358,RLI,38,37,10,631.00,"6,310.00"
2020-09-28,2020092804002357,RLI,38,26,10,631.00,"6,310.00"
2020-09-28,2020092804002370,RLI,58,39,10,631.00,"6,310.00"
2020-09-28,2020092804002368,RLI,58,10,10,631.00,"6,310.00"
2020-09-28,2020092804002367,RLI,58,39,10,631.00,"6,310.00"
2020-09-28,2020092804002366,RLI,58,26,10,631.00,"6,310.00"
2020-09-28,2020092804002365,RLI,38,6,10,631.00,"6,310.00"
2020-09-28,2020092804002364,RLI,38,34,10,631.00,"6,310.00"
2020-09-28,2020092804002376,RLI,56,58,10,631.00,"6,310.00"
2020-09-28,2020092804002375,RLI,56,42,10,631.00,"6,310.00"
2020-09-28,2020092804002374,RLI,56,39,10,631.00,"6,310.00"
2020-09-28,2020092804002373,RLI,56,28,10,631.00,"6,310.00"
2020-09-28,2020092804002372,RLI,56,26,10,631.00,"6,310.00"
2020-09-28,2020092804002371,RLI,56,22,10,631.00,"6,310.00"
2020-09-28,2020092804002382,RLI,59,21,10,630.00,"6,300.00"
2020-09-28,2020092804002381,RLI,16,21,10,630.00,"6,300.00"
2020-09-28,2020092804002380,RLI,56,21,10,631.00,"6,310.00"
2020-09-28,2020092804002379,RLI,56,21,10,631.00,"6,310.00"
2020-09-28,2020092804002378,RLI,56,17,10,631.00,"6,310.00"
2020-09-28,2020092804002377,RLI,56,48,10,631.00,"6,310.00"
2020-09-28,2020092804002388,RLI,16,40,10,630.00,"6,300.00"
2020-09-28,2020092804002387,RLI,16,21,10,630.00,"6,300.00"
2020-09-28,2020092804002386,RLI,59,39,10,631.00,"6,310.00"
2020-09-28,2020092804002385,RLI,59,47,10,631.00,"6,310.00"
2020-09-28,2020092804002384,RLI,59,34,10,631.00,"6,310.00"
2020-09-28,2020092804002383,RLI,59,21,10,631.00,"6,310.00"
2020-09-28,2020092804002394,RLI,40,42,10,631.00,"6,310.00"
2020-09-28,2020092804002393,RLI,14,21,10,630.00,"6,300.00"
2020-09-28,2020092804002392,RLI,14,36,10,630.00,"6,300.00"
2020-09-28,2020092804002391,RLI,36,21,10,630.00,"6,300.00"
2020-09-28,2020092804002390,RLI,36,14,10,630.00,"6,300.00"
2020-09-28,2020092804002389,RLI,16,21,10,630.00,"6,300.00"
2020-09-28,2020092804002400,RLI,4,45,10,630.00,"6,300.00"
2020-09-28,2020092804002399,RLI,4,21,10,630.00,"6,300.00"
2020-09-28,2020092804002398,RLI,4,40,10,630.00,"6,300.00"
2020-09-28,2020092804002397,RLI,14,21,10,630.00,"6,300.00"
2020-09-28,2020092804002396,RLI,14,56,10,630.00,"6,300.00"
2020-09-28,2020092804002395,RLI,14,21,10,630.00,"6,300.00"
2020-09-28,2020092804002406,RLI,42,39,10,631.00,"6,310.00"
2020-09-28,2020092804002405,RLI,25,21,10,630.00,"6,300.00"
2020-09-28,2020092804002404,RLI,25,40,10,630.00,"6,300.00"
2020-09-28,2020092804002403,RLI,25,21,10,630.00,"6,300.00"
2020-09-28,2020092804002402,RLI,4,14,10,630.00,"6,300.00"
2020-09-28,2020092804002401,RLI,4,45,10,630.00,"6,300.00"
2020-09-28,2020092804002412,RLI,42,55,10,632.00,"6,320.00"
2020-09-28,2020092804002411,RLI,42,55,10,632.00,"6,320.00"
2020-09-28,2020092804002410,RLI,42,6,10,631.00,"6,310.00"
2020-09-28,2020092804002409,RLI,42,42,10,631.00,"6,310.00"
2020-09-28,2020092804002408,RLI,42,39,10,631.00,"6,310.00"
2020-09-28,2020092804002407,RLI,42,42,10,631.00,"6,310.00"
2020-09-28,2020092804002418,RLI,42,45,10,632.00,"6,320.00"
2020-09-28,2020092804002417,RLI,42,36,10,632.00,"6,320.00"
2020-09-28,2020092804002416,RLI,42,6,10,632.00,"6,320.00"
2020-09-28,2020092804002415,RLI,42,4,10,632.00,"6,320.00"
2020-09-28,2020092804002414,RLI,42,36,10,632.00,"6,320.00"
2020-09-28,2020092804002413,RLI,42,13,10,632.00,"6,320.00"
2020-09-28,2020092804002424,RLI,25,26,10,630.00,"6,300.00"
2020-09-28,2020092804002423,RLI,25,34,10,630.00,"6,300.00"
2020-09-28,2020092804002422,RLI,42,50,10,632.00,"6,320.00"
2020-09-28,2020092804002421,RLI,42,45,10,632.00,"6,320.00"
2020-09-28,2020092804002420,RLI,47,39,10,633.00,"6,330.00"
2020-09-28,2020092804002419,RLI,42,21,10,632.00,"6,320.00"
2020-09-28,2020092804002431,RLI,11,45,10,630.00,"6,300.00"
2020-09-28,2020092804002430,RLI,25,57,10,630.00,"6,300.00"
2020-09-28,2020092804002429,RLI,25,21,10,630.00,"6,300.00"
2020-09-28,2020092804002428,RLI,25,8,10,630.00,"6,300.00"
2020-09-28,2020092804002427,RLI,25,50,10,630.00,"6,300.00"
2020-09-28,2020092804002425,RLI,25,21,10,630.00,"6,300.00"
2020-09-28,2020092804002442,RLI,51,21,10,630.00,"6,300.00"
2020-09-28,2020092804002441,RLI,51,57,10,630.00,"6,300.00"
2020-09-28,2020092804002440,RLI,51,21,10,630.00,"6,300.00"
2020-09-28,2020092804002438,RLI,51,59,10,630.00,"6,300.00"
2020-09-28,2020092804002437,RLI,11,21,10,630.00,"6,300.00"
2020-09-28,2020092804002432,RLI,11,5,10,630.00,"6,300.00"
2020-09-28,2020092804002452,RLI,59,21,10,630.00,"6,300.00"
2020-09-28,2020092804002451,RLI,59,42,10,630.00,"6,300.00"
2020-09-28,2020092804002450,RLI,58,21,10,630.00,"6,300.00"
2020-09-28,2020092804002446,RLI,58,21,10,630.00,"6,300.00"
2020-09-28,2020092804002444,RLI,33,44,10,632.00,"6,320.00"
2020-09-28,2020092804002443,RLI,51,40,10,630.00,"6,300.00"
2020-09-28,2020092804002459,RLI,59,52,10,630.00,"6,300.00"
2020-09-28,2020092804002458,RLI,59,43,10,630.00,"6,300.00"
2020-09-28,2020092804002457,RLI,59,26,10,630.00,"6,300.00"
2020-09-28,2020092804002456,RLI,59,21,10,630.00,"6,300.00"
2020-09-28,2020092804002455,RLI,59,21,10,630.00,"6,300.00"
2020-09-28,2020092804002453,RLI,59,40,10,630.00,"6,300.00"
2020-09-28,2020092804002467,RLI,1,43,10,630.00,"6,300.00"
2020-09-28,2020092804002466,RLI,1,21,10,630.00,"6,300.00"
2020-09-28,2020092804002465,RLI,1,36,10,630.00,"6,300.00"
2020-09-28,2020092804002464,RLI,1,35,10,630.00,"6,300.00"
2020-09-28,2020092804002461,RLI,59,21,10,630.00,"6,300.00"
2020-09-28,2020092804002460,RLI,59,21,10,630.00,"6,300.00"
2020-09-28,2020092804002473,RLI,1,21,10,630.00,"6,300.00"
2020-09-28,2020092804002472,RLI,1,55,10,630.00,"6,300.00"
2020-09-28,2020092804002471,RLI,1,21,10,630.00,"6,300.00"
2020-09-28,2020092804002470,RLI,1,26,10,630.00,"6,300.00"
2020-09-28,2020092804002469,RLI,1,43,10,630.00,"6,300.00"
2020-09-28,2020092804002468,RLI,1,21,10,630.00,"6,300.00"
2020-09-28,2020092804002481,RLI,45,14,10,630.00,"6,300.00"
2020-09-28,2020092804002480,RLI,1,42,10,630.00,"6,300.00"
2020-09-28,2020092804002478,RLI,1,45,10,630.00,"6,300.00"
2020-09-28,2020092804002476,RLI,57,35,10,630.00,"6,300.00"
2020-09-28,2020092804002475,RLI,57,52,10,630.00,"6,300.00"
2020-09-28,2020092804002474,RLI,57,45,10,630.00,"6,300.00"
2020-09-28,2020092804002488,RLI,48,34,10,630.00,"6,300.00"
2020-09-28,2020092804002487,RLI,48,46,10,630.00,"6,300.00"
2020-09-28,2020092804002486,RLI,48,49,10,630.00,"6,300.00"
2020-09-28,2020092804002485,RLI,48,35,10,630.00,"6,300.00"
2020-09-28,2020092804002484,RLI,21,26,10,630.00,"6,300.00"
2020-09-28,2020092804002482,RLI,45,22,10,630.00,"6,300.00"
2020-09-28,2020092804002494,RLI,48,55,10,630.00,"6,300.00"
2020-09-28,2020092804002493,RLI,48,21,10,630.00,"6,300.00"
2020-09-28,2020092804002492,RLI,48,49,10,630.00,"6,300.00"
2020-09-28,2020092804002491,RLI,48,21,10,630.00,"6,300.00"
2020-09-28,2020092804002490,RLI,48,3,10,630.00,"6,300.00"
2020-09-28,2020092804002489,RLI,48,17,10,630.00,"6,300.00"
2020-09-28,2020092804002463,SAEF,7,43,500,10.31,"5,155.00"
2020-09-28,2020092804002462,SAEF,7,43,"4,500",10.31,"46,395.00"
2020-09-28,2020092804002439,SAEF,7,50,500,10.31,"5,155.00"
2020-09-28,2020092804002308,SAEF,35,49,500,10.35,"5,175.00"
2020-09-28,2020092804002295,SAEF,35,49,500,10.35,"5,175.00"
2020-09-28,2020092804002176,SAEF,35,28,"2,000",10.35,"20,700.00"
2020-09-28,2020092804002158,SAEF,35,50,"2,000",10.35,"20,700.00"
2020-09-28,2020092804002124,SAEF,35,5,"5,000",10.35,"51,750.00"
2020-09-28,2020092804002029,SAEF,7,42,"1,000",10.32,"10,320.00"
2020-09-28,2020092804002348,SEF,6,35,"2,800",9.01,"25,228.00"
2020-09-28,2020092804002346,SEF,54,35,"1,000",9.15,"9,150.00"
2020-09-28,2020092804002345,SEF,19,35,"1,200",9.15,"10,980.00"
2020-09-28,2020092804002258,SEF,21,21,500,9.32,"4,660.00"
2020-09-28,2020092804002097,SEF,54,58,800,9.33,"7,464.00"
2020-09-28,2020092804002096,SEF,54,41,"1,000",9.33,"9,330.00"
2020-09-28,2020092804002095,SEF,54,41,"1,000",9.33,"9,330.00"
2020-09-28,2020092804002094,SEF,54,41,"1,000",9.33,"9,330.00"
2020-09-28,2020092804002093,SEF,54,41,"1,000",9.33,"9,330.00"
2020-09-28,2020092804002092,SEF,54,41,"1,000",9.33,"9,330.00"
2020-09-28,2020092804002086,SEF,54,59,400,9.15,"3,660.00"
2020-09-28,2020092804002436,STC,45,19,20,"3,470.00","69,400.00"
2020-09-28,2020092804002435,STC,41,19,20,"3,470.00","69,400.00"
2020-09-28,2020092804002434,STC,45,19,20,"3,471.00","69,420.00"
2020-09-28,2020092804001968,CMF1,42,4,200,11.01,"2,202.00"
2020-09-28,2020092804001967,CMF1,42,4,"1,000",11.01,"11,010.00"
2020-09-28,2020092804001966,CMF1,33,4,"15,000",11.01,"165,150.00"
2020-09-28,2020092804001965,CMF1,43,4,500,11.01,"5,505.00"
2020-09-28,2020092804001964,CMF1,32,4,500,11.01,"5,505.00"
2020-09-28,2020092804001960,CMF1,51,4,"6,000",11.02,"66,120.00"
2020-09-28,2020092804001711,CMF1,43,4,"10,000",11.03,"110,300.00"
2020-09-28,2020092804001710,CMF1,43,4,"10,000",11.03,"110,300.00"
2020-09-28,2020092804001694,CMF1,7,4,100,11.04,"1,104.00"
2020-09-28,2020092804001693,CMF1,43,4,500,11.04,"5,520.00"
2020-09-28,2020092804001956,CMF1,57,4,"10,000",11.03,"110,300.00"
2020-09-28,2020092804001947,CMF1,22,4,"20,000",11.10,"222,000.00"
2020-09-28,2020092804001777,CMF1,32,4,"4,500",11.01,"49,545.00"
2020-09-28,2020092804001776,CMF1,17,4,"5,000",11.01,"55,050.00"
2020-09-28,2020092804001775,CMF1,43,4,500,11.02,"5,510.00"
2020-09-28,2020092804001758,CMF1,57,4,"10,000",11.02,"110,200.00"
2020-09-28,2020092804001596,LUK,28,54,"1,000",8.85,"8,850.00"
2020-09-28,2020092804001511,LUK,47,32,"1,000",8.84,"8,840.00"
2020-09-28,2020092804001928,NEF,45,6,500,8.75,"4,375.00"
2020-09-28,2020092804001804,NIBPO,34,50,500,364.00,"182,000.00"
2020-09-28,2020092804001510,NIBPO,34,34,152,363.00,"55,176.00"
2020-09-28,2020092804001794,NIBSF1,52,7,"2,000",9.40,"18,800.00"
2020-09-28,2020092804001793,NIBSF1,52,7,"2,000",9.40,"18,800.00"
2020-09-28,2020092804001792,NIBSF1,52,7,"2,000",9.40,"18,800.00"
2020-09-28,2020092804001670,NIBSF1,52,7,"2,000",9.40,"18,800.00"
2020-09-28,2020092804001591,NIBSF1,52,7,"2,000",9.46,"18,920.00"
2020-09-28,2020092804001560,NIBSF1,52,7,"2,000",9.45,"18,900.00"
2020-09-28,2020092804001559,NIBSF1,52,7,"2,000",9.45,"18,900.00"
2020-09-28,2020092804001558,NIBSF1,52,7,600,9.45,"5,670.00"
2020-09-28,2020092804001573,NICBF,22,22,200,8.74,"1,748.00"
2020-09-28,2020092804001625,NMB50,7,43,250,9.25,"2,312.50"
2020-09-28,2020092804001886,NMBHF1,16,35,"1,000",9.97,"9,970.00"
2020-09-28,2020092804001586,NMBHF1,35,25,832,9.95,"8,278.40"
2020-09-28,2020092804001771,RBCLPO,4,58,10,"10,450.00","104,500.00"
2020-09-28,2020092804001770,RBCLPO,4,58,40,"10,450.00","418,000.00"
2020-09-28,2020092804001697,RBCLPO,40,59,20,"10,445.00","208,900.00"
2020-09-28,2020092804002000,RLI,56,43,10,631.00,"6,310.00"
2020-09-28,2020092804001999,RLI,56,43,10,631.00,"6,310.00"
2020-09-28,2020092804001998,RLI,56,43,10,631.00,"6,310.00"
2020-09-28,2020092804001997,RLI,56,58,10,631.00,"6,310.00"
2020-09-28,2020092804001996,RLI,56,58,10,631.00,"6,310.00"
2020-09-28,2020092804001995,RLI,56,26,10,631.00,"6,310.00"
2020-09-28,2020092804001503,RLI,22,39,10,630.00,"6,300.00"
2020-09-28,2020092804001509,RLI,6,58,10,630.00,"6,300.00"
2020-09-28,2020092804001508,RLI,6,43,10,630.00,"6,300.00"
2020-09-28,2020092804001507,RLI,6,48,10,630.00,"6,300.00"
2020-09-28,2020092804001506,RLI,6,54,10,630.00,"6,300.00"
2020-09-28,2020092804001505,RLI,21,22,10,630.00,"6,300.00"
2020-09-28,2020092804001504,RLI,50,41,10,631.00,"6,310.00"
2020-09-28,2020092804001517,RLI,6,38,10,630.00,"6,300.00"
2020-09-28,2020092804001516,RLI,6,48,10,630.00,"6,300.00"
2020-09-28,2020092804001515,RLI,6,40,10,630.00,"6,300.00"
2020-09-28,2020092804001514,RLI,6,43,10,630.00,"6,300.00"
2020-09-28,2020092804001513,RLI,6,40,10,630.00,"6,300.00"
2020-09-28,2020092804001512,RLI,6,57,10,630.00,"6,300.00"
2020-09-28,2020092804001523,RLI,33,54,10,630.00,"6,300.00"
2020-09-28,2020092804001522,RLI,33,48,10,630.00,"6,300.00"
2020-09-28,2020092804001521,RLI,33,45,10,630.00,"6,300.00"
2020-09-28,2020092804001520,RLI,33,45,10,630.00,"6,300.00"
2020-09-28,2020092804001519,RLI,33,58,10,630.00,"6,300.00"
2020-09-28,2020092804001518,RLI,33,56,10,630.00,"6,300.00"
2020-09-28,2020092804001530,RLI,45,54,10,630.00,"6,300.00"
2020-09-28,2020092804001529,RLI,45,48,10,630.00,"6,300.00"
2020-09-28,2020092804001528,RLI,33,42,10,630.00,"6,300.00"
2020-09-28,2020092804001527,RLI,33,25,10,630.00,"6,300.00"
2020-09-28,2020092804001525,RLI,33,48,10,630.00,"6,300.00"
2020-09-28,2020092804001524,RLI,33,43,10,630.00,"6,300.00"
2020-09-28,2020092804001537,RLI,58,51,10,630.00,"6,300.00"
2020-09-28,2020092804001536,RLI,58,48,10,630.00,"6,300.00"
2020-09-28,2020092804001535,RLI,34,45,10,630.00,"6,300.00"
2020-09-28,2020092804001533,RLI,45,57,10,630.00,"6,300.00"
2020-09-28,2020092804001532,RLI,45,20,10,630.00,"6,300.00"
2020-09-28,2020092804001531,RLI,45,25,10,630.00,"6,300.00"
2020-09-28,2020092804001543,RLI,33,8,10,630.00,"6,300.00"
2020-09-28,2020092804001542,RLI,33,35,10,630.00,"6,300.00"
2020-09-28,2020092804001541,RLI,33,26,10,630.00,"6,300.00"
2020-09-28,2020092804001540,RLI,58,48,10,630.00,"6,300.00"
2020-09-28,2020092804001539,RLI,58,45,10,630.00,"6,300.00"
2020-09-28,2020092804001538,RLI,58,21,10,630.00,"6,300.00"
2020-09-28,2020092804001549,RLI,59,52,10,631.00,"6,310.00"
2020-09-28,2020092804001548,RLI,59,6,10,631.00,"6,310.00"
2020-09-28,2020092804001547,RLI,59,41,10,631.00,"6,310.00"
2020-09-28,2020092804001546,RLI,33,21,10,630.00,"6,300.00"
2020-09-28,2020092804001545,RLI,33,57,10,630.00,"6,300.00"
2020-09-28,2020092804001544,RLI,33,46,10,630.00,"6,300.00"
2020-09-28,2020092804001555,RLI,59,17,10,632.00,"6,320.00"
2020-09-28,2020092804001554,RLI,59,52,10,632.00,"6,320.00"
2020-09-28,2020092804001553,RLI,59,43,10,632.00,"6,320.00"
2020-09-28,2020092804001552,RLI,59,42,10,632.00,"6,320.00"
2020-09-28,2020092804001551,RLI,59,43,10,632.00,"6,320.00"
2020-09-28,2020092804001550,RLI,59,43,10,632.00,"6,320.00"
2020-09-28,2020092804001564,RLI,17,21,10,630.00,"6,300.00"
2020-09-28,2020092804001563,RLI,33,21,10,630.00,"6,300.00"
2020-09-28,2020092804001562,RLI,33,21,10,630.00,"6,300.00"
2020-09-28,2020092804001561,RLI,33,48,10,630.00,"6,300.00"
2020-09-28,2020092804001557,RLI,33,54,10,630.00,"6,300.00"
2020-09-28,2020092804001556,RLI,59,52,10,632.00,"6,320.00"
2020-09-28,2020092804001570,RLI,57,16,10,630.00,"6,300.00"
2020-09-28,2020092804001569,RLI,57,44,10,630.00,"6,300.00"
2020-09-28,2020092804001568,RLI,57,48,10,630.00,"6,300.00"
2020-09-28,2020092804001567,RLI,45,26,10,630.00,"6,300.00"
2020-09-28,2020092804001566,RLI,51,7,10,630.00,"6,300.00"
2020-09-28,2020092804001565,RLI,17,21,10,630.00,"6,300.00"
2020-09-28,2020092804001577,RLI,53,59,10,631.00,"6,310.00"
2020-09-28,2020092804001576,RLI,53,48,10,631.00,"6,310.00"
2020-09-28,2020092804001575,RLI,11,54,10,630.00,"6,300.00"
2020-09-28,2020092804001574,RLI,11,48,10,630.00,"6,300.00"
2020-09-28,2020092804001572,RLI,57,42,10,630.00,"6,300.00"
2020-09-28,2020092804001571,RLI,57,54,10,630.00,"6,300.00"
2020-09-28,2020092804001583,RLI,7,51,10,630.00,"6,300.00"
2020-09-28,2020092804001582,RLI,7,48,10,630.00,"6,300.00"
2020-09-28,2020092804001581,RLI,11,47,10,630.00,"6,300.00"
2020-09-28,2020092804001580,RLI,53,36,10,631.00,"6,310.00"
2020-09-28,2020092804001579,RLI,53,54,10,631.00,"6,310.00"
2020-09-28,2020092804001578,RLI,53,48,10,631.00,"6,310.00"
2020-09-28,2020092804001590,RLI,16,38,10,630.00,"6,300.00"
2020-09-28,2020092804001589,RLI,16,44,10,630.00,"6,300.00"
2020-09-28,2020092804001588,RLI,16,47,10,630.00,"6,300.00"
2020-09-28,2020092804001587,RLI,16,58,10,630.00,"6,300.00"
2020-09-28,2020092804001585,RLI,16,36,10,630.00,"6,300.00"
2020-09-28,2020092804001584,RLI,16,58,10,630.00,"6,300.00"
2020-09-28,2020092804001598,RLI,16,48,10,630.00,"6,300.00"
2020-09-28,2020092804001597,RLI,16,14,10,630.00,"6,300.00"
2020-09-28,2020092804001595,RLI,16,43,10,630.00,"6,300.00"
2020-09-28,2020092804001594,RLI,16,38,10,630.00,"6,300.00"
2020-09-28,2020092804001593,RLI,16,17,10,630.00,"6,300.00"
2020-09-28,2020092804001592,RLI,16,48,10,630.00,"6,300.00"
2020-09-28,2020092804001607,RLI,45,48,10,631.00,"6,310.00"
2020-09-28,2020092804001606,RLI,45,38,10,631.00,"6,310.00"
2020-09-28,2020092804001605,RLI,45,55,10,631.00,"6,310.00"
2020-09-28,2020092804001604,RLI,45,43,10,631.00,"6,310.00"
2020-09-28,2020092804001603,RLI,16,48,10,630.00,"6,300.00"
2020-09-28,2020092804001602,RLI,16,47,10,630.00,"6,300.00"
2020-09-28,2020092804001613,RLI,45,49,10,631.00,"6,310.00"
2020-09-28,2020092804001612,RLI,45,58,10,631.00,"6,310.00"
2020-09-28,2020092804001611,RLI,45,48,10,631.00,"6,310.00"
2020-09-28,2020092804001610,RLI,45,49,10,631.00,"6,310.00"
2020-09-28,2020092804001609,RLI,45,38,10,631.00,"6,310.00"
2020-09-28,2020092804001608,RLI,45,48,10,631.00,"6,310.00"
2020-09-28,2020092804001619,RLI,45,38,10,631.00,"6,310.00"
2020-09-28,2020092804001618,RLI,45,49,10,631.00,"6,310.00"
2020-09-28,2020092804001617,RLI,45,48,10,631.00,"6,310.00"
2020-09-28,2020092804001616,RLI,45,49,10,631.00,"6,310.00"
2020-09-28,2020092804001615,RLI,45,48,10,631.00,"6,310.00"
2020-09-28,2020092804001614,RLI,45,47,10,631.00,"6,310.00"
2020-09-28,2020092804001626,RLI,45,41,10,631.00,"6,310.00"
2020-09-28,2020092804001624,RLI,45,32,10,631.00,"6,310.00"
2020-09-28,2020092804001623,RLI,45,49,10,631.00,"6,310.00"
2020-09-28,2020092804001622,RLI,45,48,10,631.00,"6,310.00"
2020-09-28,2020092804001621,RLI,45,49,10,631.00,"6,310.00"
2020-09-28,2020092804001620,RLI,45,47,10,631.00,"6,310.00"
2020-09-28,2020092804001632,RLI,6,45,10,632.00,"6,320.00"
2020-09-28,2020092804001631,RLI,6,28,10,632.00,"6,320.00"
2020-09-28,2020092804001630,RLI,6,57,10,632.00,"6,320.00"
2020-09-28,2020092804001629,RLI,45,32,10,631.00,"6,310.00"
2020-09-28,2020092804001628,RLI,45,1,10,631.00,"6,310.00"
2020-09-28,2020092804001627,RLI,45,48,10,631.00,"6,310.00"
2020-09-28,2020092804001638,RLI,6,54,10,632.00,"6,320.00"
2020-09-28,2020092804001637,RLI,6,49,10,632.00,"6,320.00"
2020-09-28,2020092804001636,RLI,6,50,20,632.00,"12,640.00"
2020-09-28,2020092804001635,RLI,6,6,10,632.00,"6,320.00"
2020-09-28,2020092804001634,RLI,6,14,10,632.00,"6,320.00"
2020-09-28,2020092804001633,RLI,6,41,10,632.00,"6,320.00"
2020-09-28,2020092804001644,RLI,25,49,10,632.00,"6,320.00"
2020-09-28,2020092804001643,RLI,25,6,10,632.00,"6,320.00"
2020-09-28,2020092804001642,RLI,25,52,10,632.00,"6,320.00"
2020-09-28,2020092804001641,RLI,25,58,10,632.00,"6,320.00"
2020-09-28,2020092804001640,RLI,25,32,10,632.00,"6,320.00"
2020-09-28,2020092804001639,RLI,25,58,10,632.00,"6,320.00"
2020-09-28,2020092804001650,RLI,25,52,10,632.00,"6,320.00"
2020-09-28,2020092804001649,RLI,25,59,10,632.00,"6,320.00"
2020-09-28,2020092804001648,RLI,25,48,10,632.00,"6,320.00"
2020-09-28,2020092804001647,RLI,25,49,10,632.00,"6,320.00"
2020-09-28,2020092804001646,RLI,25,59,10,632.00,"6,320.00"
2020-09-28,2020092804001645,RLI,25,48,10,632.00,"6,320.00"
2020-09-28,2020092804001656,RLI,45,58,10,631.00,"6,310.00"
2020-09-28,2020092804001655,RLI,45,56,10,631.00,"6,310.00"
2020-09-28,2020092804001654,RLI,45,58,10,631.00,"6,310.00"
2020-09-28,2020092804001653,RLI,45,58,10,631.00,"6,310.00"
2020-09-28,2020092804001652,RLI,45,59,10,631.00,"6,310.00"
2020-09-28,2020092804001651,RLI,25,59,10,632.00,"6,320.00"
2020-09-28,2020092804001662,RLI,45,21,10,631.00,"6,310.00"
2020-09-28,2020092804001661,RLI,45,56,10,631.00,"6,310.00"
2020-09-28,2020092804001660,RLI,45,48,10,631.00,"6,310.00"
2020-09-28,2020092804001659,RLI,45,35,10,631.00,"6,310.00"
2020-09-28,2020092804001658,RLI,45,58,10,631.00,"6,310.00"
2020-09-28,2020092804001657,RLI,45,49,10,631.00,"6,310.00"
2020-09-28,2020092804001668,RLI,16,36,10,631.00,"6,310.00"
2020-09-28,2020092804001667,RLI,16,48,10,631.00,"6,310.00"
2020-09-28,2020092804001666,RLI,45,58,10,631.00,"6,310.00"
2020-09-28,2020092804001665,RLI,45,6,10,631.00,"6,310.00"
2020-09-28,2020092804001664,RLI,45,58,10,631.00,"6,310.00"
2020-09-28,2020092804001663,RLI,45,56,10,631.00,"6,310.00"
2020-09-28,2020092804001675,RLI,16,21,10,631.00,"6,310.00"
2020-09-28,2020092804001674,RLI,16,7,10,631.00,"6,310.00"
2020-09-28,2020092804001673,RLI,16,29,10,631.00,"6,310.00"
2020-09-28,2020092804001672,RLI,16,21,10,631.00,"6,310.00"
2020-09-28,2020092804001671,RLI,16,29,10,631.00,"6,310.00"
2020-09-28,2020092804001669,RLI,16,29,10,631.00,"6,310.00"
2020-09-28,2020092804001681,RLI,16,59,10,631.00,"6,310.00"
2020-09-28,2020092804001680,RLI,16,47,10,631.00,"6,310.00"
2020-09-28,2020092804001679,RLI,16,39,10,631.00,"6,310.00"
2020-09-28,2020092804001678,RLI,16,21,10,631.00,"6,310.00"
2020-09-28,2020092804001677,RLI,16,22,10,631.00,"6,310.00"
2020-09-28,2020092804001676,RLI,16,48,10,631.00,"6,310.00"
2020-09-28,2020092804001687,RLI,16,47,10,631.00,"6,310.00"
2020-09-28,2020092804001686,RLI,16,53,10,631.00,"6,310.00"
2020-09-28,2020092804001685,RLI,16,21,10,631.00,"6,310.00"
2020-09-28,2020092804001684,RLI,16,47,10,631.00,"6,310.00"
2020-09-28,2020092804001683,RLI,16,21,10,631.00,"6,310.00"
2020-09-28,2020092804001682,RLI,16,29,10,631.00,"6,310.00"
2020-09-28,2020092804001695,RLI,3,59,10,631.00,"6,310.00"
2020-09-28,2020092804001692,RLI,3,47,10,631.00,"6,310.00"
2020-09-28,2020092804001691,RLI,3,36,10,631.00,"6,310.00"
2020-09-28,2020092804001690,RLI,3,47,10,631.00,"6,310.00"
2020-09-28,2020092804001689,RLI,3,21,10,631.00,"6,310.00"
2020-09-28,2020092804001688,RLI,3,21,10,631.00,"6,310.00"
2020-09-28,2020092804001702,RLI,45,8,10,631.00,"6,310.00"
2020-09-28,2020092804001701,RLI,16,39,10,630.00,"6,300.00"
2020-09-28,2020092804001700,RLI,3,22,10,631.00,"6,310.00"
2020-09-28,2020092804001699,RLI,3,16,10,631.00,"6,310.00"
2020-09-28,2020092804001698,RLI,3,37,10,631.00,"6,310.00"
2020-09-28,2020092804001696,RLI,3,16,10,631.00,"6,310.00"
2020-09-28,2020092804001708,RLI,45,8,10,631.00,"6,310.00"
2020-09-28,2020092804001707,RLI,45,21,10,631.00,"6,310.00"
2020-09-28,2020092804001706,RLI,45,4,10,631.00,"6,310.00"
2020-09-28,2020092804001705,RLI,45,47,10,631.00,"6,310.00"
2020-09-28,2020092804001704,RLI,45,16,10,631.00,"6,310.00"
2020-09-28,2020092804001703,RLI,45,6,10,631.00,"6,310.00"
2020-09-28,2020092804001716,RLI,45,35,10,631.00,"6,310.00"
2020-09-28,2020092804001715,RLI,16,47,10,630.00,"6,300.00"
2020-09-28,2020092804001714,RLI,16,29,10,630.00,"6,300.00"
2020-09-28,2020092804001713,RLI,45,57,10,631.00,"6,310.00"
2020-09-28,2020092804001712,RLI,45,47,10,631.00,"6,310.00"
2020-09-28,2020092804001709,RLI,45,44,10,631.00,"6,310.00"
2020-09-28,2020092804001722,RLI,45,57,10,632.00,"6,320.00"
2020-09-28,2020092804001721,RLI,45,58,10,632.00,"6,320.00"
2020-09-28,2020092804001720,RLI,45,55,10,632.00,"6,320.00"
2020-09-28,2020092804001719,RLI,45,49,10,632.00,"6,320.00"
2020-09-28,2020092804001718,RLI,45,16,10,631.00,"6,310.00"
2020-09-28,2020092804001717,RLI,45,36,10,631.00,"6,310.00"
2020-09-28,2020092804001732,RLI,16,4,10,630.00,"6,300.00"
2020-09-28,2020092804001727,RLI,16,50,10,630.00,"6,300.00"
2020-09-28,2020092804001726,RLI,16,34,10,630.00,"6,300.00"
2020-09-28,2020092804001725,RLI,45,58,10,632.00,"6,320.00"
2020-09-28,2020092804001724,RLI,45,35,100,632.00,"63,200.00"
2020-09-28,2020092804001723,RLI,45,45,10,632.00,"6,320.00"
2020-09-28,2020092804001738,RLI,26,20,10,630.00,"6,300.00"
2020-09-28,2020092804001737,RLI,26,4,10,630.00,"6,300.00"
2020-09-28,2020092804001736,RLI,26,29,10,630.00,"6,300.00"
2020-09-28,2020092804001735,RLI,26,29,10,630.00,"6,300.00"
2020-09-28,2020092804001734,RLI,34,16,10,630.00,"6,300.00"
2020-09-28,2020092804001733,RLI,34,49,10,630.00,"6,300.00"
2020-09-28,2020092804001744,RLI,42,35,10,630.00,"6,300.00"
2020-09-28,2020092804001743,RLI,42,8,10,630.00,"6,300.00"
2020-09-28,2020092804001742,RLI,42,41,10,630.00,"6,300.00"
2020-09-28,2020092804001741,RLI,42,32,10,630.00,"6,300.00"
2020-09-28,2020092804001740,RLI,42,14,10,630.00,"6,300.00"
2020-09-28,2020092804001739,RLI,26,41,10,630.00,"6,300.00"
2020-09-28,2020092804001750,RLI,42,40,10,630.00,"6,300.00"
2020-09-28,2020092804001749,RLI,29,44,10,631.00,"6,310.00"
2020-09-28,2020092804001748,RLI,29,44,10,631.00,"6,310.00"
2020-09-28,2020092804001747,RLI,29,45,10,631.00,"6,310.00"
2020-09-28,2020092804001746,RLI,29,6,10,631.00,"6,310.00"
2020-09-28,2020092804001745,RLI,42,49,10,630.00,"6,300.00"
2020-09-28,2020092804001756,RLI,39,32,10,630.00,"6,300.00"
2020-09-28,2020092804001755,RLI,39,32,10,630.00,"6,300.00"
2020-09-28,2020092804001754,RLI,42,3,10,630.00,"6,300.00"
2020-09-28,2020092804001753,RLI,42,38,10,630.00,"6,300.00"
2020-09-28,2020092804001752,RLI,42,35,10,630.00,"6,300.00"
2020-09-28,2020092804001751,RLI,42,41,10,630.00,"6,300.00"
2020-09-28,2020092804001763,RLI,39,28,10,630.00,"6,300.00"
2020-09-28,2020092804001762,RLI,39,13,10,630.00,"6,300.00"
2020-09-28,2020092804001761,RLI,39,3,10,630.00,"6,300.00"
2020-09-28,2020092804001760,RLI,39,49,10,630.00,"6,300.00"
2020-09-28,2020092804001759,RLI,39,38,10,630.00,"6,300.00"
2020-09-28,2020092804001757,RLI,39,34,10,630.00,"6,300.00"
2020-09-28,2020092804001769,RLI,39,3,10,630.00,"6,300.00"
2020-09-28,2020092804001768,RLI,39,11,10,630.00,"6,300.00"
2020-09-28,2020092804001767,RLI,39,20,10,630.00,"6,300.00"
2020-09-28,2020092804001766,RLI,39,3,10,630.00,"6,300.00"
2020-09-28,2020092804001765,RLI,39,3,10,630.00,"6,300.00"
2020-09-28,2020092804001764,RLI,39,52,10,630.00,"6,300.00"
2020-09-28,2020092804001780,RLI,16,16,10,631.00,"6,310.00"
2020-09-28,2020092804001779,RLI,16,49,10,631.00,"6,310.00"
2020-09-28,2020092804001778,RLI,16,58,10,631.00,"6,310.00"
2020-09-28,2020092804001774,RLI,16,58,10,631.00,"6,310.00"
2020-09-28,2020092804001773,RLI,16,11,10,631.00,"6,310.00"
2020-09-28,2020092804001772,RLI,16,37,10,631.00,"6,310.00"
2020-09-28,2020092804001786,RLI,39,5,10,630.00,"6,300.00"
2020-09-28,2020092804001785,RLI,39,7,10,630.00,"6,300.00"
2020-09-28,2020092804001784,RLI,16,29,10,631.00,"6,310.00"
2020-09-28,2020092804001783,RLI,16,49,10,631.00,"6,310.00"
2020-09-28,2020092804001782,RLI,16,39,10,631.00,"6,310.00"
2020-09-28,2020092804001781,RLI,16,45,10,631.00,"6,310.00"
2020-09-28,2020092804001795,RLI,39,39,10,630.00,"6,300.00"
2020-09-28,2020092804001791,RLI,39,49,10,630.00,"6,300.00"
2020-09-28,2020092804001790,RLI,39,39,10,630.00,"6,300.00"
2020-09-28,2020092804001789,RLI,39,17,10,630.00,"6,300.00"
2020-09-28,2020092804001788,RLI,39,49,10,630.00,"6,300.00"
2020-09-28,2020092804001787,RLI,39,39,10,630.00,"6,300.00"
2020-09-28,2020092804001801,RLI,57,19,10,631.00,"6,310.00"
2020-09-28,2020092804001800,RLI,57,1,10,631.00,"6,310.00"
2020-09-28,2020092804001799,RLI,57,19,10,631.00,"6,310.00"
2020-09-28,2020092804001798,RLI,39,16,10,630.00,"6,300.00"
2020-09-28,2020092804001797,RLI,39,35,10,630.00,"6,300.00"
2020-09-28,2020092804001796,RLI,39,39,10,630.00,"6,300.00"
2020-09-28,2020092804001808,RLI,57,41,10,631.00,"6,310.00"
2020-09-28,2020092804001807,RLI,57,11,10,631.00,"6,310.00"
2020-09-28,2020092804001806,RLI,57,25,10,631.00,"6,310.00"
2020-09-28,2020092804001805,RLI,57,39,10,631.00,"6,310.00"
2020-09-28,2020092804001803,RLI,57,37,10,631.00,"6,310.00"
2020-09-28,2020092804001802,RLI,57,11,10,631.00,"6,310.00"
2020-09-28,2020092804001814,RLI,57,17,10,631.00,"6,310.00"
2020-09-28,2020092804001813,RLI,57,49,10,631.00,"6,310.00"
2020-09-28,2020092804001812,RLI,57,55,10,631.00,"6,310.00"
2020-09-28,2020092804001811,RLI,57,39,10,631.00,"6,310.00"
2020-09-28,2020092804001810,RLI,57,46,10,631.00,"6,310.00"
2020-09-28,2020092804001809,RLI,57,39,10,631.00,"6,310.00"
2020-09-28,2020092804001820,RLI,44,35,10,632.00,"6,320.00"
2020-09-28,2020092804001819,RLI,44,14,10,632.00,"6,320.00"
2020-09-28,2020092804001818,RLI,44,6,10,632.00,"6,320.00"
2020-09-28,2020092804001817,RLI,44,58,10,632.00,"6,320.00"
2020-09-28,2020092804001816,RLI,57,41,10,631.00,"6,310.00"
2020-09-28,2020092804001815,RLI,57,46,10,631.00,"6,310.00"
2020-09-28,2020092804001826,RLI,44,39,10,632.00,"6,320.00"
2020-09-28,2020092804001825,RLI,44,39,10,632.00,"6,320.00"
2020-09-28,2020092804001824,RLI,44,39,10,632.00,"6,320.00"
2020-09-28,2020092804001823,RLI,44,39,10,632.00,"6,320.00"
2020-09-28,2020092804001822,RLI,44,39,10,632.00,"6,320.00"
2020-09-28,2020092804001821,RLI,44,39,10,632.00,"6,320.00"
2020-09-28,2020092804001832,RLI,44,39,10,632.00,"6,320.00"
2020-09-28,2020092804001831,RLI,44,39,10,632.00,"6,320.00"
2020-09-28,2020092804001830,RLI,44,49,10,632.00,"6,320.00"
2020-09-28,2020092804001829,RLI,44,39,10,632.00,"6,320.00"
2020-09-28,2020092804001828,RLI,44,39,10,632.00,"6,320.00"
2020-09-28,2020092804001827,RLI,44,39,10,632.00,"6,320.00"
2020-09-28,2020092804001838,RLI,44,59,10,632.00,"6,320.00"
2020-09-28,2020092804001837,RLI,44,39,10,632.00,"6,320.00"
2020-09-28,2020092804001836,RLI,44,39,10,632.00,"6,320.00"
2020-09-28,2020092804001835,RLI,44,39,10,632.00,"6,320.00"
2020-09-28,2020092804001834,RLI,44,39,10,632.00,"6,320.00"
2020-09-28,2020092804001833,RLI,44,39,10,632.00,"6,320.00"
2020-09-28,2020092804001844,RLI,57,38,10,631.00,"6,310.00"
2020-09-28,2020092804001843,RLI,57,17,10,631.00,"6,310.00"
2020-09-28,2020092804001842,RLI,57,53,10,631.00,"6,310.00"
2020-09-28,2020092804001841,RLI,44,16,10,632.00,"6,320.00"
2020-09-28,2020092804001840,RLI,44,39,10,632.00,"6,320.00"
2020-09-28,2020092804001839,RLI,44,22,10,632.00,"6,320.00"
2020-09-28,2020092804001852,RLI,41,38,10,631.00,"6,310.00"
2020-09-28,2020092804001851,RLI,57,48,10,631.00,"6,310.00"
2020-09-28,2020092804001850,RLI,57,49,10,631.00,"6,310.00"
2020-09-28,2020092804001849,RLI,57,7,10,631.00,"6,310.00"
2020-09-28,2020092804001848,RLI,57,38,10,631.00,"6,310.00"
2020-09-28,2020092804001845,RLI,57,38,10,631.00,"6,310.00"
2020-09-28,2020092804001858,RLI,39,49,10,631.00,"6,310.00"
2020-09-28,2020092804001857,RLI,39,58,10,631.00,"6,310.00"
2020-09-28,2020092804001856,RLI,39,17,10,631.00,"6,310.00"
2020-09-28,2020092804001855,RLI,39,38,10,631.00,"6,310.00"
2020-09-28,2020092804001854,RLI,39,49,10,631.00,"6,310.00"
2020-09-28,2020092804001853,RLI,41,53,10,631.00,"6,310.00"
2020-09-28,2020092804001864,RLI,39,39,10,631.00,"6,310.00"
2020-09-28,2020092804001863,RLI,39,19,10,631.00,"6,310.00"
2020-09-28,2020092804001862,RLI,39,38,10,631.00,"6,310.00"
2020-09-28,2020092804001861,RLI,39,39,10,631.00,"6,310.00"
2020-09-28,2020092804001860,RLI,39,45,10,631.00,"6,310.00"
2020-09-28,2020092804001859,RLI,39,38,10,631.00,"6,310.00"
2020-09-28,2020092804001870,RLI,39,1,10,631.00,"6,310.00"
2020-09-28,2020092804001869,RLI,39,39,10,631.00,"6,310.00"
2020-09-28,2020092804001868,RLI,39,45,10,631.00,"6,310.00"
2020-09-28,2020092804001867,RLI,39,38,10,631.00,"6,310.00"
2020-09-28,2020092804001866,RLI,39,57,10,631.00,"6,310.00"
2020-09-28,2020092804001865,RLI,39,17,10,631.00,"6,310.00"
2020-09-28,2020092804001876,RLI,17,50,10,632.00,"6,320.00"
2020-09-28,2020092804001875,RLI,25,16,10,631.00,"6,310.00"
2020-09-28,2020092804001874,RLI,25,7,10,631.00,"6,310.00"
2020-09-28,2020092804001873,RLI,39,59,10,631.00,"6,310.00"
2020-09-28,2020092804001872,RLI,39,48,10,631.00,"6,310.00"
2020-09-28,2020092804001871,RLI,39,38,10,631.00,"6,310.00"
2020-09-28,2020092804001882,RLI,17,44,10,632.00,"6,320.00"
2020-09-28,2020092804001881,RLI,17,7,10,632.00,"6,320.00"
2020-09-28,2020092804001880,RLI,17,39,10,632.00,"6,320.00"
2020-09-28,2020092804001879,RLI,17,39,10,632.00,"6,320.00"
2020-09-28,2020092804001878,RLI,17,39,10,632.00,"6,320.00"
2020-09-28,2020092804001877,RLI,17,39,10,632.00,"6,320.00"
2020-09-28,2020092804001889,RLI,25,49,10,631.00,"6,310.00"
2020-09-28,2020092804001888,RLI,25,20,10,631.00,"6,310.00"
2020-09-28,2020092804001887,RLI,25,38,10,631.00,"6,310.00"
2020-09-28,2020092804001885,RLI,17,41,10,632.00,"6,320.00"
2020-09-28,2020092804001884,RLI,17,39,10,632.00,"6,320.00"
2020-09-28,2020092804001883,RLI,17,58,10,632.00,"6,320.00"
2020-09-28,2020092804001895,RLI,53,39,10,632.00,"6,320.00"
2020-09-28,2020092804001894,RLI,53,39,10,632.00,"6,320.00"
2020-09-28,2020092804001893,RLI,25,38,10,631.00,"6,310.00"
2020-09-28,2020092804001892,RLI,25,8,10,631.00,"6,310.00"
2020-09-28,2020092804001891,RLI,25,28,10,631.00,"6,310.00"
2020-09-28,2020092804001890,RLI,25,59,10,631.00,"6,310.00"
2020-09-28,2020092804001901,RLI,25,20,10,631.00,"6,310.00"
2020-09-28,2020092804001900,RLI,25,49,10,631.00,"6,310.00"
2020-09-28,2020092804001899,RLI,25,57,10,631.00,"6,310.00"
2020-09-28,2020092804001898,RLI,25,48,10,631.00,"6,310.00"
2020-09-28,2020092804001897,RLI,25,45,10,631.00,"6,310.00"
2020-09-28,2020092804001896,RLI,25,58,10,631.00,"6,310.00"
2020-09-28,2020092804001907,RLI,25,57,10,631.00,"6,310.00"
2020-09-28,2020092804001906,RLI,57,39,10,632.00,"6,320.00"
2020-09-28,2020092804001905,RLI,57,58,10,632.00,"6,320.00"
2020-09-28,2020092804001904,RLI,57,39,10,632.00,"6,320.00"
2020-09-28,2020092804001903,RLI,25,38,10,631.00,"6,310.00"
2020-09-28,2020092804001902,RLI,25,57,10,631.00,"6,310.00"
2020-09-28,2020092804001913,RLI,39,39,10,632.00,"6,320.00"
2020-09-28,2020092804001912,RLI,25,48,10,631.00,"6,310.00"
2020-09-28,2020092804001911,RLI,25,58,10,631.00,"6,310.00"
2020-09-28,2020092804001910,RLI,25,49,10,631.00,"6,310.00"
2020-09-28,2020092804001909,RLI,25,59,10,631.00,"6,310.00"
2020-09-28,2020092804001908,RLI,25,44,10,631.00,"6,310.00"
2020-09-28,2020092804001919,RLI,39,32,10,632.00,"6,320.00"
2020-09-28,2020092804001918,RLI,39,39,10,632.00,"6,320.00"
2020-09-28,2020092804001917,RLI,39,39,10,632.00,"6,320.00"
2020-09-28,2020092804001916,RLI,39,39,10,632.00,"6,320.00"
2020-09-28,2020092804001915,RLI,39,39,10,632.00,"6,320.00"
2020-09-28,2020092804001914,RLI,39,41,10,632.00,"6,320.00"
2020-09-28,2020092804001925,RLI,25,29,10,631.00,"6,310.00"
2020-09-28,2020092804001924,RLI,25,35,10,631.00,"6,310.00"
2020-09-28,2020092804001923,RLI,25,58,10,631.00,"6,310.00"
2020-09-28,2020092804001922,RLI,39,45,10,632.00,"6,320.00"
2020-09-28,2020092804001921,RLI,39,47,10,632.00,"6,320.00"
2020-09-28,2020092804001920,RLI,39,20,10,632.00,"6,320.00"
2020-09-28,2020092804001932,RLI,25,29,10,631.00,"6,310.00"
2020-09-28,2020092804001931,RLI,25,58,10,631.00,"6,310.00"
2020-09-28,2020092804001930,RLI,25,59,10,631.00,"6,310.00"
2020-09-28,2020092804001929,RLI,25,20,10,631.00,"6,310.00"
2020-09-28,2020092804001927,RLI,25,49,10,631.00,"6,310.00"
2020-09-28,2020092804001926,RLI,25,10,10,631.00,"6,310.00"
2020-09-28,2020092804001938,RLI,25,22,10,631.00,"6,310.00"
2020-09-28,2020092804001937,RLI,25,39,10,631.00,"6,310.00"
2020-09-28,2020092804001936,RLI,25,59,10,631.00,"6,310.00"
2020-09-28,2020092804001935,RLI,25,38,10,631.00,"6,310.00"
2020-09-28,2020092804001934,RLI,25,49,10,631.00,"6,310.00"
2020-09-28,2020092804001933,RLI,25,59,10,631.00,"6,310.00"
2020-09-28,2020092804001944,RLI,25,45,10,631.00,"6,310.00"
2020-09-28,2020092804001943,RLI,25,51,10,631.00,"6,310.00"
2020-09-28,2020092804001942,RLI,25,58,10,631.00,"6,310.00"
2020-09-28,2020092804001941,RLI,25,13,10,631.00,"6,310.00"
2020-09-28,2020092804001940,RLI,25,22,10,631.00,"6,310.00"
2020-09-28,2020092804001939,RLI,25,59,10,631.00,"6,310.00"
2020-09-28,2020092804001951,RLI,11,58,10,631.00,"6,310.00"
2020-09-28,2020092804001950,RLI,21,13,10,631.00,"6,310.00"
2020-09-28,2020092804001949,RLI,21,39,10,631.00,"6,310.00"
2020-09-28,2020092804001948,RLI,25,21,10,631.00,"6,310.00"
2020-09-28,2020092804001946,RLI,25,39,10,631.00,"6,310.00"
2020-09-28,2020092804001945,RLI,25,13,10,631.00,"6,310.00"
2020-09-28,2020092804001958,RLI,56,47,10,630.00,"6,300.00"
2020-09-28,2020092804001957,RLI,42,22,10,631.00,"6,310.00"
2020-09-28,2020092804001955,RLI,56,22,10,630.00,"6,300.00"
2020-09-28,2020092804001954,RLI,56,22,10,630.00,"6,300.00"
2020-09-28,2020092804001953,RLI,56,39,10,630.00,"6,300.00"
2020-09-28,2020092804001952,RLI,56,43,10,630.00,"6,300.00"
2020-09-28,2020092804001970,RLI,56,42,10,630.00,"6,300.00"
2020-09-28,2020092804001969,RLI,56,6,10,630.00,"6,300.00"
2020-09-28,2020092804001963,RLI,56,43,10,630.00,"6,300.00"
2020-09-28,2020092804001962,RLI,56,22,10,630.00,"6,300.00"
2020-09-28,2020092804001961,RLI,56,43,10,630.00,"6,300.00"
2020-09-28,2020092804001959,RLI,56,22,10,630.00,"6,300.00"
2020-09-28,2020092804001976,RLI,16,55,10,630.00,"6,300.00"
2020-09-28,2020092804001975,RLI,6,22,10,630.00,"6,300.00"
2020-09-28,2020092804001974,RLI,56,57,10,630.00,"6,300.00"
2020-09-28,2020092804001973,RLI,56,4,10,630.00,"6,300.00"
2020-09-28,2020092804001972,RLI,56,21,10,630.00,"6,300.00"
2020-09-28,2020092804001971,RLI,56,22,10,630.00,"6,300.00"
2020-09-28,2020092804001982,RLI,16,42,10,630.00,"6,300.00"
2020-09-28,2020092804001981,RLI,1,58,10,631.00,"6,310.00"
2020-09-28,2020092804001980,RLI,16,42,10,630.00,"6,300.00"
2020-09-28,2020092804001979,RLI,16,42,10,630.00,"6,300.00"
2020-09-28,2020092804001978,RLI,16,45,10,630.00,"6,300.00"
2020-09-28,2020092804001977,RLI,16,25,10,630.00,"6,300.00"
2020-09-28,2020092804001988,RLI,16,42,10,630.00,"6,300.00"
2020-09-28,2020092804001987,RLI,16,43,10,630.00,"6,300.00"
2020-09-28,2020092804001986,RLI,16,48,10,630.00,"6,300.00"
2020-09-28,2020092804001985,RLI,16,58,10,630.00,"6,300.00"
2020-09-28,2020092804001984,RLI,16,42,10,630.00,"6,300.00"
2020-09-28,2020092804001983,RLI,16,45,10,630.00,"6,300.00"
2020-09-28,2020092804001994,RLI,56,42,10,631.00,"6,310.00"
2020-09-28,2020092804001993,RLI,56,42,10,631.00,"6,310.00"
2020-09-28,2020092804001992,RLI,56,50,10,631.00,"6,310.00"
2020-09-28,2020092804001991,RLI,56,58,10,631.00,"6,310.00"
2020-09-28,2020092804001990,RLI,56,57,10,631.00,"6,310.00"
2020-09-28,2020092804001989,RLI,16,42,10,630.00,"6,300.00"
2020-09-28,2020092804001502,SAND2085,22,28,50,"1,000.00","50,000.00"
2020-09-28,2020092804001501,SAND2085,40,28,50,"1,002.00","50,100.00"
2020-09-28,2020092804001731,SEF,34,34,"8,700",9.00,"78,300.00"
2020-09-28,2020092804001730,SEF,6,34,"9,000",9.01,"81,090.00"
2020-09-28,2020092804001729,SEF,45,34,"4,500",9.10,"40,950.00"
2020-09-28,2020092804001728,SEF,45,34,"2,800",9.12,"25,536.00"
2020-09-28,2020092804001534,SEF,45,1,500,9.12,"4,560.00"
2020-09-28,2020092804001526,SEF,45,10,"1,200",9.12,"10,944.00"
2020-09-28,2020092804001599,SFMF,45,10,"2,200",9.23,"20,306.00"
2020-09-28,2020092804001847,STC,49,57,20,"3,486.00","69,720.00"
2020-09-28,2020092804001846,STC,45,57,20,"3,487.00","69,740.00"
2020-09-28,2020092804001601,STC,33,57,25,"3,496.00","87,400.00"
2020-09-28,2020092804001600,STC,28,57,25,"3,497.00","87,425.00"
2020-09-28,2020092804001468,CMF1,16,16,"10,000",11.10,"111,000.00"
2020-09-28,2020092804001320,CMF1,7,21,"2,000",11.10,"22,200.00"
2020-09-28,2020092804001319,CMF1,7,4,"1,700",11.10,"18,870.00"
2020-09-28,2020092804001117,CMF1,42,4,"1,000",11.01,"11,010.00"
2020-09-28,2020092804001116,CMF1,57,4,700,11.01,"7,707.00"
2020-09-28,2020092804001115,CMF1,32,4,"10,000",11.01,"110,100.00"
2020-09-28,2020092804001101,CMF1,28,4,"10,000",11.10,"111,000.00"
2020-09-28,2020092804001389,GIMES1,57,29,"12,000",9.14,"109,680.00"
2020-09-28,2020092804001388,GIMES1,57,35,"3,300",9.10,"30,030.00"
2020-09-28,2020092804001102,LEMF,34,49,"3,100",8.67,"26,877.00"
2020-09-28,2020092804001419,LUK,45,38,100,8.84,884.00
2020-09-28,2020092804001251,LUK,57,54,"1,000",8.85,"8,850.00"
2020-09-28,2020092804001080,LUK,57,42,100,8.85,885.00
2020-09-28,2020092804001079,LUK,57,42,100,8.84,884.00
2020-09-28,2020092804001471,NBF2,17,22,500,8.74,"4,370.00"
2020-09-28,2020092804001379,NBF2,45,10,100,9.00,900.00
2020-09-28,2020092804001369,NBF2,45,22,"1,000",8.84,"8,840.00"
2020-09-28,2020092804001095,NBF2,45,28,200,8.70,"1,740.00"
2020-09-28,2020092804001428,NIBPO,34,7,"2,766",363.00,"1,004,058.00"
2020-09-28,2020092804001303,NIBPO,34,50,500,363.00,"181,500.00"
2020-09-28,2020092804001269,NIBPO,8,44,186,362.00,"67,332.00"
2020-09-28,2020092804001081,NIBPO,34,44,"4,500",364.00,"1,638,000.00"
2020-09-28,2020092804001497,NIBSF1,52,19,"1,400",9.45,"13,230.00"
2020-09-28,2020092804001484,NIBSF1,52,19,"2,000",9.45,"18,900.00"
2020-09-28,2020092804001459,NIBSF1,52,19,"2,000",9.45,"18,900.00"
2020-09-28,2020092804001451,NIBSF1,52,19,"2,000",9.45,"18,900.00"
2020-09-28,2020092804001447,NIBSF1,52,19,"2,000",9.45,"18,900.00"
2020-09-28,2020092804001445,NIBSF1,52,19,"2,000",9.45,"18,900.00"
2020-09-28,2020092804001151,NICBF,45,42,500,8.72,"4,360.00"
2020-09-28,2020092804001474,NICGF,16,16,"10,000",9.45,"94,500.00"
2020-09-28,2020092804001031,NICGF,45,34,"2,450",9.50,"23,275.00"
2020-09-28,2020092804001030,NICGF,45,50,"1,000",9.50,"9,500.00"
2020-09-28,2020092804001029,NICGF,45,59,"1,550",9.50,"14,725.00"
2020-09-28,2020092804001024,NICGF,45,59,"4,800",9.50,"45,600.00"
2020-09-28,2020092804001023,NICGF,45,49,200,9.50,"1,900.00"
2020-09-28,2020092804001467,NMB50,45,22,200,9.22,"1,844.00"
2020-09-28,2020092804001047,NMBHF1,45,14,700,10.10,"7,070.00"
2020-09-28,2020092804001046,NMBHF1,45,17,"4,026",10.10,"40,662.60"
2020-09-28,2020092804001113,RBCLPO,54,53,15,"10,316.00","154,740.00"
2020-09-28,2020092804001499,RLI,22,29,10,630.00,"6,300.00"
2020-09-28,2020092804001498,RLI,22,48,10,630.00,"6,300.00"
2020-09-28,2020092804001496,RLI,22,44,10,630.00,"6,300.00"
2020-09-28,2020092804001495,RLI,22,6,10,630.00,"6,300.00"
2020-09-28,2020092804001494,RLI,22,38,10,630.00,"6,300.00"
2020-09-28,2020092804001493,RLI,22,51,10,630.00,"6,300.00"
2020-09-28,2020092804001003,RLI,38,29,10,630.00,"6,300.00"
2020-09-28,2020092804001002,RLI,38,48,10,630.00,"6,300.00"
2020-09-28,2020092804001001,RLI,38,38,10,630.00,"6,300.00"
2020-09-28,2020092804001009,RLI,38,56,10,630.00,"6,300.00"
2020-09-28,2020092804001008,RLI,38,29,10,630.00,"6,300.00"
2020-09-28,2020092804001007,RLI,38,38,10,630.00,"6,300.00"
2020-09-28,2020092804001006,RLI,38,59,10,630.00,"6,300.00"
2020-09-28,2020092804001005,RLI,38,38,10,630.00,"6,300.00"
2020-09-28,2020092804001004,RLI,38,38,10,630.00,"6,300.00"
2020-09-28,2020092804001015,RLI,38,45,10,630.00,"6,300.00"
2020-09-28,2020092804001014,RLI,38,54,10,630.00,"6,300.00"
2020-09-28,2020092804001013,RLI,38,58,10,630.00,"6,300.00"
2020-09-28,2020092804001012,RLI,38,29,10,630.00,"6,300.00"
2020-09-28,2020092804001011,RLI,38,52,10,630.00,"6,300.00"
2020-09-28,2020092804001010,RLI,38,38,10,630.00,"6,300.00"
2020-09-28,2020092804001021,RLI,38,16,10,630.00,"6,300.00"
2020-09-28,2020092804001020,RLI,38,21,10,630.00,"6,300.00"
2020-09-28,2020092804001019,RLI,38,54,10,630.00,"6,300.00"
2020-09-28,2020092804001018,RLI,38,51,10,630.00,"6,300.00"
2020-09-28,2020092804001017,RLI,38,57,10,630.00,"6,300.00"
2020-09-28,2020092804001016,RLI,38,32,10,630.00,"6,300.00"
2020-09-28,2020092804001032,RLI,38,28,10,630.00,"6,300.00"
2020-09-28,2020092804001028,RLI,14,13,10,631.00,"6,310.00"
2020-09-28,2020092804001027,RLI,14,13,10,631.00,"6,310.00"
2020-09-28,2020092804001026,RLI,14,58,10,631.00,"6,310.00"
2020-09-28,2020092804001025,RLI,14,53,10,631.00,"6,310.00"
2020-09-28,2020092804001022,RLI,38,41,10,630.00,"6,300.00"
2020-09-28,2020092804001038,RLI,38,17,10,630.00,"6,300.00"
2020-09-28,2020092804001037,RLI,38,54,10,630.00,"6,300.00"
2020-09-28,2020092804001036,RLI,38,42,10,630.00,"6,300.00"
2020-09-28,2020092804001035,RLI,38,21,10,630.00,"6,300.00"
2020-09-28,2020092804001034,RLI,38,13,10,630.00,"6,300.00"
2020-09-28,2020092804001033,RLI,38,43,10,630.00,"6,300.00"
2020-09-28,2020092804001044,RLI,38,38,10,630.00,"6,300.00"
2020-09-28,2020092804001043,RLI,38,41,10,630.00,"6,300.00"
2020-09-28,2020092804001042,RLI,38,11,10,630.00,"6,300.00"
2020-09-28,2020092804001041,RLI,38,26,10,630.00,"6,300.00"
2020-09-28,2020092804001040,RLI,38,43,10,630.00,"6,300.00"
2020-09-28,2020092804001039,RLI,38,57,10,630.00,"6,300.00"
2020-09-28,2020092804001052,RLI,38,38,10,630.00,"6,300.00"
2020-09-28,2020092804001051,RLI,38,54,10,630.00,"6,300.00"
2020-09-28,2020092804001050,RLI,38,38,10,630.00,"6,300.00"
2020-09-28,2020092804001049,RLI,38,11,10,630.00,"6,300.00"
2020-09-28,2020092804001048,RLI,38,58,10,630.00,"6,300.00"
2020-09-28,2020092804001045,RLI,38,11,10,630.00,"6,300.00"
2020-09-28,2020092804001058,RLI,32,13,10,631.00,"6,310.00"
2020-09-28,2020092804001057,RLI,32,53,10,631.00,"6,310.00"
2020-09-28,2020092804001056,RLI,32,57,100,631.00,"63,100.00"
2020-09-28,2020092804001055,RLI,38,38,10,630.00,"6,300.00"
2020-09-28,2020092804001054,RLI,38,58,10,630.00,"6,300.00"
2020-09-28,2020092804001053,RLI,38,40,10,630.00,"6,300.00"
2020-09-28,2020092804001064,RLI,38,11,10,630.00,"6,300.00"
2020-09-28,2020092804001063,RLI,38,38,10,630.00,"6,300.00"
2020-09-28,2020092804001062,RLI,38,38,10,630.00,"6,300.00"
2020-09-28,2020092804001061,RLI,38,58,10,630.00,"6,300.00"
2020-09-28,2020092804001060,RLI,38,54,10,630.00,"6,300.00"
2020-09-28,2020092804001059,RLI,32,25,10,631.00,"6,310.00"
2020-09-28,2020092804001070,RLI,14,34,10,631.00,"6,310.00"
2020-09-28,2020092804001069,RLI,14,55,10,631.00,"6,310.00"
2020-09-28,2020092804001068,RLI,14,38,10,631.00,"6,310.00"
2020-09-28,2020092804001067,RLI,14,38,10,631.00,"6,310.00"
2020-09-28,2020092804001066,RLI,14,6,10,631.00,"6,310.00"
2020-09-28,2020092804001065,RLI,38,38,10,630.00,"6,300.00"
2020-09-28,2020092804001076,RLI,14,38,10,631.00,"6,310.00"
2020-09-28,2020092804001075,RLI,14,38,10,631.00,"6,310.00"
2020-09-28,2020092804001074,RLI,14,38,10,631.00,"6,310.00"
2020-09-28,2020092804001073,RLI,14,54,10,631.00,"6,310.00"
2020-09-28,2020092804001072,RLI,14,38,10,631.00,"6,310.00"
2020-09-28,2020092804001071,RLI,14,1,10,631.00,"6,310.00"
2020-09-28,2020092804001090,RLI,34,38,10,631.00,"6,310.00"
2020-09-28,2020092804001089,RLI,34,54,10,631.00,"6,310.00"
2020-09-28,2020092804001088,RLI,38,51,10,630.00,"6,300.00"
2020-09-28,2020092804001087,RLI,14,5,10,631.00,"6,310.00"
2020-09-28,2020092804001082,RLI,14,38,10,631.00,"6,310.00"
2020-09-28,2020092804001077,RLI,14,58,10,631.00,"6,310.00"
2020-09-28,2020092804001097,RLI,38,16,10,630.00,"6,300.00"
2020-09-28,2020092804001096,RLI,38,20,10,630.00,"6,300.00"
2020-09-28,2020092804001094,RLI,38,29,10,630.00,"6,300.00"
2020-09-28,2020092804001093,RLI,38,4,10,630.00,"6,300.00"
2020-09-28,2020092804001092,RLI,38,54,10,630.00,"6,300.00"
2020-09-28,2020092804001091,RLI,34,51,10,631.00,"6,310.00"
2020-09-28,2020092804001105,RLI,38,38,10,630.00,"6,300.00"
2020-09-28,2020092804001104,RLI,38,49,10,630.00,"6,300.00"
2020-09-28,2020092804001103,RLI,38,38,10,630.00,"6,300.00"
2020-09-28,2020092804001100,RLI,38,38,10,630.00,"6,300.00"
2020-09-28,2020092804001099,RLI,38,39,10,630.00,"6,300.00"
2020-09-28,2020092804001098,RLI,38,38,10,630.00,"6,300.00"
2020-09-28,2020092804001112,RLI,38,58,10,630.00,"6,300.00"
2020-09-28,2020092804001111,RLI,45,48,10,631.00,"6,310.00"
2020-09-28,2020092804001110,RLI,45,36,10,631.00,"6,310.00"
2020-09-28,2020092804001109,RLI,38,38,10,630.00,"6,300.00"
2020-09-28,2020092804001108,RLI,38,48,10,630.00,"6,300.00"
2020-09-28,2020092804001107,RLI,38,35,10,630.00,"6,300.00"
2020-09-28,2020092804001122,RLI,38,3,10,630.00,"6,300.00"
2020-09-28,2020092804001121,RLI,45,40,10,631.00,"6,310.00"
2020-09-28,2020092804001120,RLI,45,29,10,631.00,"6,310.00"
2020-09-28,2020092804001119,RLI,45,42,10,631.00,"6,310.00"
2020-09-28,2020092804001118,RLI,38,26,10,630.00,"6,300.00"
2020-09-28,2020092804001114,RLI,38,48,10,630.00,"6,300.00"
2020-09-28,2020092804001128,RLI,38,45,10,630.00,"6,300.00"
2020-09-28,2020092804001127,RLI,38,26,10,630.00,"6,300.00"
2020-09-28,2020092804001126,RLI,38,41,10,630.00,"6,300.00"
2020-09-28,2020092804001125,RLI,38,38,10,630.00,"6,300.00"
2020-09-28,2020092804001124,RLI,38,48,10,630.00,"6,300.00"
2020-09-28,2020092804001123,RLI,38,45,10,630.00,"6,300.00"
2020-09-28,2020092804001134,RLI,38,34,10,630.00,"6,300.00"
2020-09-28,2020092804001133,RLI,38,48,10,630.00,"6,300.00"
2020-09-28,2020092804001132,RLI,38,38,10,630.00,"6,300.00"
2020-09-28,2020092804001131,RLI,38,45,10,630.00,"6,300.00"
2020-09-28,2020092804001130,RLI,38,48,10,630.00,"6,300.00"
2020-09-28,2020092804001129,RLI,38,38,10,630.00,"6,300.00"
2020-09-28,2020092804001140,RLI,50,25,10,632.00,"6,320.00"
2020-09-28,2020092804001139,RLI,50,34,10,632.00,"6,320.00"
2020-09-28,2020092804001138,RLI,50,20,10,632.00,"6,320.00"
2020-09-28,2020092804001137,RLI,50,42,10,632.00,"6,320.00"
2020-09-28,2020092804001136,RLI,38,16,10,630.00,"6,300.00"
2020-09-28,2020092804001135,RLI,38,38,10,630.00,"6,300.00"
2020-09-28,2020092804001146,RLI,38,58,10,630.00,"6,300.00"
2020-09-28,2020092804001145,RLI,38,38,10,630.00,"6,300.00"
2020-09-28,2020092804001144,RLI,38,45,10,630.00,"6,300.00"
2020-09-28,2020092804001143,RLI,50,54,10,632.00,"6,320.00"
2020-09-28,2020092804001142,RLI,50,7,10,632.00,"6,320.00"
2020-09-28,2020092804001141,RLI,50,42,10,632.00,"6,320.00"
2020-09-28,2020092804001153,RLI,21,48,10,631.00,"6,310.00"
2020-09-28,2020092804001152,RLI,21,57,10,631.00,"6,310.00"
2020-09-28,2020092804001150,RLI,21,48,10,631.00,"6,310.00"
2020-09-28,2020092804001149,RLI,21,45,10,631.00,"6,310.00"
2020-09-28,2020092804001148,RLI,21,38,10,631.00,"6,310.00"
2020-09-28,2020092804001147,RLI,38,1,10,630.00,"6,300.00"
2020-09-28,2020092804001159,RLI,21,21,10,631.00,"6,310.00"
2020-09-28,2020092804001158,RLI,21,48,10,631.00,"6,310.00"
2020-09-28,2020092804001157,RLI,21,41,200,631.00,"126,200.00"
2020-09-28,2020092804001156,RLI,21,48,10,631.00,"6,310.00"
2020-09-28,2020092804001155,RLI,21,13,10,631.00,"6,310.00"
