Date,Transact. No.,Symbol,Buyer,Seller,Quantity,Rate,Amount
2019-05-23,2019052301012025,ADBL,26,25,20,431.00,"8,620.00"
2019-05-23,2019052301012024,ADBL,58,25,"2,000",431.00,"862,000.00"
2019-05-23,2019052301012023,ADBL,25,25,700,431.00,"301,700.00"
2019-05-23,2019052301011979,ADBL,56,22,150,432.00,"64,800.00"
2019-05-23,2019052301011919,ADBL,34,22,50,432.00,"21,600.00"
2019-05-23,2019052301011918,ADBL,34,29,50,432.00,"21,600.00"
2019-05-23,2019052301011654,ADBL,56,57,200,431.00,"86,200.00"
2019-05-23,2019052301011653,ADBL,58,57,600,431.00,"258,600.00"
2019-05-23,2019052301011606,ADBL,58,32,400,431.00,"172,400.00"
2019-05-23,2019052301011605,ADBL,13,32,100,431.00,"43,100.00"
2019-05-23,2019052301011567,ADBL,13,45,200,431.00,"86,200.00"
2019-05-23,2019052301011566,ADBL,58,45,200,431.00,"86,200.00"
2019-05-23,2019052301011883,ADBL,25,3,300,431.00,"129,300.00"
2019-05-23,2019052301011882,ADBL,25,3,200,431.00,"86,200.00"
2019-05-23,2019052301011714,ADBL,44,29,50,432.00,"21,600.00"
2019-05-23,2019052301011713,ADBL,44,18,950,432.00,"410,400.00"
2019-05-23,2019052301011711,ADBL,4,18,50,432.00,"21,600.00"
2019-05-23,2019052301011655,ADBL,25,57,200,431.00,"86,200.00"
2019-05-23,2019052301011998,AKPL,48,41,47,205.00,"9,635.00"
2019-05-23,2019052301011993,AKPL,48,13,100,205.00,"20,500.00"
2019-05-23,2019052301011634,AMFI,26,4,10,562.00,"5,620.00"
2019-05-23,2019052301011633,AMFI,26,4,10,562.00,"5,620.00"
2019-05-23,2019052301011868,API,25,4,26,163.00,"4,238.00"
2019-05-23,2019052301011867,API,25,38,650,161.00,"104,650.00"
2019-05-23,2019052301011845,API,7,17,100,160.00,"16,000.00"
2019-05-23,2019052301011652,API,25,38,100,161.00,"16,100.00"
2019-05-23,2019052301011985,BBC,41,28,31,"1,661.00","51,491.00"
2019-05-23,2019052301011944,BFC,42,57,10,105.00,"1,050.00"
2019-05-23,2019052301011908,BFC,57,51,"1,000",104.00,"104,000.00"
2019-05-23,2019052301011907,BFC,42,51,500,104.00,"52,000.00"
2019-05-23,2019052301011906,BFC,42,51,500,104.00,"52,000.00"
2019-05-23,2019052301011727,BOKL,7,52,292,271.00,"79,132.00"
2019-05-23,2019052301011726,BOKL,7,52,"1,000",271.00,"271,000.00"
2019-05-23,2019052301011725,BOKL,13,52,99,271.00,"26,829.00"
2019-05-23,2019052301011724,BOKL,25,52,"1,000",272.00,"272,000.00"
2019-05-23,2019052301011723,BOKL,13,52,974,272.00,"264,928.00"
2019-05-23,2019052301011722,BOKL,57,52,50,273.00,"13,650.00"
2019-05-23,2019052301011721,BOKL,6,52,185,273.00,"50,505.00"
2019-05-23,2019052301011682,BOKL,6,40,15,273.00,"4,095.00"
2019-05-23,2019052301011571,BOKL,53,34,"1,000",274.00,"274,000.00"
2019-05-23,2019052301012035,BPCL,43,49,27,424.00,"11,448.00"
2019-05-23,2019052301012034,BPCL,33,49,23,424.00,"9,752.00"
2019-05-23,2019052301011921,BPCL,33,34,27,424.00,"11,448.00"
2019-05-23,2019052301011816,BPCL,34,56,80,418.00,"33,440.00"
2019-05-23,2019052301011815,BPCL,57,56,392,418.00,"163,856.00"
2019-05-23,2019052301011660,BPCL,57,36,33,418.00,"13,794.00"
2019-05-23,2019052301011596,BPCL,10,46,65,418.00,"27,170.00"
2019-05-23,2019052301011595,BPCL,55,46,173,420.00,"72,660.00"
2019-05-23,2019052301011550,BPCL,55,49,127,420.00,"53,340.00"
2019-05-23,2019052301011602,BPCL,5,46,178,417.00,"74,226.00"
2019-05-23,2019052301011601,BPCL,47,46,200,417.00,"83,400.00"
2019-05-23,2019052301011600,BPCL,43,46,29,417.00,"12,093.00"
2019-05-23,2019052301011599,BPCL,20,46,100,417.00,"41,700.00"
2019-05-23,2019052301011598,BPCL,37,46,210,417.00,"87,570.00"
2019-05-23,2019052301011597,BPCL,10,46,45,418.00,"18,810.00"
2019-05-23,2019052301012039,CBBL,49,49,10,952.00,"9,520.00"
2019-05-23,2019052301011986,CBL,45,36,"1,000",147.00,"147,000.00"
2019-05-23,2019052301011889,CBL,45,58,300,148.00,"44,400.00"
2019-05-23,2019052301011888,CBL,45,50,"1,700",148.00,"251,600.00"
2019-05-23,2019052301011872,CBL,45,56,611,147.00,"89,817.00"
2019-05-23,2019052301011871,CBL,45,56,300,147.00,"44,100.00"
2019-05-23,2019052301011870,CBL,45,56,99,147.00,"14,553.00"
2019-05-23,2019052301011794,CBL,45,56,536,147.00,"78,792.00"
2019-05-23,2019052301011793,CBL,26,56,557,147.00,"81,879.00"
2019-05-23,2019052301011792,CBL,5,56,100,147.00,"14,700.00"
2019-05-23,2019052301011791,CBL,57,56,100,147.00,"14,700.00"
2019-05-23,2019052301011790,CBL,59,56,207,147.00,"30,429.00"
2019-05-23,2019052301011789,CHCL,35,43,60,539.00,"32,340.00"
2019-05-23,2019052301011679,CHCL,28,56,138,535.00,"73,830.00"
2019-05-23,2019052301011678,CHCL,42,56,30,536.00,"16,080.00"
2019-05-23,2019052301011677,CHCL,44,56,100,536.00,"53,600.00"
2019-05-23,2019052301011676,CHCL,19,56,149,537.00,"80,013.00"
2019-05-23,2019052301011966,CHLBS,7,42,450,452.00,"203,400.00"
2019-05-23,2019052301011744,CHLBS,7,41,10,450.00,"4,500.00"
2019-05-23,2019052301011946,CORBL,41,39,100,127.00,"12,700.00"
2019-05-23,2019052301011709,CZBIL,46,14,200,230.00,"46,000.00"
2019-05-23,2019052301011708,CZBIL,28,14,140,230.00,"32,200.00"
2019-05-23,2019052301011837,DBBL,51,4,"1,000",147.00,"147,000.00"
2019-05-23,2019052301011768,DBBL,51,34,500,147.00,"73,500.00"
2019-05-23,2019052301012008,DDBL,49,54,90,735.00,"66,150.00"
2019-05-23,2019052301012007,DDBL,39,54,10,735.00,"7,350.00"
2019-05-23,2019052301011936,EBL,35,5,64,665.00,"42,560.00"
2019-05-23,2019052301011935,EBL,6,5,10,665.00,"6,650.00"
2019-05-23,2019052301011895,EBL,40,5,100,666.00,"66,600.00"
2019-05-23,2019052301011947,EIC,48,50,30,430.00,"12,900.00"
2019-05-23,2019052301011913,EIC,48,44,80,423.00,"33,840.00"
2019-05-23,2019052301011851,EIC,48,57,270,415.00,"112,050.00"
2019-05-23,2019052301011554,FMDBL,6,36,131,408.00,"53,448.00"
2019-05-23,2019052301011553,FMDBL,6,13,305,408.00,"124,440.00"
2019-05-23,2019052301011552,FMDBL,6,6,35,407.00,"14,245.00"
2019-05-23,2019052301011738,GBBL,14,25,539,225.00,"121,275.00"
2019-05-23,2019052301011737,GBBL,14,25,200,225.00,"45,000.00"
2019-05-23,2019052301011736,GBBL,1,25,40,225.00,"9,000.00"
2019-05-23,2019052301011735,GBBL,36,25,100,225.00,"22,500.00"
2019-05-23,2019052301011734,GBBL,6,25,15,225.00,"3,375.00"
2019-05-23,2019052301011733,GBBL,41,25,100,225.00,"22,500.00"
2019-05-23,2019052301011624,GBBL,39,1,100,227.00,"22,700.00"
2019-05-23,2019052301011732,GBBL,21,25,"1,000",225.00,"225,000.00"
2019-05-23,2019052301011731,GBBL,38,25,350,226.00,"79,100.00"
2019-05-23,2019052301011730,GBBL,8,25,100,226.00,"22,600.00"
2019-05-23,2019052301011729,GBBL,22,25,83,226.00,"18,758.00"
2019-05-23,2019052301011720,GBBL,22,41,217,226.00,"49,042.00"
2019-05-23,2019052301011719,GBBL,39,41,133,226.00,"30,058.00"
2019-05-23,2019052301012027,GBIME,34,5,298,304.00,"90,592.00"
2019-05-23,2019052301012026,GBIME,3,5,354,304.00,"107,616.00"
2019-05-23,2019052301011992,GBIME,3,11,146,304.00,"44,384.00"
2019-05-23,2019052301011991,GBIME,44,11,500,305.00,"152,500.00"
2019-05-23,2019052301011990,GBIME,3,11,500,305.00,"152,500.00"
2019-05-23,2019052301011989,GBIME,42,11,400,306.00,"122,400.00"
2019-05-23,2019052301011750,GBIME,51,22,"1,000",306.00,"306,000.00"
2019-05-23,2019052301011749,GBIME,3,22,500,306.00,"153,000.00"
2019-05-23,2019052301011748,GBIME,55,22,160,307.00,"49,120.00"
2019-05-23,2019052301011988,GBIME,58,11,454,306.00,"138,924.00"
2019-05-23,2019052301011805,GBIME,58,11,"1,000",306.00,"306,000.00"
2019-05-23,2019052301011754,GBIME,58,22,546,306.00,"167,076.00"
2019-05-23,2019052301011753,GBIME,53,22,34,306.00,"10,404.00"
2019-05-23,2019052301011752,GBIME,13,22,50,306.00,"15,300.00"
2019-05-23,2019052301011751,GBIME,39,22,50,306.00,"15,300.00"
2019-05-23,2019052301011995,GBLBS,25,56,100,378.00,"37,800.00"
2019-05-23,2019052301011856,GBLBS,25,56,100,378.00,"37,800.00"
2019-05-23,2019052301011975,GDBL,53,17,"1,000",215.00,"215,000.00"
2019-05-23,2019052301011825,GDBL,32,17,440,214.00,"94,160.00"
2019-05-23,2019052301011824,GDBL,47,17,200,214.00,"42,800.00"
2019-05-23,2019052301011823,GDBL,13,17,360,214.00,"77,040.00"
2019-05-23,2019052301012036,GFCL,38,11,50,123.00,"6,150.00"
2019-05-23,2019052301011931,GHL,22,56,20,96.00,"1,920.00"
2019-05-23,2019052301011930,GHL,1,56,10,97.00,970.00
2019-05-23,2019052301011558,GHL,1,22,10,97.00,970.00
2019-05-23,2019052301011656,GILB,38,10,55,"1,251.00","68,805.00"
2019-05-23,2019052301011875,GUFL,42,5,10,117.00,"1,170.00"
2019-05-23,2019052301011840,GUFL,42,57,"3,000",116.00,"348,000.00"
2019-05-23,2019052301011657,GUFL,1,45,500,114.00,"57,000.00"
2019-05-23,2019052301011780,HDL,53,45,50,"1,809.00","90,450.00"
2019-05-23,2019052301011796,HGI,13,45,25,381.00,"9,525.00"
2019-05-23,2019052301011795,HGI,33,45,25,381.00,"9,525.00"
2019-05-23,2019052301011706,HGI,33,41,75,381.00,"28,575.00"
2019-05-23,2019052301011705,HGI,53,41,115,381.00,"43,815.00"
2019-05-23,2019052301011704,HGI,33,41,100,382.00,"38,200.00"
2019-05-23,2019052301011703,HGI,54,41,50,382.00,"19,100.00"
2019-05-23,2019052301011702,HGI,21,41,50,383.00,"19,150.00"
2019-05-23,2019052301012020,HIDCL,38,25,100,167.00,"16,700.00"
2019-05-23,2019052301011924,HIDCL,46,29,61,166.00,"10,126.00"
2019-05-23,2019052301011844,HIDCL,46,29,61,166.00,"10,126.00"
2019-05-23,2019052301011836,HIDCL,19,25,100,167.00,"16,700.00"
2019-05-23,2019052301011810,HIDCL,5,25,"1,000",167.00,"167,000.00"
2019-05-23,2019052301011809,HIDCL,1,25,"1,000",167.00,"167,000.00"
2019-05-23,2019052301011661,HIDCL,42,29,11,168.00,"1,848.00"
2019-05-23,2019052301011637,HIDCL,5,29,61,167.00,"10,187.00"
2019-05-23,2019052301011632,HIDCL,6,34,"1,000",167.00,"167,000.00"
2019-05-23,2019052301011594,HIDCL,35,29,50,168.00,"8,400.00"
2019-05-23,2019052301011573,HIDCL,44,34,100,170.00,"17,000.00"
2019-05-23,2019052301011572,HIDCL,44,40,44,169.00,"7,436.00"
2019-05-23,2019052301011808,HIDCL,36,25,500,167.00,"83,500.00"
2019-05-23,2019052301011807,HIDCL,5,25,117,167.00,"19,539.00"
2019-05-23,2019052301011767,HIDCL,5,29,61,167.00,"10,187.00"
2019-05-23,2019052301011715,HIDCL,5,29,61,167.00,"10,187.00"
2019-05-23,2019052301011663,HIDCL,42,34,89,170.00,"15,130.00"
2019-05-23,2019052301011662,HIDCL,42,29,100,168.00,"16,800.00"
2019-05-23,2019052301011761,IGI,7,43,10,418.00,"4,180.00"
2019-05-23,2019052301011874,JBBL,46,43,40,155.00,"6,200.00"
2019-05-23,2019052301011873,JBBL,46,6,960,155.00,"148,800.00"
2019-05-23,2019052301011777,JBBL,36,34,"2,000",154.00,"308,000.00"
2019-05-23,2019052301011604,JBBL,58,6,40,155.00,"6,200.00"
2019-05-23,2019052301011582,JBBL,58,29,85,154.00,"13,090.00"
2019-05-23,2019052301011581,JBBL,58,35,100,154.00,"15,400.00"
2019-05-23,2019052301011574,JBBL,58,34,200,153.00,"30,600.00"
2019-05-23,2019052301011580,JBBL,58,29,"1,000",154.00,"154,000.00"
2019-05-23,2019052301011579,JBBL,58,38,200,154.00,"30,800.00"
2019-05-23,2019052301011578,JBBL,58,6,"1,000",154.00,"154,000.00"
2019-05-23,2019052301011577,JBBL,58,6,"4,852",154.00,"747,208.00"
2019-05-23,2019052301011576,JBBL,58,45,223,154.00,"34,342.00"
2019-05-23,2019052301011575,JBBL,58,11,100,154.00,"15,400.00"
2019-05-23,2019052301012032,JBNL,29,49,302,211.00,"63,722.00"
2019-05-23,2019052301012031,JBNL,55,49,984,211.00,"207,624.00"
2019-05-23,2019052301012030,JBNL,55,49,"1,000",212.00,"212,000.00"
2019-05-23,2019052301011934,JBNL,10,10,"7,000",212.00,"1,484,000.00"
2019-05-23,2019052301011933,JBNL,10,48,100,212.00,"21,200.00"
2019-05-23,2019052301011932,JBNL,10,39,"1,480",212.00,"313,760.00"
2019-05-23,2019052301011880,JBNL,55,41,16,211.00,"3,376.00"
2019-05-23,2019052301011879,JBNL,18,41,211,211.00,"44,521.00"
2019-05-23,2019052301011627,JBNL,14,39,520,212.00,"110,240.00"
2019-05-23,2019052301011626,JBNL,14,26,480,212.00,"101,760.00"
2019-05-23,2019052301011964,JFL,17,43,44,178.00,"7,832.00"
2019-05-23,2019052301011917,KADBL,45,34,400,181.00,"72,400.00"
2019-05-23,2019052301011587,KBBL,46,57,500,228.00,"114,000.00"
2019-05-23,2019052301011586,KBBL,46,57,200,228.00,"45,600.00"
2019-05-23,2019052301011585,KBBL,57,57,159,228.00,"36,252.00"
2019-05-23,2019052301012006,KBL,42,28,102,218.00,"22,236.00"
2019-05-23,2019052301011967,KBL,45,28,200,218.00,"43,600.00"
2019-05-23,2019052301011923,KBL,43,28,50,218.00,"10,900.00"
2019-05-23,2019052301011877,KBL,50,28,500,218.00,"109,000.00"
2019-05-23,2019052301011838,KBL,49,41,960,217.00,"208,320.00"
2019-05-23,2019052301011811,KBL,29,28,100,218.00,"21,800.00"
2019-05-23,2019052301011710,KBL,32,28,500,218.00,"109,000.00"
2019-05-23,2019052301011565,KNBL,36,34,100,140.00,"14,000.00"
2019-05-23,2019052301011949,KPCL,29,56,10,95.00,950.00
2019-05-23,2019052301011648,KPCL,29,47,50,95.00,"4,750.00"
2019-05-23,2019052301011636,KRBL,52,51,"1,492",111.00,"165,612.00"
2019-05-23,2019052301012037,KSBBL,58,21,100,159.00,"15,900.00"
2019-05-23,2019052301012014,KSBBL,58,32,"2,653",158.00,"419,174.00"
2019-05-23,2019052301011801,KSBBL,17,41,290,157.00,"45,530.00"
2019-05-23,2019052301011971,LBBL,33,45,100,206.00,"20,600.00"
2019-05-23,2019052301011970,LBBL,33,38,"1,000",206.00,"206,000.00"
2019-05-23,2019052301011969,LBBL,33,32,200,206.00,"41,200.00"
2019-05-23,2019052301011968,LBBL,33,25,900,206.00,"185,400.00"
2019-05-23,2019052301011814,LBBL,33,1,300,205.00,"61,500.00"
2019-05-23,2019052301011813,LBBL,38,1,200,205.00,"41,000.00"
2019-05-23,2019052301011699,LBBL,39,25,100,206.00,"20,600.00"
2019-05-23,2019052301011855,LBL,26,19,138,224.00,"30,912.00"
2019-05-23,2019052301011854,LBL,26,16,262,224.00,"58,688.00"
2019-05-23,2019052301011853,LBL,26,22,50,223.00,"11,150.00"
2019-05-23,2019052301011717,LBL,44,13,19,222.00,"4,218.00"
2019-05-23,2019052301012043,LGIL,42,40,103,501.00,"51,603.00"
2019-05-23,2019052301011771,LGIL,42,41,22,501.00,"11,022.00"
2019-05-23,2019052301011770,LGIL,29,41,63,501.00,"31,563.00"
2019-05-23,2019052301011769,LGIL,40,41,140,503.00,"70,420.00"
2019-05-23,2019052301011649,LICN,45,19,10,"1,910.00","19,100.00"
2019-05-23,2019052301012021,MBL,4,4,"1,179",270.00,"318,330.00"
2019-05-23,2019052301011999,MBL,51,13,800,269.00,"215,200.00"
2019-05-23,2019052301011940,MBL,51,43,500,269.00,"134,500.00"
2019-05-23,2019052301011766,MBL,25,4,"1,000",270.00,"270,000.00"
2019-05-23,2019052301011765,MBL,48,4,200,270.00,"54,000.00"
2019-05-23,2019052301011764,MBL,37,4,121,270.00,"32,670.00"
2019-05-23,2019052301011673,MBL,34,54,200,271.00,"54,200.00"
2019-05-23,2019052301011959,MEGA,34,35,700,198.00,"138,600.00"
2019-05-23,2019052301011958,MEGA,45,35,300,198.00,"59,400.00"
2019-05-23,2019052301011686,MEGA,45,33,200,198.00,"39,600.00"
2019-05-23,2019052301011685,MEGA,16,33,200,198.00,"39,600.00"
2019-05-23,2019052301012012,MHNL,59,56,30,99.00,"2,970.00"
2019-05-23,2019052301011863,MNBBL,39,50,87,375.00,"32,625.00"
2019-05-23,2019052301011862,MNBBL,25,50,100,375.00,"37,500.00"
2019-05-23,2019052301011623,MNBBL,32,50,13,376.00,"4,888.00"
2019-05-23,2019052301011561,MNBBL,32,50,269,376.00,"101,144.00"
2019-05-23,2019052301011560,MNBBL,45,50,50,376.00,"18,800.00"
2019-05-23,2019052301011559,MNBBL,52,50,10,376.00,"3,760.00"
2019-05-23,2019052301011544,MNBBL,39,50,20,377.00,"7,540.00"
2019-05-23,2019052301011861,MNBBL,16,50,200,375.00,"75,000.00"
2019-05-23,2019052301011860,MNBBL,43,50,50,375.00,"18,750.00"
2019-05-23,2019052301011859,MNBBL,43,50,50,375.00,"18,750.00"
2019-05-23,2019052301011974,NABIL,54,39,50,841.00,"42,050.00"
2019-05-23,2019052301011973,NABIL,25,39,80,841.00,"67,280.00"
2019-05-23,2019052301011972,NABIL,36,39,200,841.00,"168,200.00"
2019-05-23,2019052301011622,NABIL,36,34,100,841.00,"84,100.00"
2019-05-23,2019052301011687,NABILP,17,25,500,812.00,"406,000.00"
2019-05-23,2019052301011671,NADEP,13,42,190,459.00,"87,210.00"
2019-05-23,2019052301011588,NBB,28,48,200,225.00,"45,000.00"
2019-05-23,2019052301012041,NBL,44,17,10,340.00,"3,400.00"
2019-05-23,2019052301012040,NBL,33,17,100,340.00,"34,000.00"
2019-05-23,2019052301012038,NBL,33,17,10,340.00,"3,400.00"
2019-05-23,2019052301011929,NBL,39,16,25,338.00,"8,450.00"
2019-05-23,2019052301011928,NBL,55,16,100,338.00,"33,800.00"
2019-05-23,2019052301011927,NBL,55,16,875,338.00,"295,750.00"
2019-05-23,2019052301011688,NBL,6,56,800,339.00,"271,200.00"
2019-05-23,2019052301011681,NBL,42,17,50,340.00,"17,000.00"
2019-05-23,2019052301011680,NBL,42,50,50,340.00,"17,000.00"
2019-05-23,2019052301011650,NBL,6,34,155,339.00,"52,545.00"
2019-05-23,2019052301011562,NBL,39,34,200,339.00,"67,800.00"
2019-05-23,2019052301011833,NBL,59,16,100,338.00,"33,800.00"
2019-05-23,2019052301011832,NBL,48,16,125,338.00,"42,250.00"
2019-05-23,2019052301011831,NBL,14,16,500,339.00,"169,500.00"
2019-05-23,2019052301011774,NBL,48,16,175,338.00,"59,150.00"
2019-05-23,2019052301011773,NBL,14,16,380,338.00,"128,440.00"
2019-05-23,2019052301011772,NBL,6,16,445,339.00,"150,855.00"
2019-05-23,2019052301011893,NBL,55,16,125,338.00,"42,250.00"
2019-05-23,2019052301011892,NBL,3,16,250,338.00,"84,500.00"
2019-05-23,2019052301011891,NBL,51,16,200,338.00,"67,600.00"
2019-05-23,2019052301011890,NBL,45,16,425,338.00,"143,650.00"
2019-05-23,2019052301011835,NBL,45,16,75,338.00,"25,350.00"
2019-05-23,2019052301011834,NBL,34,16,200,338.00,"67,600.00"
2019-05-23,2019052301012029,NCCB,6,8,100,263.00,"26,300.00"
2019-05-23,2019052301012016,NCCB,26,8,160,263.00,"42,080.00"
2019-05-23,2019052301012015,NCCB,26,8,840,263.00,"220,920.00"
2019-05-23,2019052301011997,NCCB,26,8,560,263.00,"147,280.00"
2019-05-23,2019052301011996,NCCB,26,32,440,263.00,"115,720.00"
2019-05-23,2019052301011905,NCCB,58,32,10,263.00,"2,630.00"
2019-05-23,2019052301011669,NCCB,14,14,200,262.00,"52,400.00"
2019-05-23,2019052301011612,NCCB,28,14,93,262.00,"24,366.00"
2019-05-23,2019052301011839,NCCB,13,45,101,262.00,"26,462.00"
2019-05-23,2019052301011829,NCCB,13,25,"1,073",262.00,"281,126.00"
2019-05-23,2019052301011828,NCCB,14,25,93,262.00,"24,366.00"
2019-05-23,2019052301011756,NCCB,14,54,200,262.00,"52,400.00"
2019-05-23,2019052301011755,NCCB,14,14,207,262.00,"54,234.00"
2019-05-23,2019052301011712,NCCB,4,34,200,261.00,"52,200.00"
2019-05-23,2019052301011728,NGPL,1,41,11,125.00,"1,375.00"
2019-05-23,2019052301012042,NHPC,35,56,680,73.00,"49,640.00"
2019-05-23,2019052301011942,NHPC,48,56,"2,500",73.00,"182,500.00"
2019-05-23,2019052301011684,NHPC,48,46,500,73.00,"36,500.00"
2019-05-23,2019052301011548,NHPC,44,32,500,72.00,"36,000.00"
2019-05-23,2019052301011885,NIB,52,45,51,537.00,"27,387.00"
2019-05-23,2019052301011884,NIB,52,21,14,537.00,"7,518.00"
2019-05-23,2019052301011797,NIB,35,45,55,536.00,"29,480.00"
2019-05-23,2019052301011994,NIBPO,38,38,95,512.00,"48,640.00"
2019-05-23,2019052301011760,NIBPO,17,57,651,513.00,"333,963.00"
2019-05-23,2019052301011718,NIBPO,38,19,100,512.00,"51,200.00"
2019-05-23,2019052301012005,NICA,45,7,30,484.00,"14,520.00"
2019-05-23,2019052301011916,NICA,6,7,217,484.00,"105,028.00"
2019-05-23,2019052301011915,NICA,6,28,163,484.00,"78,892.00"
2019-05-23,2019052301011914,NICA,6,7,500,484.00,"242,000.00"
2019-05-23,2019052301011896,NICA,6,19,120,483.00,"57,960.00"
2019-05-23,2019052301011674,NICA,10,4,506,483.00,"244,398.00"
2019-05-23,2019052301011619,NICA,6,4,125,482.00,"60,250.00"
2019-05-23,2019052301011618,NICA,42,4,100,482.00,"48,200.00"
2019-05-23,2019052301011617,NICA,43,4,500,482.00,"241,000.00"
2019-05-23,2019052301011616,NICA,16,4,275,482.00,"132,550.00"
2019-05-23,2019052301011644,NICL,21,44,50,395.00,"19,750.00"
2019-05-23,2019052301011683,NLBBL,11,45,10,517.00,"5,170.00"
2019-05-23,2019052301011922,NLIC,11,34,100,940.00,"94,000.00"
2019-05-23,2019052301011910,NLIC,11,56,100,941.00,"94,100.00"
2019-05-23,2019052301011869,NLIC,56,46,100,942.00,"94,200.00"
2019-05-23,2019052301011963,NLICL,34,53,20,668.00,"13,360.00"
2019-05-23,2019052301011983,NMBMF,4,5,35,"1,072.00","37,520.00"
2019-05-23,2019052301011982,NMBMF,4,1,15,"1,072.00","16,080.00"
2019-05-23,2019052301011981,NMBMF,4,38,50,"1,072.00","53,600.00"
2019-05-23,2019052301011980,NMBMF,4,57,102,"1,071.00","109,242.00"
2019-05-23,2019052301011798,NMBMF,58,57,50,"1,071.00","53,550.00"
2019-05-23,2019052301011547,NMBMF,4,50,49,"1,072.00","52,528.00"
2019-05-23,2019052301011546,NMBMF,4,21,10,"1,072.00","10,720.00"
2019-05-23,2019052301011545,NMBMF,4,38,40,"1,071.00","42,840.00"
2019-05-23,2019052301011563,NSEWA,11,42,110,453.00,"49,830.00"
2019-05-23,2019052301011941,NTC,25,45,100,740.00,"74,000.00"
2019-05-23,2019052301011830,NUBL,51,25,50,860.00,"43,000.00"
2019-05-23,2019052301011894,OHL,42,17,30,695.00,"20,850.00"
2019-05-23,2019052301011886,OHL,34,57,500,686.00,"343,000.00"
2019-05-23,2019052301011762,OHL,34,36,300,686.00,"205,800.00"
2019-05-23,2019052301012022,PCBL,19,6,200,319.00,"63,800.00"
2019-05-23,2019052301012004,PCBL,6,6,28,319.00,"8,932.00"
2019-05-23,2019052301012003,PCBL,6,45,500,319.00,"159,500.00"
2019-05-23,2019052301012002,PCBL,6,57,781,318.00,"248,358.00"
2019-05-23,2019052301012001,PCBL,6,6,200,318.00,"63,600.00"
2019-05-23,2019052301012000,PCBL,6,17,491,318.00,"156,138.00"
2019-05-23,2019052301011920,PCBL,6,17,405,318.00,"128,790.00"
2019-05-23,2019052301011858,PCBL,6,6,405,317.00,"128,385.00"
2019-05-23,2019052301011827,PCBL,6,53,206,317.00,"65,302.00"
2019-05-23,2019052301011826,PCBL,11,53,294,317.00,"93,198.00"
2019-05-23,2019052301011551,PCBL,11,42,92,317.00,"29,164.00"
2019-05-23,2019052301011897,PIC,6,26,40,"1,201.00","48,040.00"
2019-05-23,2019052301011747,PIC,42,33,10,"1,202.00","12,020.00"
2019-05-23,2019052301011746,PIC,16,33,130,"1,204.00","156,520.00"
2019-05-23,2019052301011745,PIC,39,33,15,"1,205.00","18,075.00"
2019-05-23,2019052301011659,PIC,39,32,85,"1,205.00","102,425.00"
2019-05-23,2019052301011658,PIC,38,32,15,"1,205.00","18,075.00"
2019-05-23,2019052301012011,PLIC,50,17,253,467.00,"118,151.00"
2019-05-23,2019052301012010,PLIC,14,17,100,467.00,"46,700.00"
2019-05-23,2019052301012009,PLIC,53,17,47,467.00,"21,949.00"
2019-05-23,2019052301011957,PLIC,40,14,"1,000",470.00,"470,000.00"
2019-05-23,2019052301011570,PLIC,36,7,100,469.00,"46,900.00"
2019-05-23,2019052301011987,PRIN,37,36,102,412.00,"42,024.00"
2019-05-23,2019052301011881,PRIN,29,22,500,410.00,"205,000.00"
2019-05-23,2019052301011965,PROFL,32,58,10,109.00,"1,090.00"
2019-05-23,2019052301011692,PRVU,42,4,200,280.00,"56,000.00"
2019-05-23,2019052301011691,PRVU,39,4,100,280.00,"28,000.00"
2019-05-23,2019052301011690,PRVU,44,4,200,280.00,"56,000.00"
2019-05-23,2019052301011689,PRVU,32,4,20,281.00,"5,620.00"
2019-05-23,2019052301011697,PRVU,52,4,200,280.00,"56,000.00"
2019-05-23,2019052301011696,PRVU,25,4,500,280.00,"140,000.00"
2019-05-23,2019052301011695,PRVU,14,4,500,280.00,"140,000.00"
2019-05-23,2019052301011694,PRVU,40,4,18,280.00,"5,040.00"
2019-05-23,2019052301011693,PRVU,34,4,20,280.00,"5,600.00"
2019-05-23,2019052301011806,PRVU,8,4,300,280.00,"84,000.00"
2019-05-23,2019052301011785,PRVU,34,48,281,279.00,"78,399.00"
2019-05-23,2019052301011784,PRVU,25,48,"1,000",279.00,"279,000.00"
2019-05-23,2019052301011783,PRVU,47,48,"1,000",279.00,"279,000.00"
2019-05-23,2019052301011782,PRVU,54,48,500,279.00,"139,500.00"
2019-05-23,2019052301011781,PRVU,38,48,"1,000",279.00,"279,000.00"
2019-05-23,2019052301011904,RADHI,41,6,11,176.00,"1,936.00"
2019-05-23,2019052301011903,RADHI,41,35,11,176.00,"1,936.00"
2019-05-23,2019052301011902,RADHI,41,16,11,176.00,"1,936.00"
2019-05-23,2019052301011901,RADHI,41,36,11,176.00,"1,936.00"
2019-05-23,2019052301011900,RADHI,41,25,11,176.00,"1,936.00"
2019-05-23,2019052301011899,RADHI,41,51,11,176.00,"1,936.00"
2019-05-23,2019052301011898,RADHI,41,51,11,176.00,"1,936.00"
2019-05-23,2019052301011841,RBCLPO,33,17,10,"10,100.00","101,000.00"
2019-05-23,2019052301011557,RBCLPO,59,3,10,"9,992.00","99,920.00"
2019-05-23,2019052301011846,RHPC,50,40,"1,458",99.00,"144,342.00"
2019-05-23,2019052301011667,RHPC,50,40,"3,010",100.00,"301,000.00"
2019-05-23,2019052301011666,RHPC,50,46,16,100.00,"1,600.00"
2019-05-23,2019052301011665,RHPC,50,40,"1,000",100.00,"100,000.00"
2019-05-23,2019052301011664,RHPC,50,57,442,100.00,"44,200.00"
2019-05-23,2019052301011615,RHPC,50,40,"1,000",99.00,"99,000.00"
2019-05-23,2019052301011614,RHPC,50,17,"1,000",99.00,"99,000.00"
2019-05-23,2019052301011613,RHPC,50,35,32,99.00,"3,168.00"
2019-05-23,2019052301011643,RRHP,1,36,10,96.00,960.00
2019-05-23,2019052301011642,RRHP,1,33,10,96.00,960.00
2019-05-23,2019052301011641,RRHP,1,58,10,96.00,960.00
2019-05-23,2019052301011640,RRHP,1,50,10,96.00,960.00
2019-05-23,2019052301011639,RRHP,1,40,10,94.00,940.00
2019-05-23,2019052301011638,RRHP,1,41,10,94.00,940.00
2019-05-23,2019052301011651,RSDC,56,19,178,384.00,"68,352.00"
2019-05-23,2019052301011776,SANIMA,10,34,25,358.00,"8,950.00"
2019-05-23,2019052301011775,SANIMA,10,55,75,358.00,"26,850.00"
2019-05-23,2019052301011621,SANIMA,45,34,30,358.00,"10,740.00"
2019-05-23,2019052301011620,SBI,7,16,100,482.00,"48,200.00"
2019-05-23,2019052301011912,SBL,53,33,102,336.00,"34,272.00"
2019-05-23,2019052301011911,SBL,32,33,98,336.00,"32,928.00"
2019-05-23,2019052301011603,SBL,45,46,30,338.00,"10,140.00"
2019-05-23,2019052301011569,SBL,32,47,100,336.00,"33,600.00"
2019-05-23,2019052301011568,SBL,32,35,252,336.00,"84,672.00"
2019-05-23,2019052301011878,SCB,14,22,16,685.00,"10,960.00"
2019-05-23,2019052301011818,SCB,14,56,78,685.00,"53,430.00"
2019-05-23,2019052301011817,SCB,14,56,300,685.00,"205,500.00"
2019-05-23,2019052301011628,SEOS,52,41,"1,000",10.22,"10,220.00"
2019-05-23,2019052301011956,SHINE,6,1,75,265.00,"19,875.00"
2019-05-23,2019052301011955,SHINE,6,38,100,264.00,"26,400.00"
2019-05-23,2019052301011954,SHINE,6,57,105,263.00,"27,615.00"
2019-05-23,2019052301011953,SHINE,6,25,500,262.00,"131,000.00"
2019-05-23,2019052301011952,SHINE,6,25,"1,000",261.00,"261,000.00"
2019-05-23,2019052301011951,SHINE,6,58,220,260.00,"57,200.00"
2019-05-23,2019052301011950,SHINE,6,34,"1,000",258.00,"258,000.00"
2019-05-23,2019052301012019,SHIVM,38,4,10,547.00,"5,470.00"
2019-05-23,2019052301012018,SHIVM,38,58,200,546.00,"109,200.00"
2019-05-23,2019052301012017,SHIVM,57,38,25,544.00,"13,600.00"
2019-05-23,2019052301011984,SHIVM,57,38,25,544.00,"13,600.00"
2019-05-23,2019052301011962,SHIVM,50,45,65,543.00,"35,295.00"
2019-05-23,2019052301011961,SHIVM,28,45,165,543.00,"89,595.00"
2019-05-23,2019052301011670,SHIVM,38,38,30,545.00,"16,350.00"
2019-05-23,2019052301011668,SHIVM,42,41,50,548.00,"27,400.00"
2019-05-23,2019052301011778,SHIVM,40,38,30,544.00,"16,320.00"
2019-05-23,2019052301011758,SHIVM,40,38,30,544.00,"16,320.00"
2019-05-23,2019052301011741,SHIVM,40,38,20,544.00,"10,880.00"
2019-05-23,2019052301011740,SHIVM,41,38,10,545.00,"5,450.00"
2019-05-23,2019052301011701,SHIVM,41,38,10,545.00,"5,450.00"
2019-05-23,2019052301011700,SHIVM,38,38,20,545.00,"10,900.00"
2019-05-23,2019052301011865,SHIVM,40,43,360,544.00,"195,840.00"
2019-05-23,2019052301011842,SHIVM,40,38,30,544.00,"16,320.00"
2019-05-23,2019052301011812,SHIVM,40,38,30,544.00,"16,320.00"
2019-05-23,2019052301011804,SHIVM,29,40,300,548.00,"164,400.00"
2019-05-23,2019052301011803,SHIVM,29,46,500,546.00,"273,000.00"
2019-05-23,2019052301011802,SHIVM,29,41,100,546.00,"54,600.00"
2019-05-23,2019052301011960,SHIVM,56,45,70,544.00,"38,080.00"
2019-05-23,2019052301011945,SHIVM,56,38,30,544.00,"16,320.00"
2019-05-23,2019052301011925,SHIVM,33,38,30,544.00,"16,320.00"
2019-05-23,2019052301011909,SHIVM,38,38,30,544.00,"16,320.00"
2019-05-23,2019052301011876,SHIVM,38,38,30,544.00,"16,320.00"
2019-05-23,2019052301011866,SHIVM,38,43,140,544.00,"76,160.00"
2019-05-23,2019052301011937,SHL,43,19,500,245.00,"122,500.00"
2019-05-23,2019052301011852,SHL,43,47,"1,631",245.00,"399,595.00"
2019-05-23,2019052301011822,SHL,43,43,300,245.00,"73,500.00"
2019-05-23,2019052301011821,SHL,57,43,200,249.00,"49,800.00"
2019-05-23,2019052301011647,SHL,43,48,"6,551",245.00,"1,604,995.00"
2019-05-23,2019052301011646,SHL,40,48,500,246.00,"123,000.00"
2019-05-23,2019052301011645,SHL,1,48,700,246.00,"172,200.00"
2019-05-23,2019052301011625,SHL,1,47,100,246.00,"24,600.00"
2019-05-23,2019052301011589,SHL,16,47,900,247.00,"222,300.00"
2019-05-23,2019052301011564,SHL,16,58,100,247.00,"24,700.00"
2019-05-23,2019052301011675,SHPC,49,52,"1,000",277.00,"277,000.00"
2019-05-23,2019052301011584,SHPC,43,41,350,275.00,"96,250.00"
2019-05-23,2019052301011583,SHPC,6,41,90,277.00,"24,930.00"
2019-05-23,2019052301011820,SICL,56,54,23,861.00,"19,803.00"
2019-05-23,2019052301011819,SICL,7,54,42,861.00,"36,162.00"
2019-05-23,2019052301011707,SICL,7,35,125,861.00,"107,625.00"
2019-05-23,2019052301011549,SICL,45,34,20,865.00,"17,300.00"
2019-05-23,2019052301011887,SIFC,49,28,100,156.00,"15,600.00"
2019-05-23,2019052301012028,SIL,41,5,63,585.00,"36,855.00"
2019-05-23,2019052301011631,SINDU,55,34,100,144.00,"14,400.00"
2019-05-23,2019052301011630,SINDU,59,34,50,144.00,"7,200.00"
2019-05-23,2019052301011629,SINDU,19,34,100,144.00,"14,400.00"
2019-05-23,2019052301011591,SINDU,19,58,100,144.00,"14,400.00"
2019-05-23,2019052301011590,SINDU,45,58,100,145.00,"14,500.00"
2019-05-23,2019052301011698,SKBBL,29,26,58,989.00,"57,362.00"
2019-05-23,2019052301012033,SLBBL,34,7,14,483.00,"6,762.00"
2019-05-23,2019052301011800,SLICL,19,34,500,586.00,"293,000.00"
2019-05-23,2019052301011799,SLICL,51,34,106,587.00,"62,222.00"
2019-05-23,2019052301011938,SRBL,17,45,200,258.00,"51,600.00"
2019-05-23,2019052301011716,SRBL,17,45,10,258.00,"2,580.00"
2019-05-23,2019052301011672,SRBL,17,14,250,258.00,"64,500.00"
2019-05-23,2019052301011556,SRBL,40,34,300,259.00,"77,700.00"
2019-05-23,2019052301011635,UIC,58,42,19,965.00,"18,335.00"
2019-05-23,2019052301011611,UIC,58,42,31,965.00,"29,915.00"
2019-05-23,2019052301011610,UIC,58,28,200,965.00,"193,000.00"
2019-05-23,2019052301011609,UIC,58,34,50,965.00,"48,250.00"
2019-05-23,2019052301011608,UIC,58,19,35,965.00,"33,775.00"
2019-05-23,2019052301011607,UIC,58,55,20,964.00,"19,280.00"
2019-05-23,2019052301011926,UPCL,58,34,10,96.00,960.00
2019-05-23,2019052301011843,UPCL,25,56,50,95.00,"4,750.00"
2019-05-23,2019052301012013,UPPER,58,49,300,287.00,"86,100.00"
2019-05-23,2019052301011978,UPPER,29,49,250,287.00,"71,750.00"
2019-05-23,2019052301011977,UPPER,49,49,229,287.00,"65,723.00"
2019-05-23,2019052301011976,UPPER,59,49,360,287.00,"103,320.00"
2019-05-23,2019052301011742,UPPER,42,42,60,287.00,"17,220.00"
2019-05-23,2019052301011739,UPPER,42,38,40,287.00,"11,480.00"
2019-05-23,2019052301011593,UPPER,43,41,40,287.00,"11,480.00"
2019-05-23,2019052301011592,UPPER,43,33,210,287.00,"60,270.00"
2019-05-23,2019052301011555,UPPER,5,41,40,286.00,"11,440.00"
2019-05-23,2019052301011779,UPPER,49,32,100,287.00,"28,700.00"
2019-05-23,2019052301011763,UPPER,49,56,40,287.00,"11,480.00"
2019-05-23,2019052301011759,UPPER,19,14,100,288.00,"28,800.00"
2019-05-23,2019052301011757,UPPER,49,39,50,287.00,"14,350.00"
2019-05-23,2019052301011743,UPPER,49,42,40,287.00,"11,480.00"
2019-05-23,2019052301011849,UPPER,59,38,40,287.00,"11,480.00"
2019-05-23,2019052301011848,UPPER,59,17,"1,500",287.00,"430,500.00"
2019-05-23,2019052301011847,UPPER,59,34,30,287.00,"8,610.00"
2019-05-23,2019052301011788,UPPER,51,34,100,287.00,"28,700.00"
2019-05-23,2019052301011787,UPPER,36,34,100,287.00,"28,700.00"
2019-05-23,2019052301011786,UPPER,49,34,770,287.00,"220,990.00"
2019-05-23,2019052301011948,UPPER,59,38,40,287.00,"11,480.00"
2019-05-23,2019052301011943,UPPER,59,52,150,287.00,"43,050.00"
2019-05-23,2019052301011939,UPPER,59,38,40,287.00,"11,480.00"
2019-05-23,2019052301011864,UPPER,59,38,40,287.00,"11,480.00"
2019-05-23,2019052301011857,UPPER,59,34,500,287.00,"143,500.00"
2019-05-23,2019052301011850,UPPER,59,1,300,287.00,"86,100.00"
2019-05-23,2019052301011443,ADBL,58,22,165,432.00,"71,280.00"
2019-05-23,2019052301011434,ADBL,58,22,385,432.00,"166,320.00"
2019-05-23,2019052301011425,ADBL,58,43,56,432.00,"24,192.00"
2019-05-23,2019052301011405,ADBL,58,53,150,432.00,"64,800.00"
2019-05-23,2019052301011365,ADBL,58,45,100,432.00,"43,200.00"
2019-05-23,2019052301011364,ADBL,58,42,12,432.00,"5,184.00"
2019-05-23,2019052301011321,ADBL,58,1,100,432.00,"43,200.00"
2019-05-23,2019052301011303,ADBL,58,34,21,432.00,"9,072.00"
2019-05-23,2019052301011244,ADBL,58,22,279,432.00,"120,528.00"
2019-05-23,2019052301011174,ADBL,58,58,50,432.00,"21,600.00"
2019-05-23,2019052301011053,ADBL,58,25,"1,000",432.00,"432,000.00"
2019-05-23,2019052301011525,AHPC,48,42,300,114.00,"34,200.00"
2019-05-23,2019052301011524,AHPC,38,42,150,114.00,"17,100.00"
2019-05-23,2019052301011349,AHPC,33,52,100,115.00,"11,500.00"
2019-05-23,2019052301011276,AKPL,45,25,822,202.00,"166,044.00"
2019-05-23,2019052301011103,AMFI,45,22,10,560.00,"5,600.00"
2019-05-23,2019052301011477,API,43,44,400,160.00,"64,000.00"
2019-05-23,2019052301011369,API,42,44,100,160.00,"16,000.00"
2019-05-23,2019052301011326,API,38,44,500,160.00,"80,000.00"
2019-05-23,2019052301011077,API,16,49,100,159.00,"15,900.00"
2019-05-23,2019052301011054,API,16,25,"2,000",159.00,"318,000.00"
2019-05-23,2019052301011110,BARUN,41,48,10,97.00,970.00
2019-05-23,2019052301011516,BFC,42,57,250,105.00,"26,250.00"
2019-05-23,2019052301011421,BFC,42,42,250,105.00,"26,250.00"
2019-05-23,2019052301011420,BFC,8,42,150,105.00,"15,750.00"
2019-05-23,2019052301011506,BOKL,34,17,134,273.00,"36,582.00"
2019-05-23,2019052301011466,BOKL,13,43,26,272.00,"7,072.00"
2019-05-23,2019052301011283,BOKL,57,43,100,272.00,"27,200.00"
2019-05-23,2019052301011282,BOKL,40,43,500,272.00,"136,000.00"
2019-05-23,2019052301011281,BOKL,49,43,100,272.00,"27,200.00"
2019-05-23,2019052301011280,BOKL,44,43,50,272.00,"13,600.00"
2019-05-23,2019052301011279,BOKL,59,43,100,272.00,"27,200.00"
2019-05-23,2019052301011278,BOKL,59,43,100,272.00,"27,200.00"
2019-05-23,2019052301011277,BOKL,42,43,24,272.00,"6,528.00"
2019-05-23,2019052301011083,BOKL,42,40,76,272.00,"20,672.00"
2019-05-23,2019052301011082,BOKL,57,40,200,272.00,"54,400.00"
2019-05-23,2019052301011081,BOKL,39,40,665,272.00,"180,880.00"
2019-05-23,2019052301011514,BPCL,10,49,35,418.00,"14,630.00"
2019-05-23,2019052301011513,BPCL,29,49,15,418.00,"6,270.00"
2019-05-23,2019052301011373,BPCL,37,7,790,417.00,"329,430.00"
2019-05-23,2019052301011372,BPCL,38,7,10,418.00,"4,180.00"
2019-05-23,2019052301011239,BPCL,21,58,200,418.00,"83,600.00"
2019-05-23,2019052301011131,BPCL,21,21,450,418.00,"188,100.00"
2019-05-23,2019052301011130,BPCL,14,21,50,418.00,"20,900.00"
2019-05-23,2019052301011052,BPCL,46,49,243,420.00,"102,060.00"
2019-05-23,2019052301011051,BPCL,46,45,500,420.00,"210,000.00"
2019-05-23,2019052301011371,BPCL,43,7,200,418.00,"83,600.00"
2019-05-23,2019052301011368,BPCL,45,49,30,420.00,"12,600.00"
2019-05-23,2019052301011354,BPCL,10,49,264,419.00,"110,616.00"
2019-05-23,2019052301011348,BPCL,50,34,100,418.00,"41,800.00"
2019-05-23,2019052301011347,BPCL,21,34,350,418.00,"146,300.00"
2019-05-23,2019052301011275,BPCL,43,49,157,419.00,"65,783.00"
2019-05-23,2019052301011495,CBBL,36,57,193,958.00,"184,894.00"
2019-05-23,2019052301011494,CBBL,36,52,200,957.00,"191,400.00"
2019-05-23,2019052301011493,CBBL,36,35,110,957.00,"105,270.00"
2019-05-23,2019052301011492,CBBL,36,17,110,956.00,"105,160.00"
2019-05-23,2019052301011491,CBBL,36,53,237,955.00,"226,335.00"
2019-05-23,2019052301011415,CBBL,49,53,29,955.00,"27,695.00"
2019-05-23,2019052301011222,CBBL,41,42,50,953.00,"47,650.00"
2019-05-23,2019052301011202,CBBL,41,51,50,953.00,"47,650.00"
2019-05-23,2019052301011101,CBBL,13,51,200,953.00,"190,600.00"
2019-05-23,2019052301011100,CBBL,13,57,50,953.00,"47,650.00"
2019-05-23,2019052301011352,CBBL,49,54,50,955.00,"47,750.00"
2019-05-23,2019052301011236,CBBL,49,28,251,955.00,"239,705.00"
2019-05-23,2019052301011235,CBBL,49,59,100,954.00,"95,400.00"
2019-05-23,2019052301011234,CBBL,49,4,70,954.00,"66,780.00"
2019-05-23,2019052301011223,CBBL,36,42,150,952.00,"142,800.00"
2019-05-23,2019052301011380,CBL,59,25,500,147.00,"73,500.00"
2019-05-23,2019052301011169,CBL,59,17,200,147.00,"29,400.00"
2019-05-23,2019052301011462,CCBL,39,35,10,168.00,"1,680.00"
2019-05-23,2019052301011308,CCBL,39,57,"2,900",168.00,"487,200.00"
2019-05-23,2019052301011063,CCBL,39,52,71,168.00,"11,928.00"
2019-05-23,2019052301011062,CCBL,32,52,199,168.00,"33,432.00"
2019-05-23,2019052301011399,CHCL,19,52,200,537.00,"107,400.00"
2019-05-23,2019052301011498,CLBSL,17,5,18,575.00,"10,350.00"
2019-05-23,2019052301011497,CLBSL,17,6,62,558.00,"34,596.00"
2019-05-23,2019052301011472,CLBSL,5,45,500,548.00,"274,000.00"
2019-05-23,2019052301011266,CMF1,13,54,"3,000",9.93,"29,790.00"
2019-05-23,2019052301011363,CZBIL,28,34,20,230.00,"4,600.00"
2019-05-23,2019052301011291,CZBIL,28,42,10,230.00,"2,300.00"
2019-05-23,2019052301011289,CZBIL,28,48,10,230.00,"2,300.00"
2019-05-23,2019052301011288,CZBIL,28,34,120,230.00,"27,600.00"
2019-05-23,2019052301011260,DBBL,19,58,366,148.00,"54,168.00"
2019-05-23,2019052301011328,DDBL,45,58,500,736.00,"368,000.00"
2019-05-23,2019052301011327,DDBL,56,58,10,738.00,"7,380.00"
2019-05-23,2019052301011324,DDBL,28,43,89,740.00,"65,860.00"
2019-05-23,2019052301011323,DDBL,28,4,11,740.00,"8,140.00"
2019-05-23,2019052301011456,EBL,40,34,100,666.00,"66,600.00"
2019-05-23,2019052301011384,EIC,45,57,230,415.00,"95,450.00"
2019-05-23,2019052301011383,EIC,20,57,20,415.00,"8,300.00"
2019-05-23,2019052301011382,EIC,16,57,50,417.00,"20,850.00"
2019-05-23,2019052301011381,EIC,4,57,30,420.00,"12,600.00"
2019-05-23,2019052301011451,FMDBL,42,11,30,406.00,"12,180.00"
2019-05-23,2019052301011450,FMDBL,52,11,400,406.00,"162,400.00"
2019-05-23,2019052301011046,FMDBL,52,51,100,406.00,"40,600.00"
2019-05-23,2019052301011298,FOWAD,51,17,20,"1,519.00","30,380.00"
2019-05-23,2019052301011257,FOWAD,42,17,20,"1,519.00","30,380.00"
2019-05-23,2019052301011438,GBIME,45,46,30,309.00,"9,270.00"
2019-05-23,2019052301011385,GBIME,10,11,"1,041",308.00,"320,628.00"
2019-05-23,2019052301011362,GBIME,55,11,840,307.00,"257,880.00"
2019-05-23,2019052301011361,GBIME,42,11,100,307.00,"30,700.00"
2019-05-23,2019052301011360,GBIME,57,11,100,307.00,"30,700.00"
2019-05-23,2019052301011359,GBIME,43,11,200,307.00,"61,400.00"
2019-05-23,2019052301011358,GBIME,51,11,500,307.00,"153,500.00"
2019-05-23,2019052301011357,GBIME,55,11,260,307.00,"79,820.00"
2019-05-23,2019052301011339,GBIME,55,34,40,307.00,"12,280.00"
2019-05-23,2019052301011180,GBIME,19,11,200,308.00,"61,600.00"
2019-05-23,2019052301011256,GBLBS,45,34,200,379.00,"75,800.00"
2019-05-23,2019052301011187,GBLBS,25,52,90,378.00,"34,020.00"
2019-05-23,2019052301011186,GBLBS,25,19,35,378.00,"13,230.00"
2019-05-23,2019052301011091,GDBL,6,33,160,215.00,"34,400.00"
2019-05-23,2019052301011258,GHL,22,22,20,96.00,"1,920.00"
2019-05-23,2019052301011515,GLICL,46,52,40,550.00,"22,000.00"
2019-05-23,2019052301011078,GLICL,46,51,50,550.00,"27,500.00"
2019-05-23,2019052301011109,GRDBL,45,45,200,114.00,"22,800.00"
2019-05-23,2019052301011436,GUFL,57,57,500,116.00,"58,000.00"
2019-05-23,2019052301011183,HBL,34,47,100,592.00,"59,200.00"
2019-05-23,2019052301011536,HIDCL,35,29,61,168.00,"10,248.00"
2019-05-23,2019052301011496,HIDCL,35,29,61,168.00,"10,248.00"
2019-05-23,2019052301011457,HIDCL,35,29,61,168.00,"10,248.00"
2019-05-23,2019052301011448,HIDCL,35,40,61,168.00,"10,248.00"
2019-05-23,2019052301011447,HIDCL,35,29,61,168.00,"10,248.00"
2019-05-23,2019052301011430,HIDCL,35,40,61,168.00,"10,248.00"
2019-05-23,2019052301011251,HIDCL,34,58,86,168.00,"14,448.00"
2019-05-23,2019052301011238,HIDCL,34,40,61,168.00,"10,248.00"
2019-05-23,2019052301011073,HIDCL,34,6,60,168.00,"10,080.00"
2019-05-23,2019052301011422,HIDCL,35,29,61,168.00,"10,248.00"
2019-05-23,2019052301011404,HIDCL,35,40,23,168.00,"3,864.00"
2019-05-23,2019052301011403,HIDCL,34,40,38,168.00,"6,384.00"
2019-05-23,2019052301011374,HIDCL,34,25,255,168.00,"42,840.00"
2019-05-23,2019052301011370,HIDCL,34,29,61,168.00,"10,248.00"
2019-05-23,2019052301011351,HIDCL,34,40,61,168.00,"10,248.00"
2019-05-23,2019052301011490,HPPL,47,45,110,186.00,"20,460.00"
2019-05-23,2019052301011489,HPPL,34,45,220,186.00,"40,920.00"
2019-05-23,2019052301011213,ICFC,41,58,20,162.00,"3,240.00"
2019-05-23,2019052301011474,JBBL,14,17,200,153.00,"30,600.00"
2019-05-23,2019052301011473,JBBL,14,50,"2,000",153.00,"306,000.00"
2019-05-23,2019052301011273,JBBL,22,38,100,153.00,"15,300.00"
2019-05-23,2019052301011272,JBBL,22,35,200,152.00,"30,400.00"
2019-05-23,2019052301011271,JBBL,22,57,390,152.00,"59,280.00"
2019-05-23,2019052301011228,JBBL,46,22,302,151.00,"45,602.00"
2019-05-23,2019052301011227,JBBL,46,39,100,151.00,"15,100.00"
2019-05-23,2019052301011226,JBBL,46,38,559,151.00,"84,409.00"
2019-05-23,2019052301011225,JBBL,46,6,39,151.00,"5,889.00"
2019-05-23,2019052301011531,JBNL,18,34,200,211.00,"42,200.00"
2019-05-23,2019052301011464,JBNL,42,26,20,212.00,"4,240.00"
2019-05-23,2019052301011398,JBNL,45,16,"2,000",212.00,"424,000.00"
2019-05-23,2019052301011397,JBNL,45,16,"3,000",212.00,"636,000.00"
2019-05-23,2019052301011396,JBNL,45,59,500,212.00,"106,000.00"
2019-05-23,2019052301011395,JBNL,45,59,500,212.00,"106,000.00"
2019-05-23,2019052301011129,JBNL,42,42,800,212.00,"169,600.00"
2019-05-23,2019052301011128,JBNL,42,38,200,212.00,"42,400.00"
2019-05-23,2019052301011104,JBNL,10,6,89,211.00,"18,779.00"
2019-05-23,2019052301011094,JBNL,42,38,100,212.00,"21,200.00"
2019-05-23,2019052301011394,JBNL,45,1,300,212.00,"63,600.00"
2019-05-23,2019052301011336,JBNL,18,50,89,211.00,"18,779.00"
2019-05-23,2019052301011335,JBNL,10,50,"1,911",211.00,"403,221.00"
2019-05-23,2019052301011274,JBNL,19,1,200,212.00,"42,400.00"
2019-05-23,2019052301011179,JBNL,58,42,200,212.00,"42,400.00"
2019-05-23,2019052301011178,JBNL,58,56,"2,087",212.00,"442,444.00"
2019-05-23,2019052301011499,KADBL,45,35,100,181.00,"18,100.00"
2019-05-23,2019052301011449,KBBL,57,52,100,228.00,"22,800.00"
2019-05-23,2019052301011510,KBL,1,28,200,218.00,"43,600.00"
2019-05-23,2019052301011249,KBL,49,21,40,217.00,"8,680.00"
2019-05-23,2019052301011248,KBL,22,21,100,217.00,"21,700.00"
2019-05-23,2019052301011247,KBL,41,21,60,217.00,"13,020.00"
2019-05-23,2019052301011173,KBL,36,34,"1,000",217.00,"217,000.00"
2019-05-23,2019052301011061,KBL,49,28,100,218.00,"21,800.00"
2019-05-23,2019052301011060,KBL,49,28,500,218.00,"109,000.00"
2019-05-23,2019052301011059,KBL,53,28,50,218.00,"10,900.00"
2019-05-23,2019052301011058,KBL,46,28,"1,000",218.00,"218,000.00"
2019-05-23,2019052301011057,KBL,20,28,500,218.00,"109,000.00"
2019-05-23,2019052301011056,KBL,28,28,100,218.00,"21,800.00"
2019-05-23,2019052301011055,KBL,7,28,93,218.00,"20,274.00"
2019-05-23,2019052301011505,KPCL,29,40,10,95.00,950.00
2019-05-23,2019052301011375,KPCL,29,43,10,95.00,950.00
2019-05-23,2019052301011534,KRBL,57,34,200,110.00,"22,000.00"
2019-05-23,2019052301011433,KRBL,57,34,23,110.00,"2,530.00"
2019-05-23,2019052301011305,KRBL,57,42,11,110.00,"1,210.00"
2019-05-23,2019052301011309,KSBBL,17,1,464,157.00,"72,848.00"
2019-05-23,2019052301011286,KSBBL,46,1,"1,000",157.00,"157,000.00"
2019-05-23,2019052301011268,KSBBL,58,6,34,156.00,"5,304.00"
2019-05-23,2019052301011166,KSBBL,58,6,372,156.00,"58,032.00"
2019-05-23,2019052301011437,LBBL,59,1,100,205.00,"20,500.00"
2019-05-23,2019052301011097,LBBL,59,26,200,205.00,"41,000.00"
2019-05-23,2019052301011285,LGIL,40,5,60,503.00,"30,180.00"
2019-05-23,2019052301011147,LICN,28,20,260,"1,900.00","494,000.00"
2019-05-23,2019052301011146,LICN,28,20,100,"1,901.00","190,100.00"
2019-05-23,2019052301011145,LICN,16,20,200,"1,902.00","380,400.00"
2019-05-23,2019052301011144,LICN,34,20,10,"1,903.00","19,030.00"
2019-05-23,2019052301011465,MBL,37,45,300,270.00,"81,000.00"
2019-05-23,2019052301011388,MBL,37,28,685,270.00,"184,950.00"
2019-05-23,2019052301011306,MBL,46,38,10,270.00,"2,700.00"
2019-05-23,2019052301011463,MEGA,13,38,"1,288",199.00,"256,312.00"
2019-05-23,2019052301011419,MEGA,16,35,800,198.00,"158,400.00"
2019-05-23,2019052301011367,MEGA,11,34,100,198.00,"19,800.00"
2019-05-23,2019052301011366,MEGA,22,34,41,198.00,"8,118.00"
2019-05-23,2019052301011121,MEGA,22,16,159,198.00,"31,482.00"
2019-05-23,2019052301011120,MEGA,33,16,141,198.00,"27,918.00"
2019-05-23,2019052301011092,MEGA,26,38,100,199.00,"19,900.00"
2019-05-23,2019052301011304,MHNL,59,39,40,99.00,"3,960.00"
2019-05-23,2019052301011325,MLBL,33,57,250,197.00,"49,250.00"
2019-05-23,2019052301011543,MNBBL,7,50,100,377.00,"37,700.00"
2019-05-23,2019052301011542,MNBBL,35,50,50,377.00,"18,850.00"
2019-05-23,2019052301011541,MNBBL,34,50,256,377.00,"96,512.00"
2019-05-23,2019052301011205,MPFL,34,34,5,235.00,"1,175.00"
2019-05-23,2019052301011176,MPFL,34,34,5,235.00,"1,175.00"
2019-05-23,2019052301011355,NABIL,36,1,200,841.00,"168,200.00"
2019-05-23,2019052301011338,NABILP,32,25,50,814.00,"40,700.00"
2019-05-23,2019052301011337,NABILP,28,25,50,815.00,"40,750.00"
2019-05-23,2019052301011262,NABILP,28,25,40,817.00,"32,680.00"
2019-05-23,2019052301011261,NABILP,28,55,60,816.00,"48,960.00"
2019-05-23,2019052301011481,NBB,28,47,23,225.00,"5,175.00"
2019-05-23,2019052301011480,NBB,38,47,200,225.00,"45,000.00"
2019-05-23,2019052301011479,NBB,21,47,100,225.00,"22,500.00"
2019-05-23,2019052301011478,NBB,33,47,177,225.00,"39,825.00"
2019-05-23,2019052301011334,NBB,33,45,723,225.00,"162,675.00"
2019-05-23,2019052301011333,NBB,28,45,100,225.00,"22,500.00"
2019-05-23,2019052301011332,NBB,17,45,500,225.00,"112,500.00"
2019-05-23,2019052301011331,NBB,11,45,"1,000",225.00,"225,000.00"
2019-05-23,2019052301011330,NBB,51,45,200,225.00,"45,000.00"
2019-05-23,2019052301011329,NBB,29,45,87,225.00,"19,575.00"
2019-05-23,2019052301011484,NBL,14,34,600,338.00,"202,800.00"
2019-05-23,2019052301011469,NBL,1,34,145,339.00,"49,155.00"
2019-05-23,2019052301011468,NBL,1,34,500,339.00,"169,500.00"
2019-05-23,2019052301011467,NBL,1,42,355,339.00,"120,345.00"
2019-05-23,2019052301011423,NBL,45,42,30,339.00,"10,170.00"
2019-05-23,2019052301011414,NBL,17,42,100,339.00,"33,900.00"
2019-05-23,2019052301011127,NBL,14,42,200,339.00,"67,800.00"
2019-05-23,2019052301011126,NBL,50,42,315,339.00,"106,785.00"
2019-05-23,2019052301011050,NBL,50,34,685,339.00,"232,215.00"
2019-05-23,2019052301011049,NBL,35,34,300,339.00,"101,700.00"
2019-05-23,2019052301011048,NBL,48,34,515,339.00,"174,585.00"
2019-05-23,2019052301011522,NCCB,28,58,"1,907",262.00,"499,634.00"
2019-05-23,2019052301011521,NCCB,1,58,300,262.00,"78,600.00"
2019-05-23,2019052301011520,NCCB,55,58,230,262.00,"60,260.00"
2019-05-23,2019052301011519,NCCB,56,58,200,262.00,"52,400.00"
2019-05-23,2019052301011518,NCCB,56,58,300,262.00,"78,600.00"
2019-05-23,2019052301011517,NCCB,25,58,63,262.00,"16,506.00"
2019-05-23,2019052301011086,NCCB,26,46,200,263.00,"52,600.00"
2019-05-23,2019052301011085,NCCB,56,46,805,263.00,"211,715.00"
2019-05-23,2019052301011084,NCCB,56,13,100,263.00,"26,300.00"
2019-05-23,2019052301011047,NCCB,38,38,200,264.00,"52,800.00"
2019-05-23,2019052301011158,NCCB,29,46,95,263.00,"24,985.00"
2019-05-23,2019052301011157,NCCB,1,46,500,263.00,"131,500.00"
2019-05-23,2019052301011156,NCCB,28,46,405,263.00,"106,515.00"
2019-05-23,2019052301011099,NCCB,28,25,"1,000",263.00,"263,000.00"
2019-05-23,2019052301011088,NCCB,28,46,595,263.00,"156,485.00"
2019-05-23,2019052301011087,NCCB,59,46,400,263.00,"105,200.00"
2019-05-23,2019052301011252,NCCB,29,34,640,263.00,"168,320.00"
2019-05-23,2019052301011246,NCCB,7,6,42,262.00,"11,004.00"
2019-05-23,2019052301011243,NCCB,7,21,50,262.00,"13,100.00"
2019-05-23,2019052301011221,NCCB,7,58,620,262.00,"162,440.00"
2019-05-23,2019052301011185,NCCB,4,34,50,263.00,"13,150.00"
2019-05-23,2019052301011184,NCCB,52,34,310,263.00,"81,530.00"
2019-05-23,2019052301011386,NCCB,7,38,63,262.00,"16,506.00"
2019-05-23,2019052301011322,NCCB,29,29,500,263.00,"131,500.00"
2019-05-23,2019052301011310,NCCB,7,58,725,262.00,"189,950.00"
2019-05-23,2019052301011255,NCCB,7,41,212,262.00,"55,544.00"
2019-05-23,2019052301011254,NCCB,7,41,288,262.00,"75,456.00"
2019-05-23,2019052301011253,NCCB,29,29,"4,360",263.00,"1,146,680.00"
2019-05-23,2019052301011487,NCCB,45,32,50,263.00,"13,150.00"
2019-05-23,2019052301011424,NCCB,25,38,400,262.00,"104,800.00"
2019-05-23,2019052301011418,NCCB,1,50,"1,000",263.00,"263,000.00"
2019-05-23,2019052301011417,NCCB,1,34,500,263.00,"131,500.00"
2019-05-23,2019052301011416,NCCB,1,29,140,263.00,"36,820.00"
2019-05-23,2019052301011387,NCCB,25,38,37,262.00,"9,694.00"
2019-05-23,2019052301011512,NHPC,44,16,500,72.00,"36,000.00"
2019-05-23,2019052301011452,NHPC,48,58,"1,000",73.00,"73,000.00"
2019-05-23,2019052301011284,NHPC,58,6,"2,000",73.00,"146,000.00"
2019-05-23,2019052301011270,NHPC,57,17,"1,000",74.00,"74,000.00"
2019-05-23,2019052301011216,NHPC,58,58,"4,142",73.00,"302,366.00"
2019-05-23,2019052301011215,NHPC,58,58,"5,000",73.00,"365,000.00"
2019-05-23,2019052301011214,NHPC,58,58,"2,000",73.00,"146,000.00"
2019-05-23,2019052301011509,NIB,35,54,160,536.00,"85,760.00"
2019-05-23,2019052301011508,NIB,25,54,100,536.00,"53,600.00"
2019-05-23,2019052301011507,NIB,41,54,73,536.00,"39,128.00"
2019-05-23,2019052301011482,NIB,41,41,30,536.00,"16,080.00"
2019-05-23,2019052301011454,NIB,41,57,249,536.00,"133,464.00"
2019-05-23,2019052301011401,NIB,41,1,148,536.00,"79,328.00"
2019-05-23,2019052301011400,NIB,33,1,52,536.00,"27,872.00"
2019-05-23,2019052301011182,NIBPO,42,40,15,513.00,"7,695.00"
2019-05-23,2019052301011485,NICA,16,34,100,482.00,"48,200.00"
2019-05-23,2019052301011189,NICA,25,4,50,483.00,"24,150.00"
2019-05-23,2019052301011170,NICL,51,25,50,394.00,"19,700.00"
2019-05-23,2019052301011263,NICL,51,58,149,394.00,"58,706.00"
2019-05-23,2019052301011224,NIL,37,22,220,515.00,"113,300.00"
2019-05-23,2019052301011106,NIL,21,51,100,514.00,"51,400.00"
2019-05-23,2019052301011075,NIL,42,22,60,515.00,"30,900.00"
2019-05-23,2019052301011074,NIL,42,22,120,515.00,"61,800.00"
2019-05-23,2019052301011532,NLG,6,25,15,817.00,"12,255.00"
2019-05-23,2019052301011470,NLG,59,41,65,807.00,"52,455.00"
2019-05-23,2019052301011458,NLIC,11,42,100,940.00,"94,000.00"
2019-05-23,2019052301011297,NLIC,11,34,192,940.00,"180,480.00"
2019-05-23,2019052301011296,NLIC,46,34,208,940.00,"195,520.00"
2019-05-23,2019052301011098,NLIC,46,44,30,940.00,"28,200.00"
2019-05-23,2019052301011504,NLICL,6,22,48,663.00,"31,824.00"
2019-05-23,2019052301011503,NLICL,11,22,60,663.00,"39,780.00"
2019-05-23,2019052301011502,NLICL,49,22,50,664.00,"33,200.00"
2019-05-23,2019052301011501,NLICL,34,22,92,664.00,"61,088.00"
2019-05-23,2019052301011500,NLICL,13,22,50,665.00,"33,250.00"
2019-05-23,2019052301011486,NMBMF,4,42,180,"1,070.00","192,600.00"
2019-05-23,2019052301011346,NSEWA,54,42,190,453.00,"86,070.00"
2019-05-23,2019052301011133,OHL,45,45,500,693.00,"346,500.00"
2019-05-23,2019052301011132,OHL,45,52,50,692.00,"34,600.00"
2019-05-23,2019052301011139,OHL,45,5,125,698.00,"87,250.00"
2019-05-23,2019052301011138,OHL,45,26,79,698.00,"55,142.00"
2019-05-23,2019052301011137,OHL,45,25,172,697.00,"119,884.00"
2019-05-23,2019052301011136,OHL,45,45,20,697.00,"13,940.00"
2019-05-23,2019052301011135,OHL,45,1,400,696.00,"278,400.00"
2019-05-23,2019052301011134,OHL,45,55,34,694.00,"23,596.00"
2019-05-23,2019052301011461,PCBL,11,17,49,317.00,"15,533.00"
2019-05-23,2019052301011292,PCBL,34,42,100,318.00,"31,800.00"
2019-05-23,2019052301011122,PCBL,11,57,300,317.00,"95,100.00"
2019-05-23,2019052301011045,PCBL,11,37,265,317.00,"84,005.00"
2019-05-23,2019052301011044,PCBL,45,37,500,317.00,"158,500.00"
2019-05-23,2019052301011460,PFL,51,17,187,140.00,"26,180.00"
2019-05-23,2019052301011150,PFL,58,38,50,142.00,"7,100.00"
2019-05-23,2019052301011149,PFL,58,52,39,142.00,"5,538.00"
2019-05-23,2019052301011148,PFL,58,39,11,142.00,"1,562.00"
2019-05-23,2019052301011535,PIC,16,29,40,"1,204.00","48,160.00"
2019-05-23,2019052301011445,PIC,16,35,330,"1,204.00","397,320.00"
2019-05-23,2019052301011320,PIC,41,33,100,"1,209.00","120,900.00"
2019-05-23,2019052301011220,PIC,19,44,50,"1,205.00","60,250.00"
2019-05-23,2019052301011427,PLIC,53,6,53,467.00,"24,751.00"
2019-05-23,2019052301011426,PLIC,57,6,290,468.00,"135,720.00"
2019-05-23,2019052301011233,PLIC,57,5,10,468.00,"4,680.00"
2019-05-23,2019052301011232,PLIC,46,5,40,468.00,"18,720.00"
2019-05-23,2019052301011167,PLIC,29,45,263,469.00,"123,347.00"
2019-05-23,2019052301011072,PLIC,46,17,60,468.00,"28,080.00"
2019-05-23,2019052301011071,PLIC,51,17,40,468.00,"18,720.00"
2019-05-23,2019052301011526,PMHPL,7,40,10,113.00,"1,130.00"
2019-05-23,2019052301011537,PRIN,13,22,500,412.00,"206,000.00"
2019-05-23,2019052301011411,PRIN,29,6,100,410.00,"41,000.00"
2019-05-23,2019052301011152,PRIN,29,51,39,410.00,"15,990.00"
2019-05-23,2019052301011151,PRIN,26,51,100,411.00,"41,100.00"
2019-05-23,2019052301011350,PROFL,32,58,10,108.00,"1,080.00"
2019-05-23,2019052301011455,PRVU,32,41,280,281.00,"78,680.00"
2019-05-23,2019052301011269,PRVU,32,14,"1,147",281.00,"322,307.00"
2019-05-23,2019052301011265,PRVU,57,14,300,281.00,"84,300.00"
2019-05-23,2019052301011204,PRVU,1,14,50,281.00,"14,050.00"
2019-05-23,2019052301011203,PRVU,57,14,203,281.00,"57,043.00"
2019-05-23,2019052301011171,PRVU,57,22,500,281.00,"140,500.00"
2019-05-23,2019052301011064,PRVU,57,45,30,281.00,"8,430.00"
2019-05-23,2019052301011442,RBCL,28,7,10,"11,001.00","110,010.00"
2019-05-23,2019052301011410,RBCLPO,17,8,20,"10,000.00","200,000.00"
2019-05-23,2019052301011409,RBCLPO,59,8,50,"10,000.00","500,000.00"
2019-05-23,2019052301011290,RBCLPO,32,42,20,"10,100.00","202,000.00"
2019-05-23,2019052301011408,RBCLPO,19,8,10,"10,000.00","100,000.00"
2019-05-23,2019052301011407,RBCLPO,17,8,10,"10,001.00","100,010.00"
2019-05-23,2019052301011413,RHPC,5,40,"1,831",98.00,"179,438.00"
2019-05-23,2019052301011293,RLFL,43,52,900,141.00,"126,900.00"
2019-05-23,2019052301011181,RLFL,22,59,70,142.00,"9,940.00"
2019-05-23,2019052301011199,RMDC,6,26,34,679.00,"23,086.00"
2019-05-23,2019052301011198,RMDC,6,42,22,679.00,"14,938.00"
2019-05-23,2019052301011197,RMDC,6,25,53,679.00,"35,987.00"
2019-05-23,2019052301011196,RMDC,6,32,17,675.00,"11,475.00"
2019-05-23,2019052301011195,RMDC,6,39,10,673.00,"6,730.00"
2019-05-23,2019052301011194,RMDC,6,33,46,672.00,"30,912.00"
2019-05-23,2019052301011193,RMDC,6,19,20,667.00,"13,340.00"
2019-05-23,2019052301011192,RMDC,6,29,10,667.00,"6,670.00"
2019-05-23,2019052301011191,RMDC,6,44,34,663.00,"22,542.00"
2019-05-23,2019052301011190,RMDC,6,56,254,660.00,"167,640.00"
2019-05-23,2019052301011379,RSDC,51,34,13,383.00,"4,979.00"
2019-05-23,2019052301011444,SADBL,42,16,111,151.00,"16,761.00"
2019-05-23,2019052301011210,SANIMA,44,34,273,357.00,"97,461.00"
2019-05-23,2019052301011209,SANIMA,14,34,300,357.00,"107,100.00"
2019-05-23,2019052301011208,SANIMA,56,34,427,357.00,"152,439.00"
2019-05-23,2019052301011412,SBI,17,43,490,480.00,"235,200.00"
2019-05-23,2019052301011483,SBL,25,5,50,335.00,"16,750.00"
2019-05-23,2019052301011511,SCB,38,41,20,684.00,"13,680.00"
2019-05-23,2019052301011406,SCB,38,34,11,684.00,"7,524.00"
2019-05-23,2019052301011155,SCB,38,49,40,684.00,"27,360.00"
2019-05-23,2019052301011154,SCB,35,49,25,685.00,"17,125.00"
2019-05-23,2019052301011153,SCB,21,49,80,685.00,"54,800.00"
2019-05-23,2019052301011093,SHINE,6,41,558,257.00,"143,406.00"
2019-05-23,2019052301011523,SHIVM,45,36,200,545.00,"109,000.00"
2019-05-23,2019052301011440,SHIVM,57,32,566,545.00,"308,470.00"
2019-05-23,2019052301011393,SHIVM,28,52,50,543.00,"27,150.00"
2019-05-23,2019052301011242,SHIVM,57,32,200,545.00,"109,000.00"
2019-05-23,2019052301011241,SHIVM,36,32,191,545.00,"104,095.00"
2019-05-23,2019052301011177,SHIVM,36,6,59,545.00,"32,155.00"
2019-05-23,2019052301011065,SHIVM,44,38,30,544.00,"16,320.00"
2019-05-23,2019052301011080,SHIVM,28,57,255,543.00,"138,465.00"
2019-05-23,2019052301011079,SHIVM,1,57,25,543.00,"13,575.00"
2019-05-23,2019052301011069,SHIVM,29,57,100,544.00,"54,400.00"
2019-05-23,2019052301011068,SHIVM,21,57,50,544.00,"27,200.00"
2019-05-23,2019052301011067,SHIVM,22,57,100,544.00,"54,400.00"
2019-05-23,2019052301011066,SHIVM,44,57,70,544.00,"38,080.00"
2019-05-23,2019052301011141,SHIVM,49,6,11,545.00,"5,995.00"
2019-05-23,2019052301011115,SHIVM,49,49,400,545.00,"218,000.00"
2019-05-23,2019052301011114,SHIVM,49,55,59,545.00,"32,155.00"
2019-05-23,2019052301011113,SHIVM,49,46,200,545.00,"109,000.00"
2019-05-23,2019052301011112,SHIVM,49,38,30,544.00,"16,320.00"
2019-05-23,2019052301011108,SHIVM,28,8,30,543.00,"16,290.00"
2019-05-23,2019052301011488,SHL,16,26,500,249.00,"124,500.00"
2019-05-23,2019052301011345,SHL,21,48,100,247.00,"24,700.00"
2019-05-23,2019052301011344,SHL,35,48,600,247.00,"148,200.00"
2019-05-23,2019052301011343,SHL,19,48,200,247.00,"49,400.00"
2019-05-23,2019052301011342,SHL,56,48,"1,000",248.00,"248,000.00"
2019-05-23,2019052301011341,SHL,50,48,100,249.00,"24,900.00"
2019-05-23,2019052301011446,SHPC,55,34,360,280.00,"100,800.00"
2019-05-23,2019052301011439,SHPC,49,34,100,280.00,"28,000.00"
2019-05-23,2019052301011250,SHPC,28,50,100,279.00,"27,900.00"
2019-05-23,2019052301011378,SHPC,43,41,850,278.00,"236,300.00"
2019-05-23,2019052301011377,SHPC,14,41,50,278.00,"13,900.00"
2019-05-23,2019052301011376,SHPC,57,41,300,278.00,"83,400.00"
2019-05-23,2019052301011356,SHPC,28,41,800,279.00,"223,200.00"
2019-05-23,2019052301011353,SHPC,28,6,100,279.00,"27,900.00"
2019-05-23,2019052301011392,SHPC,41,28,500,278.00,"139,000.00"
2019-05-23,2019052301011391,SHPC,17,28,400,278.00,"111,200.00"
2019-05-23,2019052301011390,SHPC,21,28,200,278.00,"55,600.00"
2019-05-23,2019052301011389,SHPC,43,28,150,278.00,"41,700.00"
2019-05-23,2019052301011340,SIC,20,6,65,"1,425.00","92,625.00"
2019-05-23,2019052301011267,SIC,20,34,490,"1,402.00","686,980.00"
2019-05-23,2019052301011211,SIC,1,6,121,"1,400.00","169,400.00"
2019-05-23,2019052301011237,SIFC,35,28,300,156.00,"46,800.00"
2019-05-23,2019052301011175,SLBBL,38,36,70,479.00,"33,530.00"
2019-05-23,2019052301011432,SLBS,42,35,50,851.00,"42,550.00"
2019-05-23,2019052301011540,SLICL,35,32,100,590.00,"59,000.00"
2019-05-23,2019052301011165,SLICL,51,48,894,587.00,"524,778.00"
2019-05-23,2019052301011164,SLICL,26,48,100,587.00,"58,700.00"
2019-05-23,2019052301011163,SLICL,49,48,200,587.00,"117,400.00"
2019-05-23,2019052301011162,SLICL,6,48,600,587.00,"352,200.00"
2019-05-23,2019052301011161,SLICL,48,48,100,588.00,"58,800.00"
2019-05-23,2019052301011160,SLICL,16,48,106,588.00,"62,328.00"
2019-05-23,2019052301011102,SLICL,16,45,20,588.00,"11,760.00"
2019-05-23,2019052301011090,SMATA,42,21,11,"1,330.00","14,630.00"
2019-05-23,2019052301011307,SMFDB,21,22,10,570.00,"5,700.00"
2019-05-23,2019052301011119,SRBL,40,38,400,259.00,"103,600.00"
2019-05-23,2019052301011529,UIC,58,10,100,960.00,"96,000.00"
2019-05-23,2019052301011528,UIC,58,46,100,960.00,"96,000.00"
2019-05-23,2019052301011527,UIC,58,51,265,955.00,"253,075.00"
2019-05-23,2019052301011476,UMHL,43,6,53,118.00,"6,254.00"
2019-05-23,2019052301011475,UMHL,1,6,60,119.00,"7,140.00"
2019-05-23,2019052301011070,UMHL,1,6,113,119.00,"13,447.00"
2019-05-23,2019052301011539,UPPER,58,33,250,287.00,"71,750.00"
2019-05-23,2019052301011538,UPPER,52,33,40,287.00,"11,480.00"
2019-05-23,2019052301011533,UPPER,52,6,40,287.00,"11,480.00"
2019-05-23,2019052301011530,UPPER,52,11,20,287.00,"5,740.00"
2019-05-23,2019052301011471,UPPER,52,42,40,287.00,"11,480.00"
2019-05-23,2019052301011076,UPPER,43,17,40,291.00,"11,640.00"
2019-05-23,2019052301011111,UPPER,43,6,40,290.00,"11,600.00"
2019-05-23,2019052301011107,UPPER,57,22,50,291.00,"14,550.00"
2019-05-23,2019052301011105,UPPER,43,17,50,290.00,"14,500.00"
2019-05-23,2019052301011096,UPPER,43,22,480,291.00,"139,680.00"
2019-05-23,2019052301011095,UPPER,43,40,40,291.00,"11,640.00"
2019-05-23,2019052301011089,UPPER,43,25,400,291.00,"116,400.00"
2019-05-23,2019052301011125,UPPER,19,59,40,291.00,"11,640.00"
2019-05-23,2019052301011124,UPPER,19,6,600,291.00,"174,600.00"
2019-05-23,2019052301011123,UPPER,19,52,10,291.00,"2,910.00"
2019-05-23,2019052301011118,UPPER,29,52,171,291.00,"49,761.00"
2019-05-23,2019052301011117,UPPER,29,22,229,291.00,"66,639.00"
2019-05-23,2019052301011116,UPPER,43,59,40,290.00,"11,600.00"
2019-05-23,2019052301011172,UPPER,43,17,40,290.00,"11,600.00"
2019-05-23,2019052301011168,UPPER,43,59,40,290.00,"11,600.00"
2019-05-23,2019052301011159,UPPER,57,17,50,291.00,"14,550.00"
2019-05-23,2019052301011143,UPPER,43,17,140,290.00,"40,600.00"
2019-05-23,2019052301011142,UPPER,19,17,310,291.00,"90,210.00"
2019-05-23,2019052301011140,UPPER,19,59,40,291.00,"11,640.00"
2019-05-23,2019052301011207,UPPER,43,11,200,290.00,"58,000.00"
2019-05-23,2019052301011206,UPPER,43,1,40,290.00,"11,600.00"
2019-05-23,2019052301011201,UPPER,19,54,40,291.00,"11,640.00"
2019-05-23,2019052301011200,UPPER,43,38,40,290.00,"11,600.00"
2019-05-23,2019052301011188,UPPER,43,36,50,290.00,"14,500.00"
2019-05-23,2019052301011230,UPPER,6,49,50,292.00,"14,600.00"
2019-05-23,2019052301011229,UPPER,6,38,20,292.00,"5,840.00"
2019-05-23,2019052301011219,UPPER,22,38,20,292.00,"5,840.00"
2019-05-23,2019052301011218,UPPER,22,54,40,291.00,"11,640.00"
2019-05-23,2019052301011217,UPPER,22,7,40,291.00,"11,640.00"
2019-05-23,2019052301011212,UPPER,43,6,540,290.00,"156,600.00"
2019-05-23,2019052301011287,UPPER,43,10,"3,000",290.00,"870,000.00"
2019-05-23,2019052301011264,UPPER,43,41,"3,000",290.00,"870,000.00"
2019-05-23,2019052301011259,UPPER,43,42,150,290.00,"43,500.00"
2019-05-23,2019052301011245,UPPER,43,54,40,290.00,"11,600.00"
2019-05-23,2019052301011240,UPPER,43,25,"1,000",290.00,"290,000.00"
2019-05-23,2019052301011231,UPPER,6,1,300,292.00,"87,600.00"
2019-05-23,2019052301011302,UPPER,39,49,211,290.00,"61,190.00"
2019-05-23,2019052301011301,UPPER,47,49,500,290.00,"145,000.00"
2019-05-23,2019052301011300,UPPER,17,49,100,290.00,"29,000.00"
2019-05-23,2019052301011299,UPPER,29,49,189,290.00,"54,810.00"
2019-05-23,2019052301011295,UPPER,29,19,311,290.00,"90,190.00"
2019-05-23,2019052301011294,UPPER,43,19,689,290.00,"199,810.00"
2019-05-23,2019052301011316,UPPER,29,57,100,290.00,"29,000.00"
2019-05-23,2019052301011315,UPPER,53,57,500,290.00,"145,000.00"
2019-05-23,2019052301011314,UPPER,11,57,100,290.00,"29,000.00"
2019-05-23,2019052301011313,UPPER,3,57,50,290.00,"14,500.00"
2019-05-23,2019052301011312,UPPER,14,57,100,290.00,"29,000.00"
2019-05-23,2019052301011311,UPPER,39,57,289,290.00,"83,810.00"
2019-05-23,2019052301011428,UPPER,4,25,20,287.00,"5,740.00"
2019-05-23,2019052301011402,UPPER,11,34,200,287.00,"57,400.00"
2019-05-23,2019052301011319,UPPER,29,57,"1,000",290.00,"290,000.00"
2019-05-23,2019052301011318,UPPER,40,57,100,290.00,"29,000.00"
2019-05-23,2019052301011317,UPPER,36,57,200,290.00,"58,000.00"
2019-05-23,2019052301011459,UPPER,52,38,40,287.00,"11,480.00"
2019-05-23,2019052301011453,UPPER,29,14,50,288.00,"14,400.00"
2019-05-23,2019052301011441,UPPER,52,38,40,287.00,"11,480.00"
2019-05-23,2019052301011435,UPPER,46,14,20,288.00,"5,760.00"
2019-05-23,2019052301011431,UPPER,52,25,80,287.00,"22,960.00"
2019-05-23,2019052301011429,UPPER,58,25,100,287.00,"28,700.00"
2019-05-23,2019052301010943,ADBL,58,11,200,432.00,"86,400.00"
2019-05-23,2019052301010918,ADBL,58,44,74,432.00,"31,968.00"
2019-05-23,2019052301010912,ADBL,58,6,194,432.00,"83,808.00"
2019-05-23,2019052301010871,ADBL,58,42,300,432.00,"129,600.00"
2019-05-23,2019052301010826,ADBL,58,11,79,432.00,"34,128.00"
2019-05-23,2019052301010643,ADBL,3,46,42,431.00,"18,102.00"
2019-05-23,2019052301010642,ADBL,58,46,200,432.00,"86,400.00"
2019-05-23,2019052301010641,ADBL,25,46,58,432.00,"25,056.00"
2019-05-23,2019052301010576,ADBL,25,18,442,432.00,"190,944.00"
2019-05-23,2019052301010575,ADBL,38,18,158,432.00,"68,256.00"
2019-05-23,2019052301010552,ADBL,38,14,150,432.00,"64,800.00"
2019-05-23,2019052301010580,AKPL,45,11,178,202.00,"35,956.00"
2019-05-23,2019052301010750,ALBSL,35,21,10,445.00,"4,450.00"
2019-05-23,2019052301010560,ALBSL,35,1,10,445.00,"4,450.00"
2019-05-23,2019052301010972,ALICL,1,51,38,424.00,"16,112.00"
2019-05-23,2019052301010971,ALICL,33,51,147,424.00,"62,328.00"
2019-05-23,2019052301010970,ALICL,43,51,10,425.00,"4,250.00"
2019-05-23,2019052301011019,API,25,38,50,161.00,"8,050.00"
2019-05-23,2019052301010999,API,58,38,"2,183",160.00,"349,280.00"
2019-05-23,2019052301010960,API,16,57,100,159.00,"15,900.00"
2019-05-23,2019052301010840,API,16,25,124,159.00,"19,716.00"
2019-05-23,2019052301010839,API,26,25,"1,000",159.00,"159,000.00"
2019-05-23,2019052301010838,API,50,25,100,159.00,"15,900.00"
2019-05-23,2019052301010837,API,43,25,276,159.00,"43,884.00"
2019-05-23,2019052301010779,API,43,17,29,159.00,"4,611.00"
2019-05-23,2019052301010753,API,49,38,500,160.00,"80,000.00"
2019-05-23,2019052301010664,API,37,38,184,160.00,"29,440.00"
2019-05-23,2019052301010678,BARUN,16,48,10,98.00,980.00
2019-05-23,2019052301010804,BOKL,39,11,335,272.00,"91,120.00"
2019-05-23,2019052301010803,BOKL,59,11,19,272.00,"5,168.00"
2019-05-23,2019052301010744,BOKL,59,6,20,272.00,"5,440.00"
2019-05-23,2019052301011036,BPCL,46,6,122,420.00,"51,240.00"
2019-05-23,2019052301011034,BPCL,59,6,200,420.00,"84,000.00"
2019-05-23,2019052301011033,BPCL,5,6,448,420.00,"188,160.00"
2019-05-23,2019052301011030,BPCL,5,58,52,420.00,"21,840.00"
2019-05-23,2019052301011029,BPCL,34,58,50,420.00,"21,000.00"
2019-05-23,2019052301011028,BPCL,46,58,150,420.00,"63,000.00"
2019-05-23,2019052301010811,BPCL,43,49,29,422.00,"12,238.00"
2019-05-23,2019052301010810,BPCL,51,49,40,422.00,"16,880.00"
2019-05-23,2019052301010695,BPCL,43,49,100,423.00,"42,300.00"
2019-05-23,2019052301010902,BPCL,19,16,299,421.00,"125,879.00"
2019-05-23,2019052301010901,BPCL,5,16,201,421.00,"84,621.00"
2019-05-23,2019052301010885,BPCL,5,58,399,421.00,"167,979.00"
2019-05-23,2019052301010884,BPCL,10,58,100,421.00,"42,100.00"
2019-05-23,2019052301010883,BPCL,46,58,30,421.00,"12,630.00"
2019-05-23,2019052301010835,BPCL,46,58,470,421.00,"197,870.00"
2019-05-23,2019052301011027,BPCL,42,58,70,420.00,"29,400.00"
2019-05-23,2019052301010986,BPCL,42,49,130,420.00,"54,600.00"
2019-05-23,2019052301010985,BPCL,1,49,"1,240",420.00,"520,800.00"
2019-05-23,2019052301010948,BPCL,1,36,"1,760",420.00,"739,200.00"
2019-05-23,2019052301010947,BPCL,29,36,39,420.00,"16,380.00"
2019-05-23,2019052301010946,BPCL,19,36,201,421.00,"84,621.00"
2019-05-23,2019052301010961,CBBL,13,53,300,953.00,"285,900.00"
2019-05-23,2019052301010792,CBBL,13,55,50,953.00,"47,650.00"
2019-05-23,2019052301010791,CBBL,34,55,50,953.00,"47,650.00"
2019-05-23,2019052301011012,CBL,55,50,300,148.00,"44,400.00"
2019-05-23,2019052301011011,CBL,55,22,50,148.00,"7,400.00"
2019-05-23,2019052301010975,CBL,55,22,350,148.00,"51,800.00"
2019-05-23,2019052301010944,CBL,45,22,100,148.00,"14,800.00"
2019-05-23,2019052301010740,CBL,59,16,93,147.00,"13,671.00"
2019-05-23,2019052301010739,CBL,25,16,247,147.00,"36,309.00"
2019-05-23,2019052301010681,CBL,6,16,25,148.00,"3,700.00"
2019-05-23,2019052301010569,CCBL,32,41,301,168.00,"50,568.00"
2019-05-23,2019052301010568,CCBL,1,41,200,168.00,"33,600.00"
2019-05-23,2019052301010567,CCBL,39,41,100,168.00,"16,800.00"
2019-05-23,2019052301010566,CCBL,1,41,16,169.00,"2,704.00"
2019-05-23,2019052301010554,CEFL,25,29,392,103.00,"40,376.00"
2019-05-23,2019052301010553,CEFL,41,29,10,103.00,"1,030.00"
2019-05-23,2019052301011002,CHCL,19,50,381,537.00,"204,597.00"
2019-05-23,2019052301011001,CHCL,29,50,71,537.00,"38,127.00"
2019-05-23,2019052301011000,CHCL,48,50,127,538.00,"68,326.00"
2019-05-23,2019052301010699,CIT,22,16,20,"2,600.00","52,000.00"
2019-05-23,2019052301010588,CIT,51,16,50,"2,590.00","129,500.00"
2019-05-23,2019052301010587,CIT,35,16,64,"2,590.00","165,760.00"
2019-05-23,2019052301010586,CIT,51,16,20,"2,591.00","51,820.00"
2019-05-23,2019052301010585,CIT,45,16,20,"2,592.00","51,840.00"
2019-05-23,2019052301010584,CIT,40,16,20,"2,593.00","51,860.00"
2019-05-23,2019052301011039,CMF1,13,55,"1,000",9.93,"9,930.00"
2019-05-23,2019052301010773,CZBIL,17,11,82,229.00,"18,778.00"
2019-05-23,2019052301010772,CZBIL,32,11,100,229.00,"22,900.00"
2019-05-23,2019052301010771,CZBIL,26,11,133,229.00,"30,457.00"
2019-05-23,2019052301010770,CZBIL,43,11,200,230.00,"46,000.00"
2019-05-23,2019052301010769,CZBIL,10,11,101,230.00,"23,230.00"
2019-05-23,2019052301010609,CZBIL,10,36,699,230.00,"160,770.00"
2019-05-23,2019052301010958,DHPL,16,47,10,72.00,720.00
2019-05-23,2019052301010827,EBL,6,1,190,665.00,"126,350.00"
2019-05-23,2019052301010819,EBL,29,1,10,665.00,"6,650.00"
2019-05-23,2019052301011025,EIC,4,45,20,420.00,"8,400.00"
2019-05-23,2019052301010849,FMDBL,28,6,200,407.00,"81,400.00"
2019-05-23,2019052301010775,FMDBL,38,6,15,407.00,"6,105.00"
2019-05-23,2019052301010749,FMDBL,38,29,100,407.00,"40,700.00"
2019-05-23,2019052301010674,FMDBL,16,11,100,409.00,"40,900.00"
2019-05-23,2019052301010728,FOWAD,33,6,15,"1,515.00","22,725.00"
2019-05-23,2019052301010622,FOWAD,37,11,29,"1,495.00","43,355.00"
2019-05-23,2019052301010621,FOWAD,10,11,10,"1,500.00","15,000.00"
2019-05-23,2019052301010602,FOWAD,56,28,15,"1,500.00","22,500.00"
2019-05-23,2019052301010848,GBBL,39,42,67,226.00,"15,142.00"
2019-05-23,2019052301010847,GBBL,20,42,133,226.00,"30,058.00"
2019-05-23,2019052301010729,GBBL,20,40,45,226.00,"10,170.00"
2019-05-23,2019052301011008,GBIME,58,11,200,308.00,"61,600.00"
2019-05-23,2019052301011007,GBIME,29,11,200,308.00,"61,600.00"
2019-05-23,2019052301011006,GBIME,57,11,100,308.00,"30,800.00"
2019-05-23,2019052301011005,GBIME,42,11,50,308.00,"15,400.00"
2019-05-23,2019052301011004,GBIME,17,11,209,308.00,"64,372.00"
2019-05-23,2019052301010954,GBIME,17,6,79,308.00,"24,332.00"
2019-05-23,2019052301010697,GBIME,35,46,56,309.00,"17,304.00"
2019-05-23,2019052301010666,GBIME,14,46,44,309.00,"13,596.00"
2019-05-23,2019052301010639,GBIME,14,11,156,309.00,"48,204.00"
2019-05-23,2019052301010599,GBIME,17,38,100,308.00,"30,800.00"
2019-05-23,2019052301010583,GBIME,17,41,146,308.00,"44,968.00"
2019-05-23,2019052301010915,GBLBS,40,6,10,377.00,"3,770.00"
2019-05-23,2019052301010823,GBLBS,48,19,265,378.00,"100,170.00"
2019-05-23,2019052301010822,GBLBS,48,58,785,378.00,"296,730.00"
2019-05-23,2019052301010812,GBLBS,25,58,100,378.00,"37,800.00"
2019-05-23,2019052301010582,GBLBS,57,58,390,378.00,"147,420.00"
2019-05-23,2019052301011016,GDBL,6,45,529,215.00,"113,735.00"
2019-05-23,2019052301011015,GDBL,29,45,160,215.00,"34,400.00"
2019-05-23,2019052301010562,GDBL,29,37,400,215.00,"86,000.00"
2019-05-23,2019052301010561,GDBL,29,33,40,215.00,"8,600.00"
2019-05-23,2019052301010989,GHL,22,42,30,96.00,"2,880.00"
2019-05-23,2019052301010692,GHL,22,13,30,96.00,"2,880.00"
2019-05-23,2019052301010659,GHL,22,13,30,96.00,"2,880.00"
2019-05-23,2019052301010690,GILB,38,28,28,"1,251.00","35,028.00"
2019-05-23,2019052301010993,GLICL,46,6,92,550.00,"50,600.00"
2019-05-23,2019052301010992,GLICL,7,6,49,551.00,"26,999.00"
2019-05-23,2019052301010991,GLICL,43,6,10,552.00,"5,520.00"
2019-05-23,2019052301010821,HBL,34,42,100,591.00,"59,100.00"
2019-05-23,2019052301010797,HDL,39,53,500,"1,800.00","900,000.00"
2019-05-23,2019052301010796,HDL,53,53,50,"1,800.00","90,000.00"
2019-05-23,2019052301010795,HDL,54,53,500,"1,800.00","900,000.00"
2019-05-23,2019052301010794,HDL,54,53,700,"1,800.00","1,260,000.00"
2019-05-23,2019052301010793,HDL,49,53,200,"1,800.00","360,000.00"
2019-05-23,2019052301011022,HGI,14,42,100,383.00,"38,300.00"
2019-05-23,2019052301010966,HIDCL,34,6,60,168.00,"10,080.00"
2019-05-23,2019052301010917,HIDCL,34,57,100,168.00,"16,800.00"
2019-05-23,2019052301010817,HIDCL,51,40,17,169.00,"2,873.00"
2019-05-23,2019052301010651,HIDCL,51,22,61,169.00,"10,309.00"
2019-05-23,2019052301010623,HIDCL,51,20,61,169.00,"10,309.00"
2019-05-23,2019052301010596,HIDCL,51,45,61,169.00,"10,309.00"
2019-05-23,2019052301010763,HPPL,34,22,210,186.00,"39,060.00"
2019-05-23,2019052301010762,HPPL,42,22,280,187.00,"52,360.00"
2019-05-23,2019052301010627,IGI,29,52,200,415.00,"83,000.00"
2019-05-23,2019052301010911,JBBL,58,44,"1,945",149.00,"289,805.00"
2019-05-23,2019052301010910,JBBL,53,44,500,149.00,"74,500.00"
2019-05-23,2019052301010909,JBBL,25,44,865,149.00,"128,885.00"
2019-05-23,2019052301010908,JBBL,56,44,300,150.00,"45,000.00"
2019-05-23,2019052301010907,JBBL,57,44,300,150.00,"45,000.00"
2019-05-23,2019052301010906,JBBL,46,44,90,150.00,"13,500.00"
2019-05-23,2019052301011040,JBNL,42,38,100,212.00,"21,200.00"
2019-05-23,2019052301010984,JBNL,44,38,100,212.00,"21,200.00"
2019-05-23,2019052301010644,JBNL,34,45,500,212.00,"106,000.00"
2019-05-23,2019052301010563,JBNL,10,4,470,211.00,"99,170.00"
2019-05-23,2019052301010825,KBL,7,6,75,218.00,"16,350.00"
2019-05-23,2019052301010768,KBL,19,26,500,219.00,"109,500.00"
2019-05-23,2019052301010573,KBL,22,50,500,219.00,"109,500.00"
2019-05-23,2019052301010852,KKHC,33,17,16,72.00,"1,152.00"
2019-05-23,2019052301010799,KKHC,33,17,16,72.00,"1,152.00"
2019-05-23,2019052301010896,KSBBL,41,1,400,157.00,"62,800.00"
2019-05-23,2019052301010895,KSBBL,46,1,836,157.00,"131,252.00"
2019-05-23,2019052301010647,KSBBL,46,11,164,157.00,"25,748.00"
2019-05-23,2019052301010683,LBBL,52,52,430,204.00,"87,720.00"
2019-05-23,2019052301010578,LBBL,52,1,186,204.00,"37,944.00"
2019-05-23,2019052301010577,LBBL,33,1,814,204.00,"166,056.00"
2019-05-23,2019052301010800,LBL,44,42,100,222.00,"22,200.00"
2019-05-23,2019052301010939,LGIL,40,51,50,503.00,"25,150.00"
2019-05-23,2019052301010862,LGIL,40,25,250,503.00,"125,750.00"
2019-05-23,2019052301010861,LGIL,34,25,500,504.00,"252,000.00"
2019-05-23,2019052301010860,LGIL,17,25,100,505.00,"50,500.00"
2019-05-23,2019052301010859,LGIL,17,25,100,505.00,"50,500.00"
2019-05-23,2019052301010858,LGIL,43,25,50,505.00,"25,250.00"
2019-05-23,2019052301010945,LICN,33,25,10,"1,918.00","19,180.00"
2019-05-23,2019052301010889,MBL,46,42,490,270.00,"132,300.00"
2019-05-23,2019052301010888,MBL,42,42,100,270.00,"27,000.00"
2019-05-23,2019052301010887,MBL,37,42,500,270.00,"135,000.00"
2019-05-23,2019052301010757,MEGA,16,38,226,199.00,"44,974.00"
2019-05-23,2019052301010756,MEGA,16,20,774,199.00,"154,026.00"
2019-05-23,2019052301010617,MEGA,53,20,"1,000",199.00,"199,000.00"
2019-05-23,2019052301010598,MEGA,33,22,359,198.00,"71,082.00"
2019-05-23,2019052301010597,MEGA,19,22,221,198.00,"43,758.00"
2019-05-23,2019052301010579,MEGA,19,46,150,198.00,"29,700.00"
2019-05-23,2019052301010551,MEGA,19,41,111,198.00,"21,978.00"
2019-05-23,2019052301010671,MERO,55,40,16,605.00,"9,680.00"
2019-05-23,2019052301010638,MNBBL,43,50,10,378.00,"3,780.00"
2019-05-23,2019052301010657,MSLB,17,39,11,"1,058.00","11,638.00"
2019-05-23,2019052301010656,MSLB,55,39,25,"1,060.00","26,500.00"
2019-05-23,2019052301010655,MSLB,8,39,20,"1,065.00","21,300.00"
2019-05-23,2019052301010654,MSLB,52,39,30,"1,066.00","31,980.00"
2019-05-23,2019052301010653,MSLB,5,39,14,"1,079.00","15,106.00"
2019-05-23,2019052301010974,NABIL,32,34,100,843.00,"84,300.00"
2019-05-23,2019052301010904,NADEP,41,42,65,459.00,"29,835.00"
2019-05-23,2019052301010903,NADEP,41,11,35,458.00,"16,030.00"
2019-05-23,2019052301010801,NADEP,51,51,10,457.00,"4,570.00"
2019-05-23,2019052301010555,NADEP,51,6,20,457.00,"9,140.00"
2019-05-23,2019052301010544,NBB,34,40,100,226.00,"22,600.00"
2019-05-23,2019052301011035,NBL,48,57,500,339.00,"169,500.00"
2019-05-23,2019052301011014,NBL,48,42,485,339.00,"164,415.00"
2019-05-23,2019052301011013,NBL,39,42,555,339.00,"188,145.00"
2019-05-23,2019052301010870,NBL,39,44,445,339.00,"150,855.00"
2019-05-23,2019052301010869,NBL,5,44,55,339.00,"18,645.00"
2019-05-23,2019052301010721,NBL,5,28,945,339.00,"320,355.00"
2019-05-23,2019052301010658,NBL,58,20,50,339.00,"16,950.00"
2019-05-23,2019052301010714,NBL,37,28,500,339.00,"169,500.00"
2019-05-23,2019052301010713,NBL,57,28,255,339.00,"86,445.00"
2019-05-23,2019052301010710,NBL,57,57,"2,120",339.00,"718,680.00"
2019-05-23,2019052301010709,NBL,35,57,50,339.00,"16,950.00"
2019-05-23,2019052301010708,NBL,58,57,430,339.00,"145,770.00"
2019-05-23,2019052301010670,NBL,58,42,500,339.00,"169,500.00"
2019-05-23,2019052301010720,NBL,5,28,"1,000",339.00,"339,000.00"
2019-05-23,2019052301010719,NBL,5,28,900,339.00,"305,100.00"
2019-05-23,2019052301010718,NBL,16,28,200,339.00,"67,800.00"
2019-05-23,2019052301010717,NBL,55,28,500,339.00,"169,500.00"
2019-05-23,2019052301010716,NBL,19,28,500,339.00,"169,500.00"
2019-05-23,2019052301010715,NBL,14,28,200,339.00,"67,800.00"
2019-05-23,2019052301010988,NCCB,56,45,50,263.00,"13,150.00"
2019-05-23,2019052301010987,NCCB,19,38,300,264.00,"79,200.00"
2019-05-23,2019052301010955,NCCB,26,38,200,264.00,"52,800.00"
2019-05-23,2019052301010894,NCCB,56,5,200,263.00,"52,600.00"
2019-05-23,2019052301010891,NCCB,56,38,200,263.00,"52,600.00"
2019-05-23,2019052301010866,NCCB,56,34,19,263.00,"4,997.00"
2019-05-23,2019052301010572,NCCB,56,28,412,263.00,"108,356.00"
2019-05-23,2019052301010571,NCCB,17,28,150,263.00,"39,450.00"
2019-05-23,2019052301010570,NCCB,26,28,438,263.00,"115,194.00"
2019-05-23,2019052301010828,NCCB,34,38,50,264.00,"13,200.00"
2019-05-23,2019052301010820,NCCB,44,38,200,264.00,"52,800.00"
2019-05-23,2019052301010696,NCCB,56,53,200,263.00,"52,600.00"
2019-05-23,2019052301010677,NCCB,56,6,14,263.00,"3,682.00"
2019-05-23,2019052301010635,NCCB,51,38,400,264.00,"105,600.00"
2019-05-23,2019052301010574,NCCB,40,38,100,264.00,"26,400.00"
2019-05-23,2019052301010844,NHPC,58,56,"10,000",74.00,"740,000.00"
2019-05-23,2019052301010843,NHPC,58,56,"5,000",74.00,"370,000.00"
2019-05-23,2019052301010798,NHPC,56,45,100,75.00,"7,500.00"
2019-05-23,2019052301010959,NIB,47,21,83,537.00,"44,571.00"
2019-05-23,2019052301010897,NIB,47,28,44,537.00,"23,628.00"
2019-05-23,2019052301010856,NIB,47,11,44,537.00,"23,628.00"
2019-05-23,2019052301010836,NIB,47,41,30,537.00,"16,110.00"
2019-05-23,2019052301010781,NIB,47,42,77,537.00,"41,349.00"
2019-05-23,2019052301010758,NIB,47,39,11,537.00,"5,907.00"
2019-05-23,2019052301010735,NIB,47,39,11,537.00,"5,907.00"
2019-05-23,2019052301010982,NIBPO,17,40,900,513.00,"461,700.00"
2019-05-23,2019052301010981,NIBPO,17,40,259,513.00,"132,867.00"
2019-05-23,2019052301010565,NIBPO,17,40,31,516.00,"15,996.00"
2019-05-23,2019052301011032,NICA,16,33,49,482.00,"23,618.00"
2019-05-23,2019052301010963,NICA,16,51,200,482.00,"96,400.00"
2019-05-23,2019052301010738,NICA,6,1,300,483.00,"144,900.00"
2019-05-23,2019052301010691,NICA,16,11,273,482.00,"131,586.00"
2019-05-23,2019052301010661,NICA,57,22,57,483.00,"27,531.00"
2019-05-23,2019052301010634,NICA,6,28,200,484.00,"96,800.00"
2019-05-23,2019052301010581,NICA,57,49,43,483.00,"20,769.00"
2019-05-23,2019052301010564,NICA,6,49,300,483.00,"144,900.00"
2019-05-23,2019052301010778,NIL,42,40,380,515.00,"195,700.00"
2019-05-23,2019052301010777,NIL,44,40,50,515.00,"25,750.00"
2019-05-23,2019052301010776,NIL,40,40,120,515.00,"61,800.00"
2019-05-23,2019052301010726,NIL,40,7,80,515.00,"41,200.00"
2019-05-23,2019052301010725,NIL,43,7,200,515.00,"103,000.00"
2019-05-23,2019052301010724,NIL,59,7,60,516.00,"30,960.00"
2019-05-23,2019052301010723,NIL,57,7,50,516.00,"25,800.00"
2019-05-23,2019052301010722,NIL,34,7,410,516.00,"211,560.00"
2019-05-23,2019052301010766,NLIC,46,28,262,940.00,"246,280.00"
2019-05-23,2019052301010765,NLIC,32,28,65,940.00,"61,100.00"
2019-05-23,2019052301010764,NLIC,7,28,75,941.00,"70,575.00"
2019-05-23,2019052301010748,NLIC,7,25,15,941.00,"14,115.00"
2019-05-23,2019052301010734,NLIC,7,22,10,941.00,"9,410.00"
2019-05-23,2019052301010732,NLIC,47,25,52,942.00,"48,984.00"
2019-05-23,2019052301010938,NMBMF,58,17,200,"1,053.00","210,600.00"
2019-05-23,2019052301010937,NMBMF,58,18,100,"1,053.00","105,300.00"
2019-05-23,2019052301010936,NMBMF,58,38,10,"1,052.00","10,520.00"
2019-05-23,2019052301010935,NMBMF,58,6,40,"1,050.00","42,000.00"
2019-05-23,2019052301010934,NMBMF,58,57,70,"1,045.00","73,150.00"
2019-05-23,2019052301010933,NMBMF,58,57,50,"1,044.00","52,200.00"
2019-05-23,2019052301010920,NMBMF,58,26,100,"1,025.00","102,500.00"
2019-05-23,2019052301010919,NMBMF,58,21,10,"1,015.00","10,150.00"
2019-05-23,2019052301010926,NMBMF,58,18,28,"1,033.00","28,924.00"
2019-05-23,2019052301010925,NMBMF,58,48,17,"1,032.00","17,544.00"
2019-05-23,2019052301010924,NMBMF,58,44,34,"1,030.00","35,020.00"
2019-05-23,2019052301010923,NMBMF,58,28,50,"1,030.00","51,500.00"
2019-05-23,2019052301010922,NMBMF,58,1,35,"1,028.00","35,980.00"
2019-05-23,2019052301010921,NMBMF,58,1,35,"1,028.00","35,980.00"
2019-05-23,2019052301010932,NMBMF,58,50,100,"1,040.00","104,000.00"
2019-05-23,2019052301010931,NMBMF,58,1,22,"1,039.00","22,858.00"
2019-05-23,2019052301010930,NMBMF,58,21,100,"1,038.00","103,800.00"
2019-05-23,2019052301010929,NMBMF,58,18,60,"1,035.00","62,100.00"
2019-05-23,2019052301010928,NMBMF,58,29,290,"1,034.00","299,860.00"
2019-05-23,2019052301010927,NMBMF,58,17,10,"1,033.00","10,330.00"
2019-05-23,2019052301010755,NMFBS,33,17,15,"1,599.00","23,985.00"
2019-05-23,2019052301010754,NMFBS,33,39,23,"1,595.00","36,685.00"
2019-05-23,2019052301010640,NSEWA,48,42,200,453.00,"90,600.00"
2019-05-23,2019052301010633,NSEWA,48,22,10,452.00,"4,520.00"
2019-05-23,2019052301011043,PCBL,43,37,500,317.00,"158,500.00"
2019-05-23,2019052301011042,PCBL,11,37,160,317.00,"50,720.00"
2019-05-23,2019052301011017,PCBL,11,45,40,317.00,"12,680.00"
2019-05-23,2019052301010876,PCBL,35,42,100,318.00,"31,800.00"
2019-05-23,2019052301010689,PCBL,1,42,200,318.00,"63,600.00"
2019-05-23,2019052301010688,PCBL,38,42,20,318.00,"6,360.00"
2019-05-23,2019052301010687,PCBL,53,42,50,318.00,"15,900.00"
2019-05-23,2019052301010686,PCBL,42,42,438,318.00,"139,284.00"
2019-05-23,2019052301010649,PIC,17,35,20,"1,210.00","24,200.00"
2019-05-23,2019052301010851,PICL,40,51,50,704.00,"35,200.00"
2019-05-23,2019052301010850,PICL,1,51,50,704.00,"35,200.00"
2019-05-23,2019052301010980,PLIC,55,45,300,469.00,"140,700.00"
2019-05-23,2019052301010979,PLIC,53,45,100,469.00,"46,900.00"
2019-05-23,2019052301010978,PLIC,32,45,58,469.00,"27,202.00"
2019-05-23,2019052301010878,PLIC,53,14,500,470.00,"235,000.00"
2019-05-23,2019052301010629,PLIC,35,14,10,470.00,"4,700.00"
2019-05-23,2019052301010969,PRIN,47,25,70,410.00,"28,700.00"
2019-05-23,2019052301010968,PRIN,1,25,82,411.00,"33,702.00"
2019-05-23,2019052301010967,PRIN,19,25,48,411.00,"19,728.00"
2019-05-23,2019052301010956,PRIN,19,1,52,411.00,"21,372.00"
2019-05-23,2019052301011018,PRVU,19,10,500,282.00,"141,000.00"
2019-05-23,2019052301010841,PRVU,57,10,500,282.00,"141,000.00"
2019-05-23,2019052301010780,PRVU,57,34,267,281.00,"75,027.00"
2019-05-23,2019052301010616,PRVU,34,34,"2,000",281.00,"562,000.00"
2019-05-23,2019052301010615,PRVU,42,34,100,281.00,"28,100.00"
2019-05-23,2019052301010614,PRVU,32,34,"1,000",281.00,"281,000.00"
2019-05-23,2019052301010613,PRVU,59,34,100,281.00,"28,100.00"
2019-05-23,2019052301010612,PRVU,57,34,695,281.00,"195,295.00"
2019-05-23,2019052301011024,RBCL,28,7,10,"11,150.00","111,500.00"
2019-05-23,2019052301011038,RBCLPO,32,34,10,"10,100.00","101,000.00"
2019-05-23,2019052301010976,RBCLPO,32,33,20,"10,100.00","202,000.00"
2019-05-23,2019052301010868,RHPC,5,17,19,98.00,"1,862.00"
2019-05-23,2019052301010818,RHPC,5,17,82,98.00,"8,036.00"
2019-05-23,2019052301010916,RLFL,5,59,500,142.00,"71,000.00"
2019-05-23,2019052301010741,RMDC,34,42,10,654.00,"6,540.00"
2019-05-23,2019052301010879,RSDC,51,51,164,383.00,"62,812.00"
2019-05-23,2019052301010824,RSDC,28,19,300,384.00,"115,200.00"
2019-05-23,2019052301010608,SADBL,42,16,218,151.00,"32,918.00"
2019-05-23,2019052301010607,SADBL,35,16,210,151.00,"31,710.00"
2019-05-23,2019052301010606,SADBL,45,16,72,152.00,"10,944.00"
2019-05-23,2019052301011037,SANIMA,56,17,500,357.00,"178,500.00"
2019-05-23,2019052301010882,SANIMA,56,42,73,357.00,"26,061.00"
2019-05-23,2019052301010881,SANIMA,16,42,227,357.00,"81,039.00"
2019-05-23,2019052301010652,SANIMA,16,50,50,357.00,"17,850.00"
2019-05-23,2019052301010997,SBI,41,41,291,478.00,"139,098.00"
2019-05-23,2019052301010996,SBI,59,41,83,479.00,"39,757.00"
2019-05-23,2019052301010995,SBI,44,41,100,480.00,"48,000.00"
2019-05-23,2019052301010994,SBI,57,41,276,480.00,"132,480.00"
2019-05-23,2019052301010914,SBI,57,28,100,480.00,"48,000.00"
2019-05-23,2019052301010874,SBL,25,5,917,335.00,"307,195.00"
2019-05-23,2019052301010873,SBL,44,5,83,335.00,"27,805.00"
2019-05-23,2019052301010834,SBL,44,5,417,335.00,"139,695.00"
2019-05-23,2019052301010833,SBL,19,5,188,336.00,"63,168.00"
2019-05-23,2019052301010832,SBL,57,5,100,337.00,"33,700.00"
2019-05-23,2019052301010595,SBL,19,5,181,336.00,"60,816.00"
2019-05-23,2019052301010594,SBL,28,5,146,336.00,"49,056.00"
2019-05-23,2019052301010815,SDESI,45,7,297,600.00,"178,200.00"
2019-05-23,2019052301010814,SDESI,29,7,84,601.00,"50,484.00"
2019-05-23,2019052301010813,SDESI,39,7,19,602.00,"11,438.00"
2019-05-23,2019052301010747,SEF,52,47,500,9.80,"4,900.00"
2019-05-23,2019052301010746,SEF,52,21,500,9.80,"4,900.00"
2019-05-23,2019052301010745,SEF,52,21,500,9.80,"4,900.00"
2019-05-23,2019052301011026,SHIVM,44,38,30,544.00,"16,320.00"
2019-05-23,2019052301011009,SHIVM,44,38,30,544.00,"16,320.00"
2019-05-23,2019052301010983,SHIVM,44,38,35,544.00,"19,040.00"
2019-05-23,2019052301010962,SHIVM,44,38,35,544.00,"19,040.00"
2019-05-23,2019052301010953,SHIVM,44,38,35,544.00,"19,040.00"
2019-05-23,2019052301010941,SHIVM,44,38,35,544.00,"19,040.00"
2019-05-23,2019052301010557,SHIVM,48,38,200,545.00,"109,000.00"
2019-05-23,2019052301010545,SHIVM,25,38,650,545.00,"354,250.00"
2019-05-23,2019052301010604,SHIVM,42,38,50,544.00,"27,200.00"
2019-05-23,2019052301010603,SHIVM,22,38,30,545.00,"16,350.00"
2019-05-23,2019052301010591,SHIVM,22,38,170,545.00,"92,650.00"
2019-05-23,2019052301010590,SHIVM,44,38,75,545.00,"40,875.00"
2019-05-23,2019052301010559,SHIVM,44,38,25,545.00,"13,625.00"
2019-05-23,2019052301010558,SHIVM,40,38,25,545.00,"13,625.00"
2019-05-23,2019052301010662,SHIVM,44,38,210,544.00,"114,240.00"
2019-05-23,2019052301010648,SHIVM,44,38,220,544.00,"119,680.00"
2019-05-23,2019052301010645,SHIVM,44,1,150,544.00,"81,600.00"
2019-05-23,2019052301010620,SHIVM,44,38,240,544.00,"130,560.00"
2019-05-23,2019052301010618,SHIVM,44,46,10,544.00,"5,440.00"
2019-05-23,2019052301010605,SHIVM,44,38,160,544.00,"87,040.00"
2019-05-23,2019052301010682,SHIVM,44,38,200,544.00,"108,800.00"
2019-05-23,2019052301010680,SHIVM,55,10,50,545.00,"27,250.00"
2019-05-23,2019052301010672,SHIVM,44,38,200,544.00,"108,800.00"
2019-05-23,2019052301010669,SHIVM,44,41,30,544.00,"16,320.00"
2019-05-23,2019052301010668,SHIVM,6,41,20,545.00,"10,900.00"
2019-05-23,2019052301010761,SHIVM,44,32,500,544.00,"272,000.00"
2019-05-23,2019052301010752,SHIVM,44,38,140,544.00,"76,160.00"
2019-05-23,2019052301010742,SHIVM,44,38,200,544.00,"108,800.00"
2019-05-23,2019052301010731,SHIVM,44,38,175,544.00,"95,200.00"
2019-05-23,2019052301010703,SHIVM,44,34,50,544.00,"27,200.00"
2019-05-23,2019052301010702,SHIVM,44,38,200,544.00,"108,800.00"
2019-05-23,2019052301010829,SHIVM,44,38,70,544.00,"38,080.00"
2019-05-23,2019052301010816,SHIVM,44,38,150,544.00,"81,600.00"
2019-05-23,2019052301010805,SHIVM,44,34,100,544.00,"54,400.00"
2019-05-23,2019052301010802,SHIVM,44,38,125,544.00,"68,000.00"
2019-05-23,2019052301010782,SHIVM,44,38,135,544.00,"73,440.00"
2019-05-23,2019052301010767,SHIVM,40,46,100,545.00,"54,500.00"
2019-05-23,2019052301010872,SHIVM,44,38,35,544.00,"19,040.00"
2019-05-23,2019052301010865,SHIVM,44,32,500,544.00,"272,000.00"
2019-05-23,2019052301010863,SHIVM,44,38,70,544.00,"38,080.00"
2019-05-23,2019052301010846,SHIVM,38,46,200,545.00,"109,000.00"
2019-05-23,2019052301010831,SHIVM,44,34,50,544.00,"27,200.00"
2019-05-23,2019052301010830,SHIVM,44,45,50,544.00,"27,200.00"
2019-05-23,2019052301010913,SHIVM,44,38,35,544.00,"19,040.00"
2019-05-23,2019052301010905,SHIVM,44,32,50,544.00,"27,200.00"
2019-05-23,2019052301010886,SHIVM,44,34,10,544.00,"5,440.00"
2019-05-23,2019052301010880,SHIVM,44,38,35,544.00,"19,040.00"
2019-05-23,2019052301010877,SHIVM,44,6,100,544.00,"54,400.00"
2019-05-23,2019052301010875,SHIVM,44,32,500,544.00,"272,000.00"
2019-05-23,2019052301010707,SHPC,42,34,150,280.00,"42,000.00"
2019-05-23,2019052301010706,SHPC,45,34,500,280.00,"140,000.00"
2019-05-23,2019052301010705,SHPC,43,34,500,280.00,"140,000.00"
2019-05-23,2019052301010704,SHPC,41,34,500,280.00,"140,000.00"
2019-05-23,2019052301011003,SIC,1,56,79,"1,400.00","110,600.00"
2019-05-23,2019052301010973,SIC,16,56,100,"1,400.00","140,000.00"
2019-05-23,2019052301010900,SIC,16,51,50,"1,391.00","69,550.00"
2019-05-23,2019052301010899,SIC,54,51,50,"1,395.00","69,750.00"
2019-05-23,2019052301011031,SIL,41,38,158,585.00,"92,430.00"
2019-05-23,2019052301011021,SIL,41,51,100,585.00,"58,500.00"
2019-05-23,2019052301010808,SIL,41,25,155,585.00,"90,675.00"
2019-05-23,2019052301010625,SKBBL,25,21,26,988.00,"25,688.00"
2019-05-23,2019052301010624,SKBBL,25,21,74,988.00,"73,112.00"
2019-05-23,2019052301010675,SLBS,35,20,20,835.00,"16,700.00"
2019-05-23,2019052301011020,SLICL,16,32,50,588.00,"29,400.00"
2019-05-23,2019052301010957,SLICL,1,44,200,589.00,"117,800.00"
2019-05-23,2019052301010855,SLICL,17,32,50,590.00,"29,500.00"
2019-05-23,2019052301010854,SLICL,41,32,20,590.00,"11,800.00"
2019-05-23,2019052301010853,SLICL,29,32,100,590.00,"59,000.00"
2019-05-23,2019052301010712,SRBL,17,11,184,258.00,"47,472.00"
2019-05-23,2019052301010711,SRBL,35,11,46,259.00,"11,914.00"
2019-05-23,2019052301010940,UIC,56,22,200,947.00,"189,400.00"
2019-05-23,2019052301010611,UIC,17,51,20,955.00,"19,100.00"
2019-05-23,2019052301010990,UPCL,25,1,50,95.00,"4,750.00"
2019-05-23,2019052301010845,UPCL,21,34,"1,070",96.00,"102,720.00"
2019-05-23,2019052301010730,UPCL,21,34,110,96.00,"10,560.00"
2019-05-23,2019052301010550,UPCL,21,42,50,95.00,"4,750.00"
2019-05-23,2019052301011041,UPPER,43,17,40,291.00,"11,640.00"
2019-05-23,2019052301011023,UPPER,43,36,50,290.00,"14,500.00"
2019-05-23,2019052301011010,UPPER,43,17,40,290.00,"11,600.00"
2019-05-23,2019052301010998,UPPER,43,36,50,290.00,"14,500.00"
2019-05-23,2019052301010977,UPPER,43,46,50,290.00,"14,500.00"
2019-05-23,2019052301010965,UPPER,57,44,50,291.00,"14,550.00"
2019-05-23,2019052301010548,UPPER,35,40,67,292.00,"19,564.00"
2019-05-23,2019052301010547,UPPER,42,40,200,292.00,"58,400.00"
2019-05-23,2019052301010546,UPPER,49,40,"1,733",292.00,"506,036.00"
2019-05-23,2019052301010600,UPPER,59,25,50,291.00,"14,550.00"
2019-05-23,2019052301010593,UPPER,59,43,10,291.00,"2,910.00"
2019-05-23,2019052301010592,UPPER,58,43,30,291.00,"8,730.00"
2019-05-23,2019052301010589,UPPER,58,49,40,291.00,"11,640.00"
2019-05-23,2019052301010556,UPPER,58,49,40,291.00,"11,640.00"
2019-05-23,2019052301010549,UPPER,35,22,33,292.00,"9,636.00"
2019-05-23,2019052301010628,UPPER,59,19,40,291.00,"11,640.00"
2019-05-23,2019052301010626,UPPER,59,43,40,291.00,"11,640.00"
2019-05-23,2019052301010619,UPPER,59,49,40,291.00,"11,640.00"
2019-05-23,2019052301010610,UPPER,59,13,40,291.00,"11,640.00"
2019-05-23,2019052301010601,UPPER,59,4,40,291.00,"11,640.00"
2019-05-23,2019052301010646,UPPER,52,13,50,291.00,"14,550.00"
2019-05-23,2019052301010637,UPPER,52,25,10,291.00,"2,910.00"
2019-05-23,2019052301010636,UPPER,43,25,30,291.00,"8,730.00"
2019-05-23,2019052301010632,UPPER,43,49,20,291.00,"5,820.00"
2019-05-23,2019052301010631,UPPER,59,49,20,291.00,"5,820.00"
2019-05-23,2019052301010630,UPPER,59,13,50,291.00,"14,550.00"
2019-05-23,2019052301010673,UPPER,45,43,50,292.00,"14,600.00"
2019-05-23,2019052301010667,UPPER,45,43,50,292.00,"14,600.00"
2019-05-23,2019052301010665,UPPER,52,13,40,291.00,"11,640.00"
2019-05-23,2019052301010663,UPPER,52,19,50,291.00,"14,550.00"
2019-05-23,2019052301010660,UPPER,52,13,50,291.00,"14,550.00"
2019-05-23,2019052301010650,UPPER,52,43,50,291.00,"14,550.00"
2019-05-23,2019052301010694,UPPER,52,43,40,291.00,"11,640.00"
2019-05-23,2019052301010693,UPPER,52,19,40,291.00,"11,640.00"
2019-05-23,2019052301010685,UPPER,52,21,150,291.00,"43,650.00"
2019-05-23,2019052301010684,UPPER,45,21,50,292.00,"14,600.00"
2019-05-23,2019052301010679,UPPER,45,19,50,292.00,"14,600.00"
2019-05-23,2019052301010676,UPPER,45,13,50,292.00,"14,600.00"
2019-05-23,2019052301010737,UPPER,49,45,50,292.00,"14,600.00"
2019-05-23,2019052301010736,UPPER,49,45,50,292.00,"14,600.00"
2019-05-23,2019052301010733,UPPER,38,21,30,291.00,"8,730.00"
2019-05-23,2019052301010727,UPPER,38,19,50,291.00,"14,550.00"
2019-05-23,2019052301010701,UPPER,43,21,20,290.00,"5,800.00"
2019-05-23,2019052301010700,UPPER,52,21,20,291.00,"5,820.00"
2019-05-23,2019052301010783,UPPER,58,34,50,292.00,"14,600.00"
2019-05-23,2019052301010774,UPPER,38,22,270,291.00,"78,570.00"
2019-05-23,2019052301010760,UPPER,38,22,920,291.00,"267,720.00"
2019-05-23,2019052301010759,UPPER,49,22,310,292.00,"90,520.00"
2019-05-23,2019052301010751,UPPER,49,19,50,292.00,"14,600.00"
2019-05-23,2019052301010743,UPPER,49,11,40,292.00,"11,680.00"
2019-05-23,2019052301010789,UPPER,13,33,60,294.00,"17,640.00"
2019-05-23,2019052301010788,UPPER,13,38,250,294.00,"73,500.00"
2019-05-23,2019052301010787,UPPER,13,35,240,294.00,"70,560.00"
2019-05-23,2019052301010786,UPPER,13,32,40,293.00,"11,720.00"
2019-05-23,2019052301010785,UPPER,13,45,40,293.00,"11,720.00"
2019-05-23,2019052301010784,UPPER,13,43,50,293.00,"14,650.00"
2019-05-23,2019052301010857,UPPER,43,22,"2,000",290.00,"580,000.00"
2019-05-23,2019052301010842,UPPER,43,36,40,290.00,"11,600.00"
2019-05-23,2019052301010809,UPPER,43,36,40,290.00,"11,600.00"
2019-05-23,2019052301010807,UPPER,43,17,10,290.00,"2,900.00"
2019-05-23,2019052301010806,UPPER,38,17,30,291.00,"8,730.00"
2019-05-23,2019052301010790,UPPER,13,42,50,294.00,"14,700.00"
2019-05-23,2019052301010898,UPPER,43,4,295,290.00,"85,550.00"
2019-05-23,2019052301010893,UPPER,49,22,230,292.00,"67,160.00"
2019-05-23,2019052301010892,UPPER,49,21,100,292.00,"29,200.00"
2019-05-23,2019052301010890,UPPER,43,16,700,290.00,"203,000.00"
2019-05-23,2019052301010867,UPPER,43,36,40,290.00,"11,600.00"
2019-05-23,2019052301010864,UPPER,43,38,40,290.00,"11,600.00"
2019-05-23,2019052301010964,UPPER,57,56,50,291.00,"14,550.00"
2019-05-23,2019052301010952,UPPER,43,54,711,290.00,"206,190.00"
2019-05-23,2019052301010951,UPPER,10,54,"1,000",290.00,"290,000.00"
2019-05-23,2019052301010950,UPPER,52,54,100,290.00,"29,000.00"
2019-05-23,2019052301010949,UPPER,43,54,"1,189",290.00,"344,810.00"
2019-05-23,2019052301010942,UPPER,43,36,40,290.00,"11,600.00"
2019-05-23,2019052301010698,VLBS,46,20,26,555.00,"14,430.00"
2019-05-23,2019052301010542,ADBL,38,11,79,432.00,"34,128.00"
2019-05-23,2019052301010538,ADBL,38,57,750,432.00,"324,000.00"
2019-05-23,2019052301010537,ADBL,4,57,250,432.00,"108,000.00"
2019-05-23,2019052301010503,ADBL,58,44,20,433.00,"8,660.00"
2019-05-23,2019052301010502,ADBL,42,44,24,433.00,"10,392.00"
2019-05-23,2019052301010460,ADBL,42,18,400,433.00,"173,200.00"
2019-05-23,2019052301010273,ADBL,11,47,76,433.00,"32,908.00"
2019-05-23,2019052301010272,ADBL,58,47,51,433.00,"22,083.00"
2019-05-23,2019052301010210,ADBL,58,18,500,433.00,"216,500.00"
2019-05-23,2019052301010147,ADBL,58,6,50,433.00,"21,650.00"
2019-05-23,2019052301010448,ADBL,42,35,300,433.00,"129,900.00"
2019-05-23,2019052301010447,ADBL,42,49,76,433.00,"32,908.00"
2019-05-23,2019052301010446,ADBL,58,49,24,433.00,"10,392.00"
2019-05-23,2019052301010407,ADBL,58,18,476,433.00,"206,108.00"
2019-05-23,2019052301010406,ADBL,11,18,24,433.00,"10,392.00"
2019-05-23,2019052301010281,ADBL,11,35,100,433.00,"43,300.00"
2019-05-23,2019052301010368,ALBSL,35,40,10,445.00,"4,450.00"
2019-05-23,2019052301010367,ALBSL,35,40,10,445.00,"4,450.00"
2019-05-23,2019052301010314,ALBSL,17,39,90,445.00,"40,050.00"
2019-05-23,2019052301010290,ALBSL,17,40,10,445.00,"4,450.00"
2019-05-23,2019052301010269,ALICL,33,26,30,424.00,"12,720.00"
2019-05-23,2019052301010425,API,37,56,449,160.00,"71,840.00"
2019-05-23,2019052301010372,API,25,38,160,161.00,"25,760.00"
2019-05-23,2019052301010285,API,37,44,567,160.00,"90,720.00"
2019-05-23,2019052301010284,API,1,44,433,160.00,"69,280.00"
2019-05-23,2019052301010270,API,1,45,567,160.00,"90,720.00"
2019-05-23,2019052301010157,API,42,45,21,160.00,"3,360.00"
2019-05-23,2019052301010049,API,42,25,10,160.00,"1,600.00"
2019-05-23,2019052301010260,API,29,38,40,161.00,"6,440.00"
2019-05-23,2019052301010207,API,34,22,29,160.00,"4,640.00"
2019-05-23,2019052301010160,API,34,22,29,160.00,"4,640.00"
2019-05-23,2019052301010159,API,34,45,441,160.00,"70,560.00"
2019-05-23,2019052301010158,API,39,45,100,160.00,"16,000.00"
2019-05-23,2019052301010405,BFC,38,57,17,106.00,"1,802.00"
2019-05-23,2019052301010116,BFC,38,56,13,106.00,"1,378.00"
2019-05-23,2019052301010382,BOKL,57,40,300,273.00,"81,900.00"
2019-05-23,2019052301010192,BOKL,59,42,129,272.00,"35,088.00"
2019-05-23,2019052301010059,BOKL,44,40,50,273.00,"13,650.00"
2019-05-23,2019052301010380,BPCL,29,40,18,425.00,"7,650.00"
2019-05-23,2019052301010126,BPCL,29,22,22,425.00,"9,350.00"
2019-05-23,2019052301010341,CBBL,7,4,100,954.00,"95,400.00"
2019-05-23,2019052301010141,CBBL,39,4,50,954.00,"47,700.00"
2019-05-23,2019052301010140,CBBL,33,4,40,954.00,"38,160.00"
2019-05-23,2019052301010139,CBBL,11,4,30,955.00,"28,650.00"
2019-05-23,2019052301010355,CBL,58,16,100,148.00,"14,800.00"
2019-05-23,2019052301010190,CBL,45,16,50,148.00,"7,400.00"
2019-05-23,2019052301010127,CBL,25,16,100,148.00,"14,800.00"
2019-05-23,2019052301010459,CCBL,39,36,278,168.00,"46,704.00"
2019-05-23,2019052301010458,CCBL,6,36,22,169.00,"3,718.00"
2019-05-23,2019052301010205,CCBL,39,42,105,168.00,"17,640.00"
2019-05-23,2019052301010129,CCBL,33,17,45,169.00,"7,605.00"
2019-05-23,2019052301010483,CHCL,41,55,200,539.00,"107,800.00"
2019-05-23,2019052301010469,CHLBS,7,41,10,450.00,"4,500.00"
2019-05-23,2019052301010371,CHLBS,7,1,10,450.00,"4,500.00"
2019-05-23,2019052301010351,CHLBS,7,41,10,450.00,"4,500.00"
2019-05-23,2019052301010264,CHLBS,7,44,10,450.00,"4,500.00"
2019-05-23,2019052301010519,CZBIL,10,38,200,230.00,"46,000.00"
2019-05-23,2019052301010335,CZBIL,45,14,500,230.00,"115,000.00"
2019-05-23,2019052301010334,CZBIL,6,14,"1,000",230.00,"230,000.00"
2019-05-23,2019052301010333,CZBIL,17,14,50,230.00,"11,500.00"
2019-05-23,2019052301010332,CZBIL,16,14,10,230.00,"2,300.00"
2019-05-23,2019052301010445,DBBL,56,58,820,148.00,"121,360.00"
2019-05-23,2019052301010444,DBBL,56,57,180,148.00,"26,640.00"
2019-05-23,2019052301010184,DBBL,19,6,49,147.00,"7,203.00"
2019-05-23,2019052301010075,DDBL,29,4,15,740.00,"11,100.00"
2019-05-23,2019052301010074,DDBL,29,42,85,740.00,"62,900.00"
2019-05-23,2019052301010520,EBL,4,1,300,665.00,"199,500.00"
2019-05-23,2019052301010484,EBL,6,17,214,664.00,"142,096.00"
2019-05-23,2019052301010187,EBL,45,42,46,663.00,"30,498.00"
2019-05-23,2019052301010130,EBL,47,42,54,663.00,"35,802.00"
2019-05-23,2019052301010169,FOWAD,56,42,20,"1,500.00","30,000.00"
2019-05-23,2019052301010467,GBBL,20,1,22,226.00,"4,972.00"
2019-05-23,2019052301010466,GBBL,42,1,100,226.00,"22,600.00"
2019-05-23,2019052301010465,GBBL,39,1,200,226.00,"45,200.00"
2019-05-23,2019052301010464,GBBL,39,1,366,226.00,"82,716.00"
2019-05-23,2019052301010255,GBBL,39,17,21,226.00,"4,746.00"
2019-05-23,2019052301010496,GBIME,17,11,466,308.00,"143,528.00"
2019-05-23,2019052301010495,GBIME,21,11,341,308.00,"105,028.00"
2019-05-23,2019052301010153,GBIME,59,11,500,309.00,"154,500.00"
2019-05-23,2019052301010102,GBIME,21,6,80,308.00,"24,640.00"
2019-05-23,2019052301010387,GBLBS,48,58,200,378.00,"75,600.00"
2019-05-23,2019052301010189,GBLBS,10,58,290,378.00,"109,620.00"
2019-05-23,2019052301010188,GBLBS,10,21,10,378.00,"3,780.00"
2019-05-23,2019052301010168,GBLBS,40,55,100,377.00,"37,700.00"
2019-05-23,2019052301010125,GBLBS,7,21,90,378.00,"34,020.00"
2019-05-23,2019052301010115,GBLBS,7,55,100,378.00,"37,800.00"
2019-05-23,2019052301010089,GBLBS,7,6,10,378.00,"3,780.00"
2019-05-23,2019052301010350,GILB,58,58,20,"1,250.00","25,000.00"
2019-05-23,2019052301010343,GILB,38,21,21,"1,260.00","26,460.00"
2019-05-23,2019052301010342,GILB,38,10,10,"1,260.00","12,600.00"
2019-05-23,2019052301010117,GLICL,7,6,151,551.00,"83,201.00"
2019-05-23,2019052301010191,GRDBL,45,26,150,114.00,"17,100.00"
2019-05-23,2019052301010165,GRDBL,45,28,50,114.00,"5,700.00"
2019-05-23,2019052301010400,HDL,58,20,180,"1,800.00","324,000.00"
2019-05-23,2019052301010392,HDL,16,20,200,"1,800.00","360,000.00"
2019-05-23,2019052301010055,HGI,53,56,385,381.00,"146,685.00"
2019-05-23,2019052301010054,HGI,45,56,30,381.00,"11,430.00"
2019-05-23,2019052301010053,HGI,21,56,50,381.00,"19,050.00"
2019-05-23,2019052301010052,HGI,56,56,50,382.00,"19,100.00"
2019-05-23,2019052301010051,HGI,46,56,100,382.00,"38,200.00"
2019-05-23,2019052301010050,HGI,34,56,25,382.00,"9,550.00"
2019-05-23,2019052301010539,HIDCL,34,42,61,168.00,"10,248.00"
2019-05-23,2019052301010450,HIDCL,34,5,61,168.00,"10,248.00"
2019-05-23,2019052301010443,HIDCL,22,1,450,169.00,"76,050.00"
2019-05-23,2019052301010383,HIDCL,34,56,12,168.00,"2,016.00"
2019-05-23,2019052301010363,HIDCL,34,56,12,168.00,"2,016.00"
2019-05-23,2019052301010345,HIDCL,34,56,12,168.00,"2,016.00"
2019-05-23,2019052301010317,HIDCL,34,6,60,168.00,"10,080.00"
2019-05-23,2019052301010313,HIDCL,5,56,23,169.00,"3,887.00"
2019-05-23,2019052301010289,HIDCL,5,56,23,169.00,"3,887.00"
2019-05-23,2019052301010202,HIDCL,5,6,10,169.00,"1,690.00"
