Date,Transact. No.,Symbol,Buyer,Seller,Quantity,Rate,Amount
2019-06-24,2019062401005907,ADBL,50,51,500,411.00,"205,500.00"
2019-06-24,2019062401005900,ADBL,50,16,16,411.00,"6,576.00"
2019-06-24,2019062401005841,ADBL,50,51,154,411.00,"63,294.00"
2019-06-24,2019062401005840,ADBL,52,51,185,411.00,"76,035.00"
2019-06-24,2019062401005839,ADBL,58,51,100,412.00,"41,200.00"
2019-06-24,2019062401005761,ADBL,58,49,"10,000",412.00,"4,120,000.00"
2019-06-24,2019062401005629,ADBL,44,38,95,411.00,"39,045.00"
2019-06-24,2019062401005615,ADBL,44,45,"1,905",411.00,"782,955.00"
2019-06-24,2019062401005614,ADBL,35,45,50,411.00,"20,550.00"
2019-06-24,2019062401005613,ADBL,50,45,17,411.00,"6,987.00"
2019-06-24,2019062401005583,ADBL,50,29,110,411.00,"45,210.00"
2019-06-24,2019062401005760,ADBL,58,51,780,412.00,"321,360.00"
2019-06-24,2019062401005759,ADBL,58,45,400,412.00,"164,800.00"
2019-06-24,2019062401005758,ADBL,52,45,100,411.00,"41,100.00"
2019-06-24,2019062401005742,ADBL,52,57,200,411.00,"82,200.00"
2019-06-24,2019062401005631,ADBL,52,38,15,411.00,"6,165.00"
2019-06-24,2019062401005630,ADBL,21,38,150,411.00,"61,650.00"
2019-06-24,2019062401005866,AHPC,42,6,439,106.00,"46,534.00"
2019-06-24,2019062401005865,AHPC,56,6,10,106.00,"1,060.00"
2019-06-24,2019062401005864,AHPC,45,6,156,106.00,"16,536.00"
2019-06-24,2019062401005895,AKJCL,32,48,20,72.00,"1,440.00"
2019-06-24,2019062401005634,AKJCL,32,48,10,72.00,720.00
2019-06-24,2019062401005914,ALBSL,14,33,10,400.00,"4,000.00"
2019-06-24,2019062401005913,ALBSL,14,51,10,400.00,"4,000.00"
2019-06-24,2019062401005912,ALBSL,14,51,10,400.00,"4,000.00"
2019-06-24,2019062401005911,ALBSL,14,51,10,400.00,"4,000.00"
2019-06-24,2019062401005910,ALBSL,14,51,10,400.00,"4,000.00"
2019-06-24,2019062401005909,ALBSL,14,58,10,400.00,"4,000.00"
2019-06-24,2019062401005692,ALBSL,41,59,10,396.00,"3,960.00"
2019-06-24,2019062401005665,ALICL,33,22,91,381.00,"34,671.00"
2019-06-24,2019062401005664,ALICL,17,22,12,381.00,"4,572.00"
2019-06-24,2019062401005633,ALICL,17,17,30,381.00,"11,430.00"
2019-06-24,2019062401005571,ALICL,17,40,18,381.00,"6,858.00"
2019-06-24,2019062401005570,ALICL,16,40,16,381.00,"6,096.00"
2019-06-24,2019062401005969,API,34,14,28,143.00,"4,004.00"
2019-06-24,2019062401005968,API,41,14,72,143.00,"10,296.00"
2019-06-24,2019062401005897,API,25,34,138,144.00,"19,872.00"
2019-06-24,2019062401005863,API,41,25,128,143.00,"18,304.00"
2019-06-24,2019062401005862,API,42,25,350,143.00,"50,050.00"
2019-06-24,2019062401005498,API,45,34,62,144.00,"8,928.00"
2019-06-24,2019062401005497,API,45,34,38,144.00,"5,472.00"
2019-06-24,2019062401005861,API,34,25,522,143.00,"74,646.00"
2019-06-24,2019062401005795,API,56,34,300,144.00,"43,200.00"
2019-06-24,2019062401005754,API,42,34,300,144.00,"43,200.00"
2019-06-24,2019062401005648,API,34,34,857,143.00,"122,551.00"
2019-06-24,2019062401005647,API,8,34,971,143.00,"138,853.00"
2019-06-24,2019062401005646,API,53,34,572,143.00,"81,796.00"
2019-06-24,2019062401005846,BOKL,42,57,10,266.00,"2,660.00"
2019-06-24,2019062401005845,BOKL,42,8,900,265.00,"238,500.00"
2019-06-24,2019062401005818,BOKL,42,57,"1,732",264.00,"457,248.00"
2019-06-24,2019062401005808,BOKL,49,5,300,260.00,"78,000.00"
2019-06-24,2019062401005807,BOKL,49,5,50,260.00,"13,000.00"
2019-06-24,2019062401005579,BOKL,42,57,50,264.00,"13,200.00"
2019-06-24,2019062401005523,BOKL,48,57,218,264.00,"57,552.00"
2019-06-24,2019062401005484,BOKL,57,58,500,264.00,"132,000.00"
2019-06-24,2019062401005767,BOKL,58,5,"1,000",262.00,"262,000.00"
2019-06-24,2019062401005766,BOKL,41,5,100,262.00,"26,200.00"
2019-06-24,2019062401005765,BOKL,32,5,"1,000",263.00,"263,000.00"
2019-06-24,2019062401005764,BOKL,29,5,10,263.00,"2,630.00"
2019-06-24,2019062401005763,BOKL,41,5,50,263.00,"13,150.00"
2019-06-24,2019062401005762,BOKL,45,5,36,263.00,"9,468.00"
2019-06-24,2019062401005773,BOKL,42,5,250,262.00,"65,500.00"
2019-06-24,2019062401005772,BOKL,36,5,100,262.00,"26,200.00"
2019-06-24,2019062401005771,BOKL,51,5,500,262.00,"131,000.00"
2019-06-24,2019062401005770,BOKL,14,5,100,262.00,"26,200.00"
2019-06-24,2019062401005769,BOKL,41,5,200,262.00,"52,400.00"
2019-06-24,2019062401005768,BOKL,50,5,"1,000",262.00,"262,000.00"
2019-06-24,2019062401005779,BOKL,13,5,"1,000",261.00,"261,000.00"
2019-06-24,2019062401005778,BOKL,7,5,"1,000",261.00,"261,000.00"
2019-06-24,2019062401005777,BOKL,52,5,500,261.00,"130,500.00"
2019-06-24,2019062401005776,BOKL,7,5,"1,000",261.00,"261,000.00"
2019-06-24,2019062401005775,BOKL,52,5,100,261.00,"26,100.00"
2019-06-24,2019062401005774,BOKL,57,5,65,261.00,"16,965.00"
2019-06-24,2019062401005785,BOKL,41,5,500,260.00,"130,000.00"
2019-06-24,2019062401005784,BOKL,55,5,700,260.00,"182,000.00"
2019-06-24,2019062401005783,BOKL,21,5,500,260.00,"130,000.00"
2019-06-24,2019062401005782,BOKL,34,5,300,260.00,"78,000.00"
2019-06-24,2019062401005781,BOKL,59,5,100,261.00,"26,100.00"
2019-06-24,2019062401005780,BOKL,45,5,100,261.00,"26,100.00"
2019-06-24,2019062401005791,BOKL,49,5,"19,950",260.00,"5,187,000.00"
2019-06-24,2019062401005790,BOKL,34,5,400,260.00,"104,000.00"
2019-06-24,2019062401005789,BOKL,52,5,100,260.00,"26,000.00"
2019-06-24,2019062401005788,BOKL,26,5,500,260.00,"130,000.00"
2019-06-24,2019062401005787,BOKL,57,5,500,260.00,"130,000.00"
2019-06-24,2019062401005786,BOKL,53,5,200,260.00,"52,000.00"
2019-06-24,2019062401005817,CBBL,34,25,10,949.00,"9,490.00"
2019-06-24,2019062401005816,CBBL,34,56,50,939.00,"46,950.00"
2019-06-24,2019062401005815,CBBL,34,39,20,936.00,"18,720.00"
2019-06-24,2019062401005814,CBBL,34,7,570,935.00,"532,950.00"
2019-06-24,2019062401005727,CBL,14,19,109,147.00,"16,023.00"
2019-06-24,2019062401005958,CCBL,45,42,480,169.00,"81,120.00"
2019-06-24,2019062401005831,CCBL,45,42,520,169.00,"87,880.00"
2019-06-24,2019062401005717,CCBL,45,41,136,168.00,"22,848.00"
2019-06-24,2019062401005706,CCBL,45,42,"1,000",169.00,"169,000.00"
2019-06-24,2019062401005632,CCBL,57,52,192,169.00,"32,448.00"
2019-06-24,2019062401005585,CCBL,48,52,108,169.00,"18,252.00"
2019-06-24,2019062401005621,CHL,51,54,10,95.00,950.00
2019-06-24,2019062401005964,CLBSL,5,54,10,524.00,"5,240.00"
2019-06-24,2019062401005753,CLBSL,17,54,1,514.00,514.00
2019-06-24,2019062401005752,CLBSL,17,53,17,500.00,"8,500.00"
2019-06-24,2019062401005751,CLBSL,17,53,96,500.00,"48,000.00"
2019-06-24,2019062401005750,CLBSL,17,43,10,498.00,"4,980.00"
2019-06-24,2019062401005749,CLBSL,17,55,11,498.00,"5,478.00"
2019-06-24,2019062401005510,CZBIL,36,53,635,220.00,"139,700.00"
2019-06-24,2019062401005505,DBBL,42,6,627,139.00,"87,153.00"
2019-06-24,2019062401005504,DBBL,42,38,300,139.00,"41,700.00"
2019-06-24,2019062401005503,DBBL,42,42,"1,912",139.00,"265,768.00"
2019-06-24,2019062401005951,DDBL,26,49,100,711.00,"71,100.00"
2019-06-24,2019062401005637,EBL,48,39,54,665.00,"35,910.00"
2019-06-24,2019062401005516,EBL,45,39,408,665.00,"271,320.00"
2019-06-24,2019062401005515,EBL,45,35,90,665.00,"59,850.00"
2019-06-24,2019062401005514,EBL,45,34,40,665.00,"26,600.00"
2019-06-24,2019062401005513,EBL,45,7,621,665.00,"412,965.00"
2019-06-24,2019062401005512,EBL,45,36,248,664.00,"164,672.00"
2019-06-24,2019062401005794,EIC,7,34,48,368.00,"17,664.00"
2019-06-24,2019062401005793,EIC,7,13,20,368.00,"7,360.00"
2019-06-24,2019062401005971,FMDBL,58,4,20,385.00,"7,700.00"
2019-06-24,2019062401005970,FMDBL,58,39,100,381.00,"38,100.00"
2019-06-24,2019062401005796,FMDBL,58,39,60,381.00,"22,860.00"
2019-06-24,2019062401005493,FMDBL,58,39,20,381.00,"7,620.00"
2019-06-24,2019062401005622,FOWAD,50,57,18,"1,345.00","24,210.00"
2019-06-24,2019062401005852,GBIME,53,39,500,306.00,"153,000.00"
2019-06-24,2019062401005803,GBIME,33,16,160,306.00,"48,960.00"
2019-06-24,2019062401005802,GBIME,33,43,140,306.00,"42,840.00"
2019-06-24,2019062401005801,GBIME,33,25,200,305.00,"61,000.00"
2019-06-24,2019062401005568,GBIME,56,6,230,305.00,"70,150.00"
2019-06-24,2019062401005541,GBIME,35,43,150,305.00,"45,750.00"
2019-06-24,2019062401005672,GBLBS,39,7,25,352.00,"8,800.00"
2019-06-24,2019062401005645,GBLBS,54,13,100,350.00,"35,000.00"
2019-06-24,2019062401005644,GBLBS,29,13,100,350.00,"35,000.00"
2019-06-24,2019062401005643,GBLBS,42,13,100,350.00,"35,000.00"
2019-06-24,2019062401005642,GBLBS,43,13,50,350.00,"17,500.00"
2019-06-24,2019062401005641,GBLBS,13,13,90,350.00,"31,500.00"
2019-06-24,2019062401005491,GHL,34,14,30,84.00,"2,520.00"
2019-06-24,2019062401005957,GLBSL,6,44,10,462.00,"4,620.00"
2019-06-24,2019062401005893,GLBSL,6,47,10,462.00,"4,620.00"
2019-06-24,2019062401005883,GLBSL,6,17,10,462.00,"4,620.00"
2019-06-24,2019062401005882,GLBSL,6,16,10,462.00,"4,620.00"
2019-06-24,2019062401005856,GLBSL,6,47,10,462.00,"4,620.00"
2019-06-24,2019062401005851,GLBSL,33,16,10,462.00,"4,620.00"
2019-06-24,2019062401005538,GLBSL,38,44,10,468.00,"4,680.00"
2019-06-24,2019062401005524,GLBSL,38,17,10,468.00,"4,680.00"
2019-06-24,2019062401005511,GLBSL,38,48,10,468.00,"4,680.00"
2019-06-24,2019062401005560,GLBSL,38,48,10,468.00,"4,680.00"
2019-06-24,2019062401005552,GLBSL,38,55,10,468.00,"4,680.00"
2019-06-24,2019062401005550,GLBSL,38,17,10,468.00,"4,680.00"
2019-06-24,2019062401005547,GLBSL,38,48,10,468.00,"4,680.00"
2019-06-24,2019062401005542,GLBSL,38,17,10,468.00,"4,680.00"
2019-06-24,2019062401005539,GLBSL,38,48,10,468.00,"4,680.00"
2019-06-24,2019062401005607,GLBSL,38,44,10,467.00,"4,670.00"
2019-06-24,2019062401005606,GLBSL,38,17,10,467.00,"4,670.00"
2019-06-24,2019062401005605,GLBSL,38,16,10,467.00,"4,670.00"
2019-06-24,2019062401005581,GLBSL,38,17,10,468.00,"4,680.00"
2019-06-24,2019062401005575,GLBSL,38,44,10,468.00,"4,680.00"
2019-06-24,2019062401005562,GLBSL,38,17,10,468.00,"4,680.00"
2019-06-24,2019062401005668,GLBSL,57,14,10,466.00,"4,660.00"
2019-06-24,2019062401005657,GLBSL,39,17,10,467.00,"4,670.00"
2019-06-24,2019062401005651,GLBSL,39,58,10,467.00,"4,670.00"
2019-06-24,2019062401005640,GLBSL,39,16,10,467.00,"4,670.00"
2019-06-24,2019062401005636,GLBSL,38,44,10,467.00,"4,670.00"
2019-06-24,2019062401005635,GLBSL,38,17,10,467.00,"4,670.00"
2019-06-24,2019062401005705,GLBSL,36,44,10,465.00,"4,650.00"
2019-06-24,2019062401005704,GLBSL,36,14,10,465.00,"4,650.00"
2019-06-24,2019062401005694,GLBSL,36,16,10,465.00,"4,650.00"
2019-06-24,2019062401005684,GLBSL,20,17,10,466.00,"4,660.00"
2019-06-24,2019062401005680,GLBSL,20,44,10,466.00,"4,660.00"
2019-06-24,2019062401005670,GLBSL,20,44,10,466.00,"4,660.00"
2019-06-24,2019062401005720,GLBSL,6,6,100,465.00,"46,500.00"
2019-06-24,2019062401005719,GLBSL,56,6,30,465.00,"13,950.00"
2019-06-24,2019062401005718,GLBSL,48,6,30,465.00,"13,950.00"
2019-06-24,2019062401005714,GLBSL,48,58,10,465.00,"4,650.00"
2019-06-24,2019062401005712,GLBSL,36,16,10,465.00,"4,650.00"
2019-06-24,2019062401005707,GLBSL,36,55,10,465.00,"4,650.00"
2019-06-24,2019062401005810,GLBSL,20,58,10,463.00,"4,630.00"
2019-06-24,2019062401005799,GLBSL,20,44,10,463.00,"4,630.00"
2019-06-24,2019062401005755,GLBSL,20,16,10,463.00,"4,630.00"
2019-06-24,2019062401005739,GLBSL,20,44,10,463.00,"4,630.00"
2019-06-24,2019062401005722,GLBSL,41,6,100,465.00,"46,500.00"
2019-06-24,2019062401005721,GLBSL,38,6,40,465.00,"18,600.00"
2019-06-24,2019062401005850,GLBSL,33,44,10,462.00,"4,620.00"
2019-06-24,2019062401005830,GLBSL,33,58,10,462.00,"4,620.00"
2019-06-24,2019062401005827,GLBSL,41,32,10,463.00,"4,630.00"
2019-06-24,2019062401005821,GLBSL,41,21,10,463.00,"4,630.00"
2019-06-24,2019062401005813,GLBSL,41,16,10,463.00,"4,630.00"
2019-06-24,2019062401005812,GLBSL,20,47,10,463.00,"4,630.00"
2019-06-24,2019062401005596,GRDBL,48,48,"1,412",115.00,"162,380.00"
2019-06-24,2019062401005595,GRDBL,1,48,200,115.00,"23,000.00"
2019-06-24,2019062401005594,GRDBL,21,48,30,115.00,"3,450.00"
2019-06-24,2019062401005592,GRDBL,41,6,200,116.00,"23,200.00"
2019-06-24,2019062401005950,HDL,17,58,10,"1,700.00","17,000.00"
2019-06-24,2019062401005978,HGI,33,38,320,359.00,"114,880.00"
2019-06-24,2019062401005716,HGI,13,16,40,356.00,"14,240.00"
2019-06-24,2019062401005715,HGI,8,16,20,356.00,"7,120.00"
2019-06-24,2019062401005591,HIDCL,38,26,200,162.00,"32,400.00"
2019-06-24,2019062401005590,HIDCL,38,35,65,161.00,"10,465.00"
2019-06-24,2019062401005589,HIDCL,38,21,67,161.00,"10,787.00"
2019-06-24,2019062401005588,HIDCL,38,44,13,161.00,"2,093.00"
2019-06-24,2019062401005587,HIDCL,38,57,10,161.00,"1,610.00"
2019-06-24,2019062401005586,HIDCL,38,11,72,161.00,"11,592.00"
2019-06-24,2019062401005757,HPPL,17,41,20,177.00,"3,540.00"
2019-06-24,2019062401005654,HPPL,51,39,30,180.00,"5,400.00"
2019-06-24,2019062401005892,IGI,28,45,60,379.00,"22,740.00"
2019-06-24,2019062401005494,IGI,28,7,699,379.00,"264,921.00"
2019-06-24,2019062401005881,JBNL,48,26,152,207.00,"31,464.00"
2019-06-24,2019062401005880,JBNL,48,39,100,207.00,"20,700.00"
2019-06-24,2019062401005725,JBNL,14,39,500,207.00,"103,500.00"
2019-06-24,2019062401005724,JBNL,49,39,400,207.00,"82,800.00"
2019-06-24,2019062401005723,JBNL,49,58,600,207.00,"124,200.00"
2019-06-24,2019062401005698,JBNL,37,58,400,207.00,"82,800.00"
2019-06-24,2019062401005532,JBNL,57,44,400,207.00,"82,800.00"
2019-06-24,2019062401005531,JBNL,42,44,500,207.00,"103,500.00"
2019-06-24,2019062401005530,JBNL,7,44,100,207.00,"20,700.00"
2019-06-24,2019062401005609,JBNL,42,49,100,206.00,"20,600.00"
2019-06-24,2019062401005608,JBNL,36,49,613,206.00,"126,278.00"
2019-06-24,2019062401005600,JBNL,7,44,300,207.00,"62,100.00"
2019-06-24,2019062401005593,JBNL,7,34,"2,700",207.00,"558,900.00"
2019-06-24,2019062401005578,JBNL,57,34,300,207.00,"62,100.00"
2019-06-24,2019062401005561,JBNL,42,44,100,208.00,"20,800.00"
2019-06-24,2019062401005697,JBNL,37,44,"1,600",207.00,"331,200.00"
2019-06-24,2019062401005675,JBNL,33,44,50,207.00,"10,350.00"
2019-06-24,2019062401005650,JBNL,57,44,50,207.00,"10,350.00"
2019-06-24,2019062401005612,JBNL,36,49,187,206.00,"38,522.00"
2019-06-24,2019062401005611,JBNL,56,49,500,206.00,"103,000.00"
2019-06-24,2019062401005610,JBNL,32,49,100,206.00,"20,600.00"
2019-06-24,2019062401005916,JOSHI,42,48,20,83.00,"1,660.00"
2019-06-24,2019062401005828,JOSHI,42,48,20,83.00,"1,660.00"
2019-06-24,2019062401005756,JOSHI,42,48,20,83.00,"1,660.00"
2019-06-24,2019062401005653,JOSHI,42,48,20,83.00,"1,660.00"
2019-06-24,2019062401005713,KADBL,56,16,10,192.00,"1,920.00"
2019-06-24,2019062401005748,KBBL,32,33,800,234.00,"187,200.00"
2019-06-24,2019062401005652,KBBL,32,25,200,234.00,"46,800.00"
2019-06-24,2019062401005681,KBL,51,53,100,211.00,"21,100.00"
2019-06-24,2019062401005565,KBL,19,6,100,210.00,"21,000.00"
2019-06-24,2019062401005871,KPCL,14,35,10,91.00,910.00
2019-06-24,2019062401005666,KPCL,14,48,10,91.00,910.00
2019-06-24,2019062401005662,KRBL,22,58,150,116.00,"17,400.00"
2019-06-24,2019062401005549,KSBBL,42,14,10,153.00,"1,530.00"
2019-06-24,2019062401005577,LBBL,59,49,32,196.00,"6,272.00"
2019-06-24,2019062401005543,LBBL,48,42,10,197.00,"1,970.00"
2019-06-24,2019062401005896,LBL,56,50,298,220.00,"65,560.00"
2019-06-24,2019062401005894,LBL,33,50,44,220.00,"9,680.00"
2019-06-24,2019062401005700,LBL,36,50,339,220.00,"74,580.00"
2019-06-24,2019062401005699,LBL,36,47,161,220.00,"35,420.00"
2019-06-24,2019062401005597,LBL,33,26,200,219.00,"43,800.00"
2019-06-24,2019062401005529,LBL,33,16,100,219.00,"21,900.00"
2019-06-24,2019062401005979,LGIL,26,39,40,438.00,"17,520.00"
2019-06-24,2019062401005854,LGIL,17,39,140,444.00,"62,160.00"
2019-06-24,2019062401005853,LGIL,17,43,100,443.00,"44,300.00"
2019-06-24,2019062401005703,LGIL,8,39,10,444.00,"4,440.00"
2019-06-24,2019062401005679,LGIL,17,26,100,443.00,"44,300.00"
2019-06-24,2019062401005669,LGIL,17,4,40,438.00,"17,520.00"
2019-06-24,2019062401005858,LICN,7,33,42,"1,576.00","66,192.00"
2019-06-24,2019062401005857,LICN,22,33,100,"1,577.00","157,700.00"
2019-06-24,2019062401005928,MBL,35,53,500,266.00,"133,000.00"
2019-06-24,2019062401005956,MEGA,28,13,"2,500",200.00,"500,000.00"
2019-06-24,2019062401005933,MEGA,28,13,545,200.00,"109,000.00"
2019-06-24,2019062401005932,MEGA,7,13,100,200.00,"20,000.00"
2019-06-24,2019062401005931,MEGA,34,13,"1,355",200.00,"271,000.00"
2019-06-24,2019062401005870,MEGA,43,8,10,201.00,"2,010.00"
2019-06-24,2019062401005844,MEGA,34,13,645,200.00,"129,000.00"
2019-06-24,2019062401005843,MEGA,46,13,500,200.00,"100,000.00"
2019-06-24,2019062401005842,MEGA,21,13,265,200.00,"53,000.00"
2019-06-24,2019062401005671,MEGA,21,29,70,200.00,"14,000.00"
2019-06-24,2019062401005500,MLBBL,48,17,15,405.00,"6,075.00"
2019-06-24,2019062401005602,MLBL,33,34,"1,073",192.00,"206,016.00"
2019-06-24,2019062401005601,MLBL,59,34,30,192.00,"5,760.00"
2019-06-24,2019062401005974,MNBBL,28,17,314,371.00,"116,494.00"
2019-06-24,2019062401005973,MNBBL,56,17,10,371.00,"3,710.00"
2019-06-24,2019062401005972,MNBBL,45,17,102,371.00,"37,842.00"
2019-06-24,2019062401005923,MNBBL,45,17,398,371.00,"147,658.00"
2019-06-24,2019062401005922,MNBBL,48,17,102,371.00,"37,842.00"
2019-06-24,2019062401005890,MNBBL,37,17,74,372.00,"27,528.00"
2019-06-24,2019062401005943,MPFL,39,49,105,207.00,"21,735.00"
2019-06-24,2019062401005744,MPFL,14,49,30,207.00,"6,210.00"
2019-06-24,2019062401005738,MPFL,28,49,142,207.00,"29,394.00"
2019-06-24,2019062401005737,MPFL,28,32,500,207.00,"103,500.00"
2019-06-24,2019062401005736,MPFL,28,28,200,207.00,"41,400.00"
2019-06-24,2019062401005735,MPFL,28,5,158,207.00,"32,706.00"
2019-06-24,2019062401005733,MPFL,38,5,12,207.00,"2,484.00"
2019-06-24,2019062401005696,MPFL,38,5,24,207.00,"4,968.00"
2019-06-24,2019062401005693,MPFL,35,5,30,207.00,"6,210.00"
2019-06-24,2019062401005576,MPFL,35,5,20,207.00,"4,140.00"
2019-06-24,2019062401005834,MSLB,7,5,10,899.00,"8,990.00"
2019-06-24,2019062401005683,MSLB,39,52,23,890.00,"20,470.00"
2019-06-24,2019062401005490,NABIL,48,39,68,808.00,"54,944.00"
2019-06-24,2019062401005489,NABIL,48,32,20,807.00,"16,140.00"
2019-06-24,2019062401005902,NABILP,6,6,"2,000",785.00,"1,570,000.00"
2019-06-24,2019062401005901,NABILP,37,6,50,785.00,"39,250.00"
2019-06-24,2019062401005908,NADEP,16,40,15,435.00,"6,525.00"
2019-06-24,2019062401005822,NADEP,16,43,90,432.00,"38,880.00"
2019-06-24,2019062401005804,NBB,14,42,100,222.00,"22,200.00"
2019-06-24,2019062401005676,NBB,56,42,200,222.00,"44,400.00"
2019-06-24,2019062401005628,NBB,56,39,100,222.00,"22,200.00"
2019-06-24,2019062401005627,NBB,56,39,30,222.00,"6,660.00"
2019-06-24,2019062401005626,NBB,56,39,46,222.00,"10,212.00"
2019-06-24,2019062401005625,NBB,56,42,64,222.00,"14,208.00"
2019-06-24,2019062401005619,NBB,26,42,200,222.00,"44,400.00"
2019-06-24,2019062401005598,NBB,11,42,100,222.00,"22,200.00"
2019-06-24,2019062401005580,NBB,26,42,500,222.00,"111,000.00"
2019-06-24,2019062401005522,NBB,38,42,136,222.00,"30,192.00"
2019-06-24,2019062401005521,NBB,38,47,364,222.00,"80,808.00"
2019-06-24,2019062401005977,NBL,33,45,66,324.00,"21,384.00"
2019-06-24,2019062401005976,NBL,33,48,34,324.00,"11,016.00"
2019-06-24,2019062401005921,NBL,5,48,66,324.00,"21,384.00"
2019-06-24,2019062401005920,NBL,5,32,80,324.00,"25,920.00"
2019-06-24,2019062401005919,NBL,5,21,130,324.00,"42,120.00"
2019-06-24,2019062401005918,NBL,5,39,500,324.00,"162,000.00"
2019-06-24,2019062401005558,NBL,34,6,500,323.00,"161,500.00"
2019-06-24,2019062401005557,NBL,49,6,"2,700",323.00,"872,100.00"
2019-06-24,2019062401005556,NBL,49,6,664,323.00,"214,472.00"
2019-06-24,2019062401005917,NBL,5,34,224,324.00,"72,576.00"
2019-06-24,2019062401005869,NBL,13,21,100,323.00,"32,300.00"
2019-06-24,2019062401005867,NBL,21,34,200,324.00,"64,800.00"
2019-06-24,2019062401005656,NBL,33,34,76,324.00,"24,624.00"
2019-06-24,2019062401005655,NBL,33,25,24,324.00,"7,776.00"
2019-06-24,2019062401005559,NBL,13,6,136,323.00,"43,928.00"
2019-06-24,2019062401005935,NCCB,16,45,60,256.00,"15,360.00"
2019-06-24,2019062401005747,NCCB,16,39,500,256.00,"128,000.00"
2019-06-24,2019062401005746,NCCB,16,32,690,256.00,"176,640.00"
2019-06-24,2019062401005745,NCCB,16,32,750,256.00,"192,000.00"
2019-06-24,2019062401005728,NCCB,1,13,43,255.00,"10,965.00"
2019-06-24,2019062401005520,NCCB,22,32,100,256.00,"25,600.00"
2019-06-24,2019062401005519,NCCB,1,39,157,255.00,"40,035.00"
2019-06-24,2019062401005518,NCCB,14,39,100,255.00,"25,500.00"
2019-06-24,2019062401005517,NCCB,16,39,"1,427",255.00,"363,885.00"
2019-06-24,2019062401005934,NHPC,52,33,20,68.00,"1,360.00"
2019-06-24,2019062401005582,NHPC,42,52,10,67.00,670.00
2019-06-24,2019062401005967,NIB,10,13,344,526.00,"180,944.00"
2019-06-24,2019062401005966,NIB,53,13,"1,000",526.00,"526,000.00"
2019-06-24,2019062401005965,NIB,17,13,86,526.00,"45,236.00"
2019-06-24,2019062401005678,NIB,45,34,156,527.00,"82,212.00"
2019-06-24,2019062401005677,NIB,45,43,44,527.00,"23,188.00"
2019-06-24,2019062401005624,NIB,26,34,16,527.00,"8,432.00"
2019-06-24,2019062401005623,NIB,26,34,34,527.00,"17,918.00"
2019-06-24,2019062401005962,NIBPO,28,4,74,480.00,"35,520.00"
2019-06-24,2019062401005961,NIBPO,4,4,"1,000",481.00,"481,000.00"
2019-06-24,2019062401005960,NIBPO,54,4,60,481.00,"28,860.00"
2019-06-24,2019062401005959,NIBPO,11,4,66,481.00,"31,746.00"
2019-06-24,2019062401005953,NICA,48,53,544,467.00,"254,048.00"
2019-06-24,2019062401005952,NICA,54,22,72,466.00,"33,552.00"
2019-06-24,2019062401005898,NICA,59,53,10,467.00,"4,670.00"
2019-06-24,2019062401005849,NICA,45,59,500,466.00,"233,000.00"
2019-06-24,2019062401005848,NICA,50,59,"5,000",466.00,"2,330,000.00"
2019-06-24,2019062401005847,NICA,45,59,431,467.00,"201,277.00"
2019-06-24,2019062401005702,NICA,45,41,69,467.00,"32,223.00"
2019-06-24,2019062401005701,NICA,56,41,10,467.00,"4,670.00"
2019-06-24,2019062401005809,NICL,28,25,10,369.00,"3,690.00"
2019-06-24,2019062401005618,NICL,28,48,100,362.00,"36,200.00"
2019-06-24,2019062401005617,NICL,28,52,109,362.00,"39,458.00"
2019-06-24,2019062401005616,NICL,28,4,65,362.00,"23,530.00"
2019-06-24,2019062401005710,NIL,48,5,50,475.00,"23,750.00"
2019-06-24,2019062401005682,NIL,25,37,120,473.00,"56,760.00"
2019-06-24,2019062401005663,NIL,38,20,100,472.00,"47,200.00"
2019-06-24,2019062401005891,NLG,21,41,100,750.00,"75,000.00"
2019-06-24,2019062401005820,NLIC,22,7,100,894.00,"89,400.00"
2019-06-24,2019062401005819,NLIC,17,7,50,894.00,"44,700.00"
2019-06-24,2019062401005661,NLIC,45,40,15,895.00,"13,425.00"
2019-06-24,2019062401005903,NLICL,43,48,10,614.00,"6,140.00"
2019-06-24,2019062401005527,NLICL,35,34,95,610.00,"57,950.00"
2019-06-24,2019062401005526,NLICL,5,34,10,610.00,"6,100.00"
2019-06-24,2019062401005488,NLICL,54,48,500,612.00,"306,000.00"
2019-06-24,2019062401005487,NLICL,51,48,66,613.00,"40,458.00"
2019-06-24,2019062401005486,NLICL,8,48,174,613.00,"106,662.00"
2019-06-24,2019062401005546,NMFBS,56,29,10,"1,438.00","14,380.00"
2019-06-24,2019062401005545,NMFBS,56,42,38,"1,437.00","54,606.00"
2019-06-24,2019062401005537,OHL,45,4,224,635.00,"142,240.00"
2019-06-24,2019062401005536,OHL,45,4,200,635.00,"127,000.00"
2019-06-24,2019062401005535,OHL,45,58,500,634.00,"317,000.00"
2019-06-24,2019062401005534,OHL,45,25,36,633.00,"22,788.00"
2019-06-24,2019062401005732,PCBL,53,8,25,286.00,"7,150.00"
2019-06-24,2019062401005937,PFL,41,34,11,139.00,"1,529.00"
2019-06-24,2019062401005936,PFL,41,26,12,139.00,"1,668.00"
2019-06-24,2019062401005729,PIC,21,38,100,999.00,"99,900.00"
2019-06-24,2019062401005709,PIC,5,20,50,998.00,"49,900.00"
2019-06-24,2019062401005639,PIC,39,33,100,998.00,"99,800.00"
2019-06-24,2019062401005638,PIC,39,38,100,998.00,"99,800.00"
2019-06-24,2019062401005501,PIC,29,39,11,997.00,"10,967.00"
2019-06-24,2019062401005939,PLIC,32,39,500,436.00,"218,000.00"
2019-06-24,2019062401005938,PLIC,32,1,100,435.00,"43,500.00"
2019-06-24,2019062401005879,PLIC,49,53,100,433.00,"43,300.00"
2019-06-24,2019062401005691,PLIC,42,53,100,433.00,"43,300.00"
2019-06-24,2019062401005915,PPCL,6,20,20,141.00,"2,820.00"
2019-06-24,2019062401005889,PPCL,6,32,10,139.00,"1,390.00"
2019-06-24,2019062401005888,PPCL,6,42,30,139.00,"4,170.00"
2019-06-24,2019062401005887,PPCL,6,58,10,139.00,"1,390.00"
2019-06-24,2019062401005886,PPCL,6,58,10,139.00,"1,390.00"
2019-06-24,2019062401005885,PPCL,6,20,20,139.00,"2,780.00"
2019-06-24,2019062401005884,PPCL,6,20,10,139.00,"1,390.00"
2019-06-24,2019062401005726,PPCL,42,20,10,139.00,"1,390.00"
2019-06-24,2019062401005482,PPCL,19,59,10,137.00,"1,370.00"
2019-06-24,2019062401005927,PRIN,5,37,125,377.00,"47,125.00"
2019-06-24,2019062401005926,PRIN,29,37,25,377.00,"9,425.00"
2019-06-24,2019062401005925,PRIN,22,37,50,377.00,"18,850.00"
2019-06-24,2019062401005944,PRVU,29,45,70,268.00,"18,760.00"
2019-06-24,2019062401005940,PRVU,48,45,"4,000",268.00,"1,072,000.00"
2019-06-24,2019062401005929,PRVU,39,45,100,268.00,"26,800.00"
2019-06-24,2019062401005924,PRVU,22,45,500,268.00,"134,000.00"
2019-06-24,2019062401005855,PRVU,33,45,330,268.00,"88,440.00"
2019-06-24,2019062401005690,PRVU,33,45,901,268.00,"241,468.00"
2019-06-24,2019062401005525,PRVU,29,1,100,267.00,"26,700.00"
2019-06-24,2019062401005689,PRVU,51,45,150,268.00,"40,200.00"
2019-06-24,2019062401005688,PRVU,51,45,180,268.00,"48,240.00"
2019-06-24,2019062401005660,PRVU,51,37,30,268.00,"8,040.00"
2019-06-24,2019062401005659,PRVU,51,39,30,268.00,"8,040.00"
2019-06-24,2019062401005658,PRVU,51,17,60,268.00,"16,080.00"
2019-06-24,2019062401005563,PRVU,51,17,100,268.00,"26,800.00"
2019-06-24,2019062401005949,RRHP,34,22,10,111.00,"1,110.00"
2019-06-24,2019062401005948,RRHP,34,34,10,110.00,"1,100.00"
2019-06-24,2019062401005947,RRHP,34,39,10,110.00,"1,100.00"
2019-06-24,2019062401005734,SADBL,57,1,178,151.00,"26,878.00"
2019-06-24,2019062401005567,SADBL,46,41,89,149.00,"13,261.00"
2019-06-24,2019062401005566,SADBL,56,41,61,149.00,"9,089.00"
2019-06-24,2019062401005551,SADBL,56,41,222,149.00,"33,078.00"
2019-06-24,2019062401005980,SANIMA,57,49,50,350.00,"17,500.00"
2019-06-24,2019062401005942,SANIMA,19,21,55,348.00,"19,140.00"
2019-06-24,2019062401005941,SANIMA,39,21,45,348.00,"15,660.00"
2019-06-24,2019062401005860,SANIMA,39,49,197,350.00,"68,950.00"
2019-06-24,2019062401005859,SANIMA,39,37,23,350.00,"8,050.00"
2019-06-24,2019062401005826,SANIMA,39,37,30,349.00,"10,470.00"
2019-06-24,2019062401005825,SANIMA,39,39,50,349.00,"17,450.00"
2019-06-24,2019062401005599,SBI,19,28,27,465.00,"12,555.00"
2019-06-24,2019062401005544,SBI,45,28,395,465.00,"183,675.00"
2019-06-24,2019062401005483,SBI,45,38,281,465.00,"130,665.00"
2019-06-24,2019062401005906,SBL,16,21,95,320.00,"30,400.00"
2019-06-24,2019062401005905,SBL,16,52,130,320.00,"41,600.00"
2019-06-24,2019062401005533,SBL,26,37,30,319.00,"9,570.00"
2019-06-24,2019062401005743,SCB,42,7,200,665.00,"133,000.00"
2019-06-24,2019062401005711,SCB,36,7,100,665.00,"66,500.00"
2019-06-24,2019062401005564,SCB,48,7,34,665.00,"22,610.00"
2019-06-24,2019062401005555,SDESI,32,54,11,569.00,"6,259.00"
2019-06-24,2019062401005838,SHINE,13,43,26,252.00,"6,552.00"
2019-06-24,2019062401005837,SHINE,13,37,53,252.00,"13,356.00"
2019-06-24,2019062401005496,SHINE,44,5,90,251.00,"22,590.00"
2019-06-24,2019062401005975,SHIVM,34,26,20,660.00,"13,200.00"
2019-06-24,2019062401005930,SHIVM,34,26,100,660.00,"66,000.00"
2019-06-24,2019062401005836,SHIVM,39,14,200,660.00,"132,000.00"
2019-06-24,2019062401005835,SHIVM,39,58,300,660.00,"198,000.00"
2019-06-24,2019062401005824,SHIVM,34,32,50,659.00,"32,950.00"
2019-06-24,2019062401005823,SHIVM,53,32,50,659.00,"32,950.00"
2019-06-24,2019062401005508,SHIVM,52,59,200,659.00,"131,800.00"
2019-06-24,2019062401005507,SHIVM,34,59,100,659.00,"65,900.00"
2019-06-24,2019062401005506,SHIVM,34,59,200,659.00,"131,800.00"
2019-06-24,2019062401005502,SHIVM,43,22,120,660.00,"79,200.00"
2019-06-24,2019062401005481,SHIVM,32,22,100,660.00,"66,000.00"
2019-06-24,2019062401005603,SHIVM,38,58,50,658.00,"32,900.00"
2019-06-24,2019062401005573,SHIVM,58,59,100,659.00,"65,900.00"
2019-06-24,2019062401005572,SHIVM,5,59,50,659.00,"32,950.00"
2019-06-24,2019062401005569,SHIVM,14,42,50,659.00,"32,950.00"
2019-06-24,2019062401005548,SHIVM,14,42,50,659.00,"32,950.00"
2019-06-24,2019062401005509,SHIVM,14,59,100,659.00,"65,900.00"
2019-06-24,2019062401005811,SHIVM,53,8,50,659.00,"32,950.00"
2019-06-24,2019062401005800,SHIVM,35,58,100,660.00,"66,000.00"
2019-06-24,2019062401005667,SHIVM,5,42,50,659.00,"32,950.00"
2019-06-24,2019062401005649,SHIVM,5,42,50,659.00,"32,950.00"
2019-06-24,2019062401005620,SHIVM,38,42,50,658.00,"32,900.00"
2019-06-24,2019062401005604,SHIVM,50,59,50,659.00,"32,950.00"
2019-06-24,2019062401005540,SIC,20,41,72,641.00,"46,152.00"
2019-06-24,2019062401005833,SICL,42,34,50,768.00,"38,400.00"
2019-06-24,2019062401005832,SICL,17,34,50,768.00,"38,400.00"
2019-06-24,2019062401005528,SINDU,29,45,20,141.00,"2,820.00"
2019-06-24,2019062401005946,SLBBL,58,39,130,425.00,"55,250.00"
2019-06-24,2019062401005829,SLBBL,58,58,10,421.00,"4,210.00"
2019-06-24,2019062401005574,SLBBL,34,58,10,413.00,"4,130.00"
2019-06-24,2019062401005868,SLBSL,57,32,10,510.00,"5,100.00"
2019-06-24,2019062401005792,SLICL,34,49,10,460.00,"4,600.00"
2019-06-24,2019062401005554,SLICL,34,48,10,461.00,"4,610.00"
2019-06-24,2019062401005553,SLICL,34,39,30,460.00,"13,800.00"
2019-06-24,2019062401005945,SMATA,41,22,19,"1,130.00","21,470.00"
2019-06-24,2019062401005963,SPARS,35,44,10,471.00,"4,710.00"
2019-06-24,2019062401005904,SPARS,35,44,10,471.00,"4,710.00"
2019-06-24,2019062401005797,SPARS,35,44,10,471.00,"4,710.00"
2019-06-24,2019062401005740,SPARS,35,44,10,471.00,"4,710.00"
2019-06-24,2019062401005674,SRBL,1,29,45,251.00,"11,295.00"
2019-06-24,2019062401005495,SRBL,51,28,10,252.00,"2,520.00"
2019-06-24,2019062401005485,SRBL,1,39,15,251.00,"3,765.00"
2019-06-24,2019062401005899,SWBBL,22,20,30,897.00,"26,910.00"
2019-06-24,2019062401005878,TRH,45,14,271,315.00,"85,365.00"
2019-06-24,2019062401005877,TRH,45,38,574,315.00,"180,810.00"
2019-06-24,2019062401005876,TRH,45,55,40,315.00,"12,600.00"
2019-06-24,2019062401005875,TRH,45,51,"1,515",314.00,"475,710.00"
2019-06-24,2019062401005874,TRH,45,28,"1,000",313.00,"313,000.00"
2019-06-24,2019062401005873,TRH,45,52,100,313.00,"31,300.00"
2019-06-24,2019062401005872,TRH,45,53,"1,500",312.00,"468,000.00"
2019-06-24,2019062401005708,TRH,38,28,500,311.00,"155,500.00"
2019-06-24,2019062401005687,TRH,14,28,400,311.00,"124,400.00"
2019-06-24,2019062401005686,TRH,19,28,100,311.00,"31,100.00"
2019-06-24,2019062401005685,TRH,34,28,490,311.00,"152,390.00"
2019-06-24,2019062401005806,UFL,17,28,290,178.00,"51,620.00"
2019-06-24,2019062401005805,UFL,56,28,10,179.00,"1,790.00"
2019-06-24,2019062401005695,UIC,21,32,204,906.00,"184,824.00"
2019-06-24,2019062401005499,UIC,26,55,30,909.00,"27,270.00"
2019-06-24,2019062401005798,UMHL,8,45,45,110.00,"4,950.00"
2019-06-24,2019062401005673,UPCL,22,59,300,92.00,"27,600.00"
2019-06-24,2019062401005492,UPCL,22,59,500,92.00,"46,000.00"
2019-06-24,2019062401005955,UPPER,16,50,50,268.00,"13,400.00"
2019-06-24,2019062401005954,UPPER,16,35,82,268.00,"21,976.00"
2019-06-24,2019062401005741,UPPER,11,35,823,268.00,"220,564.00"
2019-06-24,2019062401005731,UPPER,11,45,177,268.00,"47,436.00"
2019-06-24,2019062401005730,UPPER,52,45,23,268.00,"6,164.00"
2019-06-24,2019062401005584,UPPER,52,39,27,268.00,"7,236.00"
2019-06-24,2019062401005449,ADBL,50,44,373,411.00,"153,303.00"
2019-06-24,2019062401005448,ADBL,53,44,127,411.00,"52,197.00"
2019-06-24,2019062401005424,ADBL,48,45,28,412.00,"11,536.00"
2019-06-24,2019062401005320,ADBL,50,56,675,412.00,"278,100.00"
2019-06-24,2019062401005301,ADBL,53,39,73,411.00,"30,003.00"
2019-06-24,2019062401005268,ADBL,50,56,325,412.00,"133,900.00"
2019-06-24,2019062401005256,ADBL,50,50,400,412.00,"164,800.00"
2019-06-24,2019062401005252,ADBL,50,45,154,412.00,"63,448.00"
2019-06-24,2019062401005156,ADBL,45,57,50,413.00,"20,650.00"
2019-06-24,2019062401005044,ADBL,50,49,45,412.00,"18,540.00"
2019-06-24,2019062401005026,ADBL,50,49,50,412.00,"20,600.00"
2019-06-24,2019062401005025,ADBL,50,52,26,412.00,"10,712.00"
2019-06-24,2019062401005405,AKJCL,34,34,10,73.00,730.00
2019-06-24,2019062401005357,AKJCL,33,34,10,73.00,730.00
2019-06-24,2019062401005341,AKJCL,32,59,20,72.00,"1,440.00"
2019-06-24,2019062401005248,AKJCL,32,25,10,72.00,720.00
2019-06-24,2019062401005463,ALBSL,41,58,10,396.00,"3,960.00"
2019-06-24,2019062401005369,ALBSL,1,51,10,400.00,"4,000.00"
2019-06-24,2019062401005368,ALBSL,1,51,10,400.00,"4,000.00"
2019-06-24,2019062401005367,ALBSL,1,51,10,400.00,"4,000.00"
2019-06-24,2019062401005366,ALBSL,1,51,10,400.00,"4,000.00"
2019-06-24,2019062401005365,ALBSL,1,51,10,400.00,"4,000.00"
2019-06-24,2019062401005249,ALBSL,14,1,10,397.00,"3,970.00"
2019-06-24,2019062401005234,ALBSL,14,1,10,397.00,"3,970.00"
2019-06-24,2019062401005216,ALBSL,14,1,10,397.00,"3,970.00"
2019-06-24,2019062401004999,ALICL,26,28,769,382.00,"293,758.00"
2019-06-24,2019062401004998,ALICL,43,28,50,383.00,"19,150.00"
2019-06-24,2019062401005417,API,34,34,100,144.00,"14,400.00"
2019-06-24,2019062401005416,API,49,34,"1,000",144.00,"144,000.00"
2019-06-24,2019062401005415,API,36,34,200,144.00,"28,800.00"
2019-06-24,2019062401005414,API,34,34,"1,000",144.00,"144,000.00"
2019-06-24,2019062401005413,API,43,34,162,144.00,"23,328.00"
2019-06-24,2019062401005003,API,25,34,50,145.00,"7,250.00"
2019-06-24,2019062401005393,API,43,59,21,144.00,"3,024.00"
2019-06-24,2019062401005232,API,42,34,500,145.00,"72,500.00"
2019-06-24,2019062401005205,API,43,50,117,144.00,"16,848.00"
2019-06-24,2019062401005204,API,57,50,83,144.00,"11,952.00"
2019-06-24,2019062401005469,BOKL,45,13,14,263.00,"3,682.00"
2019-06-24,2019062401005278,BOKL,59,58,300,263.00,"78,900.00"
2019-06-24,2019062401005277,BOKL,56,58,10,263.00,"2,630.00"
2019-06-24,2019062401005276,BOKL,50,58,500,263.00,"131,500.00"
2019-06-24,2019062401005275,BOKL,52,58,50,263.00,"13,150.00"
2019-06-24,2019062401005274,BOKL,41,58,15,263.00,"3,945.00"
2019-06-24,2019062401005048,BOKL,41,49,35,263.00,"9,205.00"
2019-06-24,2019062401004986,BOKL,42,57,101,266.00,"26,866.00"
2019-06-24,2019062401005214,BPCL,43,43,598,404.00,"241,592.00"
2019-06-24,2019062401005115,BPCL,36,43,300,402.00,"120,600.00"
2019-06-24,2019062401005114,BPCL,47,43,150,402.00,"60,300.00"
2019-06-24,2019062401005113,BPCL,51,43,100,402.00,"40,200.00"
2019-06-24,2019062401005112,BPCL,56,43,100,402.00,"40,200.00"
2019-06-24,2019062401005111,BPCL,13,43,100,402.00,"40,200.00"
2019-06-24,2019062401005167,CBL,14,47,42,147.00,"6,174.00"
2019-06-24,2019062401005166,CBL,38,47,49,147.00,"7,203.00"
2019-06-24,2019062401005057,CBL,52,44,17,148.00,"2,516.00"
2019-06-24,2019062401005056,CBL,52,44,65,148.00,"9,620.00"
2019-06-24,2019062401005294,CCBL,45,17,90,168.00,"15,120.00"
2019-06-24,2019062401004993,CCBL,45,36,190,168.00,"31,920.00"
2019-06-24,2019062401005207,CFCL,28,46,94,120.00,"11,280.00"
2019-06-24,2019062401004991,CHCL,42,11,856,514.00,"439,984.00"
2019-06-24,2019062401004990,CHCL,28,11,709,515.00,"365,135.00"
2019-06-24,2019062401004989,CHCL,13,11,50,515.00,"25,750.00"
2019-06-24,2019062401004988,CHCL,43,11,43,515.00,"22,145.00"
2019-06-24,2019062401005076,CIT,7,45,30,"2,500.00","75,000.00"
2019-06-24,2019062401005075,CIT,7,17,80,"2,499.00","199,920.00"
2019-06-24,2019062401005435,CZBIL,56,39,100,219.00,"21,900.00"
2019-06-24,2019062401005371,CZBIL,5,53,"2,000",220.00,"440,000.00"
2019-06-24,2019062401005339,CZBIL,32,53,500,220.00,"110,000.00"
2019-06-24,2019062401005295,CZBIL,45,53,50,220.00,"11,000.00"
2019-06-24,2019062401005052,CZBIL,56,20,78,219.00,"17,082.00"
2019-06-24,2019062401005047,CZBIL,16,53,100,220.00,"22,000.00"
2019-06-24,2019062401005041,CZBIL,29,53,190,220.00,"41,800.00"
2019-06-24,2019062401005378,DBBL,32,25,"1,082",138.00,"149,316.00"
2019-06-24,2019062401005193,EBL,16,33,200,664.00,"132,800.00"
2019-06-24,2019062401005192,EBL,16,7,200,664.00,"132,800.00"
2019-06-24,2019062401005191,EBL,16,21,200,664.00,"132,800.00"
2019-06-24,2019062401005061,EBL,28,49,53,663.00,"35,139.00"
2019-06-24,2019062401005046,EBL,28,39,40,663.00,"26,520.00"
2019-06-24,2019062401005038,EBL,28,39,70,663.00,"46,410.00"
2019-06-24,2019062401005319,FMDBL,58,39,20,381.00,"7,620.00"
2019-06-24,2019062401005271,FMDBL,17,6,380,380.00,"144,400.00"
2019-06-24,2019062401005254,FMDBL,58,6,20,380.00,"7,600.00"
2019-06-24,2019062401005239,FMDBL,58,6,609,375.00,"228,375.00"
2019-06-24,2019062401005228,FMDBL,6,6,"1,000",375.00,"375,000.00"
2019-06-24,2019062401005227,FMDBL,42,6,15,375.00,"5,625.00"
2019-06-24,2019062401005000,FMDBL,36,42,100,376.00,"37,600.00"
2019-06-24,2019062401005226,FMDBL,59,6,300,375.00,"112,500.00"
2019-06-24,2019062401005225,FMDBL,13,6,20,375.00,"7,500.00"
2019-06-24,2019062401005224,FMDBL,45,6,10,376.00,"3,760.00"
2019-06-24,2019062401005223,FMDBL,35,6,30,376.00,"11,280.00"
2019-06-24,2019062401005222,FMDBL,35,6,70,376.00,"26,320.00"
2019-06-24,2019062401005221,FMDBL,36,6,48,376.00,"18,048.00"
2019-06-24,2019062401005352,FOWAD,45,55,12,"1,340.00","16,080.00"
2019-06-24,2019062401005126,FOWAD,50,11,49,"1,332.00","65,268.00"
2019-06-24,2019062401005245,GBBL,54,7,95,224.00,"21,280.00"
2019-06-24,2019062401005170,GBIME,45,43,100,306.00,"30,600.00"
2019-06-24,2019062401005070,GBIME,35,49,59,305.00,"17,995.00"
2019-06-24,2019062401005032,GBIME,35,21,99,305.00,"30,195.00"
2019-06-24,2019062401005031,GBIME,58,21,584,305.00,"178,120.00"
2019-06-24,2019062401005005,GBIME,58,1,200,305.00,"61,000.00"
2019-06-24,2019062401005442,GDBL,35,38,"1,549",210.00,"325,290.00"
2019-06-24,2019062401005441,GDBL,52,38,100,211.00,"21,100.00"
2019-06-24,2019062401005074,GDBL,35,49,95,210.00,"19,950.00"
2019-06-24,2019062401005072,GFCL,53,59,100,131.00,"13,100.00"
2019-06-24,2019062401005475,GHL,34,43,30,83.00,"2,490.00"
2019-06-24,2019062401005474,GHL,34,41,30,83.00,"2,490.00"
2019-06-24,2019062401005466,GHL,34,42,420,82.00,"34,440.00"
2019-06-24,2019062401005476,GLBSL,38,44,10,468.00,"4,680.00"
2019-06-24,2019062401005462,GLBSL,38,44,10,468.00,"4,680.00"
2019-06-24,2019062401005423,GLBSL,38,47,10,468.00,"4,680.00"
2019-06-24,2019062401005407,GLBSL,38,59,10,468.00,"4,680.00"
2019-06-24,2019062401005397,GLBSL,38,5,10,468.00,"4,680.00"
2019-06-24,2019062401005388,GLBSL,38,16,10,468.00,"4,680.00"
2019-06-24,2019062401005037,GLBSL,10,48,10,469.00,"4,690.00"
2019-06-24,2019062401005030,GLBSL,10,48,10,469.00,"4,690.00"
2019-06-24,2019062401005024,GLBSL,10,48,10,469.00,"4,690.00"
2019-06-24,2019062401005004,GLBSL,10,20,10,469.00,"4,690.00"
2019-06-24,2019062401004997,GLBSL,10,48,10,469.00,"4,690.00"
2019-06-24,2019062401004992,GLBSL,10,48,10,469.00,"4,690.00"
2019-06-24,2019062401005073,GLBSL,10,25,10,469.00,"4,690.00"
2019-06-24,2019062401005071,GLBSL,10,32,10,469.00,"4,690.00"
2019-06-24,2019062401005059,GLBSL,10,44,10,469.00,"4,690.00"
2019-06-24,2019062401005045,GLBSL,10,48,10,469.00,"4,690.00"
2019-06-24,2019062401005042,GLBSL,10,48,10,469.00,"4,690.00"
2019-06-24,2019062401005039,GLBSL,10,33,10,469.00,"4,690.00"
2019-06-24,2019062401005110,GLBSL,10,32,10,469.00,"4,690.00"
2019-06-24,2019062401005104,GLBSL,10,58,10,469.00,"4,690.00"
2019-06-24,2019062401005103,GLBSL,10,42,10,469.00,"4,690.00"
2019-06-24,2019062401005102,GLBSL,10,44,10,469.00,"4,690.00"
2019-06-24,2019062401005092,GLBSL,10,44,10,469.00,"4,690.00"
2019-06-24,2019062401005080,GLBSL,10,44,10,469.00,"4,690.00"
2019-06-24,2019062401005134,GLBSL,13,48,10,469.00,"4,690.00"
2019-06-24,2019062401005132,GLBSL,13,32,10,469.00,"4,690.00"
2019-06-24,2019062401005125,GLBSL,10,48,10,469.00,"4,690.00"
2019-06-24,2019062401005124,GLBSL,10,42,10,469.00,"4,690.00"
2019-06-24,2019062401005123,GLBSL,10,44,10,469.00,"4,690.00"
2019-06-24,2019062401005120,GLBSL,10,58,10,469.00,"4,690.00"
2019-06-24,2019062401005169,GLBSL,13,21,10,469.00,"4,690.00"
2019-06-24,2019062401005165,GLBSL,13,48,10,469.00,"4,690.00"
2019-06-24,2019062401005153,GLBSL,13,48,10,469.00,"4,690.00"
2019-06-24,2019062401005148,GLBSL,13,58,10,469.00,"4,690.00"
2019-06-24,2019062401005143,GLBSL,13,48,10,469.00,"4,690.00"
2019-06-24,2019062401005135,GLBSL,13,58,10,469.00,"4,690.00"
2019-06-24,2019062401005247,GLBSL,13,6,10,469.00,"4,690.00"
2019-06-24,2019062401005233,GLBSL,13,48,10,469.00,"4,690.00"
2019-06-24,2019062401005203,GLBSL,13,39,10,469.00,"4,690.00"
2019-06-24,2019062401005199,GLBSL,13,21,10,469.00,"4,690.00"
2019-06-24,2019062401005189,GLBSL,13,48,10,469.00,"4,690.00"
2019-06-24,2019062401005178,GLBSL,13,48,10,469.00,"4,690.00"
2019-06-24,2019062401005308,GLBSL,13,47,10,469.00,"4,690.00"
2019-06-24,2019062401005306,GLBSL,13,13,10,469.00,"4,690.00"
2019-06-24,2019062401005293,GLBSL,13,48,10,469.00,"4,690.00"
2019-06-24,2019062401005273,GLBSL,13,21,10,469.00,"4,690.00"
2019-06-24,2019062401005270,GLBSL,13,48,10,469.00,"4,690.00"
2019-06-24,2019062401005263,GLBSL,13,58,10,469.00,"4,690.00"
2019-06-24,2019062401005345,GLBSL,13,45,10,469.00,"4,690.00"
2019-06-24,2019062401005342,GLBSL,13,41,10,469.00,"4,690.00"
2019-06-24,2019062401005332,GLBSL,13,21,10,469.00,"4,690.00"
2019-06-24,2019062401005326,GLBSL,13,13,10,469.00,"4,690.00"
2019-06-24,2019062401005324,GLBSL,13,47,10,469.00,"4,690.00"
2019-06-24,2019062401005311,GLBSL,13,21,10,469.00,"4,690.00"
2019-06-24,2019062401005387,GLBSL,38,1,10,468.00,"4,680.00"
2019-06-24,2019062401005386,GLBSL,38,37,10,468.00,"4,680.00"
2019-06-24,2019062401005374,GLBSL,13,37,10,469.00,"4,690.00"
2019-06-24,2019062401005373,GLBSL,13,55,10,469.00,"4,690.00"
2019-06-24,2019062401005348,GLBSL,13,21,10,469.00,"4,690.00"
2019-06-24,2019062401005346,GLBSL,13,25,10,469.00,"4,690.00"
2019-06-24,2019062401005471,GLICL,55,29,315,495.00,"155,925.00"
2019-06-24,2019062401005431,GLICL,51,29,50,495.00,"24,750.00"
2019-06-24,2019062401005389,GLICL,34,29,15,495.00,"7,425.00"
2019-06-24,2019062401005309,GLICL,17,35,280,493.00,"138,040.00"
2019-06-24,2019062401005300,GLICL,21,29,20,495.00,"9,900.00"
2019-06-24,2019062401005299,GUFL,59,20,500,119.00,"59,500.00"
2019-06-24,2019062401005190,HBL,50,39,50,555.00,"27,750.00"
2019-06-24,2019062401005187,HBL,49,16,40,556.00,"22,240.00"
2019-06-24,2019062401005122,HBL,4,16,100,556.00,"55,600.00"
2019-06-24,2019062401005053,HDL,54,54,500,"1,690.00","845,000.00"
2019-06-24,2019062401005151,HGI,35,38,30,357.00,"10,710.00"
2019-06-24,2019062401005150,HGI,53,38,50,357.00,"17,850.00"
2019-06-24,2019062401005149,HGI,21,38,100,357.00,"35,700.00"
2019-06-24,2019062401005269,HIDCL,35,47,13,159.00,"2,067.00"
2019-06-24,2019062401005152,HIDCL,51,40,40,158.00,"6,320.00"
2019-06-24,2019062401005136,HIDCL,51,40,40,158.00,"6,320.00"
2019-06-24,2019062401005067,HIDCL,36,17,287,160.00,"45,920.00"
2019-06-24,2019062401005066,HIDCL,36,44,113,160.00,"18,080.00"
2019-06-24,2019062401005036,HIDCL,29,44,204,160.00,"32,640.00"
2019-06-24,2019062401005002,IGI,28,42,100,379.00,"37,900.00"
2019-06-24,2019062401005454,JBBL,59,1,150,156.00,"23,400.00"
2019-06-24,2019062401005362,JBNL,7,44,"1,900",207.00,"393,300.00"
2019-06-24,2019062401005361,JBNL,36,44,100,207.00,"20,700.00"
2019-06-24,2019062401005303,JBNL,32,44,"2,000",207.00,"414,000.00"
2019-06-24,2019062401005272,JBNL,45,44,50,208.00,"10,400.00"
2019-06-24,2019062401005077,JBNL,22,44,100,208.00,"20,800.00"
2019-06-24,2019062401005012,JBNL,18,44,"1,752",207.00,"362,664.00"
2019-06-24,2019062401005343,JBNLPO,37,34,"16,902",100.00,"1,690,200.00"
2019-06-24,2019062401005325,KBBL,29,33,100,234.00,"23,400.00"
2019-06-24,2019062401005084,KBBL,40,49,80,233.00,"18,640.00"
2019-06-24,2019062401005468,KBL,19,4,500,210.00,"105,000.00"
2019-06-24,2019062401005399,KBL,49,53,30,211.00,"6,330.00"
2019-06-24,2019062401005336,KBL,51,53,100,211.00,"21,100.00"
2019-06-24,2019062401005197,KBL,19,4,130,210.00,"27,300.00"
2019-06-24,2019062401005196,KBL,35,4,100,210.00,"21,000.00"
2019-06-24,2019062401005195,KBL,25,4,370,210.00,"77,700.00"
2019-06-24,2019062401005054,KBL,22,53,100,211.00,"21,100.00"
2019-06-24,2019062401005027,KBL,25,45,500,210.00,"105,000.00"
2019-06-24,2019062401005432,KKHC,39,20,16,72.00,"1,152.00"
2019-06-24,2019062401005370,KKHC,39,22,50,72.00,"3,600.00"
2019-06-24,2019062401005140,KKHC,42,20,16,71.00,"1,136.00"
2019-06-24,2019062401005029,KPCL,52,34,10,92.00,920.00
2019-06-24,2019062401005349,KPCL,14,59,10,91.00,910.00
2019-06-24,2019062401005255,KRBL,49,41,100,116.00,"11,600.00"
2019-06-24,2019062401005456,KSBBL,48,14,50,153.00,"7,650.00"
2019-06-24,2019062401005406,KSBBL,33,21,500,152.00,"76,000.00"
2019-06-24,2019062401005455,LBBL,33,42,133,197.00,"26,201.00"
2019-06-24,2019062401005251,LBBL,33,4,"2,867",197.00,"564,799.00"
2019-06-24,2019062401005028,LBBL,33,4,133,197.00,"26,201.00"
2019-06-24,2019062401005380,LBL,33,13,56,219.00,"12,264.00"
2019-06-24,2019062401005379,LBL,5,13,100,219.00,"21,900.00"
2019-06-24,2019062401005238,LBL,45,16,47,219.00,"10,293.00"
2019-06-24,2019062401005477,LGIL,8,4,10,438.00,"4,380.00"
2019-06-24,2019062401005159,LGIL,35,37,109,433.00,"47,197.00"
2019-06-24,2019062401005158,LGIL,58,37,50,433.00,"21,650.00"
2019-06-24,2019062401005398,LICN,35,32,20,"1,580.00","31,600.00"
2019-06-24,2019062401005375,LICN,50,32,28,"1,580.00","44,240.00"
2019-06-24,2019062401005213,LLBS,45,48,20,651.00,"13,020.00"
2019-06-24,2019062401005211,LLBS,49,34,99,663.00,"65,637.00"
2019-06-24,2019062401005210,LLBS,49,37,85,663.00,"56,355.00"
2019-06-24,2019062401005209,LLBS,49,48,41,658.00,"26,978.00"
2019-06-24,2019062401005208,LLBS,49,43,24,655.00,"15,720.00"
2019-06-24,2019062401005377,MBL,48,47,132,268.00,"35,376.00"
2019-06-24,2019062401005376,MBL,48,6,100,267.00,"26,700.00"
2019-06-24,2019062401005244,MBL,18,37,750,265.00,"198,750.00"
2019-06-24,2019062401005109,MBL,26,37,500,265.00,"132,500.00"
2019-06-24,2019062401005390,MEGA,49,8,50,201.00,"10,050.00"
2019-06-24,2019062401005267,MEGA,55,8,650,201.00,"130,650.00"
2019-06-24,2019062401005202,MEGA,45,8,100,201.00,"20,100.00"
2019-06-24,2019062401005318,MERO,22,55,47,530.00,"24,910.00"
2019-06-24,2019062401005317,MERO,22,17,19,529.00,"10,051.00"
2019-06-24,2019062401005157,MERO,16,1,33,526.00,"17,358.00"
2019-06-24,2019062401005154,MERO,16,26,39,526.00,"20,514.00"
2019-06-24,2019062401005133,MERO,16,1,135,526.00,"71,010.00"
2019-06-24,2019062401005117,MERO,16,1,135,526.00,"71,010.00"
2019-06-24,2019062401005083,MERO,41,28,32,527.00,"16,864.00"
2019-06-24,2019062401005043,MERO,16,45,50,526.00,"26,300.00"
2019-06-24,2019062401005453,MLBBL,34,32,100,401.00,"40,100.00"
2019-06-24,2019062401005296,MNBBL,37,44,47,372.00,"17,484.00"
2019-06-24,2019062401005419,MPFL,21,5,100,207.00,"20,700.00"
2019-06-24,2019062401005359,MPFL,40,5,20,207.00,"4,140.00"
2019-06-24,2019062401005212,MSMBS,46,16,100,415.00,"41,500.00"
2019-06-24,2019062401005446,NABIL,5,39,192,808.00,"155,136.00"
2019-06-24,2019062401005445,NABIL,5,21,56,807.00,"45,192.00"
2019-06-24,2019062401005444,NABIL,5,46,10,806.00,"8,060.00"
2019-06-24,2019062401005443,NABIL,5,45,242,806.00,"195,052.00"
2019-06-24,2019062401005107,NABIL,6,45,58,806.00,"46,748.00"
2019-06-24,2019062401005106,NABIL,6,39,70,806.00,"56,420.00"
2019-06-24,2019062401005091,NABIL,6,6,100,805.00,"80,500.00"
2019-06-24,2019062401005089,NABIL,34,49,44,804.00,"35,376.00"
2019-06-24,2019062401005062,NABIL,22,39,10,806.00,"8,060.00"
2019-06-24,2019062401005353,NABILP,59,6,10,787.00,"7,870.00"
2019-06-24,2019062401005174,NABILP,17,6,75,787.00,"59,025.00"
2019-06-24,2019062401005385,NADEP,16,53,70,424.00,"29,680.00"
2019-06-24,2019062401005006,NADEP,16,43,20,432.00,"8,640.00"
2019-06-24,2019062401005001,NADEP,16,45,18,429.00,"7,722.00"
2019-06-24,2019062401004996,NADEP,16,37,20,424.00,"8,480.00"
2019-06-24,2019062401005465,NBB,48,47,136,222.00,"30,192.00"
2019-06-24,2019062401005464,NBB,48,39,29,222.00,"6,438.00"
2019-06-24,2019062401005356,NBB,56,39,31,222.00,"6,882.00"
2019-06-24,2019062401005355,NBB,56,39,269,222.00,"59,718.00"
2019-06-24,2019062401005338,NBB,26,39,100,222.00,"22,200.00"
2019-06-24,2019062401005312,NBB,28,39,100,222.00,"22,200.00"
2019-06-24,2019062401005298,NBB,50,39,500,222.00,"111,000.00"
2019-06-24,2019062401005108,NBB,14,58,100,221.00,"22,100.00"
2019-06-24,2019062401005460,NBL,49,25,500,323.00,"161,500.00"
2019-06-24,2019062401005285,NBL,44,25,976,324.00,"316,224.00"
2019-06-24,2019062401005284,NBL,44,6,300,324.00,"97,200.00"
2019-06-24,2019062401005283,NBL,44,59,500,324.00,"162,000.00"
2019-06-24,2019062401005282,NBL,44,44,200,324.00,"64,800.00"
2019-06-24,2019062401005281,NBL,44,44,300,324.00,"97,200.00"
2019-06-24,2019062401004995,NBL,49,6,100,323.00,"32,300.00"
2019-06-24,2019062401005100,NBL,49,49,50,323.00,"16,150.00"
2019-06-24,2019062401005060,NBL,49,6,"3,116",323.00,"1,006,468.00"
2019-06-24,2019062401005050,NBL,37,6,"1,500",323.00,"484,500.00"
2019-06-24,2019062401005049,NBL,49,6,384,323.00,"124,032.00"
2019-06-24,2019062401005016,NBL,49,34,500,323.00,"161,500.00"
2019-06-24,2019062401005015,NBL,49,6,"4,116",323.00,"1,329,468.00"
2019-06-24,2019062401005280,NBL,44,32,124,324.00,"40,176.00"
2019-06-24,2019062401005279,NBL,44,58,600,324.00,"194,400.00"
2019-06-24,2019062401005253,NBL,49,5,520,323.00,"167,960.00"
2019-06-24,2019062401005220,NBL,49,32,50,323.00,"16,150.00"
2019-06-24,2019062401005142,NBL,45,58,100,324.00,"32,400.00"
2019-06-24,2019062401005121,NBL,49,41,100,323.00,"32,300.00"
2019-06-24,2019062401005461,NCCB,52,32,100,256.00,"25,600.00"
2019-06-24,2019062401005381,NCCB,16,59,20,255.00,"5,100.00"
2019-06-24,2019062401005316,NCCB,16,34,943,255.00,"240,465.00"
2019-06-24,2019062401005287,NCCB,16,5,200,255.00,"51,000.00"
2019-06-24,2019062401005240,NCCB,45,32,50,256.00,"12,800.00"
2019-06-24,2019062401005200,NCCB,10,32,"1,000",256.00,"256,000.00"
2019-06-24,2019062401005168,NCCB,32,14,300,256.00,"76,800.00"
2019-06-24,2019062401005119,NCCB,22,14,100,256.00,"25,600.00"
2019-06-24,2019062401005105,NCCB,16,49,80,255.00,"20,400.00"
2019-06-24,2019062401005051,NCCB,22,14,100,256.00,"25,600.00"
2019-06-24,2019062401005262,NGPL,56,17,10,117.00,"1,170.00"
2019-06-24,2019062401005261,NGPL,37,17,42,117.00,"4,914.00"
2019-06-24,2019062401005040,NGPL,37,4,11,117.00,"1,287.00"
2019-06-24,2019062401004985,NGPL,37,11,11,117.00,"1,287.00"
2019-06-24,2019062401005391,NIB,40,40,2,525.00,"1,050.00"
2019-06-24,2019062401005179,NIB,49,34,10,527.00,"5,270.00"
2019-06-24,2019062401005171,NIB,38,45,100,527.00,"52,700.00"
2019-06-24,2019062401005034,NIB,40,40,2,525.00,"1,050.00"
2019-06-24,2019062401005438,NIBPO,11,4,934,481.00,"449,254.00"
2019-06-24,2019062401005437,NIBPO,51,4,50,481.00,"24,050.00"
2019-06-24,2019062401005436,NIBPO,51,4,16,481.00,"7,696.00"
2019-06-24,2019062401005173,NIBPO,51,4,34,481.00,"16,354.00"
2019-06-24,2019062401005144,NIBPO,7,4,10,482.00,"4,820.00"
2019-06-24,2019062401005447,NICA,59,42,10,469.00,"4,690.00"
2019-06-24,2019062401005433,NICA,6,32,"1,000",467.00,"467,000.00"
2019-06-24,2019062401005321,NICA,59,42,10,469.00,"4,690.00"
2019-06-24,2019062401005315,NICA,21,22,50,468.00,"23,400.00"
2019-06-24,2019062401005314,NICA,57,22,160,468.00,"74,880.00"
2019-06-24,2019062401005307,NICA,5,42,50,469.00,"23,450.00"
2019-06-24,2019062401005292,NICA,57,59,240,468.00,"112,320.00"
2019-06-24,2019062401005291,NICA,43,59,20,468.00,"9,360.00"
2019-06-24,2019062401005290,NICA,50,59,200,468.00,"93,600.00"
2019-06-24,2019062401005289,NICA,49,59,40,468.00,"18,720.00"
2019-06-24,2019062401005081,NICA,59,42,10,469.00,"4,690.00"
2019-06-24,2019062401005068,NICA,49,7,10,468.00,"4,680.00"
2019-06-24,2019062401005335,NICL,25,4,19,362.00,"6,878.00"
2019-06-24,2019062401005055,NICL,34,4,10,362.00,"3,620.00"
2019-06-24,2019062401005235,NIL,25,37,100,472.00,"47,200.00"
2019-06-24,2019062401005257,NLBBL,51,43,23,495.00,"11,385.00"
2019-06-24,2019062401005201,NLBBL,51,37,10,495.00,"4,950.00"
2019-06-24,2019062401005164,NLBBL,51,26,200,495.00,"99,000.00"
2019-06-24,2019062401005163,NLBBL,51,6,200,494.00,"98,800.00"
2019-06-24,2019062401005162,NLBBL,51,21,400,493.00,"197,200.00"
2019-06-24,2019062401005161,NLBBL,51,45,50,493.00,"24,650.00"
2019-06-24,2019062401005160,NLBBL,51,45,17,492.00,"8,364.00"
2019-06-24,2019062401005266,NLG,25,17,13,750.00,"9,750.00"
2019-06-24,2019062401005265,NLIC,34,16,10,895.00,"8,950.00"
2019-06-24,2019062401005264,NLIC,22,16,13,895.00,"11,635.00"
2019-06-24,2019062401005101,NLICL,1,48,13,615.00,"7,995.00"
2019-06-24,2019062401005434,NMFBS,40,40,3,"1,407.00","4,221.00"
2019-06-24,2019062401005383,NMFBS,28,47,15,"1,435.00","21,525.00"
2019-06-24,2019062401005382,NMFBS,28,25,25,"1,435.00","35,875.00"
2019-06-24,2019062401005451,NTC,42,32,10,698.00,"6,980.00"
2019-06-24,2019062401005450,NTC,42,22,30,695.00,"20,850.00"
2019-06-24,2019062401005064,NTC,25,37,190,691.00,"131,290.00"
2019-06-24,2019062401005063,NTC,46,37,10,691.00,"6,910.00"
2019-06-24,2019062401005302,NTC,34,34,"1,500",692.00,"1,038,000.00"
2019-06-24,2019062401005139,NTC,39,43,485,693.00,"336,105.00"
2019-06-24,2019062401005188,NUBL,38,36,10,835.00,"8,350.00"
2019-06-24,2019062401005327,OHL,16,34,200,629.00,"125,800.00"
2019-06-24,2019062401005310,PCBL,34,48,20,287.00,"5,740.00"
2019-06-24,2019062401005194,PCBL,53,26,154,286.00,"44,044.00"
2019-06-24,2019062401005186,PCBL,58,26,22,286.00,"6,292.00"
2019-06-24,2019062401005185,PCBL,45,26,50,286.00,"14,300.00"
2019-06-24,2019062401005116,PCBL,41,26,200,286.00,"57,200.00"
2019-06-24,2019062401005082,PCBL,35,26,20,286.00,"5,720.00"
2019-06-24,2019062401005243,PIC,49,38,50,997.00,"49,850.00"
2019-06-24,2019062401005242,PIC,29,38,50,997.00,"49,850.00"
2019-06-24,2019062401005215,PIC,5,38,109,998.00,"108,782.00"
2019-06-24,2019062401005017,PIC,5,52,11,998.00,"10,978.00"
2019-06-24,2019062401005429,PICL,58,5,100,564.00,"56,400.00"
2019-06-24,2019062401005428,PICL,56,5,50,564.00,"28,200.00"
2019-06-24,2019062401005427,PICL,55,5,100,565.00,"56,500.00"
2019-06-24,2019062401005426,PICL,29,5,150,565.00,"84,750.00"
2019-06-24,2019062401005392,PLIC,36,36,100,434.00,"43,400.00"
2019-06-24,2019062401005350,PLIC,10,17,62,433.00,"26,846.00"
2019-06-24,2019062401005297,PLIC,44,7,"1,279",432.00,"552,528.00"
2019-06-24,2019062401005172,PPCL,19,47,30,137.00,"4,110.00"
2019-06-24,2019062401005217,PRIN,42,5,50,380.00,"19,000.00"
2019-06-24,2019062401005344,PRVU,34,17,40,268.00,"10,720.00"
2019-06-24,2019062401005118,PRVU,29,49,60,267.00,"16,020.00"
2019-06-24,2019062401005088,PRVU,52,45,"1,000",268.00,"268,000.00"
2019-06-24,2019062401005007,PRVU,26,34,91,269.00,"24,479.00"
2019-06-24,2019062401005087,PRVU,32,45,"1,000",268.00,"268,000.00"
2019-06-24,2019062401005086,PRVU,19,45,"1,000",268.00,"268,000.00"
2019-06-24,2019062401005085,PRVU,58,45,769,268.00,"206,092.00"
2019-06-24,2019062401005035,PRVU,58,20,231,268.00,"61,908.00"
2019-06-24,2019062401005008,PRVU,26,42,909,269.00,"244,521.00"
2019-06-24,2019062401005478,RBCL,17,35,20,"9,355.00","187,100.00"
2019-06-24,2019062401005131,RBCL,21,35,10,"9,355.00","93,550.00"
2019-06-24,2019062401005130,RBCL,6,35,10,"9,360.00","93,600.00"
2019-06-24,2019062401005129,RBCL,13,35,40,"9,366.00","374,640.00"
2019-06-24,2019062401005128,RBCL,13,35,15,"9,367.00","140,505.00"
2019-06-24,2019062401005127,RBCL,37,35,10,"9,370.00","93,700.00"
2019-06-24,2019062401005033,RSDC,19,51,10,350.00,"3,500.00"
2019-06-24,2019062401005014,RSDC,19,42,90,348.00,"31,320.00"
2019-06-24,2019062401005013,RSDC,58,42,10,348.00,"3,480.00"
2019-06-24,2019062401005457,SADBL,56,58,217,149.00,"32,333.00"
2019-06-24,2019062401005354,SANIMA,51,37,48,348.00,"16,704.00"
2019-06-24,2019062401005138,SANIMA,39,49,55,348.00,"19,140.00"
2019-06-24,2019062401005137,SANIMA,1,49,20,349.00,"6,980.00"
2019-06-24,2019062401005098,SANIMA,57,37,800,350.00,"280,000.00"
2019-06-24,2019062401005097,SANIMA,57,57,100,350.00,"35,000.00"
2019-06-24,2019062401005096,SANIMA,57,33,100,350.00,"35,000.00"
2019-06-24,2019062401005095,SANIMA,57,32,260,350.00,"91,000.00"
2019-06-24,2019062401005094,SANIMA,57,17,440,350.00,"154,000.00"
2019-06-24,2019062401005093,SANIMA,57,21,300,350.00,"105,000.00"
2019-06-24,2019062401005480,SBI,45,28,500,465.00,"232,500.00"
2019-06-24,2019062401005479,SBI,45,16,93,464.00,"43,152.00"
2019-06-24,2019062401005395,SBI,19,16,50,464.00,"23,200.00"
2019-06-24,2019062401005184,SBI,25,16,10,464.00,"4,640.00"
2019-06-24,2019062401004987,SBI,45,37,14,463.00,"6,482.00"
2019-06-24,2019062401005313,SBL,4,4,7,320.00,"2,240.00"
2019-06-24,2019062401005237,SBL,26,48,62,319.00,"19,778.00"
2019-06-24,2019062401005236,SBL,26,39,"1,850",319.00,"590,150.00"
2019-06-24,2019062401005229,SBL,45,39,50,319.00,"15,950.00"
2019-06-24,2019062401005069,SBL,16,39,100,319.00,"31,900.00"
2019-06-24,2019062401004984,SBL,49,39,"1,000",318.00,"318,000.00"
2019-06-24,2019062401004983,SBL,59,39,108,318.00,"34,344.00"
2019-06-24,2019062401004982,SBL,57,39,200,318.00,"63,600.00"
2019-06-24,2019062401004981,SBL,58,39,400,318.00,"127,200.00"
2019-06-24,2019062401005430,SCB,42,26,20,660.00,"13,200.00"
2019-06-24,2019062401005145,SCB,42,49,100,660.00,"66,000.00"
2019-06-24,2019062401005452,SDESI,26,54,11,569.00,"6,259.00"
2019-06-24,2019062401005404,SDESI,45,54,1,569.00,569.00
2019-06-24,2019062401005403,SDESI,45,58,20,561.00,"11,220.00"
2019-06-24,2019062401005402,SDESI,45,5,23,559.00,"12,857.00"
2019-06-24,2019062401005401,SDESI,45,17,11,558.00,"6,138.00"
2019-06-24,2019062401005334,SHINE,56,5,10,252.00,"2,520.00"
2019-06-24,2019062401005470,SHIVM,51,44,400,660.00,"264,000.00"
2019-06-24,2019062401005459,SHIVM,51,16,50,660.00,"33,000.00"
2019-06-24,2019062401005422,SHIVM,51,41,50,660.00,"33,000.00"
2019-06-24,2019062401005421,SHIVM,1,41,50,660.00,"33,000.00"
2019-06-24,2019062401005420,SHIVM,48,41,630,660.00,"415,800.00"
2019-06-24,2019062401005412,SHIVM,48,10,370,660.00,"244,200.00"
2019-06-24,2019062401005011,SHIVM,45,21,"1,455",663.00,"964,665.00"
2019-06-24,2019062401005010,SHIVM,36,21,100,664.00,"66,400.00"
2019-06-24,2019062401005009,SHIVM,7,21,350,664.00,"232,400.00"
2019-06-24,2019062401004994,SHIVM,36,52,200,664.00,"132,800.00"
2019-06-24,2019062401005147,SHIVM,28,21,350,662.00,"231,700.00"
2019-06-24,2019062401005146,SHIVM,28,21,100,662.00,"66,200.00"
2019-06-24,2019062401005079,SHIVM,14,44,300,663.00,"198,900.00"
2019-06-24,2019062401005078,SHIVM,45,44,95,663.00,"62,985.00"
2019-06-24,2019062401005065,SHIVM,45,47,100,663.00,"66,300.00"
2019-06-24,2019062401005058,SHIVM,45,58,100,663.00,"66,300.00"
2019-06-24,2019062401005231,SHIVM,52,40,100,662.00,"66,200.00"
2019-06-24,2019062401005230,SHIVM,39,40,300,662.00,"198,600.00"
2019-06-24,2019062401005206,SHIVM,39,52,350,662.00,"231,700.00"
2019-06-24,2019062401005198,SHIVM,39,21,500,662.00,"331,000.00"
2019-06-24,2019062401005177,SHIVM,39,21,850,662.00,"562,700.00"
2019-06-24,2019062401005176,SHIVM,28,21,150,662.00,"99,300.00"
2019-06-24,2019062401005337,SHIVM,17,40,50,662.00,"33,100.00"
2019-06-24,2019062401005333,SHIVM,45,21,500,661.00,"330,500.00"
2019-06-24,2019062401005323,SHIVM,45,10,80,661.00,"52,880.00"
2019-06-24,2019062401005322,SHIVM,38,10,920,661.00,"608,120.00"
2019-06-24,2019062401005288,SHIVM,38,46,50,661.00,"33,050.00"
2019-06-24,2019062401005246,SHIVM,38,52,30,661.00,"19,830.00"
2019-06-24,2019062401005411,SHIVM,45,10,100,660.00,"66,000.00"
2019-06-24,2019062401005410,SHIVM,39,10,30,660.00,"19,800.00"
2019-06-24,2019062401005409,SHIVM,38,10,500,660.00,"330,000.00"
2019-06-24,2019062401005400,SHIVM,45,41,770,661.00,"508,970.00"
2019-06-24,2019062401005363,SHIVM,45,34,150,661.00,"99,150.00"
2019-06-24,2019062401005340,SHIVM,45,58,500,661.00,"330,500.00"
2019-06-24,2019062401005141,SIC,25,45,12,650.00,"7,800.00"
2019-06-24,2019062401005351,SIL,11,17,120,443.00,"53,160.00"
2019-06-24,2019062401005090,SIL,25,17,15,443.00,"6,645.00"
2019-06-24,2019062401005372,SKBBL,58,34,15,949.00,"14,235.00"
2019-06-24,2019062401005175,SKBBL,58,37,25,940.00,"23,500.00"
2019-06-24,2019062401005396,SLBS,42,40,18,715.00,"12,870.00"
2019-06-24,2019062401005394,SLBSL,57,25,10,510.00,"5,100.00"
2019-06-24,2019062401005384,SLBSL,57,25,10,510.00,"5,100.00"
2019-06-24,2019062401005347,SLBSL,57,1,10,510.00,"5,100.00"
2019-06-24,2019062401005467,SLICL,22,14,90,459.00,"41,310.00"
2019-06-24,2019062401005408,SLICL,51,39,50,460.00,"23,000.00"
2019-06-24,2019062401005286,SLICL,6,48,10,461.00,"4,610.00"
2019-06-24,2019062401005418,SPARS,35,21,10,471.00,"4,710.00"
2019-06-24,2019062401005180,SPARS,39,1,10,470.00,"4,700.00"
2019-06-24,2019062401005099,SPDL,45,20,29,92.00,"2,668.00"
2019-06-24,2019062401005358,SRBL,49,28,100,252.00,"25,200.00"
2019-06-24,2019062401005305,SRBL,1,45,31,251.00,"7,781.00"
2019-06-24,2019062401005304,SRBL,44,45,19,251.00,"4,769.00"
2019-06-24,2019062401005155,SRBL,44,49,59,251.00,"14,809.00"
2019-06-24,2019062401005241,SWBBL,28,20,42,894.00,"37,548.00"
2019-06-24,2019062401005183,SWBBL,28,20,100,894.00,"89,400.00"
2019-06-24,2019062401005182,SWBBL,28,38,200,893.00,"178,600.00"
2019-06-24,2019062401005181,SWBBL,28,6,200,892.00,"178,400.00"
2019-06-24,2019062401005260,TRH,34,53,510,311.00,"158,610.00"
2019-06-24,2019062401005259,TRH,14,53,500,311.00,"155,500.00"
2019-06-24,2019062401005258,TRH,14,53,490,311.00,"152,390.00"
2019-06-24,2019062401005023,TRH,14,47,10,311.00,"3,110.00"
2019-06-24,2019062401005022,TRH,26,47,150,311.00,"46,650.00"
2019-06-24,2019062401005021,TRH,43,47,500,311.00,"155,500.00"
2019-06-24,2019062401005020,TRH,19,47,100,311.00,"31,100.00"
2019-06-24,2019062401005019,TRH,38,47,150,311.00,"46,650.00"
2019-06-24,2019062401005018,TRH,19,47,300,312.00,"93,600.00"
2019-06-24,2019062401005250,UPCL,22,59,300,92.00,"27,600.00"
2019-06-24,2019062401005473,UPPER,16,7,50,267.00,"13,350.00"
2019-06-24,2019062401005472,UPPER,16,7,50,267.00,"13,350.00"
2019-06-24,2019062401005458,UPPER,16,7,50,267.00,"13,350.00"
2019-06-24,2019062401005440,UPPER,48,39,23,268.00,"6,164.00"
2019-06-24,2019062401005439,UPPER,48,6,10,267.00,"2,670.00"
2019-06-24,2019062401005425,UPPER,44,58,200,266.00,"53,200.00"
2019-06-24,2019062401005328,UPPER,11,41,"1,375",267.00,"367,125.00"
2019-06-24,2019062401005219,UPPER,16,47,50,268.00,"13,400.00"
2019-06-24,2019062401005218,UPPER,16,34,40,268.00,"10,720.00"
2019-06-24,2019062401005364,UPPER,11,6,"1,872",267.00,"499,824.00"
2019-06-24,2019062401005360,UPPER,11,59,10,267.00,"2,670.00"
2019-06-24,2019062401005331,UPPER,11,41,118,267.00,"31,506.00"
2019-06-24,2019062401005330,UPPER,43,41,100,267.00,"26,700.00"
2019-06-24,2019062401005329,UPPER,45,41,500,267.00,"133,500.00"
2019-06-24,2019062401004826,ADBL,18,52,30,412.00,"12,360.00"
2019-06-24,2019062401004677,ADBL,18,47,470,412.00,"193,640.00"
2019-06-24,2019062401004676,ADBL,45,47,30,412.00,"12,360.00"
2019-06-24,2019062401004495,ADBL,45,29,100,412.00,"41,200.00"
2019-06-24,2019062401004757,AHPC,49,44,50,107.00,"5,350.00"
2019-06-24,2019062401004872,ALBSL,14,37,10,397.00,"3,970.00"
2019-06-24,2019062401004771,ALBSL,14,44,10,397.00,"3,970.00"
2019-06-24,2019062401004842,API,57,37,17,144.00,"2,448.00"
2019-06-24,2019062401004777,API,53,44,28,143.00,"4,004.00"
2019-06-24,2019062401004642,API,34,37,17,143.00,"2,431.00"
2019-06-24,2019062401004597,API,34,44,28,143.00,"4,004.00"
2019-06-24,2019062401004569,API,34,29,28,143.00,"4,004.00"
2019-06-24,2019062401004786,BARUN,41,44,10,92.00,920.00
2019-06-24,2019062401004606,BARUN,41,44,10,92.00,920.00
2019-06-24,2019062401004939,BOKL,42,26,399,266.00,"106,134.00"
2019-06-24,2019062401004885,BOKL,10,57,200,264.00,"52,800.00"
2019-06-24,2019062401004884,BOKL,25,57,150,264.00,"39,600.00"
2019-06-24,2019062401004749,BOKL,49,29,309,264.00,"81,576.00"
2019-06-24,2019062401004738,BOKL,22,29,10,264.00,"2,640.00"
2019-06-24,2019062401004654,BOKL,26,29,15,264.00,"3,960.00"
2019-06-24,2019062401004653,BOKL,19,29,200,264.00,"52,800.00"
2019-06-24,2019062401004652,BOKL,52,29,31,264.00,"8,184.00"
2019-06-24,2019062401004651,BOKL,38,29,80,265.00,"21,200.00"
2019-06-24,2019062401004967,CCBL,49,36,200,169.00,"33,800.00"
2019-06-24,2019062401004966,CCBL,5,36,88,169.00,"14,872.00"
2019-06-24,2019062401004837,CCBL,56,25,300,170.00,"51,000.00"
2019-06-24,2019062401004794,CCBL,1,25,200,170.00,"34,000.00"
2019-06-24,2019062401004600,CCBL,5,50,73,169.00,"12,337.00"
2019-06-24,2019062401004953,CHCL,43,45,57,515.00,"29,355.00"
2019-06-24,2019062401004952,CHCL,42,45,10,515.00,"5,150.00"
2019-06-24,2019062401004951,CHCL,36,45,33,516.00,"17,028.00"
2019-06-24,2019062401004660,CHCL,36,26,117,516.00,"60,372.00"
2019-06-24,2019062401004638,CHCL,42,44,47,515.00,"24,205.00"
2019-06-24,2019062401004819,CHL,51,44,34,94.00,"3,196.00"
2019-06-24,2019062401004645,CHL,51,44,34,94.00,"3,196.00"
2019-06-24,2019062401004598,CHL,51,29,13,94.00,"1,222.00"
2019-06-24,2019062401004513,CIT,22,50,30,"2,495.00","74,850.00"
2019-06-24,2019062401004977,CZBIL,16,53,200,220.00,"44,000.00"
2019-06-24,2019062401004857,CZBIL,43,53,700,220.00,"154,000.00"
2019-06-24,2019062401004856,CZBIL,43,53,450,220.00,"99,000.00"
2019-06-24,2019062401004855,CZBIL,52,53,155,220.00,"34,100.00"
2019-06-24,2019062401004854,CZBIL,22,53,20,220.00,"4,400.00"
2019-06-24,2019062401004557,CZBIL,49,53,"1,134",220.00,"249,480.00"
2019-06-24,2019062401004691,DBBL,45,42,32,139.00,"4,448.00"
2019-06-24,2019062401004690,DBBL,45,57,68,139.00,"9,452.00"
2019-06-24,2019062401004835,DHPL,59,44,11,68.00,748.00
2019-06-24,2019062401004656,DHPL,59,44,11,68.00,748.00
2019-06-24,2019062401004818,EBL,28,58,69,663.00,"45,747.00"
2019-06-24,2019062401004575,EBL,14,14,165,663.00,"109,395.00"
2019-06-24,2019062401004796,FMDBL,36,58,78,376.00,"29,328.00"
2019-06-24,2019062401004784,FMDBL,21,58,300,377.00,"113,100.00"
2019-06-24,2019062401004783,FMDBL,58,58,300,377.00,"113,100.00"
2019-06-24,2019062401004782,FMDBL,32,58,15,378.00,"5,670.00"
2019-06-24,2019062401004781,FMDBL,40,58,200,378.00,"75,600.00"
2019-06-24,2019062401004978,GBBL,54,1,500,223.00,"111,500.00"
2019-06-24,2019062401004734,GBBL,26,7,220,224.00,"49,280.00"
2019-06-24,2019062401004865,GBIME,58,49,20,305.00,"6,100.00"
2019-06-24,2019062401004850,GBIME,58,28,"1,477",305.00,"450,485.00"
2019-06-24,2019062401004766,GBIME,7,43,50,306.00,"15,300.00"
2019-06-24,2019062401004712,GBIME,22,43,10,306.00,"3,060.00"
2019-06-24,2019062401004707,GBIME,58,50,160,305.00,"48,800.00"
2019-06-24,2019062401004539,GBIME,58,33,300,305.00,"91,500.00"
2019-06-24,2019062401004538,GBIME,58,22,200,305.00,"61,000.00"
2019-06-24,2019062401004537,GBIME,58,41,59,305.00,"17,995.00"
2019-06-24,2019062401004500,GBIME,36,29,100,304.00,"30,400.00"
2019-06-24,2019062401004484,GBIME,36,26,476,304.00,"144,704.00"
2019-06-24,2019062401004626,GFCL,28,57,20,130.00,"2,600.00"
2019-06-24,2019062401004625,GFCL,28,6,480,130.00,"62,400.00"
2019-06-24,2019062401004644,GHL,44,28,20,81.00,"1,620.00"
2019-06-24,2019062401004558,GHL,44,28,20,81.00,"1,620.00"
2019-06-24,2019062401004526,GHL,22,42,230,82.00,"18,860.00"
2019-06-24,2019062401004979,GLBSL,10,48,10,469.00,"4,690.00"
2019-06-24,2019062401004976,GLBSL,10,48,10,469.00,"4,690.00"
2019-06-24,2019062401004959,GLBSL,10,48,10,469.00,"4,690.00"
2019-06-24,2019062401004950,GLBSL,10,48,10,469.00,"4,690.00"
2019-06-24,2019062401004943,GLBSL,10,42,10,469.00,"4,690.00"
2019-06-24,2019062401004940,GLBSL,10,48,10,469.00,"4,690.00"
2019-06-24,2019062401004553,GLBSL,38,38,10,471.00,"4,710.00"
2019-06-24,2019062401004511,GLBSL,38,38,10,471.00,"4,710.00"
2019-06-24,2019062401004493,GLBSL,19,1,10,472.00,"4,720.00"
2019-06-24,2019062401004489,GLBSL,38,38,10,471.00,"4,710.00"
2019-06-24,2019062401004620,GLBSL,38,37,10,471.00,"4,710.00"
2019-06-24,2019062401004599,GLBSL,38,19,10,471.00,"4,710.00"
2019-06-24,2019062401004572,GLBSL,38,38,10,471.00,"4,710.00"
2019-06-24,2019062401004565,GLBSL,38,38,10,471.00,"4,710.00"
2019-06-24,2019062401004694,GLBSL,51,39,10,471.00,"4,710.00"
2019-06-24,2019062401004679,GLBSL,51,39,10,471.00,"4,710.00"
2019-06-24,2019062401004669,GLBSL,51,58,10,471.00,"4,710.00"
2019-06-24,2019062401004659,GLBSL,38,51,10,471.00,"4,710.00"
2019-06-24,2019062401004655,GLBSL,38,38,10,471.00,"4,710.00"
2019-06-24,2019062401004627,GLBSL,38,36,10,471.00,"4,710.00"
2019-06-24,2019062401004702,GLBSL,51,58,10,471.00,"4,710.00"
2019-06-24,2019062401004696,GLBSL,51,39,10,471.00,"4,710.00"
2019-06-24,2019062401004731,GLBSL,25,55,10,471.00,"4,710.00"
2019-06-24,2019062401004720,GLBSL,51,39,10,471.00,"4,710.00"
2019-06-24,2019062401004717,GLBSL,51,39,10,471.00,"4,710.00"
2019-06-24,2019062401004711,GLBSL,51,44,10,471.00,"4,710.00"
2019-06-24,2019062401004705,GLBSL,51,39,10,471.00,"4,710.00"
2019-06-24,2019062401004704,GLBSL,51,39,10,471.00,"4,710.00"
2019-06-24,2019062401004764,GLBSL,25,44,10,471.00,"4,710.00"
2019-06-24,2019062401004761,GLBSL,25,39,10,471.00,"4,710.00"
2019-06-24,2019062401004750,GLBSL,25,39,10,471.00,"4,710.00"
2019-06-24,2019062401004739,GLBSL,25,39,10,471.00,"4,710.00"
2019-06-24,2019062401004736,GLBSL,25,39,10,471.00,"4,710.00"
2019-06-24,2019062401004732,GLBSL,25,44,10,471.00,"4,710.00"
2019-06-24,2019062401004779,GLBSL,51,39,10,471.00,"4,710.00"
2019-06-24,2019062401004778,GLBSL,51,43,10,471.00,"4,710.00"
2019-06-24,2019062401004775,GLBSL,51,44,10,471.00,"4,710.00"
2019-06-24,2019062401004773,GLBSL,43,39,10,470.00,"4,700.00"
2019-06-24,2019062401004772,GLBSL,43,39,10,470.00,"4,700.00"
2019-06-24,2019062401004768,GLBSL,25,39,10,471.00,"4,710.00"
2019-06-24,2019062401004797,GLBSL,51,10,10,471.00,"4,710.00"
2019-06-24,2019062401004795,GLBSL,51,43,10,471.00,"4,710.00"
2019-06-24,2019062401004792,GLBSL,51,39,10,471.00,"4,710.00"
2019-06-24,2019062401004791,GLBSL,51,44,10,471.00,"4,710.00"
2019-06-24,2019062401004789,GLBSL,51,40,10,471.00,"4,710.00"
2019-06-24,2019062401004787,GLBSL,51,42,10,471.00,"4,710.00"
2019-06-24,2019062401004847,GLBSL,43,59,10,470.00,"4,700.00"
2019-06-24,2019062401004845,GLBSL,43,43,10,470.00,"4,700.00"
2019-06-24,2019062401004834,GLBSL,43,37,10,470.00,"4,700.00"
2019-06-24,2019062401004832,GLBSL,43,43,10,470.00,"4,700.00"
2019-06-24,2019062401004820,GLBSL,43,39,10,470.00,"4,700.00"
2019-06-24,2019062401004805,GLBSL,51,44,10,471.00,"4,710.00"
2019-06-24,2019062401004879,GLBSL,10,48,10,469.00,"4,690.00"
2019-06-24,2019062401004878,GLBSL,10,58,10,469.00,"4,690.00"
2019-06-24,2019062401004877,GLBSL,10,38,10,469.00,"4,690.00"
2019-06-24,2019062401004870,GLBSL,10,38,10,469.00,"4,690.00"
2019-06-24,2019062401004866,GLBSL,43,6,240,470.00,"112,800.00"
2019-06-24,2019062401004849,GLBSL,43,44,10,470.00,"4,700.00"
2019-06-24,2019062401004900,GLBSL,38,6,70,470.00,"32,900.00"
2019-06-24,2019062401004891,GLBSL,38,59,10,470.00,"4,700.00"
2019-06-24,2019062401004890,GLBSL,38,44,10,470.00,"4,700.00"
2019-06-24,2019062401004889,GLBSL,38,39,10,470.00,"4,700.00"
2019-06-24,2019062401004888,GLBSL,10,48,10,469.00,"4,690.00"
2019-06-24,2019062401004882,GLBSL,10,44,10,469.00,"4,690.00"
2019-06-24,2019062401004689,HGI,42,38,50,359.00,"17,950.00"
2019-06-24,2019062401004502,HGI,19,38,10,359.00,"3,590.00"
2019-06-24,2019062401004841,HIDCL,29,29,566,159.00,"89,994.00"
2019-06-24,2019062401004840,HIDCL,7,29,50,159.00,"7,950.00"
2019-06-24,2019062401004839,HIDCL,54,29,100,159.00,"15,900.00"
2019-06-24,2019062401004838,HIDCL,42,29,54,159.00,"8,586.00"
2019-06-24,2019062401004684,HIDCL,34,11,"1,928",161.00,"310,408.00"
2019-06-24,2019062401004683,HIDCL,34,43,"2,000",161.00,"322,000.00"
2019-06-24,2019062401004682,HIDCL,34,42,11,160.00,"1,760.00"
2019-06-24,2019062401004681,HIDCL,34,42,"3,000",160.00,"480,000.00"
2019-06-24,2019062401004680,HIDCL,34,47,61,159.00,"9,699.00"
2019-06-24,2019062401004848,HPPL,51,37,10,178.00,"1,780.00"
2019-06-24,2019062401004674,HPPL,37,37,10,179.00,"1,790.00"
2019-06-24,2019062401004657,HURJA,45,28,20,142.00,"2,840.00"
2019-06-24,2019062401004583,HURJA,45,20,30,144.00,"4,320.00"
2019-06-24,2019062401004567,HURJA,45,28,20,142.00,"2,840.00"
2019-06-24,2019062401004785,IGI,28,7,96,379.00,"36,384.00"
2019-06-24,2019062401004622,JBBL,58,47,50,157.00,"7,850.00"
2019-06-24,2019062401004616,JBBL,58,14,"1,156",156.00,"180,336.00"
2019-06-24,2019062401004589,JBBL,17,42,"1,693",155.00,"262,415.00"
2019-06-24,2019062401004588,JBBL,49,42,450,155.00,"69,750.00"
2019-06-24,2019062401004584,JBBL,49,50,140,155.00,"21,700.00"
2019-06-24,2019062401004552,JBBL,49,50,80,155.00,"12,400.00"
2019-06-24,2019062401004957,JBNL,32,44,248,207.00,"51,336.00"
2019-06-24,2019062401004956,JBNL,32,34,252,207.00,"52,164.00"
2019-06-24,2019062401004776,JBNL,54,54,7,203.00,"1,421.00"
2019-06-24,2019062401004767,JBNL,28,34,"1,000",207.00,"207,000.00"
2019-06-24,2019062401004632,JBNL,34,34,748,207.00,"154,836.00"
2019-06-24,2019062401004614,JBNL,34,44,"1,252",207.00,"259,164.00"
2019-06-24,2019062401004613,JBNL,33,44,100,207.00,"20,700.00"
2019-06-24,2019062401004612,JBNL,6,44,15,207.00,"3,105.00"
2019-06-24,2019062401004611,JBNL,45,44,"2,000",207.00,"414,000.00"
2019-06-24,2019062401004610,JBNL,28,44,500,207.00,"103,500.00"
2019-06-24,2019062401004609,JBNL,28,44,500,207.00,"103,500.00"
2019-06-24,2019062401004590,JBNLPO,4,34,"6,954",100.00,"695,400.00"
2019-06-24,2019062401004560,JBNLPO,4,34,"2,931",100.00,"293,100.00"
2019-06-24,2019062401004672,JOSHI,42,28,20,83.00,"1,660.00"
2019-06-24,2019062401004576,JOSHI,42,28,20,83.00,"1,660.00"
2019-06-24,2019062401004573,KBBL,40,51,336,233.00,"78,288.00"
2019-06-24,2019062401004934,KBL,25,53,130,210.00,"27,300.00"
2019-06-24,2019062401004933,KBL,52,53,"1,000",210.00,"210,000.00"
2019-06-24,2019062401004932,KBL,52,53,500,210.00,"105,000.00"
2019-06-24,2019062401004931,KBL,22,53,"2,000",210.00,"420,000.00"
2019-06-24,2019062401004930,KBL,7,53,200,210.00,"42,000.00"
2019-06-24,2019062401004929,KBL,53,53,200,210.00,"42,000.00"
2019-06-24,2019062401004735,KBL,49,53,600,211.00,"126,600.00"
2019-06-24,2019062401004675,KBL,13,53,200,211.00,"42,200.00"
2019-06-24,2019062401004604,KBL,5,53,300,211.00,"63,300.00"
2019-06-24,2019062401004516,KBL,53,53,127,211.00,"26,797.00"
2019-06-24,2019062401004515,KBL,28,53,207,211.00,"43,677.00"
2019-06-24,2019062401004499,KBL,57,13,250,212.00,"53,000.00"
2019-06-24,2019062401004916,KBL,38,53,200,210.00,"42,000.00"
2019-06-24,2019062401004915,KBL,38,53,200,210.00,"42,000.00"
2019-06-24,2019062401004914,KBL,41,53,400,210.00,"84,000.00"
2019-06-24,2019062401004913,KBL,44,53,450,210.00,"94,500.00"
2019-06-24,2019062401004912,KBL,11,53,"1,000",210.00,"210,000.00"
2019-06-24,2019062401004765,KBL,22,53,10,211.00,"2,110.00"
2019-06-24,2019062401004922,KBL,59,53,100,210.00,"21,000.00"
2019-06-24,2019062401004921,KBL,4,53,50,210.00,"10,500.00"
2019-06-24,2019062401004920,KBL,52,53,200,210.00,"42,000.00"
2019-06-24,2019062401004919,KBL,50,53,120,210.00,"25,200.00"
2019-06-24,2019062401004918,KBL,25,53,500,210.00,"105,000.00"
2019-06-24,2019062401004917,KBL,39,53,"1,000",210.00,"210,000.00"
2019-06-24,2019062401004928,KBL,38,53,200,210.00,"42,000.00"
2019-06-24,2019062401004927,KBL,29,53,500,210.00,"105,000.00"
2019-06-24,2019062401004926,KBL,52,53,200,210.00,"42,000.00"
2019-06-24,2019062401004925,KBL,34,53,100,210.00,"21,000.00"
2019-06-24,2019062401004924,KBL,45,53,250,210.00,"52,500.00"
2019-06-24,2019062401004923,KBL,6,53,500,210.00,"105,000.00"
2019-06-24,2019062401004897,LBBL,55,58,700,198.00,"138,600.00"
2019-06-24,2019062401004758,LBBL,34,58,51,198.00,"10,098.00"
2019-06-24,2019062401004706,LBBL,13,58,20,198.00,"3,960.00"
2019-06-24,2019062401004938,LBL,33,13,918,219.00,"201,042.00"
2019-06-24,2019062401004937,LBL,33,50,82,219.00,"17,958.00"
2019-06-24,2019062401004503,LBL,58,50,30,219.00,"6,570.00"
2019-06-24,2019062401004490,LBL,11,50,200,219.00,"43,800.00"
2019-06-24,2019062401004743,LGIL,42,7,25,431.00,"10,775.00"
2019-06-24,2019062401004742,LGIL,48,7,100,431.00,"43,100.00"
2019-06-24,2019062401004741,LGIL,1,7,100,431.00,"43,100.00"
2019-06-24,2019062401004562,LGIL,1,39,300,431.00,"129,300.00"
2019-06-24,2019062401004561,LGIL,43,39,100,432.00,"43,200.00"
2019-06-24,2019062401004874,LICN,28,26,160,"1,580.00","252,800.00"
2019-06-24,2019062401004873,LICN,28,25,10,"1,579.00","15,790.00"
2019-06-24,2019062401004594,MDB,13,22,20,258.00,"5,160.00"
2019-06-24,2019062401004485,MDB,22,22,200,256.00,"51,200.00"
2019-06-24,2019062401004774,MEGA,19,8,50,201.00,"10,050.00"
2019-06-24,2019062401004716,MEGA,21,50,140,200.00,"28,000.00"
2019-06-24,2019062401004703,MEGA,21,36,325,200.00,"65,000.00"
2019-06-24,2019062401004643,MEGA,21,32,200,200.00,"40,000.00"
2019-06-24,2019062401004523,MEGA,56,8,12,200.00,"2,400.00"
2019-06-24,2019062401004522,MEGA,56,8,169,200.00,"33,800.00"
2019-06-24,2019062401004521,MEGA,56,35,182,200.00,"36,400.00"
2019-06-24,2019062401004520,MEGA,56,39,30,200.00,"6,000.00"
2019-06-24,2019062401004519,MEGA,56,20,119,200.00,"23,800.00"
2019-06-24,2019062401004518,MEGA,56,4,65,200.00,"13,000.00"
2019-06-24,2019062401004517,MEGA,56,58,72,200.00,"14,400.00"
2019-06-24,2019062401004504,MEGA,7,58,100,200.00,"20,000.00"
2019-06-24,2019062401004964,MERO,35,28,40,527.00,"21,080.00"
2019-06-24,2019062401004963,MERO,5,28,31,527.00,"16,337.00"
2019-06-24,2019062401004962,MERO,5,49,32,527.00,"16,864.00"
2019-06-24,2019062401004608,MERO,5,40,17,527.00,"8,959.00"
2019-06-24,2019062401004578,MERO,51,48,20,531.00,"10,620.00"
2019-06-24,2019062401004641,MFIL,28,47,600,126.00,"75,600.00"
2019-06-24,2019062401004693,MHNL,36,28,30,104.00,"3,120.00"
2019-06-24,2019062401004615,MHNL,36,28,40,104.00,"4,160.00"
2019-06-24,2019062401004844,MLBL,5,53,400,193.00,"77,200.00"
2019-06-24,2019062401004722,MLBL,22,53,10,193.00,"1,930.00"
2019-06-24,2019062401004909,MNBBL,37,43,453,372.00,"168,516.00"
2019-06-24,2019062401004908,MNBBL,37,21,26,372.00,"9,672.00"
2019-06-24,2019062401004853,MNBBL,48,58,18,371.00,"6,678.00"
2019-06-24,2019062401004852,MNBBL,35,58,16,371.00,"5,936.00"
2019-06-24,2019062401004802,MNBBL,13,43,20,372.00,"7,440.00"
2019-06-24,2019062401004961,NABIL,5,39,180,806.00,"145,080.00"
2019-06-24,2019062401004960,NABIL,5,4,25,805.00,"20,125.00"
2019-06-24,2019062401004949,NABIL,34,48,40,804.00,"32,160.00"
2019-06-24,2019062401004948,NABIL,56,48,10,804.00,"8,040.00"
2019-06-24,2019062401004947,NABIL,34,48,150,804.00,"120,600.00"
2019-06-24,2019062401004946,NABIL,17,48,50,804.00,"40,200.00"
2019-06-24,2019062401004836,NABIL,49,39,10,806.00,"8,060.00"
2019-06-24,2019062401004801,NABIL,22,57,47,805.00,"37,835.00"
2019-06-24,2019062401004800,NABIL,26,57,19,805.00,"15,295.00"
2019-06-24,2019062401004718,NABIL,7,39,50,806.00,"40,300.00"
2019-06-24,2019062401004596,NABIL,26,32,81,805.00,"65,205.00"
2019-06-24,2019062401004727,NABILP,49,6,175,785.00,"137,375.00"
2019-06-24,2019062401004726,NABILP,32,6,10,785.00,"7,850.00"
2019-06-24,2019062401004725,NABILP,35,6,50,785.00,"39,250.00"
2019-06-24,2019062401004724,NABILP,59,6,250,785.00,"196,250.00"
2019-06-24,2019062401004723,NABILP,25,6,110,785.00,"86,350.00"
2019-06-24,2019062401004593,NABILP,25,29,50,785.00,"39,250.00"
2019-06-24,2019062401004592,NABILP,49,29,76,786.00,"59,736.00"
2019-06-24,2019062401004591,NABILP,35,29,20,787.00,"15,740.00"
2019-06-24,2019062401004756,NADEP,16,34,20,424.00,"8,480.00"
2019-06-24,2019062401004755,NADEP,16,45,100,424.00,"42,400.00"
2019-06-24,2019062401004754,NADEP,16,52,20,424.00,"8,480.00"
2019-06-24,2019062401004508,NADEP,16,34,20,420.00,"8,400.00"
2019-06-24,2019062401004507,NADEP,16,13,20,420.00,"8,400.00"
2019-06-24,2019062401004496,NADEP,16,55,20,418.00,"8,360.00"
2019-06-24,2019062401004880,NBB,33,39,"1,000",222.00,"222,000.00"
2019-06-24,2019062401004747,NBB,45,39,31,222.00,"6,882.00"
2019-06-24,2019062401004746,NBB,45,39,400,222.00,"88,800.00"
2019-06-24,2019062401004658,NBB,26,39,"1,500",222.00,"333,000.00"
2019-06-24,2019062401004804,NBL,13,6,300,323.00,"96,900.00"
2019-06-24,2019062401004803,NBL,33,6,484,323.00,"156,332.00"
2019-06-24,2019062401004498,NBL,11,58,100,324.00,"32,400.00"
2019-06-24,2019062401004975,NCCB,34,32,"1,000",256.00,"256,000.00"
2019-06-24,2019062401004974,NCCB,32,32,250,256.00,"64,000.00"
2019-06-24,2019062401004973,NCCB,51,32,250,256.00,"64,000.00"
2019-06-24,2019062401004972,NCCB,48,32,500,256.00,"128,000.00"
2019-06-24,2019062401004971,NCCB,7,32,590,256.00,"151,040.00"
2019-06-24,2019062401004864,NCCB,28,44,100,257.00,"25,700.00"
2019-06-24,2019062401004582,NCCB,54,52,50,257.00,"12,850.00"
2019-06-24,2019062401004556,NCCB,42,52,50,257.00,"12,850.00"
2019-06-24,2019062401004763,NCCB,8,44,500,257.00,"128,500.00"
2019-06-24,2019062401004762,NCCB,29,44,63,257.00,"16,191.00"
2019-06-24,2019062401004636,NCCB,29,20,102,257.00,"26,214.00"
2019-06-24,2019062401004635,NCCB,29,40,500,257.00,"128,500.00"
2019-06-24,2019062401004634,NCCB,29,19,500,257.00,"128,500.00"
2019-06-24,2019062401004633,NCCB,29,52,235,257.00,"60,395.00"
2019-06-24,2019062401004760,NGPL,37,37,11,117.00,"1,287.00"
2019-06-24,2019062401004585,NHDL,45,29,10,126.00,"1,260.00"
2019-06-24,2019062401004955,NIB,17,37,10,526.00,"5,260.00"
2019-06-24,2019062401004954,NIB,17,21,64,526.00,"33,664.00"
2019-06-24,2019062401004881,NIB,58,45,10,525.00,"5,250.00"
2019-06-24,2019062401004875,NIB,40,40,2,524.00,"1,048.00"
2019-06-24,2019062401004846,NIB,49,21,11,526.00,"5,786.00"
2019-06-24,2019062401004624,NIB,16,21,425,526.00,"223,550.00"
2019-06-24,2019062401004623,NIB,16,42,75,526.00,"39,450.00"
2019-06-24,2019062401004579,NIB,58,48,44,525.00,"23,100.00"
2019-06-24,2019062401004907,NICA,59,42,20,469.00,"9,380.00"
2019-06-24,2019062401004906,NICA,44,42,77,469.00,"36,113.00"
2019-06-24,2019062401004905,NICA,44,21,287,469.00,"134,603.00"
2019-06-24,2019062401004904,NICA,44,34,136,469.00,"63,784.00"
2019-06-24,2019062401004602,NICA,6,59,500,468.00,"234,000.00"
2019-06-24,2019062401004601,NICA,6,45,217,468.00,"101,556.00"
2019-06-24,2019062401004665,NIL,11,5,82,475.00,"38,950.00"
2019-06-24,2019062401004664,NIL,11,42,50,475.00,"23,750.00"
2019-06-24,2019062401004663,NIL,11,29,15,475.00,"7,125.00"
2019-06-24,2019062401004662,NIL,11,35,50,474.00,"23,700.00"
2019-06-24,2019062401004686,NLIC,52,16,33,896.00,"29,568.00"
2019-06-24,2019062401004631,NLIC,22,21,17,895.00,"15,215.00"
2019-06-24,2019062401004494,NLIC,21,21,5,880.00,"4,400.00"
2019-06-24,2019062401004481,NLIC,21,21,5,880.00,"4,400.00"
2019-06-24,2019062401004661,NLICL,1,22,37,615.00,"22,755.00"
2019-06-24,2019062401004571,NLICL,8,55,76,613.00,"46,588.00"
2019-06-24,2019062401004570,NLICL,41,55,100,614.00,"61,400.00"
2019-06-24,2019062401004970,NMFBS,40,40,3,"1,411.00","4,233.00"
2019-06-24,2019062401004650,NMFBS,28,34,15,"1,433.00","21,495.00"
2019-06-24,2019062401004649,NMFBS,28,34,15,"1,433.00","21,495.00"
2019-06-24,2019062401004648,NMFBS,28,29,50,"1,432.00","71,600.00"
2019-06-24,2019062401004647,NMFBS,28,33,15,"1,430.00","21,450.00"
2019-06-24,2019062401004646,NMFBS,28,33,15,"1,430.00","21,450.00"
2019-06-24,2019062401004871,NTC,46,35,100,691.00,"69,100.00"
2019-06-24,2019062401004935,NUBL,22,49,20,831.00,"16,620.00"
2019-06-24,2019062401004617,OHL,18,58,226,633.00,"143,058.00"
2019-06-24,2019062401004566,OHL,45,4,24,633.00,"15,192.00"
2019-06-24,2019062401004748,PCBL,22,48,10,287.00,"2,870.00"
2019-06-24,2019062401004719,PCBL,49,11,17,285.00,"4,845.00"
2019-06-24,2019062401004709,PCBL,49,57,18,285.00,"5,130.00"
2019-06-24,2019062401004688,PCBL,22,48,200,287.00,"57,400.00"
2019-06-24,2019062401004687,PCBL,22,11,100,287.00,"28,700.00"
2019-06-24,2019062401004549,PCBL,32,57,55,285.00,"15,675.00"
2019-06-24,2019062401004531,PCBL,41,57,15,285.00,"4,275.00"
2019-06-24,2019062401004530,PCBL,55,57,500,285.00,"142,500.00"
2019-06-24,2019062401004529,PCBL,54,57,100,285.00,"28,500.00"
2019-06-24,2019062401004528,PCBL,22,57,100,285.00,"28,500.00"
2019-06-24,2019062401004527,PCBL,21,57,19,285.00,"5,415.00"
2019-06-24,2019062401004544,PCBL,52,57,200,285.00,"57,000.00"
2019-06-24,2019062401004543,PCBL,53,57,134,285.00,"38,190.00"
2019-06-24,2019062401004535,PCBL,53,57,66,285.00,"18,810.00"
2019-06-24,2019062401004534,PCBL,1,57,"2,000",285.00,"570,000.00"
2019-06-24,2019062401004533,PCBL,6,57,100,285.00,"28,500.00"
2019-06-24,2019062401004532,PCBL,26,57,100,285.00,"28,500.00"
2019-06-24,2019062401004740,PFL,41,37,26,137.00,"3,562.00"
2019-06-24,2019062401004887,PIC,21,38,30,999.00,"29,970.00"
2019-06-24,2019062401004886,PIC,21,38,170,999.00,"169,830.00"
2019-06-24,2019062401004790,PIC,5,57,200,998.00,"199,600.00"
2019-06-24,2019062401004541,PIC,29,38,200,997.00,"199,400.00"
2019-06-24,2019062401004942,PLIC,26,38,999,430.00,"429,570.00"
2019-06-24,2019062401004941,PLIC,17,38,100,430.00,"43,000.00"
2019-06-24,2019062401004542,PLIC,57,38,20,433.00,"8,660.00"
2019-06-24,2019062401004770,PPCL,56,51,20,137.00,"2,740.00"
2019-06-24,2019062401004759,PPCL,56,51,20,137.00,"2,740.00"
2019-06-24,2019062401004733,PPCL,56,51,20,137.00,"2,740.00"
2019-06-24,2019062401004730,PPCL,56,28,10,137.00,"1,370.00"
2019-06-24,2019062401004710,PPCL,56,51,20,137.00,"2,740.00"
2019-06-24,2019062401004701,PPCL,56,51,20,137.00,"2,740.00"
2019-06-24,2019062401004501,PPCL,56,38,10,137.00,"1,370.00"
2019-06-24,2019062401004666,PPCL,56,38,10,137.00,"1,370.00"
2019-06-24,2019062401004621,PPCL,56,28,10,137.00,"1,370.00"
2019-06-24,2019062401004586,PPCL,56,28,10,137.00,"1,370.00"
2019-06-24,2019062401004510,PPCL,56,28,10,137.00,"1,370.00"
2019-06-24,2019062401004965,PRVU,1,34,10,269.00,"2,690.00"
2019-06-24,2019062401004903,PRVU,1,33,50,268.00,"13,400.00"
2019-06-24,2019062401004902,PRVU,1,33,50,268.00,"13,400.00"
2019-06-24,2019062401004901,PRVU,1,45,618,268.00,"165,624.00"
2019-06-24,2019062401004876,PRVU,28,45,100,268.00,"26,800.00"
2019-06-24,2019062401004843,PRVU,33,45,"1,000",268.00,"268,000.00"
2019-06-24,2019062401004547,PRVU,44,45,"3,482",268.00,"933,176.00"
2019-06-24,2019062401004514,PRVU,44,14,"1,518",268.00,"406,824.00"
2019-06-24,2019062401004512,PRVU,11,14,100,268.00,"26,800.00"
2019-06-24,2019062401004833,PRVU,14,45,300,268.00,"80,400.00"
2019-06-24,2019062401004668,PRVU,6,45,"2,500",268.00,"670,000.00"
2019-06-24,2019062401004607,PRVU,29,45,500,268.00,"134,000.00"
2019-06-24,2019062401004568,PRVU,49,45,"1,500",268.00,"402,000.00"
2019-06-24,2019062401004685,RBCL,47,38,15,"9,370.00","140,550.00"
2019-06-24,2019062401004550,RBCL,13,38,15,"9,365.00","140,475.00"
2019-06-24,2019062401004563,RHPC,6,40,100,90.00,"9,000.00"
2019-06-24,2019062401004603,RHPC,6,6,9,89.00,801.00
2019-06-24,2019062401004564,RHPC,6,40,191,90.00,"17,190.00"
2019-06-24,2019062401004700,RHPC,42,17,200,91.00,"18,200.00"
2019-06-24,2019062401004699,RHPC,42,40,"1,000",91.00,"91,000.00"
2019-06-24,2019062401004698,RHPC,42,17,112,91.00,"10,192.00"
2019-06-24,2019062401004697,RHPC,42,17,52,91.00,"4,732.00"
2019-06-24,2019062401004745,RLFL,34,48,10,129.00,"1,290.00"
2019-06-24,2019062401004822,RSDC,13,51,23,350.00,"8,050.00"
2019-06-24,2019062401004821,RSDC,13,17,22,349.00,"7,678.00"
2019-06-24,2019062401004737,RSDC,19,55,17,348.00,"5,916.00"
2019-06-24,2019062401004851,SADBL,49,1,12,151.00,"1,812.00"
2019-06-24,2019062401004587,SAEF,35,32,100,9.50,950.00
2019-06-24,2019062401004780,SANIMA,1,18,180,349.00,"62,820.00"
2019-06-24,2019062401004574,SANIMA,39,18,300,349.00,"104,700.00"
2019-06-24,2019062401004744,SBI,45,11,17,463.00,"7,871.00"
2019-06-24,2019062401004729,SBI,53,37,89,464.00,"41,296.00"
2019-06-24,2019062401004980,SBL,38,39,314,318.00,"99,852.00"
2019-06-24,2019062401004708,SBL,38,37,186,318.00,"59,148.00"
2019-06-24,2019062401004692,SBL,38,37,500,318.00,"159,000.00"
2019-06-24,2019062401004595,SBL,49,26,200,318.00,"63,600.00"
2019-06-24,2019062401004555,SBL,18,39,"1,700",318.00,"540,600.00"
2019-06-24,2019062401004554,SBL,18,39,300,318.00,"95,400.00"
2019-06-24,2019062401004825,SCB,48,53,62,656.00,"40,672.00"
2019-06-24,2019062401004824,SCB,14,53,100,657.00,"65,700.00"
2019-06-24,2019062401004823,SCB,29,53,200,657.00,"131,400.00"
2019-06-24,2019062401004715,SDESI,37,37,1,555.00,555.00
2019-06-24,2019062401004969,SHIVM,45,42,250,663.00,"165,750.00"
2019-06-24,2019062401004968,SHIVM,51,42,250,664.00,"166,000.00"
2019-06-24,2019062401004958,SHIVM,1,58,120,665.00,"79,800.00"
2019-06-24,2019062401004936,SHIVM,51,58,750,664.00,"498,000.00"
2019-06-24,2019062401004911,SHIVM,53,58,200,664.00,"132,800.00"
2019-06-24,2019062401004910,SHIVM,39,7,100,663.00,"66,300.00"
2019-06-24,2019062401004525,SHIVM,39,38,50,667.00,"33,350.00"
2019-06-24,2019062401004509,SHIVM,51,38,200,668.00,"133,600.00"
2019-06-24,2019062401004506,SHIVM,48,22,580,669.00,"388,020.00"
2019-06-24,2019062401004488,SHIVM,51,6,500,668.00,"334,000.00"
2019-06-24,2019062401004487,SHIVM,51,40,200,668.00,"133,600.00"
2019-06-24,2019062401004486,SHIVM,51,17,100,668.00,"66,800.00"
2019-06-24,2019062401004619,SHIVM,51,34,100,667.00,"66,700.00"
2019-06-24,2019062401004577,SHIVM,39,28,200,667.00,"133,400.00"
2019-06-24,2019062401004551,SHIVM,58,38,150,668.00,"100,200.00"
2019-06-24,2019062401004546,SHIVM,38,38,585,668.00,"390,780.00"
2019-06-24,2019062401004545,SHIVM,38,44,215,667.00,"143,405.00"
2019-06-24,2019062401004540,SHIVM,39,44,785,667.00,"523,595.00"
2019-06-24,2019062401004799,SHIVM,40,58,25,667.00,"16,675.00"
2019-06-24,2019062401004798,SHIVM,40,34,400,667.00,"266,800.00"
2019-06-24,2019062401004721,SHIVM,39,49,50,666.00,"33,300.00"
2019-06-24,2019062401004678,SHIVM,46,34,200,667.00,"133,400.00"
2019-06-24,2019062401004671,SHIVM,39,35,30,666.00,"19,980.00"
2019-06-24,2019062401004670,SHIVM,53,35,20,666.00,"13,320.00"
2019-06-24,2019062401004863,SHIVM,59,58,500,665.00,"332,500.00"
2019-06-24,2019062401004862,SHIVM,21,58,"1,000",665.00,"665,000.00"
2019-06-24,2019062401004861,SHIVM,46,58,"1,000",665.00,"665,000.00"
2019-06-24,2019062401004860,SHIVM,5,58,100,665.00,"66,500.00"
2019-06-24,2019062401004859,SHIVM,39,58,500,665.00,"332,500.00"
2019-06-24,2019062401004858,SHIVM,39,58,220,666.00,"146,520.00"
2019-06-24,2019062401004893,SHIVM,35,58,50,664.00,"33,200.00"
2019-06-24,2019062401004892,SHIVM,58,58,"1,000",664.00,"664,000.00"
2019-06-24,2019062401004883,SHIVM,58,21,"1,000",664.00,"664,000.00"
2019-06-24,2019062401004640,SHPC,34,35,39,251.00,"9,789.00"
2019-06-24,2019062401004639,SHPC,34,45,"1,450",251.00,"363,950.00"
2019-06-24,2019062401004581,SHPC,55,45,50,251.00,"12,550.00"
2019-06-24,2019062401004899,SIC,44,35,70,640.00,"44,800.00"
2019-06-24,2019062401004898,SIC,52,35,30,641.00,"19,230.00"
2019-06-24,2019062401004548,SIC,7,42,100,641.00,"64,100.00"
2019-06-24,2019062401004945,SIFC,40,11,"1,947",152.00,"295,944.00"
2019-06-24,2019062401004944,SIFC,56,11,10,154.00,"1,540.00"
2019-06-24,2019062401004618,SIL,41,11,60,440.00,"26,400.00"
2019-06-24,2019062401004793,SKBBL,58,34,20,949.00,"18,980.00"
2019-06-24,2019062401004788,SKBBL,58,28,100,945.00,"94,500.00"
2019-06-24,2019062401004667,SMFDB,19,45,10,500.00,"5,000.00"
2019-06-24,2019062401004869,SRBL,5,11,200,252.00,"50,400.00"
2019-06-24,2019062401004868,SRBL,5,54,74,252.00,"18,648.00"
2019-06-24,2019062401004867,SRBL,5,52,107,252.00,"26,964.00"
2019-06-24,2019062401004695,SRBL,44,11,72,251.00,"18,072.00"
2019-06-24,2019062401004492,SRBL,14,52,50,252.00,"12,600.00"
2019-06-24,2019062401004491,SRBL,14,45,50,252.00,"12,600.00"
2019-06-24,2019062401004483,SWBBL,44,4,250,895.00,"223,750.00"
2019-06-24,2019062401004482,SWBBL,44,6,100,894.00,"89,400.00"
2019-06-24,2019062401004753,UIC,41,40,14,900.00,"12,600.00"
2019-06-24,2019062401004752,UIC,52,40,406,900.00,"365,400.00"
2019-06-24,2019062401004751,UIC,51,40,15,901.00,"13,515.00"
2019-06-24,2019062401004713,UPCL,48,28,150,91.00,"13,650.00"
2019-06-24,2019062401004673,UPCL,48,22,500,91.00,"45,500.00"
2019-06-24,2019062401004637,UPCL,48,28,50,91.00,"4,550.00"
2019-06-24,2019062401004536,UPCL,48,28,50,91.00,"4,550.00"
2019-06-24,2019062401004497,UPCL,48,28,50,91.00,"4,550.00"
2019-06-24,2019062401004831,UPPER,16,58,500,268.00,"134,000.00"
2019-06-24,2019062401004830,UPPER,16,16,33,268.00,"8,844.00"
2019-06-24,2019062401004829,UPPER,16,41,40,268.00,"10,720.00"
2019-06-24,2019062401004828,UPPER,16,41,700,268.00,"187,600.00"
2019-06-24,2019062401004827,UPPER,16,38,200,268.00,"53,600.00"
2019-06-24,2019062401004817,UPPER,16,16,17,268.00,"4,556.00"
2019-06-24,2019062401004605,UPPER,11,32,50,267.00,"13,350.00"
2019-06-24,2019062401004559,UPPER,11,22,100,267.00,"26,700.00"
2019-06-24,2019062401004524,UPPER,11,47,40,267.00,"10,680.00"
2019-06-24,2019062401004505,UPPER,11,33,195,267.00,"52,065.00"
2019-06-24,2019062401004769,UPPER,54,54,2,263.00,526.00
2019-06-24,2019062401004728,UPPER,45,34,50,268.00,"13,400.00"
2019-06-24,2019062401004714,UPPER,43,34,300,268.00,"80,400.00"
2019-06-24,2019062401004630,UPPER,51,34,20,268.00,"5,360.00"
2019-06-24,2019062401004629,UPPER,51,40,40,268.00,"10,720.00"
2019-06-24,2019062401004628,UPPER,51,40,40,268.00,"10,720.00"
2019-06-24,2019062401004810,UPPER,16,34,50,268.00,"13,400.00"
2019-06-24,2019062401004809,UPPER,16,34,40,268.00,"10,720.00"
2019-06-24,2019062401004808,UPPER,16,34,50,268.00,"13,400.00"
2019-06-24,2019062401004807,UPPER,16,29,443,268.00,"118,724.00"
2019-06-24,2019062401004806,UPPER,16,34,130,268.00,"34,840.00"
2019-06-24,2019062401004816,UPPER,16,41,40,268.00,"10,720.00"
2019-06-24,2019062401004815,UPPER,16,6,50,268.00,"13,400.00"
2019-06-24,2019062401004814,UPPER,16,56,40,268.00,"10,720.00"
2019-06-24,2019062401004813,UPPER,16,36,40,268.00,"10,720.00"
2019-06-24,2019062401004812,UPPER,16,34,50,268.00,"13,400.00"
2019-06-24,2019062401004811,UPPER,16,34,50,268.00,"13,400.00"
2019-06-24,2019062401004896,VLBS,34,53,32,477.00,"15,264.00"
2019-06-24,2019062401004895,VLBS,34,1,32,477.00,"15,264.00"
2019-06-24,2019062401004894,VLBS,34,55,13,476.00,"6,188.00"
2019-06-24,2019062401004369,ADBL,45,16,139,412.00,"57,268.00"
2019-06-24,2019062401004346,ADBL,45,17,146,412.00,"60,152.00"
2019-06-24,2019062401004289,ADBL,45,38,85,412.00,"35,020.00"
2019-06-24,2019062401004176,ADBL,54,57,50,413.00,"20,650.00"
2019-06-24,2019062401004105,ADBL,45,34,50,413.00,"20,650.00"
2019-06-24,2019062401004091,ADBL,45,37,50,413.00,"20,650.00"
2019-06-24,2019062401004008,ADBL,53,6,10,411.00,"4,110.00"
2019-06-24,2019062401004090,ADBL,45,37,50,413.00,"20,650.00"
2019-06-24,2019062401004089,ADBL,45,37,100,413.00,"41,300.00"
2019-06-24,2019062401004048,ADBL,45,29,200,413.00,"82,600.00"
2019-06-24,2019062401004015,ADBL,25,53,10,412.00,"4,120.00"
2019-06-24,2019062401004014,ADBL,53,53,90,412.00,"37,080.00"
2019-06-24,2019062401004009,ADBL,53,40,500,412.00,"206,000.00"
2019-06-24,2019062401004390,ALBSL,42,20,10,397.00,"3,970.00"
2019-06-24,2019062401004256,API,25,34,50,145.00,"7,250.00"
2019-06-24,2019062401004230,API,34,25,270,144.00,"38,880.00"
2019-06-24,2019062401004103,API,34,22,18,143.00,"2,574.00"
2019-06-24,2019062401004454,BOKL,49,57,"2,000",267.00,"534,000.00"
2019-06-24,2019062401004175,BOKL,42,59,10,269.00,"2,690.00"
2019-06-24,2019062401004174,BOKL,42,48,234,268.00,"62,712.00"
2019-06-24,2019062401004172,BOKL,42,48,266,268.00,"71,288.00"
2019-06-24,2019062401004171,BOKL,42,56,100,268.00,"26,800.00"
2019-06-24,2019062401004170,BOKL,42,13,"1,000",268.00,"268,000.00"
2019-06-24,2019062401004022,BOKL,49,39,191,264.00,"50,424.00"
2019-06-24,2019062401003986,BOKL,45,52,50,265.00,"13,250.00"
2019-06-24,2019062401004159,BOKL,42,26,100,266.00,"26,600.00"
2019-06-24,2019062401004158,BOKL,42,21,88,265.00,"23,320.00"
2019-06-24,2019062401004061,BOKL,52,57,491,264.00,"129,624.00"
2019-06-24,2019062401004060,BOKL,48,57,100,264.00,"26,400.00"
2019-06-24,2019062401004059,BOKL,49,57,209,264.00,"55,176.00"
2019-06-24,2019062401004053,BOKL,42,45,200,265.00,"53,000.00"
2019-06-24,2019062401004169,BOKL,42,52,134,268.00,"35,912.00"
2019-06-24,2019062401004164,BOKL,42,52,66,268.00,"17,688.00"
2019-06-24,2019062401004163,BOKL,42,13,150,268.00,"40,200.00"
2019-06-24,2019062401004162,BOKL,42,59,33,268.00,"8,844.00"
2019-06-24,2019062401004161,BOKL,42,6,290,267.00,"77,430.00"
2019-06-24,2019062401004160,BOKL,42,25,773,267.00,"206,391.00"
2019-06-24,2019062401004448,CBBL,33,17,60,935.00,"56,100.00"
2019-06-24,2019062401004447,CBBL,33,58,400,935.00,"374,000.00"
2019-06-24,2019062401004446,CBBL,33,34,100,935.00,"93,500.00"
2019-06-24,2019062401004473,CBL,7,39,50,150.00,"7,500.00"
2019-06-24,2019062401004472,CBL,7,6,"1,500",150.00,"225,000.00"
2019-06-24,2019062401004452,CBL,7,1,500,148.00,"74,000.00"
2019-06-24,2019062401004451,CBL,7,34,100,148.00,"14,800.00"
2019-06-24,2019062401004450,CBL,7,11,168,148.00,"24,864.00"
2019-06-24,2019062401004449,CBL,7,49,600,148.00,"88,800.00"
2019-06-24,2019062401004357,CBL,49,18,400,145.00,"58,000.00"
2019-06-24,2019062401004045,CBL,28,19,391,146.00,"57,086.00"
2019-06-24,2019062401004044,CBL,28,6,"1,609",146.00,"234,914.00"
2019-06-24,2019062401003994,CBL,40,6,450,146.00,"65,700.00"
2019-06-24,2019062401004429,CBL,7,35,"2,000",147.00,"294,000.00"
2019-06-24,2019062401004428,CBL,7,22,300,147.00,"44,100.00"
2019-06-24,2019062401004427,CBL,7,46,97,147.00,"14,259.00"
2019-06-24,2019062401004426,CBL,7,34,252,147.00,"37,044.00"
2019-06-24,2019062401004425,CBL,7,7,"1,000",147.00,"147,000.00"
2019-06-24,2019062401004424,CBL,7,17,980,147.00,"144,060.00"
2019-06-24,2019062401004344,CCBL,5,26,39,169.00,"6,591.00"
2019-06-24,2019062401004063,CCBL,45,26,79,168.00,"13,272.00"
2019-06-24,2019062401004007,CCBL,45,26,37,168.00,"6,216.00"
2019-06-24,2019062401003996,CCBL,45,16,62,168.00,"10,416.00"
2019-06-24,2019062401003995,CCBL,17,16,19,168.00,"3,192.00"
2019-06-24,2019062401004332,CEFL,58,18,"1,000",98.00,"98,000.00"
2019-06-24,2019062401004316,CEFL,58,18,"2,890",98.00,"283,220.00"
2019-06-24,2019062401004267,CEFL,56,18,10,100.00,"1,000.00"
2019-06-24,2019062401004196,CHCL,35,34,67,517.00,"34,639.00"
2019-06-24,2019062401004195,CHCL,35,40,33,517.00,"17,061.00"
2019-06-24,2019062401004143,CHCL,28,5,335,516.00,"172,860.00"
2019-06-24,2019062401004034,CHCL,42,44,43,515.00,"22,145.00"
2019-06-24,2019062401004033,CHCL,58,44,35,515.00,"18,025.00"
2019-06-24,2019062401004292,CIT,35,21,40,"2,487.00","99,480.00"
2019-06-24,2019062401004291,CIT,28,21,10,"2,488.00","24,880.00"
2019-06-24,2019062401004290,CIT,21,21,50,"2,488.00","124,400.00"
2019-06-24,2019062401004100,CIT,22,42,32,"2,490.00","79,680.00"
2019-06-24,2019062401004443,CZBIL,5,53,500,220.00,"110,000.00"
2019-06-24,2019062401004442,CZBIL,48,53,"1,200",220.00,"264,000.00"
2019-06-24,2019062401004441,CZBIL,16,53,"1,000",220.00,"220,000.00"
2019-06-24,2019062401004440,CZBIL,49,53,"1,000",220.00,"220,000.00"
2019-06-24,2019062401004439,CZBIL,20,53,166,220.00,"36,520.00"
2019-06-24,2019062401004081,CZBIL,20,50,84,220.00,"18,480.00"
2019-06-24,2019062401004080,CZBIL,58,50,200,220.00,"44,000.00"
2019-06-24,2019062401004079,CZBIL,47,50,16,220.00,"3,520.00"
2019-06-24,2019062401004371,DBBL,22,42,20,139.00,"2,780.00"
2019-06-24,2019062401004270,DDBL,49,29,35,710.00,"24,850.00"
2019-06-24,2019062401004457,EBL,29,14,135,663.00,"89,505.00"
2019-06-24,2019062401004456,EBL,29,45,65,663.00,"43,095.00"
2019-06-24,2019062401004356,EDBL,39,14,10,294.00,"2,940.00"
2019-06-24,2019062401004355,EDBL,59,14,200,294.00,"58,800.00"
2019-06-24,2019062401004354,EDBL,56,14,10,294.00,"2,940.00"
2019-06-24,2019062401004266,EIC,22,13,50,368.00,"18,400.00"
2019-06-24,2019062401004239,EIC,57,13,50,368.00,"18,400.00"
2019-06-24,2019062401004206,EIC,29,47,26,365.00,"9,490.00"
2019-06-24,2019062401004066,EIC,29,17,44,365.00,"16,060.00"
2019-06-24,2019062401004436,GBBL,54,22,559,223.00,"124,657.00"
2019-06-24,2019062401004435,GBBL,7,22,100,223.00,"22,300.00"
2019-06-24,2019062401004434,GBBL,4,22,200,223.00,"44,600.00"
2019-06-24,2019062401004433,GBBL,20,22,50,223.00,"11,150.00"
2019-06-24,2019062401004432,GBBL,39,22,91,223.00,"20,293.00"
2019-06-24,2019062401004478,GBIME,43,26,150,304.00,"45,600.00"
2019-06-24,2019062401004227,GBIME,5,50,50,303.00,"15,150.00"
2019-06-24,2019062401004202,GBIME,6,26,200,304.00,"60,800.00"
2019-06-24,2019062401004004,GBIME,53,22,170,304.00,"51,680.00"
2019-06-24,2019062401004013,GBLBS,13,26,10,350.00,"3,500.00"
2019-06-24,2019062401004299,GDBL,38,38,"1,500",210.00,"315,000.00"
2019-06-24,2019062401004181,GDBL,21,38,500,210.00,"105,000.00"
2019-06-24,2019062401004019,GDBL,59,38,500,210.00,"105,000.00"
2019-06-24,2019062401004018,GDBL,58,38,186,210.00,"39,060.00"
2019-06-24,2019062401004298,GDBL,34,38,500,210.00,"105,000.00"
2019-06-24,2019062401004475,GLBSL,43,10,10,470.00,"4,700.00"
2019-06-24,2019062401004474,GLBSL,43,38,10,470.00,"4,700.00"
2019-06-24,2019062401004417,GLBSL,43,25,10,470.00,"4,700.00"
2019-06-24,2019062401004406,GLBSL,43,25,10,470.00,"4,700.00"
2019-06-24,2019062401004365,GLBSL,16,39,10,471.00,"4,710.00"
2019-06-24,2019062401004362,GLBSL,51,33,10,471.00,"4,710.00"
2019-06-24,2019062401004197,GLBSL,42,1,10,471.00,"4,710.00"
2019-06-24,2019062401004177,GLBSL,42,1,10,471.00,"4,710.00"
2019-06-24,2019062401004054,GLBSL,42,52,10,471.00,"4,710.00"
2019-06-24,2019062401004047,GLBSL,56,52,10,471.00,"4,710.00"
2019-06-24,2019062401004333,GLBSL,51,39,10,471.00,"4,710.00"
2019-06-24,2019062401004327,GLBSL,51,48,10,471.00,"4,710.00"
2019-06-24,2019062401004318,GLBSL,51,48,10,471.00,"4,710.00"
2019-06-24,2019062401004294,GLBSL,42,58,10,471.00,"4,710.00"
2019-06-24,2019062401004260,GLBSL,42,11,10,471.00,"4,710.00"
2019-06-24,2019062401004242,GLBSL,42,35,10,471.00,"4,710.00"
2019-06-24,2019062401004358,GLBSL,51,39,10,471.00,"4,710.00"
