Date,Transact. No.,Symbol,Buyer,Seller,Quantity,Rate,Amount
2020-11-11,2020111104001529,BBC,39,48,63,"2,502.00","157,626.00"
2020-11-11,2020111104001528,BBC,45,48,100,"2,502.00","250,200.00"
2020-11-11,2020111104001527,BBC,58,48,37,"2,502.00","92,574.00"
2020-11-11,2020111104001742,CMF1,42,25,"10,000",10.73,"107,300.00"
2020-11-11,2020111104001599,CMF1,45,43,"2,000",10.59,"21,180.00"
2020-11-11,2020111104001598,CMF1,45,43,"3,000",10.59,"31,770.00"
2020-11-11,2020111104001533,CMF1,42,1,"10,000",10.56,"105,600.00"
2020-11-11,2020111104001532,CMF1,42,43,"5,000",10.39,"51,950.00"
2020-11-11,2020111104001531,CMF1,42,11,"1,000",10.38,"10,380.00"
2020-11-11,2020111104001477,CMF1,42,17,"3,000",10.30,"30,900.00"
2020-11-11,2020111104001476,CMF1,42,43,"5,000",10.29,"51,450.00"
2020-11-11,2020111104001475,CMF1,42,58,200,10.25,"2,050.00"
2020-11-11,2020111104001474,CMF1,42,41,500,10.21,"5,105.00"
2020-11-11,2020111104001279,CMF1,42,13,"4,000",10.20,"40,800.00"
2020-11-11,2020111104001278,CMF1,42,52,"3,000",10.20,"30,600.00"
2020-11-11,2020111104001501,CMF1,38,32,500,10.36,"5,180.00"
2020-11-11,2020111104001500,CMF1,38,47,500,10.36,"5,180.00"
2020-11-11,2020111104001499,CMF1,38,26,"1,000",10.36,"10,360.00"
2020-11-11,2020111104001498,CMF1,38,26,"2,000",10.36,"20,720.00"
2020-11-11,2020111104001496,CMF1,38,43,"1,000",10.35,"10,350.00"
2020-11-11,2020111104001478,CMF1,42,58,"9,200",10.30,"94,760.00"
2020-11-11,2020111104001757,GIC,19,21,10,538.00,"5,380.00"
2020-11-11,2020111104001744,GIC,40,47,10,537.00,"5,370.00"
2020-11-11,2020111104001741,GIC,25,47,10,538.00,"5,380.00"
2020-11-11,2020111104001740,GIC,25,49,10,538.00,"5,380.00"
2020-11-11,2020111104001738,GIC,25,49,10,538.00,"5,380.00"
2020-11-11,2020111104001731,GIC,25,49,10,538.00,"5,380.00"
2020-11-11,2020111104001291,GIC,37,49,10,539.00,"5,390.00"
2020-11-11,2020111104001280,GIC,37,11,10,539.00,"5,390.00"
2020-11-11,2020111104001262,GIC,37,17,10,539.00,"5,390.00"
2020-11-11,2020111104001309,GIC,19,22,10,540.00,"5,400.00"
2020-11-11,2020111104001308,GIC,19,29,10,540.00,"5,400.00"
2020-11-11,2020111104001307,GIC,19,55,10,540.00,"5,400.00"
2020-11-11,2020111104001306,GIC,19,41,10,540.00,"5,400.00"
2020-11-11,2020111104001305,GIC,19,57,10,540.00,"5,400.00"
2020-11-11,2020111104001292,GIC,37,58,10,539.00,"5,390.00"
2020-11-11,2020111104001346,GIC,13,45,10,539.00,"5,390.00"
2020-11-11,2020111104001328,GIC,13,5,10,539.00,"5,390.00"
2020-11-11,2020111104001327,GIC,13,57,10,539.00,"5,390.00"
2020-11-11,2020111104001319,GIC,37,38,10,539.00,"5,390.00"
2020-11-11,2020111104001312,GIC,37,48,10,539.00,"5,390.00"
2020-11-11,2020111104001310,GIC,19,22,10,540.00,"5,400.00"
2020-11-11,2020111104001366,GIC,26,56,10,540.00,"5,400.00"
2020-11-11,2020111104001365,GIC,26,29,10,540.00,"5,400.00"
2020-11-11,2020111104001364,GIC,26,56,10,540.00,"5,400.00"
2020-11-11,2020111104001363,GIC,26,58,10,540.00,"5,400.00"
2020-11-11,2020111104001362,GIC,26,14,10,540.00,"5,400.00"
2020-11-11,2020111104001361,GIC,13,45,10,539.00,"5,390.00"
2020-11-11,2020111104001394,GIC,38,33,10,538.00,"5,380.00"
2020-11-11,2020111104001385,GIC,38,45,10,538.00,"5,380.00"
2020-11-11,2020111104001383,GIC,59,38,20,539.00,"10,780.00"
2020-11-11,2020111104001377,GIC,17,38,10,539.00,"5,390.00"
2020-11-11,2020111104001376,GIC,13,38,60,539.00,"32,340.00"
2020-11-11,2020111104001367,GIC,26,56,10,540.00,"5,400.00"
2020-11-11,2020111104001401,GIC,34,39,10,539.00,"5,390.00"
2020-11-11,2020111104001399,GIC,34,38,20,539.00,"10,780.00"
2020-11-11,2020111104001398,GIC,49,49,10,538.00,"5,380.00"
2020-11-11,2020111104001397,GIC,49,56,10,538.00,"5,380.00"
2020-11-11,2020111104001396,GIC,49,36,10,538.00,"5,380.00"
2020-11-11,2020111104001395,GIC,38,45,10,538.00,"5,380.00"
2020-11-11,2020111104001432,GIC,34,49,120,540.00,"64,800.00"
2020-11-11,2020111104001415,GIC,34,33,10,539.00,"5,390.00"
2020-11-11,2020111104001414,GIC,34,40,10,539.00,"5,390.00"
2020-11-11,2020111104001413,GIC,34,33,10,539.00,"5,390.00"
2020-11-11,2020111104001406,GIC,34,11,10,539.00,"5,390.00"
2020-11-11,2020111104001404,GIC,34,41,10,539.00,"5,390.00"
2020-11-11,2020111104001452,GIC,49,45,10,538.00,"5,380.00"
2020-11-11,2020111104001451,GIC,49,42,10,538.00,"5,380.00"
2020-11-11,2020111104001441,GIC,26,36,10,539.00,"5,390.00"
2020-11-11,2020111104001440,GIC,26,33,10,539.00,"5,390.00"
2020-11-11,2020111104001436,GIC,26,33,10,539.00,"5,390.00"
2020-11-11,2020111104001435,GIC,35,49,10,540.00,"5,400.00"
2020-11-11,2020111104001483,GIC,17,47,10,538.00,"5,380.00"
2020-11-11,2020111104001481,GIC,49,41,10,538.00,"5,380.00"
2020-11-11,2020111104001480,GIC,49,58,10,538.00,"5,380.00"
2020-11-11,2020111104001479,GIC,49,36,10,538.00,"5,380.00"
2020-11-11,2020111104001461,GIC,49,33,10,538.00,"5,380.00"
2020-11-11,2020111104001455,GIC,49,25,10,538.00,"5,380.00"
2020-11-11,2020111104001585,GIC,58,19,10,537.00,"5,370.00"
2020-11-11,2020111104001556,GIC,58,51,10,537.00,"5,370.00"
2020-11-11,2020111104001550,GIC,58,11,10,537.00,"5,370.00"
2020-11-11,2020111104001549,GIC,58,59,10,537.00,"5,370.00"
2020-11-11,2020111104001537,GIC,58,11,10,537.00,"5,370.00"
2020-11-11,2020111104001497,GIC,47,42,10,537.00,"5,370.00"
2020-11-11,2020111104001651,GIC,57,38,10,538.00,"5,380.00"
2020-11-11,2020111104001650,GIC,57,45,10,538.00,"5,380.00"
2020-11-11,2020111104001641,GIC,40,39,10,537.00,"5,370.00"
2020-11-11,2020111104001634,GIC,34,21,10,538.00,"5,380.00"
2020-11-11,2020111104001633,GIC,34,41,10,538.00,"5,380.00"
2020-11-11,2020111104001591,GIC,40,29,10,537.00,"5,370.00"
2020-11-11,2020111104001661,GIC,57,38,10,538.00,"5,380.00"
2020-11-11,2020111104001660,GIC,57,38,10,538.00,"5,380.00"
2020-11-11,2020111104001658,GIC,57,57,10,538.00,"5,380.00"
2020-11-11,2020111104001654,GIC,57,47,10,538.00,"5,380.00"
2020-11-11,2020111104001653,GIC,57,21,10,538.00,"5,380.00"
2020-11-11,2020111104001652,GIC,57,58,10,538.00,"5,380.00"
2020-11-11,2020111104001687,GIC,25,29,10,538.00,"5,380.00"
2020-11-11,2020111104001686,GIC,25,56,10,538.00,"5,380.00"
2020-11-11,2020111104001678,GIC,25,58,10,538.00,"5,380.00"
2020-11-11,2020111104001677,GIC,25,45,10,538.00,"5,380.00"
2020-11-11,2020111104001673,GIC,25,38,10,538.00,"5,380.00"
2020-11-11,2020111104001669,GIC,58,49,35,540.00,"18,900.00"
2020-11-11,2020111104001717,GIC,36,21,10,539.00,"5,390.00"
2020-11-11,2020111104001716,GIC,36,13,10,539.00,"5,390.00"
2020-11-11,2020111104001705,GIC,36,45,10,539.00,"5,390.00"
2020-11-11,2020111104001704,GIC,36,1,10,539.00,"5,390.00"
2020-11-11,2020111104001700,GIC,34,47,10,539.00,"5,390.00"
2020-11-11,2020111104001699,GIC,34,3,50,539.00,"26,950.00"
2020-11-11,2020111104001724,GIC,25,13,10,538.00,"5,380.00"
2020-11-11,2020111104001722,GIC,36,38,10,539.00,"5,390.00"
2020-11-11,2020111104001721,GIC,36,13,10,539.00,"5,390.00"
2020-11-11,2020111104001720,GIC,36,58,10,539.00,"5,390.00"
2020-11-11,2020111104001719,GIC,36,38,10,539.00,"5,390.00"
2020-11-11,2020111104001718,GIC,36,42,10,539.00,"5,390.00"
2020-11-11,2020111104001495,GIMES1,42,42,"1,000",10.60,"10,600.00"
2020-11-11,2020111104001494,GIMES1,42,13,"5,000",10.60,"53,000.00"
2020-11-11,2020111104001493,GIMES1,42,47,"1,000",10.50,"10,500.00"
2020-11-11,2020111104001492,GIMES1,42,25,500,10.50,"5,250.00"
2020-11-11,2020111104001491,GIMES1,42,26,"5,000",10.50,"52,500.00"
2020-11-11,2020111104001490,GIMES1,42,34,"10,000",10.50,"105,000.00"
2020-11-11,2020111104001330,GIMES1,45,36,"15,000",10.35,"155,250.00"
2020-11-11,2020111104001329,GIMES1,45,7,"50,000",10.30,"515,000.00"
2020-11-11,2020111104001403,GIMES1,45,13,"5,000",10.40,"52,000.00"
2020-11-11,2020111104001335,GIMES1,45,55,"1,000",10.40,"10,400.00"
2020-11-11,2020111104001334,GIMES1,45,49,"2,000",10.40,"20,800.00"
2020-11-11,2020111104001333,GIMES1,45,52,"1,000",10.36,"10,360.00"
2020-11-11,2020111104001332,GIMES1,45,13,"5,000",10.36,"51,800.00"
2020-11-11,2020111104001331,GIMES1,45,28,"10,000",10.36,"103,600.00"
2020-11-11,2020111104001489,GIMES1,42,35,"1,000",10.50,"10,500.00"
2020-11-11,2020111104001488,GIMES1,42,49,"2,240",10.45,"23,408.00"
2020-11-11,2020111104001487,GIMES1,42,42,"5,000",10.40,"52,000.00"
2020-11-11,2020111104001486,GIMES1,42,36,"18,347",10.35,"189,891.45"
2020-11-11,2020111104001485,GIMES1,42,43,"9,000",10.30,"92,700.00"
2020-11-11,2020111104001434,GIMES1,45,43,"11,000",10.40,"114,400.00"
2020-11-11,2020111104001737,LEMF,42,44,"5,000",10.24,"51,200.00"
2020-11-11,2020111104001736,LEMF,42,34,"15,000",10.24,"153,600.00"
2020-11-11,2020111104001735,LEMF,42,14,"1,500",10.23,"15,345.00"
2020-11-11,2020111104001734,LEMF,42,56,"3,000",10.23,"30,690.00"
2020-11-11,2020111104001733,LEMF,42,17,"5,000",10.22,"51,100.00"
2020-11-11,2020111104001282,LEMF,42,11,"1,000",9.87,"9,870.00"
2020-11-11,2020111104001284,LEMF,42,56,500,9.88,"4,940.00"
2020-11-11,2020111104001283,LEMF,42,26,"3,000",9.88,"29,640.00"
2020-11-11,2020111104001540,LEMF,42,17,"6,000",10.24,"61,440.00"
2020-11-11,2020111104001539,LEMF,42,55,"2,950",10.23,"30,178.50"
2020-11-11,2020111104001538,LEMF,42,32,"5,000",10.20,"51,000.00"
2020-11-11,2020111104001482,LEMF,42,56,"3,000",10.06,"30,180.00"
2020-11-11,2020111104001638,LEMF,42,46,"2,000",10.24,"20,480.00"
2020-11-11,2020111104001637,LEMF,42,18,"2,000",10.24,"20,480.00"
2020-11-11,2020111104001632,LEMF,38,54,"1,500",10.04,"15,060.00"
2020-11-11,2020111104001631,LEMF,38,54,"1,500",10.04,"15,060.00"
2020-11-11,2020111104001732,LEMF,42,34,"5,000",10.20,"51,000.00"
2020-11-11,2020111104001663,LUK,8,16,200,10.07,"2,014.00"
2020-11-11,2020111104001662,LUK,8,42,100,10.05,"1,005.00"
2020-11-11,2020111104001547,LUK,42,57,"18,650",9.88,"184,262.00"
2020-11-11,2020111104001546,LUK,42,1,"1,000",9.88,"9,880.00"
2020-11-11,2020111104001545,LUK,42,47,"1,000",9.88,"9,880.00"
2020-11-11,2020111104001544,LUK,42,22,"1,000",9.85,"9,850.00"
2020-11-11,2020111104001288,LUK,42,26,"1,200",9.68,"11,616.00"
2020-11-11,2020111104001286,LUK,58,41,"1,000",9.50,"9,500.00"
2020-11-11,2020111104001263,LUK,58,39,500,9.50,"4,750.00"
2020-11-11,2020111104001543,LUK,42,42,100,9.79,979.00
2020-11-11,2020111104001542,LUK,42,22,"1,000",9.79,"9,790.00"
2020-11-11,2020111104001541,LUK,42,57,200,9.70,"1,940.00"
2020-11-11,2020111104001297,LUK,42,58,100,9.69,969.00
2020-11-11,2020111104001290,LUK,42,17,500,9.69,"4,845.00"
2020-11-11,2020111104001289,LUK,42,7,"6,530",9.69,"63,275.70"
2020-11-11,2020111104001758,NBF2,38,58,"1,500",10.00,"15,000.00"
2020-11-11,2020111104001264,NBF2,58,54,"1,000",9.60,"9,600.00"
2020-11-11,2020111104001302,NBF2,42,38,"1,500",9.72,"14,580.00"
2020-11-11,2020111104001301,NBF2,42,6,"1,000",9.71,"9,710.00"
2020-11-11,2020111104001296,NBF2,42,49,100,9.70,970.00
2020-11-11,2020111104001295,NBF2,42,47,"24,000",9.70,"232,800.00"
2020-11-11,2020111104001410,NBF2,35,16,500,9.89,"4,945.00"
2020-11-11,2020111104001409,NBF2,35,56,"3,800",9.86,"37,468.00"
2020-11-11,2020111104001408,NBF2,35,42,"1,000",9.75,"9,750.00"
2020-11-11,2020111104001347,NBF2,58,45,"31,300",9.60,"300,480.00"
2020-11-11,2020111104001304,NBF2,42,58,"2,000",9.72,"19,440.00"
2020-11-11,2020111104001303,NBF2,42,26,"2,120",9.72,"20,606.40"
2020-11-11,2020111104001412,NBF2,35,45,"2,000",9.91,"19,820.00"
2020-11-11,2020111104001411,NBF2,35,21,"1,000",9.89,"9,890.00"
2020-11-11,2020111104001640,NBF2,45,21,200,10.00,"2,000.00"
2020-11-11,2020111104001548,NBF2,42,42,"150,000",9.91,"1,486,500.00"
2020-11-11,2020111104001690,NBF2,38,52,"1,200",10.00,"12,000.00"
2020-11-11,2020111104001689,NBF2,45,52,"3,000",10.00,"30,000.00"
2020-11-11,2020111104001688,NBF2,38,52,800,10.00,"8,000.00"
2020-11-11,2020111104001644,NBF2,38,32,"4,200",10.00,"42,000.00"
2020-11-11,2020111104001643,NBF2,45,32,"3,000",10.00,"30,000.00"
2020-11-11,2020111104001642,NBF2,45,32,"2,800",10.00,"28,000.00"
2020-11-11,2020111104001696,NBF2,50,52,"2,000",10.10,"20,200.00"
2020-11-11,2020111104001695,NBF2,50,54,"1,000",10.10,"10,100.00"
2020-11-11,2020111104001694,NBF2,50,14,"1,000",10.10,"10,100.00"
2020-11-11,2020111104001693,NBF2,50,58,500,10.10,"5,050.00"
2020-11-11,2020111104001692,NBF2,22,45,450,10.02,"4,509.00"
2020-11-11,2020111104001750,NEF,35,19,"1,127",10.00,"11,270.00"
2020-11-11,2020111104001743,NEF,35,13,966,10.00,"9,660.00"
2020-11-11,2020111104001739,NEF,35,58,"5,000",10.00,"50,000.00"
2020-11-11,2020111104001727,NEF,38,58,"1,759",10.14,"17,836.26"
2020-11-11,2020111104001726,NEF,38,8,241,10.14,"2,443.74"
2020-11-11,2020111104001697,NEF,38,6,"2,000",10.19,"20,380.00"
2020-11-11,2020111104001317,NEF,42,42,"1,414",9.78,"13,828.92"
2020-11-11,2020111104001316,NEF,42,5,"2,414",9.78,"23,608.92"
2020-11-11,2020111104001315,NEF,42,26,"3,000",9.78,"29,340.00"
2020-11-11,2020111104001314,NEF,42,38,"5,300",9.77,"51,781.00"
2020-11-11,2020111104001293,NEF,1,50,789,9.66,"7,621.74"
2020-11-11,2020111104001563,NEF,42,26,"5,000",9.97,"49,850.00"
2020-11-11,2020111104001562,NEF,42,46,"4,213",9.95,"41,919.35"
2020-11-11,2020111104001560,NEF,42,42,400,9.78,"3,912.00"
2020-11-11,2020111104001558,NEF,38,42,100,9.74,974.00
2020-11-11,2020111104001437,NEF,8,47,"1,127",9.55,"10,762.85"
2020-11-11,2020111104001318,NEF,42,51,"1,200",9.78,"11,736.00"
2020-11-11,2020111104001691,NEF,38,17,"2,000",10.20,"20,400.00"
2020-11-11,2020111104001672,NEF,25,10,"1,000",10.34,"10,340.00"
2020-11-11,2020111104001602,NEF,35,13,235,10.16,"2,387.60"
2020-11-11,2020111104001601,NEF,35,59,"11,151",10.10,"112,625.10"
2020-11-11,2020111104001565,NEF,42,34,"50,000",9.97,"498,500.00"
2020-11-11,2020111104001564,NEF,42,37,"2,414",9.97,"24,067.58"
2020-11-11,2020111104001730,NIBLPF,42,19,405,10.05,"4,070.25"
2020-11-11,2020111104001702,NIBLPF,42,10,111,10.05,"1,115.55"
2020-11-11,2020111104001646,NIBLPF,42,8,253,10.05,"2,542.65"
2020-11-11,2020111104001617,NIBLPF,42,8,354,10.05,"3,557.70"
2020-11-11,2020111104001592,NIBLPF,35,22,"19,292",10.25,"197,743.00"
2020-11-11,2020111104001555,NIBLPF,35,39,"2,525",10.25,"25,881.25"
2020-11-11,2020111104001270,NIBLPF,42,16,"2,525",10.00,"25,250.00"
2020-11-11,2020111104001269,NIBLPF,42,8,253,10.00,"2,530.00"
2020-11-11,2020111104001268,NIBLPF,42,37,"2,000",9.99,"19,980.00"
2020-11-11,2020111104001267,NIBLPF,42,45,"2,525",9.99,"25,224.75"
2020-11-11,2020111104001266,NIBLPF,42,26,135,9.99,"1,348.65"
2020-11-11,2020111104001465,NIBLPF,35,49,253,10.10,"2,555.30"
2020-11-11,2020111104001464,NIBLPF,35,41,"2,525",10.10,"25,502.50"
2020-11-11,2020111104001463,NIBLPF,35,32,"6,313",10.09,"63,698.17"
2020-11-11,2020111104001273,NIBLPF,42,1,"17,137",10.05,"172,226.85"
2020-11-11,2020111104001272,NIBLPF,42,1,"17,137",10.05,"172,226.85"
2020-11-11,2020111104001271,NIBLPF,42,1,"17,137",10.05,"172,226.85"
2020-11-11,2020111104001471,NIBLPF,35,45,"1,500",10.21,"15,315.00"
2020-11-11,2020111104001470,NIBLPF,35,49,253,10.20,"2,580.60"
2020-11-11,2020111104001469,NIBLPF,35,34,505,10.15,"5,125.75"
2020-11-11,2020111104001468,NIBLPF,35,36,"1,000",10.14,"10,140.00"
2020-11-11,2020111104001467,NIBLPF,35,49,"2,222",10.13,"22,508.86"
2020-11-11,2020111104001466,NIBLPF,35,58,505,10.12,"5,110.60"
2020-11-11,2020111104001505,NIBLPF,35,10,"2,399",10.33,"24,781.67"
2020-11-11,2020111104001504,NIBLPF,35,26,"1,370",10.32,"14,138.40"
2020-11-11,2020111104001503,NIBLPF,35,57,"2,020",10.30,"20,806.00"
2020-11-11,2020111104001502,NIBLPF,35,32,"1,729",10.30,"17,808.70"
2020-11-11,2020111104001473,NIBLPF,35,51,"1,729",10.25,"17,722.25"
2020-11-11,2020111104001472,NIBLPF,35,41,"5,000",10.25,"51,250.00"
2020-11-11,2020111104001536,NIBLPF,35,22,"10,000",10.25,"102,500.00"
2020-11-11,2020111104001510,NIBLPF,35,57,"2,020",10.33,"20,866.60"
2020-11-11,2020111104001509,NIBLPF,35,41,505,10.33,"5,216.65"
2020-11-11,2020111104001508,NIBLPF,35,29,253,10.33,"2,613.49"
2020-11-11,2020111104001507,NIBLPF,35,36,"1,525",10.33,"15,753.25"
2020-11-11,2020111104001506,NIBLPF,35,57,"19,996",10.33,"206,558.68"
2020-11-11,2020111104001668,NIBPO,39,58,50,370.00,"18,500.00"
2020-11-11,2020111104001667,NIBPO,38,58,"1,000",370.00,"370,000.00"
2020-11-11,2020111104001666,NIBPO,47,58,40,370.00,"14,800.00"
2020-11-11,2020111104001665,NIBPO,53,58,87,370.00,"32,190.00"
2020-11-11,2020111104001664,NIBPO,10,58,200,370.00,"74,000.00"
2020-11-11,2020111104001656,NIBPO,10,58,100,372.00,"37,200.00"
2020-11-11,2020111104001575,NIBPO,17,58,500,372.00,"186,000.00"
2020-11-11,2020111104001484,NIBPO,10,58,100,372.00,"37,200.00"
2020-11-11,2020111104001402,NIBPO,10,58,100,372.00,"37,200.00"
2020-11-11,2020111104001360,NIBPO,39,58,300,372.00,"111,600.00"
2020-11-11,2020111104001287,NIBPO,42,58,500,372.00,"186,000.00"
2020-11-11,2020111104001265,NIBPO,10,58,200,373.00,"74,600.00"
2020-11-11,2020111104001417,NIBSF1,35,36,"7,000",10.86,"76,020.00"
2020-11-11,2020111104001416,NIBSF1,35,7,"10,000",10.85,"108,500.00"
2020-11-11,2020111104001338,NIBSF1,42,47,"1,000",10.65,"10,650.00"
2020-11-11,2020111104001337,NIBSF1,42,36,"10,000",10.65,"106,500.00"
2020-11-11,2020111104001336,NIBSF1,42,51,"38,000",10.65,"404,700.00"
2020-11-11,2020111104001326,NIBSF1,42,56,400,10.45,"4,180.00"
2020-11-11,2020111104001325,NIBSF1,42,50,"1,000",10.45,"10,450.00"
2020-11-11,2020111104001324,NIBSF1,42,7,"3,545",10.45,"37,045.25"
2020-11-11,2020111104001323,NIBSF1,42,49,"5,000",10.40,"52,000.00"
2020-11-11,2020111104001322,NIBSF1,42,6,"1,000",10.39,"10,390.00"
2020-11-11,2020111104001321,NIBSF1,42,51,"2,000",10.38,"20,760.00"
2020-11-11,2020111104001320,NIBSF1,42,57,"5,000",10.30,"51,500.00"
2020-11-11,2020111104001535,NICAD8283,13,58,50,"1,145.00","57,250.00"
2020-11-11,2020111104001751,NICBF,42,45,130,10.17,"1,322.10"
2020-11-11,2020111104001671,NICBF,38,57,850,9.98,"8,483.00"
2020-11-11,2020111104001343,NICBF,42,58,"1,500",9.79,"14,685.00"
2020-11-11,2020111104001342,NICBF,42,28,"1,900",9.78,"18,582.00"
2020-11-11,2020111104001341,NICBF,42,28,"2,250",9.77,"21,982.50"
2020-11-11,2020111104001747,NICGF,42,57,500,11.10,"5,550.00"
2020-11-11,2020111104001746,NICGF,42,16,"2,000",11.00,"22,000.00"
2020-11-11,2020111104001745,NICGF,42,40,"10,000",11.00,"110,000.00"
2020-11-11,2020111104001715,NICGF,50,36,100,11.00,"1,100.00"
2020-11-11,2020111104001714,NICGF,50,41,"9,000",11.00,"99,000.00"
2020-11-11,2020111104001713,NICGF,50,6,100,10.96,"1,096.00"
2020-11-11,2020111104001352,NICGF,42,45,"5,000",10.68,"53,400.00"
2020-11-11,2020111104001351,NICGF,42,26,"4,500",10.67,"48,015.00"
2020-11-11,2020111104001350,NICGF,42,28,"1,000",10.67,"10,670.00"
2020-11-11,2020111104001349,NICGF,42,22,500,10.65,"5,325.00"
2020-11-11,2020111104001348,NICGF,42,49,"1,000",10.64,"10,640.00"
2020-11-11,2020111104001358,NICGF,42,37,500,10.70,"5,350.00"
2020-11-11,2020111104001357,NICGF,42,38,500,10.70,"5,350.00"
2020-11-11,2020111104001356,NICGF,42,49,200,10.70,"2,140.00"
2020-11-11,2020111104001355,NICGF,42,49,200,10.70,"2,140.00"
2020-11-11,2020111104001354,NICGF,42,6,"3,000",10.70,"32,100.00"
2020-11-11,2020111104001353,NICGF,42,45,"1,000",10.70,"10,700.00"
2020-11-11,2020111104001423,NICGF,42,49,"1,300",10.75,"13,975.00"
2020-11-11,2020111104001422,NICGF,42,28,"100,000",10.73,"1,073,000.00"
2020-11-11,2020111104001421,NICGF,42,40,"5,850",10.72,"62,712.00"
2020-11-11,2020111104001420,NICGF,42,47,350,10.71,"3,748.50"
2020-11-11,2020111104001419,NICGF,42,51,"2,650",10.71,"28,381.50"
2020-11-11,2020111104001418,NICGF,42,19,"10,500",10.70,"112,350.00"
2020-11-11,2020111104001706,NICGF,50,32,500,10.81,"5,405.00"
2020-11-11,2020111104001630,NICGF,57,58,500,10.80,"5,400.00"
2020-11-11,2020111104001629,NICGF,57,21,"20,000",10.80,"216,000.00"
2020-11-11,2020111104001628,NICGF,57,57,"1,100",10.75,"11,825.00"
2020-11-11,2020111104001439,NICGF,50,41,"5,000",10.75,"53,750.00"
2020-11-11,2020111104001438,NICGF,50,49,"3,700",10.75,"39,775.00"
2020-11-11,2020111104001712,NICGF,50,45,"6,300",10.96,"69,048.00"
2020-11-11,2020111104001711,NICGF,50,13,"5,000",10.95,"54,750.00"
2020-11-11,2020111104001710,NICGF,50,57,500,10.90,"5,450.00"
2020-11-11,2020111104001709,NICGF,50,57,500,10.90,"5,450.00"
2020-11-11,2020111104001708,NICGF,50,57,500,10.90,"5,450.00"
2020-11-11,2020111104001707,NICGF,50,45,"1,000",10.90,"10,900.00"
2020-11-11,2020111104001682,NMB50,50,34,500,10.30,"5,150.00"
2020-11-11,2020111104001681,NMB50,50,38,"5,000",10.29,"51,450.00"
2020-11-11,2020111104001680,NMB50,50,59,"5,000",10.25,"51,250.00"
2020-11-11,2020111104001679,NMB50,50,57,"5,000",10.20,"51,000.00"
2020-11-11,2020111104001670,NMB50,50,35,500,10.14,"5,070.00"
2020-11-11,2020111104001636,NMB50,50,6,200,9.95,"1,990.00"
2020-11-11,2020111104001340,NMB50,50,58,400,10.00,"4,000.00"
2020-11-11,2020111104001285,NMB50,50,17,200,10.00,"2,000.00"
2020-11-11,2020111104001752,NMBHF1,22,19,763,10.05,"7,668.15"
2020-11-11,2020111104001645,NMBHF1,22,6,"1,000",10.05,"10,050.00"
2020-11-11,2020111104001584,NMBHF1,11,19,"1,000",10.00,"10,000.00"
2020-11-11,2020111104001526,NMBHF1,42,26,"5,000",10.19,"50,950.00"
2020-11-11,2020111104001525,NMBHF1,42,45,"5,000",10.18,"50,900.00"
2020-11-11,2020111104001524,NMBHF1,42,26,"3,612",10.18,"36,770.16"
2020-11-11,2020111104001511,NMBHF1,42,37,"1,577",10.09,"15,911.93"
2020-11-11,2020111104001454,NMBHF1,45,17,"4,161",10.00,"41,610.00"
2020-11-11,2020111104001453,NMBHF1,45,56,100,10.00,"1,000.00"
2020-11-11,2020111104001449,NMBHF1,51,47,"1,577",9.91,"15,628.07"
2020-11-11,2020111104001517,NMBHF1,42,50,250,10.12,"2,530.00"
2020-11-11,2020111104001516,NMBHF1,42,50,250,10.12,"2,530.00"
2020-11-11,2020111104001515,NMBHF1,42,50,250,10.12,"2,530.00"
2020-11-11,2020111104001514,NMBHF1,42,50,250,10.12,"2,530.00"
2020-11-11,2020111104001513,NMBHF1,42,7,"10,000",10.12,"101,200.00"
2020-11-11,2020111104001512,NMBHF1,42,6,"8,370",10.10,"84,537.00"
2020-11-11,2020111104001523,NMBHF1,42,59,"4,732",10.18,"48,171.76"
2020-11-11,2020111104001522,NMBHF1,42,49,416,10.15,"4,222.40"
2020-11-11,2020111104001521,NMBHF1,42,45,"1,664",10.14,"16,872.96"
2020-11-11,2020111104001520,NMBHF1,42,36,"4,161",10.14,"42,192.54"
2020-11-11,2020111104001519,NMBHF1,42,26,"5,000",10.13,"50,650.00"
2020-11-11,2020111104001518,NMBHF1,42,32,"21,700",10.12,"219,604.00"
2020-11-11,2020111104001749,RBCLPO,38,1,100,"13,800.00","1,380,000.00"
2020-11-11,2020111104001748,RBCLPO,38,33,10,"13,799.00","137,990.00"
2020-11-11,2020111104001703,RBCLPO,59,59,150,"13,800.00","2,070,000.00"
2020-11-11,2020111104001698,RBCLPO,58,54,50,"13,837.00","691,850.00"
2020-11-11,2020111104001684,RBCLPO,58,33,50,"13,837.00","691,850.00"
2020-11-11,2020111104001683,RBCLPO,58,17,100,"13,837.00","1,383,700.00"
2020-11-11,2020111104001384,RBCLPO,54,54,200,"12,800.00","2,560,000.00"
2020-11-11,2020111104001313,RBCLPO,59,56,10,"12,900.00","129,000.00"
2020-11-11,2020111104001294,RBCLPO,19,56,10,"12,900.00","129,000.00"
2020-11-11,2020111104001277,RBCLPO,39,51,20,"13,000.00","260,000.00"
2020-11-11,2020111104001276,RBCLPO,39,33,17,"12,999.00","220,983.00"
2020-11-11,2020111104001275,RBCLPO,39,6,10,"12,995.00","129,950.00"
2020-11-11,2020111104001391,RBCLPO,58,33,10,"13,000.00","130,000.00"
2020-11-11,2020111104001390,RBCLPO,58,48,20,"13,000.00","260,000.00"
2020-11-11,2020111104001389,RBCLPO,58,32,10,"13,000.00","130,000.00"
2020-11-11,2020111104001388,RBCLPO,58,32,40,"13,000.00","520,000.00"
2020-11-11,2020111104001387,RBCLPO,58,49,20,"12,998.00","259,960.00"
2020-11-11,2020111104001386,RBCLPO,58,33,10,"12,997.00","129,970.00"
2020-11-11,2020111104001462,RBCLPO,59,18,50,"13,099.00","654,950.00"
2020-11-11,2020111104001458,RBCLPO,4,59,15,"13,050.00","195,750.00"
2020-11-11,2020111104001457,RBCLPO,4,59,10,"13,050.00","130,500.00"
2020-11-11,2020111104001456,RBCLPO,49,59,10,"13,050.00","130,500.00"
2020-11-11,2020111104001433,RBCLPO,19,33,10,"13,049.00","130,490.00"
2020-11-11,2020111104001392,RBCLPO,58,33,20,"13,000.00","260,000.00"
2020-11-11,2020111104001607,RBCLPO,59,17,50,"13,239.00","661,950.00"
2020-11-11,2020111104001606,RBCLPO,59,59,10,"13,200.00","132,000.00"
2020-11-11,2020111104001605,RBCLPO,59,44,50,"13,200.00","660,000.00"
2020-11-11,2020111104001604,RBCLPO,59,7,10,"13,124.00","131,240.00"
2020-11-11,2020111104001583,RBCLPO,3,22,10,"13,100.00","131,000.00"
2020-11-11,2020111104001582,RBCLPO,3,22,10,"13,100.00","131,000.00"
2020-11-11,2020111104001614,RBCLPO,59,3,10,"13,275.00","132,750.00"
2020-11-11,2020111104001613,RBCLPO,59,33,20,"13,260.00","265,200.00"
2020-11-11,2020111104001612,RBCLPO,59,59,10,"13,260.00","132,600.00"
2020-11-11,2020111104001611,RBCLPO,59,33,20,"13,258.00","265,160.00"
2020-11-11,2020111104001610,RBCLPO,59,3,10,"13,255.00","132,550.00"
2020-11-11,2020111104001608,RBCLPO,59,42,10,"13,239.00","132,390.00"
2020-11-11,2020111104001676,RBCLPO,58,22,19,"13,837.00","262,903.00"
2020-11-11,2020111104001675,RBCLPO,58,44,10,"13,837.00","138,370.00"
2020-11-11,2020111104001674,RBCLPO,58,39,15,"13,830.00","207,450.00"
2020-11-11,2020111104001655,RBCLPO,39,44,10,"13,566.00","135,660.00"
2020-11-11,2020111104001616,RBCLPO,59,33,20,"13,300.00","266,000.00"
2020-11-11,2020111104001615,RBCLPO,59,16,50,"13,300.00","665,000.00"
2020-11-11,2020111104001756,SAEF,42,58,"10,000",11.10,"111,000.00"
2020-11-11,2020111104001755,SAEF,42,14,"2,000",11.10,"22,200.00"
2020-11-11,2020111104001754,SAEF,42,58,"9,000",11.10,"99,900.00"
2020-11-11,2020111104001753,SAEF,42,42,"7,500",11.01,"82,575.00"
2020-11-11,2020111104001657,SAEF,47,6,"5,000",11.14,"55,700.00"
2020-11-11,2020111104001639,SAEF,35,26,"5,000",11.00,"55,000.00"
2020-11-11,2020111104001274,SAEF,58,32,100,10.75,"1,075.00"
2020-11-11,2020111104001425,SAEF,32,32,"5,000",10.78,"53,900.00"
2020-11-11,2020111104001424,SAEF,32,17,"2,900",10.75,"31,175.00"
2020-11-11,2020111104001393,SAEF,38,17,"2,000",10.75,"21,500.00"
2020-11-11,2020111104001345,SAEF,38,17,100,10.75,"1,075.00"
2020-11-11,2020111104001344,SAEF,38,32,"1,900",10.75,"20,425.00"
2020-11-11,2020111104001339,SAEF,21,32,"3,000",10.75,"32,250.00"
2020-11-11,2020111104001431,SAEF,32,58,"2,000",10.80,"21,600.00"
2020-11-11,2020111104001430,SAEF,32,11,460,10.80,"4,968.00"
2020-11-11,2020111104001429,SAEF,32,34,"5,000",10.80,"54,000.00"
2020-11-11,2020111104001428,SAEF,32,22,"4,000",10.80,"43,200.00"
2020-11-11,2020111104001427,SAEF,32,16,"5,000",10.80,"54,000.00"
2020-11-11,2020111104001426,SAEF,32,26,"5,000",10.79,"53,950.00"
2020-11-11,2020111104001579,SAEF,42,19,"3,500",10.80,"37,800.00"
2020-11-11,2020111104001578,SAEF,42,17,"6,550",10.80,"70,740.00"
2020-11-11,2020111104001577,SAEF,47,17,"1,000",10.80,"10,800.00"
2020-11-11,2020111104001576,SAEF,47,57,"4,000",10.79,"43,160.00"
2020-11-11,2020111104001534,SAEF,32,17,640,10.80,"6,912.00"
2020-11-11,2020111104001530,SAEF,25,13,"5,000",10.81,"54,050.00"
2020-11-11,2020111104001589,SAEF,35,42,525,10.85,"5,696.25"
2020-11-11,2020111104001588,SAEF,35,34,"5,000",10.84,"54,200.00"
2020-11-11,2020111104001587,SAEF,35,58,275,10.82,"2,975.50"
2020-11-11,2020111104001586,SAEF,35,34,200,10.82,"2,164.00"
2020-11-11,2020111104001581,SAEF,42,19,"6,000",10.80,"64,800.00"
2020-11-11,2020111104001580,SAEF,42,34,"10,000",10.80,"108,000.00"
2020-11-11,2020111104001635,SAEF,35,53,"24,375",10.95,"266,906.25"
2020-11-11,2020111104001609,SAEF,35,53,625,10.96,"6,850.00"
2020-11-11,2020111104001597,SAEF,35,36,"10,000",10.96,"109,600.00"
2020-11-11,2020111104001596,SAEF,35,45,"5,000",10.92,"54,600.00"
2020-11-11,2020111104001595,SAEF,35,16,100,10.92,"1,092.00"
2020-11-11,2020111104001594,SAEF,35,42,275,10.85,"2,983.75"
2020-11-11,2020111104001649,SEF,50,39,"4,500",10.71,"48,195.00"
2020-11-11,2020111104001648,SEF,50,44,"20,000",10.71,"214,200.00"
2020-11-11,2020111104001647,SEF,50,38,500,10.70,"5,350.00"
2020-11-11,2020111104001627,SEF,35,41,"4,740",10.50,"49,770.00"
2020-11-11,2020111104001626,SEF,35,39,"4,800",10.50,"50,400.00"
2020-11-11,2020111104001625,SEF,35,58,"2,000",10.50,"21,000.00"
2020-11-11,2020111104001370,SEF,45,19,"1,000",10.20,"10,200.00"
2020-11-11,2020111104001369,SEF,45,34,"1,000",10.20,"10,200.00"
2020-11-11,2020111104001368,SEF,45,49,300,10.20,"3,060.00"
2020-11-11,2020111104001442,SEF,42,45,"2,400",10.29,"24,696.00"
2020-11-11,2020111104001375,SEF,45,41,"50,000",10.25,"512,500.00"
2020-11-11,2020111104001374,SEF,45,41,"15,000",10.25,"153,750.00"
2020-11-11,2020111104001373,SEF,45,41,"1,000",10.24,"10,240.00"
2020-11-11,2020111104001372,SEF,45,7,"5,290",10.24,"54,169.60"
2020-11-11,2020111104001371,SEF,45,39,"4,950",10.21,"50,539.50"
2020-11-11,2020111104001448,SEF,42,4,"5,000",10.30,"51,500.00"
2020-11-11,2020111104001447,SEF,42,17,"2,500",10.30,"25,750.00"
2020-11-11,2020111104001446,SEF,42,26,300,10.30,"3,090.00"
2020-11-11,2020111104001445,SEF,42,42,500,10.30,"5,150.00"
2020-11-11,2020111104001444,SEF,42,13,"2,500",10.30,"25,750.00"
2020-11-11,2020111104001443,SEF,42,51,500,10.30,"5,150.00"
2020-11-11,2020111104001618,SEF,35,21,200,10.35,"2,070.00"
2020-11-11,2020111104001573,SEF,42,21,"1,800",10.35,"18,630.00"
2020-11-11,2020111104001572,SEF,42,42,"3,700",10.34,"38,258.00"
2020-11-11,2020111104001571,SEF,42,53,"20,000",10.31,"206,200.00"
2020-11-11,2020111104001570,SEF,42,34,"2,000",10.31,"20,620.00"
2020-11-11,2020111104001569,SEF,42,50,500,10.30,"5,150.00"
2020-11-11,2020111104001624,SEF,35,34,"1,000",10.50,"10,500.00"
2020-11-11,2020111104001623,SEF,35,47,500,10.50,"5,250.00"
2020-11-11,2020111104001622,SEF,35,45,800,10.45,"8,360.00"
2020-11-11,2020111104001621,SEF,35,41,"1,300",10.40,"13,520.00"
2020-11-11,2020111104001620,SEF,35,13,500,10.39,"5,195.00"
2020-11-11,2020111104001619,SEF,35,29,900,10.39,"9,351.00"
2020-11-11,2020111104001659,SFMF,34,58,200,10.49,"2,098.00"
2020-11-11,2020111104001460,SFMF,42,21,"5,000",10.29,"51,450.00"
2020-11-11,2020111104001459,SFMF,42,49,"2,000",10.29,"20,580.00"
2020-11-11,2020111104001382,SFMF,34,6,500,10.29,"5,145.00"
2020-11-11,2020111104001381,SFMF,34,14,100,10.25,"1,025.00"
2020-11-11,2020111104001380,SFMF,34,41,500,10.22,"5,110.00"
2020-11-11,2020111104001379,SFMF,34,11,500,10.18,"5,090.00"
2020-11-11,2020111104001378,SFMF,34,45,200,10.10,"2,020.00"
2020-11-11,2020111104001729,SGI,57,38,10,548.00,"5,480.00"
2020-11-11,2020111104001728,SGI,57,38,10,548.00,"5,480.00"
2020-11-11,2020111104001725,SGI,57,38,10,548.00,"5,480.00"
2020-11-11,2020111104001723,SGI,57,38,10,548.00,"5,480.00"
2020-11-11,2020111104001701,SGI,57,58,10,548.00,"5,480.00"
2020-11-11,2020111104001685,SGI,57,51,10,548.00,"5,480.00"
2020-11-11,2020111104001259,SGI,57,42,10,548.00,"5,480.00"
2020-11-11,2020111104001400,SGI,57,58,10,548.00,"5,480.00"
2020-11-11,2020111104001359,SGI,57,58,10,548.00,"5,480.00"
2020-11-11,2020111104001311,SGI,57,19,10,548.00,"5,480.00"
2020-11-11,2020111104001281,SGI,57,14,10,548.00,"5,480.00"
2020-11-11,2020111104001261,SGI,57,49,10,548.00,"5,480.00"
2020-11-11,2020111104001260,SGI,57,43,10,548.00,"5,480.00"
2020-11-11,2020111104001553,SGI,57,10,10,548.00,"5,480.00"
2020-11-11,2020111104001552,SGI,57,10,10,548.00,"5,480.00"
2020-11-11,2020111104001551,SGI,57,10,10,548.00,"5,480.00"
2020-11-11,2020111104001450,SGI,57,42,10,548.00,"5,480.00"
2020-11-11,2020111104001407,SGI,57,19,10,548.00,"5,480.00"
2020-11-11,2020111104001405,SGI,57,49,10,548.00,"5,480.00"
2020-11-11,2020111104001567,SGI,57,10,10,548.00,"5,480.00"
2020-11-11,2020111104001566,SGI,57,10,10,548.00,"5,480.00"
2020-11-11,2020111104001561,SGI,57,10,10,548.00,"5,480.00"
2020-11-11,2020111104001559,SGI,57,10,10,548.00,"5,480.00"
2020-11-11,2020111104001557,SGI,57,10,10,548.00,"5,480.00"
2020-11-11,2020111104001554,SGI,57,10,10,548.00,"5,480.00"
2020-11-11,2020111104001603,SGI,57,10,10,548.00,"5,480.00"
2020-11-11,2020111104001600,SGI,57,10,10,548.00,"5,480.00"
2020-11-11,2020111104001593,SGI,57,10,10,548.00,"5,480.00"
2020-11-11,2020111104001590,SGI,57,10,10,548.00,"5,480.00"
2020-11-11,2020111104001574,SGI,57,10,10,548.00,"5,480.00"
2020-11-11,2020111104001568,SGI,57,10,10,548.00,"5,480.00"
2020-11-11,2020111104001300,STC,16,34,15,"5,445.00","81,675.00"
2020-11-11,2020111104001299,STC,43,34,20,"5,445.00","108,900.00"
2020-11-11,2020111104001298,STC,58,34,15,"5,445.00","81,675.00"
2020-11-11,2020111104001054,BBC,58,32,10,"2,502.00","25,020.00"
2020-11-11,2020111104001053,BBC,37,32,20,"2,502.00","50,040.00"
2020-11-11,2020111104000973,BBC,58,3,21,"2,502.00","52,542.00"
2020-11-11,2020111104000969,BBC,58,49,10,"2,502.00","25,020.00"
2020-11-11,2020111104000941,BBC,39,43,100,"2,475.00","247,500.00"
2020-11-11,2020111104000939,BBC,32,43,50,"2,475.00","123,750.00"
2020-11-11,2020111104000785,BBC,49,48,50,"2,502.00","125,100.00"
2020-11-11,2020111104000784,BBC,57,48,89,"2,502.00","222,678.00"
2020-11-11,2020111104000783,BBC,57,43,111,"2,502.00","277,722.00"
2020-11-11,2020111104000782,BBC,45,43,40,"2,502.00","100,080.00"
2020-11-11,2020111104000781,BBC,39,43,99,"2,502.00","247,698.00"
2020-11-11,2020111104000773,BBC,39,43,100,"2,502.00","250,200.00"
2020-11-11,2020111104000825,BBC,6,45,10,"2,502.00","25,020.00"
2020-11-11,2020111104000822,BBC,6,25,15,"2,502.00","37,530.00"
2020-11-11,2020111104000813,BBC,48,43,45,"2,502.00","112,590.00"
2020-11-11,2020111104000798,BBC,58,43,30,"2,502.00","75,060.00"
2020-11-11,2020111104000787,BBC,37,48,21,"2,502.00","52,542.00"
2020-11-11,2020111104000786,BBC,32,48,80,"2,502.00","200,160.00"
2020-11-11,2020111104000929,BBC,16,43,20,"2,461.00","49,220.00"
2020-11-11,2020111104000928,BBC,32,43,30,"2,470.00","74,100.00"
2020-11-11,2020111104000893,BBC,50,43,50,"2,502.00","125,100.00"
2020-11-11,2020111104000884,BBC,3,43,250,"2,502.00","625,500.00"
2020-11-11,2020111104000883,BBC,3,45,100,"2,502.00","250,200.00"
2020-11-11,2020111104000882,BBC,3,32,50,"2,502.00","125,100.00"
2020-11-11,2020111104001038,CMF1,16,49,200,10.01,"2,002.00"
2020-11-11,2020111104001014,CMF1,16,58,"4,800",10.20,"48,960.00"
2020-11-11,2020111104001013,CMF1,16,49,"4,000",10.16,"40,640.00"
2020-11-11,2020111104001012,CMF1,16,26,"1,200",10.16,"12,192.00"
2020-11-11,2020111104000794,CMF1,45,26,"3,800",10.16,"38,608.00"
2020-11-11,2020111104000793,CMF1,45,7,"10,000",10.14,"101,400.00"
2020-11-11,2020111104000792,CMF1,45,42,"5,000",10.14,"50,700.00"
2020-11-11,2020111104000791,CMF1,45,26,"5,000",10.13,"50,650.00"
2020-11-11,2020111104000790,CMF1,45,40,"1,200",10.12,"12,144.00"
2020-11-11,2020111104000789,CMF1,45,11,"5,000",10.10,"50,500.00"
2020-11-11,2020111104001104,GBD80/81,19,25,25,"1,060.00","26,500.00"
2020-11-11,2020111104001258,GIC,37,43,10,539.00,"5,390.00"
2020-11-11,2020111104001257,GIC,38,17,10,540.00,"5,400.00"
2020-11-11,2020111104001251,GIC,38,58,10,540.00,"5,400.00"
2020-11-11,2020111104001250,GIC,1,7,10,542.00,"5,420.00"
2020-11-11,2020111104001249,GIC,1,46,10,542.00,"5,420.00"
2020-11-11,2020111104001248,GIC,1,41,10,542.00,"5,420.00"
2020-11-11,2020111104000775,GIC,42,49,10,536.00,"5,360.00"
2020-11-11,2020111104000774,GIC,42,36,10,536.00,"5,360.00"
2020-11-11,2020111104000770,GIC,45,38,10,538.00,"5,380.00"
2020-11-11,2020111104000768,GIC,42,35,10,536.00,"5,360.00"
2020-11-11,2020111104000767,GIC,42,32,50,536.00,"26,800.00"
2020-11-11,2020111104000766,GIC,56,32,100,536.00,"53,600.00"
2020-11-11,2020111104000815,GIC,38,38,90,538.00,"48,420.00"
2020-11-11,2020111104000814,GIC,42,29,10,536.00,"5,360.00"
2020-11-11,2020111104000810,GIC,42,29,10,536.00,"5,360.00"
2020-11-11,2020111104000806,GIC,42,16,10,536.00,"5,360.00"
2020-11-11,2020111104000780,GIC,42,10,10,536.00,"5,360.00"
2020-11-11,2020111104000779,GIC,42,10,10,536.00,"5,360.00"
2020-11-11,2020111104000837,GIC,52,36,10,537.00,"5,370.00"
2020-11-11,2020111104000836,GIC,42,5,10,536.00,"5,360.00"
2020-11-11,2020111104000830,GIC,42,5,10,536.00,"5,360.00"
2020-11-11,2020111104000828,GIC,42,5,10,536.00,"5,360.00"
2020-11-11,2020111104000824,GIC,42,38,10,536.00,"5,360.00"
2020-11-11,2020111104000816,GIC,38,41,10,538.00,"5,380.00"
2020-11-11,2020111104000888,GIC,42,41,10,536.00,"5,360.00"
2020-11-11,2020111104000869,GIC,42,41,10,536.00,"5,360.00"
2020-11-11,2020111104000867,GIC,42,26,10,536.00,"5,360.00"
2020-11-11,2020111104000858,GIC,42,58,10,536.00,"5,360.00"
2020-11-11,2020111104000856,GIC,42,57,10,536.00,"5,360.00"
2020-11-11,2020111104000846,GIC,52,5,10,537.00,"5,370.00"
2020-11-11,2020111104000910,GIC,42,41,10,536.00,"5,360.00"
2020-11-11,2020111104000908,GIC,11,17,10,537.00,"5,370.00"
2020-11-11,2020111104000907,GIC,11,46,10,537.00,"5,370.00"
2020-11-11,2020111104000894,GIC,42,41,10,536.00,"5,360.00"
2020-11-11,2020111104000892,GIC,42,38,10,536.00,"5,360.00"
2020-11-11,2020111104000891,GIC,42,41,10,536.00,"5,360.00"
2020-11-11,2020111104000920,GIC,28,16,10,537.00,"5,370.00"
2020-11-11,2020111104000915,GIC,28,41,10,537.00,"5,370.00"
2020-11-11,2020111104000914,GIC,28,16,10,537.00,"5,370.00"
2020-11-11,2020111104000913,GIC,28,41,10,537.00,"5,370.00"
2020-11-11,2020111104000912,GIC,28,40,110,537.00,"59,070.00"
2020-11-11,2020111104000911,GIC,42,56,10,536.00,"5,360.00"
2020-11-11,2020111104000940,GIC,42,34,10,537.00,"5,370.00"
2020-11-11,2020111104000938,GIC,28,49,10,537.00,"5,370.00"
2020-11-11,2020111104000934,GIC,28,7,10,537.00,"5,370.00"
2020-11-11,2020111104000930,GIC,28,16,10,537.00,"5,370.00"
2020-11-11,2020111104000927,GIC,28,34,10,537.00,"5,370.00"
2020-11-11,2020111104000922,GIC,28,21,10,537.00,"5,370.00"
2020-11-11,2020111104000948,GIC,42,34,10,537.00,"5,370.00"
2020-11-11,2020111104000947,GIC,42,34,10,537.00,"5,370.00"
2020-11-11,2020111104000946,GIC,42,58,10,537.00,"5,370.00"
2020-11-11,2020111104000945,GIC,42,16,10,537.00,"5,370.00"
2020-11-11,2020111104000943,GIC,42,34,10,537.00,"5,370.00"
2020-11-11,2020111104000942,GIC,42,16,10,537.00,"5,370.00"
2020-11-11,2020111104000955,GIC,42,34,10,537.00,"5,370.00"
2020-11-11,2020111104000954,GIC,45,41,10,538.00,"5,380.00"
2020-11-11,2020111104000953,GIC,45,38,10,538.00,"5,380.00"
2020-11-11,2020111104000952,GIC,45,22,10,538.00,"5,380.00"
2020-11-11,2020111104000951,GIC,45,48,10,538.00,"5,380.00"
2020-11-11,2020111104000950,GIC,42,34,10,537.00,"5,370.00"
2020-11-11,2020111104000961,GIC,14,49,10,538.00,"5,380.00"
2020-11-11,2020111104000960,GIC,14,14,10,538.00,"5,380.00"
2020-11-11,2020111104000959,GIC,34,25,10,537.00,"5,370.00"
2020-11-11,2020111104000958,GIC,34,34,10,537.00,"5,370.00"
2020-11-11,2020111104000957,GIC,34,25,10,537.00,"5,370.00"
2020-11-11,2020111104000956,GIC,42,8,10,537.00,"5,370.00"
2020-11-11,2020111104000974,GIC,14,56,10,538.00,"5,380.00"
2020-11-11,2020111104000972,GIC,14,22,10,538.00,"5,380.00"
2020-11-11,2020111104000968,GIC,14,51,10,538.00,"5,380.00"
2020-11-11,2020111104000967,GIC,14,34,10,538.00,"5,380.00"
2020-11-11,2020111104000964,GIC,14,52,10,538.00,"5,380.00"
2020-11-11,2020111104000963,GIC,14,42,10,538.00,"5,380.00"
2020-11-11,2020111104000986,GIC,47,22,10,537.00,"5,370.00"
2020-11-11,2020111104000982,GIC,47,56,10,537.00,"5,370.00"
2020-11-11,2020111104000980,GIC,5,16,10,537.00,"5,370.00"
2020-11-11,2020111104000979,GIC,34,56,10,537.00,"5,370.00"
2020-11-11,2020111104000977,GIC,14,56,10,538.00,"5,380.00"
2020-11-11,2020111104000975,GIC,14,45,10,538.00,"5,380.00"
2020-11-11,2020111104001001,GIC,28,56,10,538.00,"5,380.00"
2020-11-11,2020111104001000,GIC,28,54,10,538.00,"5,380.00"
2020-11-11,2020111104000998,GIC,28,56,10,538.00,"5,380.00"
2020-11-11,2020111104000997,GIC,28,56,10,538.00,"5,380.00"
2020-11-11,2020111104000990,GIC,47,16,10,537.00,"5,370.00"
2020-11-11,2020111104000987,GIC,47,56,10,537.00,"5,370.00"
2020-11-11,2020111104001020,GIC,28,42,10,538.00,"5,380.00"
2020-11-11,2020111104001019,GIC,28,54,10,538.00,"5,380.00"
2020-11-11,2020111104001018,GIC,28,48,10,538.00,"5,380.00"
2020-11-11,2020111104001011,GIC,28,42,10,538.00,"5,380.00"
2020-11-11,2020111104001010,GIC,28,40,10,538.00,"5,380.00"
2020-11-11,2020111104001005,GIC,28,56,10,538.00,"5,380.00"
2020-11-11,2020111104001028,GIC,42,52,10,539.00,"5,390.00"
2020-11-11,2020111104001027,GIC,42,29,10,539.00,"5,390.00"
2020-11-11,2020111104001026,GIC,28,17,10,538.00,"5,380.00"
2020-11-11,2020111104001025,GIC,28,25,10,538.00,"5,380.00"
2020-11-11,2020111104001024,GIC,28,35,10,538.00,"5,380.00"
2020-11-11,2020111104001021,GIC,28,49,10,538.00,"5,380.00"
2020-11-11,2020111104001058,GIC,47,46,10,537.00,"5,370.00"
2020-11-11,2020111104001044,GIC,57,21,10,539.00,"5,390.00"
2020-11-11,2020111104001043,GIC,57,33,10,538.00,"5,380.00"
2020-11-11,2020111104001042,GIC,57,44,10,538.00,"5,380.00"
2020-11-11,2020111104001036,GIC,47,25,10,537.00,"5,370.00"
2020-11-11,2020111104001031,GIC,28,45,10,538.00,"5,380.00"
2020-11-11,2020111104001080,GIC,48,25,10,540.00,"5,400.00"
2020-11-11,2020111104001079,GIC,47,53,10,537.00,"5,370.00"
2020-11-11,2020111104001078,GIC,47,33,10,537.00,"5,370.00"
2020-11-11,2020111104001073,GIC,13,42,10,539.00,"5,390.00"
2020-11-11,2020111104001072,GIC,13,41,10,539.00,"5,390.00"
2020-11-11,2020111104001071,GIC,13,26,10,539.00,"5,390.00"
2020-11-11,2020111104001086,GIC,48,58,10,540.00,"5,400.00"
2020-11-11,2020111104001085,GIC,48,17,10,540.00,"5,400.00"
2020-11-11,2020111104001084,GIC,48,42,10,540.00,"5,400.00"
2020-11-11,2020111104001083,GIC,48,58,10,540.00,"5,400.00"
2020-11-11,2020111104001082,GIC,48,42,10,540.00,"5,400.00"
2020-11-11,2020111104001081,GIC,48,51,10,540.00,"5,400.00"
2020-11-11,2020111104001092,GIC,48,54,10,540.00,"5,400.00"
2020-11-11,2020111104001091,GIC,48,38,10,540.00,"5,400.00"
2020-11-11,2020111104001090,GIC,48,34,10,540.00,"5,400.00"
2020-11-11,2020111104001089,GIC,48,14,10,540.00,"5,400.00"
2020-11-11,2020111104001088,GIC,48,25,10,540.00,"5,400.00"
2020-11-11,2020111104001087,GIC,48,16,10,540.00,"5,400.00"
2020-11-11,2020111104001098,GIC,37,40,10,540.00,"5,400.00"
2020-11-11,2020111104001097,GIC,37,40,10,540.00,"5,400.00"
2020-11-11,2020111104001096,GIC,37,40,10,540.00,"5,400.00"
2020-11-11,2020111104001095,GIC,37,35,10,540.00,"5,400.00"
2020-11-11,2020111104001094,GIC,48,52,10,540.00,"5,400.00"
2020-11-11,2020111104001093,GIC,48,42,10,540.00,"5,400.00"
2020-11-11,2020111104001107,GIC,35,44,10,540.00,"5,400.00"
2020-11-11,2020111104001106,GIC,35,1,200,540.00,"108,000.00"
2020-11-11,2020111104001102,GIC,47,38,10,537.00,"5,370.00"
2020-11-11,2020111104001101,GIC,37,10,10,540.00,"5,400.00"
2020-11-11,2020111104001100,GIC,37,40,10,540.00,"5,400.00"
2020-11-11,2020111104001099,GIC,37,40,10,540.00,"5,400.00"
2020-11-11,2020111104001113,GIC,36,45,10,540.00,"5,400.00"
2020-11-11,2020111104001112,GIC,52,58,10,541.00,"5,410.00"
2020-11-11,2020111104001111,GIC,52,29,180,541.00,"97,380.00"
2020-11-11,2020111104001110,GIC,36,45,10,540.00,"5,400.00"
2020-11-11,2020111104001109,GIC,36,51,10,540.00,"5,400.00"
2020-11-11,2020111104001108,GIC,36,49,10,540.00,"5,400.00"
2020-11-11,2020111104001125,GIC,36,45,10,540.00,"5,400.00"
2020-11-11,2020111104001122,GIC,36,3,10,540.00,"5,400.00"
2020-11-11,2020111104001121,GIC,36,45,10,540.00,"5,400.00"
2020-11-11,2020111104001118,GIC,36,45,10,540.00,"5,400.00"
2020-11-11,2020111104001116,GIC,36,45,10,540.00,"5,400.00"
2020-11-11,2020111104001115,GIC,36,45,10,540.00,"5,400.00"
2020-11-11,2020111104001143,GIC,13,49,10,540.00,"5,400.00"
2020-11-11,2020111104001142,GIC,13,3,10,540.00,"5,400.00"
2020-11-11,2020111104001141,GIC,37,49,10,539.00,"5,390.00"
2020-11-11,2020111104001133,GIC,37,45,10,539.00,"5,390.00"
2020-11-11,2020111104001129,GIC,37,54,10,539.00,"5,390.00"
2020-11-11,2020111104001126,GIC,37,45,10,539.00,"5,390.00"
2020-11-11,2020111104001151,GIC,37,49,10,539.00,"5,390.00"
2020-11-11,2020111104001150,GIC,13,17,10,540.00,"5,400.00"
2020-11-11,2020111104001149,GIC,13,49,10,540.00,"5,400.00"
2020-11-11,2020111104001148,GIC,13,37,10,540.00,"5,400.00"
2020-11-11,2020111104001146,GIC,13,49,10,540.00,"5,400.00"
2020-11-11,2020111104001144,GIC,13,49,10,540.00,"5,400.00"
2020-11-11,2020111104001158,GIC,17,41,10,541.00,"5,410.00"
2020-11-11,2020111104001157,GIC,17,47,70,541.00,"37,870.00"
2020-11-11,2020111104001156,GIC,17,44,10,540.00,"5,400.00"
2020-11-11,2020111104001154,GIC,37,49,10,539.00,"5,390.00"
2020-11-11,2020111104001153,GIC,37,49,10,539.00,"5,390.00"
2020-11-11,2020111104001152,GIC,37,17,10,539.00,"5,390.00"
2020-11-11,2020111104001164,GIC,17,38,10,542.00,"5,420.00"
2020-11-11,2020111104001163,GIC,17,41,150,542.00,"81,300.00"
2020-11-11,2020111104001162,GIC,17,17,10,542.00,"5,420.00"
2020-11-11,2020111104001161,GIC,17,41,50,542.00,"27,100.00"
2020-11-11,2020111104001160,GIC,17,10,10,542.00,"5,420.00"
2020-11-11,2020111104001159,GIC,17,10,10,542.00,"5,420.00"
2020-11-11,2020111104001173,GIC,17,26,110,543.00,"59,730.00"
2020-11-11,2020111104001172,GIC,17,52,10,543.00,"5,430.00"
2020-11-11,2020111104001171,GIC,17,36,10,543.00,"5,430.00"
2020-11-11,2020111104001167,GIC,17,11,10,542.00,"5,420.00"
2020-11-11,2020111104001166,GIC,17,52,20,542.00,"10,840.00"
2020-11-11,2020111104001165,GIC,17,42,10,542.00,"5,420.00"
2020-11-11,2020111104001192,GIC,35,41,10,541.00,"5,410.00"
2020-11-11,2020111104001191,GIC,11,50,10,540.00,"5,400.00"
2020-11-11,2020111104001189,GIC,11,56,10,540.00,"5,400.00"
2020-11-11,2020111104001179,GIC,11,19,10,540.00,"5,400.00"
2020-11-11,2020111104001175,GIC,11,1,10,540.00,"5,400.00"
2020-11-11,2020111104001174,GIC,11,49,10,540.00,"5,400.00"
2020-11-11,2020111104001202,GIC,11,57,10,540.00,"5,400.00"
2020-11-11,2020111104001200,GIC,11,8,10,540.00,"5,400.00"
2020-11-11,2020111104001199,GIC,11,33,10,540.00,"5,400.00"
2020-11-11,2020111104001195,GIC,35,14,10,542.00,"5,420.00"
2020-11-11,2020111104001194,GIC,35,41,10,542.00,"5,420.00"
2020-11-11,2020111104001193,GIC,35,22,10,542.00,"5,420.00"
2020-11-11,2020111104001215,GIC,43,35,10,540.00,"5,400.00"
2020-11-11,2020111104001214,GIC,3,47,10,542.00,"5,420.00"
2020-11-11,2020111104001212,GIC,43,17,10,540.00,"5,400.00"
2020-11-11,2020111104001205,GIC,43,45,10,540.00,"5,400.00"
2020-11-11,2020111104001204,GIC,11,20,10,540.00,"5,400.00"
2020-11-11,2020111104001203,GIC,11,56,10,540.00,"5,400.00"
2020-11-11,2020111104001234,GIC,43,33,10,540.00,"5,400.00"
2020-11-11,2020111104001229,GIC,43,33,10,540.00,"5,400.00"
2020-11-11,2020111104001228,GIC,43,41,10,540.00,"5,400.00"
2020-11-11,2020111104001225,GIC,43,40,25,540.00,"13,500.00"
2020-11-11,2020111104001223,GIC,43,10,10,540.00,"5,400.00"
2020-11-11,2020111104001222,GIC,43,17,10,540.00,"5,400.00"
2020-11-11,2020111104001241,GIC,38,14,10,540.00,"5,400.00"
2020-11-11,2020111104001239,GIC,38,21,10,540.00,"5,400.00"
2020-11-11,2020111104001238,GIC,38,54,10,540.00,"5,400.00"
2020-11-11,2020111104001237,GIC,38,45,35,540.00,"18,900.00"
2020-11-11,2020111104001236,GIC,43,45,65,540.00,"35,100.00"
2020-11-11,2020111104001235,GIC,43,21,10,540.00,"5,400.00"
2020-11-11,2020111104001247,GIC,1,35,10,542.00,"5,420.00"
2020-11-11,2020111104001246,GIC,1,35,10,542.00,"5,420.00"
2020-11-11,2020111104001245,GIC,1,35,10,542.00,"5,420.00"
2020-11-11,2020111104001244,GIC,1,38,10,541.00,"5,410.00"
2020-11-11,2020111104001243,GIC,1,41,10,541.00,"5,410.00"
2020-11-11,2020111104001242,GIC,38,58,10,540.00,"5,400.00"
2020-11-11,2020111104001065,GIMES1,47,28,"57,000",10.20,"581,400.00"
2020-11-11,2020111104001032,GIMES1,29,56,100,10.16,"1,016.00"
2020-11-11,2020111104000897,GIMES1,29,1,774,10.16,"7,863.84"
2020-11-11,2020111104000896,GIMES1,47,1,"43,253",10.17,"439,883.01"
2020-11-11,2020111104000895,GIMES1,45,1,"3,434",10.18,"34,958.12"
2020-11-11,2020111104000890,GIMES1,45,1,"46,566",10.18,"474,041.88"
2020-11-11,2020111104000819,GIMES1,45,51,"1,000",10.30,"10,300.00"
2020-11-11,2020111104000818,GIMES1,45,4,"5,000",10.29,"51,450.00"
2020-11-11,2020111104000817,GIMES1,45,41,"3,800",10.28,"39,064.00"
2020-11-11,2020111104000801,GIMES1,47,47,"4,747",10.17,"48,276.99"
2020-11-11,2020111104000797,GIMES1,47,47,"2,000",10.17,"20,340.00"
2020-11-11,2020111104000796,GIMES1,5,47,"3,000",10.18,"30,540.00"
2020-11-11,2020111104000889,GIMES1,45,1,895,10.35,"9,263.25"
2020-11-11,2020111104000850,GIMES1,45,14,"9,105",10.35,"94,236.75"
2020-11-11,2020111104000849,GIMES1,45,14,"10,000",10.35,"103,500.00"
2020-11-11,2020111104000848,GIMES1,45,14,"7,942",10.35,"82,199.70"
2020-11-11,2020111104000832,GIMES1,45,28,"2,058",10.30,"21,197.40"
2020-11-11,2020111104000820,GIMES1,45,28,"40,200",10.30,"414,060.00"
2020-11-11,2020111104001117,KBLD86,13,7,30,"1,040.00","31,200.00"
2020-11-11,2020111104001033,KBLD86,13,22,25,"1,040.00","26,000.00"
2020-11-11,2020111104000966,LEMF,52,58,"2,500",9.69,"24,225.00"
2020-11-11,2020111104000965,LEMF,52,56,"2,000",9.69,"19,380.00"
2020-11-11,2020111104000873,LEMF,45,45,500,9.50,"4,750.00"
2020-11-11,2020111104000831,LEMF,45,45,500,9.50,"4,750.00"
2020-11-11,2020111104001256,LUK,47,42,100,9.60,960.00
2020-11-11,2020111104001255,LUK,47,38,200,9.60,"1,920.00"
2020-11-11,2020111104001254,LUK,47,42,100,9.60,960.00
2020-11-11,2020111104001253,LUK,47,57,100,9.60,960.00
2020-11-11,2020111104001135,LUK,42,57,100,9.60,960.00
2020-11-11,2020111104000971,LUK,52,6,780,9.60,"7,488.00"
2020-11-11,2020111104000970,LUK,52,53,500,9.60,"4,800.00"
2020-11-11,2020111104000916,LUK,58,58,200,9.50,"1,900.00"
2020-11-11,2020111104000887,LUK,58,41,100,9.50,950.00
2020-11-11,2020111104001063,NBF2,1,56,100,9.70,970.00
2020-11-11,2020111104000978,NBF2,52,48,"4,000",9.70,"38,800.00"
2020-11-11,2020111104000944,NBF2,51,58,500,9.56,"4,780.00"
2020-11-11,2020111104000921,NBF2,58,7,"10,100",9.67,"97,667.00"
2020-11-11,2020111104000760,NBF2,35,57,500,9.53,"4,765.00"
2020-11-11,2020111104000881,NBF2,45,38,300,9.72,"2,916.00"
2020-11-11,2020111104000880,NBF2,45,13,100,9.69,969.00
2020-11-11,2020111104000879,NBF2,45,33,500,9.67,"4,835.00"
2020-11-11,2020111104000878,NBF2,45,49,800,9.67,"7,736.00"
2020-11-11,2020111104000877,NBF2,45,38,"3,000",9.64,"28,920.00"
2020-11-11,2020111104000876,NBF2,45,25,300,9.60,"2,880.00"
2020-11-11,2020111104001230,NEF,38,47,966,9.64,"9,312.24"
2020-11-11,2020111104001139,NEF,17,38,"4,500",9.59,"43,155.00"
2020-11-11,2020111104001138,NEF,17,19,"5,500",9.59,"52,745.00"
2020-11-11,2020111104001052,NEF,58,56,100,9.50,950.00
2020-11-11,2020111104001047,NEF,6,17,"2,308",9.60,"22,156.80"
2020-11-11,2020111104001046,NEF,6,58,242,9.59,"2,320.78"
2020-11-11,2020111104000981,NEF,8,17,"2,317",9.45,"21,895.65"
2020-11-11,2020111104000919,NEF,35,58,"2,172",9.59,"20,829.48"
2020-11-11,2020111104000918,NEF,35,10,"2,414",9.59,"23,150.26"
2020-11-11,2020111104000917,NEF,35,57,"2,414",9.50,"22,933.00"
2020-11-11,2020111104000795,NEF,8,35,"1,448",9.45,"13,683.60"
2020-11-11,2020111104001061,NIBLPF,35,35,"2,525",9.90,"24,997.50"
2020-11-11,2020111104001006,NIBLPF,58,58,"2,525",9.93,"25,073.25"
2020-11-11,2020111104001169,NIBPO,42,45,500,374.00,"187,000.00"
2020-11-11,2020111104001124,NIBPO,55,1,800,372.00,"297,600.00"
2020-11-11,2020111104001123,NIBPO,55,13,203,371.00,"75,313.00"
2020-11-11,2020111104001051,NIBPO,43,54,625,369.00,"230,625.00"
2020-11-11,2020111104001050,NIBPO,54,54,141,370.00,"52,170.00"
2020-11-11,2020111104001041,NIBPO,54,7,59,370.00,"21,830.00"
2020-11-11,2020111104000902,NIBPO,57,45,500,368.00,"184,000.00"
2020-11-11,2020111104000901,NIBPO,59,45,820,368.00,"301,760.00"
2020-11-11,2020111104000900,NIBPO,10,45,200,369.00,"73,800.00"
2020-11-11,2020111104000871,NIBPO,59,10,200,368.00,"73,600.00"
2020-11-11,2020111104001029,NIBPO,17,7,670,370.00,"247,900.00"
2020-11-11,2020111104000909,NIBPO,17,45,330,366.00,"120,780.00"
2020-11-11,2020111104000906,NIBPO,8,45,"1,000",366.00,"366,000.00"
2020-11-11,2020111104000905,NIBPO,39,45,100,366.00,"36,600.00"
2020-11-11,2020111104000904,NIBPO,8,45,"1,000",367.00,"367,000.00"
2020-11-11,2020111104000903,NIBPO,8,45,50,367.00,"18,350.00"
2020-11-11,2020111104001233,NIBSF1,6,26,"3,000",10.26,"30,780.00"
2020-11-11,2020111104001232,NIBSF1,47,26,"2,000",10.28,"20,560.00"
2020-11-11,2020111104001201,NIBSF1,17,26,"5,000",10.29,"51,450.00"
2020-11-11,2020111104001060,NIBSF1,17,45,"2,000",10.34,"20,680.00"
2020-11-11,2020111104001231,NICAD8283,13,41,25,"1,145.00","28,625.00"
2020-11-11,2020111104000994,NICBF,22,42,500,9.60,"4,800.00"
2020-11-11,2020111104000811,NICBF,5,42,"1,000",9.60,"9,600.00"
2020-11-11,2020111104001120,NICGF,41,17,"1,500",10.60,"15,900.00"
2020-11-11,2020111104001119,NICGF,41,10,"5,000",10.59,"52,950.00"
2020-11-11,2020111104001066,NICGF,50,56,160,10.53,"1,684.80"
2020-11-11,2020111104001017,NICGF,50,41,500,10.53,"5,265.00"
2020-11-11,2020111104001016,NICGF,50,41,500,10.53,"5,265.00"
2020-11-11,2020111104000931,NICGF,50,6,300,10.52,"3,156.00"
2020-11-11,2020111104000769,NICGF,58,35,200,10.50,"2,100.00"
2020-11-11,2020111104000765,NICGF,50,28,"100,000",10.50,"1,050,000.00"
2020-11-11,2020111104000764,NICGF,50,42,200,10.50,"2,100.00"
2020-11-11,2020111104000763,NICGF,50,35,"10,000",10.50,"105,000.00"
2020-11-11,2020111104000762,NICGF,50,58,300,10.50,"3,150.00"
2020-11-11,2020111104000761,NICGF,50,57,700,10.29,"7,203.00"
2020-11-11,2020111104000840,NICGF,45,52,"5,000",10.69,"53,450.00"
2020-11-11,2020111104000839,NICGF,45,41,"1,000",10.65,"10,650.00"
2020-11-11,2020111104000838,NICGF,45,42,"1,400",10.55,"14,770.00"
2020-11-11,2020111104000809,NICGF,50,28,"100,000",10.54,"1,054,000.00"
2020-11-11,2020111104000808,NICGF,50,42,200,10.53,"2,106.00"
2020-11-11,2020111104000807,NICGF,50,22,"5,000",10.53,"52,650.00"
2020-11-11,2020111104000868,NICGF,50,49,"3,000",10.52,"31,560.00"
2020-11-11,2020111104000845,NICGF,45,51,"2,350",10.71,"25,168.50"
2020-11-11,2020111104000844,NICGF,45,8,"2,000",10.70,"21,400.00"
2020-11-11,2020111104000843,NICGF,45,45,"7,500",10.70,"80,250.00"
2020-11-11,2020111104000842,NICGF,45,29,"20,000",10.70,"214,000.00"
2020-11-11,2020111104000841,NICGF,45,28,"100,000",10.70,"1,070,000.00"
2020-11-11,2020111104001114,NMB50,50,45,200,10.10,"2,020.00"
2020-11-11,2020111104001077,NMB50,50,56,100,10.00,"1,000.00"
2020-11-11,2020111104000805,NMB50,50,42,"1,000",10.00,"10,000.00"
2020-11-11,2020111104000804,NMB50,50,26,700,10.00,"7,000.00"
2020-11-11,2020111104001070,NMBHF1,29,17,"4,161",10.00,"41,610.00"
2020-11-11,2020111104001069,NMBHF1,29,49,416,10.00,"4,160.00"
2020-11-11,2020111104001004,NMBHF1,51,37,"7,887",10.00,"78,870.00"
2020-11-11,2020111104001003,NMBHF1,51,49,"1,667",10.00,"16,670.00"
2020-11-11,2020111104000999,NMBHF1,21,49,"4,643",10.00,"46,430.00"
2020-11-11,2020111104000989,NMBHF1,51,50,832,10.00,"8,320.00"
2020-11-11,2020111104000861,NMBHF1,51,59,"7,887",10.00,"78,870.00"
2020-11-11,2020111104000860,NMBHF1,51,38,"4,161",10.00,"41,610.00"
2020-11-11,2020111104000821,NMBHF1,51,7,"9,688",9.99,"96,783.12"
2020-11-11,2020111104001240,RBCLPO,32,33,10,"13,000.00","130,000.00"
2020-11-11,2020111104001224,RBCLPO,19,17,10,"13,000.00","130,000.00"
2020-11-11,2020111104001219,RBCLPO,7,17,10,"13,000.00","130,000.00"
2020-11-11,2020111104001217,RBCLPO,39,17,30,"13,000.00","390,000.00"
2020-11-11,2020111104001216,RBCLPO,39,33,20,"12,999.00","259,980.00"
2020-11-11,2020111104001210,RBCLPO,50,33,10,"12,999.00","129,990.00"
2020-11-11,2020111104000852,RBCLPO,26,59,10,"12,750.00","127,500.00"
2020-11-11,2020111104000851,RBCLPO,26,48,40,"12,749.00","509,960.00"
2020-11-11,2020111104000827,RBCLPO,32,11,20,"12,711.00","254,220.00"
2020-11-11,2020111104000826,RBCLPO,6,11,30,"12,711.00","381,330.00"
2020-11-11,2020111104000933,RBCLPO,28,28,15,"12,797.00","191,955.00"
2020-11-11,2020111104000925,RBCLPO,59,33,20,"12,799.00","255,980.00"
2020-11-11,2020111104000924,RBCLPO,59,14,20,"12,799.00","255,980.00"
2020-11-11,2020111104000855,RBCLPO,26,33,30,"12,799.00","383,970.00"
2020-11-11,2020111104000854,RBCLPO,26,33,10,"12,770.00","127,700.00"
2020-11-11,2020111104000853,RBCLPO,26,41,10,"12,760.00","127,600.00"
2020-11-11,2020111104001039,RBCLPO,39,44,40,"12,850.00","514,000.00"
2020-11-11,2020111104000996,RBCLPO,39,33,20,"12,830.00","256,600.00"
2020-11-11,2020111104000988,RBCLPO,59,16,90,"12,800.00","1,152,000.00"
2020-11-11,2020111104000984,RBCLPO,38,16,10,"12,800.00","128,000.00"
2020-11-11,2020111104000983,RBCLPO,38,18,15,"12,798.00","191,970.00"
2020-11-11,2020111104000935,RBCLPO,28,18,25,"12,798.00","319,950.00"
2020-11-11,2020111104001127,RBCLPO,19,33,10,"12,900.00","129,000.00"
2020-11-11,2020111104001059,RBCLPO,28,49,10,"12,877.00","128,770.00"
2020-11-11,2020111104001057,RBCLPO,39,34,20,"12,875.00","257,500.00"
2020-11-11,2020111104001056,RBCLPO,39,51,20,"12,875.00","257,500.00"
2020-11-11,2020111104001049,RBCLPO,34,44,50,"12,874.00","643,700.00"
2020-11-11,2020111104001048,RBCLPO,34,41,10,"12,850.00","128,500.00"
2020-11-11,2020111104001197,RBCLPO,39,33,10,"12,988.00","129,880.00"
2020-11-11,2020111104001196,RBCLPO,39,8,10,"12,988.00","129,880.00"
2020-11-11,2020111104001187,RBCLPO,50,59,10,"12,985.00","129,850.00"
2020-11-11,2020111104001136,RBCLPO,19,56,10,"12,980.00","129,800.00"
2020-11-11,2020111104001132,RBCLPO,39,42,40,"12,933.00","517,320.00"
2020-11-11,2020111104001131,RBCLPO,39,32,10,"12,933.00","129,330.00"
2020-11-11,2020111104001190,SAEF,33,28,"20,350",10.72,"218,152.00"
2020-11-11,2020111104001186,SAEF,33,28,"9,650",10.72,"103,448.00"
2020-11-11,2020111104001184,SAEF,33,56,100,10.71,"1,071.00"
2020-11-11,2020111104001183,SAEF,33,51,250,10.71,"2,677.50"
2020-11-11,2020111104001130,SAEF,16,45,"3,500",10.66,"37,310.00"
2020-11-11,2020111104001074,SAEF,26,51,250,10.71,"2,677.50"
2020-11-11,2020111104000799,SAEF,45,47,"3,000",10.71,"32,130.00"
2020-11-11,2020111104000777,SAEF,45,47,"2,000",10.71,"21,420.00"
2020-11-11,2020111104000772,SAEF,45,32,"3,000",10.72,"32,160.00"
2020-11-11,2020111104000759,SAEF,50,37,"30,000",10.71,"321,300.00"
2020-11-11,2020111104000976,SAEF,26,42,150,10.65,"1,597.50"
2020-11-11,2020111104000872,SAEF,26,45,500,10.65,"5,325.00"
2020-11-11,2020111104000859,SAEF,26,49,"2,000",10.65,"21,300.00"
2020-11-11,2020111104000823,SAEF,45,47,900,10.71,"9,639.00"
2020-11-11,2020111104000803,SAEF,45,47,"3,000",10.71,"32,130.00"
2020-11-11,2020111104000802,SAEF,45,47,"3,000",10.71,"32,130.00"
2020-11-11,2020111104001009,SAEF,51,22,"5,000",10.70,"53,500.00"
2020-11-11,2020111104001008,SAEF,51,22,"5,000",10.70,"53,500.00"
2020-11-11,2020111104001007,SAEF,51,17,"5,000",10.70,"53,500.00"
2020-11-11,2020111104001002,SAEF,51,45,"2,000",10.69,"21,380.00"
2020-11-11,2020111104000995,SAEF,51,7,"5,000",10.68,"53,400.00"
2020-11-11,2020111104000985,SAEF,26,56,"1,000",10.65,"10,650.00"
2020-11-11,2020111104001045,SAEF,26,47,"1,100",10.71,"11,781.00"
2020-11-11,2020111104001040,SAEF,51,47,"10,000",10.71,"107,100.00"
2020-11-11,2020111104001037,SAEF,51,47,"10,000",10.71,"107,100.00"
2020-11-11,2020111104001035,SAEF,51,47,"7,000",10.71,"74,970.00"
2020-11-11,2020111104001034,SAEF,51,17,"3,000",10.70,"32,100.00"
2020-11-11,2020111104001030,SAEF,51,47,"10,000",10.71,"107,100.00"
2020-11-11,2020111104000812,SBIBD86,25,42,25,"1,031.00","25,775.00"
2020-11-11,2020111104001227,SEF,14,26,"5,000",10.07,"50,350.00"
2020-11-11,2020111104001226,SEF,47,39,"1,000",10.06,"10,060.00"
2020-11-11,2020111104001221,SEF,47,43,"32,300",10.11,"326,553.00"
2020-11-11,2020111104001220,SEF,47,52,"1,460",10.10,"14,746.00"
2020-11-11,2020111104001213,SEF,47,57,500,10.06,"5,030.00"
2020-11-11,2020111104001211,SEF,47,57,500,10.06,"5,030.00"
2020-11-11,2020111104000865,SEF,45,56,"2,000",10.25,"20,500.00"
2020-11-11,2020111104000864,SEF,45,51,"3,500",10.24,"35,840.00"
2020-11-11,2020111104000863,SEF,45,34,"1,000",10.22,"10,220.00"
2020-11-11,2020111104000862,SEF,45,54,"1,000",10.20,"10,200.00"
2020-11-11,2020111104000936,SEF,17,45,"1,000",10.29,"10,290.00"
2020-11-11,2020111104000886,SEF,58,43,"100,000",10.20,"1,020,000.00"
2020-11-11,2020111104000885,SEF,58,43,"1,000",10.20,"10,200.00"
2020-11-11,2020111104000875,SEF,21,11,"5,000",10.30,"51,500.00"
2020-11-11,2020111104000874,SEF,21,47,"1,000",10.28,"10,280.00"
2020-11-11,2020111104000866,SEF,45,47,"99,000",10.28,"1,017,720.00"
2020-11-11,2020111104001067,SEF,5,43,"2,700",10.16,"27,432.00"
2020-11-11,2020111104001022,SEF,5,49,300,10.16,"3,048.00"
2020-11-11,2020111104000993,SEF,58,43,"10,000",10.20,"102,000.00"
2020-11-11,2020111104000992,SEF,58,43,"90,000",10.20,"918,000.00"
2020-11-11,2020111104000991,SEF,21,43,"10,000",10.21,"102,100.00"
2020-11-11,2020111104000937,SEF,17,43,"100,000",10.30,"1,030,000.00"
2020-11-11,2020111104001180,SEF,34,43,"7,700",10.13,"78,001.00"
2020-11-11,2020111104001177,SEF,34,38,"1,000",10.13,"10,130.00"
2020-11-11,2020111104001176,SEF,21,38,"4,000",10.13,"40,520.00"
2020-11-11,2020111104001105,SEF,21,45,"1,000",10.13,"10,130.00"
2020-11-11,2020111104001076,SEF,45,43,"100,000",10.15,"1,015,000.00"
2020-11-11,2020111104001068,SEF,50,43,"25,000",10.16,"254,000.00"
2020-11-11,2020111104001209,SEF,47,57,900,10.06,"9,054.00"
2020-11-11,2020111104001208,SEF,47,57,"4,000",10.06,"40,240.00"
2020-11-11,2020111104001198,SEF,47,22,"1,000",10.06,"10,060.00"
2020-11-11,2020111104001188,SEF,35,52,"1,000",10.10,"10,100.00"
2020-11-11,2020111104001182,SEF,47,43,"5,000",10.11,"50,550.00"
2020-11-11,2020111104001181,SEF,47,43,"5,000",10.11,"50,550.00"
2020-11-11,2020111104001103,SFMF,58,44,"95,000",10.10,"959,500.00"
2020-11-11,2020111104001075,SFMF,58,51,"5,000",10.10,"50,500.00"
2020-11-11,2020111104001062,SFMF,34,44,"14,500",10.11,"146,595.00"
2020-11-11,2020111104001023,SFMF,34,16,"1,000",10.11,"10,110.00"
2020-11-11,2020111104001015,SFMF,34,42,"3,000",10.11,"30,330.00"
2020-11-11,2020111104000923,SFMF,34,49,"1,500",10.11,"15,165.00"
2020-11-11,2020111104000847,SFMF,45,49,100,10.09,"1,009.00"
2020-11-11,2020111104000771,SFMF,45,34,100,10.09,"1,009.00"
2020-11-11,2020111104001252,SGI,57,58,10,548.00,"5,480.00"
2020-11-11,2020111104001218,SGI,57,52,10,548.00,"5,480.00"
2020-11-11,2020111104001207,SGI,57,25,10,548.00,"5,480.00"
2020-11-11,2020111104001206,SGI,57,45,10,548.00,"5,480.00"
2020-11-11,2020111104001185,SGI,57,57,10,548.00,"5,480.00"
2020-11-11,2020111104001178,SGI,57,21,10,548.00,"5,480.00"
2020-11-11,2020111104000829,SGI,57,39,10,548.00,"5,480.00"
2020-11-11,2020111104000800,SGI,57,58,10,548.00,"5,480.00"
2020-11-11,2020111104000788,SGI,57,58,10,548.00,"5,480.00"
2020-11-11,2020111104000778,SGI,57,56,10,548.00,"5,480.00"
2020-11-11,2020111104000776,SGI,57,56,10,548.00,"5,480.00"
2020-11-11,2020111104000949,SGI,57,45,10,548.00,"5,480.00"
2020-11-11,2020111104000932,SGI,57,56,10,548.00,"5,480.00"
2020-11-11,2020111104000926,SGI,57,36,10,548.00,"5,480.00"
2020-11-11,2020111104000899,SGI,57,16,10,548.00,"5,480.00"
2020-11-11,2020111104000898,SGI,57,16,10,548.00,"5,480.00"
2020-11-11,2020111104000870,SGI,57,39,10,548.00,"5,480.00"
2020-11-11,2020111104001137,SGI,57,8,10,548.00,"5,480.00"
2020-11-11,2020111104001134,SGI,57,35,10,548.00,"5,480.00"
2020-11-11,2020111104001128,SGI,57,39,10,548.00,"5,480.00"
2020-11-11,2020111104001064,SGI,57,42,10,548.00,"5,480.00"
2020-11-11,2020111104001055,SGI,57,39,10,548.00,"5,480.00"
2020-11-11,2020111104000962,SGI,57,58,10,548.00,"5,480.00"
2020-11-11,2020111104001170,SGI,57,45,10,548.00,"5,480.00"
2020-11-11,2020111104001168,SGI,57,45,10,548.00,"5,480.00"
2020-11-11,2020111104001155,SGI,57,41,10,548.00,"5,480.00"
2020-11-11,2020111104001147,SGI,57,17,10,548.00,"5,480.00"
2020-11-11,2020111104001145,SGI,57,17,10,548.00,"5,480.00"
2020-11-11,2020111104001140,SGI,57,47,10,548.00,"5,480.00"
2020-11-11,2020111104000857,STC,58,44,20,"5,445.00","108,900.00"
2020-11-11,2020111104000835,STC,58,49,265,"5,445.00","1,442,925.00"
2020-11-11,2020111104000834,STC,16,49,20,"5,445.00","108,900.00"
2020-11-11,2020111104000833,STC,28,49,20,"5,445.00","108,900.00"
2020-11-11,2020111104000735,BBC,39,45,100,"2,502.00","250,200.00"
2020-11-11,2020111104000710,BBC,39,38,10,"2,502.00","25,020.00"
2020-11-11,2020111104000709,BBC,39,48,178,"2,502.00","445,356.00"
2020-11-11,2020111104000708,BBC,39,14,13,"2,501.00","32,513.00"
2020-11-11,2020111104000693,BBC,58,48,22,"2,502.00","55,044.00"
2020-11-11,2020111104000692,BBC,58,1,10,"2,502.00","25,020.00"
2020-11-11,2020111104000391,BBC,45,1,10,"2,319.00","23,190.00"
2020-11-11,2020111104000390,BBC,38,21,25,"2,318.00","57,950.00"
2020-11-11,2020111104000389,BBC,38,50,10,"2,318.00","23,180.00"
2020-11-11,2020111104000388,BBC,48,38,10,"2,317.00","23,170.00"
2020-11-11,2020111104000365,BBC,57,32,20,"2,315.00","46,300.00"
2020-11-11,2020111104000460,BBC,28,14,20,"2,408.00","48,160.00"
2020-11-11,2020111104000456,BBC,55,14,20,"2,408.00","48,160.00"
2020-11-11,2020111104000421,BBC,38,38,10,"2,408.00","24,080.00"
2020-11-11,2020111104000420,BBC,38,1,10,"2,408.00","24,080.00"
2020-11-11,2020111104000411,BBC,28,14,20,"2,405.00","48,100.00"
2020-11-11,2020111104000400,BBC,37,38,10,"2,361.00","23,610.00"
2020-11-11,2020111104000644,BBC,39,38,10,"2,429.00","24,290.00"
2020-11-11,2020111104000643,BBC,39,10,50,"2,429.00","121,450.00"
2020-11-11,2020111104000642,BBC,39,48,100,"2,410.00","241,000.00"
2020-11-11,2020111104000641,BBC,37,48,100,"2,410.00","241,000.00"
2020-11-11,2020111104000523,BBC,58,14,10,"2,410.00","24,100.00"
2020-11-11,2020111104000515,BBC,57,45,35,"2,410.00","84,350.00"
2020-11-11,2020111104000664,BBC,39,42,100,"2,445.00","244,500.00"
2020-11-11,2020111104000663,BBC,39,50,10,"2,444.00","24,440.00"
2020-11-11,2020111104000662,BBC,39,14,30,"2,440.00","73,200.00"
2020-11-11,2020111104000661,BBC,39,45,30,"2,440.00","73,200.00"
2020-11-11,2020111104000657,BBC,39,45,20,"2,440.00","48,800.00"
2020-11-11,2020111104000656,BBC,39,14,20,"2,435.00","48,700.00"
2020-11-11,2020111104000691,BBC,32,38,20,"2,500.00","50,000.00"
2020-11-11,2020111104000685,BBC,37,38,20,"2,500.00","50,000.00"
2020-11-11,2020111104000668,BBC,39,38,10,"2,456.00","24,560.00"
2020-11-11,2020111104000667,BBC,39,6,170,"2,456.00","417,520.00"
2020-11-11,2020111104000666,BBC,39,1,10,"2,456.00","24,560.00"
2020-11-11,2020111104000665,BBC,39,48,10,"2,453.00","24,530.00"
2020-11-11,2020111104000751,CMF1,45,17,"2,000",10.11,"20,220.00"
2020-11-11,2020111104000724,CMF1,45,58,500,10.10,"5,050.00"
2020-11-11,2020111104000755,GIC,42,58,10,536.00,"5,360.00"
2020-11-11,2020111104000753,GIC,42,51,10,536.00,"5,360.00"
2020-11-11,2020111104000725,GIC,42,29,10,536.00,"5,360.00"
2020-11-11,2020111104000714,GIC,25,42,10,536.00,"5,360.00"
2020-11-11,2020111104000703,GIC,25,45,10,536.00,"5,360.00"
2020-11-11,2020111104000700,GIC,35,35,10,537.00,"5,370.00"
2020-11-11,2020111104000260,GIC,36,52,10,540.00,"5,400.00"
2020-11-11,2020111104000270,GIC,36,10,10,540.00,"5,400.00"
2020-11-11,2020111104000268,GIC,36,46,10,540.00,"5,400.00"
2020-11-11,2020111104000267,GIC,36,47,10,540.00,"5,400.00"
2020-11-11,2020111104000266,GIC,36,56,10,540.00,"5,400.00"
2020-11-11,2020111104000265,GIC,36,56,10,540.00,"5,400.00"
2020-11-11,2020111104000264,GIC,36,54,10,540.00,"5,400.00"
2020-11-11,2020111104000281,GIC,36,38,10,540.00,"5,400.00"
2020-11-11,2020111104000279,GIC,36,10,10,540.00,"5,400.00"
2020-11-11,2020111104000277,GIC,36,56,10,540.00,"5,400.00"
2020-11-11,2020111104000274,GIC,36,56,10,540.00,"5,400.00"
2020-11-11,2020111104000272,GIC,36,47,10,540.00,"5,400.00"
2020-11-11,2020111104000271,GIC,36,58,10,540.00,"5,400.00"
2020-11-11,2020111104000290,GIC,36,3,10,540.00,"5,400.00"
2020-11-11,2020111104000288,GIC,36,47,10,540.00,"5,400.00"
2020-11-11,2020111104000287,GIC,36,10,10,540.00,"5,400.00"
2020-11-11,2020111104000286,GIC,36,56,10,540.00,"5,400.00"
2020-11-11,2020111104000285,GIC,36,56,10,540.00,"5,400.00"
2020-11-11,2020111104000284,GIC,36,47,10,540.00,"5,400.00"
2020-11-11,2020111104000297,GIC,36,1,10,540.00,"5,400.00"
2020-11-11,2020111104000296,GIC,36,47,10,540.00,"5,400.00"
2020-11-11,2020111104000295,GIC,36,47,10,540.00,"5,400.00"
2020-11-11,2020111104000294,GIC,36,3,10,540.00,"5,400.00"
2020-11-11,2020111104000292,GIC,36,49,10,540.00,"5,400.00"
2020-11-11,2020111104000291,GIC,36,10,10,540.00,"5,400.00"
2020-11-11,2020111104000305,GIC,16,55,10,540.00,"5,400.00"
2020-11-11,2020111104000304,GIC,36,58,10,540.00,"5,400.00"
2020-11-11,2020111104000302,GIC,36,48,10,540.00,"5,400.00"
2020-11-11,2020111104000301,GIC,36,38,10,540.00,"5,400.00"
2020-11-11,2020111104000299,GIC,36,48,10,540.00,"5,400.00"
2020-11-11,2020111104000298,GIC,36,20,10,540.00,"5,400.00"
2020-11-11,2020111104000314,GIC,7,28,10,538.00,"5,380.00"
2020-11-11,2020111104000312,GIC,7,28,10,538.00,"5,380.00"
2020-11-11,2020111104000311,GIC,7,16,10,538.00,"5,380.00"
2020-11-11,2020111104000310,GIC,25,41,50,540.00,"27,000.00"
2020-11-11,2020111104000309,GIC,16,41,80,540.00,"43,200.00"
2020-11-11,2020111104000306,GIC,16,42,10,540.00,"5,400.00"
2020-11-11,2020111104000324,GIC,7,59,10,538.00,"5,380.00"
2020-11-11,2020111104000322,GIC,7,28,10,538.00,"5,380.00"
2020-11-11,2020111104000321,GIC,7,5,10,538.00,"5,380.00"
2020-11-11,2020111104000320,GIC,7,58,10,538.00,"5,380.00"
2020-11-11,2020111104000319,GIC,7,28,10,538.00,"5,380.00"
2020-11-11,2020111104000318,GIC,7,25,10,538.00,"5,380.00"
2020-11-11,2020111104000331,GIC,58,28,10,538.00,"5,380.00"
2020-11-11,2020111104000330,GIC,58,28,10,538.00,"5,380.00"
2020-11-11,2020111104000329,GIC,58,28,10,538.00,"5,380.00"
2020-11-11,2020111104000327,GIC,58,46,10,538.00,"5,380.00"
2020-11-11,2020111104000326,GIC,7,57,10,538.00,"5,380.00"
2020-11-11,2020111104000325,GIC,7,25,10,538.00,"5,380.00"
2020-11-11,2020111104000341,GIC,58,39,10,538.00,"5,380.00"
2020-11-11,2020111104000339,GIC,39,45,10,539.00,"5,390.00"
2020-11-11,2020111104000337,GIC,58,40,10,538.00,"5,380.00"
2020-11-11,2020111104000336,GIC,58,28,10,538.00,"5,380.00"
2020-11-11,2020111104000335,GIC,58,8,10,538.00,"5,380.00"
2020-11-11,2020111104000334,GIC,58,16,10,538.00,"5,380.00"
2020-11-11,2020111104000347,GIC,21,47,10,537.00,"5,370.00"
2020-11-11,2020111104000346,GIC,21,52,10,537.00,"5,370.00"
2020-11-11,2020111104000345,GIC,21,40,10,537.00,"5,370.00"
2020-11-11,2020111104000344,GIC,21,40,10,537.00,"5,370.00"
2020-11-11,2020111104000343,GIC,21,40,10,537.00,"5,370.00"
2020-11-11,2020111104000342,GIC,58,7,10,538.00,"5,380.00"
2020-11-11,2020111104000355,GIC,48,52,10,535.00,"5,350.00"
2020-11-11,2020111104000354,GIC,48,52,10,535.00,"5,350.00"
2020-11-11,2020111104000351,GIC,48,52,10,535.00,"5,350.00"
2020-11-11,2020111104000350,GIC,57,40,10,535.00,"5,350.00"
2020-11-11,2020111104000349,GIC,45,40,10,537.00,"5,370.00"
2020-11-11,2020111104000348,GIC,45,58,10,537.00,"5,370.00"
2020-11-11,2020111104000363,GIC,48,11,10,535.00,"5,350.00"
2020-11-11,2020111104000361,GIC,48,11,10,535.00,"5,350.00"
2020-11-11,2020111104000360,GIC,48,49,10,535.00,"5,350.00"
2020-11-11,2020111104000359,GIC,48,52,10,535.00,"5,350.00"
2020-11-11,2020111104000358,GIC,48,11,10,535.00,"5,350.00"
2020-11-11,2020111104000356,GIC,48,52,10,535.00,"5,350.00"
2020-11-11,2020111104000372,GIC,55,38,10,535.00,"5,350.00"
2020-11-11,2020111104000371,GIC,55,58,10,535.00,"5,350.00"
2020-11-11,2020111104000370,GIC,55,16,10,535.00,"5,350.00"
2020-11-11,2020111104000368,GIC,55,57,10,535.00,"5,350.00"
2020-11-11,2020111104000366,GIC,22,13,10,535.00,"5,350.00"
2020-11-11,2020111104000364,GIC,48,57,10,535.00,"5,350.00"
2020-11-11,2020111104000381,GIC,13,43,100,535.00,"53,500.00"
2020-11-11,2020111104000380,GIC,55,41,10,535.00,"5,350.00"
2020-11-11,2020111104000378,GIC,55,41,10,535.00,"5,350.00"
2020-11-11,2020111104000377,GIC,55,37,10,535.00,"5,350.00"
2020-11-11,2020111104000376,GIC,55,35,10,535.00,"5,350.00"
2020-11-11,2020111104000375,GIC,55,10,10,535.00,"5,350.00"
2020-11-11,2020111104000395,GIC,13,43,80,533.00,"42,640.00"
2020-11-11,2020111104000394,GIC,41,43,300,533.00,"159,900.00"
2020-11-11,2020111104000393,GIC,44,43,110,533.00,"58,630.00"
2020-11-11,2020111104000392,GIC,44,50,10,533.00,"5,330.00"
2020-11-11,2020111104000386,GIC,44,42,10,533.00,"5,330.00"
2020-11-11,2020111104000382,GIC,55,43,110,535.00,"58,850.00"
2020-11-11,2020111104000406,GIC,34,57,10,533.00,"5,330.00"
2020-11-11,2020111104000404,GIC,34,26,10,533.00,"5,330.00"
2020-11-11,2020111104000403,GIC,36,58,10,535.00,"5,350.00"
2020-11-11,2020111104000401,GIC,34,42,10,533.00,"5,330.00"
2020-11-11,2020111104000398,GIC,13,42,10,533.00,"5,330.00"
2020-11-11,2020111104000397,GIC,13,41,10,533.00,"5,330.00"
2020-11-11,2020111104000419,GIC,41,59,10,533.00,"5,330.00"
2020-11-11,2020111104000417,GIC,41,59,10,533.00,"5,330.00"
2020-11-11,2020111104000414,GIC,41,50,10,533.00,"5,330.00"
2020-11-11,2020111104000412,GIC,41,59,10,533.00,"5,330.00"
2020-11-11,2020111104000410,GIC,34,1,10,533.00,"5,330.00"
2020-11-11,2020111104000408,GIC,34,1,10,533.00,"5,330.00"
2020-11-11,2020111104000431,GIC,41,42,10,533.00,"5,330.00"
2020-11-11,2020111104000428,GIC,41,18,10,533.00,"5,330.00"
2020-11-11,2020111104000427,GIC,41,59,10,533.00,"5,330.00"
2020-11-11,2020111104000426,GIC,41,59,10,533.00,"5,330.00"
2020-11-11,2020111104000424,GIC,41,56,10,533.00,"5,330.00"
2020-11-11,2020111104000422,GIC,41,59,10,533.00,"5,330.00"
2020-11-11,2020111104000458,GIC,34,26,10,536.00,"5,360.00"
2020-11-11,2020111104000457,GIC,34,34,10,536.00,"5,360.00"
2020-11-11,2020111104000445,GIC,22,34,10,535.00,"5,350.00"
2020-11-11,2020111104000444,GIC,22,58,10,535.00,"5,350.00"
2020-11-11,2020111104000442,GIC,22,6,10,535.00,"5,350.00"
2020-11-11,2020111104000441,GIC,22,21,10,535.00,"5,350.00"
2020-11-11,2020111104000505,GIC,34,42,10,536.00,"5,360.00"
2020-11-11,2020111104000504,GIC,34,29,10,536.00,"5,360.00"
2020-11-11,2020111104000503,GIC,34,29,10,536.00,"5,360.00"
2020-11-11,2020111104000491,GIC,34,29,10,536.00,"5,360.00"
2020-11-11,2020111104000490,GIC,34,36,10,536.00,"5,360.00"
2020-11-11,2020111104000459,GIC,34,38,10,536.00,"5,360.00"
2020-11-11,2020111104000511,GIC,34,6,10,536.00,"5,360.00"
2020-11-11,2020111104000510,GIC,34,39,10,536.00,"5,360.00"
2020-11-11,2020111104000509,GIC,34,29,10,536.00,"5,360.00"
2020-11-11,2020111104000508,GIC,34,41,10,536.00,"5,360.00"
2020-11-11,2020111104000507,GIC,34,29,10,536.00,"5,360.00"
2020-11-11,2020111104000506,GIC,34,29,10,536.00,"5,360.00"
2020-11-11,2020111104000532,GIC,22,59,10,535.00,"5,350.00"
2020-11-11,2020111104000528,GIC,22,38,10,535.00,"5,350.00"
2020-11-11,2020111104000521,GIC,22,8,10,535.00,"5,350.00"
2020-11-11,2020111104000514,GIC,42,42,10,537.00,"5,370.00"
2020-11-11,2020111104000513,GIC,42,58,10,537.00,"5,370.00"
2020-11-11,2020111104000512,GIC,34,42,10,536.00,"5,360.00"
2020-11-11,2020111104000542,GIC,51,57,10,538.00,"5,380.00"
2020-11-11,2020111104000538,GIC,22,58,10,535.00,"5,350.00"
2020-11-11,2020111104000537,GIC,22,3,10,535.00,"5,350.00"
2020-11-11,2020111104000536,GIC,22,25,10,535.00,"5,350.00"
2020-11-11,2020111104000535,GIC,22,59,10,535.00,"5,350.00"
2020-11-11,2020111104000533,GIC,22,25,10,535.00,"5,350.00"
2020-11-11,2020111104000548,GIC,22,25,10,535.00,"5,350.00"
2020-11-11,2020111104000547,GIC,22,25,10,535.00,"5,350.00"
2020-11-11,2020111104000546,GIC,51,32,10,538.00,"5,380.00"
2020-11-11,2020111104000545,GIC,51,45,10,538.00,"5,380.00"
2020-11-11,2020111104000544,GIC,51,46,10,538.00,"5,380.00"
2020-11-11,2020111104000543,GIC,51,42,10,538.00,"5,380.00"
2020-11-11,2020111104000557,GIC,45,33,10,539.00,"5,390.00"
2020-11-11,2020111104000556,GIC,45,45,90,539.00,"48,510.00"
2020-11-11,2020111104000555,GIC,22,50,10,535.00,"5,350.00"
2020-11-11,2020111104000551,GIC,22,51,10,535.00,"5,350.00"
2020-11-11,2020111104000550,GIC,22,25,10,535.00,"5,350.00"
2020-11-11,2020111104000549,GIC,22,49,10,535.00,"5,350.00"
2020-11-11,2020111104000584,GIC,11,58,10,539.00,"5,390.00"
2020-11-11,2020111104000583,GIC,11,42,10,539.00,"5,390.00"
2020-11-11,2020111104000582,GIC,11,45,10,538.00,"5,380.00"
2020-11-11,2020111104000581,GIC,11,42,10,536.00,"5,360.00"
2020-11-11,2020111104000569,GIC,22,38,10,535.00,"5,350.00"
2020-11-11,2020111104000564,GIC,22,45,10,535.00,"5,350.00"
2020-11-11,2020111104000590,GIC,11,54,10,540.00,"5,400.00"
2020-11-11,2020111104000589,GIC,11,52,10,540.00,"5,400.00"
2020-11-11,2020111104000588,GIC,11,52,10,540.00,"5,400.00"
2020-11-11,2020111104000587,GIC,11,4,10,540.00,"5,400.00"
2020-11-11,2020111104000586,GIC,11,45,10,540.00,"5,400.00"
2020-11-11,2020111104000585,GIC,11,41,170,540.00,"91,800.00"
2020-11-11,2020111104000596,GIC,11,45,10,540.00,"5,400.00"
2020-11-11,2020111104000595,GIC,11,14,10,540.00,"5,400.00"
2020-11-11,2020111104000594,GIC,11,29,10,540.00,"5,400.00"
2020-11-11,2020111104000593,GIC,11,54,10,540.00,"5,400.00"
2020-11-11,2020111104000592,GIC,11,1,504,540.00,"272,160.00"
2020-11-11,2020111104000591,GIC,11,52,10,540.00,"5,400.00"
2020-11-11,2020111104000602,GIC,11,57,10,540.00,"5,400.00"
2020-11-11,2020111104000601,GIC,11,57,10,540.00,"5,400.00"
2020-11-11,2020111104000600,GIC,11,58,10,540.00,"5,400.00"
2020-11-11,2020111104000599,GIC,11,49,10,540.00,"5,400.00"
2020-11-11,2020111104000598,GIC,11,49,10,540.00,"5,400.00"
2020-11-11,2020111104000597,GIC,11,48,10,540.00,"5,400.00"
2020-11-11,2020111104000630,GIC,11,48,10,537.00,"5,370.00"
2020-11-11,2020111104000627,GIC,11,41,10,537.00,"5,370.00"
2020-11-11,2020111104000614,GIC,11,17,10,537.00,"5,370.00"
2020-11-11,2020111104000606,GIC,11,8,10,540.00,"5,400.00"
2020-11-11,2020111104000604,GIC,11,41,10,540.00,"5,400.00"
2020-11-11,2020111104000603,GIC,11,21,10,540.00,"5,400.00"
2020-11-11,2020111104000659,GIC,41,49,10,538.00,"5,380.00"
2020-11-11,2020111104000637,GIC,11,49,10,537.00,"5,370.00"
2020-11-11,2020111104000635,GIC,11,49,10,537.00,"5,370.00"
2020-11-11,2020111104000634,GIC,11,49,10,537.00,"5,370.00"
2020-11-11,2020111104000633,GIC,11,22,10,537.00,"5,370.00"
2020-11-11,2020111104000632,GIC,11,49,10,537.00,"5,370.00"
2020-11-11,2020111104000677,GIC,25,36,10,536.00,"5,360.00"
2020-11-11,2020111104000674,GIC,25,34,10,536.00,"5,360.00"
2020-11-11,2020111104000673,GIC,47,18,10,536.00,"5,360.00"
2020-11-11,2020111104000672,GIC,47,34,10,536.00,"5,360.00"
2020-11-11,2020111104000670,GIC,16,38,10,539.00,"5,390.00"
2020-11-11,2020111104000660,GIC,11,3,10,537.00,"5,370.00"
2020-11-11,2020111104000698,GIC,25,34,10,536.00,"5,360.00"
2020-11-11,2020111104000697,GIC,25,52,10,536.00,"5,360.00"
2020-11-11,2020111104000696,GIC,25,29,10,536.00,"5,360.00"
2020-11-11,2020111104000695,GIC,25,52,10,536.00,"5,360.00"
2020-11-11,2020111104000679,GIC,25,22,10,536.00,"5,360.00"
2020-11-11,2020111104000678,GIC,25,34,10,536.00,"5,360.00"
2020-11-11,2020111104000669,GIMES1,49,49,"47,466",10.14,"481,305.24"
2020-11-11,2020111104000499,GIMES1,17,41,200,10.30,"2,060.00"
2020-11-11,2020111104000323,GIMES1,6,41,900,10.30,"9,270.00"
2020-11-11,2020111104000282,GIMES1,6,33,"30,148",10.20,"307,509.60"
2020-11-11,2020111104000563,LEMF,58,14,"2,000",9.40,"18,800.00"
2020-11-11,2020111104000554,LEMF,47,25,"5,000",9.40,"47,000.00"
2020-11-11,2020111104000553,LEMF,47,25,"5,000",9.40,"47,000.00"
2020-11-11,2020111104000552,LEMF,47,25,"5,000",9.40,"47,000.00"
2020-11-11,2020111104000522,LEMF,16,57,500,9.35,"4,675.00"
2020-11-11,2020111104000612,LUK,58,42,250,9.50,"2,375.00"
2020-11-11,2020111104000611,LUK,58,45,400,9.50,"3,800.00"
2020-11-11,2020111104000610,LUK,58,56,"1,000",9.50,"9,500.00"
2020-11-11,2020111104000609,LUK,58,1,600,9.50,"5,700.00"
2020-11-11,2020111104000608,LUK,58,45,"1,000",9.50,"9,500.00"
2020-11-11,2020111104000607,LUK,58,41,600,9.49,"5,694.00"
2020-11-11,2020111104000702,NBF2,35,34,100,9.53,953.00
2020-11-11,2020111104000531,NBF2,58,45,100,9.50,950.00
2020-11-11,2020111104000300,NBF2,17,49,"1,000",9.49,"9,490.00"
2020-11-11,2020111104000568,NEF,58,57,"4,828",9.59,"46,300.52"
2020-11-11,2020111104000530,NEF,29,58,966,9.41,"9,090.06"
2020-11-11,2020111104000463,NEF,58,25,"1,127",9.40,"10,593.80"
2020-11-11,2020111104000462,NEF,58,25,"1,127",9.40,"10,593.80"
2020-11-11,2020111104000461,NEF,58,58,241,9.39,"2,262.99"
2020-11-11,2020111104000379,NEF,26,58,690,9.34,"6,444.60"
2020-11-11,2020111104000374,NEF,56,58,276,9.34,"2,577.84"
2020-11-11,2020111104000683,NIBLPF,57,57,100,10.13,"1,013.00"
2020-11-11,2020111104000619,NIBLPF,58,22,"1,263",9.95,"12,566.85"
2020-11-11,2020111104000618,NIBLPF,58,22,"1,263",9.95,"12,566.85"
2020-11-11,2020111104000617,NIBLPF,58,22,"1,263",9.95,"12,566.85"
2020-11-11,2020111104000616,NIBLPF,58,22,500,9.95,"4,975.00"
2020-11-11,2020111104000615,NIBLPF,58,57,"4,545",9.95,"45,222.75"
2020-11-11,2020111104000722,NIBPO,6,45,"1,006",368.00,"370,208.00"
2020-11-11,2020111104000720,NIBPO,32,45,869,368.00,"319,792.00"
2020-11-11,2020111104000719,NIBPO,32,45,900,368.00,"331,200.00"
2020-11-11,2020111104000718,NIBPO,48,45,"1,000",369.00,"369,000.00"
2020-11-11,2020111104000717,NIBPO,39,45,300,369.00,"110,700.00"
2020-11-11,2020111104000716,NIBPO,39,45,900,369.00,"332,100.00"
2020-11-11,2020111104000680,NIBPO,47,34,150,370.00,"55,500.00"
2020-11-11,2020111104000396,NIBPO,46,45,450,370.00,"166,500.00"
2020-11-11,2020111104000383,NIBPO,1,45,50,370.00,"18,500.00"
2020-11-11,2020111104000715,NIBPO,47,45,25,370.00,"9,250.00"
2020-11-11,2020111104000701,NIBPO,39,41,358,371.00,"132,818.00"
2020-11-11,2020111104000689,NIBPO,47,45,125,370.00,"46,250.00"
2020-11-11,2020111104000688,NIBPO,47,45,25,370.00,"9,250.00"
2020-11-11,2020111104000687,NIBPO,47,45,250,370.00,"92,500.00"
2020-11-11,2020111104000686,NIBPO,11,45,500,370.00,"185,000.00"
2020-11-11,2020111104000738,NICBF,35,34,100,9.55,955.00
2020-11-11,2020111104000492,NICBF,51,49,500,9.44,"4,720.00"
2020-11-11,2020111104000430,NICBF,1,57,100,9.43,943.00
2020-11-11,2020111104000624,NICGF,58,34,200,10.50,"2,100.00"
2020-11-11,2020111104000623,NICGF,58,41,"7,700",10.50,"80,850.00"
2020-11-11,2020111104000622,NICGF,58,45,"2,000",10.50,"21,000.00"
2020-11-11,2020111104000621,NICGF,58,53,"2,000",10.50,"21,000.00"
2020-11-11,2020111104000620,NICGF,58,45,"3,750",10.49,"39,337.50"
2020-11-11,2020111104000500,NICGF,50,28,750,10.30,"7,725.00"
2020-11-11,2020111104000498,NICGF,50,28,"49,000",10.30,"504,700.00"
2020-11-11,2020111104000497,NICGF,50,47,"4,000",10.30,"41,200.00"
2020-11-11,2020111104000496,NICGF,50,22,"4,000",10.29,"41,160.00"
2020-11-11,2020111104000425,NICGF,42,28,250,10.30,"2,575.00"
2020-11-11,2020111104000387,NICGF,42,41,"1,000",10.30,"10,300.00"
2020-11-11,2020111104000333,NICGF,33,17,"2,000",10.15,"20,300.00"
2020-11-11,2020111104000752,NMB50,50,34,100,9.81,981.00
2020-11-11,2020111104000690,NMB50,50,42,300,9.81,"2,943.00"
2020-11-11,2020111104000316,NMB50,50,58,100,9.62,962.00
2020-11-11,2020111104000748,NMBHF1,58,35,"2,080",9.95,"20,696.00"
2020-11-11,2020111104000747,NMBHF1,58,57,"1,830",9.95,"18,208.50"
2020-11-11,2020111104000746,NMBHF1,58,7,"12,000",9.94,"119,280.00"
2020-11-11,2020111104000745,NMBHF1,58,14,"1,893",9.93,"18,797.49"
2020-11-11,2020111104000744,NMBHF1,58,45,999,9.93,"9,920.07"
2020-11-11,2020111104000743,NMBHF1,58,13,"5,000",9.92,"49,600.00"
2020-11-11,2020111104000489,NMBHF1,58,25,"1,577",9.76,"15,391.52"
2020-11-11,2020111104000488,NMBHF1,58,25,"1,577",9.76,"15,391.52"
2020-11-11,2020111104000487,NMBHF1,58,25,"1,577",9.76,"15,391.52"
2020-11-11,2020111104000486,NMBHF1,58,25,"1,577",9.76,"15,391.52"
2020-11-11,2020111104000485,NMBHF1,58,32,"2,496",9.75,"24,336.00"
2020-11-11,2020111104000416,RBCLPO,38,33,10,"12,734.00","127,340.00"
2020-11-11,2020111104000415,RBCLPO,38,45,20,"12,734.00","254,680.00"
2020-11-11,2020111104000413,RBCLPO,22,33,10,"12,730.00","127,300.00"
2020-11-11,2020111104000409,RBCLPO,26,33,10,"12,725.00","127,250.00"
2020-11-11,2020111104000758,SAEF,50,28,"97,000",10.70,"1,037,900.00"
2020-11-11,2020111104000757,SAEF,50,35,"1,500",10.69,"16,035.00"
2020-11-11,2020111104000756,SAEF,50,47,"100,000",10.69,"1,069,000.00"
2020-11-11,2020111104000750,SAEF,45,28,"1,000",10.70,"10,700.00"
2020-11-11,2020111104000742,SAEF,7,28,"2,000",10.70,"21,400.00"
2020-11-11,2020111104000741,SAEF,7,32,"1,000",10.70,"10,700.00"
2020-11-11,2020111104000269,SAEF,38,16,"4,000",10.60,"42,400.00"
2020-11-11,2020111104000449,SAEF,50,5,"10,000",10.55,"105,500.00"
2020-11-11,2020111104000448,SAEF,50,28,"100,000",10.54,"1,054,000.00"
2020-11-11,2020111104000447,SAEF,56,41,"2,000",10.51,"21,020.00"
2020-11-11,2020111104000433,SAEF,56,6,500,10.51,"5,255.00"
2020-11-11,2020111104000353,SAEF,50,18,200,10.60,"2,120.00"
2020-11-11,2020111104000352,SAEF,50,34,"6,500",10.60,"68,900.00"
2020-11-11,2020111104000524,SAEF,25,13,"8,600",10.61,"91,246.00"
2020-11-11,2020111104000502,SAEF,58,28,"100,000",10.60,"1,060,000.00"
2020-11-11,2020111104000501,SAEF,58,6,200,10.60,"2,120.00"
2020-11-11,2020111104000452,SAEF,50,13,"1,400",10.61,"14,854.00"
2020-11-11,2020111104000451,SAEF,50,21,100,10.61,"1,061.00"
2020-11-11,2020111104000450,SAEF,50,58,500,10.57,"5,285.00"
2020-11-11,2020111104000566,SAEF,58,28,"100,000",10.62,"1,062,000.00"
2020-11-11,2020111104000565,SAEF,58,1,"2,000",10.62,"21,240.00"
2020-11-11,2020111104000541,SAEF,25,28,"9,600",10.61,"101,856.00"
2020-11-11,2020111104000540,SAEF,25,28,"10,000",10.61,"106,100.00"
2020-11-11,2020111104000539,SAEF,25,28,400,10.61,"4,244.00"
2020-11-11,2020111104000525,SAEF,25,17,"1,000",10.61,"10,610.00"
2020-11-11,2020111104000626,SAEF,25,6,"1,000",10.64,"10,640.00"
2020-11-11,2020111104000625,SAEF,50,53,"10,000",10.63,"106,300.00"
2020-11-11,2020111104000613,SAEF,45,32,"2,100",10.63,"22,323.00"
2020-11-11,2020111104000605,SAEF,45,32,"3,000",10.63,"31,890.00"
2020-11-11,2020111104000579,SAEF,45,32,"3,000",10.63,"31,890.00"
2020-11-11,2020111104000577,SAEF,25,32,"1,900",10.63,"20,197.00"
2020-11-11,2020111104000704,SAEF,50,28,"5,800",10.65,"61,770.00"
2020-11-11,2020111104000646,SAEF,50,28,"94,200",10.65,"1,003,230.00"
2020-11-11,2020111104000645,SAEF,50,17,"5,800",10.65,"61,770.00"
2020-11-11,2020111104000636,SAEF,51,17,600,10.65,"6,390.00"
2020-11-11,2020111104000629,SAEF,25,17,"3,600",10.65,"38,340.00"
2020-11-11,2020111104000628,SAEF,25,19,400,10.65,"4,260.00"
2020-11-11,2020111104000740,SAEF,45,32,"3,000",10.70,"32,100.00"
2020-11-11,2020111104000737,SAEF,45,32,"1,000",10.70,"10,700.00"
2020-11-11,2020111104000736,SAEF,45,49,"2,000",10.70,"21,400.00"
2020-11-11,2020111104000707,SAEF,50,28,"50,000",10.69,"534,500.00"
2020-11-11,2020111104000706,SAEF,50,37,"5,000",10.66,"53,300.00"
2020-11-11,2020111104000705,SAEF,50,57,"5,000",10.66,"53,300.00"
2020-11-11,2020111104000727,SAND2085,19,42,25,"1,035.00","25,875.00"
2020-11-11,2020111104000749,SEF,5,29,"2,000",10.20,"20,400.00"
2020-11-11,2020111104000734,SEF,58,45,"7,200",10.19,"73,368.00"
2020-11-11,2020111104000733,SEF,58,41,"1,500",10.19,"15,285.00"
2020-11-11,2020111104000732,SEF,58,43,500,10.19,"5,095.00"
2020-11-11,2020111104000731,SEF,58,41,"2,000",10.19,"20,380.00"
2020-11-11,2020111104000730,SEF,58,21,500,10.19,"5,095.00"
2020-11-11,2020111104000454,SEF,58,17,"2,000",10.10,"20,200.00"
2020-11-11,2020111104000453,SEF,58,17,500,10.10,"5,050.00"
2020-11-11,2020111104000446,SEF,6,58,"2,000",9.98,"19,960.00"
2020-11-11,2020111104000317,SEF,50,36,"1,000",9.97,"9,970.00"
2020-11-11,2020111104000275,SEF,38,59,500,10.12,"5,060.00"
2020-11-11,2020111104000263,SEF,38,47,500,10.13,"5,065.00"
2020-11-11,2020111104000519,SEF,50,45,"1,000",10.13,"10,130.00"
2020-11-11,2020111104000518,SEF,50,25,"2,000",10.13,"20,260.00"
2020-11-11,2020111104000517,SEF,50,45,"5,000",10.12,"50,600.00"
2020-11-11,2020111104000516,SEF,50,59,500,10.12,"5,060.00"
2020-11-11,2020111104000494,SEF,58,45,"5,000",10.10,"50,500.00"
2020-11-11,2020111104000455,SEF,58,5,"2,000",10.10,"20,200.00"
2020-11-11,2020111104000649,SEF,58,40,"5,000",10.13,"50,650.00"
2020-11-11,2020111104000648,SEF,58,57,"5,000",10.10,"50,500.00"
2020-11-11,2020111104000647,SEF,58,57,"4,900",10.10,"49,490.00"
2020-11-11,2020111104000640,SEF,50,14,"2,000",10.05,"20,100.00"
2020-11-11,2020111104000567,SEF,58,57,100,10.10,"1,010.00"
2020-11-11,2020111104000526,SEF,58,11,400,10.10,"4,040.00"
2020-11-11,2020111104000655,SEF,58,41,"1,260",10.16,"12,801.60"
2020-11-11,2020111104000654,SEF,58,14,"1,000",10.15,"10,150.00"
2020-11-11,2020111104000653,SEF,58,14,"1,000",10.15,"10,150.00"
2020-11-11,2020111104000652,SEF,58,57,"6,000",10.15,"60,900.00"
2020-11-11,2020111104000651,SEF,58,34,"20,000",10.14,"202,800.00"
2020-11-11,2020111104000650,SEF,58,45,"5,840",10.14,"59,217.60"
2020-11-11,2020111104000726,SEF,21,7,"5,000",10.18,"50,900.00"
2020-11-11,2020111104000721,SEF,50,35,"1,000",10.16,"10,160.00"
2020-11-11,2020111104000713,SEF,50,45,"8,000",10.16,"81,280.00"
2020-11-11,2020111104000712,SEF,50,35,"2,000",10.14,"20,280.00"
2020-11-11,2020111104000694,SEF,47,45,"2,000",10.14,"20,280.00"
2020-11-11,2020111104000671,SEF,52,53,"5,000",10.14,"50,700.00"
2020-11-11,2020111104000527,SFMF,34,34,"20,000",10.09,"201,800.00"
2020-11-11,2020111104000711,SGI,57,25,10,548.00,"5,480.00"
2020-11-11,2020111104000699,SGI,57,13,10,548.00,"5,480.00"
2020-11-11,2020111104000684,SGI,57,57,10,548.00,"5,480.00"
2020-11-11,2020111104000681,SGI,57,34,10,548.00,"5,480.00"
2020-11-11,2020111104000675,SGI,57,13,10,548.00,"5,480.00"
2020-11-11,2020111104000639,SGI,57,35,10,548.00,"5,480.00"
2020-11-11,2020111104000278,SGI,57,42,10,548.00,"5,480.00"
2020-11-11,2020111104000276,SGI,57,55,10,548.00,"5,480.00"
2020-11-11,2020111104000273,SGI,57,47,10,548.00,"5,480.00"
2020-11-11,2020111104000262,SGI,57,6,10,548.00,"5,480.00"
2020-11-11,2020111104000261,SGI,57,58,10,548.00,"5,480.00"
2020-11-11,2020111104000259,SGI,57,7,10,548.00,"5,480.00"
2020-11-11,2020111104000307,SGI,57,49,10,548.00,"5,480.00"
2020-11-11,2020111104000303,SGI,57,48,10,548.00,"5,480.00"
2020-11-11,2020111104000293,SGI,57,47,10,548.00,"5,480.00"
2020-11-11,2020111104000289,SGI,57,47,10,548.00,"5,480.00"
2020-11-11,2020111104000283,SGI,57,47,10,548.00,"5,480.00"
2020-11-11,2020111104000280,SGI,57,47,10,548.00,"5,480.00"
2020-11-11,2020111104000338,SGI,57,42,10,548.00,"5,480.00"
2020-11-11,2020111104000332,SGI,57,36,10,548.00,"5,480.00"
2020-11-11,2020111104000328,SGI,57,52,10,548.00,"5,480.00"
2020-11-11,2020111104000315,SGI,57,6,10,548.00,"5,480.00"
2020-11-11,2020111104000313,SGI,57,52,10,548.00,"5,480.00"
2020-11-11,2020111104000308,SGI,57,49,10,548.00,"5,480.00"
2020-11-11,2020111104000373,SGI,57,28,10,548.00,"5,480.00"
2020-11-11,2020111104000369,SGI,21,21,6,538.00,"3,228.00"
2020-11-11,2020111104000367,SGI,21,21,4,538.00,"2,152.00"
2020-11-11,2020111104000362,SGI,57,6,10,548.00,"5,480.00"
2020-11-11,2020111104000357,SGI,57,17,10,548.00,"5,480.00"
2020-11-11,2020111104000340,SGI,57,45,10,548.00,"5,480.00"
2020-11-11,2020111104000418,SGI,57,22,10,548.00,"5,480.00"
2020-11-11,2020111104000407,SGI,57,55,10,548.00,"5,480.00"
2020-11-11,2020111104000402,SGI,57,42,10,548.00,"5,480.00"
2020-11-11,2020111104000399,SGI,57,28,10,548.00,"5,480.00"
2020-11-11,2020111104000385,SGI,57,50,10,548.00,"5,480.00"
2020-11-11,2020111104000384,SGI,57,33,10,548.00,"5,480.00"
2020-11-11,2020111104000464,SGI,57,10,10,548.00,"5,480.00"
2020-11-11,2020111104000443,SGI,57,10,10,548.00,"5,480.00"
2020-11-11,2020111104000434,SGI,57,45,10,548.00,"5,480.00"
2020-11-11,2020111104000432,SGI,57,45,10,548.00,"5,480.00"
2020-11-11,2020111104000429,SGI,57,45,10,548.00,"5,480.00"
2020-11-11,2020111104000423,SGI,57,17,10,548.00,"5,480.00"
2020-11-11,2020111104000572,SGI,57,51,10,548.00,"5,480.00"
2020-11-11,2020111104000534,SGI,57,49,10,548.00,"5,480.00"
2020-11-11,2020111104000529,SGI,57,10,10,548.00,"5,480.00"
2020-11-11,2020111104000520,SGI,57,59,10,548.00,"5,480.00"
2020-11-11,2020111104000493,SGI,57,57,10,548.00,"5,480.00"
2020-11-11,2020111104000484,SGI,57,17,10,548.00,"5,480.00"
2020-11-11,2020111104000638,SGI,57,54,10,548.00,"5,480.00"
2020-11-11,2020111104000631,SGI,57,17,10,548.00,"5,480.00"
2020-11-11,2020111104000580,SGI,57,17,10,548.00,"5,480.00"
2020-11-11,2020111104000578,SGI,57,36,10,548.00,"5,480.00"
2020-11-11,2020111104000576,SGI,57,58,10,548.00,"5,480.00"
2020-11-11,2020111104000573,SGI,57,58,10,548.00,"5,480.00"
2020-11-11,2020111104000754,STC,34,49,60,"5,445.00","326,700.00"
2020-11-11,2020111104000739,STC,28,49,30,"5,445.00","163,350.00"
2020-11-11,2020111104000729,STC,45,49,10,"5,445.00","54,450.00"
2020-11-11,2020111104000728,STC,32,49,30,"5,445.00","163,350.00"
2020-11-11,2020111104000723,STC,26,34,10,"5,445.00","54,450.00"
2020-11-11,2020111104000682,STC,5,34,20,"5,445.00","108,900.00"
2020-11-11,2020111104000435,STC,17,3,80,"5,445.00","435,600.00"
2020-11-11,2020111104000405,STC,22,34,10,"5,445.00","54,450.00"
2020-11-11,2020111104000465,STC,38,14,160,"5,445.00","871,200.00"
2020-11-11,2020111104000440,STC,38,3,40,"5,445.00","217,800.00"
2020-11-11,2020111104000439,STC,59,3,10,"5,445.00","54,450.00"
2020-11-11,2020111104000438,STC,17,3,100,"5,445.00","544,500.00"
2020-11-11,2020111104000437,STC,17,3,10,"5,445.00","54,450.00"
2020-11-11,2020111104000436,STC,17,3,10,"5,445.00","54,450.00"
2020-11-11,2020111104000471,STC,26,14,10,"5,445.00","54,450.00"
2020-11-11,2020111104000470,STC,48,14,60,"5,445.00","326,700.00"
2020-11-11,2020111104000469,STC,48,14,10,"5,445.00","54,450.00"
2020-11-11,2020111104000468,STC,49,14,100,"5,445.00","544,500.00"
2020-11-11,2020111104000467,STC,35,14,17,"5,445.00","92,565.00"
2020-11-11,2020111104000466,STC,35,14,18,"5,445.00","98,010.00"
2020-11-11,2020111104000477,STC,58,14,20,"5,445.00","108,900.00"
2020-11-11,2020111104000476,STC,38,14,30,"5,445.00","163,350.00"
2020-11-11,2020111104000475,STC,29,14,50,"5,445.00","272,250.00"
2020-11-11,2020111104000474,STC,26,14,50,"5,445.00","272,250.00"
2020-11-11,2020111104000473,STC,26,14,10,"5,445.00","54,450.00"
2020-11-11,2020111104000472,STC,42,14,90,"5,445.00","490,050.00"
2020-11-11,2020111104000483,STC,8,14,20,"5,445.00","108,900.00"
2020-11-11,2020111104000482,STC,33,14,60,"5,445.00","326,700.00"
2020-11-11,2020111104000481,STC,32,14,20,"5,445.00","108,900.00"
2020-11-11,2020111104000480,STC,52,14,10,"5,445.00","54,450.00"
2020-11-11,2020111104000479,STC,38,14,20,"5,445.00","108,900.00"
2020-11-11,2020111104000478,STC,43,14,30,"5,445.00","163,350.00"
2020-11-11,2020111104000562,STC,53,49,20,"5,445.00","108,900.00"
2020-11-11,2020111104000561,STC,53,49,50,"5,445.00","272,250.00"
2020-11-11,2020111104000560,STC,38,49,20,"5,445.00","108,900.00"
2020-11-11,2020111104000559,STC,59,49,20,"5,445.00","108,900.00"
2020-11-11,2020111104000558,STC,59,49,20,"5,445.00","108,900.00"
2020-11-11,2020111104000495,STC,59,46,30,"5,445.00","163,350.00"
2020-11-11,2020111104000676,STC,38,34,20,"5,445.00","108,900.00"
2020-11-11,2020111104000658,STC,58,34,50,"5,445.00","272,250.00"
2020-11-11,2020111104000575,STC,59,45,70,"5,440.00","380,800.00"
2020-11-11,2020111104000574,STC,59,49,50,"5,440.00","272,000.00"
2020-11-11,2020111104000571,STC,48,49,50,"5,440.00","272,000.00"
2020-11-11,2020111104000570,STC,45,49,50,"5,441.00","272,050.00"
2020-11-11,2020111103014545,ALBSL,34,57,10,859.00,"8,590.00"
2020-11-11,2020111103014544,ALBSL,34,38,11,856.00,"9,416.00"
2020-11-11,2020111103014543,ALBSL,34,21,11,855.00,"9,405.00"
2020-11-11,2020111103014542,ALBSL,34,21,11,855.00,"9,405.00"
2020-11-11,2020111103014541,ALBSL,34,22,11,855.00,"9,405.00"
2020-11-11,2020111103014540,ALBSL,34,55,11,855.00,"9,405.00"
2020-11-11,2020111103014620,ALICL,57,25,300,789.00,"236,700.00"
2020-11-11,2020111104000193,BBC,37,1,20,"2,274.00","45,480.00"
2020-11-11,2020111104000121,BBC,59,5,30,"2,230.00","66,900.00"
2020-11-11,2020111104000120,BBC,57,5,10,"2,230.00","22,300.00"
2020-11-11,2020111104000119,BBC,51,5,150,"2,230.00","334,500.00"
2020-11-11,2020111104000118,BBC,56,5,10,"2,250.00","22,500.00"
2020-11-11,2020111103014558,BFC,16,48,75,142.00,"10,650.00"
2020-11-11,2020111103014557,BFC,6,48,50,142.00,"7,100.00"
2020-11-11,2020111103014549,DDBL,14,55,10,"1,051.00","10,510.00"
2020-11-11,2020111103014534,DDBL,58,16,50,"1,050.00","52,500.00"
2020-11-11,2020111103014695,EDBL,14,47,100,326.00,"32,600.00"
2020-11-11,2020111103014694,EDBL,14,47,500,326.00,"163,000.00"
2020-11-11,2020111103014673,FMDBL,6,14,400,613.00,"245,200.00"
2020-11-11,2020111103014608,FOWAD,50,57,20,"1,650.00","33,000.00"
2020-11-11,2020111103014588,GBBL,56,14,200,264.00,"52,800.00"
2020-11-11,2020111103014672,GBLBS,21,45,100,543.00,"54,300.00"
2020-11-11,2020111103014521,GFCL,11,57,100,210.00,"21,000.00"
2020-11-11,2020111104000258,GIC,36,6,10,540.00,"5,400.00"
2020-11-11,2020111104000257,GIC,36,35,10,540.00,"5,400.00"
2020-11-11,2020111104000256,GIC,36,10,10,540.00,"5,400.00"
2020-11-11,2020111104000255,GIC,36,54,10,540.00,"5,400.00"
2020-11-11,2020111104000254,GIC,36,35,10,540.00,"5,400.00"
2020-11-11,2020111104000245,GIC,36,6,10,540.00,"5,400.00"
2020-11-11,2020111104000005,GIC,43,42,10,541.00,"5,410.00"
2020-11-11,2020111104000004,GIC,43,32,20,541.00,"10,820.00"
2020-11-11,2020111104000003,GIC,45,39,10,540.00,"5,400.00"
2020-11-11,2020111104000001,GIC,38,33,10,545.00,"5,450.00"
2020-11-11,2020111104000011,GIC,38,35,80,543.00,"43,440.00"
2020-11-11,2020111104000010,GIC,38,59,10,543.00,"5,430.00"
2020-11-11,2020111104000009,GIC,50,26,100,543.00,"54,300.00"
2020-11-11,2020111104000008,GIC,38,36,10,543.00,"5,430.00"
2020-11-11,2020111104000007,GIC,43,16,10,542.00,"5,420.00"
2020-11-11,2020111104000006,GIC,43,42,10,542.00,"5,420.00"
2020-11-11,2020111104000019,GIC,38,59,10,544.00,"5,440.00"
2020-11-11,2020111104000017,GIC,45,38,160,543.00,"86,880.00"
2020-11-11,2020111104000016,GIC,45,14,10,543.00,"5,430.00"
2020-11-11,2020111104000015,GIC,45,49,10,543.00,"5,430.00"
2020-11-11,2020111104000014,GIC,45,59,10,543.00,"5,430.00"
2020-11-11,2020111104000012,GIC,45,35,10,543.00,"5,430.00"
2020-11-11,2020111104000032,GIC,56,59,10,540.00,"5,400.00"
2020-11-11,2020111104000031,GIC,56,59,10,540.00,"5,400.00"
2020-11-11,2020111104000030,GIC,56,50,10,540.00,"5,400.00"
2020-11-11,2020111104000023,GIC,56,35,100,540.00,"54,000.00"
2020-11-11,2020111104000022,GIC,56,57,10,540.00,"5,400.00"
2020-11-11,2020111104000020,GIC,49,38,150,543.00,"81,450.00"
2020-11-11,2020111104000044,GIC,34,57,20,540.00,"10,800.00"
2020-11-11,2020111104000043,GIC,45,57,10,540.00,"5,400.00"
2020-11-11,2020111104000042,GIC,56,57,30,540.00,"16,200.00"
2020-11-11,2020111104000040,GIC,56,20,10,540.00,"5,400.00"
2020-11-11,2020111104000035,GIC,56,29,10,540.00,"5,400.00"
2020-11-11,2020111104000034,GIC,56,11,10,540.00,"5,400.00"
2020-11-11,2020111104000064,GIC,7,42,10,538.00,"5,380.00"
2020-11-11,2020111104000052,GIC,36,41,10,535.00,"5,350.00"
2020-11-11,2020111104000051,GIC,36,40,10,535.00,"5,350.00"
2020-11-11,2020111104000048,GIC,36,11,10,535.00,"5,350.00"
2020-11-11,2020111104000046,GIC,55,38,10,540.00,"5,400.00"
2020-11-11,2020111104000045,GIC,55,57,40,540.00,"21,600.00"
2020-11-11,2020111104000073,GIC,8,57,10,542.00,"5,420.00"
2020-11-11,2020111104000072,GIC,8,42,10,540.00,"5,400.00"
2020-11-11,2020111104000071,GIC,8,32,10,540.00,"5,400.00"
2020-11-11,2020111104000070,GIC,8,21,10,540.00,"5,400.00"
2020-11-11,2020111104000069,GIC,8,52,10,540.00,"5,400.00"
2020-11-11,2020111104000068,GIC,8,50,10,540.00,"5,400.00"
2020-11-11,2020111104000089,GIC,4,57,10,541.00,"5,410.00"
2020-11-11,2020111104000087,GIC,21,57,50,542.00,"27,100.00"
2020-11-11,2020111104000085,GIC,4,41,10,541.00,"5,410.00"
2020-11-11,2020111104000082,GIC,4,54,10,541.00,"5,410.00"
2020-11-11,2020111104000077,GIC,4,46,10,541.00,"5,410.00"
2020-11-11,2020111104000075,GIC,4,32,10,540.00,"5,400.00"
2020-11-11,2020111104000115,GIC,22,58,10,541.00,"5,410.00"
2020-11-11,2020111104000113,GIC,45,45,50,541.00,"27,050.00"
2020-11-11,2020111104000105,GIC,4,3,10,541.00,"5,410.00"
2020-11-11,2020111104000103,GIC,4,58,10,541.00,"5,410.00"
2020-11-11,2020111104000101,GIC,4,54,10,541.00,"5,410.00"
2020-11-11,2020111104000100,GIC,4,34,10,541.00,"5,410.00"
2020-11-11,2020111104000133,GIC,28,44,10,541.00,"5,410.00"
2020-11-11,2020111104000130,GIC,28,38,10,541.00,"5,410.00"
2020-11-11,2020111104000129,GIC,28,44,10,541.00,"5,410.00"
2020-11-11,2020111104000128,GIC,57,21,10,541.00,"5,410.00"
2020-11-11,2020111104000123,GIC,57,36,10,541.00,"5,410.00"
2020-11-11,2020111104000122,GIC,22,17,10,541.00,"5,410.00"
2020-11-11,2020111104000141,GIC,28,42,10,541.00,"5,410.00"
2020-11-11,2020111104000140,GIC,28,49,90,541.00,"48,690.00"
2020-11-11,2020111104000138,GIC,28,47,40,541.00,"21,640.00"
2020-11-11,2020111104000136,GIC,28,21,10,541.00,"5,410.00"
2020-11-11,2020111104000135,GIC,28,35,10,541.00,"5,410.00"
2020-11-11,2020111104000134,GIC,28,41,50,541.00,"27,050.00"
2020-11-11,2020111104000148,GIC,28,44,10,541.00,"5,410.00"
2020-11-11,2020111104000147,GIC,28,44,10,541.00,"5,410.00"
2020-11-11,2020111104000146,GIC,28,57,10,541.00,"5,410.00"
2020-11-11,2020111104000145,GIC,28,42,10,541.00,"5,410.00"
2020-11-11,2020111104000144,GIC,28,21,10,541.00,"5,410.00"
2020-11-11,2020111104000143,GIC,6,57,10,542.00,"5,420.00"
2020-11-11,2020111104000154,GIC,42,49,29,542.00,"15,718.00"
2020-11-11,2020111104000153,GIC,42,19,10,542.00,"5,420.00"
2020-11-11,2020111104000152,GIC,28,44,10,541.00,"5,410.00"
2020-11-11,2020111104000151,GIC,52,10,10,542.00,"5,420.00"
2020-11-11,2020111104000150,GIC,52,45,10,542.00,"5,420.00"
2020-11-11,2020111104000149,GIC,52,57,30,542.00,"16,260.00"
2020-11-11,2020111104000163,GIC,28,44,10,541.00,"5,410.00"
2020-11-11,2020111104000162,GIC,28,25,10,541.00,"5,410.00"
2020-11-11,2020111104000159,GIC,28,44,20,541.00,"10,820.00"
2020-11-11,2020111104000158,GIC,28,35,10,541.00,"5,410.00"
2020-11-11,2020111104000156,GIC,45,49,20,542.00,"10,840.00"
2020-11-11,2020111104000155,GIC,33,49,10,542.00,"5,420.00"
2020-11-11,2020111104000180,GIC,28,57,10,541.00,"5,410.00"
2020-11-11,2020111104000176,GIC,22,33,10,542.00,"5,420.00"
