Date,Transact. No.,Symbol,Buyer,Seller,Quantity,Rate,Amount
2020-12-08,2020120804001908,BBC,43,34,95,"3,000.00","285,000.00"
2020-12-08,2020120804001903,BBC,43,34,25,"3,000.00","75,000.00"
2020-12-08,2020120804001902,BBC,21,34,10,"3,002.00","30,020.00"
2020-12-08,2020120804001891,BBC,56,38,30,"3,005.00","90,150.00"
2020-12-08,2020120804001878,BBC,50,38,10,"3,020.00","30,200.00"
2020-12-08,2020120804001874,BBC,57,38,10,"3,055.00","30,550.00"
2020-12-08,2020120804001461,BBC,38,38,10,"3,000.00","30,000.00"
2020-12-08,2020120804001460,BBC,42,38,100,"3,000.00","300,000.00"
2020-12-08,2020120804001423,BBC,49,38,10,"3,001.00","30,010.00"
2020-12-08,2020120804001422,BBC,46,38,10,"3,001.00","30,010.00"
2020-12-08,2020120804001421,BBC,14,38,10,"3,001.00","30,010.00"
2020-12-08,2020120804001618,BBC,45,34,34,"3,057.00","103,938.00"
2020-12-08,2020120804001617,BBC,49,34,15,"3,057.00","45,855.00"
2020-12-08,2020120804001606,BBC,45,38,16,"3,057.00","48,912.00"
2020-12-08,2020120804001482,BBC,22,34,10,"2,998.00","29,980.00"
2020-12-08,2020120804001481,BBC,56,34,10,"2,998.00","29,980.00"
2020-12-08,2020120804001480,BBC,25,34,10,"2,998.00","29,980.00"
2020-12-08,2020120804001723,BBC,7,50,10,"3,055.00","30,550.00"
2020-12-08,2020120804001678,BBC,49,38,10,"3,117.00","31,170.00"
2020-12-08,2020120804001666,BBC,49,38,10,"3,117.00","31,170.00"
2020-12-08,2020120804001661,BBC,51,38,20,"3,056.00","61,120.00"
2020-12-08,2020120804001626,BBC,50,38,10,"3,118.00","31,180.00"
2020-12-08,2020120804001619,BBC,33,34,10,"3,057.00","30,570.00"
2020-12-08,2020120804001647,CBLPO,44,10,"31,000",102.00,"3,162,000.00"
2020-12-08,2020120804001868,CMF1,6,45,"1,100",9.67,"10,637.00"
2020-12-08,2020120804001866,CMF1,11,45,"5,000",9.67,"48,350.00"
2020-12-08,2020120804001865,CMF1,6,45,"4,000",9.67,"38,680.00"
2020-12-08,2020120804001864,CMF1,17,45,"2,000",9.67,"19,340.00"
2020-12-08,2020120804001863,CMF1,17,45,"2,500",9.68,"24,200.00"
2020-12-08,2020120804001862,CMF1,6,45,"7,700",9.71,"74,767.00"
2020-12-08,2020120804001492,CMF1,25,21,500,9.72,"4,860.00"
2020-12-08,2020120804001467,CMF1,25,10,"1,000",9.72,"9,720.00"
2020-12-08,2020120804001861,CMF1,22,45,"2,700",9.75,"26,325.00"
2020-12-08,2020120804001834,CMF1,22,51,300,9.75,"2,925.00"
2020-12-08,2020120804001706,CMF1,6,36,"12,300",9.71,"119,433.00"
2020-12-08,2020120804001705,CMF1,25,36,"7,700",9.72,"74,844.00"
2020-12-08,2020120804001542,CMF1,25,49,300,9.72,"2,916.00"
2020-12-08,2020120804001534,CMF1,25,21,500,9.72,"4,860.00"
2020-12-08,2020120804001905,GIC,36,57,20,584.00,"11,680.00"
2020-12-08,2020120804001904,GIC,36,6,20,584.00,"11,680.00"
2020-12-08,2020120804001898,GIC,39,45,10,583.00,"5,830.00"
2020-12-08,2020120804001896,GIC,39,45,10,583.00,"5,830.00"
2020-12-08,2020120804001895,GIC,43,56,10,584.00,"5,840.00"
2020-12-08,2020120804001890,GIC,39,45,10,583.00,"5,830.00"
2020-12-08,2020120804001416,GIC,34,38,10,581.00,"5,810.00"
2020-12-08,2020120804001415,GIC,13,28,10,581.00,"5,810.00"
2020-12-08,2020120804001411,GIC,42,57,50,582.00,"29,100.00"
2020-12-08,2020120804001410,GIC,33,57,20,582.00,"11,640.00"
2020-12-08,2020120804001445,GIC,59,57,10,585.00,"5,850.00"
2020-12-08,2020120804001444,GIC,59,57,10,585.00,"5,850.00"
2020-12-08,2020120804001441,GIC,50,58,10,582.00,"5,820.00"
2020-12-08,2020120804001434,GIC,34,48,10,581.00,"5,810.00"
2020-12-08,2020120804001428,GIC,34,28,10,581.00,"5,810.00"
2020-12-08,2020120804001427,GIC,34,29,10,581.00,"5,810.00"
2020-12-08,2020120804001495,GIC,34,45,10,581.00,"5,810.00"
2020-12-08,2020120804001489,GIC,34,22,10,581.00,"5,810.00"
2020-12-08,2020120804001476,GIC,34,38,10,581.00,"5,810.00"
2020-12-08,2020120804001465,GIC,34,49,10,581.00,"5,810.00"
2020-12-08,2020120804001464,GIC,34,42,10,581.00,"5,810.00"
2020-12-08,2020120804001462,GIC,34,7,10,581.00,"5,810.00"
2020-12-08,2020120804001513,GIC,34,58,10,581.00,"5,810.00"
2020-12-08,2020120804001509,GIC,34,29,10,581.00,"5,810.00"
2020-12-08,2020120804001506,GIC,34,38,100,581.00,"58,100.00"
2020-12-08,2020120804001505,GIC,34,38,100,581.00,"58,100.00"
2020-12-08,2020120804001503,GIC,57,3,10,582.00,"5,820.00"
2020-12-08,2020120804001501,GIC,3,42,10,582.00,"5,820.00"
2020-12-08,2020120804001543,GIC,55,45,10,582.00,"5,820.00"
2020-12-08,2020120804001539,GIC,55,17,10,582.00,"5,820.00"
2020-12-08,2020120804001524,GIC,55,45,10,582.00,"5,820.00"
2020-12-08,2020120804001519,GIC,34,39,10,581.00,"5,810.00"
2020-12-08,2020120804001518,GIC,34,36,10,581.00,"5,810.00"
2020-12-08,2020120804001514,GIC,34,29,10,581.00,"5,810.00"
2020-12-08,2020120804001567,GIC,34,42,10,581.00,"5,810.00"
2020-12-08,2020120804001561,GIC,34,38,10,581.00,"5,810.00"
2020-12-08,2020120804001559,GIC,34,7,10,581.00,"5,810.00"
2020-12-08,2020120804001550,GIC,34,29,10,581.00,"5,810.00"
2020-12-08,2020120804001549,GIC,34,7,10,581.00,"5,810.00"
2020-12-08,2020120804001546,GIC,34,34,10,581.00,"5,810.00"
2020-12-08,2020120804001579,GIC,34,17,100,581.00,"58,100.00"
2020-12-08,2020120804001578,GIC,34,18,10,581.00,"5,810.00"
2020-12-08,2020120804001577,GIC,34,38,10,581.00,"5,810.00"
2020-12-08,2020120804001574,GIC,34,29,10,581.00,"5,810.00"
2020-12-08,2020120804001573,GIC,34,29,10,581.00,"5,810.00"
2020-12-08,2020120804001571,GIC,34,36,10,581.00,"5,810.00"
2020-12-08,2020120804001601,GIC,34,18,10,581.00,"5,810.00"
2020-12-08,2020120804001599,GIC,34,16,10,581.00,"5,810.00"
2020-12-08,2020120804001596,GIC,34,16,10,581.00,"5,810.00"
2020-12-08,2020120804001592,GIC,34,16,10,581.00,"5,810.00"
2020-12-08,2020120804001591,GIC,34,52,10,581.00,"5,810.00"
2020-12-08,2020120804001588,GIC,45,3,100,582.00,"58,200.00"
2020-12-08,2020120804001614,GIC,25,16,10,582.00,"5,820.00"
2020-12-08,2020120804001613,GIC,25,34,10,582.00,"5,820.00"
2020-12-08,2020120804001612,GIC,34,42,10,581.00,"5,810.00"
2020-12-08,2020120804001609,GIC,34,38,10,581.00,"5,810.00"
2020-12-08,2020120804001604,GIC,34,41,10,581.00,"5,810.00"
2020-12-08,2020120804001603,GIC,34,39,10,581.00,"5,810.00"
2020-12-08,2020120804001637,GIC,25,7,10,582.00,"5,820.00"
2020-12-08,2020120804001625,GIC,10,49,10,581.00,"5,810.00"
2020-12-08,2020120804001624,GIC,10,56,160,581.00,"92,960.00"
2020-12-08,2020120804001623,GIC,34,56,40,581.00,"23,240.00"
2020-12-08,2020120804001616,GIC,34,55,10,581.00,"5,810.00"
2020-12-08,2020120804001615,GIC,25,35,10,582.00,"5,820.00"
2020-12-08,2020120804001659,GIC,50,14,10,581.00,"5,810.00"
2020-12-08,2020120804001654,GIC,50,34,10,581.00,"5,810.00"
2020-12-08,2020120804001653,GIC,10,21,10,581.00,"5,810.00"
2020-12-08,2020120804001649,GIC,10,58,10,581.00,"5,810.00"
2020-12-08,2020120804001640,GIC,10,14,10,581.00,"5,810.00"
2020-12-08,2020120804001638,GIC,25,34,10,582.00,"5,820.00"
2020-12-08,2020120804001680,GIC,50,14,10,581.00,"5,810.00"
2020-12-08,2020120804001675,GIC,50,21,10,581.00,"5,810.00"
2020-12-08,2020120804001672,GIC,50,42,10,581.00,"5,810.00"
2020-12-08,2020120804001671,GIC,50,48,10,581.00,"5,810.00"
2020-12-08,2020120804001670,GIC,50,20,10,581.00,"5,810.00"
2020-12-08,2020120804001669,GIC,50,54,10,581.00,"5,810.00"
2020-12-08,2020120804001701,GIC,50,14,10,581.00,"5,810.00"
2020-12-08,2020120804001695,GIC,21,35,10,582.00,"5,820.00"
2020-12-08,2020120804001688,GIC,21,6,10,582.00,"5,820.00"
2020-12-08,2020120804001683,GIC,21,44,10,582.00,"5,820.00"
2020-12-08,2020120804001682,GIC,21,34,10,582.00,"5,820.00"
2020-12-08,2020120804001681,GIC,21,34,10,582.00,"5,820.00"
2020-12-08,2020120804001716,GIC,34,52,10,581.00,"5,810.00"
2020-12-08,2020120804001714,GIC,17,50,10,581.00,"5,810.00"
2020-12-08,2020120804001709,GIC,17,35,35,581.00,"20,335.00"
2020-12-08,2020120804001708,GIC,54,35,50,581.00,"29,050.00"
2020-12-08,2020120804001707,GIC,13,35,90,581.00,"52,290.00"
2020-12-08,2020120804001704,GIC,13,42,10,581.00,"5,810.00"
2020-12-08,2020120804001741,GIC,34,57,10,581.00,"5,810.00"
2020-12-08,2020120804001735,GIC,34,22,10,581.00,"5,810.00"
2020-12-08,2020120804001726,GIC,34,57,10,581.00,"5,810.00"
2020-12-08,2020120804001725,GIC,34,6,10,581.00,"5,810.00"
2020-12-08,2020120804001720,GIC,34,14,10,581.00,"5,810.00"
2020-12-08,2020120804001719,GIC,34,6,10,581.00,"5,810.00"
2020-12-08,2020120804001784,GIC,34,56,10,581.00,"5,810.00"
2020-12-08,2020120804001761,GIC,34,52,320,581.00,"185,920.00"
2020-12-08,2020120804001749,GIC,34,57,10,581.00,"5,810.00"
2020-12-08,2020120804001747,GIC,34,42,20,581.00,"11,620.00"
2020-12-08,2020120804001745,GIC,34,16,10,581.00,"5,810.00"
2020-12-08,2020120804001743,GIC,34,44,10,581.00,"5,810.00"
2020-12-08,2020120804001859,GIC,51,44,200,582.00,"116,400.00"
2020-12-08,2020120804001827,GIC,34,26,10,581.00,"5,810.00"
2020-12-08,2020120804001812,GIC,34,42,10,581.00,"5,810.00"
2020-12-08,2020120804001810,GIC,34,38,10,581.00,"5,810.00"
2020-12-08,2020120804001800,GIC,34,58,10,581.00,"5,810.00"
2020-12-08,2020120804001795,GIC,34,46,10,581.00,"5,810.00"
2020-12-08,2020120804001886,GIC,43,42,10,583.00,"5,830.00"
2020-12-08,2020120804001885,GIC,11,45,10,582.00,"5,820.00"
2020-12-08,2020120804001881,GIC,11,38,10,582.00,"5,820.00"
2020-12-08,2020120804001880,GIC,11,46,550,582.00,"320,100.00"
2020-12-08,2020120804001873,GIC,56,46,10,581.00,"5,810.00"
2020-12-08,2020120804001870,GIC,56,48,10,581.00,"5,810.00"
2020-12-08,2020120804001876,GIMES1,7,18,"5,000",11.30,"56,500.00"
2020-12-08,2020120804001875,GIMES1,7,18,"5,000",11.30,"56,500.00"
2020-12-08,2020120804001869,GIMES1,13,48,500,11.26,"5,630.00"
2020-12-08,2020120804001835,GIMES1,13,49,500,11.26,"5,630.00"
2020-12-08,2020120804001833,GIMES1,13,26,"5,000",11.26,"56,300.00"
2020-12-08,2020120804001803,GIMES1,7,49,"2,500",11.27,"28,175.00"
2020-12-08,2020120804001793,GIMES1,7,48,500,11.27,"5,635.00"
2020-12-08,2020120804001753,GIMES1,13,52,"1,500",11.26,"16,890.00"
2020-12-08,2020120804001634,GIMES1,13,37,600,11.26,"6,756.00"
2020-12-08,2020120804001724,LEMF,17,52,"5,000",9.65,"48,250.00"
2020-12-08,2020120804001641,LEMF,17,21,500,9.65,"4,825.00"
2020-12-08,2020120804001491,LEMF,17,39,800,9.67,"7,736.00"
2020-12-08,2020120804001490,LEMF,17,39,200,9.67,"1,934.00"
2020-12-08,2020120804001608,LEMF,17,58,300,9.65,"2,895.00"
2020-12-08,2020120804001607,LEMF,58,58,200,9.65,"1,930.00"
2020-12-08,2020120804001497,LEMF,58,21,300,9.65,"2,895.00"
2020-12-08,2020120804001496,LEMF,17,21,200,9.67,"1,934.00"
2020-12-08,2020120804001871,LUK,41,49,"1,400",9.41,"13,174.00"
2020-12-08,2020120804001792,LUK,49,52,"9,000",9.42,"84,780.00"
2020-12-08,2020120804001786,LUK,41,26,500,9.41,"4,705.00"
2020-12-08,2020120804001737,LUK,35,52,"1,000",9.42,"9,420.00"
2020-12-08,2020120804001687,LUK,58,45,100,9.50,950.00
2020-12-08,2020120804001662,LUK,58,33,100,9.50,950.00
2020-12-08,2020120804001498,LUK,7,6,200,9.51,"1,902.00"
2020-12-08,2020120804001832,NBF2,20,46,100,9.90,990.00
2020-12-08,2020120804001831,NBF2,20,17,"1,000",9.90,"9,900.00"
2020-12-08,2020120804001830,NBF2,20,56,700,9.89,"6,923.00"
2020-12-08,2020120804001643,NBF2,51,21,500,9.76,"4,880.00"
2020-12-08,2020120804001473,NBF2,51,10,"1,000",9.76,"9,760.00"
2020-12-08,2020120804001620,NBF2,51,58,100,9.76,976.00
2020-12-08,2020120804001499,NBF2,51,21,300,9.76,"2,928.00"
2020-12-08,2020120804001759,NEF,17,44,"1,207",9.93,"11,985.51"
2020-12-08,2020120804001754,NEF,17,52,"4,000",9.93,"39,720.00"
2020-12-08,2020120804001693,NEF,17,44,"1,207",9.93,"11,985.51"
2020-12-08,2020120804001686,NEF,17,37,"2,414",9.93,"23,971.02"
2020-12-08,2020120804001650,NEF,17,49,483,9.93,"4,796.19"
2020-12-08,2020120804001645,NEF,17,21,241,9.93,"2,393.13"
2020-12-08,2020120804001600,NEF,17,39,"1,127",9.93,"11,191.11"
2020-12-08,2020120804001597,NEF,17,39,"1,127",9.93,"11,191.11"
2020-12-08,2020120804001548,NEF,17,17,966,9.93,"9,592.38"
2020-12-08,2020120804001541,NEF,17,56,"1,448",9.90,"14,335.20"
2020-12-08,2020120804001502,NEF,10,21,241,9.81,"2,364.21"
2020-12-08,2020120804001425,NEF,17,42,"2,414",9.93,"23,971.02"
2020-12-08,2020120804001639,NIBD2082,45,50,25,"1,090.00","27,250.00"
2020-12-08,2020120804001639,NIBD2082,45,50,25,"1,090.00","27,250.00"
2020-12-08,2020120804001906,NIBLPF,22,6,505,10.12,"5,110.60"
2020-12-08,2020120804001826,NIBLPF,6,20,"2,525",10.06,"25,401.50"
2020-12-08,2020120804001494,NIBLPF,17,39,"1,020",10.05,"10,251.00"
2020-12-08,2020120804001821,NIBPO,42,11,500,427.00,"213,500.00"
2020-12-08,2020120804001820,NIBPO,42,46,200,427.00,"85,400.00"
2020-12-08,2020120804001819,NIBPO,42,46,100,427.00,"42,700.00"
2020-12-08,2020120804001818,NIBPO,42,6,627,425.00,"266,475.00"
2020-12-08,2020120804001817,NIBPO,42,20,"1,050",425.00,"446,250.00"
2020-12-08,2020120804001816,NIBPO,42,37,"1,400",425.00,"595,000.00"
2020-12-08,2020120804001417,NIBPO,39,39,9,419.00,"3,771.00"
2020-12-08,2020120804001728,NIBPO,25,49,23,420.00,"9,660.00"
2020-12-08,2020120804001602,NIBPO,6,26,400,424.00,"169,600.00"
2020-12-08,2020120804001586,NIBPO,6,37,600,425.00,"255,000.00"
2020-12-08,2020120804001576,NIBPO,39,39,9,430.00,"3,870.00"
2020-12-08,2020120804001483,NIBPO,42,39,"5,000",427.00,"2,135,000.00"
2020-12-08,2020120804001468,NIBPO,39,39,9,415.00,"3,735.00"
2020-12-08,2020120804001815,NIBPO,42,25,500,424.00,"212,000.00"
2020-12-08,2020120804001814,NIBPO,42,1,100,424.00,"42,400.00"
2020-12-08,2020120804001813,NIBPO,42,26,100,424.00,"42,400.00"
2020-12-08,2020120804001808,NIBPO,42,39,"2,923",419.00,"1,224,737.00"
2020-12-08,2020120804001807,NIBPO,49,39,"2,000",420.00,"840,000.00"
2020-12-08,2020120804001806,NIBPO,25,39,77,420.00,"32,340.00"
2020-12-08,2020120804001841,NIBSF1,39,51,500,11.06,"5,530.00"
2020-12-08,2020120804001783,NIBSF1,37,13,"2,000",11.10,"22,200.00"
2020-12-08,2020120804001782,NIBSF1,20,13,"2,000",11.10,"22,200.00"
2020-12-08,2020120804001458,NIBSF1,17,6,"9,300",11.10,"103,230.00"
2020-12-08,2020120804001414,NIBSF1,17,21,700,11.10,"7,770.00"
2020-12-08,2020120804001412,NIBSF1,17,6,"10,000",11.10,"111,000.00"
2020-12-08,2020120804001580,NICAD8283,6,42,25,"1,135.00","28,375.00"
2020-12-08,2020120804001744,NICBF,22,22,600,10.00,"6,000.00"
2020-12-08,2020120804001734,NICBF,22,22,400,10.00,"4,000.00"
2020-12-08,2020120804001731,NICBF,22,51,100,9.85,985.00
2020-12-08,2020120804001730,NICBF,22,56,500,9.80,"4,900.00"
2020-12-08,2020120804001646,NICBF,17,21,200,9.70,"1,940.00"
2020-12-08,2020120804001504,NICBF,17,21,200,9.70,"1,940.00"
2020-12-08,2020120804001418,NICBF,17,21,200,9.70,"1,940.00"
2020-12-08,2020120804001746,NICGF,47,59,"29,900",10.20,"304,980.00"
2020-12-08,2020120804001663,NICGF,10,49,300,10.17,"3,051.00"
2020-12-08,2020120804001648,NICGF,10,21,500,10.17,"5,085.00"
2020-12-08,2020120804001627,NICGF,13,57,500,10.16,"5,080.00"
2020-12-08,2020120804001558,NICGF,19,59,"10,000",10.20,"102,000.00"
2020-12-08,2020120804001557,NICGF,22,59,"14,700",10.22,"150,234.00"
2020-12-08,2020120804001511,NICGF,34,21,500,10.32,"5,160.00"
2020-12-08,2020120804001420,NICGF,34,21,100,10.32,"1,032.00"
2020-12-08,2020120804001419,NICGF,17,21,400,10.32,"4,128.00"
2020-12-08,2020120804001556,NICGF,22,59,"5,000",10.24,"51,200.00"
2020-12-08,2020120804001555,NICGF,42,59,"1,000",10.25,"10,250.00"
2020-12-08,2020120804001554,NICGF,4,59,"1,000",10.30,"10,300.00"
2020-12-08,2020120804001553,NICGF,56,59,"5,000",10.30,"51,500.00"
2020-12-08,2020120804001552,NICGF,17,59,"24,000",10.30,"247,200.00"
2020-12-08,2020120804001551,NICGF,34,59,"9,400",10.32,"97,008.00"
2020-12-08,2020120804001656,NMB50,17,21,500,10.10,"5,050.00"
2020-12-08,2020120804001517,NMB50,17,21,200,10.10,"2,020.00"
2020-12-08,2020120804001516,NMB50,45,21,100,10.10,"1,010.00"
2020-12-08,2020120804001493,NMB50,45,10,500,10.10,"5,050.00"
2020-12-08,2020120804001430,NMB50,45,21,300,10.10,"3,030.00"
2020-12-08,2020120804001756,NMBHF1,17,44,"1,248",10.05,"12,542.40"
2020-12-08,2020120804001689,NMBHF1,17,44,"1,248",10.05,"12,542.40"
2020-12-08,2020120804001684,NMBHF1,17,49,416,10.05,"4,180.80"
2020-12-08,2020120804001677,NMBHF1,17,51,"10,000",10.05,"100,500.00"
2020-12-08,2020120804001888,RBCLPO,49,38,10,"14,326.00","143,260.00"
2020-12-08,2020120804001632,RBCLPO,22,59,10,"14,046.00","140,460.00"
2020-12-08,2020120804001631,RBCLPO,59,59,10,"14,050.00","140,500.00"
2020-12-08,2020120804001630,RBCLPO,6,59,30,"14,060.00","421,800.00"
2020-12-08,2020120804001629,RBCLPO,38,59,10,"14,065.00","140,650.00"
2020-12-08,2020120804001628,RBCLPO,38,59,50,"14,065.00","703,250.00"
2020-12-08,2020120804001426,RBCLPO,38,43,10,"14,332.00","143,320.00"
2020-12-08,2020120804001621,RBCLPO,17,59,10,"14,118.00","141,180.00"
2020-12-08,2020120804001590,RBCLPO,37,40,35,"14,406.00","504,210.00"
2020-12-08,2020120804001589,RBCLPO,37,33,15,"14,405.00","216,075.00"
2020-12-08,2020120804001433,RBCLPO,4,57,100,"14,308.00","1,430,800.00"
2020-12-08,2020120804001432,RBCLPO,57,57,10,"14,308.00","143,080.00"
2020-12-08,2020120804001431,RBCLPO,38,57,10,"14,321.00","143,210.00"
2020-12-08,2020120804001867,SAEF,6,1,500,11.06,"5,530.00"
2020-12-08,2020120804001748,SAEF,6,49,500,11.02,"5,510.00"
2020-12-08,2020120804001699,SAEF,6,8,"1,000",11.02,"11,020.00"
2020-12-08,2020120804001692,SAEF,6,52,"3,000",11.02,"33,060.00"
2020-12-08,2020120804001658,SAEF,6,21,300,11.02,"3,306.00"
2020-12-08,2020120804001585,SAEF,42,59,"95,000",10.95,"1,040,250.00"
2020-12-08,2020120804001436,SAEF,33,53,"2,200",10.96,"24,112.00"
2020-12-08,2020120804001435,SAEF,6,53,"5,500",10.97,"60,335.00"
2020-12-08,2020120804001562,SAEF,11,59,"5,000",10.95,"54,750.00"
2020-12-08,2020120804001537,SAEF,35,21,500,10.97,"5,485.00"
2020-12-08,2020120804001525,SAEF,37,21,500,10.94,"5,470.00"
2020-12-08,2020120804001439,SAEF,22,53,"13,800",10.92,"150,696.00"
2020-12-08,2020120804001438,SAEF,17,53,"20,000",10.93,"218,600.00"
2020-12-08,2020120804001437,SAEF,19,53,"10,000",10.95,"109,500.00"
2020-12-08,2020120804001545,SAND2085,1,25,25,"1,035.00","25,875.00"
2020-12-08,2020120804001544,SAND2085,1,25,50,"1,035.00","51,750.00"
2020-12-08,2020120804001840,SEF,34,55,500,10.30,"5,150.00"
2020-12-08,2020120804001839,SEF,34,35,"1,000",10.30,"10,300.00"
2020-12-08,2020120804001838,SEF,34,8,500,10.30,"5,150.00"
2020-12-08,2020120804001837,SEF,34,59,"4,281",10.29,"44,051.49"
2020-12-08,2020120804001836,SEF,34,38,"10,500",10.28,"107,940.00"
2020-12-08,2020120804001829,SEF,34,38,"20,000",10.28,"205,600.00"
2020-12-08,2020120804001566,SEF,51,59,"42,500",10.29,"437,325.00"
2020-12-08,2020120804001565,SEF,51,19,"1,500",10.29,"15,435.00"
2020-12-08,2020120804001564,SEF,51,21,500,10.29,"5,145.00"
2020-12-08,2020120804001563,SEF,51,21,500,10.29,"5,145.00"
2020-12-08,2020120804001429,SEF,51,19,"5,000",10.29,"51,450.00"
2020-12-08,2020120804001757,SEF,34,18,"2,000",10.25,"20,500.00"
2020-12-08,2020120804001738,SEF,47,44,"1,500",10.20,"15,300.00"
2020-12-08,2020120804001732,SEF,47,5,"2,000",10.20,"20,400.00"
2020-12-08,2020120804001713,SEF,47,49,300,10.20,"3,060.00"
2020-12-08,2020120804001660,SEF,4,21,"1,000",10.20,"10,200.00"
2020-12-08,2020120804001575,SEF,17,14,"24,500",10.28,"251,860.00"
2020-12-08,2020120804001799,SEF,34,38,"9,500",10.28,"97,660.00"
2020-12-08,2020120804001798,SEF,34,1,500,10.25,"5,125.00"
2020-12-08,2020120804001764,SEF,34,59,"20,000",10.29,"205,800.00"
2020-12-08,2020120804001763,SEF,58,18,"3,000",10.19,"30,570.00"
2020-12-08,2020120804001762,SEF,47,18,"2,000",10.20,"20,400.00"
2020-12-08,2020120804001758,SEF,47,18,"3,000",10.20,"30,600.00"
2020-12-08,2020120804001884,SFMF,14,34,400,10.18,"4,072.00"
2020-12-08,2020120804001790,SFMF,14,49,500,10.18,"5,090.00"
2020-12-08,2020120804001721,SFMF,14,59,"2,000",10.20,"20,400.00"
2020-12-08,2020120804001909,SGI,21,35,10,605.00,"6,050.00"
2020-12-08,2020120804001907,SGI,38,38,10,606.00,"6,060.00"
2020-12-08,2020120804001901,SGI,21,58,10,605.00,"6,050.00"
2020-12-08,2020120804001900,SGI,21,35,10,605.00,"6,050.00"
2020-12-08,2020120804001899,SGI,42,35,10,604.00,"6,040.00"
2020-12-08,2020120804001894,SGI,35,35,100,605.00,"60,500.00"
2020-12-08,2020120804001459,SGI,45,57,10,605.00,"6,050.00"
2020-12-08,2020120804001443,SGI,45,26,10,605.00,"6,050.00"
2020-12-08,2020120804001442,SGI,45,38,10,605.00,"6,050.00"
2020-12-08,2020120804001440,SGI,45,28,10,605.00,"6,050.00"
2020-12-08,2020120804001424,SGI,45,58,10,605.00,"6,050.00"
2020-12-08,2020120804001413,SGI,45,58,10,605.00,"6,050.00"
2020-12-08,2020120804001472,SGI,45,22,10,605.00,"6,050.00"
2020-12-08,2020120804001471,SGI,50,35,305,606.00,"184,830.00"
2020-12-08,2020120804001470,SGI,50,8,10,606.00,"6,060.00"
2020-12-08,2020120804001469,SGI,50,8,200,606.00,"121,200.00"
2020-12-08,2020120804001466,SGI,57,8,10,606.00,"6,060.00"
2020-12-08,2020120804001463,SGI,45,56,10,605.00,"6,050.00"
2020-12-08,2020120804001507,SGI,45,57,10,605.00,"6,050.00"
2020-12-08,2020120804001500,SGI,45,29,10,605.00,"6,050.00"
2020-12-08,2020120804001485,SGI,45,16,10,605.00,"6,050.00"
2020-12-08,2020120804001484,SGI,45,42,10,605.00,"6,050.00"
2020-12-08,2020120804001475,SGI,45,16,10,605.00,"6,050.00"
2020-12-08,2020120804001474,SGI,45,42,10,605.00,"6,050.00"
2020-12-08,2020120804001521,SGI,35,7,10,606.00,"6,060.00"
2020-12-08,2020120804001520,SGI,35,32,10,606.00,"6,060.00"
2020-12-08,2020120804001515,SGI,35,32,10,606.00,"6,060.00"
2020-12-08,2020120804001512,SGI,35,7,10,606.00,"6,060.00"
2020-12-08,2020120804001510,SGI,35,32,10,606.00,"6,060.00"
2020-12-08,2020120804001508,SGI,45,32,10,605.00,"6,050.00"
2020-12-08,2020120804001530,SGI,45,49,10,605.00,"6,050.00"
2020-12-08,2020120804001529,SGI,35,58,10,606.00,"6,060.00"
2020-12-08,2020120804001528,SGI,35,34,10,606.00,"6,060.00"
2020-12-08,2020120804001527,SGI,35,29,10,606.00,"6,060.00"
2020-12-08,2020120804001526,SGI,35,32,10,606.00,"6,060.00"
2020-12-08,2020120804001522,SGI,35,29,10,606.00,"6,060.00"
2020-12-08,2020120804001538,SGI,45,22,10,605.00,"6,050.00"
2020-12-08,2020120804001536,SGI,45,28,10,605.00,"6,050.00"
2020-12-08,2020120804001535,SGI,45,58,10,605.00,"6,050.00"
2020-12-08,2020120804001533,SGI,57,32,10,606.00,"6,060.00"
2020-12-08,2020120804001532,SGI,57,58,10,606.00,"6,060.00"
2020-12-08,2020120804001531,SGI,45,29,10,605.00,"6,050.00"
2020-12-08,2020120804001570,SGI,45,57,10,607.00,"6,070.00"
2020-12-08,2020120804001569,SGI,45,34,10,607.00,"6,070.00"
2020-12-08,2020120804001568,SGI,45,34,10,607.00,"6,070.00"
2020-12-08,2020120804001560,SGI,38,44,10,606.00,"6,060.00"
2020-12-08,2020120804001547,SGI,45,38,10,605.00,"6,050.00"
2020-12-08,2020120804001540,SGI,45,7,10,605.00,"6,050.00"
2020-12-08,2020120804001587,SGI,45,32,10,607.00,"6,070.00"
2020-12-08,2020120804001584,SGI,45,58,10,607.00,"6,070.00"
2020-12-08,2020120804001583,SGI,55,6,20,608.00,"12,160.00"
2020-12-08,2020120804001582,SGI,55,34,10,608.00,"6,080.00"
2020-12-08,2020120804001581,SGI,55,56,10,608.00,"6,080.00"
2020-12-08,2020120804001572,SGI,45,38,10,607.00,"6,070.00"
2020-12-08,2020120804001610,SGI,38,35,10,606.00,"6,060.00"
2020-12-08,2020120804001605,SGI,38,16,10,606.00,"6,060.00"
2020-12-08,2020120804001598,SGI,45,42,10,607.00,"6,070.00"
2020-12-08,2020120804001595,SGI,45,16,10,607.00,"6,070.00"
2020-12-08,2020120804001594,SGI,45,28,10,607.00,"6,070.00"
2020-12-08,2020120804001593,SGI,45,19,10,607.00,"6,070.00"
2020-12-08,2020120804001642,SGI,34,20,10,606.00,"6,060.00"
2020-12-08,2020120804001636,SGI,4,35,10,606.00,"6,060.00"
2020-12-08,2020120804001635,SGI,4,38,10,606.00,"6,060.00"
2020-12-08,2020120804001633,SGI,4,6,10,606.00,"6,060.00"
2020-12-08,2020120804001622,SGI,38,38,10,606.00,"6,060.00"
2020-12-08,2020120804001611,SGI,38,55,10,606.00,"6,060.00"
2020-12-08,2020120804001664,SGI,34,16,10,606.00,"6,060.00"
2020-12-08,2020120804001657,SGI,34,58,10,606.00,"6,060.00"
2020-12-08,2020120804001655,SGI,34,21,10,606.00,"6,060.00"
2020-12-08,2020120804001652,SGI,34,18,10,606.00,"6,060.00"
2020-12-08,2020120804001651,SGI,34,34,80,606.00,"48,480.00"
2020-12-08,2020120804001644,SGI,34,41,10,606.00,"6,060.00"
2020-12-08,2020120804001676,SGI,34,16,10,606.00,"6,060.00"
2020-12-08,2020120804001674,SGI,34,57,10,606.00,"6,060.00"
2020-12-08,2020120804001673,SGI,34,16,10,606.00,"6,060.00"
2020-12-08,2020120804001668,SGI,34,39,10,606.00,"6,060.00"
2020-12-08,2020120804001667,SGI,34,16,10,606.00,"6,060.00"
2020-12-08,2020120804001665,SGI,34,16,10,606.00,"6,060.00"
2020-12-08,2020120804001696,SGI,45,14,10,605.00,"6,050.00"
2020-12-08,2020120804001694,SGI,45,19,10,605.00,"6,050.00"
2020-12-08,2020120804001691,SGI,45,58,10,605.00,"6,050.00"
2020-12-08,2020120804001690,SGI,45,16,10,605.00,"6,050.00"
2020-12-08,2020120804001685,SGI,45,47,10,605.00,"6,050.00"
2020-12-08,2020120804001679,SGI,45,47,10,605.00,"6,050.00"
2020-12-08,2020120804001710,SGI,45,16,10,605.00,"6,050.00"
2020-12-08,2020120804001703,SGI,45,16,10,605.00,"6,050.00"
2020-12-08,2020120804001702,SGI,45,59,10,605.00,"6,050.00"
2020-12-08,2020120804001700,SGI,45,16,10,605.00,"6,050.00"
2020-12-08,2020120804001698,SGI,45,32,10,605.00,"6,050.00"
2020-12-08,2020120804001697,SGI,45,16,10,605.00,"6,050.00"
2020-12-08,2020120804001722,SGI,38,42,10,605.00,"6,050.00"
2020-12-08,2020120804001718,SGI,38,50,10,605.00,"6,050.00"
2020-12-08,2020120804001717,SGI,45,47,10,605.00,"6,050.00"
2020-12-08,2020120804001715,SGI,45,37,10,605.00,"6,050.00"
2020-12-08,2020120804001712,SGI,45,34,10,605.00,"6,050.00"
2020-12-08,2020120804001711,SGI,45,43,10,605.00,"6,050.00"
2020-12-08,2020120804001740,SGI,38,16,10,605.00,"6,050.00"
2020-12-08,2020120804001739,SGI,38,14,10,605.00,"6,050.00"
2020-12-08,2020120804001736,SGI,38,58,10,605.00,"6,050.00"
2020-12-08,2020120804001733,SGI,38,35,10,605.00,"6,050.00"
2020-12-08,2020120804001729,SGI,38,38,10,605.00,"6,050.00"
2020-12-08,2020120804001727,SGI,38,42,10,605.00,"6,050.00"
2020-12-08,2020120804001760,SGI,38,52,10,605.00,"6,050.00"
2020-12-08,2020120804001755,SGI,38,22,10,605.00,"6,050.00"
2020-12-08,2020120804001752,SGI,49,21,10,608.00,"6,080.00"
2020-12-08,2020120804001751,SGI,49,34,10,608.00,"6,080.00"
2020-12-08,2020120804001750,SGI,38,42,10,605.00,"6,050.00"
2020-12-08,2020120804001742,SGI,49,34,10,607.00,"6,070.00"
2020-12-08,2020120804001770,SGI,19,34,10,610.00,"6,100.00"
2020-12-08,2020120804001769,SGI,19,34,10,610.00,"6,100.00"
2020-12-08,2020120804001768,SGI,19,34,10,610.00,"6,100.00"
2020-12-08,2020120804001767,SGI,49,38,10,609.00,"6,090.00"
2020-12-08,2020120804001766,SGI,49,34,10,609.00,"6,090.00"
2020-12-08,2020120804001765,SGI,49,34,10,609.00,"6,090.00"
2020-12-08,2020120804001776,SGI,19,58,10,610.00,"6,100.00"
2020-12-08,2020120804001775,SGI,19,58,10,610.00,"6,100.00"
2020-12-08,2020120804001774,SGI,19,58,10,610.00,"6,100.00"
2020-12-08,2020120804001773,SGI,19,53,10,610.00,"6,100.00"
2020-12-08,2020120804001772,SGI,19,38,10,610.00,"6,100.00"
2020-12-08,2020120804001771,SGI,19,54,10,610.00,"6,100.00"
2020-12-08,2020120804001785,SGI,38,35,10,605.00,"6,050.00"
2020-12-08,2020120804001781,SGI,19,35,70,610.00,"42,700.00"
2020-12-08,2020120804001780,SGI,19,6,10,610.00,"6,100.00"
2020-12-08,2020120804001779,SGI,19,49,10,610.00,"6,100.00"
2020-12-08,2020120804001778,SGI,19,32,10,610.00,"6,100.00"
2020-12-08,2020120804001777,SGI,19,14,10,610.00,"6,100.00"
2020-12-08,2020120804001796,SGI,49,35,10,610.00,"6,100.00"
2020-12-08,2020120804001794,SGI,38,58,10,605.00,"6,050.00"
2020-12-08,2020120804001791,SGI,38,56,10,605.00,"6,050.00"
2020-12-08,2020120804001789,SGI,38,58,10,605.00,"6,050.00"
2020-12-08,2020120804001788,SGI,38,58,10,605.00,"6,050.00"
2020-12-08,2020120804001787,SGI,49,29,270,606.00,"163,620.00"
2020-12-08,2020120804001809,SGI,38,38,10,605.00,"6,050.00"
2020-12-08,2020120804001805,SGI,38,38,10,605.00,"6,050.00"
2020-12-08,2020120804001804,SGI,38,58,10,605.00,"6,050.00"
2020-12-08,2020120804001802,SGI,38,38,10,605.00,"6,050.00"
2020-12-08,2020120804001801,SGI,38,18,10,605.00,"6,050.00"
2020-12-08,2020120804001797,SGI,38,58,10,605.00,"6,050.00"
2020-12-08,2020120804001843,SGI,38,19,60,605.00,"36,300.00"
2020-12-08,2020120804001842,SGI,42,19,30,606.00,"18,180.00"
2020-12-08,2020120804001828,SGI,42,26,10,606.00,"6,060.00"
2020-12-08,2020120804001825,SGI,42,38,10,606.00,"6,060.00"
2020-12-08,2020120804001824,SGI,38,14,10,605.00,"6,050.00"
2020-12-08,2020120804001811,SGI,38,38,10,605.00,"6,050.00"
2020-12-08,2020120804001849,SGI,22,19,10,605.00,"6,050.00"
2020-12-08,2020120804001848,SGI,47,19,90,605.00,"54,450.00"
2020-12-08,2020120804001847,SGI,52,19,100,605.00,"60,500.00"
2020-12-08,2020120804001846,SGI,58,19,50,605.00,"30,250.00"
2020-12-08,2020120804001845,SGI,46,19,80,605.00,"48,400.00"
2020-12-08,2020120804001844,SGI,42,19,30,605.00,"18,150.00"
2020-12-08,2020120804001855,SGI,58,19,100,604.00,"60,400.00"
2020-12-08,2020120804001854,SGI,57,19,10,604.00,"6,040.00"
2020-12-08,2020120804001853,SGI,38,19,50,604.00,"30,200.00"
2020-12-08,2020120804001852,SGI,6,19,40,604.00,"24,160.00"
2020-12-08,2020120804001851,SGI,22,19,20,605.00,"12,100.00"
2020-12-08,2020120804001850,SGI,45,19,90,605.00,"54,450.00"
2020-12-08,2020120804001877,SGI,58,51,10,605.00,"6,050.00"
2020-12-08,2020120804001872,SGI,49,38,10,609.00,"6,090.00"
2020-12-08,2020120804001860,SGI,42,58,10,604.00,"6,040.00"
2020-12-08,2020120804001858,SGI,42,19,20,604.00,"12,080.00"
2020-12-08,2020120804001857,SGI,47,19,50,604.00,"30,200.00"
2020-12-08,2020120804001856,SGI,3,19,380,604.00,"229,520.00"
2020-12-08,2020120804001893,SGI,42,38,10,604.00,"6,040.00"
2020-12-08,2020120804001892,SGI,58,35,70,605.00,"42,350.00"
2020-12-08,2020120804001889,SGI,58,56,10,605.00,"6,050.00"
2020-12-08,2020120804001887,SGI,58,44,10,605.00,"6,050.00"
2020-12-08,2020120804001882,SGI,45,35,40,606.00,"24,240.00"
2020-12-08,2020120804001879,SGI,45,48,10,606.00,"6,060.00"
2020-12-08,2020120804001897,STC,59,42,10,"5,400.00","54,000.00"
2020-12-08,2020120804001883,STC,4,20,20,"5,370.00","107,400.00"
2020-12-08,2020120804001823,STC,17,14,40,"5,350.00","214,000.00"
2020-12-08,2020120804001822,STC,33,14,10,"5,351.00","53,510.00"
2020-12-08,2020120804001523,STC,50,49,15,"5,360.00","80,400.00"
2020-12-08,2020120804001488,STC,4,49,50,"5,360.00","268,000.00"
2020-12-08,2020120804001450,STC,14,49,10,"5,403.00","54,030.00"
2020-12-08,2020120804001449,STC,58,49,10,"5,405.00","54,050.00"
2020-12-08,2020120804001448,STC,22,49,10,"5,406.00","54,060.00"
2020-12-08,2020120804001447,STC,5,49,20,"5,412.00","108,240.00"
2020-12-08,2020120804001446,STC,4,49,50,"5,413.00","270,650.00"
2020-12-08,2020120804001456,STC,46,49,10,"5,400.00","54,000.00"
2020-12-08,2020120804001455,STC,20,49,30,"5,400.00","162,000.00"
2020-12-08,2020120804001454,STC,44,49,15,"5,400.00","81,000.00"
2020-12-08,2020120804001453,STC,43,49,30,"5,400.00","162,000.00"
2020-12-08,2020120804001452,STC,17,49,50,"5,401.00","270,050.00"
2020-12-08,2020120804001451,STC,17,49,10,"5,402.00","54,020.00"
2020-12-08,2020120804001487,STC,22,49,10,"5,393.00","53,930.00"
2020-12-08,2020120804001486,STC,17,49,10,"5,394.00","53,940.00"
2020-12-08,2020120804001479,STC,11,49,50,"5,395.00","269,750.00"
2020-12-08,2020120804001478,STC,57,49,10,"5,395.00","53,950.00"
2020-12-08,2020120804001477,STC,17,49,10,"5,396.00","53,960.00"
2020-12-08,2020120804001457,STC,50,49,10,"5,400.00","54,000.00"
2020-12-08,2020120804001391,BBC,26,38,14,"3,001.00","42,014.00"
2020-12-08,2020120804001323,BBC,13,34,20,"3,005.00","60,100.00"
2020-12-08,2020120804001322,BBC,50,34,10,"3,010.00","30,100.00"
2020-12-08,2020120804001147,BBC,36,19,90,"3,059.00","275,310.00"
2020-12-08,2020120804001146,BBC,57,19,30,"3,059.00","91,770.00"
2020-12-08,2020120804001145,BBC,21,19,10,"3,060.00","30,600.00"
2020-12-08,2020120804001144,BBC,58,19,10,"3,068.00","30,680.00"
2020-12-08,2020120804001143,BBC,57,19,10,"3,068.00","30,680.00"
2020-12-08,2020120804001142,BBC,34,19,10,"3,068.00","30,680.00"
2020-12-08,2020120804001141,BBC,47,19,30,"3,070.00","92,100.00"
2020-12-08,2020120804001140,BBC,46,19,10,"3,070.00","30,700.00"
2020-12-08,2020120804000914,BBC,38,39,1,"3,130.00","3,130.00"
2020-12-08,2020120804001409,GIC,36,57,20,582.00,"11,640.00"
2020-12-08,2020120804001406,GIC,36,38,80,582.00,"46,560.00"
2020-12-08,2020120804001405,GIC,45,38,20,582.00,"11,640.00"
2020-12-08,2020120804001402,GIC,55,36,10,583.00,"5,830.00"
2020-12-08,2020120804001397,GIC,42,38,30,584.00,"17,520.00"
2020-12-08,2020120804001386,GIC,42,56,10,584.00,"5,840.00"
2020-12-08,2020120804000916,GIC,45,39,10,586.00,"5,860.00"
2020-12-08,2020120804000913,GIC,45,29,10,586.00,"5,860.00"
2020-12-08,2020120804000924,GIC,25,50,10,589.00,"5,890.00"
2020-12-08,2020120804000923,GIC,25,57,10,589.00,"5,890.00"
2020-12-08,2020120804000922,GIC,25,34,10,589.00,"5,890.00"
2020-12-08,2020120804000921,GIC,25,40,10,589.00,"5,890.00"
2020-12-08,2020120804000918,GIC,45,51,10,586.00,"5,860.00"
2020-12-08,2020120804000917,GIC,25,47,10,588.00,"5,880.00"
2020-12-08,2020120804000933,GIC,25,46,110,590.00,"64,900.00"
2020-12-08,2020120804000932,GIC,25,52,10,590.00,"5,900.00"
2020-12-08,2020120804000931,GIC,25,51,10,590.00,"5,900.00"
2020-12-08,2020120804000930,GIC,25,26,10,590.00,"5,900.00"
2020-12-08,2020120804000929,GIC,25,1,10,590.00,"5,900.00"
2020-12-08,2020120804000925,GIC,45,34,10,586.00,"5,860.00"
2020-12-08,2020120804000953,GIC,45,22,10,586.00,"5,860.00"
2020-12-08,2020120804000944,GIC,45,22,10,586.00,"5,860.00"
2020-12-08,2020120804000942,GIC,45,50,10,586.00,"5,860.00"
2020-12-08,2020120804000939,GIC,45,11,10,586.00,"5,860.00"
2020-12-08,2020120804000938,GIC,45,32,10,586.00,"5,860.00"
2020-12-08,2020120804000936,GIC,45,29,10,586.00,"5,860.00"
2020-12-08,2020120804000971,GIC,45,20,10,586.00,"5,860.00"
2020-12-08,2020120804000965,GIC,45,39,10,586.00,"5,860.00"
2020-12-08,2020120804000962,GIC,45,26,10,586.00,"5,860.00"
2020-12-08,2020120804000961,GIC,45,29,10,586.00,"5,860.00"
2020-12-08,2020120804000959,GIC,45,44,10,586.00,"5,860.00"
2020-12-08,2020120804000958,GIC,45,39,10,586.00,"5,860.00"
2020-12-08,2020120804000988,GIC,45,21,10,586.00,"5,860.00"
2020-12-08,2020120804000986,GIC,45,21,10,586.00,"5,860.00"
2020-12-08,2020120804000984,GIC,45,21,10,586.00,"5,860.00"
2020-12-08,2020120804000982,GIC,45,34,10,586.00,"5,860.00"
2020-12-08,2020120804000981,GIC,45,21,10,586.00,"5,860.00"
2020-12-08,2020120804000976,GIC,45,17,10,586.00,"5,860.00"
2020-12-08,2020120804001009,GIC,45,21,10,586.00,"5,860.00"
2020-12-08,2020120804001001,GIC,45,56,10,586.00,"5,860.00"
2020-12-08,2020120804001000,GIC,45,32,10,586.00,"5,860.00"
2020-12-08,2020120804000998,GIC,45,45,10,586.00,"5,860.00"
2020-12-08,2020120804000997,GIC,45,44,10,586.00,"5,860.00"
2020-12-08,2020120804000990,GIC,45,21,10,586.00,"5,860.00"
2020-12-08,2020120804001039,GIC,35,42,10,586.00,"5,860.00"
2020-12-08,2020120804001031,GIC,45,55,10,586.00,"5,860.00"
2020-12-08,2020120804001029,GIC,45,16,10,586.00,"5,860.00"
2020-12-08,2020120804001018,GIC,45,37,10,586.00,"5,860.00"
2020-12-08,2020120804001016,GIC,45,26,10,586.00,"5,860.00"
2020-12-08,2020120804001011,GIC,45,26,10,586.00,"5,860.00"
2020-12-08,2020120804001064,GIC,41,42,10,585.00,"5,850.00"
2020-12-08,2020120804001052,GIC,42,26,40,586.00,"23,440.00"
2020-12-08,2020120804001051,GIC,35,26,10,586.00,"5,860.00"
2020-12-08,2020120804001049,GIC,35,46,10,586.00,"5,860.00"
2020-12-08,2020120804001048,GIC,35,20,10,586.00,"5,860.00"
2020-12-08,2020120804001045,GIC,35,29,10,586.00,"5,860.00"
2020-12-08,2020120804001084,GIC,41,14,10,585.00,"5,850.00"
2020-12-08,2020120804001082,GIC,41,42,10,585.00,"5,850.00"
2020-12-08,2020120804001077,GIC,41,51,10,585.00,"5,850.00"
2020-12-08,2020120804001074,GIC,41,19,10,585.00,"5,850.00"
2020-12-08,2020120804001073,GIC,41,13,10,585.00,"5,850.00"
2020-12-08,2020120804001068,GIC,41,21,10,585.00,"5,850.00"
2020-12-08,2020120804001105,GIC,51,36,30,585.00,"17,550.00"
2020-12-08,2020120804001104,GIC,59,36,30,585.00,"17,550.00"
2020-12-08,2020120804001103,GIC,38,36,50,585.00,"29,250.00"
2020-12-08,2020120804001090,GIC,41,42,10,585.00,"5,850.00"
2020-12-08,2020120804001089,GIC,41,38,10,585.00,"5,850.00"
2020-12-08,2020120804001088,GIC,41,34,10,585.00,"5,850.00"
2020-12-08,2020120804001127,GIC,42,42,10,585.00,"5,850.00"
2020-12-08,2020120804001122,GIC,42,47,10,585.00,"5,850.00"
2020-12-08,2020120804001121,GIC,42,38,10,585.00,"5,850.00"
2020-12-08,2020120804001115,GIC,42,4,10,585.00,"5,850.00"
2020-12-08,2020120804001107,GIC,50,34,10,585.00,"5,850.00"
2020-12-08,2020120804001106,GIC,50,36,90,585.00,"52,650.00"
2020-12-08,2020120804001161,GIC,42,16,10,585.00,"5,850.00"
2020-12-08,2020120804001160,GIC,42,43,10,585.00,"5,850.00"
2020-12-08,2020120804001148,GIC,42,49,10,585.00,"5,850.00"
2020-12-08,2020120804001137,GIC,42,38,10,585.00,"5,850.00"
2020-12-08,2020120804001130,GIC,52,11,10,586.00,"5,860.00"
2020-12-08,2020120804001129,GIC,52,26,50,586.00,"29,300.00"
2020-12-08,2020120804001184,GIC,34,41,10,585.00,"5,850.00"
2020-12-08,2020120804001182,GIC,34,34,10,585.00,"5,850.00"
2020-12-08,2020120804001176,GIC,34,34,10,585.00,"5,850.00"
2020-12-08,2020120804001170,GIC,34,34,10,585.00,"5,850.00"
2020-12-08,2020120804001168,GIC,34,32,10,585.00,"5,850.00"
2020-12-08,2020120804001163,GIC,42,32,10,585.00,"5,850.00"
2020-12-08,2020120804001199,GIC,57,6,20,586.00,"11,720.00"
2020-12-08,2020120804001197,GIC,34,58,10,585.00,"5,850.00"
2020-12-08,2020120804001196,GIC,34,45,10,585.00,"5,850.00"
2020-12-08,2020120804001192,GIC,34,14,10,585.00,"5,850.00"
2020-12-08,2020120804001190,GIC,34,34,10,585.00,"5,850.00"
2020-12-08,2020120804001185,GIC,34,13,10,585.00,"5,850.00"
2020-12-08,2020120804001212,GIC,34,13,10,585.00,"5,850.00"
2020-12-08,2020120804001211,GIC,34,46,10,585.00,"5,850.00"
2020-12-08,2020120804001207,GIC,34,16,10,585.00,"5,850.00"
2020-12-08,2020120804001204,GIC,34,16,10,585.00,"5,850.00"
2020-12-08,2020120804001201,GIC,34,7,10,585.00,"5,850.00"
2020-12-08,2020120804001200,GIC,57,38,70,586.00,"41,020.00"
2020-12-08,2020120804001223,GIC,34,39,10,585.00,"5,850.00"
2020-12-08,2020120804001221,GIC,34,21,10,585.00,"5,850.00"
2020-12-08,2020120804001220,GIC,34,40,10,585.00,"5,850.00"
2020-12-08,2020120804001219,GIC,34,33,10,585.00,"5,850.00"
2020-12-08,2020120804001217,GIC,34,21,10,585.00,"5,850.00"
2020-12-08,2020120804001213,GIC,34,40,10,585.00,"5,850.00"
2020-12-08,2020120804001245,GIC,34,38,10,585.00,"5,850.00"
2020-12-08,2020120804001243,GIC,34,42,10,585.00,"5,850.00"
2020-12-08,2020120804001240,GIC,34,33,10,585.00,"5,850.00"
2020-12-08,2020120804001237,GIC,34,59,10,585.00,"5,850.00"
2020-12-08,2020120804001235,GIC,34,49,10,585.00,"5,850.00"
2020-12-08,2020120804001225,GIC,34,7,10,585.00,"5,850.00"
2020-12-08,2020120804001259,GIC,34,11,10,585.00,"5,850.00"
2020-12-08,2020120804001256,GIC,34,56,10,585.00,"5,850.00"
2020-12-08,2020120804001254,GIC,34,25,100,585.00,"58,500.00"
2020-12-08,2020120804001249,GIC,34,35,10,585.00,"5,850.00"
2020-12-08,2020120804001247,GIC,34,56,10,585.00,"5,850.00"
2020-12-08,2020120804001246,GIC,34,55,10,585.00,"5,850.00"
2020-12-08,2020120804001312,GIC,34,38,10,585.00,"5,850.00"
2020-12-08,2020120804001308,GIC,34,32,10,585.00,"5,850.00"
2020-12-08,2020120804001294,GIC,34,4,10,585.00,"5,850.00"
2020-12-08,2020120804001278,GIC,34,38,10,585.00,"5,850.00"
2020-12-08,2020120804001265,GIC,34,28,10,585.00,"5,850.00"
2020-12-08,2020120804001260,GIC,34,7,10,585.00,"5,850.00"
2020-12-08,2020120804001336,GIC,4,52,10,585.00,"5,850.00"
2020-12-08,2020120804001330,GIC,4,4,10,585.00,"5,850.00"
2020-12-08,2020120804001329,GIC,4,38,10,585.00,"5,850.00"
2020-12-08,2020120804001328,GIC,4,38,10,585.00,"5,850.00"
2020-12-08,2020120804001325,GIC,34,52,10,585.00,"5,850.00"
2020-12-08,2020120804001324,GIC,34,34,10,585.00,"5,850.00"
2020-12-08,2020120804001362,GIC,33,36,10,584.00,"5,840.00"
2020-12-08,2020120804001361,GIC,33,59,10,584.00,"5,840.00"
2020-12-08,2020120804001358,GIC,33,38,10,584.00,"5,840.00"
2020-12-08,2020120804001353,GIC,33,42,10,584.00,"5,840.00"
2020-12-08,2020120804001348,GIC,16,57,50,585.00,"29,250.00"
2020-12-08,2020120804001347,GIC,4,57,50,585.00,"29,250.00"
2020-12-08,2020120804001375,GIC,33,49,10,584.00,"5,840.00"
2020-12-08,2020120804001374,GIC,33,28,10,584.00,"5,840.00"
2020-12-08,2020120804001373,GIC,33,38,10,584.00,"5,840.00"
2020-12-08,2020120804001372,GIC,33,40,10,584.00,"5,840.00"
2020-12-08,2020120804001371,GIC,33,52,10,584.00,"5,840.00"
2020-12-08,2020120804001365,GIC,33,52,10,584.00,"5,840.00"
2020-12-08,2020120804001385,GIC,42,52,10,584.00,"5,840.00"
2020-12-08,2020120804001384,GIC,25,38,200,584.00,"116,800.00"
2020-12-08,2020120804001383,GIC,19,38,100,584.00,"58,400.00"
2020-12-08,2020120804001382,GIC,19,38,200,584.00,"116,800.00"
2020-12-08,2020120804001379,GIC,19,38,200,584.00,"116,800.00"
2020-12-08,2020120804001378,GIC,33,38,100,584.00,"58,400.00"
2020-12-08,2020120804001071,GIMES1,58,5,100,11.43,"1,143.00"
2020-12-08,2020120804001070,GIMES1,58,21,400,11.43,"4,572.00"
2020-12-08,2020120804001069,GIMES1,58,8,500,11.43,"5,715.00"
2020-12-08,2020120804001063,GIMES1,58,8,"1,000",11.43,"11,430.00"
2020-12-08,2020120804001032,GIMES1,58,8,"1,000",11.43,"11,430.00"
2020-12-08,2020120804000940,GIMES1,17,7,"25,000",11.25,"281,250.00"
2020-12-08,2020120804001395,LEMF,17,21,300,9.67,"2,901.00"
2020-12-08,2020120804001304,LEMF,17,55,"2,000",9.67,"19,340.00"
2020-12-08,2020120804001326,LUK,7,8,100,9.51,951.00
2020-12-08,2020120804001037,LUK,58,36,100,9.50,950.00
2020-12-08,2020120804001400,NBF2,17,21,200,9.75,"1,950.00"
2020-12-08,2020120804001343,NBF2,42,56,300,9.92,"2,976.00"
2020-12-08,2020120804001244,NBF2,17,54,150,9.75,"1,462.50"
2020-12-08,2020120804001046,NBF2,58,43,100,9.74,974.00
2020-12-08,2020120804001404,NEF,17,21,241,9.93,"2,393.13"
2020-12-08,2020120804001389,NEF,17,26,"5,000",9.93,"49,650.00"
2020-12-08,2020120804001317,NEF,17,8,"4,264",9.93,"42,341.52"
2020-12-08,2020120804001316,NEF,17,5,828,9.93,"8,222.04"
2020-12-08,2020120804001311,NEF,33,5,"1,586",9.94,"15,764.84"
2020-12-08,2020120804001293,NEF,33,5,"2,414",9.94,"23,995.16"
2020-12-08,2020120804000915,NEF,17,44,"5,632",9.93,"55,925.76"
2020-12-08,2020120804001279,NEF,33,58,"1,000",9.94,"9,940.00"
2020-12-08,2020120804001102,NEF,17,5,"2,414",9.93,"23,971.02"
2020-12-08,2020120804001062,NEF,17,5,"2,414",9.93,"23,971.02"
2020-12-08,2020120804000949,NEF,21,11,241,10.00,"2,410.00"
2020-12-08,2020120804000948,NEF,17,22,"1,414",9.93,"14,041.02"
2020-12-08,2020120804000947,NEF,21,22,"1,000",9.94,"9,940.00"
2020-12-08,2020120804001152,NIBLPF,48,17,"2,000",10.20,"20,400.00"
2020-12-08,2020120804000994,NIBLPF,48,47,"41,165",10.30,"423,999.50"
2020-12-08,2020120804000993,NIBLPF,48,43,"8,577",10.25,"87,914.25"
2020-12-08,2020120804000992,NIBLPF,48,50,258,10.10,"2,605.80"
2020-12-08,2020120804000912,NIBLPF,48,50,"2,267",10.30,"23,350.10"
2020-12-08,2020120804000911,NIBLPF,48,50,"2,525",10.30,"26,007.50"
2020-12-08,2020120804000910,NIBLPF,48,45,"1,768",10.30,"18,210.40"
2020-12-08,2020120804001398,NIBPO,42,29,500,419.00,"209,500.00"
2020-12-08,2020120804001377,NIBPO,39,39,6,419.00,"2,514.00"
2020-12-08,2020120804001356,NIBPO,42,51,500,419.00,"209,500.00"
2020-12-08,2020120804001319,NIBPO,39,39,9,419.00,"3,771.00"
2020-12-08,2020120804001281,NIBPO,39,39,4,410.00,"1,640.00"
2020-12-08,2020120804001258,NIBPO,6,44,80,411.00,"32,880.00"
2020-12-08,2020120804001006,NIBPO,58,58,"2,000",421.00,"842,000.00"
2020-12-08,2020120804001257,NIBPO,39,44,20,416.00,"8,320.00"
2020-12-08,2020120804001222,NIBPO,6,14,340,417.00,"141,780.00"
2020-12-08,2020120804001215,NIBPO,7,14,164,417.00,"68,388.00"
2020-12-08,2020120804001214,NIBPO,25,14,100,420.00,"42,000.00"
2020-12-08,2020120804001183,NIBPO,7,58,36,417.00,"15,012.00"
2020-12-08,2020120804001007,NIBPO,39,58,"4,900",420.00,"2,058,000.00"
2020-12-08,2020120804001376,NIBSF1,17,56,"5,000",11.10,"55,500.00"
2020-12-08,2020120804001162,NIBSF1,39,43,"2,000",11.15,"22,300.00"
2020-12-08,2020120804001134,NIBSF1,39,43,"5,000",11.06,"55,300.00"
2020-12-08,2020120804001112,NIBSF1,20,43,"3,000",11.15,"33,450.00"
2020-12-08,2020120804001241,NICAD8283,55,44,25,"1,125.00","28,125.00"
2020-12-08,2020120804001109,NICAD8283,14,57,50,"1,125.00","56,250.00"
2020-12-08,2020120804001337,NICBF,17,8,100,9.70,970.00
2020-12-08,2020120804001061,NICBF,1,17,"2,000",9.71,"19,420.00"
2020-12-08,2020120804001198,NICGF,17,57,400,10.32,"4,128.00"
2020-12-08,2020120804001151,NICGF,34,58,"2,000",10.40,"20,800.00"
2020-12-08,2020120804001101,NICGF,34,33,"1,000",10.40,"10,400.00"
2020-12-08,2020120804000945,NICGF,43,58,500,10.35,"5,175.00"
2020-12-08,2020120804001345,NMB50,45,8,100,10.10,"1,010.00"
2020-12-08,2020120804001277,NMB50,14,4,"50,000",10.20,"510,000.00"
2020-12-08,2020120804001093,NMB50,14,38,500,10.30,"5,150.00"
2020-12-08,2020120804001092,NMB50,14,58,"1,000",10.25,"10,250.00"
2020-12-08,2020120804001091,NMB50,14,35,100,10.19,"1,019.00"
2020-12-08,2020120804001081,NMB50,14,35,900,10.19,"9,171.00"
2020-12-08,2020120804001013,NMB50,51,57,200,10.03,"2,006.00"
2020-12-08,2020120804000995,NMB50,51,25,"10,000",10.02,"100,200.00"
2020-12-08,2020120804000956,NMB50,16,58,"2,000",10.01,"20,020.00"
2020-12-08,2020120804001080,NMB50,14,34,400,10.10,"4,040.00"
2020-12-08,2020120804001079,NMB50,14,56,500,10.09,"5,045.00"
2020-12-08,2020120804001078,NMB50,14,4,200,10.05,"2,010.00"
2020-12-08,2020120804001026,NMB50,51,4,"49,800",10.05,"500,490.00"
2020-12-08,2020120804001025,NMB50,51,4,200,10.04,"2,008.00"
2020-12-08,2020120804001014,NMB50,51,4,"49,800",10.04,"499,992.00"
2020-12-08,2020120804001280,NMBHF1,17,11,416,10.05,"4,180.80"
2020-12-08,2020120804001276,NMBHF1,17,32,"20,382",10.05,"204,839.10"
2020-12-08,2020120804001270,NMBHF1,17,46,"2,496",10.05,"25,084.80"
2020-12-08,2020120804001194,NMBHF1,34,46,"2,496",10.01,"24,984.96"
2020-12-08,2020120804001132,NMBHF1,34,38,828,10.00,"8,280.00"
2020-12-08,2020120804001118,NMBHF1,34,38,"1,672",10.00,"16,720.00"
2020-12-08,2020120804001117,NMBHF1,34,34,832,10.00,"8,320.00"
2020-12-08,2020120804001028,NMBHF1,3,34,"1,577",9.94,"15,675.38"
2020-12-08,2020120804001027,NMBHF1,3,37,"2,080",9.93,"20,654.40"
2020-12-08,2020120804001327,PCBLP,44,39,"7,840",156.00,"1,223,040.00"
2020-12-08,2020120804001181,PRVUPO,20,58,"159,165",140.00,"22,283,100.00"
2020-12-08,2020120804001173,PRVUPO,20,58,100,138.00,"13,800.00"
2020-12-08,2020120804001171,PRVUPO,20,58,100,136.00,"13,600.00"
2020-12-08,2020120804001169,PRVUPO,20,58,100,134.00,"13,400.00"
2020-12-08,2020120804001164,PRVUPO,20,58,100,132.00,"13,200.00"
2020-12-08,2020120804001315,RBCLPO,38,19,10,"14,332.00","143,320.00"
2020-12-08,2020120804001314,RBCLPO,56,19,10,"14,355.00","143,550.00"
2020-12-08,2020120804001306,RBCLPO,17,19,50,"14,406.00","720,300.00"
2020-12-08,2020120804001305,RBCLPO,17,19,50,"14,500.00","725,000.00"
2020-12-08,2020120804001285,RBCLPO,17,4,20,"14,553.00","291,060.00"
2020-12-08,2020120804001274,RBCLPO,17,3,30,"14,553.00","436,590.00"
2020-12-08,2020120804001273,RBCLPO,59,3,10,"14,555.00","145,550.00"
2020-12-08,2020120804001272,RBCLPO,17,3,10,"14,583.00","145,830.00"
2020-12-08,2020120804001230,RBCLPO,38,19,45,"14,585.00","656,325.00"
2020-12-08,2020120804001218,RBCLPO,17,19,50,"14,600.00","730,000.00"
2020-12-08,2020120804001123,RBCLPO,38,6,10,"14,870.00","148,700.00"
2020-12-08,2020120804001113,RBCLPO,38,38,50,"14,860.00","743,000.00"
2020-12-08,2020120804001331,SAEF,6,39,500,10.97,"5,485.00"
2020-12-08,2020120804001229,SAEF,34,46,"6,000",11.00,"66,000.00"
2020-12-08,2020120804001205,SAEF,33,49,500,10.96,"5,480.00"
2020-12-08,2020120804001174,SAEF,33,7,"2,300",10.96,"25,208.00"
2020-12-08,2020120804001172,SAEF,19,7,"7,000",10.97,"76,790.00"
2020-12-08,2020120804001120,SAEF,19,59,500,10.95,"5,475.00"
2020-12-08,2020120804001076,SAEF,19,52,"2,500",10.93,"27,325.00"
2020-12-08,2020120804001075,SAEF,58,52,500,10.93,"5,465.00"
2020-12-08,2020120804001066,SAEF,58,59,500,10.93,"5,465.00"
2020-12-08,2020120804000943,SAEF,17,34,"25,000",11.00,"275,000.00"
2020-12-08,2020120804001271,SAND2085,19,42,25,"1,030.00","25,750.00"
2020-12-08,2020120804001403,SEF,17,46,500,10.25,"5,125.00"
2020-12-08,2020120804001340,SEF,34,32,"5,000",10.25,"51,250.00"
2020-12-08,2020120804001339,SEF,34,46,"10,000",10.25,"102,500.00"
2020-12-08,2020120804001338,SEF,34,19,"2,700",10.25,"27,675.00"
2020-12-08,2020120804001255,SEF,17,19,"2,000",10.26,"20,520.00"
2020-12-08,2020120804001209,SEF,17,49,500,10.20,"5,100.00"
2020-12-08,2020120804000951,SEF,17,32,"2,000",10.27,"20,540.00"
2020-12-08,2020120804000941,SEF,17,58,"1,500",10.25,"15,375.00"
2020-12-08,2020120804000927,SEF,58,37,"1,500",10.24,"15,360.00"
2020-12-08,2020120804000926,SEF,58,43,"1,000",10.24,"10,240.00"
2020-12-08,2020120804001108,SEF,39,59,500,10.25,"5,125.00"
2020-12-08,2020120804001043,SEF,41,45,"2,000",10.35,"20,700.00"
2020-12-08,2020120804001042,SEF,41,45,"2,000",10.35,"20,700.00"
2020-12-08,2020120804001041,SEF,41,32,"10,000",10.34,"103,400.00"
2020-12-08,2020120804001040,SEF,41,37,"2,000",10.33,"20,660.00"
2020-12-08,2020120804000952,SEF,17,53,"1,500",10.30,"15,450.00"
2020-12-08,2020120804001178,SFMF,10,50,100,10.38,"1,038.00"
2020-12-08,2020120804001149,SFMF,10,50,100,10.18,"1,018.00"
2020-12-08,2020120804001111,SFMF,17,7,"1,200",10.00,"12,000.00"
2020-12-08,2020120804000946,SFMF,58,50,100,9.99,999.00
2020-12-08,2020120804001408,SGI,45,58,10,605.00,"6,050.00"
2020-12-08,2020120804001407,SGI,45,13,10,605.00,"6,050.00"
2020-12-08,2020120804001401,SGI,45,1,10,605.00,"6,050.00"
2020-12-08,2020120804001399,SGI,45,28,10,605.00,"6,050.00"
2020-12-08,2020120804001396,SGI,45,58,10,605.00,"6,050.00"
2020-12-08,2020120804001394,SGI,45,58,10,605.00,"6,050.00"
2020-12-08,2020120804000937,SGI,56,29,10,609.00,"6,090.00"
2020-12-08,2020120804000935,SGI,56,7,10,609.00,"6,090.00"
2020-12-08,2020120804000934,SGI,56,51,10,609.00,"6,090.00"
2020-12-08,2020120804000928,SGI,56,7,10,609.00,"6,090.00"
2020-12-08,2020120804000920,SGI,56,7,10,609.00,"6,090.00"
2020-12-08,2020120804000919,SGI,56,42,10,609.00,"6,090.00"
2020-12-08,2020120804000963,SGI,56,16,10,609.00,"6,090.00"
2020-12-08,2020120804000960,SGI,56,42,10,609.00,"6,090.00"
2020-12-08,2020120804000957,SGI,46,45,15,610.00,"9,150.00"
2020-12-08,2020120804000955,SGI,56,19,10,609.00,"6,090.00"
2020-12-08,2020120804000954,SGI,56,35,10,609.00,"6,090.00"
2020-12-08,2020120804000950,SGI,56,29,10,609.00,"6,090.00"
2020-12-08,2020120804000970,SGI,1,37,10,609.00,"6,090.00"
2020-12-08,2020120804000969,SGI,1,13,10,609.00,"6,090.00"
2020-12-08,2020120804000968,SGI,1,28,10,609.00,"6,090.00"
2020-12-08,2020120804000967,SGI,1,46,10,609.00,"6,090.00"
2020-12-08,2020120804000966,SGI,1,16,10,609.00,"6,090.00"
2020-12-08,2020120804000964,SGI,56,37,10,609.00,"6,090.00"
2020-12-08,2020120804000978,SGI,44,45,10,610.00,"6,100.00"
2020-12-08,2020120804000977,SGI,45,45,100,610.00,"61,000.00"
2020-12-08,2020120804000975,SGI,1,37,10,609.00,"6,090.00"
2020-12-08,2020120804000974,SGI,1,16,10,609.00,"6,090.00"
2020-12-08,2020120804000973,SGI,1,37,10,609.00,"6,090.00"
2020-12-08,2020120804000972,SGI,1,39,10,609.00,"6,090.00"
2020-12-08,2020120804000989,SGI,26,34,10,609.00,"6,090.00"
2020-12-08,2020120804000987,SGI,44,45,10,610.00,"6,100.00"
2020-12-08,2020120804000985,SGI,26,37,10,609.00,"6,090.00"
2020-12-08,2020120804000983,SGI,26,21,10,609.00,"6,090.00"
2020-12-08,2020120804000980,SGI,26,37,10,609.00,"6,090.00"
2020-12-08,2020120804000979,SGI,1,34,10,609.00,"6,090.00"
2020-12-08,2020120804001004,SGI,26,37,10,609.00,"6,090.00"
2020-12-08,2020120804001003,SGI,26,11,10,609.00,"6,090.00"
2020-12-08,2020120804001002,SGI,26,36,10,609.00,"6,090.00"
2020-12-08,2020120804000999,SGI,26,37,10,609.00,"6,090.00"
2020-12-08,2020120804000996,SGI,44,45,10,610.00,"6,100.00"
2020-12-08,2020120804000991,SGI,26,37,10,609.00,"6,090.00"
2020-12-08,2020120804001017,SGI,26,45,10,609.00,"6,090.00"
2020-12-08,2020120804001015,SGI,26,26,10,609.00,"6,090.00"
2020-12-08,2020120804001012,SGI,26,37,10,609.00,"6,090.00"
2020-12-08,2020120804001010,SGI,26,34,10,609.00,"6,090.00"
2020-12-08,2020120804001008,SGI,26,37,10,609.00,"6,090.00"
2020-12-08,2020120804001005,SGI,26,37,10,609.00,"6,090.00"
2020-12-08,2020120804001024,SGI,45,45,245,610.00,"149,450.00"
2020-12-08,2020120804001023,SGI,45,28,20,609.00,"12,180.00"
2020-12-08,2020120804001022,SGI,26,28,20,609.00,"12,180.00"
2020-12-08,2020120804001021,SGI,26,21,10,609.00,"6,090.00"
2020-12-08,2020120804001020,SGI,26,58,10,609.00,"6,090.00"
2020-12-08,2020120804001019,SGI,26,37,10,609.00,"6,090.00"
2020-12-08,2020120804001038,SGI,7,26,10,608.00,"6,080.00"
2020-12-08,2020120804001036,SGI,25,34,10,610.00,"6,100.00"
2020-12-08,2020120804001035,SGI,25,50,10,610.00,"6,100.00"
2020-12-08,2020120804001034,SGI,25,42,10,610.00,"6,100.00"
2020-12-08,2020120804001033,SGI,25,45,10,610.00,"6,100.00"
2020-12-08,2020120804001030,SGI,7,16,10,608.00,"6,080.00"
2020-12-08,2020120804001072,SGI,7,6,10,608.00,"6,080.00"
2020-12-08,2020120804001067,SGI,7,38,10,608.00,"6,080.00"
2020-12-08,2020120804001065,SGI,7,20,10,608.00,"6,080.00"
2020-12-08,2020120804001050,SGI,7,33,10,608.00,"6,080.00"
2020-12-08,2020120804001047,SGI,7,16,10,608.00,"6,080.00"
2020-12-08,2020120804001044,SGI,7,8,10,608.00,"6,080.00"
2020-12-08,2020120804001096,SGI,7,16,10,608.00,"6,080.00"
2020-12-08,2020120804001095,SGI,7,16,10,608.00,"6,080.00"
2020-12-08,2020120804001087,SGI,7,14,10,608.00,"6,080.00"
2020-12-08,2020120804001086,SGI,7,45,50,608.00,"30,400.00"
2020-12-08,2020120804001085,SGI,7,52,10,608.00,"6,080.00"
2020-12-08,2020120804001083,SGI,7,38,10,608.00,"6,080.00"
2020-12-08,2020120804001114,SGI,48,47,10,608.00,"6,080.00"
2020-12-08,2020120804001110,SGI,48,14,10,608.00,"6,080.00"
2020-12-08,2020120804001100,SGI,48,38,10,608.00,"6,080.00"
2020-12-08,2020120804001099,SGI,48,1,10,608.00,"6,080.00"
2020-12-08,2020120804001098,SGI,7,38,10,608.00,"6,080.00"
2020-12-08,2020120804001097,SGI,7,38,10,608.00,"6,080.00"
2020-12-08,2020120804001128,SGI,48,58,10,608.00,"6,080.00"
2020-12-08,2020120804001126,SGI,48,58,10,608.00,"6,080.00"
2020-12-08,2020120804001125,SGI,48,38,10,608.00,"6,080.00"
2020-12-08,2020120804001124,SGI,48,59,10,608.00,"6,080.00"
2020-12-08,2020120804001119,SGI,48,14,10,608.00,"6,080.00"
2020-12-08,2020120804001116,SGI,48,41,10,608.00,"6,080.00"
2020-12-08,2020120804001139,SGI,48,42,10,608.00,"6,080.00"
2020-12-08,2020120804001138,SGI,48,46,10,608.00,"6,080.00"
2020-12-08,2020120804001136,SGI,48,38,10,608.00,"6,080.00"
2020-12-08,2020120804001135,SGI,48,46,10,608.00,"6,080.00"
2020-12-08,2020120804001133,SGI,48,32,10,608.00,"6,080.00"
2020-12-08,2020120804001131,SGI,48,38,10,608.00,"6,080.00"
2020-12-08,2020120804001157,SGI,48,11,140,608.00,"85,120.00"
2020-12-08,2020120804001156,SGI,1,11,40,609.00,"24,360.00"
2020-12-08,2020120804001155,SGI,1,8,10,609.00,"6,090.00"
2020-12-08,2020120804001154,SGI,1,34,10,609.00,"6,090.00"
2020-12-08,2020120804001153,SGI,1,34,10,609.00,"6,090.00"
2020-12-08,2020120804001150,SGI,42,45,50,609.00,"30,450.00"
2020-12-08,2020120804001175,SGI,52,52,10,607.00,"6,070.00"
2020-12-08,2020120804001167,SGI,52,42,10,607.00,"6,070.00"
2020-12-08,2020120804001166,SGI,52,32,10,607.00,"6,070.00"
2020-12-08,2020120804001165,SGI,52,32,10,607.00,"6,070.00"
2020-12-08,2020120804001159,SGI,19,32,10,608.00,"6,080.00"
2020-12-08,2020120804001158,SGI,19,11,40,608.00,"24,320.00"
2020-12-08,2020120804001188,SGI,41,41,10,606.00,"6,060.00"
2020-12-08,2020120804001187,SGI,4,34,10,606.00,"6,060.00"
2020-12-08,2020120804001186,SGI,49,4,10,606.00,"6,060.00"
2020-12-08,2020120804001180,SGI,1,34,10,609.00,"6,090.00"
2020-12-08,2020120804001179,SGI,1,6,20,609.00,"12,180.00"
2020-12-08,2020120804001177,SGI,49,34,10,606.00,"6,060.00"
2020-12-08,2020120804001206,SGI,41,58,10,606.00,"6,060.00"
2020-12-08,2020120804001203,SGI,41,1,110,606.00,"66,660.00"
2020-12-08,2020120804001202,SGI,41,16,10,606.00,"6,060.00"
2020-12-08,2020120804001195,SGI,41,17,10,606.00,"6,060.00"
2020-12-08,2020120804001193,SGI,41,38,10,606.00,"6,060.00"
2020-12-08,2020120804001191,SGI,41,36,10,606.00,"6,060.00"
2020-12-08,2020120804001227,SGI,41,38,10,606.00,"6,060.00"
2020-12-08,2020120804001226,SGI,41,58,10,606.00,"6,060.00"
2020-12-08,2020120804001224,SGI,41,58,10,606.00,"6,060.00"
2020-12-08,2020120804001216,SGI,41,17,10,606.00,"6,060.00"
2020-12-08,2020120804001210,SGI,41,14,10,606.00,"6,060.00"
2020-12-08,2020120804001208,SGI,41,42,10,606.00,"6,060.00"
2020-12-08,2020120804001236,SGI,41,34,10,606.00,"6,060.00"
2020-12-08,2020120804001234,SGI,41,58,10,606.00,"6,060.00"
2020-12-08,2020120804001233,SGI,41,21,10,606.00,"6,060.00"
2020-12-08,2020120804001232,SGI,41,38,10,606.00,"6,060.00"
2020-12-08,2020120804001231,SGI,41,58,10,606.00,"6,060.00"
2020-12-08,2020120804001228,SGI,41,8,60,606.00,"36,360.00"
2020-12-08,2020120804001251,SGI,49,33,10,606.00,"6,060.00"
2020-12-08,2020120804001250,SGI,49,19,440,606.00,"266,640.00"
2020-12-08,2020120804001248,SGI,34,38,10,605.00,"6,050.00"
2020-12-08,2020120804001242,SGI,34,38,10,605.00,"6,050.00"
2020-12-08,2020120804001239,SGI,16,19,30,606.00,"18,180.00"
2020-12-08,2020120804001238,SGI,41,19,160,606.00,"96,960.00"
2020-12-08,2020120804001264,SGI,49,59,10,606.00,"6,060.00"
2020-12-08,2020120804001263,SGI,11,38,10,607.00,"6,070.00"
2020-12-08,2020120804001262,SGI,11,13,10,607.00,"6,070.00"
2020-12-08,2020120804001261,SGI,49,1,10,606.00,"6,060.00"
2020-12-08,2020120804001253,SGI,49,38,10,606.00,"6,060.00"
2020-12-08,2020120804001252,SGI,49,57,10,606.00,"6,060.00"
2020-12-08,2020120804001283,SGI,49,21,10,606.00,"6,060.00"
2020-12-08,2020120804001282,SGI,49,38,10,606.00,"6,060.00"
2020-12-08,2020120804001275,SGI,49,42,10,606.00,"6,060.00"
2020-12-08,2020120804001269,SGI,49,38,10,606.00,"6,060.00"
2020-12-08,2020120804001268,SGI,49,7,10,606.00,"6,060.00"
2020-12-08,2020120804001267,SGI,49,4,10,606.00,"6,060.00"
2020-12-08,2020120804001290,SGI,49,21,10,606.00,"6,060.00"
2020-12-08,2020120804001289,SGI,49,21,10,606.00,"6,060.00"
2020-12-08,2020120804001288,SGI,21,57,10,608.00,"6,080.00"
2020-12-08,2020120804001287,SGI,21,57,10,608.00,"6,080.00"
2020-12-08,2020120804001286,SGI,49,21,10,606.00,"6,060.00"
2020-12-08,2020120804001284,SGI,49,38,10,606.00,"6,060.00"
2020-12-08,2020120804001298,SGI,49,21,10,606.00,"6,060.00"
2020-12-08,2020120804001297,SGI,49,4,10,606.00,"6,060.00"
2020-12-08,2020120804001296,SGI,49,21,10,606.00,"6,060.00"
2020-12-08,2020120804001295,SGI,49,38,10,606.00,"6,060.00"
2020-12-08,2020120804001292,SGI,49,21,10,606.00,"6,060.00"
2020-12-08,2020120804001291,SGI,49,38,10,606.00,"6,060.00"
2020-12-08,2020120804001309,SGI,49,58,10,606.00,"6,060.00"
2020-12-08,2020120804001307,SGI,49,36,10,606.00,"6,060.00"
2020-12-08,2020120804001303,SGI,49,36,10,606.00,"6,060.00"
2020-12-08,2020120804001302,SGI,49,38,10,606.00,"6,060.00"
2020-12-08,2020120804001301,SGI,49,38,10,606.00,"6,060.00"
2020-12-08,2020120804001299,SGI,49,47,10,606.00,"6,060.00"
2020-12-08,2020120804001332,SGI,49,38,10,606.00,"6,060.00"
2020-12-08,2020120804001321,SGI,49,57,10,606.00,"6,060.00"
2020-12-08,2020120804001320,SGI,49,58,10,606.00,"6,060.00"
2020-12-08,2020120804001318,SGI,49,32,10,606.00,"6,060.00"
2020-12-08,2020120804001313,SGI,49,58,10,606.00,"6,060.00"
2020-12-08,2020120804001310,SGI,49,38,10,606.00,"6,060.00"
2020-12-08,2020120804001344,SGI,34,21,10,605.00,"6,050.00"
2020-12-08,2020120804001342,SGI,34,21,10,605.00,"6,050.00"
2020-12-08,2020120804001341,SGI,16,8,10,606.00,"6,060.00"
2020-12-08,2020120804001335,SGI,51,8,20,606.00,"12,120.00"
2020-12-08,2020120804001334,SGI,49,8,20,606.00,"12,120.00"
2020-12-08,2020120804001333,SGI,49,29,10,606.00,"6,060.00"
2020-12-08,2020120804001354,SGI,34,52,10,605.00,"6,050.00"
2020-12-08,2020120804001352,SGI,34,47,10,605.00,"6,050.00"
2020-12-08,2020120804001351,SGI,34,52,10,605.00,"6,050.00"
2020-12-08,2020120804001350,SGI,34,58,10,605.00,"6,050.00"
2020-12-08,2020120804001349,SGI,34,28,10,605.00,"6,050.00"
2020-12-08,2020120804001346,SGI,34,59,10,605.00,"6,050.00"
2020-12-08,2020120804001364,SGI,45,59,10,605.00,"6,050.00"
2020-12-08,2020120804001363,SGI,45,49,10,605.00,"6,050.00"
2020-12-08,2020120804001360,SGI,45,52,10,605.00,"6,050.00"
2020-12-08,2020120804001359,SGI,45,57,100,605.00,"60,500.00"
2020-12-08,2020120804001357,SGI,45,29,200,605.00,"121,000.00"
2020-12-08,2020120804001355,SGI,45,52,10,605.00,"6,050.00"
2020-12-08,2020120804001380,SGI,45,52,10,605.00,"6,050.00"
2020-12-08,2020120804001370,SGI,43,51,10,605.00,"6,050.00"
2020-12-08,2020120804001369,SGI,43,59,10,605.00,"6,050.00"
2020-12-08,2020120804001368,SGI,43,44,60,605.00,"36,300.00"
2020-12-08,2020120804001367,SGI,10,44,80,605.00,"48,400.00"
2020-12-08,2020120804001366,SGI,45,44,160,605.00,"96,800.00"
2020-12-08,2020120804001393,SGI,45,52,10,605.00,"6,050.00"
2020-12-08,2020120804001392,SGI,45,38,10,605.00,"6,050.00"
2020-12-08,2020120804001390,SGI,59,8,40,606.00,"24,240.00"
2020-12-08,2020120804001388,SGI,45,58,10,605.00,"6,050.00"
2020-12-08,2020120804001387,SGI,45,38,10,605.00,"6,050.00"
2020-12-08,2020120804001381,SGI,45,49,10,605.00,"6,050.00"
2020-12-08,2020120804001300,STC,17,57,50,"5,450.00","272,500.00"
2020-12-08,2020120804001266,STC,54,34,10,"5,412.00","54,120.00"
2020-12-08,2020120804001189,STC,50,10,10,"5,410.00","54,100.00"
2020-12-08,2020120804001094,STC,17,45,10,"5,410.00","54,100.00"
2020-12-08,2020120804001060,STC,17,10,40,"5,410.00","216,400.00"
2020-12-08,2020120804001059,STC,50,10,10,"5,410.00","54,100.00"
2020-12-08,2020120804001058,STC,20,10,30,"5,410.00","162,300.00"
2020-12-08,2020120804001057,STC,49,10,20,"5,410.00","108,200.00"
2020-12-08,2020120804001056,STC,49,10,20,"5,420.00","108,400.00"
2020-12-08,2020120804001055,STC,4,10,50,"5,430.00","271,500.00"
2020-12-08,2020120804001054,STC,42,10,50,"5,431.00","271,550.00"
2020-12-08,2020120804001053,STC,17,10,50,"5,431.00","271,550.00"
2020-12-08,2020120804000837,BBC,39,39,30,"3,121.00","93,630.00"
2020-12-08,2020120804000836,BBC,17,39,10,"3,130.00","31,300.00"
2020-12-08,2020120804000824,BBC,50,38,10,"3,122.00","31,220.00"
2020-12-08,2020120804000655,BBC,38,39,19,"3,130.00","59,470.00"
2020-12-08,2020120804000646,BBC,38,38,90,"3,130.00","281,700.00"
2020-12-08,2020120804000620,BBC,38,51,10,"3,130.00","31,300.00"
2020-12-08,2020120804000553,BBC,58,39,10,"3,185.00","31,850.00"
2020-12-08,2020120804000536,BBC,10,38,50,"3,190.00","159,500.00"
2020-12-08,2020120804000483,CMF1,10,14,900,9.64,"8,676.00"
2020-12-08,2020120804000482,CMF1,1,14,100,9.64,964.00
2020-12-08,2020120804000900,GIC,45,45,10,586.00,"5,860.00"
2020-12-08,2020120804000898,GIC,45,37,10,586.00,"5,860.00"
2020-12-08,2020120804000895,GIC,45,41,10,586.00,"5,860.00"
2020-12-08,2020120804000894,GIC,45,42,10,586.00,"5,860.00"
2020-12-08,2020120804000893,GIC,35,36,10,587.00,"5,870.00"
2020-12-08,2020120804000890,GIC,45,36,10,586.00,"5,860.00"
2020-12-08,2020120804000411,GIC,21,8,10,589.00,"5,890.00"
2020-12-08,2020120804000428,GIC,43,44,10,590.00,"5,900.00"
2020-12-08,2020120804000427,GIC,57,41,155,589.00,"91,295.00"
2020-12-08,2020120804000426,GIC,21,41,45,589.00,"26,505.00"
2020-12-08,2020120804000420,GIC,21,33,10,589.00,"5,890.00"
2020-12-08,2020120804000419,GIC,21,32,10,589.00,"5,890.00"
2020-12-08,2020120804000414,GIC,21,58,10,589.00,"5,890.00"
2020-12-08,2020120804000445,GIC,45,50,100,590.00,"59,000.00"
2020-12-08,2020120804000439,GIC,57,20,10,589.00,"5,890.00"
2020-12-08,2020120804000438,GIC,57,17,10,589.00,"5,890.00"
2020-12-08,2020120804000433,GIC,57,45,10,589.00,"5,890.00"
2020-12-08,2020120804000430,GIC,57,21,10,589.00,"5,890.00"
2020-12-08,2020120804000429,GIC,43,50,190,590.00,"112,100.00"
2020-12-08,2020120804000459,GIC,57,20,10,589.00,"5,890.00"
2020-12-08,2020120804000458,GIC,57,59,10,589.00,"5,890.00"
2020-12-08,2020120804000457,GIC,50,50,50,590.00,"29,500.00"
2020-12-08,2020120804000452,GIC,57,42,10,589.00,"5,890.00"
2020-12-08,2020120804000451,GIC,57,54,10,589.00,"5,890.00"
2020-12-08,2020120804000447,GIC,58,50,100,590.00,"59,000.00"
2020-12-08,2020120804000470,GIC,57,1,10,589.00,"5,890.00"
2020-12-08,2020120804000467,GIC,25,50,10,590.00,"5,900.00"
2020-12-08,2020120804000466,GIC,57,17,10,589.00,"5,890.00"
2020-12-08,2020120804000464,GIC,25,50,10,590.00,"5,900.00"
2020-12-08,2020120804000462,GIC,57,49,10,589.00,"5,890.00"
2020-12-08,2020120804000460,GIC,57,39,10,589.00,"5,890.00"
2020-12-08,2020120804000497,GIC,57,58,10,589.00,"5,890.00"
2020-12-08,2020120804000496,GIC,57,19,10,589.00,"5,890.00"
2020-12-08,2020120804000494,GIC,57,46,10,589.00,"5,890.00"
2020-12-08,2020120804000486,GIC,57,40,10,589.00,"5,890.00"
2020-12-08,2020120804000479,GIC,57,26,10,589.00,"5,890.00"
2020-12-08,2020120804000471,GIC,57,16,10,589.00,"5,890.00"
2020-12-08,2020120804000511,GIC,57,57,10,589.00,"5,890.00"
2020-12-08,2020120804000510,GIC,42,22,10,590.00,"5,900.00"
2020-12-08,2020120804000509,GIC,42,46,10,590.00,"5,900.00"
2020-12-08,2020120804000508,GIC,42,36,10,590.00,"5,900.00"
2020-12-08,2020120804000507,GIC,42,50,40,590.00,"23,600.00"
2020-12-08,2020120804000501,GIC,57,46,10,589.00,"5,890.00"
2020-12-08,2020120804000535,GIC,57,51,10,589.00,"5,890.00"
2020-12-08,2020120804000534,GIC,42,52,10,591.00,"5,910.00"
2020-12-08,2020120804000533,GIC,42,41,20,591.00,"11,820.00"
2020-12-08,2020120804000532,GIC,57,46,10,589.00,"5,890.00"
2020-12-08,2020120804000514,GIC,57,42,10,589.00,"5,890.00"
2020-12-08,2020120804000513,GIC,57,28,10,589.00,"5,890.00"
2020-12-08,2020120804000556,GIC,57,8,10,589.00,"5,890.00"
2020-12-08,2020120804000554,GIC,57,42,10,589.00,"5,890.00"
2020-12-08,2020120804000546,GIC,57,45,10,589.00,"5,890.00"
2020-12-08,2020120804000544,GIC,57,45,10,589.00,"5,890.00"
2020-12-08,2020120804000541,GIC,57,49,10,589.00,"5,890.00"
2020-12-08,2020120804000537,GIC,57,45,10,589.00,"5,890.00"
2020-12-08,2020120804000584,GIC,58,58,10,590.00,"5,900.00"
2020-12-08,2020120804000583,GIC,58,3,10,590.00,"5,900.00"
2020-12-08,2020120804000582,GIC,57,35,10,589.00,"5,890.00"
2020-12-08,2020120804000581,GIC,57,46,10,589.00,"5,890.00"
2020-12-08,2020120804000578,GIC,57,45,10,589.00,"5,890.00"
2020-12-08,2020120804000557,GIC,57,45,10,589.00,"5,890.00"
2020-12-08,2020120804000603,GIC,34,26,10,588.00,"5,880.00"
2020-12-08,2020120804000598,GIC,34,51,10,588.00,"5,880.00"
2020-12-08,2020120804000592,GIC,34,26,10,588.00,"5,880.00"
2020-12-08,2020120804000589,GIC,34,51,10,588.00,"5,880.00"
2020-12-08,2020120804000587,GIC,34,39,10,588.00,"5,880.00"
2020-12-08,2020120804000585,GIC,58,22,10,588.00,"5,880.00"
2020-12-08,2020120804000613,GIC,29,48,10,589.00,"5,890.00"
2020-12-08,2020120804000610,GIC,29,26,10,589.00,"5,890.00"
2020-12-08,2020120804000609,GIC,29,56,10,589.00,"5,890.00"
2020-12-08,2020120804000608,GIC,29,26,10,589.00,"5,890.00"
2020-12-08,2020120804000607,GIC,29,50,10,589.00,"5,890.00"
2020-12-08,2020120804000604,GIC,29,41,10,589.00,"5,890.00"
2020-12-08,2020120804000657,GIC,57,41,50,591.00,"29,550.00"
2020-12-08,2020120804000656,GIC,57,34,10,591.00,"5,910.00"
2020-12-08,2020120804000652,GIC,55,26,10,590.00,"5,900.00"
2020-12-08,2020120804000648,GIC,55,37,10,590.00,"5,900.00"
2020-12-08,2020120804000647,GIC,34,48,10,590.00,"5,900.00"
2020-12-08,2020120804000644,GIC,34,48,10,590.00,"5,900.00"
2020-12-08,2020120804000687,GIC,34,58,10,588.00,"5,880.00"
2020-12-08,2020120804000681,GIC,34,46,170,588.00,"99,960.00"
2020-12-08,2020120804000680,GIC,29,46,10,589.00,"5,890.00"
2020-12-08,2020120804000679,GIC,51,46,50,590.00,"29,500.00"
2020-12-08,2020120804000669,GIC,29,4,10,589.00,"5,890.00"
2020-12-08,2020120804000668,GIC,29,6,120,589.00,"70,680.00"
2020-12-08,2020120804000706,GIC,34,42,10,588.00,"5,880.00"
2020-12-08,2020120804000704,GIC,34,54,10,588.00,"5,880.00"
2020-12-08,2020120804000701,GIC,34,54,10,588.00,"5,880.00"
2020-12-08,2020120804000693,GIC,34,48,10,588.00,"5,880.00"
2020-12-08,2020120804000691,GIC,34,54,10,588.00,"5,880.00"
2020-12-08,2020120804000688,GIC,34,59,10,588.00,"5,880.00"
2020-12-08,2020120804000744,GIC,34,45,10,588.00,"5,880.00"
2020-12-08,2020120804000742,GIC,34,40,10,588.00,"5,880.00"
2020-12-08,2020120804000736,GIC,34,37,10,588.00,"5,880.00"
2020-12-08,2020120804000734,GIC,34,36,10,588.00,"5,880.00"
2020-12-08,2020120804000733,GIC,34,17,10,588.00,"5,880.00"
2020-12-08,2020120804000732,GIC,34,42,10,588.00,"5,880.00"
2020-12-08,2020120804000755,GIC,34,46,10,588.00,"5,880.00"
2020-12-08,2020120804000753,GIC,34,46,10,588.00,"5,880.00"
2020-12-08,2020120804000752,GIC,34,21,10,588.00,"5,880.00"
2020-12-08,2020120804000749,GIC,34,46,10,588.00,"5,880.00"
2020-12-08,2020120804000748,GIC,34,52,10,588.00,"5,880.00"
2020-12-08,2020120804000747,GIC,34,47,10,588.00,"5,880.00"
2020-12-08,2020120804000773,GIC,34,36,10,588.00,"5,880.00"
2020-12-08,2020120804000765,GIC,25,22,10,589.00,"5,890.00"
2020-12-08,2020120804000764,GIC,25,26,10,589.00,"5,890.00"
2020-12-08,2020120804000760,GIC,34,21,10,588.00,"5,880.00"
2020-12-08,2020120804000757,GIC,34,36,10,588.00,"5,880.00"
2020-12-08,2020120804000756,GIC,34,22,10,588.00,"5,880.00"
2020-12-08,2020120804000786,GIC,54,19,10,588.00,"5,880.00"
2020-12-08,2020120804000784,GIC,34,37,10,588.00,"5,880.00"
2020-12-08,2020120804000783,GIC,34,49,10,588.00,"5,880.00"
2020-12-08,2020120804000781,GIC,34,36,10,588.00,"5,880.00"
2020-12-08,2020120804000776,GIC,34,33,10,588.00,"5,880.00"
2020-12-08,2020120804000775,GIC,34,46,10,588.00,"5,880.00"
2020-12-08,2020120804000806,GIC,46,41,10,587.00,"5,870.00"
2020-12-08,2020120804000794,GIC,45,21,50,588.00,"29,400.00"
2020-12-08,2020120804000792,GIC,54,21,10,588.00,"5,880.00"
2020-12-08,2020120804000791,GIC,54,49,10,588.00,"5,880.00"
2020-12-08,2020120804000788,GIC,54,38,10,588.00,"5,880.00"
2020-12-08,2020120804000787,GIC,54,49,10,588.00,"5,880.00"
2020-12-08,2020120804000829,GIC,35,21,10,588.00,"5,880.00"
2020-12-08,2020120804000814,GIC,43,47,10,587.00,"5,870.00"
2020-12-08,2020120804000813,GIC,45,46,10,586.00,"5,860.00"
2020-12-08,2020120804000811,GIC,52,47,10,587.00,"5,870.00"
2020-12-08,2020120804000810,GIC,52,59,10,587.00,"5,870.00"
2020-12-08,2020120804000807,GIC,51,38,10,587.00,"5,870.00"
2020-12-08,2020120804000853,GIC,45,17,10,586.00,"5,860.00"
2020-12-08,2020120804000851,GIC,45,16,10,586.00,"5,860.00"
2020-12-08,2020120804000843,GIC,45,38,10,586.00,"5,860.00"
2020-12-08,2020120804000832,GIC,45,21,10,586.00,"5,860.00"
2020-12-08,2020120804000831,GIC,35,34,10,588.00,"5,880.00"
2020-12-08,2020120804000830,GIC,35,11,10,588.00,"5,880.00"
2020-12-08,2020120804000867,GIC,52,56,10,587.00,"5,870.00"
2020-12-08,2020120804000864,GIC,45,36,10,586.00,"5,860.00"
2020-12-08,2020120804000862,GIC,45,38,10,586.00,"5,860.00"
2020-12-08,2020120804000858,GIC,45,6,30,586.00,"17,580.00"
2020-12-08,2020120804000856,GIC,45,38,10,586.00,"5,860.00"
2020-12-08,2020120804000854,GIC,45,44,10,586.00,"5,860.00"
2020-12-08,2020120804000819,GIMES1,7,38,"5,000",11.21,"56,050.00"
2020-12-08,2020120804000645,GIMES1,58,21,100,11.33,"1,133.00"
2020-12-08,2020120804000555,GIMES1,14,7,"20,000",11.21,"224,200.00"
2020-12-08,2020120804000542,GIMES1,34,7,"2,610",11.22,"29,284.20"
2020-12-08,2020120804000461,GIMES1,34,14,"1,390",11.21,"15,581.90"
2020-12-08,2020120804000454,GIMES1,6,14,"3,610",11.21,"40,468.10"
2020-12-08,2020120804000442,GIMES1,6,7,890,11.21,"9,976.90"
2020-12-08,2020120804000897,LEMF,58,16,"2,100",9.65,"20,265.00"
2020-12-08,2020120804000896,LEMF,42,16,500,9.65,"4,825.00"
2020-12-08,2020120804000492,LEMF,58,38,"2,500",9.79,"24,475.00"
2020-12-08,2020120804000491,LEMF,58,32,500,9.71,"4,855.00"
2020-12-08,2020120804000490,LEMF,58,56,"2,600",9.70,"25,220.00"
2020-12-08,2020120804000729,LUK,41,49,"1,000",9.41,"9,410.00"
2020-12-08,2020120804000722,LUK,41,17,100,9.41,941.00
2020-12-08,2020120804000444,LUK,58,33,"2,000",9.60,"19,200.00"
2020-12-08,2020120804000443,LUK,58,42,"2,500",9.50,"23,750.00"
2020-12-08,2020120804000728,NBF2,14,17,"3,000",9.73,"29,190.00"
2020-12-08,2020120804000703,NBF2,14,47,500,9.73,"4,865.00"
2020-12-08,2020120804000692,NBF2,14,49,300,9.73,"2,919.00"
2020-12-08,2020120804000674,NBF2,14,42,150,9.73,"1,459.50"
2020-12-08,2020120804000643,NBF2,14,42,100,9.73,973.00
2020-12-08,2020120804000622,NBF2,14,49,"10,000",9.73,"97,300.00"
2020-12-08,2020120804000476,NBF2,58,22,"1,000",9.75,"9,750.00"
2020-12-08,2020120804000841,NEF,17,59,"1,127",9.93,"11,191.11"
2020-12-08,2020120804000763,NEF,58,51,"2,414",9.94,"23,995.16"
2020-12-08,2020120804000759,NEF,58,54,241,9.90,"2,385.90"
2020-12-08,2020120804000720,NEF,10,50,"1,207",9.81,"11,840.67"
2020-12-08,2020120804000686,NEF,10,54,241,9.80,"2,361.80"
2020-12-08,2020120804000685,NEF,10,54,241,9.80,"2,361.80"
2020-12-08,2020120804000684,NEF,10,54,241,9.80,"2,361.80"
2020-12-08,2020120804000909,NIBLPF,48,58,"1,125",10.30,"11,587.50"
2020-12-08,2020120804000908,NIBLPF,48,33,"1,263",10.30,"13,008.90"
2020-12-08,2020120804000907,NIBLPF,48,41,253,10.20,"2,580.60"
2020-12-08,2020120804000906,NIBLPF,48,11,253,10.15,"2,567.95"
2020-12-08,2020120804000905,NIBLPF,48,50,"2,525",10.15,"25,628.75"
2020-12-08,2020120804000904,NIBLPF,48,11,253,10.15,"2,567.95"
2020-12-08,2020120804000504,NIBLPF,58,19,"1,010",10.10,"10,201.00"
2020-12-08,2020120804000503,NIBLPF,58,46,"2,525",10.10,"25,502.50"
2020-12-08,2020120804000502,NIBLPF,58,14,"2,525",10.10,"25,502.50"
2020-12-08,2020120804000678,NIBLPF,58,42,910,9.97,"9,072.70"
2020-12-08,2020120804000612,NIBLPF,58,54,"2,525",9.97,"25,174.25"
2020-12-08,2020120804000588,NIBLPF,6,54,"2,525",9.96,"25,149.00"
2020-12-08,2020120804000515,NIBLPF,58,57,"1,110",10.10,"11,211.00"
2020-12-08,2020120804000506,NIBLPF,58,57,"1,415",10.10,"14,291.50"
2020-12-08,2020120804000505,NIBLPF,58,14,"2,525",10.10,"25,502.50"
2020-12-08,2020120804000726,NIBLPF,48,28,713,10.12,"7,215.56"
2020-12-08,2020120804000725,NIBLPF,48,43,"9,603",10.12,"97,182.36"
2020-12-08,2020120804000724,NIBLPF,48,14,"2,525",10.10,"25,502.50"
2020-12-08,2020120804000723,NIBLPF,48,22,"2,525",10.10,"25,502.50"
2020-12-08,2020120804000699,NIBLPF,6,17,960,9.97,"9,571.20"
2020-12-08,2020120804000698,NIBLPF,58,17,"1,565",9.97,"15,603.05"
2020-12-08,2020120804000903,NIBLPF,48,11,253,10.15,"2,567.95"
2020-12-08,2020120804000902,NIBLPF,48,53,"1,515",10.14,"15,362.10"
2020-12-08,2020120804000816,NIBLPF,6,16,505,10.00,"5,050.00"
2020-12-08,2020120804000797,NIBLPF,48,25,"15,000",10.14,"152,100.00"
2020-12-08,2020120804000796,NIBLPF,48,48,700,10.14,"7,098.00"
2020-12-08,2020120804000743,NIBLPF,48,32,"2,020",10.10,"20,402.00"
2020-12-08,2020120804000849,NIBPO,39,40,100,420.00,"42,000.00"
2020-12-08,2020120804000601,NIBPO,58,14,"1,960",423.00,"829,080.00"
2020-12-08,2020120804000550,NIBPO,58,21,40,423.00,"16,920.00"
2020-12-08,2020120804000549,NIBPO,52,21,50,423.00,"21,150.00"
2020-12-08,2020120804000548,NIBPO,39,21,10,423.00,"4,230.00"
2020-12-08,2020120804000547,NIBPO,46,21,400,425.00,"170,000.00"
2020-12-08,2020120804000480,NIBPO,46,46,100,425.00,"42,500.00"
2020-12-08,2020120804000869,NIBSF1,26,42,"4,500",11.25,"50,625.00"
2020-12-08,2020120804000866,NIBSF1,26,1,"1,000",11.22,"11,220.00"
2020-12-08,2020120804000865,NIBSF1,26,48,"15,654",11.22,"175,637.88"
2020-12-08,2020120804000863,NIBSF1,26,48,"15,654",11.20,"175,324.80"
2020-12-08,2020120804000860,NIBSF1,26,37,"5,000",11.19,"55,950.00"
2020-12-08,2020120804000516,NIBSF1,19,7,"19,800",11.22,"222,156.00"
2020-12-08,2020120804000474,NIBSF1,19,34,200,11.22,"2,244.00"
2020-12-08,2020120804000500,NICBF,17,48,"1,000",9.90,"9,900.00"
2020-12-08,2020120804000422,NICBF,34,25,"15,000",9.85,"147,750.00"
2020-12-08,2020120804000421,NICBF,34,35,"1,000",9.85,"9,850.00"
2020-12-08,2020120804000840,NICGF,34,32,500,10.35,"5,175.00"
2020-12-08,2020120804000839,NICGF,34,49,"1,000",10.35,"10,350.00"
2020-12-08,2020120804000817,NICGF,17,58,"1,000",10.30,"10,300.00"
2020-12-08,2020120804000697,NICGF,17,51,200,10.27,"2,054.00"
2020-12-08,2020120804000672,NICGF,42,49,129,10.28,"1,326.12"
2020-12-08,2020120804000677,NMB50,14,56,300,10.00,"3,000.00"
2020-12-08,2020120804000676,NMB50,14,48,700,10.00,"7,000.00"
2020-12-08,2020120804000453,NMB50,42,48,300,10.00,"3,000.00"
2020-12-08,2020120804000762,NMBHF1,21,41,"1,664",9.90,"16,473.60"
2020-12-08,2020120804000761,NMBHF1,21,1,832,9.90,"8,236.80"
2020-12-08,2020120804000614,NMBHF1,14,17,"1,664",9.82,"16,340.48"
2020-12-08,2020120804000899,RBCLPO,7,38,50,"14,880.00","744,000.00"
2020-12-08,2020120804000772,RBCLPO,33,33,10,"14,850.00","148,500.00"
2020-12-08,2020120804000771,RBCLPO,33,6,10,"14,840.00","148,400.00"
2020-12-08,2020120804000770,RBCLPO,33,33,23,"14,700.00","338,100.00"
2020-12-08,2020120804000437,RBCLPO,38,42,30,"14,700.00","441,000.00"
2020-12-08,2020120804000435,RBCLPO,38,42,30,"14,700.00","441,000.00"
2020-12-08,2020120804000741,SAEF,33,49,200,10.90,"2,180.00"
2020-12-08,2020120804000716,SAEF,56,34,"5,000",11.00,"55,000.00"
2020-12-08,2020120804000715,SAEF,58,34,500,11.00,"5,500.00"
2020-12-08,2020120804000714,SAEF,56,34,"10,000",11.02,"110,200.00"
2020-12-08,2020120804000713,SAEF,19,34,"10,000",11.03,"110,300.00"
2020-12-08,2020120804000712,SAEF,41,34,"10,000",11.06,"110,600.00"
2020-12-08,2020120804000694,SAEF,6,41,"3,000",11.13,"33,390.00"
2020-12-08,2020120804000673,SAEF,6,16,500,11.13,"5,565.00"
2020-12-08,2020120804000590,SAEF,6,54,"1,000",11.13,"11,130.00"
2020-12-08,2020120804000410,SAEF,19,49,"1,000",11.11,"11,110.00"
2020-12-08,2020120804000711,SAEF,19,34,"19,000",11.11,"211,090.00"
2020-12-08,2020120804000710,SAEF,46,34,"2,000",11.12,"22,240.00"
2020-12-08,2020120804000709,SAEF,46,34,"2,000",11.12,"22,240.00"
2020-12-08,2020120804000708,SAEF,47,34,"10,000",11.13,"111,300.00"
2020-12-08,2020120804000707,SAEF,6,34,"3,400",11.13,"37,842.00"
2020-12-08,2020120804000705,SAEF,6,38,"1,600",11.13,"17,808.00"
2020-12-08,2020120804000838,SEF,17,45,"4,000",10.20,"40,800.00"
2020-12-08,2020120804000812,SEF,17,17,"18,250",10.20,"186,150.00"
2020-12-08,2020120804000789,SEF,17,4,"2,000",10.20,"20,400.00"
2020-12-08,2020120804000779,SEF,14,49,200,10.18,"2,036.00"
2020-12-08,2020120804000746,SEF,14,49,"1,000",10.18,"10,180.00"
2020-12-08,2020120804000615,SEF,17,54,"3,000",10.20,"30,600.00"
2020-12-08,2020120804000446,SEF,14,42,"3,800",10.17,"38,646.00"
2020-12-08,2020120804000441,SEF,19,42,"3,400",10.17,"34,578.00"
2020-12-08,2020120804000440,SEF,6,42,"2,800",10.18,"28,504.00"
2020-12-08,2020120804000412,SEF,6,49,"1,500",10.18,"15,270.00"
2020-12-08,2020120804000595,SEF,17,54,"2,000",10.20,"20,400.00"
2020-12-08,2020120804000543,SEF,14,54,500,10.18,"5,090.00"
2020-12-08,2020120804000499,SEF,14,45,"1,000",10.18,"10,180.00"
2020-12-08,2020120804000489,SEF,14,45,"5,000",10.18,"50,900.00"
2020-12-08,2020120804000465,SEF,14,6,"1,000",10.18,"10,180.00"
2020-12-08,2020120804000463,SEF,14,49,"1,000",10.18,"10,180.00"
2020-12-08,2020120804000650,SFMF,17,22,"1,000",9.80,"9,800.00"
2020-12-08,2020120804000649,SFMF,17,17,500,9.75,"4,875.00"
2020-12-08,2020120804000901,SGI,56,39,10,609.00,"6,090.00"
2020-12-08,2020120804000892,SGI,56,36,10,609.00,"6,090.00"
2020-12-08,2020120804000891,SGI,56,45,10,609.00,"6,090.00"
2020-12-08,2020120804000889,SGI,56,36,10,609.00,"6,090.00"
2020-12-08,2020120804000888,SGI,25,17,10,615.00,"6,150.00"
2020-12-08,2020120804000887,SGI,25,4,10,615.00,"6,150.00"
2020-12-08,2020120804000417,SGI,57,40,10,607.00,"6,070.00"
2020-12-08,2020120804000416,SGI,57,16,10,608.00,"6,080.00"
2020-12-08,2020120804000415,SGI,57,8,10,608.00,"6,080.00"
2020-12-08,2020120804000413,SGI,57,16,10,608.00,"6,080.00"
2020-12-08,2020120804000432,SGI,57,16,10,607.00,"6,070.00"
2020-12-08,2020120804000431,SGI,57,16,10,607.00,"6,070.00"
2020-12-08,2020120804000425,SGI,57,21,10,607.00,"6,070.00"
2020-12-08,2020120804000424,SGI,57,22,10,607.00,"6,070.00"
2020-12-08,2020120804000423,SGI,57,39,10,607.00,"6,070.00"
2020-12-08,2020120804000418,SGI,57,16,10,607.00,"6,070.00"
2020-12-08,2020120804000455,SGI,58,42,10,607.00,"6,070.00"
2020-12-08,2020120804000450,SGI,58,58,20,607.00,"12,140.00"
2020-12-08,2020120804000449,SGI,58,53,10,607.00,"6,070.00"
2020-12-08,2020120804000448,SGI,58,45,10,607.00,"6,070.00"
2020-12-08,2020120804000436,SGI,57,16,10,607.00,"6,070.00"
2020-12-08,2020120804000434,SGI,57,16,10,607.00,"6,070.00"
2020-12-08,2020120804000475,SGI,36,16,10,607.00,"6,070.00"
2020-12-08,2020120804000473,SGI,58,54,10,607.00,"6,070.00"
2020-12-08,2020120804000472,SGI,58,17,10,607.00,"6,070.00"
2020-12-08,2020120804000469,SGI,58,35,10,607.00,"6,070.00"
2020-12-08,2020120804000468,SGI,58,38,10,607.00,"6,070.00"
2020-12-08,2020120804000456,SGI,58,6,10,607.00,"6,070.00"
2020-12-08,2020120804000487,SGI,7,43,10,608.00,"6,080.00"
2020-12-08,2020120804000485,SGI,7,1,10,608.00,"6,080.00"
2020-12-08,2020120804000484,SGI,7,42,10,608.00,"6,080.00"
2020-12-08,2020120804000481,SGI,7,56,10,608.00,"6,080.00"
2020-12-08,2020120804000478,SGI,7,21,10,608.00,"6,080.00"
2020-12-08,2020120804000477,SGI,7,17,10,608.00,"6,080.00"
2020-12-08,2020120804000517,SGI,58,11,10,610.00,"6,100.00"
2020-12-08,2020120804000512,SGI,56,33,10,609.00,"6,090.00"
2020-12-08,2020120804000498,SGI,7,57,10,608.00,"6,080.00"
2020-12-08,2020120804000495,SGI,7,49,10,608.00,"6,080.00"
2020-12-08,2020120804000493,SGI,7,51,10,608.00,"6,080.00"
2020-12-08,2020120804000488,SGI,7,6,10,608.00,"6,080.00"
2020-12-08,2020120804000523,SGI,58,41,10,610.00,"6,100.00"
2020-12-08,2020120804000522,SGI,58,21,10,610.00,"6,100.00"
2020-12-08,2020120804000521,SGI,58,49,10,610.00,"6,100.00"
2020-12-08,2020120804000520,SGI,58,7,10,610.00,"6,100.00"
2020-12-08,2020120804000519,SGI,58,47,10,610.00,"6,100.00"
2020-12-08,2020120804000518,SGI,58,17,10,610.00,"6,100.00"
2020-12-08,2020120804000529,SGI,58,38,10,610.00,"6,100.00"
2020-12-08,2020120804000528,SGI,58,42,10,610.00,"6,100.00"
2020-12-08,2020120804000527,SGI,58,41,10,610.00,"6,100.00"
2020-12-08,2020120804000526,SGI,58,35,10,610.00,"6,100.00"
2020-12-08,2020120804000525,SGI,58,25,10,610.00,"6,100.00"
2020-12-08,2020120804000524,SGI,58,57,10,610.00,"6,100.00"
2020-12-08,2020120804000545,SGI,56,49,10,609.00,"6,090.00"
2020-12-08,2020120804000540,SGI,56,42,10,609.00,"6,090.00"
2020-12-08,2020120804000539,SGI,3,50,10,610.00,"6,100.00"
2020-12-08,2020120804000538,SGI,56,45,10,609.00,"6,090.00"
2020-12-08,2020120804000531,SGI,56,58,10,609.00,"6,090.00"
2020-12-08,2020120804000530,SGI,58,50,20,610.00,"12,200.00"
2020-12-08,2020120804000561,SGI,36,49,10,610.00,"6,100.00"
2020-12-08,2020120804000560,SGI,36,3,10,610.00,"6,100.00"
2020-12-08,2020120804000559,SGI,36,58,10,610.00,"6,100.00"
2020-12-08,2020120804000558,SGI,36,34,10,610.00,"6,100.00"
2020-12-08,2020120804000552,SGI,56,45,10,609.00,"6,090.00"
2020-12-08,2020120804000551,SGI,56,42,10,609.00,"6,090.00"
2020-12-08,2020120804000567,SGI,36,34,10,614.00,"6,140.00"
2020-12-08,2020120804000566,SGI,36,57,10,614.00,"6,140.00"
2020-12-08,2020120804000565,SGI,36,38,10,612.00,"6,120.00"
2020-12-08,2020120804000564,SGI,36,11,10,612.00,"6,120.00"
2020-12-08,2020120804000563,SGI,36,22,10,611.00,"6,110.00"
2020-12-08,2020120804000562,SGI,36,3,10,610.00,"6,100.00"
2020-12-08,2020120804000573,SGI,36,38,100,615.00,"61,500.00"
2020-12-08,2020120804000572,SGI,36,22,10,615.00,"6,150.00"
2020-12-08,2020120804000571,SGI,36,42,80,615.00,"49,200.00"
2020-12-08,2020120804000570,SGI,36,43,10,615.00,"6,150.00"
2020-12-08,2020120804000569,SGI,36,44,10,615.00,"6,150.00"
2020-12-08,2020120804000568,SGI,36,35,100,614.00,"61,400.00"
2020-12-08,2020120804000580,SGI,44,26,10,610.00,"6,100.00"
2020-12-08,2020120804000579,SGI,44,44,10,610.00,"6,100.00"
2020-12-08,2020120804000577,SGI,56,45,10,609.00,"6,090.00"
2020-12-08,2020120804000576,SGI,36,22,10,615.00,"6,150.00"
2020-12-08,2020120804000575,SGI,36,14,10,615.00,"6,150.00"
2020-12-08,2020120804000574,SGI,36,41,20,615.00,"12,300.00"
2020-12-08,2020120804000597,SGI,44,26,10,610.00,"6,100.00"
2020-12-08,2020120804000596,SGI,44,57,10,610.00,"6,100.00"
2020-12-08,2020120804000594,SGI,44,26,10,610.00,"6,100.00"
2020-12-08,2020120804000593,SGI,44,42,10,610.00,"6,100.00"
2020-12-08,2020120804000591,SGI,44,48,10,610.00,"6,100.00"
2020-12-08,2020120804000586,SGI,44,38,10,610.00,"6,100.00"
2020-12-08,2020120804000611,SGI,56,47,10,609.00,"6,090.00"
2020-12-08,2020120804000606,SGI,56,39,10,609.00,"6,090.00"
2020-12-08,2020120804000605,SGI,56,26,10,609.00,"6,090.00"
2020-12-08,2020120804000602,SGI,56,26,10,609.00,"6,090.00"
2020-12-08,2020120804000600,SGI,44,28,10,610.00,"6,100.00"
2020-12-08,2020120804000599,SGI,44,26,10,610.00,"6,100.00"
2020-12-08,2020120804000623,SGI,22,28,32,610.00,"19,520.00"
2020-12-08,2020120804000621,SGI,22,47,10,610.00,"6,100.00"
2020-12-08,2020120804000619,SGI,22,50,10,610.00,"6,100.00"
2020-12-08,2020120804000618,SGI,22,34,10,610.00,"6,100.00"
2020-12-08,2020120804000617,SGI,22,51,10,610.00,"6,100.00"
2020-12-08,2020120804000616,SGI,22,42,10,610.00,"6,100.00"
2020-12-08,2020120804000629,SGI,36,28,10,615.00,"6,150.00"
2020-12-08,2020120804000628,SGI,36,52,10,615.00,"6,150.00"
2020-12-08,2020120804000627,SGI,36,20,200,615.00,"123,000.00"
2020-12-08,2020120804000626,SGI,36,13,10,614.00,"6,140.00"
2020-12-08,2020120804000625,SGI,36,20,10,614.00,"6,140.00"
2020-12-08,2020120804000624,SGI,36,20,10,614.00,"6,140.00"
2020-12-08,2020120804000635,SGI,36,55,10,616.00,"6,160.00"
2020-12-08,2020120804000634,SGI,36,44,10,616.00,"6,160.00"
2020-12-08,2020120804000633,SGI,36,6,40,616.00,"24,640.00"
2020-12-08,2020120804000632,SGI,36,38,10,616.00,"6,160.00"
2020-12-08,2020120804000631,SGI,36,16,100,616.00,"61,600.00"
2020-12-08,2020120804000630,SGI,36,39,10,616.00,"6,160.00"
2020-12-08,2020120804000641,SGI,36,48,10,616.00,"6,160.00"
2020-12-08,2020120804000640,SGI,36,20,10,616.00,"6,160.00"
2020-12-08,2020120804000639,SGI,36,13,10,616.00,"6,160.00"
2020-12-08,2020120804000638,SGI,36,16,10,616.00,"6,160.00"
2020-12-08,2020120804000637,SGI,36,49,10,616.00,"6,160.00"
2020-12-08,2020120804000636,SGI,36,55,10,616.00,"6,160.00"
2020-12-08,2020120804000659,SGI,38,42,10,616.00,"6,160.00"
2020-12-08,2020120804000658,SGI,38,16,10,616.00,"6,160.00"
2020-12-08,2020120804000654,SGI,36,3,10,616.00,"6,160.00"
2020-12-08,2020120804000653,SGI,36,57,10,616.00,"6,160.00"
2020-12-08,2020120804000651,SGI,36,59,500,616.00,"308,000.00"
2020-12-08,2020120804000642,SGI,36,45,10,616.00,"6,160.00"
2020-12-08,2020120804000665,SGI,38,34,10,617.00,"6,170.00"
2020-12-08,2020120804000664,SGI,38,38,10,617.00,"6,170.00"
2020-12-08,2020120804000663,SGI,38,34,10,617.00,"6,170.00"
2020-12-08,2020120804000662,SGI,38,50,10,617.00,"6,170.00"
2020-12-08,2020120804000661,SGI,38,57,10,617.00,"6,170.00"
2020-12-08,2020120804000660,SGI,38,38,10,617.00,"6,170.00"
2020-12-08,2020120804000682,SGI,17,57,10,616.00,"6,160.00"
2020-12-08,2020120804000675,SGI,17,53,20,616.00,"12,320.00"
2020-12-08,2020120804000671,SGI,17,59,10,616.00,"6,160.00"
2020-12-08,2020120804000670,SGI,17,37,10,616.00,"6,160.00"
2020-12-08,2020120804000667,SGI,38,42,10,617.00,"6,170.00"
2020-12-08,2020120804000666,SGI,38,29,10,617.00,"6,170.00"
2020-12-08,2020120804000700,SGI,56,54,10,609.00,"6,090.00"
2020-12-08,2020120804000696,SGI,56,29,10,609.00,"6,090.00"
2020-12-08,2020120804000695,SGI,56,28,10,609.00,"6,090.00"
2020-12-08,2020120804000690,SGI,56,21,10,609.00,"6,090.00"
2020-12-08,2020120804000689,SGI,56,48,10,609.00,"6,090.00"
2020-12-08,2020120804000683,SGI,56,54,10,609.00,"6,090.00"
2020-12-08,2020120804000727,SGI,56,59,10,609.00,"6,090.00"
2020-12-08,2020120804000721,SGI,56,28,10,609.00,"6,090.00"
2020-12-08,2020120804000719,SGI,42,21,10,615.00,"6,150.00"
2020-12-08,2020120804000718,SGI,42,22,10,615.00,"6,150.00"
2020-12-08,2020120804000717,SGI,42,44,10,615.00,"6,150.00"
2020-12-08,2020120804000702,SGI,56,11,10,609.00,"6,090.00"
2020-12-08,2020120804000739,SGI,41,22,10,610.00,"6,100.00"
2020-12-08,2020120804000738,SGI,41,34,10,610.00,"6,100.00"
2020-12-08,2020120804000737,SGI,41,36,10,610.00,"6,100.00"
2020-12-08,2020120804000735,SGI,41,47,10,610.00,"6,100.00"
2020-12-08,2020120804000731,SGI,56,47,10,609.00,"6,090.00"
2020-12-08,2020120804000730,SGI,36,47,10,610.00,"6,100.00"
2020-12-08,2020120804000758,SGI,36,40,10,612.00,"6,120.00"
2020-12-08,2020120804000754,SGI,36,34,10,612.00,"6,120.00"
2020-12-08,2020120804000751,SGI,41,40,10,610.00,"6,100.00"
2020-12-08,2020120804000750,SGI,41,17,10,610.00,"6,100.00"
2020-12-08,2020120804000745,SGI,41,52,10,610.00,"6,100.00"
2020-12-08,2020120804000740,SGI,41,22,10,610.00,"6,100.00"
2020-12-08,2020120804000777,SGI,26,58,10,610.00,"6,100.00"
2020-12-08,2020120804000774,SGI,56,49,10,609.00,"6,090.00"
2020-12-08,2020120804000769,SGI,56,49,10,609.00,"6,090.00"
2020-12-08,2020120804000768,SGI,56,21,10,609.00,"6,090.00"
2020-12-08,2020120804000767,SGI,41,49,10,610.00,"6,100.00"
2020-12-08,2020120804000766,SGI,41,36,10,610.00,"6,100.00"
2020-12-08,2020120804000793,SGI,26,49,10,610.00,"6,100.00"
2020-12-08,2020120804000790,SGI,26,36,10,610.00,"6,100.00"
2020-12-08,2020120804000785,SGI,26,41,10,610.00,"6,100.00"
2020-12-08,2020120804000782,SGI,26,36,10,610.00,"6,100.00"
2020-12-08,2020120804000780,SGI,26,49,10,610.00,"6,100.00"
2020-12-08,2020120804000778,SGI,26,49,10,610.00,"6,100.00"
2020-12-08,2020120804000802,SGI,44,55,10,614.00,"6,140.00"
2020-12-08,2020120804000801,SGI,44,55,10,614.00,"6,140.00"
2020-12-08,2020120804000800,SGI,44,55,10,614.00,"6,140.00"
2020-12-08,2020120804000799,SGI,44,32,10,614.00,"6,140.00"
2020-12-08,2020120804000798,SGI,26,40,10,610.00,"6,100.00"
2020-12-08,2020120804000795,SGI,26,38,10,610.00,"6,100.00"
2020-12-08,2020120804000815,SGI,43,34,10,610.00,"6,100.00"
2020-12-08,2020120804000809,SGI,43,38,10,610.00,"6,100.00"
2020-12-08,2020120804000808,SGI,26,45,10,610.00,"6,100.00"
2020-12-08,2020120804000805,SGI,44,55,10,614.00,"6,140.00"
2020-12-08,2020120804000804,SGI,44,55,10,614.00,"6,140.00"
2020-12-08,2020120804000803,SGI,44,55,10,614.00,"6,140.00"
2020-12-08,2020120804000825,SGI,56,17,10,609.00,"6,090.00"
2020-12-08,2020120804000823,SGI,56,45,10,609.00,"6,090.00"
2020-12-08,2020120804000822,SGI,56,17,10,609.00,"6,090.00"
2020-12-08,2020120804000821,SGI,6,28,50,610.00,"30,500.00"
2020-12-08,2020120804000820,SGI,43,17,10,610.00,"6,100.00"
2020-12-08,2020120804000818,SGI,43,38,10,610.00,"6,100.00"
2020-12-08,2020120804000835,SGI,50,40,80,615.00,"49,200.00"
2020-12-08,2020120804000834,SGI,50,34,10,614.00,"6,140.00"
2020-12-08,2020120804000833,SGI,50,21,10,613.00,"6,130.00"
2020-12-08,2020120804000828,SGI,11,33,10,610.00,"6,100.00"
2020-12-08,2020120804000827,SGI,11,34,10,610.00,"6,100.00"
2020-12-08,2020120804000826,SGI,56,29,10,609.00,"6,090.00"
2020-12-08,2020120804000848,SGI,11,21,10,610.00,"6,100.00"
2020-12-08,2020120804000847,SGI,11,44,10,610.00,"6,100.00"
2020-12-08,2020120804000846,SGI,11,25,10,610.00,"6,100.00"
2020-12-08,2020120804000845,SGI,11,25,10,610.00,"6,100.00"
2020-12-08,2020120804000844,SGI,11,33,10,610.00,"6,100.00"
2020-12-08,2020120804000842,SGI,11,25,10,610.00,"6,100.00"
2020-12-08,2020120804000861,SGI,56,36,10,609.00,"6,090.00"
2020-12-08,2020120804000859,SGI,56,59,10,609.00,"6,090.00"
2020-12-08,2020120804000857,SGI,56,58,10,609.00,"6,090.00"
2020-12-08,2020120804000855,SGI,56,21,10,609.00,"6,090.00"
2020-12-08,2020120804000852,SGI,11,35,10,610.00,"6,100.00"
2020-12-08,2020120804000850,SGI,11,21,10,610.00,"6,100.00"
2020-12-08,2020120804000874,SGI,25,42,10,615.00,"6,150.00"
2020-12-08,2020120804000873,SGI,25,21,20,615.00,"12,300.00"
2020-12-08,2020120804000872,SGI,25,51,10,615.00,"6,150.00"
2020-12-08,2020120804000871,SGI,25,40,120,615.00,"73,800.00"
2020-12-08,2020120804000870,SGI,25,33,10,610.00,"6,100.00"
2020-12-08,2020120804000868,SGI,56,21,10,609.00,"6,090.00"
2020-12-08,2020120804000880,SGI,25,42,10,615.00,"6,150.00"
2020-12-08,2020120804000879,SGI,25,34,10,615.00,"6,150.00"
2020-12-08,2020120804000878,SGI,25,42,10,615.00,"6,150.00"
2020-12-08,2020120804000877,SGI,25,45,10,615.00,"6,150.00"
2020-12-08,2020120804000876,SGI,25,32,10,615.00,"6,150.00"
2020-12-08,2020120804000875,SGI,25,17,70,615.00,"43,050.00"
2020-12-08,2020120804000886,SGI,25,21,10,615.00,"6,150.00"
2020-12-08,2020120804000885,SGI,25,28,10,615.00,"6,150.00"
2020-12-08,2020120804000884,SGI,25,41,20,615.00,"12,300.00"
2020-12-08,2020120804000883,SGI,25,50,10,615.00,"6,150.00"
2020-12-08,2020120804000882,SGI,25,51,10,615.00,"6,150.00"
2020-12-08,2020120804000881,SGI,25,55,10,615.00,"6,150.00"
2020-12-08,2020120804000317,BBC,38,52,30,"3,255.00","97,650.00"
2020-12-08,2020120804000316,BBC,38,42,30,"3,200.00","96,000.00"
2020-12-08,2020120804000310,BBC,41,38,25,"3,200.00","80,000.00"
2020-12-08,2020120804000309,BBC,50,38,10,"3,200.00","32,000.00"
2020-12-08,2020120804000303,BBC,1,38,25,"3,233.00","80,825.00"
2020-12-08,2020120804000302,BBC,26,38,10,"3,235.00","32,350.00"
2020-12-08,2020120804000015,BBC,8,57,10,"3,246.00","32,460.00"
2020-12-08,2020120804000198,BBC,39,52,20,"3,250.00","65,000.00"
2020-12-08,2020120804000099,BBC,17,14,10,"3,298.00","32,980.00"
2020-12-08,2020120804000094,BBC,58,34,20,"3,299.00","65,980.00"
2020-12-08,2020120804000082,BBC,34,49,20,"3,300.00","66,000.00"
2020-12-08,2020120804000062,BBC,41,13,20,"3,300.00","66,000.00"
2020-12-08,2020120804000045,BBC,8,45,10,"3,300.00","33,000.00"
2020-12-08,2020120803019178,BFC,33,17,140,132.00,"18,480.00"
2020-12-08,2020120803019132,CIT,34,1,10,"4,724.00","47,240.00"
2020-12-08,2020120803019131,CIT,56,1,40,"4,740.00","189,600.00"
2020-12-08,2020120804000398,CMF1,17,4,"1,000",9.65,"9,650.00"
2020-12-08,2020120804000039,CMF1,57,56,100,9.63,963.00
2020-12-08,2020120803019130,DDBL,6,34,35,"1,389.00","48,615.00"
2020-12-08,2020120803019129,DDBL,5,34,300,"1,389.00","416,700.00"
2020-12-08,2020120803019128,DDBL,41,34,200,"1,389.00","277,800.00"
2020-12-08,2020120803019127,DDBL,33,34,100,"1,389.00","138,900.00"
2020-12-08,2020120803019126,DDBL,19,34,50,"1,390.00","69,500.00"
2020-12-08,2020120803019125,DDBL,1,34,50,"1,390.00","69,500.00"
2020-12-08,2020120803019124,DDBL,50,34,50,"1,390.00","69,500.00"
2020-12-08,2020120803019123,DDBL,50,34,250,"1,390.00","347,500.00"
2020-12-08,2020120803019122,DDBL,42,34,55,"1,390.00","76,450.00"
2020-12-08,2020120803019121,DDBL,44,34,50,"1,392.00","69,600.00"
2020-12-08,2020120803019120,DDBL,54,34,50,"1,393.00","69,650.00"
2020-12-08,2020120803019119,DDBL,59,34,10,"1,398.00","13,980.00"
2020-12-08,2020120803019181,FOWAD,32,45,38,"1,985.00","75,430.00"
2020-12-08,2020120803019180,FOWAD,32,43,62,"1,984.00","123,008.00"
2020-12-08,2020120804000196,GBIMEP,42,5,"854,873",151.00,"129,085,823.00"
2020-12-08,2020120803019139,GFCL,56,51,121,203.00,"24,563.00"
2020-12-08,2020120803019138,GFCL,41,51,11,203.00,"2,233.00"
2020-12-08,2020120803019137,GFCL,56,51,250,204.00,"51,000.00"
2020-12-08,2020120803019136,GFCL,57,51,100,204.00,"20,400.00"
2020-12-08,2020120803019135,GFCL,34,51,18,204.00,"3,672.00"
2020-12-08,2020120804000409,GIC,21,22,10,589.00,"5,890.00"
2020-12-08,2020120804000407,GIC,21,45,10,589.00,"5,890.00"
2020-12-08,2020120804000397,GIC,21,39,10,589.00,"5,890.00"
2020-12-08,2020120804000392,GIC,21,39,10,589.00,"5,890.00"
2020-12-08,2020120804000390,GIC,21,19,10,589.00,"5,890.00"
2020-12-08,2020120804000389,GIC,21,6,10,589.00,"5,890.00"
2020-12-08,2020120804000001,GIC,6,51,100,599.00,"59,900.00"
2020-12-08,2020120804000012,GIC,38,19,10,595.00,"5,950.00"
2020-12-08,2020120804000011,GIC,38,46,10,595.00,"5,950.00"
2020-12-08,2020120804000007,GIC,43,40,10,600.00,"6,000.00"
2020-12-08,2020120804000005,GIC,43,19,10,600.00,"6,000.00"
2020-12-08,2020120804000004,GIC,43,54,10,600.00,"6,000.00"
2020-12-08,2020120804000003,GIC,43,42,10,600.00,"6,000.00"
2020-12-08,2020120804000043,GIC,35,21,10,591.00,"5,910.00"
2020-12-08,2020120804000040,GIC,35,49,10,591.00,"5,910.00"
2020-12-08,2020120804000036,GIC,35,58,10,591.00,"5,910.00"
2020-12-08,2020120804000027,GIC,35,38,10,591.00,"5,910.00"
2020-12-08,2020120804000023,GIC,35,19,10,591.00,"5,910.00"
2020-12-08,2020120804000018,GIC,35,56,10,595.00,"5,950.00"
2020-12-08,2020120804000056,GIC,42,21,10,592.00,"5,920.00"
2020-12-08,2020120804000055,GIC,42,40,10,592.00,"5,920.00"
2020-12-08,2020120804000048,GIC,42,17,10,592.00,"5,920.00"
2020-12-08,2020120804000047,GIC,42,21,10,592.00,"5,920.00"
2020-12-08,2020120804000046,GIC,42,17,10,592.00,"5,920.00"
2020-12-08,2020120804000044,GIC,42,21,10,592.00,"5,920.00"
2020-12-08,2020120804000069,GIC,35,42,10,591.00,"5,910.00"
2020-12-08,2020120804000068,GIC,35,47,10,591.00,"5,910.00"
2020-12-08,2020120804000067,GIC,35,21,10,591.00,"5,910.00"
2020-12-08,2020120804000060,GIC,35,21,10,591.00,"5,910.00"
2020-12-08,2020120804000058,GIC,35,47,20,592.00,"11,840.00"
2020-12-08,2020120804000057,GIC,42,47,40,592.00,"23,680.00"
2020-12-08,2020120804000076,GIC,49,4,10,592.00,"5,920.00"
2020-12-08,2020120804000075,GIC,49,8,10,592.00,"5,920.00"
2020-12-08,2020120804000074,GIC,49,35,10,592.00,"5,920.00"
2020-12-08,2020120804000073,GIC,49,47,150,592.00,"88,800.00"
2020-12-08,2020120804000072,GIC,19,21,10,591.00,"5,910.00"
2020-12-08,2020120804000071,GIC,35,40,10,591.00,"5,910.00"
2020-12-08,2020120804000100,GIC,19,5,10,591.00,"5,910.00"
2020-12-08,2020120804000095,GIC,19,40,10,591.00,"5,910.00"
2020-12-08,2020120804000093,GIC,19,14,10,591.00,"5,910.00"
2020-12-08,2020120804000090,GIC,19,34,10,591.00,"5,910.00"
2020-12-08,2020120804000086,GIC,49,57,10,592.00,"5,920.00"
2020-12-08,2020120804000083,GIC,49,59,10,592.00,"5,920.00"
2020-12-08,2020120804000117,GIC,51,6,10,591.00,"5,910.00"
2020-12-08,2020120804000111,GIC,19,59,10,591.00,"5,910.00"
2020-12-08,2020120804000110,GIC,19,38,10,591.00,"5,910.00"
2020-12-08,2020120804000105,GIC,19,50,10,591.00,"5,910.00"
2020-12-08,2020120804000102,GIC,19,56,10,591.00,"5,910.00"
2020-12-08,2020120804000101,GIC,19,41,10,591.00,"5,910.00"
2020-12-08,2020120804000128,GIC,56,13,10,590.00,"5,900.00"
2020-12-08,2020120804000126,GIC,56,58,10,590.00,"5,900.00"
2020-12-08,2020120804000124,GIC,6,45,10,591.00,"5,910.00"
2020-12-08,2020120804000123,GIC,56,44,10,590.00,"5,900.00"
2020-12-08,2020120804000121,GIC,45,22,10,591.00,"5,910.00"
2020-12-08,2020120804000118,GIC,51,4,10,591.00,"5,910.00"
2020-12-08,2020120804000145,GIC,34,51,10,589.00,"5,890.00"
2020-12-08,2020120804000141,GIC,34,17,10,589.00,"5,890.00"
2020-12-08,2020120804000137,GIC,34,57,10,589.00,"5,890.00"
2020-12-08,2020120804000136,GIC,6,42,10,590.00,"5,900.00"
2020-12-08,2020120804000135,GIC,56,37,10,590.00,"5,900.00"
2020-12-08,2020120804000133,GIC,56,21,10,590.00,"5,900.00"
2020-12-08,2020120804000175,GIC,42,51,10,590.00,"5,900.00"
2020-12-08,2020120804000174,GIC,42,49,10,590.00,"5,900.00"
2020-12-08,2020120804000173,GIC,42,57,10,590.00,"5,900.00"
2020-12-08,2020120804000172,GIC,42,29,10,590.00,"5,900.00"
2020-12-08,2020120804000162,GIC,34,57,10,589.00,"5,890.00"
2020-12-08,2020120804000150,GIC,34,42,10,589.00,"5,890.00"
2020-12-08,2020120804000181,GIC,42,59,10,590.00,"5,900.00"
2020-12-08,2020120804000180,GIC,42,36,10,590.00,"5,900.00"
2020-12-08,2020120804000179,GIC,42,50,10,590.00,"5,900.00"
2020-12-08,2020120804000178,GIC,42,44,10,590.00,"5,900.00"
2020-12-08,2020120804000177,GIC,42,8,10,590.00,"5,900.00"
2020-12-08,2020120804000176,GIC,42,6,10,590.00,"5,900.00"
2020-12-08,2020120804000199,GIC,34,36,10,589.00,"5,890.00"
2020-12-08,2020120804000197,GIC,57,44,10,590.00,"5,900.00"
2020-12-08,2020120804000194,GIC,34,17,10,589.00,"5,890.00"
2020-12-08,2020120804000192,GIC,34,16,10,589.00,"5,890.00"
2020-12-08,2020120804000189,GIC,34,22,10,589.00,"5,890.00"
2020-12-08,2020120804000186,GIC,34,42,10,589.00,"5,890.00"
2020-12-08,2020120804000219,GIC,34,59,10,589.00,"5,890.00"
2020-12-08,2020120804000218,GIC,34,51,10,589.00,"5,890.00"
2020-12-08,2020120804000207,GIC,34,7,10,589.00,"5,890.00"
2020-12-08,2020120804000203,GIC,34,38,10,589.00,"5,890.00"
2020-12-08,2020120804000202,GIC,34,46,10,589.00,"5,890.00"
2020-12-08,2020120804000200,GIC,34,48,10,589.00,"5,890.00"
2020-12-08,2020120804000233,GIC,14,17,10,589.00,"5,890.00"
2020-12-08,2020120804000230,GIC,14,50,10,589.00,"5,890.00"
2020-12-08,2020120804000227,GIC,34,22,10,589.00,"5,890.00"
2020-12-08,2020120804000226,GIC,34,59,10,589.00,"5,890.00"
2020-12-08,2020120804000225,GIC,34,44,10,589.00,"5,890.00"
2020-12-08,2020120804000224,GIC,34,20,10,589.00,"5,890.00"
2020-12-08,2020120804000252,GIC,17,58,10,591.00,"5,910.00"
2020-12-08,2020120804000251,GIC,22,51,10,590.00,"5,900.00"
2020-12-08,2020120804000248,GIC,22,55,10,590.00,"5,900.00"
2020-12-08,2020120804000246,GIC,22,40,10,590.00,"5,900.00"
2020-12-08,2020120804000239,GIC,22,29,10,590.00,"5,900.00"
2020-12-08,2020120804000238,GIC,22,25,10,590.00,"5,900.00"
2020-12-08,2020120804000268,GIC,45,16,10,590.00,"5,900.00"
2020-12-08,2020120804000264,GIC,45,34,10,590.00,"5,900.00"
2020-12-08,2020120804000262,GIC,14,42,10,589.00,"5,890.00"
2020-12-08,2020120804000261,GIC,14,57,10,589.00,"5,890.00"
2020-12-08,2020120804000258,GIC,14,11,10,589.00,"5,890.00"
2020-12-08,2020120804000253,GIC,17,41,50,591.00,"29,550.00"
2020-12-08,2020120804000286,GIC,46,21,10,590.00,"5,900.00"
2020-12-08,2020120804000277,GIC,46,11,10,590.00,"5,900.00"
2020-12-08,2020120804000276,GIC,46,49,10,590.00,"5,900.00"
2020-12-08,2020120804000275,GIC,45,34,10,590.00,"5,900.00"
2020-12-08,2020120804000274,GIC,45,34,10,590.00,"5,900.00"
2020-12-08,2020120804000273,GIC,45,21,10,590.00,"5,900.00"
2020-12-08,2020120804000296,GIC,14,42,10,589.00,"5,890.00"
