Date,Transact. No.,Symbol,Buyer,Seller,Quantity,Rate,Amount
2020-09-13,2020091301039743,ACLBSL,48,38,10,773.00,"7,730.00"
2020-09-13,2020091301039734,ACLBSL,34,38,10,773.00,"7,730.00"
2020-09-13,2020091301039514,AIL,42,6,30,533.00,"15,990.00"
2020-09-13,2020091301039512,AIL,57,52,50,534.00,"26,700.00"
2020-09-13,2020091301039511,AIL,57,21,10,534.00,"5,340.00"
2020-09-13,2020091301039510,AIL,57,21,10,534.00,"5,340.00"
2020-09-13,2020091301039509,AIL,57,41,10,534.00,"5,340.00"
2020-09-13,2020091301039508,AIL,57,58,20,534.00,"10,680.00"
2020-09-13,2020091301039459,AIL,42,43,10,533.00,"5,330.00"
2020-09-13,2020091301039421,AIL,42,56,100,533.00,"53,300.00"
2020-09-13,2020091301039405,AIL,42,41,10,533.00,"5,330.00"
2020-09-13,2020091301039810,AKPL,36,28,20,174.00,"3,480.00"
2020-09-13,2020091301039652,AKPL,59,13,10,176.00,"1,760.00"
2020-09-13,2020091301039548,AKPL,18,13,"2,000",174.00,"348,000.00"
2020-09-13,2020091301039547,AKPL,37,13,300,174.00,"52,200.00"
2020-09-13,2020091301039546,AKPL,37,13,300,174.00,"52,200.00"
2020-09-13,2020091301039545,AKPL,45,13,"1,013",174.00,"176,262.00"
2020-09-13,2020091301039503,AKPL,45,43,500,174.00,"87,000.00"
2020-09-13,2020091301039499,AKPL,32,58,"8,062",175.00,"1,410,850.00"
2020-09-13,2020091301039396,AKPL,45,45,100,174.00,"17,400.00"
2020-09-13,2020091301039466,ALBSL,43,28,10,900.00,"9,000.00"
2020-09-13,2020091301039752,ALICL,4,29,650,774.00,"503,100.00"
2020-09-13,2020091301039751,ALICL,46,29,100,774.00,"77,400.00"
2020-09-13,2020091301039750,ALICL,10,29,100,775.00,"77,500.00"
2020-09-13,2020091301039505,API,41,4,30,138.00,"4,140.00"
2020-09-13,2020091301039504,API,41,45,157,138.00,"21,666.00"
2020-09-13,2020091301039451,API,59,45,907,138.00,"125,166.00"
2020-09-13,2020091301039450,API,59,1,"1,000",138.00,"138,000.00"
2020-09-13,2020091301039449,API,59,48,10,138.00,"1,380.00"
2020-09-13,2020091301039448,API,59,25,150,138.00,"20,700.00"
2020-09-13,2020091301039447,API,59,36,500,138.00,"69,000.00"
2020-09-13,2020091301039446,API,59,16,433,138.00,"59,754.00"
2020-09-13,2020091301039416,API,41,34,250,137.00,"34,250.00"
2020-09-13,2020091301039415,API,41,44,163,137.00,"22,331.00"
2020-09-13,2020091301039779,BPCL,36,53,500,393.00,"196,500.00"
2020-09-13,2020091301039656,BPCL,36,53,333,393.00,"130,869.00"
2020-09-13,2020091301039655,BPCL,36,16,24,393.00,"9,432.00"
2020-09-13,2020091301039654,BPCL,36,21,100,393.00,"39,300.00"
2020-09-13,2020091301039653,BPCL,36,43,43,393.00,"16,899.00"
2020-09-13,2020091301039418,CBBL,41,54,20,"1,136.00","22,720.00"
2020-09-13,2020091301039417,CBBL,41,39,20,"1,135.00","22,700.00"
2020-09-13,2020091301039716,CHCL,22,3,80,488.00,"39,040.00"
2020-09-13,2020091301039614,CHCL,47,4,84,490.00,"41,160.00"
2020-09-13,2020091301039552,CHCL,47,13,50,490.00,"24,500.00"
2020-09-13,2020091301039471,CHCL,47,25,22,490.00,"10,780.00"
2020-09-13,2020091301039391,CHCL,47,21,50,490.00,"24,500.00"
2020-09-13,2020091301039390,CHCL,47,17,380,489.00,"185,820.00"
2020-09-13,2020091301039389,CHCL,47,47,200,489.00,"97,800.00"
2020-09-13,2020091301039388,CHCL,47,7,10,489.00,"4,890.00"
2020-09-13,2020091301039387,CHCL,47,10,50,489.00,"24,450.00"
2020-09-13,2020091301039386,CHCL,47,35,154,489.00,"75,306.00"
2020-09-13,2020091301039336,CHCL,22,16,50,488.00,"24,400.00"
2020-09-13,2020091301039316,CHCL,22,43,200,488.00,"97,600.00"
2020-09-13,2020091301039726,CIT,28,34,150,"3,400.00","510,000.00"
2020-09-13,2020091301039419,CIT,34,10,10,"3,415.00","34,150.00"
2020-09-13,2020091301039404,CIT,42,41,13,"3,390.00","44,070.00"
2020-09-13,2020091301039765,CLBSL,38,11,43,737.00,"31,691.00"
2020-09-13,2020091301039408,DDBL,58,39,10,887.00,"8,870.00"
2020-09-13,2020091301039359,DDBL,26,39,50,888.00,"44,400.00"
2020-09-13,2020091301039358,DDBL,25,39,500,888.00,"444,000.00"
2020-09-13,2020091301039357,DDBL,43,39,200,888.00,"177,600.00"
2020-09-13,2020091301039356,DDBL,57,39,50,888.00,"44,400.00"
2020-09-13,2020091301039355,DDBL,10,39,30,888.00,"26,640.00"
2020-09-13,2020091301039354,DDBL,55,39,100,889.00,"88,900.00"
2020-09-13,2020091301039755,EBL,45,46,500,735.00,"367,500.00"
2020-09-13,2020091301039658,EBL,59,52,100,735.00,"73,500.00"
2020-09-13,2020091301039500,EBL,16,22,500,734.00,"367,000.00"
2020-09-13,2020091301039464,EDBL,17,14,60,296.00,"17,760.00"
2020-09-13,2020091301039606,EIC,41,43,20,583.00,"11,660.00"
2020-09-13,2020091301039605,EIC,14,43,302,583.00,"176,066.00"
2020-09-13,2020091301039604,EIC,52,43,200,583.00,"116,600.00"
2020-09-13,2020091301039429,EIC,14,17,100,583.00,"58,300.00"
2020-09-13,2020091301039385,EIC,14,25,75,583.00,"43,725.00"
2020-09-13,2020091301039813,FMDBL,50,16,105,608.00,"63,840.00"
2020-09-13,2020091301039467,FMDBL,22,47,130,610.00,"79,300.00"
2020-09-13,2020091301039686,GBIME,38,50,857,263.00,"225,391.00"
2020-09-13,2020091301039685,GBIME,38,57,200,263.00,"52,600.00"
2020-09-13,2020091301039684,GBIME,38,14,90,263.00,"23,670.00"
2020-09-13,2020091301039683,GBIME,38,51,353,263.00,"92,839.00"
2020-09-13,2020091301039485,GBIME,11,48,386,262.00,"101,132.00"
2020-09-13,2020091301039326,GBIME,11,4,550,262.00,"144,100.00"
2020-09-13,2020091301039687,GBLBS,28,45,50,568.00,"28,400.00"
2020-09-13,2020091301039648,GBLBS,28,48,17,568.00,"9,656.00"
2020-09-13,2020091301039647,GBLBS,35,48,83,568.00,"47,144.00"
2020-09-13,2020091301039535,GBLBS,35,29,15,568.00,"8,520.00"
2020-09-13,2020091301039725,GGBSL,48,11,10,850.00,"8,500.00"
2020-09-13,2020091301039724,GGBSL,48,16,10,850.00,"8,500.00"
2020-09-13,2020091301039701,GLICL,39,45,50,660.00,"33,000.00"
2020-09-13,2020091301039426,GLICL,7,34,138,661.00,"91,218.00"
2020-09-13,2020091301039425,GLICL,7,45,100,661.00,"66,100.00"
2020-09-13,2020091301039411,GLICL,7,20,40,660.00,"26,400.00"
2020-09-13,2020091301039410,GLICL,7,38,222,660.00,"146,520.00"
2020-09-13,2020091301039319,GLICL,59,38,128,660.00,"84,480.00"
2020-09-13,2020091301039318,GLICL,59,5,122,660.00,"80,520.00"
2020-09-13,2020091301039690,HDL,29,32,20,"1,843.00","36,860.00"
2020-09-13,2020091301039651,HDL,53,56,100,"1,846.00","184,600.00"
2020-09-13,2020091301039748,HGI,34,34,40,519.00,"20,760.00"
2020-09-13,2020091301039630,HGI,39,53,60,520.00,"31,200.00"
2020-09-13,2020091301039629,HGI,39,34,70,520.00,"36,400.00"
2020-09-13,2020091301039609,HGI,34,32,10,519.00,"5,190.00"
2020-09-13,2020091301039754,IGI,59,34,20,585.00,"11,700.00"
2020-09-13,2020091301039639,IGI,45,11,200,584.00,"116,800.00"
2020-09-13,2020091301039549,IGI,32,34,200,585.00,"117,000.00"
2020-09-13,2020091301039431,IGI,45,34,37,585.00,"21,645.00"
2020-09-13,2020091301039430,IGI,45,41,13,585.00,"7,605.00"
2020-09-13,2020091301039665,ILBS,16,16,194,853.00,"165,482.00"
2020-09-13,2020091301039664,ILBS,13,16,45,854.00,"38,430.00"
2020-09-13,2020091301039663,ILBS,11,16,11,854.00,"9,394.00"
2020-09-13,2020091301039613,ILBS,19,51,100,855.00,"85,500.00"
2020-09-13,2020091301039689,JBBL,14,7,10,169.00,"1,690.00"
2020-09-13,2020091301039536,JBBL,14,7,10,169.00,"1,690.00"
2020-09-13,2020091301039749,KBL,32,38,211,187.00,"39,457.00"
2020-09-13,2020091301039707,KBL,36,41,100,188.00,"18,800.00"
2020-09-13,2020091301039544,KMCDB,29,35,10,778.00,"7,780.00"
2020-09-13,2020091301039444,KMCDB,1,29,10,773.00,"7,730.00"
2020-09-13,2020091301039384,KPCL,48,25,940,123.00,"115,620.00"
2020-09-13,2020091301039383,KPCL,41,25,100,123.00,"12,300.00"
2020-09-13,2020091301039382,KPCL,59,25,460,123.00,"56,580.00"
2020-09-13,2020091301039766,KSBBL,45,7,"2,000",143.00,"286,000.00"
2020-09-13,2020091301039814,LBL,34,32,10,235.00,"2,350.00"
2020-09-13,2020091301039330,LBL,34,8,"1,000",234.00,"234,000.00"
2020-09-13,2020091301039329,LBL,1,8,500,234.00,"117,000.00"
2020-09-13,2020091301039782,LGIL,55,32,10,565.00,"5,650.00"
2020-09-13,2020091301039412,LGIL,11,57,54,566.00,"30,564.00"
2020-09-13,2020091301039607,LICN,3,43,10,"1,561.00","15,610.00"
2020-09-13,2020091301039524,LICN,43,25,100,"1,560.00","156,000.00"
2020-09-13,2020091301039452,LICN,34,54,100,"1,561.00","156,100.00"
2020-09-13,2020091301039352,LICN,43,36,19,"1,560.00","29,640.00"
2020-09-13,2020091301039351,LICN,45,36,60,"1,560.00","93,600.00"
2020-09-13,2020091301039773,MBL,13,29,212,223.00,"47,276.00"
2020-09-13,2020091301039772,MBL,13,29,38,223.00,"8,474.00"
2020-09-13,2020091301039717,MBL,13,6,500,224.00,"112,000.00"
2020-09-13,2020091301039712,MEGA,45,8,"1,000",219.00,"219,000.00"
2020-09-13,2020091301039708,MEGA,37,8,"2,000",218.00,"436,000.00"
2020-09-13,2020091301039534,MEGA,57,8,250,219.00,"54,750.00"
2020-09-13,2020091301039476,MEGA,19,8,210,219.00,"45,990.00"
2020-09-13,2020091301039341,MEGA,45,36,666,220.00,"146,520.00"
2020-09-13,2020091301039340,MEGA,45,34,100,220.00,"22,000.00"
2020-09-13,2020091301039339,MEGA,45,13,200,220.00,"44,000.00"
2020-09-13,2020091301039338,MEGA,45,39,808,220.00,"177,760.00"
2020-09-13,2020091301039324,MEGA,40,39,50,220.00,"11,000.00"
2020-09-13,2020091301039470,MEGA,45,10,50,221.00,"11,050.00"
2020-09-13,2020091301039469,MEGA,45,6,300,221.00,"66,300.00"
2020-09-13,2020091301039468,MEGA,45,35,70,221.00,"15,470.00"
2020-09-13,2020091301039343,MEGA,45,14,99,220.00,"21,780.00"
2020-09-13,2020091301039342,MEGA,45,50,127,220.00,"27,940.00"
2020-09-13,2020091301039362,MERO,48,45,"1,000",745.00,"745,000.00"
2020-09-13,2020091301039361,MERO,55,45,20,745.00,"14,900.00"
2020-09-13,2020091301039360,MERO,57,45,227,745.00,"169,115.00"
2020-09-13,2020091301039315,MERO,45,1,20,750.00,"15,000.00"
2020-09-13,2020091301039659,MERO,55,10,14,745.00,"10,430.00"
2020-09-13,2020091301039463,MERO,55,46,30,745.00,"22,350.00"
2020-09-13,2020091301039365,MERO,55,45,153,745.00,"113,985.00"
2020-09-13,2020091301039364,MERO,13,45,100,745.00,"74,500.00"
2020-09-13,2020091301039363,MERO,42,45,500,745.00,"372,500.00"
2020-09-13,2020091301039753,MFIL,53,10,10,302.00,"3,020.00"
2020-09-13,2020091301039395,MFIL,57,17,44,300.00,"13,200.00"
2020-09-13,2020091301039601,MHNL,29,1,300,96.00,"28,800.00"
2020-09-13,2020091301039337,MLBL,25,34,148,193.00,"28,564.00"
2020-09-13,2020091301039627,MPFL,7,49,100,106.00,"10,600.00"
2020-09-13,2020091301039608,NABIL,54,22,20,849.00,"16,980.00"
2020-09-13,2020091301039551,NABIL,17,54,200,847.00,"169,400.00"
2020-09-13,2020091301039550,NABIL,36,54,100,847.00,"84,700.00"
2020-09-13,2020091301039737,NADEP,38,38,43,726.00,"31,218.00"
2020-09-13,2020091301039494,NBB,45,8,100,199.00,"19,900.00"
2020-09-13,2020091301039493,NBB,56,8,69,199.00,"13,731.00"
2020-09-13,2020091301039492,NBB,17,8,356,199.00,"70,844.00"
2020-09-13,2020091301039711,NBL,47,34,800,304.00,"243,200.00"
2020-09-13,2020091301039710,NBL,16,34,"1,000",304.00,"304,000.00"
2020-09-13,2020091301039709,NBL,35,34,476,304.00,"144,704.00"
2020-09-13,2020091301039638,NBL,35,7,524,304.00,"159,296.00"
2020-09-13,2020091301039637,NBL,13,7,100,304.00,"30,400.00"
2020-09-13,2020091301039636,NBL,41,7,100,304.00,"30,400.00"
2020-09-13,2020091301039635,NBL,25,7,500,304.00,"152,000.00"
2020-09-13,2020091301039634,NBL,37,7,"1,000",304.00,"304,000.00"
2020-09-13,2020091301039633,NBL,36,7,700,304.00,"212,800.00"
2020-09-13,2020091301039632,NBL,34,7,300,304.00,"91,200.00"
2020-09-13,2020091301039631,NBL,58,7,"1,945",304.00,"591,280.00"
2020-09-13,2020091301039729,NCCB,34,34,100,200.00,"20,000.00"
2020-09-13,2020091301039728,NCCB,35,34,500,200.00,"100,000.00"
2020-09-13,2020091301039727,NCCB,58,34,166,200.00,"33,200.00"
2020-09-13,2020091301039713,NCCB,58,29,199,200.00,"39,800.00"
2020-09-13,2020091301039420,NCCB,58,39,30,200.00,"6,000.00"
2020-09-13,2020091301039619,NFS,4,57,221,186.00,"41,106.00"
2020-09-13,2020091301039618,NFS,4,57,50,185.00,"9,250.00"
2020-09-13,2020091301039617,NFS,4,34,300,185.00,"55,500.00"
2020-09-13,2020091301039616,NFS,4,34,300,185.00,"55,500.00"
2020-09-13,2020091301039615,NFS,4,25,129,185.00,"23,865.00"
2020-09-13,2020091301039480,NHDL,8,22,200,172.00,"34,400.00"
2020-09-13,2020091301039479,NHDL,8,59,50,172.00,"8,600.00"
2020-09-13,2020091301039478,NHDL,8,4,30,172.00,"5,160.00"
2020-09-13,2020091301039477,NHDL,8,39,30,172.00,"5,160.00"
2020-09-13,2020091301039443,NHDL,8,20,10,169.00,"1,690.00"
2020-09-13,2020091301039442,NHDL,8,45,161,169.00,"27,209.00"
2020-09-13,2020091301039435,NHDL,8,45,10,168.00,"1,680.00"
2020-09-13,2020091301039434,NHDL,8,35,10,167.00,"1,670.00"
2020-09-13,2020091301039441,NHDL,8,47,20,169.00,"3,380.00"
2020-09-13,2020091301039440,NHDL,8,53,60,169.00,"10,140.00"
2020-09-13,2020091301039439,NHDL,8,6,200,169.00,"33,800.00"
2020-09-13,2020091301039438,NHDL,8,52,10,169.00,"1,690.00"
2020-09-13,2020091301039437,NHDL,8,34,40,169.00,"6,760.00"
2020-09-13,2020091301039436,NHDL,8,36,50,168.00,"8,400.00"
2020-09-13,2020091301039423,NHPC,58,48,100,59.00,"5,900.00"
2020-09-13,2020091301039445,NIB,22,50,50,419.00,"20,950.00"
2020-09-13,2020091301039756,NICA,36,28,50,587.00,"29,350.00"
2020-09-13,2020091301039694,NICA,17,28,"1,960",586.00,"1,148,560.00"
2020-09-13,2020091301039693,NICA,38,28,40,587.00,"23,480.00"
2020-09-13,2020091301039650,NICA,38,16,10,587.00,"5,870.00"
2020-09-13,2020091301039462,NICA,32,48,500,587.00,"293,500.00"
2020-09-13,2020091301039461,NICA,32,55,50,587.00,"29,350.00"
2020-09-13,2020091301039460,NICA,32,34,300,587.00,"176,100.00"
2020-09-13,2020091301039458,NICA,17,17,"1,707",586.00,"1,000,300.00"
2020-09-13,2020091301039371,NICA,36,6,23,587.00,"13,501.00"
2020-09-13,2020091301039370,NICA,36,10,10,587.00,"5,870.00"
2020-09-13,2020091301039812,NICL,43,34,10,585.00,"5,850.00"
2020-09-13,2020091301039739,NICL,8,39,145,584.00,"84,680.00"
2020-09-13,2020091301039738,NICL,34,39,170,585.00,"99,450.00"
2020-09-13,2020091301039662,NICL,34,8,62,585.00,"36,270.00"
2020-09-13,2020091301039335,NICL,34,32,25,585.00,"14,625.00"
2020-09-13,2020091301039334,NICL,34,57,30,585.00,"17,550.00"
2020-09-13,2020091301039333,NICL,34,32,25,585.00,"14,625.00"
2020-09-13,2020091301039332,NICL,34,36,30,585.00,"17,550.00"
2020-09-13,2020091301039331,NICL,34,7,158,585.00,"92,430.00"
2020-09-13,2020091301039774,NIL,48,47,10,844.00,"8,440.00"
2020-09-13,2020091301039742,NIL,36,34,20,840.00,"16,800.00"
2020-09-13,2020091301039741,NIL,36,34,"1,000",840.00,"840,000.00"
2020-09-13,2020091301039740,NIL,16,34,"1,980",840.00,"1,663,200.00"
2020-09-13,2020091301039703,NIL,16,36,20,840.00,"16,800.00"
2020-09-13,2020091301039702,NIL,1,36,60,841.00,"50,460.00"
2020-09-13,2020091301039399,NIL,48,47,"1,788",844.00,"1,509,070.00"
2020-09-13,2020091301039398,NIL,48,13,112,843.00,"94,416.00"
2020-09-13,2020091301039397,NIL,48,19,100,842.00,"84,200.00"
2020-09-13,2020091301039778,NLIC,45,49,24,"1,424.00","34,176.00"
2020-09-13,2020091301039777,NLIC,45,59,276,"1,424.00","393,024.00"
2020-09-13,2020091301039747,NLIC,45,59,10,"1,424.00","14,240.00"
2020-09-13,2020091301039746,NLIC,45,45,10,"1,423.00","14,230.00"
2020-09-13,2020091301039735,NLIC,16,8,200,"1,423.00","284,600.00"
2020-09-13,2020091301039733,NLIC,16,59,214,"1,424.00","304,736.00"
2020-09-13,2020091301039732,NLIC,16,29,86,"1,424.00","122,464.00"
2020-09-13,2020091301039697,NLIC,16,34,140,"1,423.00","199,220.00"
2020-09-13,2020091301039696,NLIC,39,34,160,"1,423.00","227,680.00"
2020-09-13,2020091301039649,NLIC,39,14,40,"1,423.00","56,920.00"
2020-09-13,2020091301039327,NLIC,48,14,100,"1,423.00","142,300.00"
2020-09-13,2020091301039611,NLICL,46,54,200,802.00,"160,400.00"
2020-09-13,2020091301039757,NMB,13,14,50,422.00,"21,100.00"
2020-09-13,2020091301039661,NMB,19,14,950,422.00,"400,900.00"
2020-09-13,2020091301039660,NMB,19,57,50,422.00,"21,100.00"
2020-09-13,2020091301039532,NMB,13,57,136,421.00,"57,256.00"
2020-09-13,2020091301039531,NMB,53,57,470,421.00,"197,870.00"
2020-09-13,2020091301039498,NMB,43,57,50,422.00,"21,100.00"
2020-09-13,2020091301039497,NMB,43,19,450,422.00,"189,900.00"
2020-09-13,2020091301039491,NMB,45,57,100,422.00,"42,200.00"
2020-09-13,2020091301039490,NMB,45,28,"1,000",422.00,"422,000.00"
2020-09-13,2020091301039328,NMBMF,39,3,60,839.00,"50,340.00"
2020-09-13,2020091301039700,NRIC,16,36,360,898.00,"323,280.00"
2020-09-13,2020091301039620,NRIC,13,36,200,898.00,"179,600.00"
2020-09-13,2020091301039610,NRIC,54,36,100,898.00,"89,800.00"
2020-09-13,2020091301039543,NRIC,54,3,80,897.00,"71,760.00"
2020-09-13,2020091301039542,NRIC,48,3,100,897.00,"89,700.00"
2020-09-13,2020091301039541,NRIC,41,3,60,897.00,"53,820.00"
2020-09-13,2020091301039401,NRIC,45,36,100,898.00,"89,800.00"
2020-09-13,2020091301039400,NRIC,48,36,40,898.00,"35,920.00"
2020-09-13,2020091301039344,NRIC,21,3,10,899.00,"8,990.00"
2020-09-13,2020091301039323,NRIC,21,3,100,899.00,"89,900.00"
2020-09-13,2020091301039540,NRIC,1,3,200,897.00,"179,400.00"
2020-09-13,2020091301039539,NRIC,35,3,50,897.00,"44,850.00"
2020-09-13,2020091301039538,NRIC,54,3,100,897.00,"89,700.00"
2020-09-13,2020091301039537,NRIC,11,3,300,897.00,"269,100.00"
2020-09-13,2020091301039403,NRIC,41,36,100,898.00,"89,800.00"
2020-09-13,2020091301039402,NRIC,54,36,100,898.00,"89,800.00"
2020-09-13,2020091301039621,NRN,34,38,10,427.00,"4,270.00"
2020-09-13,2020091301039758,NSEWA,43,17,10,768.00,"7,680.00"
2020-09-13,2020091301039776,NUBL,45,11,56,994.00,"55,664.00"
2020-09-13,2020091301039422,NUBL,34,21,25,990.00,"24,750.00"
2020-09-13,2020091301039406,NUBL,50,8,100,989.00,"98,900.00"
2020-09-13,2020091301039367,PCBL,34,4,"1,131",280.00,"316,680.00"
2020-09-13,2020091301039366,PCBL,34,4,869,280.00,"243,320.00"
2020-09-13,2020091301039317,PCBL,45,34,10,281.00,"2,810.00"
2020-09-13,2020091301039695,PIC,34,6,10,830.00,"8,300.00"
2020-09-13,2020091301039623,PIC,59,29,60,829.00,"49,740.00"
2020-09-13,2020091301039622,PIC,49,29,40,829.00,"33,160.00"
2020-09-13,2020091301039673,PICL,7,44,95,577.00,"54,815.00"
2020-09-13,2020091301039672,PICL,7,14,120,577.00,"69,240.00"
2020-09-13,2020091301039671,PICL,7,11,85,577.00,"49,045.00"
2020-09-13,2020091301039554,PICL,45,1,16,575.00,"9,200.00"
2020-09-13,2020091301039553,PICL,10,1,20,575.00,"11,500.00"
2020-09-13,2020091301039507,PICL,36,11,150,577.00,"86,550.00"
2020-09-13,2020091301039506,PICL,36,45,50,576.00,"28,800.00"
2020-09-13,2020091301039377,PICL,46,45,200,576.00,"115,200.00"
2020-09-13,2020091301039325,PICL,43,29,100,576.00,"57,600.00"
2020-09-13,2020091301039763,PLIC,59,45,264,693.00,"182,952.00"
2020-09-13,2020091301039762,PLIC,59,35,100,692.00,"69,200.00"
2020-09-13,2020091301039761,PLIC,59,52,136,691.00,"93,976.00"
2020-09-13,2020091301039699,PLIC,13,39,83,690.00,"57,270.00"
2020-09-13,2020091301039698,PLIC,13,45,10,690.00,"6,900.00"
2020-09-13,2020091301039603,PLIC,10,45,500,689.00,"344,500.00"
2020-09-13,2020091301039602,PLIC,10,16,540,689.00,"372,060.00"
2020-09-13,2020091301039780,PRIN,8,45,100,630.00,"63,000.00"
2020-09-13,2020091301039770,PRIN,8,34,263,630.00,"165,690.00"
2020-09-13,2020091301039769,PRIN,16,34,100,630.00,"63,000.00"
2020-09-13,2020091301039768,PRIN,16,34,50,630.00,"31,500.00"
2020-09-13,2020091301039767,PRIN,58,34,87,630.00,"54,810.00"
2020-09-13,2020091301039760,PRIN,19,47,20,632.00,"12,640.00"
2020-09-13,2020091301039759,PRIN,19,46,30,632.00,"18,960.00"
2020-09-13,2020091301039704,PRIN,13,46,70,632.00,"44,240.00"
2020-09-13,2020091301039528,PRIN,13,36,20,631.00,"12,620.00"
2020-09-13,2020091301039527,PRIN,4,36,200,631.00,"126,200.00"
2020-09-13,2020091301039526,PRIN,7,36,10,631.00,"6,310.00"
2020-09-13,2020091301039481,PRIN,10,46,31,632.00,"19,592.00"
2020-09-13,2020091301039809,PRVU,45,10,72,229.00,"16,488.00"
2020-09-13,2020091301039808,PRVU,45,54,128,229.00,"29,312.00"
2020-09-13,2020091301039682,PRVU,57,45,863,228.00,"196,764.00"
2020-09-13,2020091301039322,PRVU,45,54,452,229.00,"103,508.00"
2020-09-13,2020091301039321,PRVU,45,45,68,229.00,"15,572.00"
2020-09-13,2020091301039320,PRVU,45,50,480,229.00,"109,920.00"
2020-09-13,2020091301039414,RBCLPO,45,34,30,"10,998.00","329,940.00"
2020-09-13,2020091301039413,RBCLPO,45,34,20,"10,995.00","219,900.00"
2020-09-13,2020091301039569,RHPL,53,42,90,177.00,"15,930.00"
2020-09-13,2020091301039568,RHPL,53,21,760,176.00,"133,760.00"
2020-09-13,2020091301039567,RHPL,53,26,30,176.00,"5,280.00"
2020-09-13,2020091301039566,RHPL,53,14,20,176.00,"3,520.00"
2020-09-13,2020091301039565,RHPL,53,13,40,176.00,"7,040.00"
2020-09-13,2020091301039564,RHPL,53,54,40,176.00,"7,040.00"
2020-09-13,2020091301039557,RHPL,53,25,40,174.00,"6,960.00"
2020-09-13,2020091301039556,RHPL,53,11,100,174.00,"17,400.00"
2020-09-13,2020091301039555,RHPL,53,57,260,174.00,"45,240.00"
2020-09-13,2020091301039353,RHPL,13,42,40,172.00,"6,880.00"
2020-09-13,2020091301039563,RHPL,53,44,50,175.00,"8,750.00"
2020-09-13,2020091301039562,RHPL,53,57,500,175.00,"87,500.00"
2020-09-13,2020091301039561,RHPL,53,57,40,175.00,"7,000.00"
2020-09-13,2020091301039560,RHPL,53,41,25,175.00,"4,375.00"
2020-09-13,2020091301039559,RHPL,53,25,100,175.00,"17,500.00"
2020-09-13,2020091301039558,RHPL,53,38,71,175.00,"12,425.00"
2020-09-13,2020091301039381,RLFL,34,14,10,132.00,"1,320.00"
2020-09-13,2020091301039496,RRHP,1,19,10,107.00,"1,070.00"
2020-09-13,2020091301039599,RSDC,44,10,402,600.00,"241,200.00"
2020-09-13,2020091301039598,RSDC,49,10,"1,000",600.00,"600,000.00"
2020-09-13,2020091301039597,RSDC,49,10,30,600.00,"18,000.00"
2020-09-13,2020091301039596,RSDC,41,10,"1,000",600.00,"600,000.00"
2020-09-13,2020091301039595,RSDC,5,10,50,600.00,"30,000.00"
2020-09-13,2020091301039594,RSDC,58,10,100,600.00,"60,000.00"
2020-09-13,2020091301039575,RSDC,10,10,100,601.00,"60,100.00"
2020-09-13,2020091301039574,RSDC,41,10,40,601.00,"24,040.00"
2020-09-13,2020091301039573,RSDC,36,10,100,602.00,"60,200.00"
2020-09-13,2020091301039572,RSDC,29,10,110,602.00,"66,220.00"
2020-09-13,2020091301039571,RSDC,29,10,150,603.00,"90,450.00"
2020-09-13,2020091301039570,RSDC,17,10,135,603.00,"81,405.00"
2020-09-13,2020091301039581,RSDC,44,10,100,600.00,"60,000.00"
2020-09-13,2020091301039580,RSDC,22,10,103,600.00,"61,800.00"
2020-09-13,2020091301039579,RSDC,49,10,20,601.00,"12,020.00"
2020-09-13,2020091301039578,RSDC,11,10,50,601.00,"30,050.00"
2020-09-13,2020091301039577,RSDC,55,10,100,601.00,"60,100.00"
2020-09-13,2020091301039576,RSDC,14,10,50,601.00,"30,050.00"
2020-09-13,2020091301039587,RSDC,51,10,50,600.00,"30,000.00"
2020-09-13,2020091301039586,RSDC,43,10,80,600.00,"48,000.00"
2020-09-13,2020091301039585,RSDC,43,10,80,600.00,"48,000.00"
2020-09-13,2020091301039584,RSDC,34,10,200,600.00,"120,000.00"
2020-09-13,2020091301039583,RSDC,42,10,100,600.00,"60,000.00"
2020-09-13,2020091301039582,RSDC,21,10,500,600.00,"300,000.00"
2020-09-13,2020091301039593,RSDC,5,10,100,600.00,"60,000.00"
2020-09-13,2020091301039592,RSDC,42,10,100,600.00,"60,000.00"
2020-09-13,2020091301039591,RSDC,16,10,100,600.00,"60,000.00"
2020-09-13,2020091301039590,RSDC,34,10,50,600.00,"30,000.00"
2020-09-13,2020091301039589,RSDC,16,10,100,600.00,"60,000.00"
2020-09-13,2020091301039588,RSDC,41,10,100,600.00,"60,000.00"
2020-09-13,2020091301039715,SABSL,19,42,11,892.00,"9,812.00"
2020-09-13,2020091301039714,SABSL,19,41,11,886.00,"9,746.00"
2020-09-13,2020091301039394,SADBL,34,56,10,143.00,"1,430.00"
2020-09-13,2020091301039393,SADBL,17,56,20,143.00,"2,860.00"
2020-09-13,2020091301039392,SADBL,17,22,180,143.00,"25,740.00"
2020-09-13,2020091301039600,SAEF,6,11,500,10.20,"5,100.00"
2020-09-13,2020091301039669,SANIMA,46,29,27,338.00,"9,126.00"
2020-09-13,2020091301039668,SANIMA,52,29,50,338.00,"16,900.00"
2020-09-13,2020091301039667,SANIMA,56,29,33,338.00,"11,154.00"
2020-09-13,2020091301039628,SANIMA,56,48,300,338.00,"101,400.00"
2020-09-13,2020091301039513,SBI,34,40,50,425.00,"21,250.00"
2020-09-13,2020091301039495,SBI,25,29,18,424.00,"7,632.00"
2020-09-13,2020091301039612,SBL,48,29,116,304.00,"35,264.00"
2020-09-13,2020091301039723,SCB,13,36,20,656.00,"13,120.00"
2020-09-13,2020091301039722,SCB,13,45,20,656.00,"13,120.00"
2020-09-13,2020091301039457,SCB,13,39,79,652.00,"51,508.00"
2020-09-13,2020091301039456,SCB,58,39,48,654.00,"31,392.00"
2020-09-13,2020091301039455,SCB,44,39,80,654.00,"52,320.00"
2020-09-13,2020091301039454,SCB,56,39,500,655.00,"327,500.00"
2020-09-13,2020091301039453,SCB,35,39,13,655.00,"8,515.00"
2020-09-13,2020091301039424,SDLBSL,41,56,100,884.00,"88,400.00"
2020-09-13,2020091301039407,SDLBSL,25,56,100,889.00,"88,900.00"
2020-09-13,2020091301039465,SHINE,17,19,100,238.00,"23,800.00"
2020-09-13,2020091301039350,SHINE,52,19,200,238.00,"47,600.00"
2020-09-13,2020091301039349,SHINE,13,19,100,238.00,"23,800.00"
2020-09-13,2020091301039348,SHINE,11,19,500,238.00,"119,000.00"
2020-09-13,2020091301039347,SHINE,58,19,40,238.00,"9,520.00"
2020-09-13,2020091301039346,SHINE,49,19,300,238.00,"71,400.00"
2020-09-13,2020091301039721,SHIVM,14,7,"1,000",742.00,"742,000.00"
2020-09-13,2020091301039720,SHIVM,45,7,200,742.00,"148,400.00"
2020-09-13,2020091301039719,SHIVM,47,7,100,742.00,"74,200.00"
2020-09-13,2020091301039718,SHIVM,32,7,200,743.00,"148,600.00"
2020-09-13,2020091301039706,SHIVM,19,57,170,744.00,"126,480.00"
2020-09-13,2020091301039688,SHIVM,48,16,100,743.00,"74,300.00"
2020-09-13,2020091301039501,SHIVM,34,22,260,743.00,"193,180.00"
2020-09-13,2020091301039475,SHIVM,34,25,500,743.00,"371,500.00"
2020-09-13,2020091301039409,SHIVM,34,22,140,743.00,"104,020.00"
2020-09-13,2020091301039376,SHIVM,34,21,100,743.00,"74,300.00"
2020-09-13,2020091301039375,SHIVM,41,21,100,743.00,"74,300.00"
2020-09-13,2020091301039374,SHIVM,16,21,100,743.00,"74,300.00"
2020-09-13,2020091301039626,SHIVM,48,57,300,744.00,"223,200.00"
2020-09-13,2020091301039625,SHIVM,48,32,320,744.00,"238,080.00"
2020-09-13,2020091301039624,SHIVM,48,22,880,743.00,"653,840.00"
2020-09-13,2020091301039533,SHIVM,7,22,50,743.00,"37,150.00"
2020-09-13,2020091301039502,SHIVM,34,22,80,743.00,"59,440.00"
2020-09-13,2020091301039473,SHL,53,51,117,164.00,"19,188.00"
2020-09-13,2020091301039472,SHL,53,57,183,163.00,"29,829.00"
2020-09-13,2020091301039691,SHPC,38,13,50,283.00,"14,150.00"
2020-09-13,2020091301039530,SHPC,45,13,80,283.00,"22,640.00"
2020-09-13,2020091301039529,SHPC,14,13,63,283.00,"17,829.00"
2020-09-13,2020091301039731,SIC,38,32,20,979.00,"19,580.00"
2020-09-13,2020091301039730,SIC,38,6,50,978.00,"48,900.00"
2020-09-13,2020091301039484,SIC,45,3,20,976.00,"19,520.00"
2020-09-13,2020091301039483,SIC,41,3,100,977.00,"97,700.00"
2020-09-13,2020091301039482,SIC,36,3,180,977.00,"175,860.00"
2020-09-13,2020091301039807,SICL,4,28,288,"1,407.00","405,216.00"
2020-09-13,2020091301039806,SICL,4,49,100,"1,405.00","140,500.00"
2020-09-13,2020091301039805,SICL,4,38,125,"1,405.00","175,625.00"
2020-09-13,2020091301039804,SICL,4,58,20,"1,405.00","28,100.00"
2020-09-13,2020091301039803,SICL,4,43,17,"1,405.00","23,885.00"
2020-09-13,2020091301039802,SICL,4,53,20,"1,405.00","28,100.00"
2020-09-13,2020091301039764,SICL,17,28,20,"1,393.00","27,860.00"
2020-09-13,2020091301039789,SICL,4,58,50,"1,401.00","70,050.00"
2020-09-13,2020091301039788,SICL,4,34,190,"1,401.00","266,190.00"
2020-09-13,2020091301039787,SICL,4,36,100,"1,400.00","140,000.00"
2020-09-13,2020091301039786,SICL,4,46,500,"1,400.00","700,000.00"
2020-09-13,2020091301039785,SICL,4,36,"1,000","1,400.00","1,400,000.00"
2020-09-13,2020091301039784,SICL,4,13,30,"1,400.00","42,000.00"
2020-09-13,2020091301039795,SICL,4,6,400,"1,404.00","561,600.00"
2020-09-13,2020091301039794,SICL,4,47,156,"1,403.00","218,868.00"
2020-09-13,2020091301039793,SICL,4,1,200,"1,403.00","280,600.00"
2020-09-13,2020091301039792,SICL,4,53,912,"1,402.00","1,278,620.00"
2020-09-13,2020091301039791,SICL,4,54,52,"1,401.00","72,852.00"
2020-09-13,2020091301039790,SICL,4,41,40,"1,401.00","56,040.00"
2020-09-13,2020091301039801,SICL,4,29,60,"1,405.00","84,300.00"
2020-09-13,2020091301039800,SICL,4,59,65,"1,405.00","91,325.00"
2020-09-13,2020091301039799,SICL,4,34,25,"1,405.00","35,125.00"
2020-09-13,2020091301039798,SICL,4,20,100,"1,405.00","140,500.00"
2020-09-13,2020091301039797,SICL,4,39,500,"1,405.00","702,500.00"
2020-09-13,2020091301039796,SICL,4,58,50,"1,404.00","70,200.00"
2020-09-13,2020091301039705,SIL,32,55,100,803.00,"80,300.00"
2020-09-13,2020091301039670,SIL,38,55,18,803.00,"14,454.00"
2020-09-13,2020091301039646,SIL,38,55,500,802.00,"401,000.00"
2020-09-13,2020091301039645,SIL,38,46,20,801.00,"16,020.00"
2020-09-13,2020091301039644,SIL,38,42,50,800.00,"40,000.00"
2020-09-13,2020091301039643,SIL,38,39,150,799.00,"119,850.00"
2020-09-13,2020091301039642,SIL,38,25,200,799.00,"159,800.00"
2020-09-13,2020091301039641,SIL,38,17,12,799.00,"9,588.00"
2020-09-13,2020091301039640,SIL,38,46,50,799.00,"39,950.00"
2020-09-13,2020091301039783,SJCL,48,45,20,158.00,"3,160.00"
2020-09-13,2020091301039474,SJCL,48,22,40,158.00,"6,320.00"
2020-09-13,2020091301039345,SJCL,48,21,60,158.00,"9,480.00"
2020-09-13,2020091301039811,SKBBL,49,53,50,"1,390.00","69,500.00"
2020-09-13,2020091301039525,SKBBL,19,57,100,"1,394.00","139,400.00"
2020-09-13,2020091301039432,SLBBL,16,36,100,901.00,"90,100.00"
2020-09-13,2020091301039427,SLBBL,45,47,100,898.00,"89,800.00"
2020-09-13,2020091301039775,SLICL,19,18,48,642.00,"30,816.00"
2020-09-13,2020091301039523,SLICL,6,56,400,641.00,"256,400.00"
2020-09-13,2020091301039522,SLICL,7,56,500,642.00,"321,000.00"
2020-09-13,2020091301039521,SLICL,46,56,500,642.00,"321,000.00"
2020-09-13,2020091301039520,SLICL,40,56,200,642.00,"128,400.00"
2020-09-13,2020091301039519,SLICL,6,56,"1,000",642.00,"642,000.00"
2020-09-13,2020091301039518,SLICL,19,56,100,642.00,"64,200.00"
2020-09-13,2020091301039517,SLICL,25,56,200,642.00,"128,400.00"
2020-09-13,2020091301039516,SLICL,1,56,50,643.00,"32,150.00"
2020-09-13,2020091301039515,SLICL,18,56,50,643.00,"32,150.00"
2020-09-13,2020091301039373,SLICL,34,1,66,645.00,"42,570.00"
2020-09-13,2020091301039372,SLICL,34,47,87,645.00,"56,115.00"
2020-09-13,2020091301039771,SPDL,34,43,10,141.00,"1,410.00"
2020-09-13,2020091301039736,SPDL,34,25,15,140.00,"2,100.00"
2020-09-13,2020091301039745,SRBL,49,38,85,228.00,"19,380.00"
2020-09-13,2020091301039744,SRBL,56,38,79,228.00,"18,012.00"
2020-09-13,2020091301039692,SRBL,45,50,10,229.00,"2,290.00"
2020-09-13,2020091301039489,TMDBL,48,6,"1,000",173.00,"173,000.00"
2020-09-13,2020091301039488,TMDBL,14,6,500,173.00,"86,500.00"
2020-09-13,2020091301039487,TMDBL,16,6,85,173.00,"14,705.00"
2020-09-13,2020091301039486,TMDBL,57,6,105,174.00,"18,270.00"
2020-09-13,2020091301039433,TMDBL,16,57,250,175.00,"43,750.00"
2020-09-13,2020091301039781,TRH,19,54,150,226.00,"33,900.00"
2020-09-13,2020091301039681,UIC,22,43,16,467.00,"7,472.00"
2020-09-13,2020091301039680,UIC,42,43,182,467.00,"84,994.00"
2020-09-13,2020091301039679,UIC,45,43,10,468.00,"4,680.00"
2020-09-13,2020091301039678,UIC,13,43,100,468.00,"46,800.00"
2020-09-13,2020091301039677,UIC,22,43,100,468.00,"46,800.00"
2020-09-13,2020091301039676,UIC,45,43,50,468.00,"23,400.00"
2020-09-13,2020091301039368,UIC,16,47,64,470.00,"30,080.00"
2020-09-13,2020091301039675,UIC,38,43,10,468.00,"4,680.00"
2020-09-13,2020091301039674,UIC,35,43,32,468.00,"14,976.00"
2020-09-13,2020091301039380,UIC,35,41,68,468.00,"31,824.00"
2020-09-13,2020091301039379,UIC,34,41,85,469.00,"39,865.00"
2020-09-13,2020091301039378,UIC,29,41,197,469.00,"92,393.00"
2020-09-13,2020091301039369,UIC,16,33,36,470.00,"16,920.00"
2020-09-13,2020091301039666,UPCL,1,56,"1,000",98.00,"98,000.00"
2020-09-13,2020091301039428,UPPER,58,19,40,254.00,"10,160.00"
2020-09-13,2020091301039657,VLBS,11,54,50,952.00,"47,600.00"
2020-09-13,2020091301039296,AIL,42,21,10,533.00,"5,330.00"
2020-09-13,2020091301039198,AIL,45,58,10,534.00,"5,340.00"
2020-09-13,2020091301039113,AIL,42,56,10,533.00,"5,330.00"
2020-09-13,2020091301039090,AIL,42,17,10,533.00,"5,330.00"
2020-09-13,2020091301039004,AIL,42,38,10,533.00,"5,330.00"
2020-09-13,2020091301038894,AIL,42,56,10,533.00,"5,330.00"
2020-09-13,2020091301038835,AIL,42,56,10,533.00,"5,330.00"
2020-09-13,2020091301039305,AKPL,45,59,90,174.00,"15,660.00"
2020-09-13,2020091301039169,AKPL,45,57,"2,947",174.00,"512,778.00"
2020-09-13,2020091301039134,AKPL,45,1,100,174.00,"17,400.00"
2020-09-13,2020091301039129,AKPL,32,58,"10,000",175.00,"1,750,000.00"
2020-09-13,2020091301039100,AKPL,45,13,150,174.00,"26,100.00"
2020-09-13,2020091301038997,AKPL,45,1,100,174.00,"17,400.00"
2020-09-13,2020091301038948,AKPL,18,58,500,175.00,"87,500.00"
2020-09-13,2020091301038947,AKPL,19,58,"1,000",175.00,"175,000.00"
2020-09-13,2020091301038946,AKPL,41,58,936,175.00,"163,800.00"
2020-09-13,2020091301038849,ALBSL,35,43,150,899.00,"134,850.00"
2020-09-13,2020091301038848,ALBSL,13,43,588,900.00,"529,200.00"
2020-09-13,2020091301038852,ALBSL,37,43,500,898.00,"449,000.00"
2020-09-13,2020091301038851,ALBSL,42,43,100,899.00,"89,900.00"
2020-09-13,2020091301038850,ALBSL,17,43,300,899.00,"269,700.00"
2020-09-13,2020091301039281,ALICL,36,32,25,778.00,"19,450.00"
2020-09-13,2020091301039280,ALICL,36,8,500,778.00,"389,000.00"
2020-09-13,2020091301039279,ALICL,36,56,100,778.00,"77,800.00"
2020-09-13,2020091301039278,ALICL,36,25,50,778.00,"38,900.00"
2020-09-13,2020091301039277,ALICL,36,55,500,778.00,"389,000.00"
2020-09-13,2020091301039276,ALICL,36,7,30,778.00,"23,340.00"
2020-09-13,2020091301038908,ALICL,25,7,50,778.00,"38,900.00"
2020-09-13,2020091301038881,ALICL,5,28,83,777.00,"64,491.00"
2020-09-13,2020091301038880,ALICL,5,18,200,777.00,"155,400.00"
2020-09-13,2020091301038879,ALICL,5,29,50,777.00,"38,850.00"
2020-09-13,2020091301038878,ALICL,5,19,36,776.00,"27,936.00"
2020-09-13,2020091301039050,API,50,20,107,136.00,"14,552.00"
2020-09-13,2020091301038857,BARUN,34,38,"1,040",107.00,"111,280.00"
2020-09-13,2020091301038856,BARUN,14,38,160,107.00,"17,120.00"
2020-09-13,2020091301038855,BARUN,16,38,500,107.00,"53,500.00"
2020-09-13,2020091301038854,BARUN,48,38,300,107.00,"32,100.00"
2020-09-13,2020091301038991,BOKL,41,7,39,238.00,"9,282.00"
2020-09-13,2020091301038990,BOKL,41,11,100,238.00,"23,800.00"
2020-09-13,2020091301038989,BOKL,41,16,61,238.00,"14,518.00"
2020-09-13,2020091301038898,BOKL,25,17,150,237.00,"35,550.00"
2020-09-13,2020091301038893,BPCL,46,34,14,390.00,"5,460.00"
2020-09-13,2020091301039200,CBL,36,29,10,146.00,"1,460.00"
2020-09-13,2020091301039062,CCBL,58,36,500,172.00,"86,000.00"
2020-09-13,2020091301039047,CCBL,10,16,30,173.00,"5,190.00"
2020-09-13,2020091301038996,CCBL,7,16,461,173.00,"79,753.00"
2020-09-13,2020091301038995,CCBL,7,35,20,173.00,"3,460.00"
2020-09-13,2020091301038994,CCBL,7,25,200,173.00,"34,600.00"
2020-09-13,2020091301038993,CCBL,7,42,100,173.00,"17,300.00"
2020-09-13,2020091301038992,CCBL,7,22,"1,219",173.00,"210,887.00"
2020-09-13,2020091301039195,CHCL,22,39,20,488.00,"9,760.00"
2020-09-13,2020091301039194,CHCL,22,57,50,485.00,"24,250.00"
2020-09-13,2020091301039167,CHCL,47,57,50,485.00,"24,250.00"
2020-09-13,2020091301039166,CHCL,47,21,200,485.00,"97,000.00"
2020-09-13,2020091301039165,CHCL,47,8,200,485.00,"97,000.00"
2020-09-13,2020091301039164,CHCL,47,13,50,484.00,"24,200.00"
2020-09-13,2020091301038830,CHCL,17,35,49,482.00,"23,618.00"
2020-09-13,2020091301038829,CHCL,17,1,200,482.00,"96,400.00"
2020-09-13,2020091301038828,CHCL,17,17,51,482.00,"24,582.00"
2020-09-13,2020091301038827,CHCL,17,48,200,482.00,"96,400.00"
2020-09-13,2020091301039272,CIT,42,10,30,"3,390.00","101,700.00"
2020-09-13,2020091301039271,CIT,21,10,10,"3,390.00","33,900.00"
2020-09-13,2020091301039270,CIT,16,10,200,"3,390.00","678,000.00"
2020-09-13,2020091301039269,CIT,48,10,30,"3,391.00","101,730.00"
2020-09-13,2020091301039268,CIT,1,10,10,"3,391.00","33,910.00"
2020-09-13,2020091301039267,CIT,48,10,10,"3,400.00","34,000.00"
2020-09-13,2020091301038931,CIT,26,10,35,"3,416.00","119,560.00"
2020-09-13,2020091301038924,CIT,1,49,10,"3,417.00","34,170.00"
2020-09-13,2020091301038824,CIT,25,49,10,"3,417.00","34,170.00"
2020-09-13,2020091301039005,CIT,47,49,20,"3,417.00","68,340.00"
2020-09-13,2020091301038963,CIT,38,49,20,"3,417.00","68,340.00"
2020-09-13,2020091301038935,CIT,41,10,50,"3,405.00","170,250.00"
2020-09-13,2020091301038934,CIT,21,10,10,"3,409.00","34,090.00"
2020-09-13,2020091301038933,CIT,14,10,10,"3,409.00","34,090.00"
2020-09-13,2020091301038932,CIT,55,10,30,"3,410.00","102,300.00"
2020-09-13,2020091301039071,CIT,38,10,102,"3,400.00","346,800.00"
2020-09-13,2020091301039070,CIT,3,10,50,"3,401.00","170,050.00"
2020-09-13,2020091301039069,CIT,34,10,10,"3,401.00","34,010.00"
2020-09-13,2020091301039068,CIT,37,10,200,"3,402.00","680,400.00"
2020-09-13,2020091301039067,CIT,38,10,11,"3,402.00","37,422.00"
2020-09-13,2020091301039066,CIT,34,10,10,"3,403.00","34,030.00"
2020-09-13,2020091301039077,CIT,41,10,16,"3,400.00","54,400.00"
2020-09-13,2020091301039076,CIT,50,10,10,"3,400.00","34,000.00"
2020-09-13,2020091301039075,CIT,38,10,50,"3,400.00","170,000.00"
2020-09-13,2020091301039074,CIT,48,10,20,"3,400.00","68,000.00"
2020-09-13,2020091301039073,CIT,6,10,10,"3,400.00","34,000.00"
2020-09-13,2020091301039072,CIT,58,10,10,"3,400.00","34,000.00"
2020-09-13,2020091301039203,CIT,32,10,60,"3,391.00","203,460.00"
2020-09-13,2020091301039181,CIT,40,10,330,"3,391.00","1,119,030.00"
2020-09-13,2020091301039180,CIT,35,10,200,"3,395.00","679,000.00"
2020-09-13,2020091301039179,CIT,41,10,100,"3,395.00","339,500.00"
2020-09-13,2020091301039178,CIT,43,10,20,"3,399.00","67,980.00"
2020-09-13,2020091301039177,CIT,45,10,50,"3,402.00","170,100.00"
2020-09-13,2020091301039108,CLBSL,48,4,30,740.00,"22,200.00"
2020-09-13,2020091301039065,CLBSL,48,56,20,740.00,"14,800.00"
2020-09-13,2020091301039301,CZBIL,34,22,10,196.00,"1,960.00"
2020-09-13,2020091301039300,CZBIL,34,42,90,195.00,"17,550.00"
2020-09-13,2020091301039103,CZBIL,58,41,10,194.00,"1,940.00"
2020-09-13,2020091301038897,DDBL,36,48,27,891.00,"24,057.00"
2020-09-13,2020091301039247,EBL,45,19,100,733.00,"73,300.00"
2020-09-13,2020091301039223,EBL,45,52,50,733.00,"36,650.00"
2020-09-13,2020091301039222,EBL,45,22,11,733.00,"8,063.00"
2020-09-13,2020091301038884,EBL,16,22,489,733.00,"358,437.00"
2020-09-13,2020091301038883,EBL,16,35,11,733.00,"8,063.00"
2020-09-13,2020091301039311,EIC,14,41,23,583.00,"13,409.00"
2020-09-13,2020091301039310,EIC,56,41,25,583.00,"14,575.00"
2020-09-13,2020091301039309,EIC,6,41,10,583.00,"5,830.00"
2020-09-13,2020091301039308,EIC,52,41,50,583.00,"29,150.00"
2020-09-13,2020091301039307,EIC,40,41,42,583.00,"24,486.00"
2020-09-13,2020091301039175,EIC,40,36,528,583.00,"307,824.00"
2020-09-13,2020091301039170,EIC,40,45,100,583.00,"58,300.00"
2020-09-13,2020091301038943,EIC,52,45,50,584.00,"29,200.00"
2020-09-13,2020091301038930,EIC,1,45,76,584.00,"44,384.00"
2020-09-13,2020091301038929,EIC,1,44,24,584.00,"14,016.00"
2020-09-13,2020091301038905,EIC,38,44,100,584.00,"58,400.00"
2020-09-13,2020091301038859,EIC,57,44,100,584.00,"58,400.00"
2020-09-13,2020091301039291,FMDBL,45,47,10,610.00,"6,100.00"
2020-09-13,2020091301039028,FMDBL,50,56,365,608.00,"221,920.00"
2020-09-13,2020091301038875,FMDBL,50,48,30,608.00,"18,240.00"
2020-09-13,2020091301038874,FMDBL,26,48,100,608.00,"60,800.00"
2020-09-13,2020091301038873,FMDBL,22,48,60,608.00,"36,480.00"
2020-09-13,2020091301038872,FMDBL,56,48,12,608.00,"7,296.00"
2020-09-13,2020091301039132,GBBL,47,32,80,236.00,"18,880.00"
2020-09-13,2020091301038954,GBBL,39,32,"1,920",236.00,"453,120.00"
2020-09-13,2020091301038953,GBBL,39,34,"1,080",236.00,"254,880.00"
2020-09-13,2020091301039153,GBIME,45,51,112,263.00,"29,456.00"
2020-09-13,2020091301039043,GBIME,45,51,50,263.00,"13,150.00"
2020-09-13,2020091301038987,GBIME,11,13,73,262.00,"19,126.00"
2020-09-13,2020091301038986,GBIME,21,13,50,262.00,"13,100.00"
2020-09-13,2020091301038985,GBIME,45,13,200,262.00,"52,400.00"
2020-09-13,2020091301038984,GBIME,42,13,15,262.00,"3,930.00"
2020-09-13,2020091301038983,GBIME,26,13,77,262.00,"20,174.00"
2020-09-13,2020091301038819,GBIME,5,51,50,263.00,"13,150.00"
2020-09-13,2020091301039182,GBLBS,14,47,15,570.00,"8,550.00"
2020-09-13,2020091301039275,GLICL,1,5,60,660.00,"39,600.00"
2020-09-13,2020091301039260,GLICL,22,5,20,660.00,"13,200.00"
2020-09-13,2020091301039221,GLICL,17,5,100,660.00,"66,000.00"
2020-09-13,2020091301039163,GLICL,34,5,100,660.00,"66,000.00"
2020-09-13,2020091301039116,GLICL,39,5,198,660.00,"130,680.00"
2020-09-13,2020091301039115,GLICL,39,36,50,660.00,"33,000.00"
2020-09-13,2020091301038921,GLICL,25,29,50,660.00,"33,000.00"
2020-09-13,2020091301038920,GLICL,25,58,10,660.00,"6,600.00"
2020-09-13,2020091301038832,GLICL,25,58,200,660.00,"132,000.00"
2020-09-13,2020091301039054,GLICL,28,51,10,660.00,"6,600.00"
2020-09-13,2020091301039053,GLICL,28,35,20,660.00,"13,200.00"
2020-09-13,2020091301039021,GLICL,29,38,20,659.00,"13,180.00"
2020-09-13,2020091301038940,GLICL,29,11,140,659.00,"92,260.00"
2020-09-13,2020091301038939,GLICL,34,11,60,659.00,"39,540.00"
2020-09-13,2020091301038922,GLICL,25,35,80,660.00,"52,800.00"
2020-09-13,2020091301039114,GLICL,39,41,92,660.00,"60,720.00"
2020-09-13,2020091301039059,GLICL,28,41,208,660.00,"137,280.00"
2020-09-13,2020091301039058,GLICL,28,55,100,660.00,"66,000.00"
2020-09-13,2020091301039057,GLICL,28,36,40,660.00,"26,400.00"
2020-09-13,2020091301039056,GLICL,28,22,100,660.00,"66,000.00"
2020-09-13,2020091301039055,GLICL,28,25,50,660.00,"33,000.00"
2020-09-13,2020091301039123,HBL,34,45,50,548.00,"27,400.00"
2020-09-13,2020091301039122,HBL,34,49,51,548.00,"27,948.00"
2020-09-13,2020091301039290,HDL,47,35,15,"1,845.00","27,675.00"
2020-09-13,2020091301039142,HGI,6,41,10,518.00,"5,180.00"
2020-09-13,2020091301038974,HGI,6,38,50,518.00,"25,900.00"
2020-09-13,2020091301038973,HGI,39,38,50,519.00,"25,950.00"
2020-09-13,2020091301038858,HGI,38,34,30,520.00,"15,600.00"
2020-09-13,2020091301039252,HIDCL,6,41,700,148.00,"103,600.00"
2020-09-13,2020091301039249,HURJA,37,17,50,108.00,"5,400.00"
2020-09-13,2020091301039051,HURJA,40,17,440,114.00,"50,160.00"
2020-09-13,2020091301039297,IGI,45,39,146,584.00,"85,264.00"
2020-09-13,2020091301039049,IGI,52,39,50,584.00,"29,200.00"
2020-09-13,2020091301038970,IGI,41,41,200,585.00,"117,000.00"
2020-09-13,2020091301038925,IGI,52,38,100,584.00,"58,400.00"
2020-09-13,2020091301038844,ILBS,11,25,89,854.00,"76,006.00"
2020-09-13,2020091301039237,JBBL,48,53,500,171.00,"85,500.00"
2020-09-13,2020091301039236,JBBL,48,46,500,171.00,"85,500.00"
2020-09-13,2020091301039235,JBBL,48,25,200,171.00,"34,200.00"
2020-09-13,2020091301039234,JBBL,48,49,58,171.00,"9,918.00"
2020-09-13,2020091301039233,JBBL,48,25,677,171.00,"115,767.00"
2020-09-13,2020091301039232,JBBL,48,19,500,171.00,"85,500.00"
2020-09-13,2020091301038831,JBBL,57,58,30,171.00,"5,130.00"
2020-09-13,2020091301039231,JBBL,48,58,960,171.00,"164,160.00"
2020-09-13,2020091301039230,JBBL,48,45,137,170.00,"23,290.00"
2020-09-13,2020091301039173,JBBL,52,45,181,170.00,"30,770.00"
2020-09-13,2020091301039172,JBBL,52,14,19,170.00,"3,230.00"
2020-09-13,2020091301038952,JBBL,51,14,50,170.00,"8,500.00"
2020-09-13,2020091301038951,JBBL,19,14,31,170.00,"5,270.00"
2020-09-13,2020091301038941,JOSHI,57,47,20,88.00,"1,760.00"
2020-09-13,2020091301038957,JSLBB,21,38,32,"1,404.00","44,928.00"
2020-09-13,2020091301039299,KBL,32,57,220,187.00,"41,140.00"
2020-09-13,2020091301039298,KBL,32,33,"1,600",187.00,"299,200.00"
2020-09-13,2020091301039283,KBL,56,33,"1,000",187.00,"187,000.00"
2020-09-13,2020091301039282,KBL,58,21,842,186.00,"156,612.00"
2020-09-13,2020091301038975,KBL,58,52,11,186.00,"2,046.00"
2020-09-13,2020091301038960,KBL,58,10,11,186.00,"2,046.00"
2020-09-13,2020091301038923,KBL,57,52,30,187.00,"5,610.00"
2020-09-13,2020091301038907,KMCDB,1,16,210,775.00,"162,750.00"
2020-09-13,2020091301038826,KMCDB,1,16,290,775.00,"224,750.00"
2020-09-13,2020091301039174,KPCL,59,45,10,123.00,"1,230.00"
2020-09-13,2020091301039124,KPCL,59,47,10,123.00,"1,230.00"
2020-09-13,2020091301038901,LBBL,38,14,39,181.00,"7,059.00"
2020-09-13,2020091301038900,LBBL,13,14,30,181.00,"5,430.00"
2020-09-13,2020091301038899,LBBL,52,14,31,181.00,"5,611.00"
2020-09-13,2020091301039248,LGIL,11,41,100,566.00,"56,600.00"
2020-09-13,2020091301039245,LGIL,32,53,350,567.00,"198,450.00"
2020-09-13,2020091301039157,LGIL,11,43,46,566.00,"26,036.00"
2020-09-13,2020091301039013,LGIL,52,41,15,564.00,"8,460.00"
2020-09-13,2020091301039208,LICN,45,16,50,"1,560.00","78,000.00"
2020-09-13,2020091301039125,LICN,43,54,110,"1,560.00","171,600.00"
2020-09-13,2020091301038911,LICN,43,54,90,"1,560.00","140,400.00"
2020-09-13,2020091301038843,LICN,43,26,100,"1,560.00","156,000.00"
2020-09-13,2020091301038842,LICN,43,34,10,"1,560.00","15,600.00"
2020-09-13,2020091301038841,LICN,43,34,500,"1,560.00","780,000.00"
2020-09-13,2020091301038840,LICN,43,22,100,"1,560.00","156,000.00"
2020-09-13,2020091301038839,LICN,43,50,400,"1,560.00","624,000.00"
2020-09-13,2020091301039303,LLBS,56,16,20,"1,145.00","22,900.00"
2020-09-13,2020091301039226,MDB,54,45,100,365.00,"36,500.00"
2020-09-13,2020091301039202,MDB,54,22,15,362.00,"5,430.00"
2020-09-13,2020091301039201,MDB,54,57,281,362.00,"101,722.00"
2020-09-13,2020091301039139,MDB,54,52,50,361.00,"18,050.00"
2020-09-13,2020091301039138,MDB,54,26,50,361.00,"18,050.00"
2020-09-13,2020091301039137,MDB,54,14,20,361.00,"7,220.00"
2020-09-13,2020091301039079,MDB,32,54,168,360.00,"60,480.00"
2020-09-13,2020091301039078,MDB,21,54,82,360.00,"29,520.00"
2020-09-13,2020091301039212,MEGA,44,8,100,219.00,"21,900.00"
2020-09-13,2020091301039211,MEGA,25,8,290,219.00,"63,510.00"
2020-09-13,2020091301039210,MEGA,34,8,"2,000",219.00,"438,000.00"
2020-09-13,2020091301039209,MEGA,19,8,174,219.00,"38,106.00"
2020-09-13,2020091301039027,MEGA,19,10,11,219.00,"2,409.00"
2020-09-13,2020091301038853,MERO,11,38,115,752.00,"86,480.00"
2020-09-13,2020091301038980,MFIL,55,14,"1,000",300.00,"300,000.00"
2020-09-13,2020091301039250,MHNL,29,47,40,96.00,"3,840.00"
2020-09-13,2020091301038815,MHNL,29,57,30,96.00,"2,880.00"
2020-09-13,2020091301038890,MNBBL,26,4,25,329.00,"8,225.00"
2020-09-13,2020091301039038,MSMBS,26,38,11,730.00,"8,030.00"
2020-09-13,2020091301038972,MSMBS,26,41,22,730.00,"16,060.00"
2020-09-13,2020091301038971,MSMBS,13,41,28,731.00,"20,468.00"
2020-09-13,2020091301039061,NBB,17,38,326,199.00,"64,874.00"
2020-09-13,2020091301038964,NBB,17,57,200,199.00,"39,800.00"
2020-09-13,2020091301038834,NBB,17,52,118,199.00,"23,482.00"
2020-09-13,2020091301038833,NBB,3,52,82,199.00,"16,318.00"
2020-09-13,2020091301039265,NBL,58,57,115,304.00,"34,960.00"
2020-09-13,2020091301039229,NBL,19,13,100,305.00,"30,500.00"
2020-09-13,2020091301039171,NBL,36,13,100,305.00,"30,500.00"
2020-09-13,2020091301039128,NBL,16,13,350,305.00,"106,750.00"
2020-09-13,2020091301039127,NBL,16,17,650,305.00,"198,250.00"
2020-09-13,2020091301038945,NBL,8,13,20,305.00,"6,100.00"
2020-09-13,2020091301039314,NCCB,58,45,50,200.00,"10,000.00"
2020-09-13,2020091301039253,NCCB,58,19,697,200.00,"139,400.00"
2020-09-13,2020091301039135,NCCB,58,45,250,200.00,"50,000.00"
2020-09-13,2020091301038988,NCCB,58,57,133,200.00,"26,600.00"
2020-09-13,2020091301038959,NCCB,58,53,180,200.00,"36,000.00"
2020-09-13,2020091301038956,NCCB,58,41,20,200.00,"4,000.00"
2020-09-13,2020091301038955,NCCB,58,57,275,200.00,"55,000.00"
2020-09-13,2020091301038847,NCCB,28,57,30,200.00,"6,000.00"
2020-09-13,2020091301038877,NEF,6,33,966,8.62,"8,326.92"
2020-09-13,2020091301039064,NGPL,14,44,"2,194",137.00,"300,578.00"
2020-09-13,2020091301038938,NGPL,1,44,50,137.00,"6,850.00"
2020-09-13,2020091301039263,NIB,57,34,49,418.00,"20,482.00"
2020-09-13,2020091301039224,NIB,34,50,100,419.00,"41,900.00"
2020-09-13,2020091301039289,NICA,17,14,100,586.00,"58,600.00"
2020-09-13,2020091301039288,NICA,17,57,113,586.00,"66,218.00"
2020-09-13,2020091301039287,NICA,17,49,128,586.00,"75,008.00"
2020-09-13,2020091301039259,NICA,36,49,177,586.00,"103,722.00"
2020-09-13,2020091301039258,NICA,36,45,182,586.00,"106,652.00"
2020-09-13,2020091301039039,NICA,32,10,200,585.00,"117,000.00"
2020-09-13,2020091301039264,NICL,45,7,200,585.00,"117,000.00"
2020-09-13,2020091301039152,NICL,17,7,142,585.00,"83,070.00"
2020-09-13,2020091301039151,NICL,17,40,38,585.00,"22,230.00"
2020-09-13,2020091301039150,NICL,17,36,20,585.00,"11,700.00"
2020-09-13,2020091301039118,NICL,17,36,50,585.00,"29,250.00"
2020-09-13,2020091301039117,NICL,17,5,150,585.00,"87,750.00"
2020-09-13,2020091301039063,NICL,14,5,200,585.00,"117,000.00"
2020-09-13,2020091301038981,NICL,10,38,23,584.00,"13,432.00"
2020-09-13,2020091301039189,NIL,36,36,10,840.00,"8,400.00"
2020-09-13,2020091301039120,NIL,55,36,10,840.00,"8,400.00"
2020-09-13,2020091301038942,NIL,14,47,10,844.00,"8,440.00"
2020-09-13,2020091301039251,NLBBL,33,8,100,807.00,"80,700.00"
2020-09-13,2020091301038896,NLG,21,44,50,788.00,"39,400.00"
2020-09-13,2020091301039302,NLIC,45,57,10,"1,422.00","14,220.00"
2020-09-13,2020091301039240,NLIC,16,14,60,"1,423.00","85,380.00"
2020-09-13,2020091301039239,NLIC,16,17,20,"1,423.00","28,460.00"
2020-09-13,2020091301039238,NLIC,16,8,20,"1,423.00","28,460.00"
2020-09-13,2020091301039199,NLIC,10,8,20,"1,423.00","28,460.00"
2020-09-13,2020091301039149,NLIC,45,8,160,"1,423.00","227,680.00"
2020-09-13,2020091301038969,NLIC,57,1,100,"1,420.00","142,000.00"
2020-09-13,2020091301038968,NLIC,50,1,100,"1,420.00","142,000.00"
2020-09-13,2020091301038967,NLIC,39,1,500,"1,420.00","710,000.00"
2020-09-13,2020091301038966,NLIC,42,1,300,"1,420.00","426,000.00"
2020-09-13,2020091301038928,NLIC,20,14,50,"1,421.00","71,050.00"
2020-09-13,2020091301038818,NLIC,33,40,20,"1,422.00","28,440.00"
2020-09-13,2020091301039087,NLIC,45,6,10,"1,422.00","14,220.00"
2020-09-13,2020091301039086,NLIC,45,51,120,"1,422.00","170,640.00"
2020-09-13,2020091301039085,NLIC,45,40,70,"1,422.00","99,540.00"
2020-09-13,2020091301039084,NLIC,45,14,50,"1,421.00","71,050.00"
2020-09-13,2020091301039026,NLIC,29,45,50,"1,420.00","71,000.00"
2020-09-13,2020091301039012,NLIC,29,11,100,"1,420.00","142,000.00"
2020-09-13,2020091301039148,NLIC,45,42,30,"1,423.00","42,690.00"
2020-09-13,2020091301039147,NLIC,45,26,100,"1,423.00","142,300.00"
2020-09-13,2020091301039146,NLIC,45,42,10,"1,423.00","14,230.00"
2020-09-13,2020091301039141,NLIC,45,11,10,"1,422.00","14,220.00"
2020-09-13,2020091301039089,NLIC,45,32,20,"1,422.00","28,440.00"
2020-09-13,2020091301039088,NLIC,45,39,22,"1,422.00","31,284.00"
2020-09-13,2020091301039131,NLICL,52,54,200,803.00,"160,600.00"
2020-09-13,2020091301039083,NLICL,46,39,21,802.00,"16,842.00"
2020-09-13,2020091301039082,NLICL,44,39,200,802.00,"160,400.00"
2020-09-13,2020091301039081,NLICL,29,39,100,802.00,"80,200.00"
2020-09-13,2020091301039080,NLICL,5,39,71,802.00,"56,942.00"
2020-09-13,2020091301039042,NLICL,46,54,100,803.00,"80,300.00"
2020-09-13,2020091301039304,NMB,53,41,30,421.00,"12,630.00"
2020-09-13,2020091301039048,NMB,4,26,50,422.00,"21,100.00"
2020-09-13,2020091301038876,NMB,44,22,45,422.00,"18,990.00"
2020-09-13,2020091301038823,NMB,29,50,193,420.00,"81,060.00"
2020-09-13,2020091301038822,NMB,49,50,447,420.00,"187,740.00"
2020-09-13,2020091301038821,NMB,58,50,360,421.00,"151,560.00"
2020-09-13,2020091301039190,NMBMF,44,8,100,838.00,"83,800.00"
2020-09-13,2020091301038817,NMBMF,44,29,250,838.00,"209,500.00"
2020-09-13,2020091301038816,NMBMF,44,29,50,838.00,"41,900.00"
2020-09-13,2020091301039295,NRIC,48,32,70,898.00,"62,860.00"
2020-09-13,2020091301039294,NRIC,59,32,50,898.00,"44,900.00"
2020-09-13,2020091301039293,NRIC,7,32,480,898.00,"431,040.00"
2020-09-13,2020091301039292,NRIC,54,32,100,898.00,"89,800.00"
2020-09-13,2020091301039244,NRIC,7,46,20,898.00,"17,960.00"
2020-09-13,2020091301039243,NRIC,58,46,10,898.00,"8,980.00"
2020-09-13,2020091301038866,NRIC,53,57,20,898.00,"17,960.00"
2020-09-13,2020091301038865,NRIC,54,57,20,898.00,"17,960.00"
2020-09-13,2020091301038862,NRIC,43,55,175,899.00,"157,325.00"
2020-09-13,2020091301038861,NRIC,43,33,95,899.00,"85,405.00"
2020-09-13,2020091301038838,NRIC,38,33,30,899.00,"26,970.00"
2020-09-13,2020091301038825,NRIC,44,33,60,899.00,"53,940.00"
2020-09-13,2020091301038977,NRIC,26,38,500,899.00,"449,500.00"
2020-09-13,2020091301038958,NRIC,4,22,50,900.00,"45,000.00"
2020-09-13,2020091301038904,NRIC,26,47,200,899.00,"179,800.00"
2020-09-13,2020091301038903,NRIC,26,36,500,899.00,"449,500.00"
2020-09-13,2020091301038902,NRIC,26,55,70,899.00,"62,930.00"
2020-09-13,2020091301038892,NRIC,53,51,30,898.00,"26,940.00"
2020-09-13,2020091301039242,NRIC,53,46,10,898.00,"8,980.00"
2020-09-13,2020091301039119,NRIC,33,36,380,900.00,"342,000.00"
2020-09-13,2020091301039045,NRIC,26,45,730,899.00,"656,270.00"
2020-09-13,2020091301039023,NRIC,45,36,100,900.00,"90,000.00"
2020-09-13,2020091301038979,NRIC,39,36,310,900.00,"279,000.00"
2020-09-13,2020091301038978,NRIC,39,22,190,900.00,"171,000.00"
2020-09-13,2020091301039274,NRN,34,4,10,427.00,"4,270.00"
2020-09-13,2020091301039197,NRN,34,4,10,427.00,"4,270.00"
2020-09-13,2020091301039044,NRN,34,14,10,427.00,"4,270.00"
2020-09-13,2020091301039040,NRN,26,38,10,427.00,"4,270.00"
2020-09-13,2020091301039022,NRN,26,4,10,427.00,"4,270.00"
2020-09-13,2020091301038965,NRN,26,4,10,427.00,"4,270.00"
2020-09-13,2020091301038927,NRN,26,4,10,427.00,"4,270.00"
2020-09-13,2020091301038918,NRN,26,4,10,427.00,"4,270.00"
2020-09-13,2020091301038914,NRN,26,34,10,427.00,"4,270.00"
2020-09-13,2020091301038886,NRN,26,49,10,427.00,"4,270.00"
2020-09-13,2020091301039204,NUBL,55,17,30,989.00,"29,670.00"
2020-09-13,2020091301039262,PCBL,19,34,200,281.00,"56,200.00"
2020-09-13,2020091301039136,PCBL,45,34,10,281.00,"2,810.00"
2020-09-13,2020091301039130,PCBL,34,45,96,280.00,"26,880.00"
2020-09-13,2020091301039052,PFL,44,41,27,147.00,"3,969.00"
2020-09-13,2020091301039246,PIC,48,6,10,830.00,"8,300.00"
2020-09-13,2020091301038891,PIC,38,6,400,830.00,"332,000.00"
2020-09-13,2020091301038889,PIC,49,36,20,829.00,"16,580.00"
2020-09-13,2020091301038845,PIC,49,36,20,829.00,"16,580.00"
2020-09-13,2020091301039285,PICL,36,11,285,577.00,"164,445.00"
2020-09-13,2020091301039284,PICL,36,45,15,576.00,"8,640.00"
2020-09-13,2020091301039266,PICL,10,21,60,575.00,"34,500.00"
2020-09-13,2020091301039207,PICL,1,36,40,574.00,"22,960.00"
2020-09-13,2020091301039206,PICL,56,36,15,575.00,"8,625.00"
2020-09-13,2020091301039205,PICL,57,36,53,575.00,"30,475.00"
2020-09-13,2020091301039145,PICL,57,13,10,575.00,"5,750.00"
2020-09-13,2020091301039060,PICL,36,11,200,577.00,"115,400.00"
2020-09-13,2020091301038982,PICL,11,11,300,577.00,"173,100.00"
2020-09-13,2020091301038976,PICL,36,48,100,576.00,"57,600.00"
2020-09-13,2020091301038917,PICL,36,48,50,576.00,"28,800.00"
2020-09-13,2020091301038916,PICL,36,52,150,576.00,"86,400.00"
2020-09-13,2020091301039261,PLIC,50,45,500,688.00,"344,000.00"
2020-09-13,2020091301039220,PLIC,33,16,460,689.00,"316,940.00"
2020-09-13,2020091301039193,PLIC,40,52,64,691.00,"44,224.00"
2020-09-13,2020091301039192,PLIC,40,40,36,691.00,"24,876.00"
2020-09-13,2020091301039191,PLIC,40,44,100,691.00,"69,100.00"
2020-09-13,2020091301039168,PLIC,33,18,40,689.00,"27,560.00"
2020-09-13,2020091301039111,PLIC,45,18,150,689.00,"103,350.00"
2020-09-13,2020091301038950,PLIC,6,18,10,689.00,"6,890.00"
2020-09-13,2020091301038949,PLIC,59,18,100,689.00,"68,900.00"
2020-09-13,2020091301038837,PPCL,51,56,10,133.00,"1,330.00"
2020-09-13,2020091301039273,PRIN,34,46,50,632.00,"31,600.00"
2020-09-13,2020091301039140,PRIN,13,46,50,632.00,"31,600.00"
2020-09-13,2020091301038860,PRIN,7,21,90,631.00,"56,790.00"
2020-09-13,2020091301039185,PRVU,22,50,500,229.00,"114,500.00"
2020-09-13,2020091301039112,PRVU,57,52,111,228.00,"25,308.00"
2020-09-13,2020091301038919,PRVU,34,1,"2,000",229.00,"458,000.00"
2020-09-13,2020091301038906,PRVU,6,50,500,229.00,"114,500.00"
2020-09-13,2020091301039218,RADHI,32,56,18,239.00,"4,302.00"
2020-09-13,2020091301039217,RADHI,32,18,20,239.00,"4,780.00"
2020-09-13,2020091301039216,RADHI,32,33,100,238.00,"23,800.00"
2020-09-13,2020091301039215,RADHI,32,44,100,238.00,"23,800.00"
2020-09-13,2020091301039214,RADHI,32,59,12,236.00,"2,832.00"
2020-09-13,2020091301039003,RADHI,32,16,99,235.00,"23,265.00"
2020-09-13,2020091301039002,RADHI,32,57,103,235.00,"24,205.00"
2020-09-13,2020091301039001,RADHI,32,44,12,235.00,"2,820.00"
2020-09-13,2020091301039000,RADHI,32,57,185,234.00,"43,290.00"
2020-09-13,2020091301038999,RADHI,32,42,39,234.00,"9,126.00"
2020-09-13,2020091301038998,RADHI,32,11,112,233.00,"26,096.00"
2020-09-13,2020091301038888,RADHI,43,57,10,234.00,"2,340.00"
2020-09-13,2020091301038910,RBCL,49,48,10,"12,450.00","124,500.00"
2020-09-13,2020091301038909,RBCL,49,8,10,"12,448.00","124,480.00"
2020-09-13,2020091301039162,RBCLPO,35,34,35,"10,998.00","384,930.00"
2020-09-13,2020091301039161,RBCLPO,35,44,10,"10,997.00","109,970.00"
2020-09-13,2020091301039160,RBCLPO,35,33,75,"10,852.00","813,900.00"
2020-09-13,2020091301039159,RBCLPO,35,54,10,"10,850.00","108,500.00"
2020-09-13,2020091301039158,RBCLPO,35,49,20,"10,849.00","216,980.00"
2020-09-13,2020091301039107,RBCLPO,35,13,20,"10,800.00","216,000.00"
2020-09-13,2020091301039106,RBCLPO,35,47,80,"10,800.00","864,000.00"
2020-09-13,2020091301039105,RBCLPO,35,58,50,"10,798.00","539,900.00"
2020-09-13,2020091301039104,RBCLPO,35,29,10,"10,795.00","107,950.00"
2020-09-13,2020091301039046,RBCLPO,35,58,50,"10,690.00","534,500.00"
2020-09-13,2020091301038895,RHPL,45,57,30,171.00,"5,130.00"
2020-09-13,2020091301039196,RMDC,45,34,60,870.00,"52,200.00"
2020-09-13,2020091301039007,RSDC,29,35,14,604.00,"8,456.00"
2020-09-13,2020091301039006,RSDC,29,19,86,604.00,"51,944.00"
2020-09-13,2020091301039110,SANIMA,56,20,67,338.00,"22,646.00"
2020-09-13,2020091301039109,SANIMA,44,20,33,338.00,"11,154.00"
2020-09-13,2020091301038870,SANIMA,53,52,14,340.00,"4,760.00"
2020-09-13,2020091301038869,SANIMA,53,58,128,340.00,"43,520.00"
2020-09-13,2020091301039011,SDLBSL,41,1,10,888.00,"8,880.00"
2020-09-13,2020091301039225,SHINE,16,42,100,239.00,"23,900.00"
2020-09-13,2020091301039025,SHINE,52,42,39,239.00,"9,321.00"
2020-09-13,2020091301039257,SHIVM,16,19,50,743.00,"37,150.00"
2020-09-13,2020091301039256,SHIVM,42,19,50,743.00,"37,150.00"
2020-09-13,2020091301039255,SHIVM,39,19,200,743.00,"148,600.00"
2020-09-13,2020091301039254,SHIVM,38,19,100,743.00,"74,300.00"
2020-09-13,2020091301039213,SHIVM,22,32,20,744.00,"14,880.00"
2020-09-13,2020091301039016,SHIVM,42,10,"1,900",744.00,"1,413,600.00"
2020-09-13,2020091301039015,SHIVM,45,10,100,744.00,"74,400.00"
2020-09-13,2020091301038887,SHIVM,45,57,500,744.00,"372,000.00"
2020-09-13,2020091301039094,SHIVM,56,32,100,744.00,"74,400.00"
2020-09-13,2020091301039093,SHIVM,34,32,500,744.00,"372,000.00"
2020-09-13,2020091301039092,SHIVM,50,32,20,744.00,"14,880.00"
2020-09-13,2020091301039091,SHIVM,42,32,600,744.00,"446,400.00"
2020-09-13,2020091301039041,SHIVM,41,22,200,745.00,"149,000.00"
2020-09-13,2020091301039024,SHIVM,42,57,500,744.00,"372,000.00"
2020-09-13,2020091301039099,SHIVM,10,32,200,744.00,"148,800.00"
2020-09-13,2020091301039098,SHIVM,22,32,100,744.00,"74,400.00"
2020-09-13,2020091301039097,SHIVM,44,32,40,744.00,"29,760.00"
2020-09-13,2020091301039096,SHIVM,55,32,50,744.00,"37,200.00"
2020-09-13,2020091301039095,SHIVM,58,32,50,744.00,"37,200.00"
2020-09-13,2020091301039183,SHPC,14,41,12,283.00,"3,396.00"
2020-09-13,2020091301038962,SHPC,22,48,"1,655",282.00,"466,710.00"
2020-09-13,2020091301038961,SHPC,52,48,345,282.00,"97,290.00"
2020-09-13,2020091301038937,SHPC,14,36,"2,000",283.00,"566,000.00"
2020-09-13,2020091301038936,SHPC,14,7,"1,000",283.00,"283,000.00"
2020-09-13,2020091301039133,SHPC,14,48,800,283.00,"226,400.00"
2020-09-13,2020091301039184,SIC,36,16,20,977.00,"19,540.00"
2020-09-13,2020091301039126,SIC,45,7,186,976.00,"181,536.00"
2020-09-13,2020091301039020,SICL,17,8,147,"1,393.00","204,771.00"
2020-09-13,2020091301039019,SICL,56,8,53,"1,394.00","73,882.00"
2020-09-13,2020091301039010,SICL,4,13,970,"1,400.00","1,358,000.00"
2020-09-13,2020091301039009,SICL,4,42,30,"1,400.00","42,000.00"
2020-09-13,2020091301039008,SICL,45,38,100,"1,399.00","139,900.00"
2020-09-13,2020091301039188,SIL,57,46,50,799.00,"39,950.00"
2020-09-13,2020091301039187,SIL,34,46,50,799.00,"39,950.00"
2020-09-13,2020091301039186,SIL,35,46,200,799.00,"159,800.00"
2020-09-13,2020091301038885,SJCL,48,10,100,158.00,"15,800.00"
2020-09-13,2020091301038836,SJCL,17,49,60,157.00,"9,420.00"
2020-09-13,2020091301039102,SKBBL,36,25,100,"1,394.00","139,400.00"
2020-09-13,2020091301039101,SKBBL,36,22,100,"1,394.00","139,400.00"
2020-09-13,2020091301038868,SKBBL,7,10,50,"1,389.00","69,450.00"
2020-09-13,2020091301039176,SLICL,6,45,60,641.00,"38,460.00"
2020-09-13,2020091301039037,SLICL,17,47,13,645.00,"8,385.00"
2020-09-13,2020091301039036,SLICL,17,25,20,645.00,"12,900.00"
2020-09-13,2020091301039035,SLICL,17,6,130,645.00,"83,850.00"
2020-09-13,2020091301039034,SLICL,17,51,50,645.00,"32,250.00"
2020-09-13,2020091301039033,SLICL,17,17,50,645.00,"32,250.00"
2020-09-13,2020091301039032,SLICL,17,50,100,645.00,"64,500.00"
2020-09-13,2020091301039031,SLICL,17,4,300,645.00,"193,500.00"
2020-09-13,2020091301039030,SLICL,17,51,77,645.00,"49,665.00"
2020-09-13,2020091301039029,SLICL,17,54,260,642.00,"166,920.00"
2020-09-13,2020091301039014,SLICL,41,54,40,642.00,"25,680.00"
2020-09-13,2020091301038926,SLICL,10,21,300,644.00,"193,200.00"
2020-09-13,2020091301039241,SPDL,34,43,10,141.00,"1,410.00"
2020-09-13,2020091301038913,SPDL,34,42,15,139.00,"2,085.00"
2020-09-13,2020091301038912,SPDL,34,42,15,139.00,"2,085.00"
2020-09-13,2020091301038915,SRBL,56,19,121,228.00,"27,588.00"
2020-09-13,2020091301039313,SWBBL,47,11,133,"1,305.00","173,565.00"
2020-09-13,2020091301039312,SWBBL,47,33,17,"1,304.00","22,168.00"
2020-09-13,2020091301039306,UIC,29,45,53,469.00,"24,857.00"
2020-09-13,2020091301039228,UIC,1,45,350,469.00,"164,150.00"
2020-09-13,2020091301039227,UIC,1,7,150,469.00,"70,350.00"
2020-09-13,2020091301039121,UIC,38,7,50,469.00,"23,450.00"
2020-09-13,2020091301038882,UIC,10,7,30,469.00,"14,070.00"
2020-09-13,2020091301038846,UIC,42,7,50,469.00,"23,450.00"
2020-09-13,2020091301039286,UNL,46,56,10,"19,900.00","199,000.00"
2020-09-13,2020091301039219,UPCL,19,34,350,98.00,"34,300.00"
2020-09-13,2020091301038944,UPCL,13,57,50,97.00,"4,850.00"
2020-09-13,2020091301038820,UPCL,13,38,50,97.00,"4,850.00"
2020-09-13,2020091301039156,UPPER,14,35,40,255.00,"10,200.00"
2020-09-13,2020091301039155,UPPER,14,14,500,255.00,"127,500.00"
2020-09-13,2020091301039154,UPPER,14,11,120,255.00,"30,600.00"
2020-09-13,2020091301038867,UPPER,47,38,40,254.00,"10,160.00"
2020-09-13,2020091301038864,UPPER,49,34,50,255.00,"12,750.00"
2020-09-13,2020091301038863,UPPER,49,41,50,255.00,"12,750.00"
2020-09-13,2020091301039018,UPPER,58,1,410,254.00,"104,140.00"
2020-09-13,2020091301039017,UPPER,47,1,90,254.00,"22,860.00"
2020-09-13,2020091301038871,UPPER,47,55,200,254.00,"50,800.00"
2020-09-13,2020091301039144,VLBS,11,21,16,952.00,"15,232.00"
2020-09-13,2020091301039143,VLBS,42,21,34,952.00,"32,368.00"
2020-09-13,2020091301038700,ACLBSL,36,57,10,768.00,"7,680.00"
2020-09-13,2020091301038395,ACLBSL,44,48,10,774.00,"7,740.00"
2020-09-13,2020091301038811,ADBL,36,34,200,429.00,"85,800.00"
2020-09-13,2020091301038810,ADBL,36,38,500,429.00,"214,500.00"
2020-09-13,2020091301038809,ADBL,36,14,"1,000",429.00,"429,000.00"
2020-09-13,2020091301038808,ADBL,36,34,631,429.00,"270,699.00"
2020-09-13,2020091301038807,ADBL,36,49,500,429.00,"214,500.00"
2020-09-13,2020091301038806,ADBL,36,25,266,429.00,"114,114.00"
2020-09-13,2020091301038544,ADBL,36,33,100,428.00,"42,800.00"
2020-09-13,2020091301038543,ADBL,36,51,500,428.00,"214,000.00"
2020-09-13,2020091301038542,ADBL,36,33,15,428.00,"6,420.00"
2020-09-13,2020091301038541,ADBL,36,50,883,428.00,"377,924.00"
2020-09-13,2020091301038456,ADBL,44,50,500,428.00,"214,000.00"
2020-09-13,2020091301038805,ADBL,36,58,703,429.00,"301,587.00"
2020-09-13,2020091301038780,ADBL,6,50,561,427.00,"239,547.00"
2020-09-13,2020091301038587,ADBL,49,50,407,427.00,"173,789.00"
2020-09-13,2020091301038586,ADBL,58,50,30,427.00,"12,810.00"
2020-09-13,2020091301038585,ADBL,58,50,500,427.00,"213,500.00"
2020-09-13,2020091301038584,ADBL,36,50,502,428.00,"214,856.00"
2020-09-13,2020091301038801,AIL,42,33,100,533.00,"53,300.00"
2020-09-13,2020091301038800,AIL,42,14,50,533.00,"26,650.00"
2020-09-13,2020091301038799,AIL,32,56,10,532.00,"5,320.00"
2020-09-13,2020091301038764,AIL,32,56,10,532.00,"5,320.00"
2020-09-13,2020091301038693,AIL,59,56,10,532.00,"5,320.00"
2020-09-13,2020091301038691,AIL,59,56,10,532.00,"5,320.00"
2020-09-13,2020091301038447,AIL,57,56,10,532.00,"5,320.00"
2020-09-13,2020091301038443,AIL,57,38,10,532.00,"5,320.00"
2020-09-13,2020091301038389,AIL,57,56,10,532.00,"5,320.00"
2020-09-13,2020091301038356,AIL,57,56,10,532.00,"5,320.00"
2020-09-13,2020091301038345,AIL,57,58,10,532.00,"5,320.00"
2020-09-13,2020091301038317,AIL,38,56,10,532.00,"5,320.00"
2020-09-13,2020091301038552,AIL,19,35,10,533.00,"5,330.00"
2020-09-13,2020091301038551,AIL,19,59,30,533.00,"15,990.00"
2020-09-13,2020091301038538,AIL,59,43,60,532.00,"31,920.00"
2020-09-13,2020091301038527,AIL,59,56,10,532.00,"5,320.00"
2020-09-13,2020091301038473,AIL,59,56,10,532.00,"5,320.00"
2020-09-13,2020091301038457,AIL,52,1,500,532.00,"266,000.00"
2020-09-13,2020091301038642,AIL,59,56,10,532.00,"5,320.00"
2020-09-13,2020091301038628,AIL,59,56,10,532.00,"5,320.00"
2020-09-13,2020091301038567,AIL,59,56,10,532.00,"5,320.00"
2020-09-13,2020091301038555,AIL,59,39,10,532.00,"5,320.00"
2020-09-13,2020091301038554,AIL,59,56,10,532.00,"5,320.00"
2020-09-13,2020091301038553,AIL,19,34,50,533.00,"26,650.00"
2020-09-13,2020091301038501,AKJCL,57,38,10,63.00,630.00
2020-09-13,2020091301038784,AKPL,41,28,125,175.00,"21,875.00"
2020-09-13,2020091301038798,ALBSL,13,28,200,900.00,"180,000.00"
2020-09-13,2020091301038788,ALBSL,13,14,100,900.00,"90,000.00"
2020-09-13,2020091301038604,ALBSL,13,49,100,900.00,"90,000.00"
2020-09-13,2020091301038603,ALBSL,13,14,12,900.00,"10,800.00"
2020-09-13,2020091301038535,ALBSL,11,14,100,900.00,"90,000.00"
2020-09-13,2020091301038383,ALBSL,11,49,70,900.00,"63,000.00"
2020-09-13,2020091301038689,ALICL,50,46,100,776.00,"77,600.00"
2020-09-13,2020091301038594,ALICL,50,46,540,776.00,"419,040.00"
2020-09-13,2020091301038593,ALICL,50,38,100,775.00,"77,500.00"
2020-09-13,2020091301038715,API,39,44,100,137.00,"13,700.00"
2020-09-13,2020091301038714,API,36,44,100,137.00,"13,700.00"
2020-09-13,2020091301038713,API,45,44,50,137.00,"6,850.00"
2020-09-13,2020091301038712,API,18,44,500,137.00,"68,500.00"
2020-09-13,2020091301038711,API,21,44,10,137.00,"1,370.00"
2020-09-13,2020091301038710,API,25,44,"1,000",137.00,"137,000.00"
2020-09-13,2020091301038709,API,48,44,"1,000",137.00,"137,000.00"
2020-09-13,2020091301038708,API,36,44,"2,077",137.00,"284,549.00"
2020-09-13,2020091301038652,API,36,26,400,137.00,"54,800.00"
2020-09-13,2020091301038545,BOKL,44,16,500,238.00,"119,000.00"
2020-09-13,2020091301038775,BPCL,38,34,"2,000",390.00,"780,000.00"
2020-09-13,2020091301038774,BPCL,52,34,500,390.00,"195,000.00"
2020-09-13,2020091301038773,BPCL,6,34,500,390.00,"195,000.00"
2020-09-13,2020091301038772,BPCL,25,34,500,390.00,"195,000.00"
2020-09-13,2020091301038771,BPCL,57,34,500,391.00,"195,500.00"
2020-09-13,2020091301038770,BPCL,35,34,200,391.00,"78,200.00"
2020-09-13,2020091301038444,BPCL,14,14,250,392.00,"98,000.00"
2020-09-13,2020091301038769,BPCL,45,34,500,391.00,"195,500.00"
2020-09-13,2020091301038768,BPCL,52,34,36,391.00,"14,076.00"
2020-09-13,2020091301038767,BPCL,13,34,50,391.00,"19,550.00"
2020-09-13,2020091301038766,BPCL,55,34,200,391.00,"78,200.00"
2020-09-13,2020091301038694,BPCL,22,7,500,392.00,"196,000.00"
2020-09-13,2020091301038562,BPCL,38,14,"1,223",392.00,"479,416.00"
2020-09-13,2020091301038730,CHCL,35,1,100,480.00,"48,000.00"
2020-09-13,2020091301038682,CHCL,33,3,200,481.00,"96,200.00"
2020-09-13,2020091301038677,CHCL,35,32,100,480.00,"48,000.00"
2020-09-13,2020091301038442,CHCL,10,58,59,480.00,"28,320.00"
2020-09-13,2020091301038440,CHCL,53,1,200,479.00,"95,800.00"
2020-09-13,2020091301038321,CHCL,26,1,50,480.00,"24,000.00"
2020-09-13,2020091301038620,CIT,49,28,270,"3,405.00","919,350.00"
2020-09-13,2020091301038619,CIT,51,28,50,"3,405.00","170,250.00"
2020-09-13,2020091301038618,CIT,49,28,100,"3,405.00","340,500.00"
2020-09-13,2020091301038617,CIT,32,28,10,"3,405.00","34,050.00"
2020-09-13,2020091301038616,CIT,25,28,10,"3,406.00","34,060.00"
2020-09-13,2020091301038615,CIT,32,28,10,"3,410.00","34,100.00"
2020-09-13,2020091301038614,CIT,49,28,11,"3,410.00","37,510.00"
2020-09-13,2020091301038613,CIT,55,28,10,"3,412.00","34,120.00"
2020-09-13,2020091301038612,CIT,37,28,29,"3,415.00","99,035.00"
2020-09-13,2020091301038588,CIT,11,49,10,"3,417.00","34,170.00"
2020-09-13,2020091301038474,CIT,25,41,12,"3,416.00","40,992.00"
2020-09-13,2020091301038396,CIT,7,33,100,"3,416.00","341,600.00"
2020-09-13,2020091301038496,CZBIL,58,29,257,194.00,"49,858.00"
2020-09-13,2020091301038495,CZBIL,39,29,200,194.00,"38,800.00"
2020-09-13,2020091301038494,CZBIL,44,29,80,194.00,"15,520.00"
2020-09-13,2020091301038575,DDBL,36,41,73,891.00,"65,043.00"
2020-09-13,2020091301038574,DDBL,36,14,750,890.00,"667,500.00"
2020-09-13,2020091301038526,DDBL,44,14,250,890.00,"222,500.00"
2020-09-13,2020091301038352,DDBL,14,38,200,890.00,"178,000.00"
2020-09-13,2020091301038351,DDBL,44,38,50,890.00,"44,500.00"
2020-09-13,2020091301038350,DDBL,25,38,60,890.00,"53,400.00"
2020-09-13,2020091301038349,DDBL,50,38,100,890.00,"89,000.00"
2020-09-13,2020091301038348,DDBL,47,38,100,890.00,"89,000.00"
2020-09-13,2020091301038676,EDBL,20,14,100,296.00,"29,600.00"
2020-09-13,2020091301038506,EIC,25,44,100,584.00,"58,400.00"
2020-09-13,2020091301038583,FMDBL,1,47,20,610.00,"12,200.00"
2020-09-13,2020091301038534,FMDBL,56,10,38,608.00,"23,104.00"
2020-09-13,2020091301038533,FMDBL,14,10,100,608.00,"60,800.00"
2020-09-13,2020091301038532,FMDBL,6,10,10,608.00,"6,080.00"
2020-09-13,2020091301038531,FMDBL,29,10,52,609.00,"31,668.00"
2020-09-13,2020091301038404,FMDBL,29,42,500,609.00,"304,500.00"
2020-09-13,2020091301038326,FMDBL,44,50,90,610.00,"54,900.00"
2020-09-13,2020091301038752,FOWAD,34,56,66,"1,620.00","106,920.00"
2020-09-13,2020091301038625,GBBL,25,34,171,236.00,"40,356.00"
2020-09-13,2020091301038378,GBIME,26,42,73,262.00,"19,126.00"
2020-09-13,2020091301038377,GBIME,32,42,150,262.00,"39,300.00"
2020-09-13,2020091301038376,GBIME,45,42,100,262.00,"26,200.00"
2020-09-13,2020091301038375,GBIME,50,42,100,262.00,"26,200.00"
2020-09-13,2020091301038374,GBIME,45,42,77,262.00,"20,174.00"
2020-09-13,2020091301038370,GBIME,45,58,150,262.00,"39,300.00"
2020-09-13,2020091301038627,GBLBS,36,13,13,571.00,"7,423.00"
2020-09-13,2020091301038626,GBLBS,36,1,65,570.00,"37,050.00"
2020-09-13,2020091301038491,GBLBS,36,1,235,570.00,"133,950.00"
2020-09-13,2020091301038490,GBLBS,36,26,100,570.00,"57,000.00"
2020-09-13,2020091301038489,GBLBS,36,58,100,570.00,"57,000.00"
2020-09-13,2020091301038488,GBLBS,36,59,50,570.00,"28,500.00"
2020-09-13,2020091301038487,GBLBS,36,1,500,570.00,"285,000.00"
2020-09-13,2020091301038486,GBLBS,36,26,100,569.00,"56,900.00"
2020-09-13,2020091301038485,GBLBS,36,10,500,569.00,"284,500.00"
2020-09-13,2020091301038484,GBLBS,36,51,215,569.00,"122,335.00"
2020-09-13,2020091301038388,GBLBS,35,25,300,568.00,"170,400.00"
2020-09-13,2020091301038471,GLICL,34,11,100,659.00,"65,900.00"
2020-09-13,2020091301038470,GLICL,34,54,240,659.00,"158,160.00"
2020-09-13,2020091301038458,GLICL,45,54,60,659.00,"39,540.00"
2020-09-13,2020091301038432,GLICL,6,38,723,658.00,"475,734.00"
2020-09-13,2020091301038729,GRDBL,38,44,105,113.00,"11,865.00"
2020-09-13,2020091301038707,HBL,44,49,50,548.00,"27,400.00"
2020-09-13,2020091301038706,HBL,44,54,100,548.00,"54,800.00"
2020-09-13,2020091301038493,HBL,16,28,38,546.00,"20,748.00"
2020-09-13,2020091301038660,HDHPC,16,41,10,92.00,920.00
2020-09-13,2020091301038601,HDL,54,35,25,"1,845.00","46,125.00"
2020-09-13,2020091301038600,HDL,54,6,50,"1,845.00","92,250.00"
2020-09-13,2020091301038599,HDL,54,19,100,"1,845.00","184,500.00"
2020-09-13,2020091301038598,HDL,54,26,50,"1,845.00","92,250.00"
2020-09-13,2020091301038597,HDL,54,26,50,"1,845.00","92,250.00"
2020-09-13,2020091301038611,HGI,38,36,70,520.00,"36,400.00"
2020-09-13,2020091301038610,HGI,52,36,100,520.00,"52,000.00"
2020-09-13,2020091301038609,HGI,33,36,230,520.00,"119,600.00"
2020-09-13,2020091301038359,HGI,17,39,125,521.00,"65,125.00"
2020-09-13,2020091301038328,HGI,52,39,100,521.00,"52,100.00"
2020-09-13,2020091301038573,HIDCL,5,34,100,150.00,"15,000.00"
2020-09-13,2020091301038318,HIDCL,6,37,61,148.00,"9,028.00"
2020-09-13,2020091301038685,HURJA,40,32,10,115.00,"1,150.00"
2020-09-13,2020091301038347,HURJA,40,32,10,115.00,"1,150.00"
2020-09-13,2020091301038366,ICFC,52,44,10,175.00,"1,750.00"
2020-09-13,2020091301038665,IGI,21,41,287,585.00,"167,895.00"
2020-09-13,2020091301038664,IGI,21,42,25,585.00,"14,625.00"
2020-09-13,2020091301038663,IGI,21,45,10,585.00,"5,850.00"
2020-09-13,2020091301038662,IGI,21,57,40,585.00,"23,400.00"
2020-09-13,2020091301038661,IGI,21,45,138,584.00,"80,592.00"
2020-09-13,2020091301038687,JBBL,19,47,19,170.00,"3,230.00"
2020-09-13,2020091301038753,JOSHI,57,57,20,88.00,"1,760.00"
2020-09-13,2020091301038750,KBL,44,41,68,188.00,"12,784.00"
2020-09-13,2020091301038749,KBL,44,16,74,188.00,"13,912.00"
2020-09-13,2020091301038748,KBL,44,19,200,188.00,"37,600.00"
2020-09-13,2020091301038747,KBL,44,5,100,188.00,"18,800.00"
2020-09-13,2020091301038746,KBL,44,41,100,188.00,"18,800.00"
2020-09-13,2020091301038745,KBL,44,50,"1,200",188.00,"225,600.00"
2020-09-13,2020091301038434,KBL,56,4,40,187.00,"7,480.00"
2020-09-13,2020091301038744,KBL,44,47,656,188.00,"123,328.00"
2020-09-13,2020091301038743,KBL,44,29,602,188.00,"113,176.00"
2020-09-13,2020091301038673,KBL,56,26,135,187.00,"25,245.00"
2020-09-13,2020091301038672,KBL,56,52,511,187.00,"95,557.00"
2020-09-13,2020091301038556,KBL,42,29,10,188.00,"1,880.00"
2020-09-13,2020091301038435,KBL,56,29,160,187.00,"29,920.00"
2020-09-13,2020091301038448,KKHC,34,22,495,56.00,"27,720.00"
2020-09-13,2020091301038400,KMCDB,1,33,200,776.00,"155,200.00"
2020-09-13,2020091301038358,KMCDB,1,5,21,775.00,"16,275.00"
2020-09-13,2020091301038357,KMCDB,1,33,200,775.00,"155,000.00"
2020-09-13,2020091301038320,KMCDB,1,33,200,774.00,"154,800.00"
2020-09-13,2020091301038401,KMCDB,1,58,112,776.00,"86,912.00"
2020-09-13,2020091301038757,KPCL,59,56,10,123.00,"1,230.00"
2020-09-13,2020091301038315,KSBBL,34,29,500,142.00,"71,000.00"
2020-09-13,2020091301038781,LBBL,58,33,300,182.00,"54,600.00"
2020-09-13,2020091301038647,LBL,36,45,50,234.00,"11,700.00"
2020-09-13,2020091301038608,LGIL,57,25,200,564.00,"112,800.00"
2020-09-13,2020091301038340,LGIL,34,10,500,565.00,"282,500.00"
2020-09-13,2020091301038561,LICN,45,56,50,"1,560.00","78,000.00"
2020-09-13,2020091301038651,MBL,1,5,200,224.00,"44,800.00"
2020-09-13,2020091301038650,MBL,25,5,500,224.00,"112,000.00"
2020-09-13,2020091301038649,MBL,34,5,352,224.00,"78,848.00"
2020-09-13,2020091301038592,MBL,34,41,25,224.00,"5,600.00"
2020-09-13,2020091301038316,MBL,34,49,"1,000",224.00,"224,000.00"
2020-09-13,2020091301038659,MEGA,19,41,15,219.00,"3,285.00"
2020-09-13,2020091301038439,MEGA,7,39,142,220.00,"31,240.00"
2020-09-13,2020091301038438,MEGA,7,48,800,220.00,"176,000.00"
2020-09-13,2020091301038437,MEGA,7,49,308,220.00,"67,760.00"
2020-09-13,2020091301038436,MEGA,7,58,250,219.00,"54,750.00"
2020-09-13,2020091301038322,MEGA,6,58,50,219.00,"10,950.00"
2020-09-13,2020091301038777,MERO,11,36,43,751.00,"32,293.00"
2020-09-13,2020091301038572,MERO,11,33,10,750.00,"7,500.00"
2020-09-13,2020091301038571,MERO,11,26,22,750.00,"16,500.00"
2020-09-13,2020091301038570,MERO,11,6,10,750.00,"7,500.00"
2020-09-13,2020091301038728,MHNL,29,49,40,96.00,"3,840.00"
2020-09-13,2020091301038621,MHNL,29,42,20,96.00,"1,920.00"
2020-09-13,2020091301038607,MHNL,25,52,100,97.00,"9,700.00"
2020-09-13,2020091301038523,MHNL,25,57,40,97.00,"3,880.00"
2020-09-13,2020091301038522,MHNL,25,1,30,97.00,"2,910.00"
2020-09-13,2020091301038521,MHNL,25,3,10,97.00,970.00
2020-09-13,2020091301038520,MHNL,25,58,268,97.00,"25,996.00"
2020-09-13,2020091301038519,MHNL,25,47,690,97.00,"66,930.00"
2020-09-13,2020091301038518,MHNL,25,52,30,97.00,"2,910.00"
2020-09-13,2020091301038517,MHNL,25,16,300,97.00,"29,100.00"
2020-09-13,2020091301038516,MHNL,25,29,480,97.00,"46,560.00"
2020-09-13,2020091301038697,MNBBL,57,4,100,329.00,"32,900.00"
2020-09-13,2020091301038699,NABIL,55,41,10,848.00,"8,480.00"
2020-09-13,2020091301038696,NABIL,19,19,100,848.00,"84,800.00"
2020-09-13,2020091301038472,NABIL,14,48,36,849.00,"30,564.00"
2020-09-13,2020091301038640,NADEP,28,58,23,734.00,"16,882.00"
2020-09-13,2020091301038759,NBB,3,41,18,199.00,"3,582.00"
2020-09-13,2020091301038399,NBB,33,37,633,199.00,"125,967.00"
2020-09-13,2020091301038797,NBL,55,13,25,305.00,"7,625.00"
2020-09-13,2020091301038507,NBL,58,43,940,304.00,"285,760.00"
2020-09-13,2020091301038394,NBL,19,43,60,304.00,"18,240.00"
2020-09-13,2020091301038393,NBL,19,1,368,304.00,"111,872.00"
2020-09-13,2020091301038392,NBL,19,7,500,304.00,"152,000.00"
2020-09-13,2020091301038391,NBL,19,16,72,304.00,"21,888.00"
2020-09-13,2020091301038346,NBL,46,16,154,304.00,"46,816.00"
2020-09-13,2020091301038765,NCCB,28,42,20,200.00,"4,000.00"
2020-09-13,2020091301038742,NCCB,28,56,300,200.00,"60,000.00"
2020-09-13,2020091301038679,NCCB,28,57,150,200.00,"30,000.00"
2020-09-13,2020091301038678,NCCB,58,57,50,200.00,"10,000.00"
2020-09-13,2020091301038355,NCCB,38,57,10,201.00,"2,010.00"
2020-09-13,2020091301038482,NGPL,52,44,100,135.00,"13,500.00"
2020-09-13,2020091301038481,NGPL,51,44,"1,000",135.00,"135,000.00"
2020-09-13,2020091301038480,NGPL,16,44,500,135.00,"67,500.00"
2020-09-13,2020091301038479,NGPL,22,44,"1,000",135.00,"135,000.00"
2020-09-13,2020091301038478,NGPL,35,44,500,135.00,"67,500.00"
2020-09-13,2020091301038477,NGPL,58,44,156,135.00,"21,060.00"
2020-09-13,2020091301038476,NGPL,1,44,500,136.00,"68,000.00"
2020-09-13,2020091301038783,NIB,44,50,144,419.00,"60,336.00"
2020-09-13,2020091301038724,NIB,58,50,18,419.00,"7,542.00"
2020-09-13,2020091301038723,NIB,52,50,100,419.00,"41,900.00"
2020-09-13,2020091301038722,NIB,43,50,10,419.00,"4,190.00"
2020-09-13,2020091301038721,NIB,21,50,200,419.00,"83,800.00"
2020-09-13,2020091301038720,NIB,48,50,300,419.00,"125,700.00"
2020-09-13,2020091301038719,NIB,44,50,50,419.00,"20,950.00"
2020-09-13,2020091301038718,NIB,43,50,15,419.00,"6,285.00"
2020-09-13,2020091301038717,NIB,56,50,200,419.00,"83,800.00"
2020-09-13,2020091301038716,NIB,42,50,51,419.00,"21,369.00"
2020-09-13,2020091301038502,NIB,41,38,308,420.00,"129,360.00"
2020-09-13,2020091301038515,NIBSF1,6,33,"2,000",9.30,"18,600.00"
2020-09-13,2020091301038560,NICA,43,4,500,585.00,"292,500.00"
2020-09-13,2020091301038695,NICL,58,38,38,584.00,"22,192.00"
2020-09-13,2020091301038692,NICL,50,5,150,585.00,"87,750.00"
2020-09-13,2020091301038500,NICL,53,50,100,585.00,"58,500.00"
2020-09-13,2020091301038325,NICL,29,6,300,585.00,"175,500.00"
2020-09-13,2020091301038324,NICL,49,6,100,585.00,"58,500.00"
2020-09-13,2020091301038323,NICL,21,6,100,585.00,"58,500.00"
2020-09-13,2020091301038763,NIL,55,36,72,840.00,"60,480.00"
2020-09-13,2020091301038762,NIL,7,36,28,840.00,"23,520.00"
2020-09-13,2020091301038681,NIL,7,29,72,840.00,"60,480.00"
2020-09-13,2020091301038680,NIL,40,29,10,840.00,"8,400.00"
2020-09-13,2020091301038550,NIL,45,29,30,840.00,"25,200.00"
2020-09-13,2020091301038428,NIL,45,58,470,840.00,"394,800.00"
2020-09-13,2020091301038409,NIL,52,58,200,842.00,"168,400.00"
2020-09-13,2020091301038408,NIL,49,58,500,842.00,"421,000.00"
2020-09-13,2020091301038407,NIL,58,58,200,842.00,"168,400.00"
2020-09-13,2020091301038406,NIL,32,58,100,842.00,"84,200.00"
2020-09-13,2020091301038415,NIL,29,58,200,841.00,"168,200.00"
2020-09-13,2020091301038414,NIL,16,58,100,841.00,"84,100.00"
2020-09-13,2020091301038413,NIL,51,58,100,841.00,"84,100.00"
2020-09-13,2020091301038412,NIL,16,58,400,841.00,"336,400.00"
2020-09-13,2020091301038411,NIL,34,58,100,841.00,"84,100.00"
2020-09-13,2020091301038410,NIL,42,58,50,842.00,"42,100.00"
2020-09-13,2020091301038421,NIL,55,58,200,840.00,"168,000.00"
2020-09-13,2020091301038420,NIL,43,58,50,840.00,"42,000.00"
2020-09-13,2020091301038419,NIL,50,58,30,840.00,"25,200.00"
2020-09-13,2020091301038418,NIL,33,58,200,840.00,"168,000.00"
2020-09-13,2020091301038417,NIL,29,58,500,841.00,"420,500.00"
2020-09-13,2020091301038416,NIL,34,58,50,841.00,"42,050.00"
2020-09-13,2020091301038427,NIL,46,58,200,840.00,"168,000.00"
2020-09-13,2020091301038426,NIL,57,58,500,840.00,"420,000.00"
2020-09-13,2020091301038425,NIL,33,58,100,840.00,"84,000.00"
2020-09-13,2020091301038424,NIL,6,58,50,840.00,"42,000.00"
2020-09-13,2020091301038423,NIL,55,58,200,840.00,"168,000.00"
2020-09-13,2020091301038422,NIL,14,58,500,840.00,"420,000.00"
2020-09-13,2020091301038814,NLBBL,33,51,230,807.00,"185,610.00"
2020-09-13,2020091301038726,NLBBL,29,43,380,808.00,"307,040.00"
2020-09-13,2020091301038725,NLBBL,58,43,120,809.00,"97,080.00"
2020-09-13,2020091301038498,NLBBL,29,11,114,808.00,"92,112.00"
2020-09-13,2020091301038497,NLBBL,38,11,186,809.00,"150,474.00"
2020-09-13,2020091301038740,NLIC,57,40,41,"1,422.00","58,302.00"
2020-09-13,2020091301038739,NLIC,57,26,25,"1,422.00","35,550.00"
2020-09-13,2020091301038738,NLIC,57,11,10,"1,422.00","14,220.00"
2020-09-13,2020091301038737,NLIC,57,7,22,"1,422.00","31,284.00"
2020-09-13,2020091301038736,NLIC,57,41,200,"1,422.00","284,400.00"
2020-09-13,2020091301038735,NLIC,57,49,100,"1,422.00","142,200.00"
2020-09-13,2020091301038509,NLIC,57,19,22,"1,420.00","31,240.00"
2020-09-13,2020091301038508,NLIC,57,32,40,"1,420.00","56,800.00"
2020-09-13,2020091301038372,NLIC,39,32,460,"1,420.00","653,200.00"
2020-09-13,2020091301038371,NLIC,39,36,40,"1,420.00","56,800.00"
2020-09-13,2020091301038578,NLIC,45,58,280,"1,421.00","397,880.00"
2020-09-13,2020091301038514,NLIC,57,58,69,"1,421.00","98,049.00"
2020-09-13,2020091301038513,NLIC,57,35,144,"1,421.00","204,624.00"
2020-09-13,2020091301038512,NLIC,57,14,100,"1,421.00","142,100.00"
2020-09-13,2020091301038511,NLIC,57,54,25,"1,420.00","35,500.00"
2020-09-13,2020091301038510,NLIC,57,19,100,"1,420.00","142,000.00"
2020-09-13,2020091301038734,NLIC,57,33,50,"1,422.00","71,100.00"
2020-09-13,2020091301038733,NLIC,57,53,22,"1,422.00","31,284.00"
2020-09-13,2020091301038732,NLIC,57,22,20,"1,422.00","28,440.00"
2020-09-13,2020091301038731,NLIC,57,41,10,"1,422.00","14,220.00"
2020-09-13,2020091301038727,NLIC,16,25,50,"1,421.00","71,050.00"
2020-09-13,2020091301038579,NLIC,45,25,20,"1,421.00","28,420.00"
2020-09-13,2020091301038690,NLICL,59,58,250,804.00,"201,000.00"
2020-09-13,2020091301038403,NLICL,25,58,50,803.00,"40,150.00"
2020-09-13,2020091301038402,NLICL,50,58,500,803.00,"401,500.00"
2020-09-13,2020091301038705,NMB,58,28,640,421.00,"269,440.00"
2020-09-13,2020091301038704,NMB,48,28,100,421.00,"42,100.00"
2020-09-13,2020091301038703,NMB,44,28,150,421.00,"63,150.00"
2020-09-13,2020091301038702,NMB,57,28,100,421.00,"42,100.00"
2020-09-13,2020091301038701,NMB,55,28,10,421.00,"4,210.00"
2020-09-13,2020091301038751,NMB50,55,57,400,9.40,"3,760.00"
2020-09-13,2020091301038595,NMBMF,59,10,92,839.00,"77,188.00"
2020-09-13,2020091301038782,NRIC,43,33,60,899.00,"53,940.00"
2020-09-13,2020091301038667,NRIC,47,33,100,899.00,"89,900.00"
2020-09-13,2020091301038646,NRIC,45,33,155,899.00,"139,345.00"
2020-09-13,2020091301038645,NRIC,45,25,60,899.00,"53,940.00"
2020-09-13,2020091301038644,NRIC,45,33,285,899.00,"256,215.00"
2020-09-13,2020091301038558,NRIC,54,38,20,898.00,"17,960.00"
2020-09-13,2020091301038539,NRIC,54,51,40,898.00,"35,920.00"
2020-09-13,2020091301038475,NRIC,47,33,100,899.00,"89,900.00"
2020-09-13,2020091301038398,NRIC,54,46,20,898.00,"17,960.00"
2020-09-13,2020091301038397,NRIC,25,46,20,898.00,"17,960.00"
2020-09-13,2020091301038365,NRIC,25,39,20,898.00,"17,960.00"
2020-09-13,2020091301038364,NRIC,43,39,20,898.00,"17,960.00"
2020-09-13,2020091301038754,NRN,26,4,10,427.00,"4,270.00"
2020-09-13,2020091301038648,NRN,26,49,10,427.00,"4,270.00"
2020-09-13,2020091301038605,NRN,26,38,10,427.00,"4,270.00"
2020-09-13,2020091301038602,NRN,26,38,10,427.00,"4,270.00"
2020-09-13,2020091301038546,NRN,26,38,10,427.00,"4,270.00"
2020-09-13,2020091301038441,NRN,26,39,10,427.00,"4,270.00"
2020-09-13,2020091301038362,NRN,26,1,10,427.00,"4,270.00"
2020-09-13,2020091301038329,OHL,49,52,38,364.00,"13,832.00"
2020-09-13,2020091301038335,OHL,49,25,100,367.00,"36,700.00"
2020-09-13,2020091301038334,OHL,49,14,135,365.00,"49,275.00"
2020-09-13,2020091301038333,OHL,49,38,21,365.00,"7,665.00"
2020-09-13,2020091301038332,OHL,49,1,100,364.00,"36,400.00"
2020-09-13,2020091301038331,OHL,49,38,150,364.00,"54,600.00"
2020-09-13,2020091301038330,OHL,49,38,74,364.00,"26,936.00"
2020-09-13,2020091301038339,OHL,49,53,62,370.00,"22,940.00"
2020-09-13,2020091301038338,OHL,49,52,20,369.00,"7,380.00"
2020-09-13,2020091301038337,OHL,49,44,200,369.00,"73,800.00"
2020-09-13,2020091301038336,OHL,49,49,100,367.00,"36,700.00"
2020-09-13,2020091301038483,PCBL,38,34,10,281.00,"2,810.00"
2020-09-13,2020091301038449,PCBL,34,28,35,280.00,"9,800.00"
2020-09-13,2020091301038363,PCBL,42,28,60,280.00,"16,800.00"
2020-09-13,2020091301038361,PIC,59,6,200,830.00,"166,000.00"
2020-09-13,2020091301038360,PIC,43,6,100,830.00,"83,000.00"
2020-09-13,2020091301038688,PICL,38,52,50,576.00,"28,800.00"
2020-09-13,2020091301038344,PICL,57,3,177,575.00,"101,775.00"
2020-09-13,2020091301038343,PICL,42,3,183,575.00,"105,225.00"
2020-09-13,2020091301038342,PICL,49,3,40,576.00,"23,040.00"
2020-09-13,2020091301038549,PLIC,59,45,400,689.00,"275,600.00"
2020-09-13,2020091301038548,PLIC,59,45,100,689.00,"68,900.00"
2020-09-13,2020091301038547,PLIC,10,45,500,690.00,"345,000.00"
2020-09-13,2020091301038431,PLIC,49,45,231,693.00,"160,083.00"
2020-09-13,2020091301038430,PLIC,49,53,50,692.00,"34,600.00"
2020-09-13,2020091301038429,PLIC,49,22,500,692.00,"346,000.00"
2020-09-13,2020091301038670,PMHPL,57,38,10,91.00,910.00
2020-09-13,2020091301038760,PPCL,44,39,190,134.00,"25,460.00"
2020-09-13,2020091301038675,PRIN,58,3,13,630.00,"8,190.00"
2020-09-13,2020091301038674,PRIN,16,3,100,630.00,"63,000.00"
2020-09-13,2020091301038459,PRIN,55,41,358,631.00,"225,898.00"
2020-09-13,2020091301038405,PRIN,41,41,50,631.00,"31,550.00"
2020-09-13,2020091301038813,PRVU,57,21,11,228.00,"2,508.00"
2020-09-13,2020091301038812,PRVU,14,21,329,228.00,"75,012.00"
2020-09-13,2020091301038671,PRVU,14,10,11,228.00,"2,508.00"
2020-09-13,2020091301038641,PRVU,14,38,200,228.00,"45,600.00"
2020-09-13,2020091301038577,PRVU,7,50,"1,520",229.00,"348,080.00"
2020-09-13,2020091301038576,PRVU,7,22,480,229.00,"109,920.00"
2020-09-13,2020091301038455,PRVU,14,42,460,228.00,"104,880.00"
2020-09-13,2020091301038454,PRVU,37,42,40,228.00,"9,120.00"
2020-09-13,2020091301038559,RBCL,11,45,10,"12,446.00","124,460.00"
2020-09-13,2020091301038787,RBCLPO,17,4,28,"10,510.00","294,280.00"
2020-09-13,2020091301038786,RBCLPO,57,4,12,"10,510.00","126,120.00"
2020-09-13,2020091301038785,RBCLPO,6,4,10,"10,515.00","105,150.00"
2020-09-13,2020091301038505,RHPC,42,11,10,105.00,"1,050.00"
2020-09-13,2020091301038504,RHPC,19,11,500,105.00,"52,500.00"
2020-09-13,2020091301038503,RHPC,57,11,122,105.00,"12,810.00"
2020-09-13,2020091301038698,RHPL,45,38,30,171.00,"5,130.00"
2020-09-13,2020091301038591,RHPL,51,38,19,175.00,"3,325.00"
2020-09-13,2020091301038590,RHPL,51,5,10,174.00,"1,740.00"
2020-09-13,2020091301038589,RHPL,51,38,71,174.00,"12,354.00"
2020-09-13,2020091301038341,RHPL,45,57,30,171.00,"5,130.00"
2020-09-13,2020091301038319,RHPL,49,38,30,174.00,"5,220.00"
2020-09-13,2020091301038668,RLFL,55,55,"1,000",131.00,"131,000.00"
2020-09-13,2020091301038684,RMDC,45,10,31,868.00,"26,908.00"
2020-09-13,2020091301038683,RMDC,53,10,69,868.00,"59,892.00"
2020-09-13,2020091301038669,RMDC,55,56,25,869.00,"21,725.00"
2020-09-13,2020091301038804,RRHP,44,56,10,105.00,"1,050.00"
2020-09-13,2020091301038803,RSDC,21,19,34,604.00,"20,536.00"
2020-09-13,2020091301038802,RSDC,21,36,66,604.00,"39,864.00"
2020-09-13,2020091301038796,RSDC,17,10,100,603.00,"60,300.00"
2020-09-13,2020091301038433,RSDC,59,19,50,604.00,"30,200.00"
2020-09-13,2020091301038387,SBL,44,6,140,306.00,"42,840.00"
2020-09-13,2020091301038386,SBL,44,58,60,306.00,"18,360.00"
2020-09-13,2020091301038385,SBL,44,32,50,306.00,"15,300.00"
2020-09-13,2020091301038384,SBL,44,5,250,305.00,"76,250.00"
2020-09-13,2020091301038756,SCB,36,39,100,656.00,"65,600.00"
2020-09-13,2020091301038755,SCB,26,39,180,656.00,"118,080.00"
2020-09-13,2020091301038557,SCB,26,35,20,656.00,"13,120.00"
2020-09-13,2020091301038596,SDLBSL,17,39,10,882.00,"8,820.00"
2020-09-13,2020091301038453,SDLBSL,34,56,100,883.00,"88,300.00"
2020-09-13,2020091301038452,SDLBSL,22,56,10,883.00,"8,830.00"
2020-09-13,2020091301038451,SDLBSL,16,56,20,883.00,"17,660.00"
2020-09-13,2020091301038450,SDLBSL,25,56,10,883.00,"8,830.00"
2020-09-13,2020091301038761,SHINE,49,19,200,238.00,"47,600.00"
2020-09-13,2020091301038795,SHIVM,25,22,150,745.00,"111,750.00"
2020-09-13,2020091301038794,SHIVM,47,22,10,745.00,"7,450.00"
2020-09-13,2020091301038540,SHIVM,47,36,50,745.00,"37,250.00"
2020-09-13,2020091301038446,SHIVM,26,36,100,745.00,"74,500.00"
2020-09-13,2020091301038382,SHIVM,52,36,100,745.00,"74,500.00"
2020-09-13,2020091301038381,SHIVM,10,36,100,745.00,"74,500.00"
2020-09-13,2020091301038380,SHIVM,57,36,100,745.00,"74,500.00"
2020-09-13,2020091301038379,SHIVM,57,36,50,745.00,"37,250.00"
2020-09-13,2020091301038741,SHL,41,38,140,163.00,"22,820.00"
2020-09-13,2020091301038582,SHL,51,34,460,164.00,"75,440.00"
2020-09-13,2020091301038581,SHL,51,4,115,164.00,"18,860.00"
2020-09-13,2020091301038580,SHL,51,6,400,164.00,"65,600.00"
2020-09-13,2020091301038525,SHL,41,10,100,163.00,"16,300.00"
2020-09-13,2020091301038658,SHPC,35,36,500,283.00,"141,500.00"
2020-09-13,2020091301038537,SHPC,54,6,"1,000",283.00,"283,000.00"
2020-09-13,2020091301038536,SHPC,35,6,198,283.00,"56,034.00"
2020-09-13,2020091301038354,SHPC,35,28,500,283.00,"141,500.00"
2020-09-13,2020091301038327,SHPC,35,36,302,283.00,"85,466.00"
2020-09-13,2020091301038569,SICL,58,26,226,"1,400.00","316,400.00"
2020-09-13,2020091301038568,SICL,58,36,74,"1,400.00","103,600.00"
2020-09-13,2020091301038369,SICL,4,36,226,"1,400.00","316,400.00"
2020-09-13,2020091301038368,SICL,4,13,"1,000","1,400.00","1,400,000.00"
2020-09-13,2020091301038367,SICL,4,4,274,"1,400.00","383,600.00"
2020-09-13,2020091301038758,SJCL,17,38,20,157.00,"3,140.00"
2020-09-13,2020091301038390,SJCL,17,57,20,157.00,"3,140.00"
2020-09-13,2020091301038643,SKBBL,57,44,18,"1,390.00","25,020.00"
2020-09-13,2020091301038776,SLBS,43,35,10,998.00,"9,980.00"
2020-09-13,2020091301038624,SLICL,44,51,334,645.00,"215,430.00"
2020-09-13,2020091301038623,SLICL,44,53,166,644.00,"106,904.00"
2020-09-13,2020091301038566,SLICL,6,37,150,641.00,"96,150.00"
2020-09-13,2020091301038565,SLICL,21,37,200,641.00,"128,200.00"
2020-09-13,2020091301038564,SLICL,41,37,50,641.00,"32,050.00"
2020-09-13,2020091301038563,SLICL,58,37,62,641.00,"39,742.00"
2020-09-13,2020091301038353,SLICL,58,41,38,641.00,"24,358.00"
2020-09-13,2020091301038789,STC,34,13,25,"3,275.00","81,875.00"
2020-09-13,2020091301038793,SWBBL,36,11,62,"1,305.00","80,910.00"
2020-09-13,2020091301038792,SWBBL,36,21,50,"1,305.00","65,250.00"
2020-09-13,2020091301038791,SWBBL,36,18,128,"1,305.00","167,040.00"
2020-09-13,2020091301038790,SWBBL,36,5,60,"1,305.00","78,300.00"
2020-09-13,2020091301038633,SWBBL,36,33,100,"1,303.00","130,300.00"
2020-09-13,2020091301038632,SWBBL,36,25,70,"1,302.00","91,140.00"
2020-09-13,2020091301038631,SWBBL,36,26,30,"1,302.00","39,060.00"
2020-09-13,2020091301038630,SWBBL,36,16,23,"1,301.00","29,923.00"
2020-09-13,2020091301038629,SWBBL,36,39,37,"1,300.00","48,100.00"
2020-09-13,2020091301038639,SWBBL,36,5,40,"1,305.00","52,200.00"
2020-09-13,2020091301038638,SWBBL,36,57,60,"1,304.00","78,240.00"
2020-09-13,2020091301038637,SWBBL,36,26,100,"1,304.00","130,400.00"
2020-09-13,2020091301038636,SWBBL,36,19,100,"1,304.00","130,400.00"
2020-09-13,2020091301038635,SWBBL,36,57,40,"1,303.00","52,120.00"
2020-09-13,2020091301038634,SWBBL,36,25,100,"1,303.00","130,300.00"
2020-09-13,2020091301038657,TRH,49,6,55,227.00,"12,485.00"
2020-09-13,2020091301038656,TRH,49,49,160,227.00,"36,320.00"
2020-09-13,2020091301038655,TRH,49,26,335,226.00,"75,710.00"
2020-09-13,2020091301038654,TRH,49,14,150,225.00,"33,750.00"
2020-09-13,2020091301038653,TRH,49,22,300,225.00,"67,500.00"
2020-09-13,2020091301038779,UIC,57,7,220,469.00,"103,180.00"
2020-09-13,2020091301038778,UIC,57,38,380,469.00,"178,220.00"
2020-09-13,2020091301038622,UIC,42,38,120,469.00,"56,280.00"
2020-09-13,2020091301038530,UIC,32,7,200,468.00,"93,600.00"
2020-09-13,2020091301038529,UIC,49,7,50,468.00,"23,400.00"
2020-09-13,2020091301038528,UIC,41,7,100,469.00,"46,900.00"
2020-09-13,2020091301038463,UMHL,56,43,101,120.00,"12,120.00"
2020-09-13,2020091301038462,UMHL,56,34,400,120.00,"48,000.00"
2020-09-13,2020091301038461,UMHL,56,39,981,120.00,"117,720.00"
2020-09-13,2020091301038469,UMHL,56,47,300,121.00,"36,300.00"
2020-09-13,2020091301038468,UMHL,56,36,"2,000",121.00,"242,000.00"
2020-09-13,2020091301038467,UMHL,56,40,200,121.00,"24,200.00"
2020-09-13,2020091301038466,UMHL,56,19,200,120.00,"24,000.00"
2020-09-13,2020091301038465,UMHL,56,40,100,120.00,"12,000.00"
2020-09-13,2020091301038464,UMHL,56,29,50,120.00,"6,000.00"
2020-09-13,2020091301038373,UNHPL,17,36,10,71.00,710.00
2020-09-13,2020091301038492,UNL,52,56,10,"20,200.00","202,000.00"
2020-09-13,2020091301038686,UPCL,51,56,50,98.00,"4,900.00"
2020-09-13,2020091301038524,UPCL,49,56,950,98.00,"93,100.00"
2020-09-13,2020091301038499,UPCL,49,57,50,98.00,"4,900.00"
2020-09-13,2020091301038445,UPPER,47,57,40,254.00,"10,160.00"
2020-09-13,2020091301038666,USLB,34,19,22,"1,187.00","26,114.00"
2020-09-13,2020091301038606,USLB,34,19,22,"1,187.00","26,114.00"
2020-09-13,2020091301038460,USLB,34,19,22,"1,187.00","26,114.00"
2020-09-13,2020091301038188,ACLBSL,3,57,10,767.00,"7,670.00"
2020-09-13,2020091301038180,ACLBSL,44,48,10,774.00,"7,740.00"
2020-09-13,2020091301038009,ACLBSL,58,34,47,770.00,"36,190.00"
2020-09-13,2020091301038008,ACLBSL,36,34,189,770.00,"145,530.00"
2020-09-13,2020091301038037,ADBL,44,50,500,428.00,"214,000.00"
2020-09-13,2020091301037998,ADBL,46,46,50,426.00,"21,300.00"
2020-09-13,2020091301037862,AHPC,42,41,178,130.00,"23,140.00"
2020-09-13,2020091301037861,AHPC,51,41,322,130.00,"41,860.00"
2020-09-13,2020091301038305,AIL,38,58,10,532.00,"5,320.00"
2020-09-13,2020091301038292,AIL,38,39,10,532.00,"5,320.00"
2020-09-13,2020091301038151,AIL,38,56,10,532.00,"5,320.00"
2020-09-13,2020091301037990,AIL,38,56,10,532.00,"5,320.00"
2020-09-13,2020091301037982,AIL,29,59,10,533.00,"5,330.00"
2020-09-13,2020091301037946,AIL,36,59,100,533.00,"53,300.00"
2020-09-13,2020091301037874,AIL,34,16,10,533.00,"5,330.00"
2020-09-13,2020091301037860,AIL,34,56,10,533.00,"5,330.00"
2020-09-13,2020091301037945,AIL,14,59,20,533.00,"10,660.00"
2020-09-13,2020091301037944,AIL,34,59,40,533.00,"21,320.00"
2020-09-13,2020091301037933,AIL,34,56,10,533.00,"5,330.00"
2020-09-13,2020091301037913,AIL,34,1,10,533.00,"5,330.00"
2020-09-13,2020091301037912,AIL,34,38,10,533.00,"5,330.00"
2020-09-13,2020091301037911,AIL,34,28,10,533.00,"5,330.00"
2020-09-13,2020091301037953,AKJCL,57,38,10,63.00,630.00
2020-09-13,2020091301037924,AKPL,41,16,100,175.00,"17,500.00"
2020-09-13,2020091301038272,ALBSL,11,51,10,900.00,"9,000.00"
2020-09-13,2020091301038148,ALBSL,35,51,10,900.00,"9,000.00"
2020-09-13,2020091301037979,ALBSL,10,49,100,900.00,"90,000.00"
2020-09-13,2020091301038211,ALICL,11,46,50,776.00,"38,800.00"
2020-09-13,2020091301038210,ALICL,11,49,100,776.00,"77,600.00"
2020-09-13,2020091301038209,ALICL,11,41,50,776.00,"38,800.00"
2020-09-13,2020091301038208,ALICL,11,43,100,776.00,"77,600.00"
2020-09-13,2020091301038207,ALICL,11,57,10,776.00,"7,760.00"
2020-09-13,2020091301038206,ALICL,11,57,100,775.00,"77,500.00"
2020-09-13,2020091301038205,ALICL,11,40,200,775.00,"155,000.00"
2020-09-13,2020091301038204,ALICL,11,52,50,775.00,"38,750.00"
2020-09-13,2020091301038203,ALICL,11,49,200,774.00,"154,800.00"
2020-09-13,2020091301038283,API,36,26,101,137.00,"13,837.00"
2020-09-13,2020091301038142,API,8,16,67,138.00,"9,246.00"
2020-09-13,2020091301038141,API,8,35,23,138.00,"3,174.00"
2020-09-13,2020091301038095,API,39,35,200,138.00,"27,600.00"
2020-09-13,2020091301037859,API,44,35,500,138.00,"69,000.00"
2020-09-13,2020091301038044,BOKL,25,14,336,237.00,"79,632.00"
2020-09-13,2020091301038299,BPCL,50,14,27,392.00,"10,584.00"
2020-09-13,2020091301038298,BPCL,25,14,500,392.00,"196,000.00"
2020-09-13,2020091301038106,BPCL,42,43,50,393.00,"19,650.00"
2020-09-13,2020091301038054,BPCL,38,43,100,393.00,"39,300.00"
2020-09-13,2020091301038000,BPCL,55,34,"1,800",391.00,"703,800.00"
2020-09-13,2020091301037999,BPCL,46,34,200,391.00,"78,200.00"
2020-09-13,2020091301037991,BPCL,26,32,28,392.00,"10,976.00"
2020-09-13,2020091301037928,BPCL,50,32,162,392.00,"63,504.00"
2020-09-13,2020091301037997,BPCL,26,43,107,393.00,"42,051.00"
2020-09-13,2020091301037996,BPCL,26,11,408,393.00,"160,344.00"
2020-09-13,2020091301037995,BPCL,26,41,100,393.00,"39,300.00"
2020-09-13,2020091301037994,BPCL,26,35,220,393.00,"86,460.00"
2020-09-13,2020091301037993,BPCL,26,14,37,393.00,"14,541.00"
2020-09-13,2020091301037992,BPCL,26,55,100,393.00,"39,300.00"
2020-09-13,2020091301038304,CBL,44,36,253,144.00,"36,432.00"
2020-09-13,2020091301038303,CBL,17,36,"2,052",144.00,"295,488.00"
2020-09-13,2020091301038302,CBL,58,36,"1,145",145.00,"166,025.00"
2020-09-13,2020091301038288,CBL,58,19,526,145.00,"76,270.00"
2020-09-13,2020091301038091,CBL,58,1,195,145.00,"28,275.00"
2020-09-13,2020091301038033,CBL,58,39,134,145.00,"19,430.00"
2020-09-13,2020091301038003,CBL,17,40,"1,400",144.00,"201,600.00"
2020-09-13,2020091301038002,CBL,42,40,100,145.00,"14,500.00"
2020-09-13,2020091301037972,CCBL,10,10,1,169.00,169.00
2020-09-13,2020091301037927,CCBL,58,29,204,172.00,"35,088.00"
2020-09-13,2020091301038186,CFCL,53,51,100,122.00,"12,200.00"
2020-09-13,2020091301038185,CFCL,20,51,500,122.00,"61,000.00"
2020-09-13,2020091301038184,CFCL,38,51,500,122.00,"61,000.00"
2020-09-13,2020091301038183,CFCL,14,51,500,122.00,"61,000.00"
2020-09-13,2020091301038182,CFCL,38,51,200,123.00,"24,600.00"
2020-09-13,2020091301038181,CFCL,52,51,200,123.00,"24,600.00"
2020-09-13,2020091301038162,CHCL,50,34,500,480.00,"240,000.00"
2020-09-13,2020091301038161,CHCL,3,34,250,480.00,"120,000.00"
2020-09-13,2020091301038149,CHCL,11,17,100,482.00,"48,200.00"
2020-09-13,2020091301037985,CHCL,10,17,20,483.00,"9,660.00"
2020-09-13,2020091301037984,CHCL,10,16,50,483.00,"24,150.00"
2020-09-13,2020091301037983,CHCL,10,52,30,483.00,"14,490.00"
2020-09-13,2020091301037895,CHCL,3,10,50,480.00,"24,000.00"
2020-09-13,2020091301037894,CHCL,3,47,200,480.00,"96,000.00"
2020-09-13,2020091301037893,CHCL,3,25,500,479.00,"239,500.00"
2020-09-13,2020091301038084,CHL,29,25,10,105.00,"1,050.00"
2020-09-13,2020091301038289,CIT,26,37,146,"3,416.00","498,736.00"
2020-09-13,2020091301038190,CIT,47,37,85,"3,416.00","290,360.00"
2020-09-13,2020091301038189,CIT,47,58,15,"3,415.00","51,225.00"
2020-09-13,2020091301038150,CIT,1,58,15,"3,415.00","51,225.00"
2020-09-13,2020091301038049,CIT,49,49,15,"3,415.00","51,225.00"
2020-09-13,2020091301037916,CIT,14,49,41,"3,415.00","140,015.00"
2020-09-13,2020091301037915,CIT,14,33,11,"3,415.00","37,565.00"
2020-09-13,2020091301037871,CIT,48,33,10,"3,415.00","34,150.00"
2020-09-13,2020091301037870,CIT,7,33,19,"3,415.00","64,885.00"
2020-09-13,2020091301037846,CIT,7,34,21,"3,415.00","71,715.00"
2020-09-13,2020091301037981,CLBSL,26,19,40,736.00,"29,440.00"
2020-09-13,2020091301037980,CLBSL,41,19,20,736.00,"14,720.00"
2020-09-13,2020091301038259,CORBL,42,55,20,128.00,"2,560.00"
2020-09-13,2020091301037888,CZBIL,38,42,10,195.00,"1,950.00"
2020-09-13,2020091301038258,DDBL,16,41,100,891.00,"89,100.00"
2020-09-13,2020091301038004,DDBL,1,41,27,891.00,"24,057.00"
2020-09-13,2020091301038110,EBL,38,22,200,728.00,"145,600.00"
2020-09-13,2020091301038109,EBL,16,22,31,728.00,"22,568.00"
2020-09-13,2020091301037962,EBL,16,29,69,728.00,"50,232.00"
2020-09-13,2020091301038137,EIC,40,26,60,583.00,"34,980.00"
2020-09-13,2020091301038136,EIC,1,26,440,584.00,"256,960.00"
2020-09-13,2020091301038097,EIC,1,3,"1,000",584.00,"584,000.00"
2020-09-13,2020091301038081,EIC,1,1,560,584.00,"327,040.00"
2020-09-13,2020091301037879,EIC,40,38,170,583.00,"99,110.00"
2020-09-13,2020091301037878,EIC,53,38,30,584.00,"17,520.00"
2020-09-13,2020091301037877,EIC,52,38,100,584.00,"58,400.00"
2020-09-13,2020091301038125,FMDBL,29,25,148,609.00,"90,132.00"
2020-09-13,2020091301038124,FMDBL,6,25,10,609.00,"6,090.00"
2020-09-13,2020091301038123,FMDBL,26,25,100,609.00,"60,900.00"
