Date,Transact. No.,Symbol,Buyer,Seller,Quantity,Rate,Amount
2019-10-31,2019103101003257,ADBL,6,38,150,413.00,"61,950.00"
2019-10-31,2019103101003142,ADBL,16,26,"1,000",414.00,"414,000.00"
2019-10-31,2019103101003114,ADBL,16,16,111,414.00,"45,954.00"
2019-10-31,2019103101003113,ADBL,16,59,17,414.00,"7,038.00"
2019-10-31,2019103101003112,ADBL,16,14,85,414.00,"35,190.00"
2019-10-31,2019103101003493,AHPC,17,25,200,99.00,"19,800.00"
2019-10-31,2019103101003439,AHPC,17,58,54,99.00,"5,346.00"
2019-10-31,2019103101003161,AHPC,17,25,100,99.00,"9,900.00"
2019-10-31,2019103101003160,AHPC,17,52,120,99.00,"11,880.00"
2019-10-31,2019103101003224,AKBSL,43,50,30,407.00,"12,210.00"
2019-10-31,2019103101003223,AKBSL,25,50,50,408.00,"20,400.00"
2019-10-31,2019103101003222,AKBSL,26,50,10,408.00,"4,080.00"
2019-10-31,2019103101003298,AKJCL,56,55,30,57.00,"1,710.00"
2019-10-31,2019103101003362,AKPL,6,17,99,129.00,"12,771.00"
2019-10-31,2019103101003123,AKPL,6,17,20,129.00,"2,580.00"
2019-10-31,2019103101003267,ALBSL,1,39,50,388.00,"19,400.00"
2019-10-31,2019103101003197,ALBSL,1,25,80,388.00,"31,040.00"
2019-10-31,2019103101003149,ALBSL,1,17,10,388.00,"3,880.00"
2019-10-31,2019103101003464,API,25,22,30,110.00,"3,300.00"
2019-10-31,2019103101003440,API,25,35,11,109.00,"1,199.00"
2019-10-31,2019103101003383,API,25,17,29,109.00,"3,161.00"
2019-10-31,2019103101003322,API,22,22,20,110.00,"2,200.00"
2019-10-31,2019103101003361,BFC,49,8,10,90.00,900.00
2019-10-31,2019103101003355,BFC,8,8,90,91.00,"8,190.00"
2019-10-31,2019103101003487,BOKL,25,50,"1,153",224.00,"258,272.00"
2019-10-31,2019103101003419,BOKL,7,50,100,225.00,"22,500.00"
2019-10-31,2019103101003313,BOKL,52,50,500,225.00,"112,500.00"
2019-10-31,2019103101003166,BOKL,25,38,50,224.00,"11,200.00"
2019-10-31,2019103101003139,BOKL,25,26,471,224.00,"105,504.00"
2019-10-31,2019103101003138,BOKL,40,26,100,224.00,"22,400.00"
2019-10-31,2019103101003137,BOKL,14,26,50,225.00,"11,250.00"
2019-10-31,2019103101003136,BOKL,56,26,300,225.00,"67,500.00"
2019-10-31,2019103101003135,BOKL,38,26,30,225.00,"6,750.00"
2019-10-31,2019103101003134,BOKL,22,26,10,225.00,"2,250.00"
2019-10-31,2019103101003133,BOKL,40,26,39,225.00,"8,775.00"
2019-10-31,2019103101003499,BPCL,33,34,10,367.00,"3,670.00"
2019-10-31,2019103101003498,BPCL,33,38,100,365.00,"36,500.00"
2019-10-31,2019103101003594,CBBL,45,6,95,971.00,"92,245.00"
2019-10-31,2019103101003178,CBBL,45,26,164,971.00,"159,244.00"
2019-10-31,2019103101003177,CBBL,56,26,20,972.00,"19,440.00"
2019-10-31,2019103101003539,CBL,49,7,20,143.00,"2,860.00"
2019-10-31,2019103101003505,CBL,43,7,10,143.00,"1,430.00"
2019-10-31,2019103101003186,CBL,37,26,550,141.00,"77,550.00"
2019-10-31,2019103101003185,CBL,32,26,100,142.00,"14,200.00"
2019-10-31,2019103101003574,CCBL,49,59,"1,000",158.00,"158,000.00"
2019-10-31,2019103101003573,CCBL,49,34,500,158.00,"79,000.00"
2019-10-31,2019103101003572,CCBL,49,13,500,158.00,"79,000.00"
2019-10-31,2019103101003571,CCBL,49,13,500,158.00,"79,000.00"
2019-10-31,2019103101003570,CCBL,49,28,22,158.00,"3,476.00"
2019-10-31,2019103101003569,CCBL,49,1,441,157.00,"69,237.00"
2019-10-31,2019103101003568,CCBL,49,25,433,157.00,"67,981.00"
2019-10-31,2019103101003461,CCBL,26,35,50,156.00,"7,800.00"
2019-10-31,2019103101003153,CCBL,32,1,49,157.00,"7,693.00"
2019-10-31,2019103101003152,CCBL,32,6,26,157.00,"4,082.00"
2019-10-31,2019103101003151,CCBL,32,6,25,157.00,"3,925.00"
2019-10-31,2019103101003541,CHCL,39,49,100,422.00,"42,200.00"
2019-10-31,2019103101003512,CHCL,16,56,100,419.00,"41,900.00"
2019-10-31,2019103101003485,CHCL,16,36,600,419.00,"251,400.00"
2019-10-31,2019103101003146,CHCL,14,26,200,418.00,"83,600.00"
2019-10-31,2019103101003117,CIT,37,35,25,"1,793.00","44,825.00"
2019-10-31,2019103101003116,CIT,44,35,50,"1,795.00","89,750.00"
2019-10-31,2019103101003115,CIT,22,35,10,"1,796.00","17,960.00"
2019-10-31,2019103101003583,CZBIL,6,57,200,192.00,"38,400.00"
2019-10-31,2019103101003490,CZBIL,6,35,200,192.00,"38,400.00"
2019-10-31,2019103101003339,CZBIL,6,50,"1,267",192.00,"243,264.00"
2019-10-31,2019103101003272,CZBIL,6,17,500,192.00,"96,000.00"
2019-10-31,2019103101003264,CZBIL,6,38,100,192.00,"19,200.00"
2019-10-31,2019103101003176,CZBIL,6,7,40,192.00,"7,680.00"
2019-10-31,2019103101003172,CZBIL,17,50,100,193.00,"19,300.00"
2019-10-31,2019103101003492,DBBL,55,43,350,124.00,"43,400.00"
2019-10-31,2019103101003409,DBBL,55,43,"1,200",124.00,"148,800.00"
2019-10-31,2019103101003352,DBBL,55,48,543,124.00,"67,332.00"
2019-10-31,2019103101003351,DBBL,26,48,"3,000",124.00,"372,000.00"
2019-10-31,2019103101003350,DBBL,40,48,100,124.00,"12,400.00"
2019-10-31,2019103101003349,DBBL,47,48,76,124.00,"9,424.00"
2019-10-31,2019103101003299,DBBL,51,43,150,125.00,"18,750.00"
2019-10-31,2019103101003193,DBBL,47,26,124,124.00,"15,376.00"
2019-10-31,2019103101003192,DBBL,37,26,32,125.00,"4,000.00"
2019-10-31,2019103101003170,DBBL,37,43,968,125.00,"121,000.00"
2019-10-31,2019103101003169,DBBL,57,43,200,125.00,"25,000.00"
2019-10-31,2019103101003168,DBBL,17,43,57,125.00,"7,125.00"
2019-10-31,2019103101003279,DDBL,38,38,50,723.00,"36,150.00"
2019-10-31,2019103101003598,EBL,6,44,50,558.00,"27,900.00"
2019-10-31,2019103101003532,EBL,44,35,120,553.00,"66,360.00"
2019-10-31,2019103101003531,EBL,22,35,10,554.00,"5,540.00"
2019-10-31,2019103101003530,EBL,34,35,200,554.00,"110,800.00"
2019-10-31,2019103101003529,EBL,58,35,70,554.00,"38,780.00"
2019-10-31,2019103101003414,EBL,13,1,577,555.00,"320,235.00"
2019-10-31,2019103101003194,EBL,51,26,50,555.00,"27,750.00"
2019-10-31,2019103101003164,EBL,21,19,28,555.00,"15,540.00"
2019-10-31,2019103101003354,EBL,58,38,30,554.00,"16,620.00"
2019-10-31,2019103101003353,EBL,35,38,20,554.00,"11,080.00"
2019-10-31,2019103101003287,EBL,17,1,30,555.00,"16,650.00"
2019-10-31,2019103101003286,EBL,19,1,50,555.00,"27,750.00"
2019-10-31,2019103101003285,EBL,51,1,150,555.00,"83,250.00"
2019-10-31,2019103101003284,EBL,53,1,68,555.00,"37,740.00"
2019-10-31,2019103101003421,EIC,32,34,50,229.00,"11,450.00"
2019-10-31,2019103101003323,EIC,45,34,100,229.00,"22,900.00"
2019-10-31,2019103101003175,EIC,32,16,44,230.00,"10,120.00"
2019-10-31,2019103101003174,EIC,32,56,46,230.00,"10,580.00"
2019-10-31,2019103101003458,FMDBL,25,45,45,308.00,"13,860.00"
2019-10-31,2019103101003457,FMDBL,17,45,55,308.00,"16,940.00"
2019-10-31,2019103101003474,GBBL,40,22,200,220.00,"44,000.00"
2019-10-31,2019103101003452,GBBL,40,4,204,220.00,"44,880.00"
2019-10-31,2019103101003408,GBBL,40,34,23,220.00,"5,060.00"
2019-10-31,2019103101003407,GBBL,40,34,277,220.00,"60,940.00"
2019-10-31,2019103101003225,GBBL,40,4,200,221.00,"44,200.00"
2019-10-31,2019103101003205,GBBL,40,4,96,221.00,"21,216.00"
2019-10-31,2019103101003204,GBBL,40,25,104,221.00,"22,984.00"
2019-10-31,2019103101003199,GBBL,40,26,500,220.00,"110,000.00"
2019-10-31,2019103101003584,GBLBS,18,51,305,310.00,"94,550.00"
2019-10-31,2019103101003451,GBLBS,42,51,10,310.00,"3,100.00"
2019-10-31,2019103101003447,GBLBS,39,51,85,310.00,"26,350.00"
2019-10-31,2019103101003470,GILB,22,6,30,765.00,"22,950.00"
2019-10-31,2019103101003469,GILB,22,57,200,765.00,"153,000.00"
2019-10-31,2019103101003468,GILB,22,22,10,764.00,"7,640.00"
2019-10-31,2019103101003370,GILB,22,6,100,760.00,"76,000.00"
2019-10-31,2019103101003369,GILB,22,6,20,755.00,"15,100.00"
2019-10-31,2019103101003368,GILB,22,25,22,754.00,"16,588.00"
2019-10-31,2019103101003367,GILB,22,6,20,750.00,"15,000.00"
2019-10-31,2019103101003557,GLICL,50,35,50,348.00,"17,400.00"
2019-10-31,2019103101003556,GLICL,3,35,50,349.00,"17,450.00"
2019-10-31,2019103101003555,GLICL,56,35,50,349.00,"17,450.00"
2019-10-31,2019103101003554,GLICL,26,35,50,350.00,"17,500.00"
2019-10-31,2019103101003413,GLICL,49,48,250,352.00,"88,000.00"
2019-10-31,2019103101003412,GLICL,41,48,200,352.00,"70,400.00"
2019-10-31,2019103101003411,GLICL,42,48,10,353.00,"3,530.00"
2019-10-31,2019103101003183,GLICL,42,39,190,353.00,"67,070.00"
2019-10-31,2019103101003182,GLICL,42,39,20,353.00,"7,060.00"
2019-10-31,2019103101003165,GLICL,29,48,300,354.00,"106,200.00"
2019-10-31,2019103101003497,GMFBS,36,56,90,461.00,"41,490.00"
2019-10-31,2019103101003496,GMFBS,55,56,100,462.00,"46,200.00"
2019-10-31,2019103101003495,GMFBS,36,56,50,463.00,"23,150.00"
2019-10-31,2019103101003238,GMFBS,36,33,50,463.00,"23,150.00"
2019-10-31,2019103101003482,GMFIL,25,58,100,116.00,"11,600.00"
2019-10-31,2019103101003398,GRDBL,4,17,20,102.00,"2,040.00"
2019-10-31,2019103101003171,GRDBL,4,17,50,102.00,"5,100.00"
2019-10-31,2019103101003586,HDL,58,21,15,"1,490.00","22,350.00"
2019-10-31,2019103101003471,HGI,25,33,100,265.00,"26,500.00"
2019-10-31,2019103101003364,HGI,48,33,"1,000",265.00,"265,000.00"
2019-10-31,2019103101003363,HGI,26,33,134,265.00,"35,510.00"
2019-10-31,2019103101003537,HIDCL,26,38,61,135.00,"8,235.00"
2019-10-31,2019103101003519,HIDCL,26,38,61,134.00,"8,174.00"
2019-10-31,2019103101003158,HIDCL,26,38,61,135.00,"8,235.00"
2019-10-31,2019103101003424,HPPL,18,17,10,139.00,"1,390.00"
2019-10-31,2019103101003188,HPPL,47,17,20,140.00,"2,800.00"
2019-10-31,2019103101003206,HURJA,59,55,20,103.00,"2,060.00"
2019-10-31,2019103101003163,IGI,40,7,34,285.00,"9,690.00"
2019-10-31,2019103101003566,ILBS,32,26,60,435.00,"26,100.00"
2019-10-31,2019103101003553,ILBS,32,18,10,435.00,"4,350.00"
2019-10-31,2019103101003546,ILBS,32,18,10,435.00,"4,350.00"
2019-10-31,2019103101003462,ILBS,32,17,10,435.00,"4,350.00"
2019-10-31,2019103101003237,ILBS,33,58,10,439.00,"4,390.00"
2019-10-31,2019103101003483,JBBL,57,46,75,157.00,"11,775.00"
2019-10-31,2019103101003395,JBBL,57,46,100,157.00,"15,700.00"
2019-10-31,2019103101003394,JBBL,32,46,125,157.00,"19,625.00"
2019-10-31,2019103101003239,JFL,45,32,10,194.00,"1,940.00"
2019-10-31,2019103101003438,KBL,32,53,496,180.00,"89,280.00"
2019-10-31,2019103101003437,KBL,7,53,600,181.00,"108,600.00"
2019-10-31,2019103101003436,KBL,5,53,50,181.00,"9,050.00"
2019-10-31,2019103101003435,KBL,58,53,200,181.00,"36,200.00"
2019-10-31,2019103101003434,KBL,8,53,150,181.00,"27,150.00"
2019-10-31,2019103101003433,KBL,34,53,29,182.00,"5,278.00"
2019-10-31,2019103101003432,KBL,32,53,100,182.00,"18,200.00"
2019-10-31,2019103101003360,KBL,34,5,18,182.00,"3,276.00"
2019-10-31,2019103101003359,KBL,34,5,33,182.00,"6,006.00"
2019-10-31,2019103101003535,LBBL,35,42,370,172.00,"63,640.00"
2019-10-31,2019103101003534,LBBL,58,42,30,173.00,"5,190.00"
2019-10-31,2019103101003207,LBBL,58,26,270,173.00,"46,710.00"
2019-10-31,2019103101003229,LBL,6,29,200,218.00,"43,600.00"
2019-10-31,2019103101003221,LBL,37,7,50,217.00,"10,850.00"
2019-10-31,2019103101003217,LGIL,44,39,"1,000",314.00,"314,000.00"
2019-10-31,2019103101003216,LGIL,49,39,500,315.00,"157,500.00"
2019-10-31,2019103101003215,LGIL,52,39,100,315.00,"31,500.00"
2019-10-31,2019103101003214,LGIL,49,39,"2,000",315.00,"630,000.00"
2019-10-31,2019103101003213,LGIL,52,39,20,316.00,"6,320.00"
2019-10-31,2019103101003212,LGIL,17,39,100,316.00,"31,600.00"
2019-10-31,2019103101003481,MBL,55,14,50,233.00,"11,650.00"
2019-10-31,2019103101003480,MBL,55,42,100,233.00,"23,300.00"
2019-10-31,2019103101003311,MBL,16,26,800,232.00,"185,600.00"
2019-10-31,2019103101003310,MDB,40,33,100,249.00,"24,900.00"
2019-10-31,2019103101003599,MEGA,13,6,279,202.00,"56,358.00"
2019-10-31,2019103101003581,MEGA,43,17,10,203.00,"2,030.00"
2019-10-31,2019103101003567,MEGA,13,25,700,202.00,"141,400.00"
2019-10-31,2019103101003559,MEGA,13,17,"1,501",202.00,"303,202.00"
2019-10-31,2019103101003550,MEGA,3,11,38,202.00,"7,676.00"
2019-10-31,2019103101003147,MEGA,5,18,107,201.00,"21,507.00"
2019-10-31,2019103101003145,MEGA,41,57,32,202.00,"6,464.00"
2019-10-31,2019103101003144,MEGA,41,13,468,202.00,"94,536.00"
2019-10-31,2019103101003109,MEGA,1,13,500,202.00,"101,000.00"
2019-10-31,2019103101003191,MEGA,50,1,742,202.00,"149,884.00"
2019-10-31,2019103101003190,MEGA,50,38,990,202.00,"199,980.00"
2019-10-31,2019103101003189,MEGA,50,57,268,202.00,"54,136.00"
2019-10-31,2019103101003162,MEGA,5,18,144,201.00,"28,944.00"
2019-10-31,2019103101003159,MEGA,5,34,56,201.00,"11,256.00"
2019-10-31,2019103101003242,MEGA,44,42,802,202.00,"162,004.00"
2019-10-31,2019103101003226,MEGA,5,57,250,201.00,"50,250.00"
2019-10-31,2019103101003211,MEGA,34,7,350,202.00,"70,700.00"
2019-10-31,2019103101003210,MEGA,34,1,50,202.00,"10,100.00"
2019-10-31,2019103101003278,MEGA,57,6,300,202.00,"60,600.00"
2019-10-31,2019103101003244,MEGA,44,6,48,202.00,"9,696.00"
2019-10-31,2019103101003243,MEGA,44,7,150,202.00,"30,300.00"
2019-10-31,2019103101003302,MEGA,36,6,"1,000",202.00,"202,000.00"
2019-10-31,2019103101003282,MEGA,57,34,460,201.00,"92,460.00"
2019-10-31,2019103101003281,MEGA,57,34,500,201.00,"100,500.00"
2019-10-31,2019103101003280,MEGA,5,34,40,201.00,"8,040.00"
2019-10-31,2019103101003324,MEGA,57,41,500,201.00,"100,500.00"
2019-10-31,2019103101003316,MEGA,33,51,474,202.00,"95,748.00"
2019-10-31,2019103101003315,MEGA,33,33,100,202.00,"20,200.00"
2019-10-31,2019103101003314,MEGA,33,6,426,202.00,"86,052.00"
2019-10-31,2019103101003312,MEGA,57,6,200,202.00,"40,400.00"
2019-10-31,2019103101003335,MEGA,49,34,50,202.00,"10,100.00"
2019-10-31,2019103101003334,MEGA,34,34,474,202.00,"95,748.00"
2019-10-31,2019103101003333,MEGA,34,51,26,202.00,"5,252.00"
2019-10-31,2019103101003332,MEGA,57,34,"1,500",201.00,"301,500.00"
2019-10-31,2019103101003379,MEGA,44,57,24,202.00,"4,848.00"
2019-10-31,2019103101003378,MEGA,44,25,476,202.00,"96,152.00"
2019-10-31,2019103101003372,MEGA,39,25,24,202.00,"4,848.00"
2019-10-31,2019103101003371,MEGA,39,34,976,202.00,"197,152.00"
2019-10-31,2019103101003365,MEGA,59,34,500,202.00,"101,000.00"
2019-10-31,2019103101003417,MEGA,47,25,216,202.00,"43,632.00"
2019-10-31,2019103101003416,MEGA,47,14,500,202.00,"101,000.00"
2019-10-31,2019103101003415,MEGA,47,57,124,202.00,"25,048.00"
2019-10-31,2019103101003402,MEGA,1,57,126,202.00,"25,452.00"
2019-10-31,2019103101003401,MEGA,1,49,221,202.00,"44,642.00"
2019-10-31,2019103101003400,MEGA,1,57,153,202.00,"30,906.00"
2019-10-31,2019103101003460,MEGA,57,40,200,202.00,"40,400.00"
2019-10-31,2019103101003456,MEGA,57,42,300,202.00,"60,600.00"
2019-10-31,2019103101003455,MEGA,57,39,29,202.00,"5,858.00"
2019-10-31,2019103101003454,MEGA,57,55,640,202.00,"129,280.00"
2019-10-31,2019103101003453,MEGA,57,25,784,202.00,"158,368.00"
2019-10-31,2019103101003494,MEGA,13,11,"1,800",202.00,"363,600.00"
2019-10-31,2019103101003479,MEGA,51,11,50,202.00,"10,100.00"
2019-10-31,2019103101003473,MEGA,41,11,30,202.00,"6,060.00"
2019-10-31,2019103101003472,MEGA,57,11,87,202.00,"17,574.00"
2019-10-31,2019103101003547,MERO,26,6,33,559.00,"18,447.00"
2019-10-31,2019103101003489,MERO,26,32,55,559.00,"30,745.00"
2019-10-31,2019103101003488,MERO,44,32,25,560.00,"14,000.00"
2019-10-31,2019103101003180,MERO,1,32,10,561.00,"5,610.00"
2019-10-31,2019103101003118,MERO,1,32,10,561.00,"5,610.00"
2019-10-31,2019103101003582,MHNL,38,58,60,81.00,"4,860.00"
2019-10-31,2019103101003268,MLBL,4,8,89,214.00,"19,046.00"
2019-10-31,2019103101003235,MLBL,37,26,18,212.00,"3,816.00"
2019-10-31,2019103101003234,MLBL,19,26,57,212.00,"12,084.00"
2019-10-31,2019103101003233,MLBL,38,26,50,212.00,"10,600.00"
2019-10-31,2019103101003232,MLBL,13,26,450,213.00,"95,850.00"
2019-10-31,2019103101003231,MLBL,11,26,400,213.00,"85,200.00"
2019-10-31,2019103101003230,MLBL,50,26,25,213.00,"5,325.00"
2019-10-31,2019103101003203,MLBL,8,8,50,214.00,"10,700.00"
2019-10-31,2019103101003202,MLBL,35,8,500,214.00,"107,000.00"
2019-10-31,2019103101003560,MNBBL,50,44,429,317.00,"135,993.00"
2019-10-31,2019103101003291,MNBBL,50,38,42,316.00,"13,272.00"
2019-10-31,2019103101003290,MNBBL,19,38,58,317.00,"18,386.00"
2019-10-31,2019103101003563,NABIL,58,34,10,761.00,"7,610.00"
2019-10-31,2019103101003542,NABIL,25,58,60,755.00,"45,300.00"
2019-10-31,2019103101003536,NABIL,6,58,100,755.00,"75,500.00"
2019-10-31,2019103101003511,NABIL,45,58,15,755.00,"11,325.00"
2019-10-31,2019103101003346,NABIL,49,58,284,755.00,"214,420.00"
2019-10-31,2019103101003342,NABIL,13,58,70,755.00,"52,850.00"
2019-10-31,2019103101003240,NABIL,25,26,40,754.00,"30,160.00"
2019-10-31,2019103101003196,NABIL,7,19,144,753.00,"108,432.00"
2019-10-31,2019103101003179,NABIL,19,58,50,755.00,"37,750.00"
2019-10-31,2019103101003218,NADEP,52,17,20,395.00,"7,900.00"
2019-10-31,2019103101003187,NADEP,52,55,10,395.00,"3,950.00"
2019-10-31,2019103101003227,NBB,55,55,12,211.00,"2,532.00"
2019-10-31,2019103101003577,NBL,35,8,20,317.00,"6,340.00"
2019-10-31,2019103101003565,NBL,39,22,40,316.00,"12,640.00"
2019-10-31,2019103101003564,NBL,44,22,250,316.00,"79,000.00"
2019-10-31,2019103101003548,NBL,33,22,10,317.00,"3,170.00"
2019-10-31,2019103101003516,NBL,44,46,250,316.00,"79,000.00"
2019-10-31,2019103101003515,NBL,32,46,150,316.00,"47,400.00"
2019-10-31,2019103101003258,NBL,32,22,300,317.00,"95,100.00"
2019-10-31,2019103101003246,NBL,32,46,700,317.00,"221,900.00"
2019-10-31,2019103101003245,NBL,29,46,300,317.00,"95,100.00"
2019-10-31,2019103101003427,NBL,32,37,850,316.00,"268,600.00"
2019-10-31,2019103101003426,NBL,17,37,150,316.00,"47,400.00"
2019-10-31,2019103101003406,NBL,17,8,850,316.00,"268,600.00"
2019-10-31,2019103101003405,NBL,19,8,150,316.00,"47,400.00"
2019-10-31,2019103101003404,NBL,34,8,200,316.00,"63,200.00"
2019-10-31,2019103101003403,NBL,59,8,800,316.00,"252,800.00"
2019-10-31,2019103101003600,NCCB,33,58,20,204.00,"4,080.00"
2019-10-31,2019103101003585,NCCB,58,58,10,204.00,"2,040.00"
2019-10-31,2019103101003552,NCCB,8,58,10,204.00,"2,040.00"
2019-10-31,2019103101003377,NCCB,17,5,"1,000",202.00,"202,000.00"
2019-10-31,2019103101003376,NCCB,35,5,"1,000",202.00,"202,000.00"
2019-10-31,2019103101003150,NCCB,50,8,301,203.00,"61,103.00"
2019-10-31,2019103101003110,NHDL,7,35,390,95.00,"37,050.00"
2019-10-31,2019103101003478,NIB,39,6,351,441.00,"154,791.00"
2019-10-31,2019103101003236,NIB,39,17,49,441.00,"21,609.00"
2019-10-31,2019103101003143,NIBLPF,6,35,"2,100",6.90,"14,490.00"
2019-10-31,2019103101003520,NIBPO,7,4,500,405.00,"202,500.00"
2019-10-31,2019103101003597,NICA,32,28,46,408.00,"18,768.00"
2019-10-31,2019103101003596,NICA,47,28,100,408.00,"40,800.00"
2019-10-31,2019103101003595,NICA,56,28,300,408.00,"122,400.00"
2019-10-31,2019103101003551,NICA,49,28,10,409.00,"4,090.00"
2019-10-31,2019103101003524,NICA,17,45,150,409.00,"61,350.00"
2019-10-31,2019103101003507,NICA,17,50,150,409.00,"61,350.00"
2019-10-31,2019103101003450,NICA,17,50,700,409.00,"286,300.00"
2019-10-31,2019103101003449,NICA,44,50,200,409.00,"81,800.00"
2019-10-31,2019103101003448,NICA,34,50,700,409.00,"286,300.00"
2019-10-31,2019103101003441,NICA,17,50,840,410.00,"344,400.00"
2019-10-31,2019103101003538,NICL,43,34,10,267.00,"2,670.00"
2019-10-31,2019103101003336,NICL,55,43,400,263.00,"105,200.00"
2019-10-31,2019103101003345,NLBBL,21,37,79,491.00,"38,789.00"
2019-10-31,2019103101003344,NLBBL,58,37,200,491.00,"98,200.00"
2019-10-31,2019103101003343,NLBBL,55,37,50,492.00,"24,600.00"
2019-10-31,2019103101003522,NLG,25,35,10,571.00,"5,710.00"
2019-10-31,2019103101003521,NLG,6,35,10,571.00,"5,710.00"
2019-10-31,2019103101003382,NLG,46,35,10,560.00,"5,600.00"
2019-10-31,2019103101003381,NLG,19,35,15,561.00,"8,415.00"
2019-10-31,2019103101003357,NLG,25,6,10,571.00,"5,710.00"
2019-10-31,2019103101003575,NLIC,19,11,50,802.00,"40,100.00"
2019-10-31,2019103101003491,NLIC,6,6,1,797.00,797.00
2019-10-31,2019103101003430,NLIC,57,11,48,802.00,"38,496.00"
2019-10-31,2019103101003429,NLIC,57,57,22,802.00,"17,644.00"
2019-10-31,2019103101003397,NLIC,57,16,130,801.00,"104,130.00"
2019-10-31,2019103101003387,NLIC,17,42,476,800.00,"380,800.00"
2019-10-31,2019103101003386,NLIC,19,42,24,800.00,"19,200.00"
2019-10-31,2019103101003220,NLIC,19,44,26,800.00,"20,800.00"
2019-10-31,2019103101003219,NLIC,45,44,274,800.00,"219,200.00"
2019-10-31,2019103101003208,NLIC,45,51,44,800.00,"35,200.00"
2019-10-31,2019103101003276,NLICL,56,39,160,430.00,"68,800.00"
2019-10-31,2019103101003275,NLICL,34,39,100,431.00,"43,100.00"
2019-10-31,2019103101003274,NLICL,7,39,40,431.00,"17,240.00"
2019-10-31,2019103101003273,NLICL,1,39,200,432.00,"86,400.00"
2019-10-31,2019103101003590,NTC,13,32,100,638.00,"63,800.00"
2019-10-31,2019103101003589,NTC,13,5,270,638.00,"172,260.00"
2019-10-31,2019103101003588,NTC,13,42,100,636.00,"63,600.00"
2019-10-31,2019103101003587,NTC,13,19,30,635.00,"19,050.00"
2019-10-31,2019103101003561,NTC,45,19,10,635.00,"6,350.00"
2019-10-31,2019103101003526,NTC,43,19,10,635.00,"6,350.00"
2019-10-31,2019103101003428,NTC,58,19,100,629.00,"62,900.00"
2019-10-31,2019103101003250,NTC,13,26,100,628.00,"62,800.00"
2019-10-31,2019103101003422,OHL,45,6,10,478.00,"4,780.00"
2019-10-31,2019103101003510,PCBL,39,42,11,263.00,"2,893.00"
2019-10-31,2019103101003509,PCBL,6,53,201,264.00,"53,064.00"
2019-10-31,2019103101003477,PCBL,13,53,"1,010",264.00,"266,640.00"
2019-10-31,2019103101003476,PCBL,13,53,386,264.00,"101,904.00"
2019-10-31,2019103101003475,PCBL,1,53,114,264.00,"30,096.00"
2019-10-31,2019103101003329,PCBL,1,36,76,264.00,"20,064.00"
2019-10-31,2019103101003328,PCBL,45,36,259,264.00,"68,376.00"
2019-10-31,2019103101003327,PCBL,13,36,615,264.00,"162,360.00"
2019-10-31,2019103101003326,PCBL,51,36,50,264.00,"13,200.00"
2019-10-31,2019103101003132,PCBL,13,53,390,265.00,"103,350.00"
2019-10-31,2019103101003131,PCBL,13,45,100,265.00,"26,500.00"
2019-10-31,2019103101003262,PFL,13,26,125,133.00,"16,625.00"
2019-10-31,2019103101003261,PFL,37,26,90,134.00,"12,060.00"
2019-10-31,2019103101003525,PRVU,44,57,100,268.00,"26,800.00"
2019-10-31,2019103101003518,PRVU,44,38,216,268.00,"57,888.00"
2019-10-31,2019103101003410,PRVU,44,36,"1,000",268.00,"268,000.00"
2019-10-31,2019103101003393,PRVU,44,43,300,268.00,"80,400.00"
2019-10-31,2019103101003392,PRVU,44,34,500,268.00,"134,000.00"
2019-10-31,2019103101003249,PRVU,51,36,269,268.00,"72,092.00"
2019-10-31,2019103101003248,PRVU,19,36,302,268.00,"80,936.00"
2019-10-31,2019103101003247,PRVU,14,36,429,268.00,"114,972.00"
2019-10-31,2019103101003155,PRVU,14,55,11,268.00,"2,948.00"
2019-10-31,2019103101003305,PRVU,55,4,86,268.00,"23,048.00"
2019-10-31,2019103101003303,PRVU,6,38,200,269.00,"53,800.00"
2019-10-31,2019103101003270,PRVU,55,26,264,268.00,"70,752.00"
2019-10-31,2019103101003269,PRVU,51,26,231,268.00,"61,908.00"
2019-10-31,2019103101003266,PRVU,49,38,84,269.00,"22,596.00"
2019-10-31,2019103101003265,PRVU,49,43,66,269.00,"17,754.00"
2019-10-31,2019103101003391,PRVU,44,36,"1,000",268.00,"268,000.00"
2019-10-31,2019103101003390,PRVU,44,44,624,268.00,"167,232.00"
2019-10-31,2019103101003358,PRVU,13,44,500,268.00,"134,000.00"
2019-10-31,2019103101003341,PRVU,42,44,300,268.00,"80,400.00"
2019-10-31,2019103101003340,PRVU,19,44,586,268.00,"157,048.00"
2019-10-31,2019103101003306,PRVU,19,4,414,268.00,"110,952.00"
2019-10-31,2019103101003321,RBCL,38,17,20,"8,105.00","162,100.00"
2019-10-31,2019103101003320,RBCL,35,17,25,"8,105.00","202,625.00"
2019-10-31,2019103101003319,RBCL,51,17,10,"8,105.00","81,050.00"
2019-10-31,2019103101003318,RBCL,54,17,15,"8,130.00","121,950.00"
2019-10-31,2019103101003104,RBCLPO,34,1,16,"7,131.00","114,096.00"
2019-10-31,2019103101003603,RHPL,54,39,40,175.00,"7,000.00"
2019-10-31,2019103101003467,RHPL,59,41,500,175.00,"87,500.00"
2019-10-31,2019103101003466,RHPL,59,19,"1,000",175.00,"175,000.00"
2019-10-31,2019103101003465,RHPL,59,26,30,175.00,"5,250.00"
2019-10-31,2019103101003425,RHPL,44,10,30,174.00,"5,220.00"
2019-10-31,2019103101003366,RHPL,44,10,30,174.00,"5,220.00"
2019-10-31,2019103101003228,RHPL,44,10,30,174.00,"5,220.00"
2019-10-31,2019103101003198,RHPL,44,10,30,174.00,"5,220.00"
2019-10-31,2019103101003173,RHPL,44,10,30,174.00,"5,220.00"
2019-10-31,2019103101003129,RHPL,44,1,590,174.00,"102,660.00"
2019-10-31,2019103101003119,RHPL,59,10,30,173.00,"5,190.00"
2019-10-31,2019103101003108,RHPL,59,10,30,173.00,"5,190.00"
2019-10-31,2019103101003325,RHPL,44,10,30,174.00,"5,220.00"
2019-10-31,2019103101003304,RHPL,44,38,10,174.00,"1,740.00"
2019-10-31,2019103101003300,RHPL,44,10,30,174.00,"5,220.00"
2019-10-31,2019103101003294,RHPL,45,26,10,175.00,"1,750.00"
2019-10-31,2019103101003263,RHPL,44,10,30,174.00,"5,220.00"
2019-10-31,2019103101003256,RHPL,44,17,40,174.00,"6,960.00"
2019-10-31,2019103101003503,RMDC,39,10,858,613.00,"525,954.00"
2019-10-31,2019103101003502,RMDC,49,10,100,616.00,"61,600.00"
2019-10-31,2019103101003501,RMDC,35,10,20,617.00,"12,340.00"
2019-10-31,2019103101003500,RMDC,11,10,22,617.00,"13,574.00"
2019-10-31,2019103101003331,RMDC,11,36,178,617.00,"109,826.00"
2019-10-31,2019103101003330,RMDC,37,36,22,620.00,"13,640.00"
2019-10-31,2019103101003296,RRHP,47,38,10,100.00,"1,000.00"
2019-10-31,2019103101003484,RSDC,33,53,10,333.00,"3,330.00"
2019-10-31,2019103101003423,SABSL,17,45,10,451.00,"4,510.00"
2019-10-31,2019103101003580,SANIMA,4,1,414,307.00,"127,098.00"
2019-10-31,2019103101003579,SANIMA,51,1,30,307.00,"9,210.00"
2019-10-31,2019103101003578,SANIMA,25,1,100,308.00,"30,800.00"
2019-10-31,2019103101003260,SANIMA,45,41,290,309.00,"89,610.00"
2019-10-31,2019103101003195,SANIMA,45,7,30,309.00,"9,270.00"
2019-10-31,2019103101003399,SAPDBL,38,38,63,121.00,"7,623.00"
2019-10-31,2019103101003593,SBI,49,20,"1,000",410.00,"410,000.00"
2019-10-31,2019103101003592,SBI,49,11,182,410.00,"74,620.00"
2019-10-31,2019103101003591,SBI,49,45,500,409.00,"204,500.00"
2019-10-31,2019103101003396,SBI,6,50,100,410.00,"41,000.00"
2019-10-31,2019103101003356,SBI,34,45,200,408.00,"81,600.00"
2019-10-31,2019103101003293,SBI,49,45,300,407.00,"122,100.00"
2019-10-31,2019103101003540,SBL,53,34,200,299.00,"59,800.00"
2019-10-31,2019103101003295,SBL,49,36,200,299.00,"59,800.00"
2019-10-31,2019103101003148,SBL,49,33,500,299.00,"149,500.00"
2019-10-31,2019103101003141,SBL,49,26,500,299.00,"149,500.00"
2019-10-31,2019103101003508,SCB,51,22,15,567.00,"8,505.00"
2019-10-31,2019103101003486,SCB,6,17,10,565.00,"5,650.00"
2019-10-31,2019103101003389,SCB,7,35,150,556.00,"83,400.00"
2019-10-31,2019103101003157,SCB,7,26,100,555.00,"55,500.00"
2019-10-31,2019103101003156,SCB,39,26,100,557.00,"55,700.00"
2019-10-31,2019103101003107,SCB,7,39,10,555.00,"5,550.00"
2019-10-31,2019103101003106,SCB,40,39,50,556.00,"27,800.00"
2019-10-31,2019103101003105,SCB,11,39,100,556.00,"55,600.00"
2019-10-31,2019103101003380,SDESI,35,4,50,610.00,"30,500.00"
2019-10-31,2019103101003283,SHINE,45,26,100,255.00,"25,500.00"
2019-10-31,2019103101003514,SIC,39,35,200,459.00,"91,800.00"
2019-10-31,2019103101003446,SIC,39,25,"1,540",459.00,"706,860.00"
2019-10-31,2019103101003445,SIC,17,25,20,460.00,"9,200.00"
2019-10-31,2019103101003444,SIC,39,25,50,460.00,"23,000.00"
2019-10-31,2019103101003443,SIC,19,25,50,462.00,"23,100.00"
2019-10-31,2019103101003558,SIL,46,44,10,377.00,"3,770.00"
2019-10-31,2019103101003533,SIL,46,25,10,370.00,"3,700.00"
2019-10-31,2019103101003140,SIL,34,20,77,363.00,"27,951.00"
2019-10-31,2019103101003527,SJCL,35,18,20,172.00,"3,440.00"
2019-10-31,2019103101003130,SJCL,35,10,20,172.00,"3,440.00"
2019-10-31,2019103101003111,SJCL,35,10,20,172.00,"3,440.00"
2019-10-31,2019103101003181,SJCL,35,10,20,172.00,"3,440.00"
2019-10-31,2019103101003241,SJCL,35,10,20,172.00,"3,440.00"
2019-10-31,2019103101003209,SJCL,35,10,20,172.00,"3,440.00"
2019-10-31,2019103101003277,SJCL,35,10,20,172.00,"3,440.00"
2019-10-31,2019103101003271,SJCL,35,17,20,172.00,"3,440.00"
2019-10-31,2019103101003259,SJCL,35,44,20,172.00,"3,440.00"
2019-10-31,2019103101003308,SJCL,35,10,20,172.00,"3,440.00"
2019-10-31,2019103101003301,SJCL,35,38,10,172.00,"1,720.00"
2019-10-31,2019103101003309,SJCL,37,26,10,173.00,"1,730.00"
2019-10-31,2019103101003338,SJCL,35,10,10,172.00,"1,720.00"
2019-10-31,2019103101003337,SJCL,37,10,10,173.00,"1,730.00"
2019-10-31,2019103101003384,SJCL,35,10,20,172.00,"3,440.00"
2019-10-31,2019103101003442,SJCL,35,10,20,172.00,"3,440.00"
2019-10-31,2019103101003517,SJCL,35,18,20,172.00,"3,440.00"
2019-10-31,2019103101003506,SJCL,35,18,20,172.00,"3,440.00"
2019-10-31,2019103101003602,SKBBL,39,26,500,924.00,"462,000.00"
2019-10-31,2019103101003601,SKBBL,22,26,100,924.00,"92,400.00"
2019-10-31,2019103101003385,SKBBL,39,48,50,922.00,"46,100.00"
2019-10-31,2019103101003289,SKBBL,39,49,52,922.00,"47,944.00"
2019-10-31,2019103101003288,SKBBL,22,49,10,923.00,"9,230.00"
2019-10-31,2019103101003348,SLBBL,26,59,100,546.00,"54,600.00"
2019-10-31,2019103101003347,SLBBL,26,51,170,545.00,"92,650.00"
2019-10-31,2019103101003562,SLBSL,42,38,75,710.00,"53,250.00"
2019-10-31,2019103101003523,SLBSL,26,38,25,710.00,"17,750.00"
2019-10-31,2019103101003255,SLBSL,51,38,100,700.00,"70,000.00"
2019-10-31,2019103101003254,SLBSL,34,38,10,705.00,"7,050.00"
2019-10-31,2019103101003253,SLBSL,36,38,50,706.00,"35,300.00"
2019-10-31,2019103101003252,SLBSL,36,38,50,710.00,"35,500.00"
2019-10-31,2019103101003167,SLBSL,36,25,50,712.00,"35,600.00"
2019-10-31,2019103101003504,SLICL,57,1,50,262.00,"13,100.00"
2019-10-31,2019103101003418,SMFBS,14,39,10,772.00,"7,720.00"
2019-10-31,2019103101003545,SRBL,46,13,200,213.00,"42,600.00"
2019-10-31,2019103101003544,SRBL,47,13,300,213.00,"63,900.00"
2019-10-31,2019103101003543,SRBL,39,13,428,213.00,"91,164.00"
2019-10-31,2019103101003292,SRBL,39,13,"1,000",213.00,"213,000.00"
2019-10-31,2019103101003122,SRBL,45,13,28,214.00,"5,992.00"
2019-10-31,2019103101003121,SRBL,45,6,10,214.00,"2,140.00"
2019-10-31,2019103101003120,SRBL,45,7,30,214.00,"6,420.00"
2019-10-31,2019103101003317,SWBBL,56,48,12,906.00,"10,872.00"
2019-10-31,2019103101003576,TMDBL,22,57,300,150.00,"45,000.00"
2019-10-31,2019103101003463,TRH,33,7,10,285.00,"2,850.00"
2019-10-31,2019103101003420,UIC,17,42,10,254.00,"2,540.00"
2019-10-31,2019103101003549,UPPER,20,39,40,236.00,"9,440.00"
2019-10-31,2019103101003528,UPPER,20,39,40,236.00,"9,440.00"
2019-10-31,2019103101003513,UPPER,20,39,40,236.00,"9,440.00"
2019-10-31,2019103101003459,UPPER,20,39,40,236.00,"9,440.00"
2019-10-31,2019103101003431,UPPER,20,39,50,236.00,"11,800.00"
2019-10-31,2019103101003388,UPPER,20,39,40,236.00,"9,440.00"
2019-10-31,2019103101003154,UPPER,20,10,50,236.00,"11,800.00"
2019-10-31,2019103101003297,UPPER,16,17,50,237.00,"11,850.00"
2019-10-31,2019103101003251,UPPER,16,14,72,237.00,"17,064.00"
2019-10-31,2019103101003201,UPPER,16,51,50,237.00,"11,850.00"
2019-10-31,2019103101003200,UPPER,16,58,11,237.00,"2,607.00"
2019-10-31,2019103101003184,UPPER,20,25,30,236.00,"7,080.00"
2019-10-31,2019103101003375,UPPER,20,38,283,236.00,"66,788.00"
2019-10-31,2019103101003374,UPPER,16,38,717,237.00,"169,929.00"
2019-10-31,2019103101003373,UPPER,16,39,50,237.00,"11,850.00"
2019-10-31,2019103101003307,UPPER,16,39,50,237.00,"11,850.00"
2019-10-31,2019103101003128,VLBS,38,42,32,575.00,"18,400.00"
2019-10-31,2019103101003127,VLBS,38,45,142,575.00,"81,650.00"
2019-10-31,2019103101003126,VLBS,38,21,200,574.00,"114,800.00"
2019-10-31,2019103101003125,VLBS,38,19,60,574.00,"34,440.00"
2019-10-31,2019103101003124,VLBS,38,50,100,573.00,"57,300.00"
2019-10-31,2019103101003102,ADBL,51,59,10,414.00,"4,140.00"
2019-10-31,2019103101002818,ADBL,6,10,200,413.00,"82,600.00"
2019-10-31,2019103101002817,ADBL,57,10,200,413.00,"82,600.00"
2019-10-31,2019103101002816,ADBL,50,10,300,413.00,"123,900.00"
2019-10-31,2019103101002686,AHPC,11,25,50,99.00,"4,950.00"
2019-10-31,2019103101003060,AKBSL,48,50,10,413.00,"4,130.00"
2019-10-31,2019103101002858,AKJCL,56,7,30,56.00,"1,680.00"
2019-10-31,2019103101002795,AKJCL,56,7,30,56.00,"1,680.00"
2019-10-31,2019103101002649,AKJCL,7,20,20,55.00,"1,100.00"
2019-10-31,2019103101002956,AKPL,6,17,13,129.00,"1,677.00"
2019-10-31,2019103101002899,AKPL,29,25,10,131.00,"1,310.00"
2019-10-31,2019103101002809,AKPL,6,25,13,129.00,"1,677.00"
2019-10-31,2019103101002744,ALICL,28,10,450,315.00,"141,750.00"
2019-10-31,2019103101002961,API,25,22,50,110.00,"5,500.00"
2019-10-31,2019103101002957,API,25,45,10,109.00,"1,090.00"
2019-10-31,2019103101002919,API,25,22,50,110.00,"5,500.00"
2019-10-31,2019103101002875,API,53,7,"1,500",109.00,"163,500.00"
2019-10-31,2019103101002874,API,57,7,200,109.00,"21,800.00"
2019-10-31,2019103101002799,API,25,34,30,111.00,"3,330.00"
2019-10-31,2019103101002785,API,55,7,"2,000",109.00,"218,000.00"
2019-10-31,2019103101002784,API,47,7,100,109.00,"10,900.00"
2019-10-31,2019103101002783,API,47,7,100,109.00,"10,900.00"
2019-10-31,2019103101002782,API,34,7,100,109.00,"10,900.00"
2019-10-31,2019103101002730,API,25,34,20,111.00,"2,220.00"
2019-10-31,2019103101002905,BPCL,55,34,713,363.00,"258,819.00"
2019-10-31,2019103101002904,BPCL,51,34,100,364.00,"36,400.00"
2019-10-31,2019103101002903,BPCL,11,34,50,364.00,"18,200.00"
2019-10-31,2019103101002902,BPCL,6,34,500,364.00,"182,000.00"
2019-10-31,2019103101002674,BPCL,5,20,22,364.00,"8,008.00"
2019-10-31,2019103101002743,CBL,33,25,90,142.00,"12,780.00"
2019-10-31,2019103101002742,CBL,22,25,10,142.00,"1,420.00"
2019-10-31,2019103101003101,CCBL,22,1,10,157.00,"1,570.00"
2019-10-31,2019103101003089,CCBL,26,52,70,156.00,"10,920.00"
2019-10-31,2019103101003088,CCBL,34,52,230,156.00,"35,880.00"
2019-10-31,2019103101003027,CCBL,34,8,200,156.00,"31,200.00"
2019-10-31,2019103101002898,CCBL,34,17,420,156.00,"65,520.00"
2019-10-31,2019103101002685,CCBL,38,38,4,156.00,624.00
2019-10-31,2019103101002954,CFCL,7,17,10,114.00,"1,140.00"
2019-10-31,2019103101002950,CHCL,14,22,300,420.00,"126,000.00"
2019-10-31,2019103101002780,CHCL,28,16,705,419.00,"295,395.00"
2019-10-31,2019103101002684,CMF1,58,52,100,8.63,863.00
2019-10-31,2019103101002665,CZBIL,47,50,50,193.00,"9,650.00"
2019-10-31,2019103101002619,CZBIL,6,47,100,192.00,"19,200.00"
2019-10-31,2019103101002642,DDBL,38,50,175,735.00,"128,625.00"
2019-10-31,2019103101002860,EBL,21,38,14,555.00,"7,770.00"
2019-10-31,2019103101002859,EBL,57,38,36,558.00,"20,088.00"
2019-10-31,2019103101002811,EBL,57,19,164,558.00,"91,512.00"
2019-10-31,2019103101002729,EBL,13,44,"1,000",557.00,"557,000.00"
2019-10-31,2019103101002897,EIC,42,56,10,230.00,"2,300.00"
2019-10-31,2019103101002854,EIC,16,56,44,230.00,"10,120.00"
2019-10-31,2019103101003053,FMDBL,17,55,45,308.00,"13,860.00"
2019-10-31,2019103101003052,FMDBL,40,55,100,308.00,"30,800.00"
2019-10-31,2019103101003051,FMDBL,21,55,60,308.00,"18,480.00"
2019-10-31,2019103101003050,FMDBL,1,55,50,309.00,"15,450.00"
2019-10-31,2019103101002791,GBBL,22,25,20,221.00,"4,420.00"
2019-10-31,2019103101002788,GBBL,22,25,20,221.00,"4,420.00"
2019-10-31,2019103101002648,GBBL,38,25,90,221.00,"19,890.00"
2019-10-31,2019103101003037,GBLBS,22,37,300,309.00,"92,700.00"
2019-10-31,2019103101002806,GBLBS,18,51,190,310.00,"58,900.00"
2019-10-31,2019103101002676,GBLBS,18,20,10,310.00,"3,100.00"
2019-10-31,2019103101002654,GBLBS,49,51,200,310.00,"62,000.00"
2019-10-31,2019103101002653,GBLBS,55,51,55,310.00,"17,050.00"
2019-10-31,2019103101002751,GILB,33,10,22,750.00,"16,500.00"
2019-10-31,2019103101002793,GLBSL,45,7,15,432.00,"6,480.00"
2019-10-31,2019103101002630,GLICL,43,48,100,354.00,"35,400.00"
2019-10-31,2019103101002863,GMFBS,49,56,216,462.00,"99,792.00"
2019-10-31,2019103101003023,HDL,58,21,330,"1,457.00","480,810.00"
2019-10-31,2019103101003008,HDL,5,21,180,"1,458.00","262,440.00"
2019-10-31,2019103101002878,HDL,5,47,20,"1,458.00","29,160.00"
2019-10-31,2019103101002941,HGI,48,26,35,270.00,"9,450.00"
2019-10-31,2019103101002889,HGI,48,33,160,270.00,"43,200.00"
2019-10-31,2019103101003048,HIDCL,38,58,61,136.00,"8,296.00"
2019-10-31,2019103101002853,HIDCL,16,17,35,135.00,"4,725.00"
2019-10-31,2019103101002850,HIDCL,17,58,35,136.00,"4,760.00"
2019-10-31,2019103101002842,HIDCL,13,58,50,136.00,"6,800.00"
2019-10-31,2019103101002973,HPPL,58,17,10,138.00,"1,380.00"
2019-10-31,2019103101002916,HPPL,58,20,10,138.00,"1,380.00"
2019-10-31,2019103101002862,HPPL,58,17,10,138.00,"1,380.00"
2019-10-31,2019103101002753,HPPL,58,48,10,140.00,"1,400.00"
2019-10-31,2019103101002752,HPPL,58,20,10,140.00,"1,400.00"
2019-10-31,2019103101002951,IGI,32,7,26,285.00,"7,410.00"
2019-10-31,2019103101002869,ILBS,42,54,10,436.00,"4,360.00"
2019-10-31,2019103101002805,ILBS,25,54,50,436.00,"21,800.00"
2019-10-31,2019103101002646,ILBS,39,41,50,434.00,"21,700.00"
2019-10-31,2019103101002645,ILBS,42,41,100,435.00,"43,500.00"
2019-10-31,2019103101002644,ILBS,58,41,20,435.00,"8,700.00"
2019-10-31,2019103101002643,ILBS,48,41,30,436.00,"13,080.00"
2019-10-31,2019103101003006,JFL,19,32,80,193.00,"15,440.00"
2019-10-31,2019103101003005,JFL,26,32,40,193.00,"7,720.00"
2019-10-31,2019103101003004,JFL,22,32,200,193.00,"38,600.00"
2019-10-31,2019103101003003,JFL,33,32,10,193.00,"1,930.00"
2019-10-31,2019103101003002,JFL,17,32,100,194.00,"19,400.00"
2019-10-31,2019103101003001,JFL,17,32,200,194.00,"38,800.00"
2019-10-31,2019103101002849,JOSHI,33,58,60,62.00,"3,720.00"
2019-10-31,2019103101002848,JOSHI,7,58,20,62.00,"1,240.00"
2019-10-31,2019103101002940,KBL,8,38,150,181.00,"27,150.00"
2019-10-31,2019103101002939,KBL,36,38,50,181.00,"9,050.00"
2019-10-31,2019103101002637,KBL,49,50,"1,144",182.00,"208,208.00"
2019-10-31,2019103101003046,KRBL,57,45,30,101.00,"3,030.00"
2019-10-31,2019103101003045,KRBL,21,45,20,101.00,"2,020.00"
2019-10-31,2019103101002636,KSBBL,38,58,513,145.00,"74,385.00"
2019-10-31,2019103101002673,LBBL,45,42,100,174.00,"17,400.00"
2019-10-31,2019103101002885,LBL,37,42,56,217.00,"12,152.00"
2019-10-31,2019103101002708,LBL,37,45,181,217.00,"39,277.00"
2019-10-31,2019103101002707,LBL,46,45,100,217.00,"21,700.00"
2019-10-31,2019103101002706,LBL,51,45,219,217.00,"47,523.00"
2019-10-31,2019103101002634,LBL,51,6,43,217.00,"9,331.00"
2019-10-31,2019103101002610,LBL,51,47,100,217.00,"21,700.00"
2019-10-31,2019103101002913,LGIL,35,54,50,320.00,"16,000.00"
2019-10-31,2019103101002910,LGIL,45,32,188,322.00,"60,536.00"
2019-10-31,2019103101002632,LGIL,11,53,10,322.00,"3,220.00"
2019-10-31,2019103101003096,MBL,35,17,464,232.00,"107,648.00"
2019-10-31,2019103101002880,MBL,26,42,53,231.00,"12,243.00"
2019-10-31,2019103101002807,MBL,14,17,500,232.00,"116,000.00"
2019-10-31,2019103101002802,MBL,38,17,36,232.00,"8,352.00"
2019-10-31,2019103101002801,MBL,38,49,200,232.00,"46,400.00"
2019-10-31,2019103101002800,MBL,38,34,"1,014",232.00,"235,248.00"
2019-10-31,2019103101002749,MBL,57,34,100,232.00,"23,200.00"
2019-10-31,2019103101003100,MEGA,1,13,"1,032",202.00,"208,464.00"
2019-10-31,2019103101003099,MEGA,1,25,103,202.00,"20,806.00"
2019-10-31,2019103101003098,MEGA,1,57,300,202.00,"60,600.00"
2019-10-31,2019103101003097,MEGA,1,46,65,202.00,"13,130.00"
2019-10-31,2019103101003084,MEGA,5,51,403,201.00,"81,003.00"
2019-10-31,2019103101002627,MEGA,49,34,68,201.00,"13,668.00"
2019-10-31,2019103101002625,MEGA,49,25,100,201.00,"20,100.00"
2019-10-31,2019103101002624,MEGA,49,6,92,201.00,"18,492.00"
2019-10-31,2019103101002658,MEGA,49,34,189,202.00,"38,178.00"
2019-10-31,2019103101002657,MEGA,49,43,101,202.00,"20,402.00"
2019-10-31,2019103101002656,MEGA,49,58,"1,835",202.00,"370,670.00"
2019-10-31,2019103101002631,MEGA,49,25,500,201.00,"100,500.00"
2019-10-31,2019103101002664,MEGA,1,34,889,202.00,"179,578.00"
2019-10-31,2019103101002663,MEGA,1,34,300,202.00,"60,600.00"
2019-10-31,2019103101002662,MEGA,1,34,500,202.00,"101,000.00"
2019-10-31,2019103101002661,MEGA,1,34,311,202.00,"62,822.00"
2019-10-31,2019103101002660,MEGA,35,34,189,202.00,"38,178.00"
2019-10-31,2019103101002659,MEGA,35,34,311,202.00,"62,822.00"
2019-10-31,2019103101002790,MEGA,6,34,36,202.00,"7,272.00"
2019-10-31,2019103101002694,MEGA,47,34,100,202.00,"20,200.00"
2019-10-31,2019103101002675,MEGA,38,34,40,202.00,"8,080.00"
2019-10-31,2019103101002666,MEGA,26,26,1,198.00,198.00
2019-10-31,2019103101002844,MEGA,38,34,65,202.00,"13,130.00"
2019-10-31,2019103101002843,MEGA,38,34,835,202.00,"168,670.00"
2019-10-31,2019103101002841,MEGA,38,34,100,202.00,"20,200.00"
2019-10-31,2019103101002813,MEGA,46,26,101,201.00,"20,301.00"
2019-10-31,2019103101002892,MEGA,45,34,40,202.00,"8,080.00"
2019-10-31,2019103101002870,MEGA,38,34,40,202.00,"8,080.00"
2019-10-31,2019103101002864,MEGA,6,34,200,202.00,"40,400.00"
2019-10-31,2019103101002912,MEGA,19,34,345,202.00,"69,690.00"
2019-10-31,2019103101002911,MEGA,19,34,"1,655",202.00,"334,310.00"
2019-10-31,2019103101002988,MEGA,48,34,55,202.00,"11,110.00"
2019-10-31,2019103101002983,MEGA,25,52,51,201.00,"10,251.00"
2019-10-31,2019103101002982,MEGA,46,52,49,201.00,"9,849.00"
2019-10-31,2019103101002929,MEGA,35,34,100,202.00,"20,200.00"
2019-10-31,2019103101002992,MEGA,48,11,795,202.00,"160,590.00"
2019-10-31,2019103101002991,MEGA,48,38,150,202.00,"30,300.00"
2019-10-31,2019103101002990,MEGA,48,34,500,202.00,"101,000.00"
2019-10-31,2019103101002989,MEGA,48,34,500,202.00,"101,000.00"
2019-10-31,2019103101003028,MEGA,16,11,988,202.00,"199,576.00"
2019-10-31,2019103101003025,MEGA,25,25,"1,000",201.00,"201,000.00"
2019-10-31,2019103101003016,MEGA,25,38,12,201.00,"2,412.00"
2019-10-31,2019103101003015,MEGA,38,11,12,202.00,"2,424.00"
2019-10-31,2019103101003009,MEGA,46,11,200,202.00,"40,400.00"
2019-10-31,2019103101003083,MEGA,25,51,224,201.00,"45,024.00"
2019-10-31,2019103101003031,MEGA,16,46,135,202.00,"27,270.00"
2019-10-31,2019103101003030,MEGA,16,49,250,202.00,"50,500.00"
2019-10-31,2019103101003029,MEGA,16,51,627,202.00,"126,654.00"
2019-10-31,2019103101002920,MERO,50,17,33,561.00,"18,513.00"
2019-10-31,2019103101002804,MERO,44,6,39,560.00,"21,840.00"
2019-10-31,2019103101002787,MERO,44,6,13,560.00,"7,280.00"
2019-10-31,2019103101002778,MERO,44,6,23,560.00,"12,880.00"
2019-10-31,2019103101002746,MERO,36,6,20,561.00,"11,220.00"
2019-10-31,2019103101002604,MERO,6,49,223,560.00,"124,880.00"
2019-10-31,2019103101002984,MHNL,38,6,40,81.00,"3,240.00"
2019-10-31,2019103101002952,MNBBL,38,34,100,318.00,"31,800.00"
2019-10-31,2019103101003082,NABIL,41,58,10,755.00,"7,550.00"
2019-10-31,2019103101003081,NABIL,38,58,100,755.00,"75,500.00"
2019-10-31,2019103101003080,NABIL,35,58,40,755.00,"30,200.00"
2019-10-31,2019103101003079,NABIL,17,58,200,755.00,"151,000.00"
2019-10-31,2019103101003078,NABIL,7,58,100,755.00,"75,500.00"
2019-10-31,2019103101003077,NABIL,39,58,80,755.00,"60,400.00"
2019-10-31,2019103101002871,NABIL,19,45,118,758.00,"89,444.00"
2019-10-31,2019103101003064,NABIL,13,58,400,757.00,"302,800.00"
2019-10-31,2019103101003063,NABIL,39,58,100,757.00,"75,700.00"
2019-10-31,2019103101003062,NABIL,22,58,10,757.00,"7,570.00"
2019-10-31,2019103101003061,NABIL,49,58,35,758.00,"26,530.00"
2019-10-31,2019103101002884,NABIL,49,55,15,758.00,"11,370.00"
2019-10-31,2019103101002872,NABIL,49,45,50,758.00,"37,900.00"
2019-10-31,2019103101003070,NABIL,11,58,285,756.00,"215,460.00"
2019-10-31,2019103101003069,NABIL,11,58,50,756.00,"37,800.00"
2019-10-31,2019103101003068,NABIL,49,58,100,756.00,"75,600.00"
2019-10-31,2019103101003067,NABIL,3,58,50,756.00,"37,800.00"
2019-10-31,2019103101003066,NABIL,51,58,150,756.00,"113,400.00"
2019-10-31,2019103101003065,NABIL,29,58,15,756.00,"11,340.00"
2019-10-31,2019103101003076,NABIL,38,58,300,755.00,"226,500.00"
2019-10-31,2019103101003075,NABIL,8,58,500,755.00,"377,500.00"
2019-10-31,2019103101003074,NABIL,25,58,100,755.00,"75,500.00"
2019-10-31,2019103101003073,NABIL,48,58,100,755.00,"75,500.00"
2019-10-31,2019103101003072,NABIL,43,58,200,756.00,"151,200.00"
2019-10-31,2019103101003071,NABIL,25,58,50,756.00,"37,800.00"
2019-10-31,2019103101003036,NBB,55,32,"1,000",211.00,"211,000.00"
2019-10-31,2019103101002655,NBB,55,4,100,211.00,"21,100.00"
2019-10-31,2019103101003087,NBL,25,52,20,317.00,"6,340.00"
2019-10-31,2019103101003086,NBL,25,43,70,317.00,"22,190.00"
2019-10-31,2019103101002781,NBL,32,43,930,317.00,"294,810.00"
2019-10-31,2019103101002748,NBL,32,58,70,317.00,"22,190.00"
2019-10-31,2019103101002745,NBL,32,58,30,317.00,"9,510.00"
2019-10-31,2019103101003103,NCCB,17,8,699,203.00,"141,897.00"
2019-10-31,2019103101003095,NCCB,17,8,"1,301",203.00,"264,103.00"
2019-10-31,2019103101003094,NCCB,33,8,849,203.00,"172,347.00"
2019-10-31,2019103101003059,NCCB,33,48,"1,151",203.00,"233,653.00"
2019-10-31,2019103101003058,NCCB,8,48,500,203.00,"101,500.00"
2019-10-31,2019103101003057,NCCB,44,48,349,203.00,"70,847.00"
2019-10-31,2019103101002994,NCCB,44,8,200,203.00,"40,600.00"
2019-10-31,2019103101002633,NCCB,44,7,500,203.00,"101,500.00"
2019-10-31,2019103101002623,NCCB,44,57,150,203.00,"30,450.00"
2019-10-31,2019103101003043,NHDL,7,35,10,96.00,960.00
2019-10-31,2019103101002999,NIB,38,6,80,443.00,"35,440.00"
2019-10-31,2019103101002987,NIB,16,17,17,440.00,"7,480.00"
2019-10-31,2019103101002873,NIB,16,17,17,440.00,"7,480.00"
2019-10-31,2019103101002773,NIB,16,5,147,440.00,"64,680.00"
2019-10-31,2019103101002738,NIB,16,5,489,440.00,"215,160.00"
2019-10-31,2019103101002737,NIB,49,5,30,440.00,"13,200.00"
2019-10-31,2019103101002691,NIB,57,6,200,443.00,"88,600.00"
2019-10-31,2019103101002687,NIB,29,56,97,442.00,"42,874.00"
2019-10-31,2019103101002704,NIB,41,5,200,441.00,"88,200.00"
2019-10-31,2019103101002703,NIB,22,5,50,441.00,"22,050.00"
2019-10-31,2019103101002702,NIB,45,5,100,441.00,"44,100.00"
2019-10-31,2019103101002701,NIB,17,5,200,441.00,"88,200.00"
2019-10-31,2019103101002700,NIB,17,5,200,441.00,"88,200.00"
2019-10-31,2019103101002693,NIB,29,5,403,442.00,"178,126.00"
2019-10-31,2019103101002736,NIB,38,5,100,440.00,"44,000.00"
2019-10-31,2019103101002735,NIB,51,5,50,440.00,"22,000.00"
2019-10-31,2019103101002734,NIB,39,5,150,440.00,"66,000.00"
2019-10-31,2019103101002733,NIB,49,5,70,440.00,"30,800.00"
2019-10-31,2019103101002732,NIB,47,5,100,440.00,"44,000.00"
2019-10-31,2019103101002731,NIB,47,5,11,440.00,"4,840.00"
2019-10-31,2019103101002998,NICA,17,50,10,410.00,"4,100.00"
2019-10-31,2019103101002985,NICA,17,8,990,410.00,"405,900.00"
2019-10-31,2019103101002958,NICA,44,8,10,410.00,"4,100.00"
2019-10-31,2019103101002741,NICA,17,45,160,409.00,"65,440.00"
2019-10-31,2019103101002740,NICA,50,45,140,409.00,"57,260.00"
2019-10-31,2019103101002629,NICA,38,28,275,411.00,"113,025.00"
2019-10-31,2019103101002628,NICA,38,45,50,410.00,"20,500.00"
2019-10-31,2019103101002945,NICL,25,1,10,268.00,"2,680.00"
2019-10-31,2019103101002944,NICL,25,45,10,265.00,"2,650.00"
2019-10-31,2019103101002695,NICL,55,35,30,263.00,"7,890.00"
2019-10-31,2019103101002883,NIL,45,25,70,379.00,"26,530.00"
2019-10-31,2019103101002997,NLBBL,36,37,500,493.00,"246,500.00"
2019-10-31,2019103101002996,NLBBL,35,37,30,493.00,"14,790.00"
2019-10-31,2019103101002995,NLBBL,25,37,141,494.00,"69,654.00"
2019-10-31,2019103101002887,NLBBL,25,45,59,494.00,"29,146.00"
2019-10-31,2019103101002856,NLBBL,21,37,500,495.00,"247,500.00"
2019-10-31,2019103101002677,NLBBL,6,37,100,495.00,"49,500.00"
2019-10-31,2019103101003055,NLIC,38,38,2,800.00,"1,600.00"
2019-10-31,2019103101003014,NLIC,45,32,100,800.00,"80,000.00"
2019-10-31,2019103101002960,NLIC,38,38,5,800.00,"4,000.00"
2019-10-31,2019103101002955,NLIC,49,16,70,801.00,"56,070.00"
2019-10-31,2019103101002922,NLIC,45,7,60,800.00,"48,000.00"
2019-10-31,2019103101002921,NLIC,45,20,22,796.00,"17,512.00"
2019-10-31,2019103101002867,NLICL,26,17,371,435.00,"161,385.00"
2019-10-31,2019103101002866,NLICL,26,42,50,432.00,"21,600.00"
2019-10-31,2019103101002699,NLICL,48,17,50,432.00,"21,600.00"
2019-10-31,2019103101002639,NLICL,56,29,59,430.00,"25,370.00"
2019-10-31,2019103101002614,NLICL,56,48,463,430.00,"199,090.00"
2019-10-31,2019103101002613,NLICL,14,48,27,430.00,"11,610.00"
2019-10-31,2019103101002612,NLICL,53,48,100,431.00,"43,100.00"
2019-10-31,2019103101002852,NMBMF,5,5,35,516.00,"18,060.00"
2019-10-31,2019103101002808,NMBMF,5,45,50,516.00,"25,800.00"
2019-10-31,2019103101002668,NMBMF,5,44,50,516.00,"25,800.00"
2019-10-31,2019103101002667,NMBMF,32,44,12,517.00,"6,204.00"
2019-10-31,2019103101002688,NTC,19,19,10,627.00,"6,270.00"
2019-10-31,2019103101002851,NUBL,22,45,60,871.00,"52,260.00"
2019-10-31,2019103101002959,OHL,34,6,10,478.00,"4,780.00"
2019-10-31,2019103101002669,PCBL,34,53,15,266.00,"3,990.00"
2019-10-31,2019103101002692,PIC,7,20,11,367.00,"4,037.00"
2019-10-31,2019103101002698,PMHPL,16,33,10,84.00,840.00
2019-10-31,2019103101002696,PMHPL,16,20,10,84.00,840.00
2019-10-31,2019103101002879,PPCL,22,33,10,94.00,940.00
2019-10-31,2019103101002714,PPCL,47,33,10,94.00,940.00
2019-10-31,2019103101002713,PPCL,47,20,20,94.00,"1,880.00"
2019-10-31,2019103101002712,PPCL,47,20,20,94.00,"1,880.00"
2019-10-31,2019103101002711,PPCL,47,20,20,94.00,"1,880.00"
2019-10-31,2019103101002710,PPCL,47,20,20,94.00,"1,880.00"
2019-10-31,2019103101002709,PPCL,47,22,10,94.00,940.00
2019-10-31,2019103101003026,PRIN,11,32,750,312.00,"234,000.00"
2019-10-31,2019103101003035,PRVU,56,43,100,269.00,"26,900.00"
2019-10-31,2019103101003000,PRVU,14,45,60,268.00,"16,080.00"
2019-10-31,2019103101002895,PRVU,17,43,334,269.00,"89,846.00"
2019-10-31,2019103101002894,PRVU,17,4,266,269.00,"71,554.00"
2019-10-31,2019103101002845,PRVU,45,4,300,269.00,"80,700.00"
2019-10-31,2019103101002641,PRVU,33,44,200,269.00,"53,800.00"
2019-10-31,2019103101002620,PRVU,38,44,188,269.00,"50,572.00"
2019-10-31,2019103101002618,PRVU,38,44,194,269.00,"52,186.00"
2019-10-31,2019103101002617,PRVU,38,4,41,269.00,"11,029.00"
2019-10-31,2019103101002716,PRVU,43,44,140,268.00,"37,520.00"
2019-10-31,2019103101002705,PRVU,57,44,400,269.00,"107,600.00"
2019-10-31,2019103101002682,PRVU,43,7,60,268.00,"16,080.00"
2019-10-31,2019103101002681,PRVU,43,7,150,268.00,"40,200.00"
2019-10-31,2019103101002680,PRVU,13,7,20,268.00,"5,360.00"
2019-10-31,2019103101002679,PRVU,41,7,110,268.00,"29,480.00"
2019-10-31,2019103101002722,PRVU,7,44,500,268.00,"134,000.00"
2019-10-31,2019103101002721,PRVU,17,44,"1,000",268.00,"268,000.00"
2019-10-31,2019103101002720,PRVU,44,44,30,268.00,"8,040.00"
2019-10-31,2019103101002719,PRVU,44,44,"1,000",268.00,"268,000.00"
2019-10-31,2019103101002718,PRVU,57,44,100,268.00,"26,800.00"
2019-10-31,2019103101002717,PRVU,32,44,"1,000",268.00,"268,000.00"
2019-10-31,2019103101002756,PRVU,6,44,50,267.00,"13,350.00"
2019-10-31,2019103101002755,PRVU,13,44,100,267.00,"26,700.00"
2019-10-31,2019103101002754,PRVU,33,44,70,268.00,"18,760.00"
2019-10-31,2019103101002725,PRVU,33,44,430,268.00,"115,240.00"
2019-10-31,2019103101002724,PRVU,25,44,500,268.00,"134,000.00"
2019-10-31,2019103101002723,PRVU,47,44,300,268.00,"80,400.00"
2019-10-31,2019103101002762,PRVU,57,44,19,267.00,"5,073.00"
2019-10-31,2019103101002761,PRVU,46,44,30,267.00,"8,010.00"
2019-10-31,2019103101002760,PRVU,46,44,500,267.00,"133,500.00"
2019-10-31,2019103101002759,PRVU,45,44,"1,000",267.00,"267,000.00"
2019-10-31,2019103101002758,PRVU,39,44,100,267.00,"26,700.00"
2019-10-31,2019103101002757,PRVU,17,44,150,267.00,"40,050.00"
2019-10-31,2019103101002768,PRVU,49,44,500,267.00,"133,500.00"
2019-10-31,2019103101002767,PRVU,38,44,500,267.00,"133,500.00"
2019-10-31,2019103101002766,PRVU,39,44,25,267.00,"6,675.00"
2019-10-31,2019103101002765,PRVU,52,44,500,267.00,"133,500.00"
2019-10-31,2019103101002764,PRVU,29,44,"1,000",267.00,"267,000.00"
2019-10-31,2019103101002763,PRVU,34,44,50,267.00,"13,350.00"
2019-10-31,2019103101002776,PRVU,14,4,434,269.00,"116,746.00"
2019-10-31,2019103101002775,PRVU,14,53,548,269.00,"147,412.00"
2019-10-31,2019103101002774,PRVU,14,44,18,269.00,"4,842.00"
2019-10-31,2019103101002771,PRVU,6,44,196,267.00,"52,332.00"
2019-10-31,2019103101002770,PRVU,41,44,200,267.00,"53,400.00"
2019-10-31,2019103101002769,PRVU,45,44,10,267.00,"2,670.00"
2019-10-31,2019103101002840,RADHI,57,56,104,136.00,"14,144.00"
2019-10-31,2019103101002726,RADHI,57,33,11,136.00,"1,496.00"
2019-10-31,2019103101002616,RADHI,57,20,11,136.00,"1,496.00"
2019-10-31,2019103101003092,RBCLPO,38,1,40,"7,132.00","285,280.00"
2019-10-31,2019103101003091,RBCLPO,41,1,20,"7,132.00","142,640.00"
2019-10-31,2019103101003090,RBCLPO,59,1,10,"7,135.00","71,350.00"
2019-10-31,2019103101003033,RBCLPO,39,1,181,"7,150.00","1,294,150.00"
2019-10-31,2019103101003056,RHPL,59,10,30,173.00,"5,190.00"
2019-10-31,2019103101003034,RHPL,59,10,30,173.00,"5,190.00"
2019-10-31,2019103101003024,RHPL,18,1,100,174.00,"17,400.00"
2019-10-31,2019103101003011,RHPL,59,17,40,173.00,"6,920.00"
2019-10-31,2019103101003010,RHPL,59,10,30,173.00,"5,190.00"
2019-10-31,2019103101002986,RHPL,59,49,20,173.00,"3,460.00"
2019-10-31,2019103101002650,RHPL,19,18,20,175.00,"3,500.00"
2019-10-31,2019103101002622,RHPL,59,26,40,174.00,"6,960.00"
2019-10-31,2019103101002621,RHPL,59,20,40,174.00,"6,960.00"
2019-10-31,2019103101002747,RHPL,59,10,30,174.00,"5,220.00"
2019-10-31,2019103101002739,RHPL,59,33,40,174.00,"6,960.00"
2019-10-31,2019103101002690,RHPL,59,18,20,175.00,"3,500.00"
2019-10-31,2019103101002689,RHPL,59,40,490,175.00,"85,750.00"
2019-10-31,2019103101002652,RHPL,19,40,10,175.00,"1,750.00"
2019-10-31,2019103101002651,RHPL,19,18,20,175.00,"3,500.00"
2019-10-31,2019103101002886,RHPL,59,10,30,174.00,"5,220.00"
2019-10-31,2019103101002861,RHPL,59,58,200,174.00,"34,800.00"
2019-10-31,2019103101002857,RHPL,59,10,30,174.00,"5,220.00"
2019-10-31,2019103101002814,RHPL,59,10,30,174.00,"5,220.00"
2019-10-31,2019103101002796,RHPL,59,10,30,174.00,"5,220.00"
2019-10-31,2019103101002779,RHPL,59,20,40,174.00,"6,960.00"
2019-10-31,2019103101002925,RHPL,26,1,40,174.00,"6,960.00"
2019-10-31,2019103101002924,RHPL,28,1,100,174.00,"17,400.00"
2019-10-31,2019103101002923,RHPL,59,1,250,174.00,"43,500.00"
2019-10-31,2019103101002908,RHPL,59,10,30,174.00,"5,220.00"
2019-10-31,2019103101002906,RHPL,59,26,40,174.00,"6,960.00"
2019-10-31,2019103101002890,RHPL,59,17,80,174.00,"13,920.00"
2019-10-31,2019103101002981,RHPL,59,10,30,173.00,"5,190.00"
2019-10-31,2019103101002953,RHPL,59,45,40,173.00,"6,920.00"
2019-10-31,2019103101002930,RHPL,59,10,30,173.00,"5,190.00"
2019-10-31,2019103101002928,RHPL,26,1,40,174.00,"6,960.00"
2019-10-31,2019103101002927,RHPL,26,1,40,174.00,"6,960.00"
2019-10-31,2019103101002926,RHPL,26,1,40,174.00,"6,960.00"
2019-10-31,2019103101002777,RSDC,33,26,14,330.00,"4,620.00"
2019-10-31,2019103101002678,RSDC,33,26,10,325.00,"3,250.00"
2019-10-31,2019103101002896,SABSL,25,17,10,449.00,"4,490.00"
2019-10-31,2019103101002640,SADBL,35,7,34,139.00,"4,726.00"
2019-10-31,2019103101002750,SAEF,22,33,"1,000",8.90,"8,900.00"
2019-10-31,2019103101002943,SANIMA,45,33,30,309.00,"9,270.00"
2019-10-31,2019103101002942,SANIMA,45,13,150,308.00,"46,200.00"
2019-10-31,2019103101002839,SANIMA,47,1,50,305.00,"15,250.00"
2019-10-31,2019103101002838,SANIMA,38,1,100,305.00,"30,500.00"
2019-10-31,2019103101002837,SANIMA,41,1,100,305.00,"30,500.00"
2019-10-31,2019103101002836,SANIMA,52,1,100,305.00,"30,500.00"
2019-10-31,2019103101002823,SANIMA,29,1,85,307.00,"26,095.00"
2019-10-31,2019103101002822,SANIMA,47,1,300,307.00,"92,100.00"
2019-10-31,2019103101002821,SANIMA,37,1,435,307.00,"133,545.00"
2019-10-31,2019103101002794,SANIMA,5,13,50,308.00,"15,400.00"
2019-10-31,2019103101002829,SANIMA,43,1,500,306.00,"153,000.00"
2019-10-31,2019103101002828,SANIMA,39,1,100,306.00,"30,600.00"
2019-10-31,2019103101002827,SANIMA,55,1,100,306.00,"30,600.00"
2019-10-31,2019103101002826,SANIMA,50,1,200,306.00,"61,200.00"
2019-10-31,2019103101002825,SANIMA,47,1,500,306.00,"153,000.00"
2019-10-31,2019103101002824,SANIMA,47,1,500,306.00,"153,000.00"
2019-10-31,2019103101002835,SANIMA,22,1,200,305.00,"61,000.00"
2019-10-31,2019103101002834,SANIMA,19,1,200,305.00,"61,000.00"
2019-10-31,2019103101002833,SANIMA,17,1,500,305.00,"152,500.00"
2019-10-31,2019103101002832,SANIMA,28,1,500,305.00,"152,500.00"
2019-10-31,2019103101002831,SANIMA,41,1,50,306.00,"15,300.00"
2019-10-31,2019103101002830,SANIMA,37,1,"1,000",306.00,"306,000.00"
2019-10-31,2019103101002946,SAPDBL,38,38,2,121.00,242.00
2019-10-31,2019103101002900,SAPDBL,38,38,63,121.00,"7,623.00"
2019-10-31,2019103101002980,SBI,49,11,380,407.00,"154,660.00"
2019-10-31,2019103101002979,SBI,22,11,20,408.00,"8,160.00"
2019-10-31,2019103101003022,SBL,35,45,748,300.00,"224,400.00"
2019-10-31,2019103101003021,SBL,35,6,30,300.00,"9,000.00"
2019-10-31,2019103101003020,SBL,35,11,200,300.00,"60,000.00"
2019-10-31,2019103101003019,SBL,35,58,100,300.00,"30,000.00"
2019-10-31,2019103101003018,SBL,35,46,71,300.00,"21,300.00"
2019-10-31,2019103101003017,SBL,35,41,100,300.00,"30,000.00"
2019-10-31,2019103101002609,SBL,38,46,29,300.00,"8,700.00"
2019-10-31,2019103101002608,SBL,38,1,50,300.00,"15,000.00"
2019-10-31,2019103101002607,SBL,38,34,91,300.00,"27,300.00"
2019-10-31,2019103101003042,SCB,49,39,90,558.00,"50,220.00"
2019-10-31,2019103101003041,SCB,13,39,"1,500",560.00,"840,000.00"
2019-10-31,2019103101003040,SCB,42,39,100,560.00,"56,000.00"
2019-10-31,2019103101003039,SCB,1,39,100,560.00,"56,000.00"
2019-10-31,2019103101003032,SCB,44,17,10,565.00,"5,650.00"
2019-10-31,2019103101002972,SCB,46,39,10,561.00,"5,610.00"
2019-10-31,2019103101002881,SCB,6,45,30,565.00,"16,950.00"
2019-10-31,2019103101002820,SCB,57,22,60,567.00,"34,020.00"
2019-10-31,2019103101002819,SCB,57,20,20,566.00,"11,320.00"
2019-10-31,2019103101002789,SCB,52,47,300,566.00,"169,800.00"
2019-10-31,2019103101002965,SCB,36,39,80,565.00,"45,200.00"
2019-10-31,2019103101002964,SCB,25,39,20,565.00,"11,300.00"
2019-10-31,2019103101002963,SCB,56,39,100,566.00,"56,600.00"
2019-10-31,2019103101002962,SCB,38,39,30,566.00,"16,980.00"
2019-10-31,2019103101002901,SCB,38,17,20,566.00,"11,320.00"
2019-10-31,2019103101002882,SCB,25,45,170,565.00,"96,050.00"
2019-10-31,2019103101002971,SCB,41,39,10,562.00,"5,620.00"
2019-10-31,2019103101002970,SCB,34,39,300,562.00,"168,600.00"
2019-10-31,2019103101002969,SCB,5,39,40,563.00,"22,520.00"
2019-10-31,2019103101002968,SCB,21,39,275,565.00,"155,375.00"
2019-10-31,2019103101002967,SCB,40,39,20,565.00,"11,300.00"
2019-10-31,2019103101002966,SCB,22,39,20,565.00,"11,300.00"
2019-10-31,2019103101002907,SDESI,7,11,13,611.00,"7,943.00"
2019-10-31,2019103101002786,SDESI,7,33,27,611.00,"16,497.00"
2019-10-31,2019103101002798,SEF,3,33,"1,000",8.92,"8,920.00"
2019-10-31,2019103101003049,SHIVM,20,28,10,499.00,"4,990.00"
2019-10-31,2019103101002938,SHIVM,34,36,10,500.00,"5,000.00"
2019-10-31,2019103101002937,SHIVM,34,28,300,499.00,"149,700.00"
2019-10-31,2019103101002936,SHIVM,34,3,10,499.00,"4,990.00"
2019-10-31,2019103101002935,SHIVM,34,48,250,497.00,"124,250.00"
2019-10-31,2019103101002934,SHIVM,34,36,50,494.00,"24,700.00"
2019-10-31,2019103101002615,SHIVM,57,28,50,490.00,"24,500.00"
2019-10-31,2019103101002933,SHIVM,34,52,60,494.00,"29,640.00"
2019-10-31,2019103101002932,SHIVM,34,34,100,493.00,"49,300.00"
2019-10-31,2019103101002931,SHIVM,34,55,20,493.00,"9,860.00"
2019-10-31,2019103101002728,SHIVM,38,45,200,492.00,"98,400.00"
2019-10-31,2019103101002727,SHIVM,38,37,450,490.00,"220,500.00"
2019-10-31,2019103101002715,SHIVM,38,37,500,490.00,"245,000.00"
2019-10-31,2019103101003012,SIL,33,20,100,370.00,"37,000.00"
2019-10-31,2019103101003093,SJCL,35,10,20,172.00,"3,440.00"
2019-10-31,2019103101002626,SJCL,58,20,20,173.00,"3,460.00"
2019-10-31,2019103101002647,SJCL,58,35,10,173.00,"1,730.00"
2019-10-31,2019103101002638,SJCL,26,19,10,174.00,"1,740.00"
2019-10-31,2019103101002792,SJCL,58,20,10,173.00,"1,730.00"
2019-10-31,2019103101002772,SJCL,58,10,20,173.00,"3,460.00"
2019-10-31,2019103101002815,SJCL,58,10,20,173.00,"3,460.00"
2019-10-31,2019103101002803,SJCL,58,10,20,173.00,"3,460.00"
2019-10-31,2019103101002891,SJCL,25,10,20,172.00,"3,440.00"
2019-10-31,2019103101002868,SJCL,58,58,170,173.00,"29,410.00"
2019-10-31,2019103101002865,SJCL,58,10,20,173.00,"3,460.00"
2019-10-31,2019103101002917,SJCL,26,58,10,173.00,"1,730.00"
2019-10-31,2019103101002914,SJCL,25,10,20,172.00,"3,440.00"
2019-10-31,2019103101002909,SJCL,25,26,20,172.00,"3,440.00"
2019-10-31,2019103101002893,SJCL,26,58,20,173.00,"3,460.00"
2019-10-31,2019103101002947,SJCL,25,10,20,172.00,"3,440.00"
2019-10-31,2019103101002918,SJCL,26,26,10,173.00,"1,730.00"
2019-10-31,2019103101003007,SJCL,35,49,10,172.00,"1,720.00"
2019-10-31,2019103101002993,SJCL,25,10,20,172.00,"3,440.00"
2019-10-31,2019103101003013,SJCL,35,10,20,172.00,"3,440.00"
2019-10-31,2019103101003054,SJCL,35,17,20,172.00,"3,440.00"
2019-10-31,2019103101003047,SJCL,35,10,20,172.00,"3,440.00"
2019-10-31,2019103101002606,SKBBL,22,41,90,923.00,"83,070.00"
2019-10-31,2019103101002605,SKBBL,6,41,10,925.00,"9,250.00"
2019-10-31,2019103101002672,SLBBL,33,59,68,544.00,"36,992.00"
2019-10-31,2019103101002671,SLBBL,6,59,100,546.00,"54,600.00"
2019-10-31,2019103101002670,SLBBL,45,59,32,546.00,"17,472.00"
2019-10-31,2019103101002855,SLBSL,11,38,40,714.00,"28,560.00"
2019-10-31,2019103101002611,SLBSL,36,38,250,710.00,"177,500.00"
2019-10-31,2019103101002978,SLICL,33,1,58,260.00,"15,080.00"
2019-10-31,2019103101002977,SLICL,42,1,39,260.00,"10,140.00"
2019-10-31,2019103101002888,SMFBS,32,58,10,771.00,"7,710.00"
2019-10-31,2019103101002810,SMFBS,14,33,10,771.00,"7,710.00"
2019-10-31,2019103101002812,SPARS,6,33,10,527.00,"5,270.00"
2019-10-31,2019103101002697,SRBL,39,28,25,213.00,"5,325.00"
2019-10-31,2019103101003038,SWBBL,11,39,10,905.00,"9,050.00"
2019-10-31,2019103101002949,SWBBL,25,53,40,901.00,"36,040.00"
2019-10-31,2019103101002948,SWBBL,46,53,10,903.00,"9,030.00"
2019-10-31,2019103101002976,UIC,17,39,67,254.00,"17,018.00"
2019-10-31,2019103101002975,UIC,26,39,100,254.00,"25,400.00"
2019-10-31,2019103101002974,UIC,32,39,30,255.00,"7,650.00"
2019-10-31,2019103101003044,UNHPL,35,6,50,54.00,"2,700.00"
2019-10-31,2019103101002847,UPCL,58,33,50,75.00,"3,750.00"
2019-10-31,2019103101002846,UPCL,32,33,50,75.00,"3,750.00"
2019-10-31,2019103101003085,UPPER,20,17,40,236.00,"9,440.00"
2019-10-31,2019103101002915,UPPER,20,17,40,236.00,"9,440.00"
2019-10-31,2019103101002877,UPPER,42,58,80,237.00,"18,960.00"
2019-10-31,2019103101002876,UPPER,29,58,109,237.00,"25,833.00"
2019-10-31,2019103101002797,UPPER,29,20,50,237.00,"11,850.00"
2019-10-31,2019103101002683,UPPER,29,48,50,237.00,"11,850.00"
2019-10-31,2019103101002635,UPPER,29,20,50,237.00,"11,850.00"
2019-10-31,2019103101002376,ADBL,34,49,15,412.00,"6,180.00"
2019-10-31,2019103101002375,ADBL,34,49,25,412.00,"10,300.00"
2019-10-31,2019103101002374,ADBL,22,49,30,413.00,"12,390.00"
2019-10-31,2019103101002373,ADBL,51,49,39,413.00,"16,107.00"
2019-10-31,2019103101002372,ADBL,34,49,23,413.00,"9,499.00"
2019-10-31,2019103101002224,AHPC,28,52,100,98.00,"9,800.00"
2019-10-31,2019103101002594,AKBSL,43,26,10,408.00,"4,080.00"
2019-10-31,2019103101002582,AKBSL,43,17,10,409.00,"4,090.00"
2019-10-31,2019103101002581,AKBSL,43,17,10,409.00,"4,090.00"
2019-10-31,2019103101002506,AKBSL,25,22,10,406.00,"4,060.00"
2019-10-31,2019103101002453,AKBSL,43,52,10,407.00,"4,070.00"
2019-10-31,2019103101002196,AKBSL,40,40,10,407.00,"4,070.00"
2019-10-31,2019103101002563,AKJCL,7,7,10,56.00,560.00
2019-10-31,2019103101002540,AKJCL,43,55,30,57.00,"1,710.00"
2019-10-31,2019103101002443,AKJCL,56,20,20,56.00,"1,120.00"
2019-10-31,2019103101002423,ALBSL,36,25,10,389.00,"3,890.00"
2019-10-31,2019103101002412,ALBSL,6,25,50,389.00,"19,450.00"
2019-10-31,2019103101002370,ALBSL,1,38,30,388.00,"11,640.00"
2019-10-31,2019103101002181,ALBSL,42,42,20,387.00,"7,740.00"
2019-10-31,2019103101002180,ALBSL,42,33,60,387.00,"23,220.00"
2019-10-31,2019103101002546,ALICL,40,39,71,313.00,"22,223.00"
2019-10-31,2019103101002365,BFC,47,37,385,92.00,"35,420.00"
2019-10-31,2019103101002284,BOKL,40,29,25,225.00,"5,625.00"
2019-10-31,2019103101002207,BOKL,38,38,79,226.00,"17,854.00"
2019-10-31,2019103101002168,BOKL,40,42,22,225.00,"4,950.00"
2019-10-31,2019103101002565,BPCL,5,20,22,364.00,"8,008.00"
2019-10-31,2019103101002500,BPCL,5,20,22,364.00,"8,008.00"
2019-10-31,2019103101002495,BPCL,5,1,22,364.00,"8,008.00"
2019-10-31,2019103101002467,BPCL,5,33,22,364.00,"8,008.00"
2019-10-31,2019103101002449,BPCL,5,20,22,364.00,"8,008.00"
2019-10-31,2019103101002202,BPCL,5,1,22,364.00,"8,008.00"
2019-10-31,2019103101002154,BPCL,5,16,11,364.00,"4,004.00"
2019-10-31,2019103101002146,BPCL,5,16,11,364.00,"4,004.00"
2019-10-31,2019103101002137,BPCL,5,16,11,364.00,"4,004.00"
2019-10-31,2019103101002128,BPCL,5,16,11,364.00,"4,004.00"
2019-10-31,2019103101002590,CBBL,56,51,100,972.00,"97,200.00"
2019-10-31,2019103101002363,CBL,38,25,316,142.00,"44,872.00"
2019-10-31,2019103101002362,CBL,28,25,184,142.00,"26,128.00"
2019-10-31,2019103101002210,CBL,28,38,316,142.00,"44,872.00"
2019-10-31,2019103101002543,CCBL,34,48,"1,150",156.00,"179,400.00"
2019-10-31,2019103101002542,CCBL,36,48,50,156.00,"7,800.00"
2019-10-31,2019103101002493,CCBL,49,38,208,155.00,"32,240.00"
2019-10-31,2019103101002476,CCBL,49,22,20,155.00,"3,100.00"
2019-10-31,2019103101002473,CCBL,49,33,30,155.00,"4,650.00"
2019-10-31,2019103101002343,CCBL,38,38,4,155.00,620.00
2019-10-31,2019103101002192,CCBL,49,38,15,155.00,"2,325.00"
2019-10-31,2019103101002121,CCBL,49,29,101,155.00,"15,655.00"
2019-10-31,2019103101002468,CEFL,52,45,100,105.00,"10,500.00"
2019-10-31,2019103101002222,CHCL,14,25,50,418.00,"20,900.00"
2019-10-31,2019103101002570,CHL,58,20,10,79.00,790.00
2019-10-31,2019103101002477,CHL,58,33,34,79.00,"2,686.00"
2019-10-31,2019103101002172,CHL,58,42,10,79.00,790.00
2019-10-31,2019103101002214,CIT,38,38,20,"1,792.00","35,840.00"
2019-10-31,2019103101002440,CZBIL,6,26,62,192.00,"11,904.00"
2019-10-31,2019103101002433,CZBIL,6,10,69,192.00,"13,248.00"
2019-10-31,2019103101002406,CZBIL,6,26,10,192.00,"1,920.00"
2019-10-31,2019103101002302,CZBIL,7,49,28,191.00,"5,348.00"
2019-10-31,2019103101002301,CZBIL,38,49,80,191.00,"15,280.00"
2019-10-31,2019103101002300,CZBIL,35,49,500,191.00,"95,500.00"
2019-10-31,2019103101002287,CZBIL,21,49,78,192.00,"14,976.00"
2019-10-31,2019103101002221,CZBIL,21,38,122,192.00,"23,424.00"
2019-10-31,2019103101002220,CZBIL,35,38,50,192.00,"9,600.00"
2019-10-31,2019103101002219,CZBIL,38,38,500,192.00,"96,000.00"
2019-10-31,2019103101002106,CZBIL,44,50,168,193.00,"32,424.00"
2019-10-31,2019103101002293,CZBIL,50,49,500,191.00,"95,500.00"
2019-10-31,2019103101002292,CZBIL,51,49,"1,839",191.00,"351,249.00"
2019-10-31,2019103101002291,CZBIL,38,49,672,192.00,"129,024.00"
2019-10-31,2019103101002290,CZBIL,19,49,150,192.00,"28,800.00"
2019-10-31,2019103101002289,CZBIL,19,49,320,192.00,"61,440.00"
2019-10-31,2019103101002288,CZBIL,7,49,"2,000",192.00,"384,000.00"
2019-10-31,2019103101002299,CZBIL,50,49,300,191.00,"57,300.00"
2019-10-31,2019103101002298,CZBIL,49,49,30,191.00,"5,730.00"
2019-10-31,2019103101002297,CZBIL,17,49,"1,000",191.00,"191,000.00"
2019-10-31,2019103101002296,CZBIL,47,49,200,191.00,"38,200.00"
2019-10-31,2019103101002295,CZBIL,25,49,200,191.00,"38,200.00"
2019-10-31,2019103101002294,CZBIL,32,49,500,191.00,"95,500.00"
2019-10-31,2019103101002333,DBBL,17,10,17,125.00,"2,125.00"
2019-10-31,2019103101002315,DBBL,17,33,200,125.00,"25,000.00"
2019-10-31,2019103101002255,DBBL,38,43,36,126.00,"4,536.00"
2019-10-31,2019103101002254,DBBL,17,38,36,125.00,"4,500.00"
2019-10-31,2019103101002237,DBBL,7,43,300,126.00,"37,800.00"
2019-10-31,2019103101002603,DDBL,38,50,105,735.00,"77,175.00"
2019-10-31,2019103101002555,DDBL,38,50,220,735.00,"161,700.00"
2019-10-31,2019103101002520,EBL,13,44,480,556.00,"266,880.00"
2019-10-31,2019103101002501,EBL,22,44,20,556.00,"11,120.00"
2019-10-31,2019103101002454,EBL,21,20,18,555.00,"9,990.00"
2019-10-31,2019103101002352,EBL,21,33,40,555.00,"22,200.00"
2019-10-31,2019103101002351,EBL,1,33,10,555.00,"5,550.00"
2019-10-31,2019103101002264,EBL,13,44,500,556.00,"278,000.00"
2019-10-31,2019103101002265,FMDBL,16,55,85,309.00,"26,265.00"
2019-10-31,2019103101002251,FMDBL,16,34,15,309.00,"4,635.00"
2019-10-31,2019103101002250,FMDBL,55,34,15,309.00,"4,635.00"
2019-10-31,2019103101002249,FMDBL,59,34,15,309.00,"4,635.00"
2019-10-31,2019103101002541,FOWAD,21,39,10,"1,266.00","12,660.00"
2019-10-31,2019103101002562,GBBL,40,1,223,220.00,"49,060.00"
2019-10-31,2019103101002403,GBBL,40,4,100,220.00,"22,000.00"
2019-10-31,2019103101002391,GBBL,34,57,700,219.00,"153,300.00"
2019-10-31,2019103101002390,GBBL,40,4,280,220.00,"61,600.00"
2019-10-31,2019103101002577,GBLBS,55,20,10,310.00,"3,100.00"
2019-10-31,2019103101002512,GBLBS,55,22,15,310.00,"4,650.00"
2019-10-31,2019103101002480,GBLBS,55,33,10,310.00,"3,100.00"
2019-10-31,2019103101002479,GBLBS,55,45,10,310.00,"3,100.00"
2019-10-31,2019103101002460,GBLBS,22,20,10,309.00,"3,090.00"
2019-10-31,2019103101002173,GBLBS,28,42,15,309.00,"4,635.00"
2019-10-31,2019103101002160,GBLBS,28,51,318,309.00,"98,262.00"
2019-10-31,2019103101002159,GBLBS,14,51,300,309.00,"92,700.00"
2019-10-31,2019103101002158,GBLBS,6,51,100,309.00,"30,900.00"
2019-10-31,2019103101002157,GBLBS,10,51,15,310.00,"4,650.00"
2019-10-31,2019103101002143,GBLBS,10,51,85,310.00,"26,350.00"
2019-10-31,2019103101002142,GBLBS,38,51,15,312.00,"4,680.00"
2019-10-31,2019103101002216,GFCL,17,59,100,135.00,"13,500.00"
2019-10-31,2019103101002550,GILB,22,1,80,750.00,"60,000.00"
2019-10-31,2019103101002136,GILB,38,38,1,750.00,750.00
2019-10-31,2019103101002378,GLBSL,45,7,40,426.00,"17,040.00"
2019-10-31,2019103101002324,GLICL,42,11,10,355.00,"3,550.00"
2019-10-31,2019103101002323,GLICL,49,11,53,355.00,"18,815.00"
2019-10-31,2019103101002580,GMFBS,26,26,10,462.00,"4,620.00"
2019-10-31,2019103101002358,GMFBS,36,33,10,461.00,"4,610.00"
2019-10-31,2019103101002122,GMFBS,32,21,10,460.00,"4,600.00"
2019-10-31,2019103101002271,GRDBL,32,7,450,104.00,"46,800.00"
2019-10-31,2019103101002491,HBL,51,50,20,504.00,"10,080.00"
2019-10-31,2019103101002145,HBL,39,25,50,497.00,"24,850.00"
2019-10-31,2019103101002283,HGI,48,34,25,270.00,"6,750.00"
2019-10-31,2019103101002278,HGI,21,34,15,271.00,"4,065.00"
2019-10-31,2019103101002516,HIDCL,38,38,61,136.00,"8,296.00"
2019-10-31,2019103101002464,HIDCL,16,20,61,135.00,"8,235.00"
2019-10-31,2019103101002445,HIDCL,35,26,15,135.00,"2,025.00"
2019-10-31,2019103101002444,HIDCL,22,26,10,136.00,"1,360.00"
2019-10-31,2019103101002349,HIDCL,38,38,61,136.00,"8,296.00"
2019-10-31,2019103101002177,HIDCL,35,38,61,135.00,"8,235.00"
2019-10-31,2019103101002176,HIDCL,35,42,63,135.00,"8,505.00"
2019-10-31,2019103101002175,HIDCL,38,49,61,136.00,"8,296.00"
2019-10-31,2019103101002138,HIDCL,57,49,50,136.00,"6,800.00"
2019-10-31,2019103101002588,HPPL,58,20,10,142.00,"1,420.00"
2019-10-31,2019103101002556,HPPL,58,20,10,144.00,"1,440.00"
2019-10-31,2019103101002317,HPPL,58,45,10,146.00,"1,460.00"
2019-10-31,2019103101002321,ILBS,48,57,20,436.00,"8,720.00"
2019-10-31,2019103101002320,ILBS,45,57,10,436.00,"4,360.00"
2019-10-31,2019103101002319,ILBS,35,57,20,437.00,"8,740.00"
2019-10-31,2019103101002245,ILBS,35,39,10,437.00,"4,370.00"
2019-10-31,2019103101002167,JBBL,35,46,680,158.00,"107,440.00"
2019-10-31,2019103101002400,JFL,5,45,10,193.00,"1,930.00"
2019-10-31,2019103101002203,JFL,6,45,100,193.00,"19,300.00"
2019-10-31,2019103101002494,KSBBL,38,33,329,145.00,"47,705.00"
2019-10-31,2019103101002341,KSBBL,45,33,71,145.00,"10,295.00"
2019-10-31,2019103101002247,KSBBL,45,1,29,145.00,"4,205.00"
2019-10-31,2019103101002171,LBBL,39,8,230,175.00,"40,250.00"
2019-10-31,2019103101002498,MBL,26,42,215,231.00,"49,665.00"
2019-10-31,2019103101002489,MBL,26,28,40,231.00,"9,240.00"
2019-10-31,2019103101002583,MEGA,49,11,"2,000",201.00,"402,000.00"
2019-10-31,2019103101002576,MEGA,49,22,50,201.00,"10,050.00"
2019-10-31,2019103101002572,MEGA,49,49,65,201.00,"13,065.00"
2019-10-31,2019103101002571,MEGA,41,49,113,201.00,"22,713.00"
2019-10-31,2019103101002229,MEGA,41,34,120,201.00,"24,120.00"
2019-10-31,2019103101002204,MEGA,1,34,61,201.00,"12,261.00"
2019-10-31,2019103101002197,MEGA,1,19,120,201.00,"24,120.00"
2019-10-31,2019103101002355,MEGA,48,58,"2,000",202.00,"404,000.00"
2019-10-31,2019103101002347,MEGA,41,44,500,201.00,"100,500.00"
2019-10-31,2019103101002339,MEGA,41,49,56,201.00,"11,256.00"
2019-10-31,2019103101002233,MEGA,41,10,220,201.00,"44,220.00"
2019-10-31,2019103101002230,MEGA,41,10,280,201.00,"56,280.00"
2019-10-31,2019103101002488,MEGA,49,58,"5,000",202.00,"1,010,000.00"
2019-10-31,2019103101002442,MEGA,33,58,95,202.00,"19,190.00"
2019-10-31,2019103101002422,MEGA,53,58,70,202.00,"14,140.00"
2019-10-31,2019103101002530,MEGA,14,58,"2,000",202.00,"404,000.00"
2019-10-31,2019103101002503,MEGA,41,11,111,201.00,"22,311.00"
2019-10-31,2019103101002432,MERO,25,49,150,560.00,"84,000.00"
2019-10-31,2019103101002327,MERO,13,41,200,559.00,"111,800.00"
2019-10-31,2019103101002331,MERO,48,41,179,558.00,"99,882.00"
2019-10-31,2019103101002330,MERO,1,41,50,558.00,"27,900.00"
2019-10-31,2019103101002329,MERO,50,41,60,558.00,"33,480.00"
2019-10-31,2019103101002328,MERO,14,41,11,558.00,"6,138.00"
2019-10-31,2019103101002195,MHNL,11,59,70,82.00,"5,740.00"
2019-10-31,2019103101002156,MHNL,11,42,30,82.00,"2,460.00"
2019-10-31,2019103101002553,MLBL,17,26,294,214.00,"62,916.00"
2019-10-31,2019103101002515,MLBL,4,26,100,214.00,"21,400.00"
2019-10-31,2019103101002448,MLBL,44,26,50,214.00,"10,700.00"
2019-10-31,2019103101002447,MLBL,32,26,96,214.00,"20,544.00"
2019-10-31,2019103101002369,MLBL,32,8,104,214.00,"22,256.00"
2019-10-31,2019103101002368,MLBL,51,8,20,214.00,"4,280.00"
2019-10-31,2019103101002367,MLBL,38,8,281,214.00,"60,134.00"
2019-10-31,2019103101002586,MNBBL,58,33,384,317.00,"121,728.00"
2019-10-31,2019103101002585,MNBBL,58,44,662,317.00,"209,854.00"
2019-10-31,2019103101002534,MNBBL,49,44,29,317.00,"9,193.00"
2019-10-31,2019103101002461,MNBBL,49,44,"1,000",317.00,"317,000.00"
2019-10-31,2019103101002439,MNBBL,57,44,100,317.00,"31,700.00"
2019-10-31,2019103101002410,MNBBL,50,1,29,316.00,"9,164.00"
2019-10-31,2019103101002409,MNBBL,14,1,500,316.00,"158,000.00"
2019-10-31,2019103101002408,MNBBL,13,1,271,316.00,"85,636.00"
2019-10-31,2019103101002397,MNBBL,41,44,254,317.00,"80,518.00"
2019-10-31,2019103101002345,MNBBL,41,51,40,317.00,"12,680.00"
2019-10-31,2019103101002526,NABIL,19,6,82,758.00,"62,156.00"
2019-10-31,2019103101002525,NABIL,45,6,30,758.00,"22,740.00"
2019-10-31,2019103101002178,NABIL,3,26,56,756.00,"42,336.00"
2019-10-31,2019103101002164,NABIL,3,20,43,756.00,"32,508.00"
2019-10-31,2019103101002163,NABIL,22,20,50,757.00,"37,850.00"
2019-10-31,2019103101002601,NADEP,11,34,20,395.00,"7,900.00"
2019-10-31,2019103101002600,NADEP,37,34,80,396.00,"31,680.00"
2019-10-31,2019103101002508,NADEP,37,20,20,396.00,"7,920.00"
2019-10-31,2019103101002486,NADEP,37,1,10,398.00,"3,980.00"
2019-10-31,2019103101002462,NADEP,36,18,10,400.00,"4,000.00"
2019-10-31,2019103101002469,NBB,55,40,"1,500",211.00,"316,500.00"
2019-10-31,2019103101002342,NBB,55,49,30,211.00,"6,330.00"
2019-10-31,2019103101002336,NBB,22,33,30,212.00,"6,360.00"
2019-10-31,2019103101002335,NBB,47,33,200,212.00,"42,400.00"
2019-10-31,2019103101002334,NBB,47,33,164,212.00,"34,768.00"
2019-10-31,2019103101002466,NBL,32,38,170,317.00,"53,890.00"
2019-10-31,2019103101002465,NBL,6,38,830,317.00,"263,110.00"
2019-10-31,2019103101002413,NBL,6,45,10,317.00,"3,170.00"
2019-10-31,2019103101002377,NBL,6,34,800,317.00,"253,600.00"
2019-10-31,2019103101002257,NBL,6,34,20,317.00,"6,340.00"
2019-10-31,2019103101002144,NBL,34,54,10,318.00,"3,180.00"
2019-10-31,2019103101002528,NCCB,22,8,41,204.00,"8,364.00"
2019-10-31,2019103101002527,NCCB,22,22,320,204.00,"65,280.00"
2019-10-31,2019103101002484,NCCB,44,45,118,203.00,"23,954.00"
2019-10-31,2019103101002455,NCCB,44,14,"1,201",203.00,"243,803.00"
2019-10-31,2019103101002438,NCCB,44,10,134,203.00,"27,202.00"
2019-10-31,2019103101002435,NCCB,44,38,10,203.00,"2,030.00"
2019-10-31,2019103101002434,NCCB,38,22,10,204.00,"2,040.00"
2019-10-31,2019103101002186,NCCB,44,41,200,203.00,"40,600.00"
2019-10-31,2019103101002502,NEF,17,1,483,7.43,"3,588.69"
2019-10-31,2019103101002452,NEF,17,26,200,7.43,"1,486.00"
2019-10-31,2019103101002451,NEF,33,26,283,7.43,"2,102.69"
2019-10-31,2019103101002185,NGPL,38,38,11,100.00,"1,100.00"
2019-10-31,2019103101002162,NHDL,7,42,10,97.00,970.00
2019-10-31,2019103101002431,NIB,17,7,300,441.00,"132,300.00"
2019-10-31,2019103101002430,NIB,34,7,10,441.00,"4,410.00"
2019-10-31,2019103101002429,NIB,38,7,55,441.00,"24,255.00"
2019-10-31,2019103101002428,NIB,44,7,100,441.00,"44,100.00"
2019-10-31,2019103101002427,NIB,54,7,100,441.00,"44,100.00"
2019-10-31,2019103101002426,NIB,1,7,285,441.00,"125,685.00"
2019-10-31,2019103101002425,NIB,44,7,50,442.00,"22,100.00"
2019-10-31,2019103101002424,NIB,22,7,100,442.00,"44,200.00"
2019-10-31,2019103101002401,NIB,22,26,100,442.00,"44,200.00"
2019-10-31,2019103101002266,NIBLPF,35,35,500,6.90,"3,450.00"
2019-10-31,2019103101002561,NIBPO,8,4,645,402.00,"259,290.00"
2019-10-31,2019103101002560,NIBPO,56,4,105,402.00,"42,210.00"
2019-10-31,2019103101002559,NIBPO,22,4,50,402.00,"20,100.00"
2019-10-31,2019103101002558,NIBPO,6,4,200,402.00,"80,400.00"
2019-10-31,2019103101002513,NIBSF1,19,1,100,9.29,929.00
2019-10-31,2019103101002511,NIBSF1,29,19,"1,000",9.23,"9,230.00"
2019-10-31,2019103101002596,NICA,50,45,200,409.00,"81,800.00"
2019-10-31,2019103101002505,NICA,46,28,13,411.00,"5,343.00"
2019-10-31,2019103101002504,NICA,46,22,20,410.00,"8,200.00"
2019-10-31,2019103101002436,NICA,50,44,160,409.00,"65,440.00"
2019-10-31,2019103101002405,NICA,26,44,200,409.00,"81,800.00"
2019-10-31,2019103101002404,NICA,17,44,507,409.00,"207,363.00"
2019-10-31,2019103101002179,NICA,17,41,500,410.00,"205,000.00"
2019-10-31,2019103101002340,NICA,32,10,12,409.00,"4,908.00"
2019-10-31,2019103101002263,NICA,17,58,500,410.00,"205,000.00"
2019-10-31,2019103101002256,NICA,17,28,500,410.00,"205,000.00"
2019-10-31,2019103101002253,NICA,5,28,500,410.00,"205,000.00"
2019-10-31,2019103101002244,NICA,6,6,3,418.00,"1,254.00"
2019-10-31,2019103101002231,NICA,17,6,370,410.00,"151,700.00"
2019-10-31,2019103101002388,NICA,17,6,493,409.00,"201,637.00"
2019-10-31,2019103101002387,NICA,14,6,"1,200",409.00,"490,800.00"
2019-10-31,2019103101002386,NICA,11,6,100,409.00,"40,900.00"
2019-10-31,2019103101002385,NICA,39,6,19,409.00,"7,771.00"
2019-10-31,2019103101002384,NICA,32,6,100,409.00,"40,900.00"
2019-10-31,2019103101002383,NICA,32,6,88,409.00,"35,992.00"
2019-10-31,2019103101002262,NICL,55,34,15,263.00,"3,945.00"
2019-10-31,2019103101002539,NLBBL,21,37,100,495.00,"49,500.00"
2019-10-31,2019103101002338,NLBBL,48,1,49,495.00,"24,255.00"
2019-10-31,2019103101002524,NLIC,14,25,125,797.00,"99,625.00"
2019-10-31,2019103101002475,NLIC,14,20,12,797.00,"9,564.00"
2019-10-31,2019103101002474,NLIC,22,20,10,798.00,"7,980.00"
2019-10-31,2019103101002201,NLIC,14,20,347,797.00,"276,559.00"
2019-10-31,2019103101002200,NLIC,7,20,37,797.00,"29,489.00"
2019-10-31,2019103101002199,NLIC,16,20,55,797.00,"43,835.00"
2019-10-31,2019103101002198,NLIC,44,20,18,798.00,"14,364.00"
2019-10-31,2019103101002126,NLICL,14,17,90,431.00,"38,790.00"
2019-10-31,2019103101002125,NLICL,25,17,110,431.00,"47,410.00"
2019-10-31,2019103101002124,NLICL,6,17,30,431.00,"12,930.00"
2019-10-31,2019103101002457,NMBHF1,56,26,416,8.35,"3,473.60"
2019-10-31,2019103101002415,NMBHF1,56,1,"1,664",8.35,"13,894.40"
2019-10-31,2019103101002357,NMBHF1,6,1,"1,664",8.31,"13,827.84"
2019-10-31,2019103101002538,NMBMF,32,45,20,520.00,"10,400.00"
2019-10-31,2019103101002537,NMBMF,37,45,100,520.00,"52,000.00"
2019-10-31,2019103101002536,NMBMF,37,45,100,520.00,"52,000.00"
2019-10-31,2019103101002260,NMFBS,38,38,3,"1,720.00","5,160.00"
2019-10-31,2019103101002544,NSEWA,29,39,20,395.00,"7,900.00"
2019-10-31,2019103101002510,NTC,52,19,10,627.00,"6,270.00"
2019-10-31,2019103101002337,NUBL,6,53,10,870.00,"8,700.00"
2019-10-31,2019103101002346,PCBL,34,10,85,266.00,"22,610.00"
2019-10-31,2019103101002169,PCBL,39,39,40,270.00,"10,800.00"
2019-10-31,2019103101002153,PCBL,39,39,"9,960",270.00,"2,689,200.00"
2019-10-31,2019103101002152,PCBL,39,51,108,270.00,"29,160.00"
2019-10-31,2019103101002151,PCBL,39,26,40,269.00,"10,760.00"
2019-10-31,2019103101002150,PCBL,39,53,"1,000",269.00,"269,000.00"
2019-10-31,2019103101002115,PCBL,13,22,85,264.00,"22,440.00"
2019-10-31,2019103101002129,PCBL,39,35,50,268.00,"13,400.00"
2019-10-31,2019103101002120,PCBL,39,35,100,268.00,"26,800.00"
2019-10-31,2019103101002119,PCBL,39,53,"1,000",267.00,"267,000.00"
2019-10-31,2019103101002118,PCBL,39,7,30,266.00,"7,980.00"
2019-10-31,2019103101002117,PCBL,39,39,50,265.00,"13,250.00"
2019-10-31,2019103101002116,PCBL,39,53,450,265.00,"119,250.00"
2019-10-31,2019103101002456,PCBLP,57,49,"300,000",201.00,"60,300,000.00"
2019-10-31,2019103101002270,PFL,37,34,10,134.00,"1,340.00"
2019-10-31,2019103101002174,PFL,57,26,500,135.00,"67,500.00"
2019-10-31,2019103101002459,PIC,7,29,26,367.00,"9,542.00"
2019-10-31,2019103101002458,PIC,16,29,24,367.00,"8,808.00"
2019-10-31,2019103101002225,PIC,16,34,42,367.00,"15,414.00"
2019-10-31,2019103101002322,PLIC,49,33,"3,363",314.00,"1,055,982.00"
2019-10-31,2019103101002211,PLIC,57,45,96,315.00,"30,240.00"
2019-10-31,2019103101002593,PMHPL,48,20,10,84.00,840.00
2019-10-31,2019103101002509,PMHPL,48,20,10,84.00,840.00
2019-10-31,2019103101002499,PMHPL,19,1,10,85.00,850.00
2019-10-31,2019103101002478,PMHPL,19,20,10,85.00,850.00
2019-10-31,2019103101002241,PMHPL,19,1,10,85.00,850.00
2019-10-31,2019103101002472,PPCL,53,22,20,94.00,"1,880.00"
2019-10-31,2019103101002471,PPCL,53,48,20,94.00,"1,880.00"
2019-10-31,2019103101002184,PPCL,22,48,10,94.00,940.00
2019-10-31,2019103101002183,PPCL,22,28,20,94.00,"1,880.00"
2019-10-31,2019103101002286,PRIN,49,34,85,310.00,"26,350.00"
2019-10-31,2019103101002166,PRIN,49,42,20,310.00,"6,200.00"
2019-10-31,2019103101002599,PRVU,38,4,210,269.00,"56,490.00"
2019-10-31,2019103101002592,PRVU,38,4,260,269.00,"69,940.00"
2019-10-31,2019103101002591,PRVU,38,4,80,269.00,"21,520.00"
2019-10-31,2019103101002564,PRVU,38,4,222,269.00,"59,718.00"
2019-10-31,2019103101002395,PRVU,41,45,50,268.00,"13,400.00"
2019-10-31,2019103101002344,PRVU,41,49,45,268.00,"12,060.00"
2019-10-31,2019103101002188,PRVU,5,14,464,268.00,"124,352.00"
2019-10-31,2019103101002187,PRVU,45,14,536,268.00,"143,648.00"
2019-10-31,2019103101002240,PRVU,41,55,45,268.00,"12,060.00"
2019-10-31,2019103101002239,PRVU,5,55,36,268.00,"9,648.00"
2019-10-31,2019103101002236,PRVU,14,4,137,269.00,"36,853.00"
2019-10-31,2019103101002235,PRVU,14,43,63,269.00,"16,947.00"
2019-10-31,2019103101002206,PRVU,6,6,"1,000",268.00,"268,000.00"
2019-10-31,2019103101002514,RADHI,57,20,12,136.00,"1,632.00"
2019-10-31,2019103101002165,RBCLPO,38,45,20,"7,150.00","143,000.00"
2019-10-31,2019103101002483,RHPC,38,38,16,79.00,"1,264.00"
2019-10-31,2019103101002589,RHPL,59,39,40,174.00,"6,960.00"
2019-10-31,2019103101002587,RHPL,59,26,40,174.00,"6,960.00"
2019-10-31,2019103101002584,RHPL,59,19,10,174.00,"1,740.00"
2019-10-31,2019103101002575,RHPL,59,19,"1,000",174.00,"174,000.00"
2019-10-31,2019103101002574,RHPL,59,28,865,173.00,"149,645.00"
2019-10-31,2019103101002557,RHPL,16,26,40,172.00,"6,880.00"
2019-10-31,2019103101002105,RHPL,25,28,40,174.00,"6,960.00"
2019-10-31,2019103101002149,RHPL,17,21,30,174.00,"5,220.00"
2019-10-31,2019103101002148,RHPL,17,28,40,174.00,"6,960.00"
2019-10-31,2019103101002132,RHPL,17,21,30,174.00,"5,220.00"
2019-10-31,2019103101002127,RHPL,17,28,40,174.00,"6,960.00"
2019-10-31,2019103101002114,RHPL,17,28,40,174.00,"6,960.00"
2019-10-31,2019103101002107,RHPL,17,21,20,174.00,"3,480.00"
2019-10-31,2019103101002246,RHPL,17,37,40,174.00,"6,960.00"
2019-10-31,2019103101002243,RHPL,17,28,40,174.00,"6,960.00"
2019-10-31,2019103101002238,RHPL,17,28,40,174.00,"6,960.00"
2019-10-31,2019103101002218,RHPL,17,49,20,174.00,"3,480.00"
2019-10-31,2019103101002215,RHPL,17,28,40,174.00,"6,960.00"
2019-10-31,2019103101002189,RHPL,22,22,40,175.00,"7,000.00"
2019-10-31,2019103101002277,RHPL,25,28,40,174.00,"6,960.00"
2019-10-31,2019103101002272,RHPL,25,28,40,174.00,"6,960.00"
2019-10-31,2019103101002267,RHPL,25,28,40,174.00,"6,960.00"
2019-10-31,2019103101002261,RHPL,17,28,40,174.00,"6,960.00"
2019-10-31,2019103101002258,RHPL,17,28,40,174.00,"6,960.00"
2019-10-31,2019103101002252,RHPL,17,28,40,174.00,"6,960.00"
2019-10-31,2019103101002309,RHPL,25,38,200,173.00,"34,600.00"
2019-10-31,2019103101002308,RHPL,28,38,260,174.00,"45,240.00"
2019-10-31,2019103101002306,RHPL,28,28,40,174.00,"6,960.00"
2019-10-31,2019103101002303,RHPL,28,28,40,174.00,"6,960.00"
2019-10-31,2019103101002285,RHPL,25,28,40,174.00,"6,960.00"
2019-10-31,2019103101002282,RHPL,25,28,40,174.00,"6,960.00"
2019-10-31,2019103101002325,RHPL,58,28,40,173.00,"6,920.00"
2019-10-31,2019103101002314,RHPL,58,28,40,173.00,"6,920.00"
2019-10-31,2019103101002313,RHPL,58,28,20,173.00,"3,460.00"
2019-10-31,2019103101002312,RHPL,38,28,20,173.00,"3,460.00"
2019-10-31,2019103101002311,RHPL,38,38,480,173.00,"83,040.00"
2019-10-31,2019103101002310,RHPL,25,38,100,173.00,"17,300.00"
2019-10-31,2019103101002361,RHPL,58,28,40,173.00,"6,920.00"
2019-10-31,2019103101002359,RHPL,58,28,40,173.00,"6,920.00"
2019-10-31,2019103101002354,RHPL,58,28,40,173.00,"6,920.00"
2019-10-31,2019103101002353,RHPL,58,38,20,173.00,"3,460.00"
2019-10-31,2019103101002332,RHPL,58,1,40,173.00,"6,920.00"
2019-10-31,2019103101002326,RHPL,58,38,200,173.00,"34,600.00"
2019-10-31,2019103101002402,RHPL,58,28,40,173.00,"6,920.00"
2019-10-31,2019103101002396,RHPL,58,28,40,173.00,"6,920.00"
2019-10-31,2019103101002393,RHPL,58,28,40,173.00,"6,920.00"
2019-10-31,2019103101002392,RHPL,58,28,40,173.00,"6,920.00"
2019-10-31,2019103101002371,RHPL,58,28,40,173.00,"6,920.00"
2019-10-31,2019103101002364,RHPL,58,28,40,173.00,"6,920.00"
2019-10-31,2019103101002482,RHPL,42,20,20,173.00,"3,460.00"
2019-10-31,2019103101002481,RHPL,28,20,20,173.00,"3,460.00"
2019-10-31,2019103101002446,RHPL,28,28,40,173.00,"6,920.00"
2019-10-31,2019103101002414,RHPL,28,28,40,173.00,"6,920.00"
2019-10-31,2019103101002411,RHPL,58,42,240,173.00,"41,520.00"
2019-10-31,2019103101002407,RHPL,58,28,40,173.00,"6,920.00"
2019-10-31,2019103101002552,RHPL,16,26,40,172.00,"6,880.00"
2019-10-31,2019103101002549,RHPL,57,28,25,173.00,"4,325.00"
2019-10-31,2019103101002548,RHPL,38,28,20,173.00,"3,460.00"
2019-10-31,2019103101002547,RHPL,42,28,130,173.00,"22,490.00"
2019-10-31,2019103101002545,RHPL,42,33,50,173.00,"8,650.00"
2019-10-31,2019103101002517,RHPL,42,20,40,173.00,"6,920.00"
2019-10-31,2019103101002281,RMDC,37,53,27,620.00,"16,740.00"
2019-10-31,2019103101002280,RMDC,11,53,30,621.00,"18,630.00"
2019-10-31,2019103101002485,RRHP,47,20,10,100.00,"1,000.00"
2019-10-31,2019103101002223,RRHP,47,1,10,100.00,"1,000.00"
2019-10-31,2019103101002437,RSDC,33,34,74,319.00,"23,606.00"
2019-10-31,2019103101002227,RSDC,33,7,300,318.00,"95,400.00"
2019-10-31,2019103101002226,RSDC,33,7,100,319.00,"31,900.00"
2019-10-31,2019103101002507,SABSL,25,58,10,449.00,"4,490.00"
2019-10-31,2019103101002382,SABSL,17,45,10,453.00,"4,530.00"
2019-10-31,2019103101002381,SABSL,17,18,10,452.00,"4,520.00"
2019-10-31,2019103101002380,SABSL,17,10,10,451.00,"4,510.00"
2019-10-31,2019103101002379,SABSL,17,18,10,450.00,"4,500.00"
2019-10-31,2019103101002135,SABSL,40,21,10,448.00,"4,480.00"
2019-10-31,2019103101002104,SABSL,40,21,10,448.00,"4,480.00"
2019-10-31,2019103101002518,SADBL,13,22,400,138.00,"55,200.00"
2019-10-31,2019103101002398,SADBL,28,7,310,139.00,"43,090.00"
2019-10-31,2019103101002248,SANIMA,37,58,65,307.00,"19,955.00"
2019-10-31,2019103101002531,SAPDBL,38,38,10,122.00,"1,220.00"
2019-10-31,2019103101002522,SAPDBL,38,38,45,122.00,"5,490.00"
2019-10-31,2019103101002490,SAPDBL,38,38,45,122.00,"5,490.00"
2019-10-31,2019103101002360,SAPDBL,38,38,143,122.00,"17,446.00"
2019-10-31,2019103101002268,SAPDBL,38,38,60,122.00,"7,320.00"
2019-10-31,2019103101002242,SBI,49,34,21,407.00,"8,547.00"
2019-10-31,2019103101002579,SBL,38,34,209,300.00,"62,700.00"
2019-10-31,2019103101002578,SBL,38,34,91,300.00,"27,300.00"
2019-10-31,2019103101002568,SBL,38,34,11,300.00,"3,300.00"
2019-10-31,2019103101002567,SBL,38,16,189,300.00,"56,700.00"
2019-10-31,2019103101002487,SBL,49,26,200,299.00,"59,800.00"
2019-10-31,2019103101002356,SBL,49,11,100,299.00,"29,900.00"
2019-10-31,2019103101002269,SBL,49,44,30,299.00,"8,970.00"
2019-10-31,2019103101002521,SCB,6,20,10,565.00,"5,650.00"
2019-10-31,2019103101002519,SCB,42,45,10,565.00,"5,650.00"
2019-10-31,2019103101002497,SCB,6,1,20,565.00,"11,300.00"
2019-10-31,2019103101002190,SCB,38,38,20,566.00,"11,320.00"
2019-10-31,2019103101002366,SDESI,38,38,11,615.00,"6,765.00"
2019-10-31,2019103101002141,SHINE,39,47,27,260.00,"7,020.00"
2019-10-31,2019103101002123,SHINE,39,41,243,259.00,"62,937.00"
2019-10-31,2019103101002566,SHIVM,57,33,50,490.00,"24,500.00"
2019-10-31,2019103101002318,SHIVM,19,28,50,490.00,"24,500.00"
2019-10-31,2019103101002276,SHIVM,13,37,150,490.00,"73,500.00"
2019-10-31,2019103101002275,SHIVM,10,37,800,490.00,"392,000.00"
2019-10-31,2019103101002274,SHIVM,10,32,200,490.00,"98,000.00"
2019-10-31,2019103101002273,SHIVM,26,32,100,490.00,"49,000.00"
2019-10-31,2019103101002205,SHIVM,56,36,200,491.00,"98,200.00"
2019-10-31,2019103101002134,SHIVM,56,14,100,491.00,"49,100.00"
2019-10-31,2019103101002133,SHIVM,13,14,200,491.00,"98,200.00"
2019-10-31,2019103101002569,SHPC,5,39,120,190.00,"22,800.00"
2019-10-31,2019103101002389,SHPC,38,38,39,192.00,"7,488.00"
2019-10-31,2019103101002234,SHPC,5,34,22,190.00,"4,180.00"
2019-10-31,2019103101002209,SHPC,5,1,22,190.00,"4,180.00"
2019-10-31,2019103101002161,SHPC,5,1,22,191.00,"4,202.00"
2019-10-31,2019103101002441,SIC,8,34,20,461.00,"9,220.00"
2019-10-31,2019103101002595,SJCL,26,26,20,174.00,"3,480.00"
2019-10-31,2019103101002573,SJCL,26,26,20,174.00,"3,480.00"
2019-10-31,2019103101002139,SJCL,44,21,20,173.00,"3,460.00"
2019-10-31,2019103101002113,SJCL,44,21,20,173.00,"3,460.00"
2019-10-31,2019103101002111,SJCL,56,51,20,174.00,"3,480.00"
2019-10-31,2019103101002110,SJCL,37,51,500,174.00,"87,000.00"
2019-10-31,2019103101002109,SJCL,34,51,570,174.00,"99,180.00"
2019-10-31,2019103101002108,SJCL,25,51,500,174.00,"87,000.00"
2019-10-31,2019103101002228,SJCL,44,49,10,173.00,"1,730.00"
2019-10-31,2019103101002191,SJCL,22,22,20,174.00,"3,480.00"
2019-10-31,2019103101002155,SJCL,44,21,20,173.00,"3,460.00"
2019-10-31,2019103101002307,SJCL,44,37,20,173.00,"3,460.00"
2019-10-31,2019103101002470,SJCL,58,22,10,173.00,"1,730.00"
2019-10-31,2019103101002463,SJCL,44,22,10,173.00,"1,730.00"
2019-10-31,2019103101002394,SJCL,38,38,20,174.00,"3,480.00"
2019-10-31,2019103101002554,SJCL,26,26,20,174.00,"3,480.00"
2019-10-31,2019103101002551,SJCL,58,33,20,173.00,"3,460.00"
2019-10-31,2019103101002529,SJCL,58,20,20,173.00,"3,460.00"
2019-10-31,2019103101002492,SJCL,58,20,10,173.00,"1,730.00"
2019-10-31,2019103101002304,SLBBL,45,14,50,546.00,"27,300.00"
2019-10-31,2019103101002279,SLBBL,34,51,30,550.00,"16,500.00"
2019-10-31,2019103101002232,SLBBL,45,34,18,546.00,"9,828.00"
2019-10-31,2019103101002213,SLBBL,39,11,20,550.00,"11,000.00"
2019-10-31,2019103101002212,SLBBL,39,28,50,549.00,"27,450.00"
2019-10-31,2019103101002170,SLBSL,6,38,40,714.00,"28,560.00"
2019-10-31,2019103101002421,SLICL,42,35,61,260.00,"15,860.00"
2019-10-31,2019103101002420,SLICL,41,35,30,260.00,"7,800.00"
2019-10-31,2019103101002419,SLICL,49,35,200,260.00,"52,000.00"
2019-10-31,2019103101002418,SLICL,19,35,30,260.00,"7,800.00"
2019-10-31,2019103101002417,SLICL,21,35,100,260.00,"26,000.00"
2019-10-31,2019103101002416,SLICL,19,35,71,260.00,"18,460.00"
2019-10-31,2019103101002602,SMFBS,14,45,10,780.00,"7,800.00"
2019-10-31,2019103101002523,SMFBS,58,58,10,774.00,"7,740.00"
2019-10-31,2019103101002450,SMFBS,58,48,10,774.00,"7,740.00"
2019-10-31,2019103101002533,SPARS,17,58,10,527.00,"5,270.00"
2019-10-31,2019103101002532,SPARS,17,20,10,527.00,"5,270.00"
2019-10-31,2019103101002208,SPARS,17,1,10,527.00,"5,270.00"
2019-10-31,2019103101002399,SPDL,38,38,15,81.00,"1,215.00"
2019-10-31,2019103101002193,SPDL,38,38,15,82.00,"1,230.00"
2019-10-31,2019103101002598,SRBL,39,47,47,213.00,"10,011.00"
2019-10-31,2019103101002597,SRBL,22,47,53,213.00,"11,289.00"
2019-10-31,2019103101002348,SRBL,22,49,37,213.00,"7,881.00"
2019-10-31,2019103101002316,SRBL,22,22,10,213.00,"2,130.00"
2019-10-31,2019103101002350,TRH,44,7,50,285.00,"14,250.00"
2019-10-31,2019103101002194,UIC,42,1,45,255.00,"11,475.00"
2019-10-31,2019103101002182,UPCL,22,7,350,75.00,"26,250.00"
2019-10-31,2019103101002140,UPCL,50,42,100,74.00,"7,400.00"
2019-10-31,2019103101002131,UPCL,58,7,500,75.00,"37,500.00"
2019-10-31,2019103101002130,UPCL,39,7,150,75.00,"11,250.00"
2019-10-31,2019103101002112,UPCL,58,7,500,76.00,"38,000.00"
2019-10-31,2019103101002535,UPPER,29,20,50,237.00,"11,850.00"
2019-10-31,2019103101002496,UPPER,29,25,101,237.00,"23,937.00"
2019-10-31,2019103101002305,UPPER,56,4,207,237.00,"49,059.00"
2019-10-31,2019103101002147,UPPER,20,42,53,236.00,"12,508.00"
2019-10-31,2019103101002259,VLBS,45,45,58,575.00,"33,350.00"
2019-10-31,2019103101002217,VLBS,39,1,13,570.00,"7,410.00"
2019-10-31,2019103101001637,ADBL,34,58,17,413.00,"7,021.00"
2019-10-31,2019103101001636,ADBL,32,58,31,413.00,"12,803.00"
2019-10-31,2019103101001620,ADBL,28,58,14,414.00,"5,796.00"
2019-10-31,2019103101001994,AHPC,48,58,440,100.00,"44,000.00"
2019-10-31,2019103101001993,AHPC,7,58,10,100.00,"1,000.00"
2019-10-31,2019103101001974,AHPC,7,19,10,102.00,"1,020.00"
2019-10-31,2019103101002073,AKBSL,25,48,10,406.00,"4,060.00"
2019-10-31,2019103101001911,AKBSL,25,20,10,406.00,"4,060.00"
2019-10-31,2019103101001902,AKBSL,25,20,10,406.00,"4,060.00"
2019-10-31,2019103101001901,AKBSL,43,49,10,407.00,"4,070.00"
2019-10-31,2019103101001852,AKBSL,25,20,10,406.00,"4,060.00"
2019-10-31,2019103101001616,AKBSL,43,57,10,407.00,"4,070.00"
2019-10-31,2019103101001710,AKJCL,17,17,10,55.00,550.00
2019-10-31,2019103101001702,AKJCL,17,17,10,55.00,550.00
2019-10-31,2019103101001669,AKJCL,56,42,20,56.00,"1,120.00"
2019-10-31,2019103101001630,ALBSL,36,7,75,385.00,"28,875.00"
2019-10-31,2019103101001619,ALBSL,36,48,20,385.00,"7,700.00"
2019-10-31,2019103101001952,API,13,7,"3,171",109.00,"345,639.00"
2019-10-31,2019103101001874,API,38,56,100,108.00,"10,800.00"
2019-10-31,2019103101001867,API,53,7,80,109.00,"8,720.00"
2019-10-31,2019103101001843,API,39,7,"1,000",108.00,"108,000.00"
2019-10-31,2019103101001842,API,44,7,"1,000",108.00,"108,000.00"
2019-10-31,2019103101001841,API,38,7,"1,000",108.00,"108,000.00"
2019-10-31,2019103101001840,API,37,7,"1,000",108.00,"108,000.00"
2019-10-31,2019103101001795,API,22,7,40,109.00,"4,360.00"
2019-10-31,2019103101002103,BOKL,19,11,30,226.00,"6,780.00"
2019-10-31,2019103101001926,BOKL,40,20,14,225.00,"3,150.00"
2019-10-31,2019103101001811,BOKL,6,50,50,227.00,"11,350.00"
2019-10-31,2019103101001663,BOKL,44,1,69,223.00,"15,387.00"
2019-10-31,2019103101001662,BOKL,32,1,500,223.00,"111,500.00"
2019-10-31,2019103101001661,BOKL,39,1,50,223.00,"11,150.00"
2019-10-31,2019103101001648,BOKL,26,1,200,226.00,"45,200.00"
2019-10-31,2019103101001654,BOKL,47,1,100,225.00,"22,500.00"
2019-10-31,2019103101001653,BOKL,32,1,300,225.00,"67,500.00"
2019-10-31,2019103101001652,BOKL,25,1,200,225.00,"45,000.00"
2019-10-31,2019103101001651,BOKL,54,1,100,225.00,"22,500.00"
2019-10-31,2019103101001650,BOKL,26,1,100,225.00,"22,500.00"
2019-10-31,2019103101001649,BOKL,21,1,700,226.00,"158,200.00"
2019-10-31,2019103101001660,BOKL,39,1,"1,000",223.00,"223,000.00"
2019-10-31,2019103101001659,BOKL,58,1,100,223.00,"22,300.00"
2019-10-31,2019103101001658,BOKL,26,1,500,224.00,"112,000.00"
2019-10-31,2019103101001657,BOKL,17,1,500,224.00,"112,000.00"
2019-10-31,2019103101001656,BOKL,37,1,100,224.00,"22,400.00"
2019-10-31,2019103101001655,BOKL,58,1,50,224.00,"11,200.00"
2019-10-31,2019103101001701,BPCL,47,1,22,364.00,"8,008.00"
2019-10-31,2019103101001609,BPCL,49,7,200,364.00,"72,800.00"
2019-10-31,2019103101001689,CBBL,56,20,80,972.00,"77,760.00"
2019-10-31,2019103101001688,CBBL,8,20,20,973.00,"19,460.00"
2019-10-31,2019103101001882,CBL,37,51,20,141.00,"2,820.00"
2019-10-31,2019103101001793,CBL,37,20,47,141.00,"6,627.00"
2019-10-31,2019103101001733,CBL,37,52,184,141.00,"25,944.00"
2019-10-31,2019103101001732,CBL,26,52,700,142.00,"99,400.00"
2019-10-31,2019103101001731,CBL,43,52,300,142.00,"42,600.00"
2019-10-31,2019103101001730,CBL,14,52,300,142.00,"42,600.00"
2019-10-31,2019103101001729,CBL,51,52,516,142.00,"73,272.00"
2019-10-31,2019103101001698,CCBL,52,52,583,155.00,"90,365.00"
2019-10-31,2019103101001696,CCBL,5,52,"1,000",155.00,"155,000.00"
2019-10-31,2019103101001695,CCBL,6,52,"2,000",155.00,"310,000.00"
2019-10-31,2019103101001694,CCBL,45,52,956,155.00,"148,180.00"
2019-10-31,2019103101001693,CCBL,34,52,200,156.00,"31,200.00"
2019-10-31,2019103101001692,CCBL,35,52,30,156.00,"4,680.00"
2019-10-31,2019103101001691,CCBL,29,52,231,156.00,"36,036.00"
2019-10-31,2019103101001608,CCBL,29,26,434,156.00,"67,704.00"
2019-10-31,2019103101001881,CFCL,59,47,10,116.00,"1,160.00"
2019-10-31,2019103101002012,CHCL,40,16,28,419.00,"11,732.00"
2019-10-31,2019103101002011,CHCL,40,28,72,419.00,"30,168.00"
2019-10-31,2019103101002072,CZBIL,14,50,50,193.00,"9,650.00"
2019-10-31,2019103101001919,CZBIL,44,20,10,192.00,"1,920.00"
2019-10-31,2019103101001860,CZBIL,44,20,10,192.00,"1,920.00"
2019-10-31,2019103101001826,CZBIL,44,14,212,192.00,"40,704.00"
2019-10-31,2019103101001825,CZBIL,5,14,100,192.00,"19,200.00"
2019-10-31,2019103101001824,CZBIL,42,14,10,192.00,"1,920.00"
2019-10-31,2019103101001677,CZBIL,44,7,390,192.00,"74,880.00"
2019-10-31,2019103101001639,CZBIL,44,20,10,192.00,"1,920.00"
2019-10-31,2019103101001823,CZBIL,42,14,200,192.00,"38,400.00"
2019-10-31,2019103101001822,CZBIL,21,14,278,192.00,"53,376.00"
2019-10-31,2019103101001807,CZBIL,21,20,12,192.00,"2,304.00"
2019-10-31,2019103101001738,CZBIL,44,50,28,193.00,"5,404.00"
2019-10-31,2019103101001737,CZBIL,44,14,80,193.00,"15,440.00"
2019-10-31,2019103101001678,CZBIL,21,7,110,192.00,"21,120.00"
2019-10-31,2019103101002041,DBBL,45,43,90,126.00,"11,340.00"
2019-10-31,2019103101002040,DBBL,45,44,10,126.00,"1,260.00"
2019-10-31,2019103101001903,EBL,5,28,47,555.00,"26,085.00"
2019-10-31,2019103101001864,EBL,5,44,53,555.00,"29,415.00"
2019-10-31,2019103101001863,EBL,6,44,31,555.00,"17,205.00"
2019-10-31,2019103101001862,EBL,42,44,50,555.00,"27,750.00"
2019-10-31,2019103101002096,EIC,3,51,"1,000",229.00,"229,000.00"
2019-10-31,2019103101002095,EIC,43,51,100,230.00,"23,000.00"
2019-10-31,2019103101002094,EIC,57,51,200,230.00,"46,000.00"
2019-10-31,2019103101002093,EIC,42,51,30,230.00,"6,900.00"
2019-10-31,2019103101001628,EIC,34,7,40,231.00,"9,240.00"
2019-10-31,2019103101001827,FMDBL,11,51,10,315.00,"3,150.00"
2019-10-31,2019103101001762,FMDBL,58,55,50,309.00,"15,450.00"
2019-10-31,2019103101001761,FMDBL,55,55,100,309.00,"30,900.00"
2019-10-31,2019103101001760,FMDBL,59,55,15,309.00,"4,635.00"
2019-10-31,2019103101001759,FMDBL,32,55,300,310.00,"93,000.00"
2019-10-31,2019103101001758,FMDBL,14,55,200,310.00,"62,000.00"
2019-10-31,2019103101001757,FMDBL,55,55,20,311.00,"6,220.00"
2019-10-31,2019103101001714,FMDBL,55,51,20,315.00,"6,300.00"
2019-10-31,2019103101001713,FMDBL,34,51,20,315.00,"6,300.00"
2019-10-31,2019103101001971,GBBL,40,4,100,220.00,"22,000.00"
2019-10-31,2019103101001962,GBBL,40,28,178,221.00,"39,338.00"
2019-10-31,2019103101001930,GBBL,40,39,96,220.00,"21,120.00"
2019-10-31,2019103101001929,GBBL,40,32,625,220.00,"137,500.00"
2019-10-31,2019103101001927,GBBL,45,32,100,220.00,"22,000.00"
2019-10-31,2019103101001914,GBBL,39,32,275,220.00,"60,500.00"
2019-10-31,2019103101001913,GBBL,39,34,50,220.00,"11,000.00"
2019-10-31,2019103101001912,GBBL,39,1,175,220.00,"38,500.00"
2019-10-31,2019103101001764,GBBL,34,1,175,219.00,"38,325.00"
2019-10-31,2019103101001763,GBBL,34,1,175,219.00,"38,325.00"
2019-10-31,2019103101001617,GBBL,34,26,379,218.00,"82,622.00"
2019-10-31,2019103101002070,GILB,38,38,1,750.00,750.00
2019-10-31,2019103101001942,GILB,17,51,45,750.00,"33,750.00"
2019-10-31,2019103101001775,GILB,47,51,20,750.00,"15,000.00"
2019-10-31,2019103101001679,GILB,42,51,35,750.00,"26,250.00"
2019-10-31,2019103101001769,GLBSL,36,49,10,426.00,"4,260.00"
2019-10-31,2019103101001946,GLICL,49,1,47,355.00,"16,685.00"
2019-10-31,2019103101001945,GLICL,6,1,12,355.00,"4,260.00"
2019-10-31,2019103101001779,GLICL,34,48,26,356.00,"9,256.00"
2019-10-31,2019103101001963,GMFBS,32,20,10,460.00,"4,600.00"
2019-10-31,2019103101001784,HBL,19,1,100,500.00,"50,000.00"
2019-10-31,2019103101001768,HDL,58,55,200,"1,470.00","294,000.00"
2019-10-31,2019103101001776,HGI,48,41,300,270.00,"81,000.00"
2019-10-31,2019103101001742,HGI,48,7,480,270.00,"129,600.00"
2019-10-31,2019103101001741,HGI,55,7,"1,000",270.00,"270,000.00"
2019-10-31,2019103101001740,HGI,46,7,20,270.00,"5,400.00"
2019-10-31,2019103101001723,HGI,26,7,80,272.00,"21,760.00"
2019-10-31,2019103101001635,HGI,26,21,20,272.00,"5,440.00"
2019-10-31,2019103101001955,HIDCL,38,49,61,136.00,"8,296.00"
2019-10-31,2019103101001953,HIDCL,35,38,61,135.00,"8,235.00"
2019-10-31,2019103101001837,HIDCL,38,49,61,136.00,"8,296.00"
2019-10-31,2019103101001836,HIDCL,19,49,377,136.00,"51,272.00"
2019-10-31,2019103101001835,HIDCL,38,49,84,136.00,"11,424.00"
2019-10-31,2019103101001605,HIDCL,38,38,61,136.00,"8,296.00"
