Date,Transact. No.,Symbol,Buyer,Seller,Quantity,Rate,Amount
2020-12-17,2020121704001643,BBC,51,28,10,"2,700.00","27,000.00"
2020-12-17,2020121704001636,BBC,57,41,20,"2,700.00","54,000.00"
2020-12-17,2020121704001486,BBC,46,46,80,"2,653.00","212,240.00"
2020-12-17,2020121704001480,BBC,22,46,10,"2,653.00","26,530.00"
2020-12-17,2020121704001478,BBC,35,46,10,"2,653.00","26,530.00"
2020-12-17,2020121704001464,BBC,36,37,48,"2,695.00","129,360.00"
2020-12-17,2020121704001236,BBC,38,49,10,"2,752.00","27,520.00"
2020-12-17,2020121704001235,BBC,52,49,10,"2,755.00","27,550.00"
2020-12-17,2020121704001234,BBC,28,49,20,"2,756.00","55,120.00"
2020-12-17,2020121704001185,BBC,28,21,30,"2,756.00","82,680.00"
2020-12-17,2020121704001158,BBC,34,50,19,"2,750.00","52,250.00"
2020-12-17,2020121704001295,BBC,21,34,50,"2,750.00","137,500.00"
2020-12-17,2020121704001294,BBC,22,34,10,"2,750.00","27,500.00"
2020-12-17,2020121704001240,BBC,48,49,20,"2,750.00","55,000.00"
2020-12-17,2020121704001239,BBC,45,49,20,"2,750.00","55,000.00"
2020-12-17,2020121704001238,BBC,13,49,10,"2,751.00","27,510.00"
2020-12-17,2020121704001237,BBC,57,49,10,"2,751.00","27,510.00"
2020-12-17,2020121704001339,BBC,53,34,10,"2,744.00","27,440.00"
2020-12-17,2020121704001338,BBC,28,34,13,"2,745.00","35,685.00"
2020-12-17,2020121704001312,BBC,28,41,25,"2,745.00","68,625.00"
2020-12-17,2020121704001311,BBC,39,6,20,"2,750.00","55,000.00"
2020-12-17,2020121704001297,BBC,28,34,12,"2,745.00","32,940.00"
2020-12-17,2020121704001296,BBC,49,34,10,"2,750.00","27,500.00"
2020-12-17,2020121704001345,BBC,25,34,50,"2,700.00","135,000.00"
2020-12-17,2020121704001344,BBC,14,34,10,"2,710.00","27,100.00"
2020-12-17,2020121704001343,BBC,33,34,10,"2,715.00","27,150.00"
2020-12-17,2020121704001342,BBC,58,34,20,"2,715.00","54,300.00"
2020-12-17,2020121704001341,BBC,47,34,20,"2,744.00","54,880.00"
2020-12-17,2020121704001340,BBC,26,34,25,"2,744.00","68,600.00"
2020-12-17,2020121704001442,BBC,49,26,10,"2,695.00","26,950.00"
2020-12-17,2020121704001441,BBC,14,26,10,"2,695.00","26,950.00"
2020-12-17,2020121704001440,BBC,41,26,10,"2,696.00","26,960.00"
2020-12-17,2020121704001417,BBC,28,55,15,"2,696.00","40,440.00"
2020-12-17,2020121704001347,BBC,34,34,10,"2,700.00","27,000.00"
2020-12-17,2020121704001346,BBC,55,34,10,"2,700.00","27,000.00"
2020-12-17,2020121704001463,BBC,38,37,10,"2,695.00","26,950.00"
2020-12-17,2020121704001462,BBC,50,37,10,"2,697.00","26,970.00"
2020-12-17,2020121704001451,BBC,41,49,10,"2,695.00","26,950.00"
2020-12-17,2020121704001445,BBC,41,26,50,"2,695.00","134,750.00"
2020-12-17,2020121704001444,BBC,22,26,10,"2,695.00","26,950.00"
2020-12-17,2020121704001443,BBC,33,26,10,"2,695.00","26,950.00"
2020-12-17,2020121704001635,CMF1,48,1,500,10.14,"5,070.00"
2020-12-17,2020121704001634,CMF1,48,38,"1,700",10.05,"17,085.00"
2020-12-17,2020121704001629,CMF1,48,38,300,10.05,"3,015.00"
2020-12-17,2020121704001628,CMF1,48,29,"2,000",10.04,"20,080.00"
2020-12-17,2020121704001627,CMF1,48,43,"2,700",9.93,"26,811.00"
2020-12-17,2020121704001597,CMF1,48,29,"3,000",10.04,"30,120.00"
2020-12-17,2020121704001596,CMF1,48,45,"2,000",10.00,"20,000.00"
2020-12-17,2020121704001646,GIC,57,32,10,571.00,"5,710.00"
2020-12-17,2020121704001645,GIC,57,10,10,571.00,"5,710.00"
2020-12-17,2020121704001641,GIC,26,38,10,570.00,"5,700.00"
2020-12-17,2020121704001639,GIC,26,38,10,570.00,"5,700.00"
2020-12-17,2020121704001637,GIC,26,46,10,570.00,"5,700.00"
2020-12-17,2020121704001633,GIC,26,38,10,570.00,"5,700.00"
2020-12-17,2020121704001157,GIC,22,21,10,570.00,"5,700.00"
2020-12-17,2020121704001170,GIC,57,55,10,571.00,"5,710.00"
2020-12-17,2020121704001168,GIC,25,21,10,570.00,"5,700.00"
2020-12-17,2020121704001164,GIC,25,58,10,570.00,"5,700.00"
2020-12-17,2020121704001163,GIC,25,21,10,570.00,"5,700.00"
2020-12-17,2020121704001162,GIC,22,58,10,570.00,"5,700.00"
2020-12-17,2020121704001159,GIC,22,58,10,570.00,"5,700.00"
2020-12-17,2020121704001203,GIC,25,32,10,570.00,"5,700.00"
2020-12-17,2020121704001201,GIC,25,49,10,570.00,"5,700.00"
2020-12-17,2020121704001196,GIC,25,49,10,570.00,"5,700.00"
2020-12-17,2020121704001193,GIC,25,52,10,570.00,"5,700.00"
2020-12-17,2020121704001191,GIC,25,55,10,570.00,"5,700.00"
2020-12-17,2020121704001171,GIC,57,36,80,571.00,"45,680.00"
2020-12-17,2020121704001226,GIC,50,42,10,571.00,"5,710.00"
2020-12-17,2020121704001225,GIC,50,55,10,571.00,"5,710.00"
2020-12-17,2020121704001218,GIC,25,52,10,570.00,"5,700.00"
2020-12-17,2020121704001215,GIC,25,55,10,570.00,"5,700.00"
2020-12-17,2020121704001213,GIC,25,49,10,570.00,"5,700.00"
2020-12-17,2020121704001212,GIC,25,59,10,570.00,"5,700.00"
2020-12-17,2020121704001244,GIC,25,58,10,570.00,"5,700.00"
2020-12-17,2020121704001241,GIC,25,55,10,570.00,"5,700.00"
2020-12-17,2020121704001230,GIC,50,28,40,571.00,"22,840.00"
2020-12-17,2020121704001229,GIC,50,51,10,571.00,"5,710.00"
2020-12-17,2020121704001228,GIC,50,42,10,571.00,"5,710.00"
2020-12-17,2020121704001227,GIC,50,36,20,571.00,"11,420.00"
2020-12-17,2020121704001264,GIC,58,36,10,570.00,"5,700.00"
2020-12-17,2020121704001256,GIC,25,11,20,570.00,"11,400.00"
2020-12-17,2020121704001251,GIC,25,55,10,570.00,"5,700.00"
2020-12-17,2020121704001250,GIC,25,41,10,570.00,"5,700.00"
2020-12-17,2020121704001249,GIC,25,42,10,570.00,"5,700.00"
2020-12-17,2020121704001247,GIC,25,52,10,570.00,"5,700.00"
2020-12-17,2020121704001321,GIC,33,10,10,570.00,"5,700.00"
2020-12-17,2020121704001315,GIC,33,40,10,570.00,"5,700.00"
2020-12-17,2020121704001293,GIC,58,45,10,570.00,"5,700.00"
2020-12-17,2020121704001274,GIC,58,36,10,570.00,"5,700.00"
2020-12-17,2020121704001268,GIC,58,58,10,570.00,"5,700.00"
2020-12-17,2020121704001265,GIC,58,26,10,570.00,"5,700.00"
2020-12-17,2020121704001330,GIC,42,16,10,571.00,"5,710.00"
2020-12-17,2020121704001329,GIC,42,16,10,571.00,"5,710.00"
2020-12-17,2020121704001328,GIC,42,34,10,571.00,"5,710.00"
2020-12-17,2020121704001327,GIC,42,32,10,571.00,"5,710.00"
2020-12-17,2020121704001326,GIC,42,16,10,571.00,"5,710.00"
2020-12-17,2020121704001325,GIC,42,28,40,571.00,"22,840.00"
2020-12-17,2020121704001336,GIC,43,43,50,571.00,"28,550.00"
2020-12-17,2020121704001335,GIC,43,13,10,571.00,"5,710.00"
2020-12-17,2020121704001334,GIC,43,26,10,571.00,"5,710.00"
2020-12-17,2020121704001333,GIC,43,41,10,571.00,"5,710.00"
2020-12-17,2020121704001332,GIC,50,39,10,570.00,"5,700.00"
2020-12-17,2020121704001331,GIC,42,48,10,571.00,"5,710.00"
2020-12-17,2020121704001358,GIC,47,42,10,571.00,"5,710.00"
2020-12-17,2020121704001357,GIC,47,36,10,571.00,"5,710.00"
2020-12-17,2020121704001355,GIC,47,55,10,571.00,"5,710.00"
2020-12-17,2020121704001354,GIC,47,38,10,571.00,"5,710.00"
2020-12-17,2020121704001349,GIC,47,1,10,571.00,"5,710.00"
2020-12-17,2020121704001348,GIC,47,32,10,571.00,"5,710.00"
2020-12-17,2020121704001373,GIC,19,57,10,573.00,"5,730.00"
2020-12-17,2020121704001372,GIC,19,53,10,572.00,"5,720.00"
2020-12-17,2020121704001371,GIC,47,45,10,571.00,"5,710.00"
2020-12-17,2020121704001369,GIC,47,57,10,571.00,"5,710.00"
2020-12-17,2020121704001368,GIC,47,16,10,571.00,"5,710.00"
2020-12-17,2020121704001361,GIC,47,58,10,571.00,"5,710.00"
2020-12-17,2020121704001379,GIC,19,4,10,575.00,"5,750.00"
2020-12-17,2020121704001378,GIC,19,58,10,575.00,"5,750.00"
2020-12-17,2020121704001377,GIC,19,58,10,575.00,"5,750.00"
2020-12-17,2020121704001376,GIC,19,21,10,575.00,"5,750.00"
2020-12-17,2020121704001375,GIC,19,4,10,575.00,"5,750.00"
2020-12-17,2020121704001374,GIC,19,19,10,574.00,"5,740.00"
2020-12-17,2020121704001400,GIC,34,41,10,571.00,"5,710.00"
2020-12-17,2020121704001396,GIC,34,17,10,571.00,"5,710.00"
2020-12-17,2020121704001385,GIC,34,1,10,571.00,"5,710.00"
2020-12-17,2020121704001384,GIC,34,3,10,571.00,"5,710.00"
2020-12-17,2020121704001381,GIC,19,58,10,575.00,"5,750.00"
2020-12-17,2020121704001380,GIC,19,17,10,575.00,"5,750.00"
2020-12-17,2020121704001425,GIC,34,41,10,571.00,"5,710.00"
2020-12-17,2020121704001416,GIC,34,49,10,571.00,"5,710.00"
2020-12-17,2020121704001409,GIC,34,56,10,571.00,"5,710.00"
2020-12-17,2020121704001408,GIC,34,52,10,571.00,"5,710.00"
2020-12-17,2020121704001407,GIC,34,43,10,571.00,"5,710.00"
2020-12-17,2020121704001406,GIC,34,56,10,571.00,"5,710.00"
2020-12-17,2020121704001438,GIC,34,22,10,571.00,"5,710.00"
2020-12-17,2020121704001437,GIC,34,43,10,571.00,"5,710.00"
2020-12-17,2020121704001435,GIC,34,13,10,571.00,"5,710.00"
2020-12-17,2020121704001432,GIC,48,56,20,574.00,"11,480.00"
2020-12-17,2020121704001431,GIC,34,57,10,571.00,"5,710.00"
2020-12-17,2020121704001426,GIC,49,56,10,574.00,"5,740.00"
2020-12-17,2020121704001454,GIC,51,56,125,574.00,"71,750.00"
2020-12-17,2020121704001453,GIC,21,38,10,572.00,"5,720.00"
2020-12-17,2020121704001448,GIC,21,38,10,572.00,"5,720.00"
2020-12-17,2020121704001447,GIC,56,56,100,571.00,"57,100.00"
2020-12-17,2020121704001446,GIC,34,56,50,571.00,"28,550.00"
2020-12-17,2020121704001439,GIC,34,43,10,571.00,"5,710.00"
2020-12-17,2020121704001474,GIC,21,36,10,572.00,"5,720.00"
2020-12-17,2020121704001461,GIC,21,56,10,572.00,"5,720.00"
2020-12-17,2020121704001459,GIC,21,41,10,572.00,"5,720.00"
2020-12-17,2020121704001458,GIC,21,42,10,572.00,"5,720.00"
2020-12-17,2020121704001457,GIC,21,50,10,572.00,"5,720.00"
2020-12-17,2020121704001455,GIC,21,36,10,572.00,"5,720.00"
2020-12-17,2020121704001489,GIC,58,26,40,572.00,"22,880.00"
2020-12-17,2020121704001488,GIC,21,26,880,572.00,"503,360.00"
2020-12-17,2020121704001484,GIC,21,10,10,572.00,"5,720.00"
2020-12-17,2020121704001482,GIC,21,34,10,572.00,"5,720.00"
2020-12-17,2020121704001476,GIC,21,51,10,572.00,"5,720.00"
2020-12-17,2020121704001475,GIC,21,38,10,572.00,"5,720.00"
2020-12-17,2020121704001515,GIC,41,26,75,571.00,"42,825.00"
2020-12-17,2020121704001514,GIC,56,26,110,571.00,"62,810.00"
2020-12-17,2020121704001510,GIC,56,51,10,571.00,"5,710.00"
2020-12-17,2020121704001507,GIC,56,3,10,571.00,"5,710.00"
2020-12-17,2020121704001500,GIC,56,38,10,571.00,"5,710.00"
2020-12-17,2020121704001493,GIC,56,51,10,571.00,"5,710.00"
2020-12-17,2020121704001529,GIC,50,26,80,570.00,"45,600.00"
2020-12-17,2020121704001528,GIC,50,38,10,570.00,"5,700.00"
2020-12-17,2020121704001523,GIC,11,26,10,571.00,"5,710.00"
2020-12-17,2020121704001518,GIC,6,26,100,571.00,"57,100.00"
2020-12-17,2020121704001517,GIC,21,26,"1,000",571.00,"571,000.00"
2020-12-17,2020121704001516,GIC,5,26,200,571.00,"114,200.00"
2020-12-17,2020121704001535,GIC,29,26,22,570.00,"12,540.00"
2020-12-17,2020121704001534,GIC,3,26,10,570.00,"5,700.00"
2020-12-17,2020121704001533,GIC,41,26,100,570.00,"57,000.00"
2020-12-17,2020121704001532,GIC,42,26,200,570.00,"114,000.00"
2020-12-17,2020121704001531,GIC,45,26,100,570.00,"57,000.00"
2020-12-17,2020121704001530,GIC,25,26,50,570.00,"28,500.00"
2020-12-17,2020121704001544,GIC,45,38,10,569.00,"5,690.00"
2020-12-17,2020121704001540,GIC,53,26,100,570.00,"57,000.00"
2020-12-17,2020121704001539,GIC,52,26,10,570.00,"5,700.00"
2020-12-17,2020121704001538,GIC,47,26,300,570.00,"171,000.00"
2020-12-17,2020121704001537,GIC,41,26,200,570.00,"114,000.00"
2020-12-17,2020121704001536,GIC,51,26,10,570.00,"5,700.00"
2020-12-17,2020121704001571,GIC,45,57,10,569.00,"5,690.00"
2020-12-17,2020121704001569,GIC,45,38,10,569.00,"5,690.00"
2020-12-17,2020121704001559,GIC,45,38,10,569.00,"5,690.00"
2020-12-17,2020121704001553,GIC,45,38,10,569.00,"5,690.00"
2020-12-17,2020121704001552,GIC,45,59,10,569.00,"5,690.00"
2020-12-17,2020121704001547,GIC,45,42,10,569.00,"5,690.00"
2020-12-17,2020121704001590,GIC,21,1,10,570.00,"5,700.00"
2020-12-17,2020121704001589,GIC,21,11,10,570.00,"5,700.00"
2020-12-17,2020121704001588,GIC,21,26,"1,155",570.00,"658,350.00"
2020-12-17,2020121704001587,GIC,45,55,10,569.00,"5,690.00"
2020-12-17,2020121704001577,GIC,33,26,90,570.00,"51,300.00"
2020-12-17,2020121704001573,GIC,34,26,130,570.00,"74,100.00"
2020-12-17,2020121704001626,GIC,26,38,10,570.00,"5,700.00"
2020-12-17,2020121704001605,GIC,26,20,10,570.00,"5,700.00"
2020-12-17,2020121704001603,GIC,26,38,10,570.00,"5,700.00"
2020-12-17,2020121704001595,GIC,45,38,10,569.00,"5,690.00"
2020-12-17,2020121704001592,GIC,21,42,10,570.00,"5,700.00"
2020-12-17,2020121704001591,GIC,21,50,85,570.00,"48,450.00"
2020-12-17,2020121704001575,GIMES1,49,10,"15,000",11.10,"166,500.00"
2020-12-17,2020121704001558,GIMES1,7,10,"10,000",11.11,"111,100.00"
2020-12-17,2020121704001466,GIMES1,47,22,"2,000",11.20,"22,400.00"
2020-12-17,2020121704001465,GIMES1,47,22,"4,000",11.20,"44,800.00"
2020-12-17,2020121704001506,LEMF,42,7,"1,000",10.00,"10,000.00"
2020-12-17,2020121704001402,LEMF,42,49,"2,000",10.00,"20,000.00"
2020-12-17,2020121704001386,LEMF,42,58,500,10.00,"5,000.00"
2020-12-17,2020121704001243,LEMF,42,20,"3,200",10.00,"32,000.00"
2020-12-17,2020121704001632,LUK,39,38,100,9.25,925.00
2020-12-17,2020121704001449,LUK,39,42,100,9.25,925.00
2020-12-17,2020121704001305,LUK,39,45,200,9.25,"1,850.00"
2020-12-17,2020121704001272,LUK,58,11,200,9.26,"1,852.00"
2020-12-17,2020121704001223,LUK,58,3,100,9.26,926.00
2020-12-17,2020121704001557,NBF2,42,14,"9,400",9.72,"91,368.00"
2020-12-17,2020121704001556,NBF2,5,14,"6,000",9.75,"58,500.00"
2020-12-17,2020121704001555,NBF2,49,14,100,9.80,980.00
2020-12-17,2020121704001292,NBF2,6,28,"6,500",9.80,"63,700.00"
2020-12-17,2020121704001367,NBF2,5,40,"1,600",9.91,"15,856.00"
2020-12-17,2020121704001366,NBF2,5,40,"1,800",9.91,"17,838.00"
2020-12-17,2020121704001365,NBF2,5,40,200,9.91,"1,982.00"
2020-12-17,2020121704001364,NBF2,5,6,200,9.91,"1,982.00"
2020-12-17,2020121704001363,NBF2,5,49,"10,000",9.91,"99,100.00"
2020-12-17,2020121704001362,NBF2,5,34,200,9.90,"1,980.00"
2020-12-17,2020121704001548,NEF,46,19,"1,066",9.94,"10,596.04"
2020-12-17,2020121704001542,NEF,46,38,241,9.79,"2,359.39"
2020-12-17,2020121704001541,NEF,46,49,314,9.79,"3,074.06"
2020-12-17,2020121704001501,NEF,26,52,"2,414",9.71,"23,439.94"
2020-12-17,2020121704001470,NEF,19,49,296,9.79,"2,897.84"
2020-12-17,2020121704001469,NEF,19,33,"1,127",9.70,"10,931.90"
2020-12-17,2020121704001242,NEF,39,28,483,9.86,"4,762.38"
2020-12-17,2020121704001388,NEF,58,49,"2,390",9.85,"23,541.50"
2020-12-17,2020121704001319,NEF,58,57,110,9.85,"1,083.50"
2020-12-17,2020121704001318,NEF,47,57,"2,304",9.85,"22,694.40"
2020-12-17,2020121704001271,NEF,6,50,"2,414",9.89,"23,874.46"
2020-12-17,2020121704001270,NEF,6,37,"2,414",9.89,"23,874.46"
2020-12-17,2020121704001269,NEF,6,37,"2,414",9.89,"23,874.46"
2020-12-17,2020121704001399,NEF,19,49,400,9.79,"3,916.00"
2020-12-17,2020121704001398,NEF,19,49,"1,600",9.78,"15,648.00"
2020-12-17,2020121704001397,NEF,19,49,"2,000",9.79,"19,580.00"
2020-12-17,2020121704001391,NEF,41,49,"1,800",9.80,"17,640.00"
2020-12-17,2020121704001390,NEF,54,49,790,9.80,"7,742.00"
2020-12-17,2020121704001389,NEF,54,49,"1,210",9.80,"11,858.00"
2020-12-17,2020121704001607,NIBLPF,28,39,556,10.08,"5,604.48"
2020-12-17,2020121704001606,NIBLPF,21,39,707,10.08,"7,126.56"
2020-12-17,2020121704001496,NIBLPF,21,52,"1,263",10.08,"12,731.04"
2020-12-17,2020121704001434,NIBLPF,21,33,"2,525",10.08,"25,452.00"
2020-12-17,2020121704001405,NIBLPF,21,49,505,10.08,"5,090.40"
2020-12-17,2020121704001314,NIBLPF,49,39,253,10.07,"2,547.71"
2020-12-17,2020121704001313,NIBLPF,49,57,"2,525",10.07,"25,426.75"
2020-12-17,2020121704001209,NIBLPF,49,4,"20,892",10.07,"210,382.44"
2020-12-17,2020121704001208,NIBLPF,6,4,"6,515",10.08,"65,671.20"
2020-12-17,2020121704001199,NIBLPF,4,4,"500,000",10.04,"5,020,000.00"
2020-12-17,2020121704001190,NIBLPF,4,4,"500,000",10.04,"5,020,000.00"
2020-12-17,2020121704001624,NIBPO,6,6,200,454.00,"90,800.00"
2020-12-17,2020121704001594,NIBPO,56,6,"3,300",455.00,"1,501,500.00"
2020-12-17,2020121704001586,NIBPO,17,6,500,455.00,"227,500.00"
2020-12-17,2020121704001585,NIBPO,25,6,200,455.00,"91,000.00"
2020-12-17,2020121704001584,NIBPO,56,6,500,455.00,"227,500.00"
2020-12-17,2020121704001527,NIBPO,17,42,200,460.00,"92,000.00"
2020-12-17,2020121704001181,NIBPO,17,34,369,455.00,"167,895.00"
2020-12-17,2020121704001410,NIBPO,16,32,221,460.00,"101,660.00"
2020-12-17,2020121704001337,NIBPO,56,42,500,455.00,"227,500.00"
2020-12-17,2020121704001308,NIBPO,17,17,169,454.00,"76,726.00"
2020-12-17,2020121704001307,NIBPO,33,17,31,455.00,"14,105.00"
2020-12-17,2020121704001276,NIBPO,33,20,169,455.00,"76,895.00"
2020-12-17,2020121704001275,NIBPO,17,20,131,455.00,"59,605.00"
2020-12-17,2020121704001526,NIBPO,17,17,300,459.00,"137,700.00"
2020-12-17,2020121704001487,NIBPO,1,42,116,460.00,"53,360.00"
2020-12-17,2020121704001472,NIBPO,17,42,51,460.00,"23,460.00"
2020-12-17,2020121704001471,NIBPO,17,11,280,460.00,"128,800.00"
2020-12-17,2020121704001412,NIBPO,16,16,361,461.00,"166,421.00"
2020-12-17,2020121704001411,NIBPO,16,42,500,461.00,"230,500.00"
2020-12-17,2020121704001570,NIBSF1,7,10,"3,805",11.16,"42,463.80"
2020-12-17,2020121704001503,NIBSF1,26,51,"3,513",11.25,"39,521.25"
2020-12-17,2020121704001610,NICBF,22,47,600,10.00,"6,000.00"
2020-12-17,2020121704001609,NICBF,22,49,"1,000",10.00,"10,000.00"
2020-12-17,2020121704001572,NICBF,45,28,"5,000",9.99,"49,950.00"
2020-12-17,2020121704001566,NICBF,22,35,100,9.95,995.00
2020-12-17,2020121704001525,NICBF,22,35,100,9.95,995.00
2020-12-17,2020121704001524,NICBF,22,35,100,9.93,993.00
2020-12-17,2020121704001601,NICGF,17,40,"1,500",10.45,"15,675.00"
2020-12-17,2020121704001600,NICGF,17,58,200,10.45,"2,090.00"
2020-12-17,2020121704001599,NICGF,17,6,100,10.32,"1,032.00"
2020-12-17,2020121704001598,NICGF,17,10,"1,000",10.32,"10,320.00"
2020-12-17,2020121704001383,NICGF,35,49,100,10.27,"1,027.00"
2020-12-17,2020121704001309,NICGF,6,59,"31,500",10.30,"324,450.00"
2020-12-17,2020121704001255,NICGF,17,59,"40,000",10.30,"412,000.00"
2020-12-17,2020121704001184,NICGF,17,59,"15,000",10.30,"154,500.00"
2020-12-17,2020121704001180,NICGF,17,59,"20,000",10.30,"206,000.00"
2020-12-17,2020121704001179,NICGF,17,59,"20,000",10.30,"206,000.00"
2020-12-17,2020121704001178,NICGF,17,59,"20,000",10.30,"206,000.00"
2020-12-17,2020121704001452,NMBHF1,11,58,"1,577",9.93,"15,659.61"
2020-12-17,2020121704001392,NMBHF1,11,58,832,9.93,"8,261.76"
2020-12-17,2020121704001202,NMBHF1,11,44,660,9.90,"6,534.00"
2020-12-17,2020121704001647,RBCLPO,51,21,10,"13,800.00","138,000.00"
2020-12-17,2020121704001642,RBCLPO,51,49,10,"13,800.00","138,000.00"
2020-12-17,2020121704001582,RBCLPO,56,43,20,"13,800.00","276,000.00"
2020-12-17,2020121704001581,RBCLPO,34,43,20,"13,801.00","276,020.00"
2020-12-17,2020121704001580,RBCLPO,19,43,10,"13,850.00","138,500.00"
2020-12-17,2020121704001561,RBCLPO,42,6,10,"13,990.00","139,900.00"
2020-12-17,2020121704001197,RBCLPO,33,43,40,"14,101.00","564,040.00"
2020-12-17,2020121704001169,RBCLPO,33,56,10,"14,101.00","141,010.00"
2020-12-17,2020121704001401,RBCLPO,59,49,10,"13,819.00","138,190.00"
2020-12-17,2020121704001287,RBCLPO,26,6,10,"13,890.00","138,900.00"
2020-12-17,2020121704001266,RBCLPO,16,34,10,"13,894.00","138,940.00"
2020-12-17,2020121704001233,RBCLPO,45,6,10,"14,100.00","141,000.00"
2020-12-17,2020121704001216,RBCLPO,45,6,50,"14,100.00","705,000.00"
2020-12-17,2020121704001214,RBCLPO,45,59,10,"14,100.00","141,000.00"
2020-12-17,2020121704001546,SAEF,41,17,"2,000",10.96,"21,920.00"
2020-12-17,2020121704001505,SAEF,6,10,"5,000",11.07,"55,350.00"
2020-12-17,2020121704001495,SAEF,6,10,"10,000",11.06,"110,600.00"
2020-12-17,2020121704001494,SAEF,6,39,500,11.06,"5,530.00"
2020-12-17,2020121704001479,SAEF,41,1,"1,000",10.96,"10,960.00"
2020-12-17,2020121704001422,SAEF,6,56,"4,190",10.97,"45,964.30"
2020-12-17,2020121704001304,SAEF,39,10,"1,000",11.05,"11,050.00"
2020-12-17,2020121704001303,SAEF,39,10,"1,000",11.05,"11,050.00"
2020-12-17,2020121704001302,SAEF,39,10,"1,000",11.05,"11,050.00"
2020-12-17,2020121704001301,SAEF,39,10,"1,000",11.05,"11,050.00"
2020-12-17,2020121704001299,SAEF,39,10,"1,000",11.05,"11,050.00"
2020-12-17,2020121704001421,SAEF,6,56,"5,000",10.97,"54,850.00"
2020-12-17,2020121704001420,SAEF,56,56,"9,100",10.97,"99,827.00"
2020-12-17,2020121704001419,SAEF,33,56,810,10.98,"8,893.80"
2020-12-17,2020121704001404,SAEF,33,22,"4,190",10.98,"46,006.20"
2020-12-17,2020121704001351,SAEF,56,42,400,10.96,"4,384.00"
2020-12-17,2020121704001350,SAEF,22,42,100,10.98,"1,098.00"
2020-12-17,2020121704001623,SEF,48,14,"43,650",10.45,"456,142.50"
2020-12-17,2020121704001622,SEF,48,49,"2,000",10.45,"20,900.00"
2020-12-17,2020121704001621,SEF,48,32,"4,350",10.45,"45,457.50"
2020-12-17,2020121704001579,SEF,6,57,"3,100",10.36,"32,116.00"
2020-12-17,2020121704001490,SEF,6,13,"1,500",10.36,"15,540.00"
2020-12-17,2020121704001352,SEF,6,49,400,10.36,"4,144.00"
2020-12-17,2020121704001175,SEF,14,59,250,10.50,"2,625.00"
2020-12-17,2020121704001174,SEF,14,50,"1,000",10.50,"10,500.00"
2020-12-17,2020121704001173,SEF,14,18,"5,000",10.50,"52,500.00"
2020-12-17,2020121704001172,SEF,14,34,"10,000",10.49,"104,900.00"
2020-12-17,2020121704001207,SEF,42,38,"75,000",10.35,"776,250.00"
2020-12-17,2020121704001206,SEF,49,38,"30,000",10.36,"310,800.00"
2020-12-17,2020121704001205,SEF,49,38,"25,000",10.36,"259,000.00"
2020-12-17,2020121704001204,SEF,49,38,"49,000",10.36,"507,640.00"
2020-12-17,2020121704001177,SEF,14,14,"100,000",10.50,"1,050,000.00"
2020-12-17,2020121704001176,SEF,14,6,"3,000",10.50,"31,500.00"
2020-12-17,2020121704001578,SFMF,17,32,"1,500",10.10,"15,150.00"
2020-12-17,2020121704001656,SGI,42,38,10,598.00,"5,980.00"
2020-12-17,2020121704001655,SGI,38,19,20,600.00,"12,000.00"
2020-12-17,2020121704001654,SGI,38,25,100,600.00,"60,000.00"
2020-12-17,2020121704001653,SGI,38,49,300,600.00,"180,000.00"
2020-12-17,2020121704001652,SGI,38,42,10,600.00,"6,000.00"
2020-12-17,2020121704001651,SGI,38,36,10,600.00,"6,000.00"
2020-12-17,2020121704001161,SGI,38,37,10,600.00,"6,000.00"
2020-12-17,2020121704001160,SGI,38,58,10,600.00,"6,000.00"
2020-12-17,2020121704001186,SGI,50,55,10,600.00,"6,000.00"
2020-12-17,2020121704001183,SGI,38,26,10,600.00,"6,000.00"
2020-12-17,2020121704001182,SGI,19,7,10,602.00,"6,020.00"
2020-12-17,2020121704001167,SGI,38,59,10,600.00,"6,000.00"
2020-12-17,2020121704001166,SGI,38,54,10,600.00,"6,000.00"
2020-12-17,2020121704001165,SGI,19,8,10,601.00,"6,010.00"
2020-12-17,2020121704001195,SGI,50,52,10,600.00,"6,000.00"
2020-12-17,2020121704001194,SGI,50,55,10,600.00,"6,000.00"
2020-12-17,2020121704001192,SGI,50,26,10,600.00,"6,000.00"
2020-12-17,2020121704001189,SGI,50,29,10,600.00,"6,000.00"
2020-12-17,2020121704001188,SGI,50,3,10,600.00,"6,000.00"
2020-12-17,2020121704001187,SGI,50,21,10,600.00,"6,000.00"
2020-12-17,2020121704001219,SGI,34,49,10,599.00,"5,990.00"
2020-12-17,2020121704001217,SGI,19,49,10,600.00,"6,000.00"
2020-12-17,2020121704001211,SGI,50,39,10,600.00,"6,000.00"
2020-12-17,2020121704001210,SGI,50,49,10,600.00,"6,000.00"
2020-12-17,2020121704001200,SGI,19,45,10,602.00,"6,020.00"
2020-12-17,2020121704001198,SGI,50,55,10,600.00,"6,000.00"
2020-12-17,2020121704001232,SGI,34,49,10,599.00,"5,990.00"
2020-12-17,2020121704001231,SGI,34,42,10,599.00,"5,990.00"
2020-12-17,2020121704001224,SGI,34,6,10,599.00,"5,990.00"
2020-12-17,2020121704001222,SGI,34,26,10,599.00,"5,990.00"
2020-12-17,2020121704001221,SGI,34,49,10,599.00,"5,990.00"
2020-12-17,2020121704001220,SGI,34,8,10,599.00,"5,990.00"
2020-12-17,2020121704001254,SGI,58,41,10,600.00,"6,000.00"
2020-12-17,2020121704001253,SGI,58,41,10,600.00,"6,000.00"
2020-12-17,2020121704001252,SGI,58,55,10,600.00,"6,000.00"
2020-12-17,2020121704001248,SGI,34,52,10,599.00,"5,990.00"
2020-12-17,2020121704001246,SGI,34,48,10,599.00,"5,990.00"
2020-12-17,2020121704001245,SGI,34,52,10,599.00,"5,990.00"
2020-12-17,2020121704001298,SGI,34,58,10,599.00,"5,990.00"
2020-12-17,2020121704001291,SGI,51,5,20,602.00,"12,040.00"
2020-12-17,2020121704001290,SGI,51,58,10,602.00,"6,020.00"
2020-12-17,2020121704001289,SGI,51,33,10,600.00,"6,000.00"
2020-12-17,2020121704001288,SGI,51,36,10,600.00,"6,000.00"
2020-12-17,2020121704001273,SGI,34,17,10,599.00,"5,990.00"
2020-12-17,2020121704001320,SGI,34,40,10,599.00,"5,990.00"
2020-12-17,2020121704001317,SGI,34,34,10,599.00,"5,990.00"
2020-12-17,2020121704001316,SGI,49,34,10,601.00,"6,010.00"
2020-12-17,2020121704001310,SGI,34,59,10,599.00,"5,990.00"
2020-12-17,2020121704001306,SGI,34,35,10,599.00,"5,990.00"
2020-12-17,2020121704001300,SGI,34,51,10,599.00,"5,990.00"
2020-12-17,2020121704001359,SGI,34,55,10,599.00,"5,990.00"
2020-12-17,2020121704001356,SGI,34,16,10,599.00,"5,990.00"
2020-12-17,2020121704001353,SGI,34,1,10,599.00,"5,990.00"
2020-12-17,2020121704001324,SGI,49,48,10,602.00,"6,020.00"
2020-12-17,2020121704001323,SGI,49,1,10,602.00,"6,020.00"
2020-12-17,2020121704001322,SGI,49,19,10,600.00,"6,000.00"
2020-12-17,2020121704001394,SGI,34,21,10,599.00,"5,990.00"
2020-12-17,2020121704001393,SGI,34,41,10,599.00,"5,990.00"
2020-12-17,2020121704001387,SGI,34,29,10,599.00,"5,990.00"
2020-12-17,2020121704001382,SGI,34,57,10,599.00,"5,990.00"
2020-12-17,2020121704001370,SGI,34,7,100,599.00,"59,900.00"
2020-12-17,2020121704001360,SGI,34,28,10,598.00,"5,980.00"
2020-12-17,2020121704001418,SGI,34,43,10,599.00,"5,990.00"
2020-12-17,2020121704001415,SGI,34,42,10,599.00,"5,990.00"
2020-12-17,2020121704001414,SGI,34,38,10,599.00,"5,990.00"
2020-12-17,2020121704001413,SGI,34,42,10,599.00,"5,990.00"
2020-12-17,2020121704001403,SGI,34,6,10,599.00,"5,990.00"
2020-12-17,2020121704001395,SGI,34,57,10,599.00,"5,990.00"
2020-12-17,2020121704001430,SGI,45,55,100,599.00,"59,900.00"
2020-12-17,2020121704001429,SGI,45,57,10,599.00,"5,990.00"
2020-12-17,2020121704001428,SGI,45,43,10,599.00,"5,990.00"
2020-12-17,2020121704001427,SGI,45,43,10,599.00,"5,990.00"
2020-12-17,2020121704001424,SGI,45,43,10,599.00,"5,990.00"
2020-12-17,2020121704001423,SGI,45,36,10,599.00,"5,990.00"
2020-12-17,2020121704001467,SGI,45,36,100,599.00,"59,900.00"
2020-12-17,2020121704001460,SGI,45,38,10,599.00,"5,990.00"
2020-12-17,2020121704001456,SGI,45,42,10,599.00,"5,990.00"
2020-12-17,2020121704001450,SGI,45,38,10,599.00,"5,990.00"
2020-12-17,2020121704001436,SGI,45,21,10,599.00,"5,990.00"
2020-12-17,2020121704001433,SGI,45,21,10,599.00,"5,990.00"
2020-12-17,2020121704001485,SGI,34,38,10,598.00,"5,980.00"
2020-12-17,2020121704001483,SGI,42,36,10,599.00,"5,990.00"
2020-12-17,2020121704001481,SGI,34,33,10,598.00,"5,980.00"
2020-12-17,2020121704001477,SGI,34,58,10,598.00,"5,980.00"
2020-12-17,2020121704001473,SGI,34,21,10,598.00,"5,980.00"
2020-12-17,2020121704001468,SGI,35,36,500,599.00,"299,500.00"
2020-12-17,2020121704001504,SGI,34,3,10,598.00,"5,980.00"
2020-12-17,2020121704001502,SGI,34,45,10,598.00,"5,980.00"
2020-12-17,2020121704001499,SGI,34,20,10,598.00,"5,980.00"
2020-12-17,2020121704001497,SGI,34,51,10,598.00,"5,980.00"
2020-12-17,2020121704001492,SGI,34,59,10,598.00,"5,980.00"
2020-12-17,2020121704001491,SGI,34,38,10,598.00,"5,980.00"
2020-12-17,2020121704001519,SGI,34,45,40,598.00,"23,920.00"
2020-12-17,2020121704001513,SGI,34,20,10,598.00,"5,980.00"
2020-12-17,2020121704001512,SGI,34,36,10,598.00,"5,980.00"
2020-12-17,2020121704001511,SGI,34,20,10,598.00,"5,980.00"
2020-12-17,2020121704001509,SGI,34,20,10,598.00,"5,980.00"
2020-12-17,2020121704001508,SGI,34,38,10,598.00,"5,980.00"
2020-12-17,2020121704001549,SGI,25,46,10,598.00,"5,980.00"
2020-12-17,2020121704001545,SGI,38,10,10,598.00,"5,980.00"
2020-12-17,2020121704001543,SGI,38,48,20,598.00,"11,960.00"
2020-12-17,2020121704001522,SGI,38,45,70,598.00,"41,860.00"
2020-12-17,2020121704001521,SGI,8,45,200,598.00,"119,600.00"
2020-12-17,2020121704001520,SGI,10,45,90,598.00,"53,820.00"
2020-12-17,2020121704001576,SGI,34,38,10,598.00,"5,980.00"
2020-12-17,2020121704001574,SGI,25,20,10,598.00,"5,980.00"
2020-12-17,2020121704001560,SGI,33,36,100,599.00,"59,900.00"
2020-12-17,2020121704001554,SGI,25,41,10,598.00,"5,980.00"
2020-12-17,2020121704001551,SGI,25,26,10,598.00,"5,980.00"
2020-12-17,2020121704001550,SGI,25,6,10,598.00,"5,980.00"
2020-12-17,2020121704001611,SGI,34,36,315,599.00,"188,685.00"
2020-12-17,2020121704001608,SGI,33,36,25,599.00,"14,975.00"
2020-12-17,2020121704001604,SGI,34,38,10,598.00,"5,980.00"
2020-12-17,2020121704001602,SGI,34,45,10,598.00,"5,980.00"
2020-12-17,2020121704001593,SGI,34,20,10,598.00,"5,980.00"
2020-12-17,2020121704001583,SGI,34,38,10,598.00,"5,980.00"
2020-12-17,2020121704001617,SGI,34,47,10,599.00,"5,990.00"
2020-12-17,2020121704001616,SGI,34,47,10,599.00,"5,990.00"
2020-12-17,2020121704001615,SGI,34,47,10,599.00,"5,990.00"
2020-12-17,2020121704001614,SGI,34,47,10,599.00,"5,990.00"
2020-12-17,2020121704001613,SGI,34,47,10,599.00,"5,990.00"
2020-12-17,2020121704001612,SGI,34,47,10,599.00,"5,990.00"
2020-12-17,2020121704001631,SGI,6,20,10,599.00,"5,990.00"
2020-12-17,2020121704001630,SGI,42,56,10,598.00,"5,980.00"
2020-12-17,2020121704001625,SGI,42,49,20,598.00,"11,960.00"
2020-12-17,2020121704001620,SGI,42,5,10,598.00,"5,980.00"
2020-12-17,2020121704001619,SGI,34,5,150,598.00,"89,700.00"
2020-12-17,2020121704001618,SGI,34,5,325,599.00,"194,675.00"
2020-12-17,2020121704001650,SGI,38,49,10,600.00,"6,000.00"
2020-12-17,2020121704001649,SGI,38,1,10,599.00,"5,990.00"
2020-12-17,2020121704001648,SGI,38,33,40,599.00,"23,960.00"
2020-12-17,2020121704001644,SGI,42,46,10,598.00,"5,980.00"
2020-12-17,2020121704001640,SGI,42,26,10,598.00,"5,980.00"
2020-12-17,2020121704001638,SGI,57,32,10,599.00,"5,990.00"
2020-12-17,2020121704001568,STC,49,6,10,"5,423.00","54,230.00"
2020-12-17,2020121704001567,STC,49,6,20,"5,425.00","108,500.00"
2020-12-17,2020121704001565,STC,49,6,70,"5,425.00","379,750.00"
2020-12-17,2020121704001564,STC,5,6,10,"5,430.00","54,300.00"
2020-12-17,2020121704001563,STC,28,6,10,"5,431.00","54,310.00"
2020-12-17,2020121704001562,STC,58,6,10,"5,475.00","54,750.00"
2020-12-17,2020121704001257,STC,5,10,20,"5,515.00","110,300.00"
2020-12-17,2020121704001263,STC,57,10,10,"5,465.00","54,650.00"
2020-12-17,2020121704001262,STC,41,10,10,"5,465.00","54,650.00"
2020-12-17,2020121704001261,STC,34,10,10,"5,465.00","54,650.00"
2020-12-17,2020121704001260,STC,55,10,30,"5,470.00","164,100.00"
2020-12-17,2020121704001259,STC,35,10,10,"5,500.00","55,000.00"
2020-12-17,2020121704001258,STC,19,10,10,"5,505.00","55,050.00"
2020-12-17,2020121704001281,STC,10,5,10,"5,400.00","54,000.00"
2020-12-17,2020121704001280,STC,35,5,10,"5,400.00","54,000.00"
2020-12-17,2020121704001279,STC,51,5,10,"5,400.00","54,000.00"
2020-12-17,2020121704001278,STC,34,5,10,"5,450.00","54,500.00"
2020-12-17,2020121704001277,STC,38,5,10,"5,461.00","54,610.00"
2020-12-17,2020121704001267,STC,57,5,10,"5,464.00","54,640.00"
2020-12-17,2020121704001498,STC,34,45,10,"5,462.00","54,620.00"
2020-12-17,2020121704001286,STC,44,5,10,"5,355.00","53,550.00"
2020-12-17,2020121704001285,STC,36,5,10,"5,356.00","53,560.00"
2020-12-17,2020121704001284,STC,49,5,10,"5,356.00","53,560.00"
2020-12-17,2020121704001283,STC,21,5,10,"5,357.00","53,570.00"
2020-12-17,2020121704001282,STC,46,5,10,"5,390.00","53,900.00"
2020-12-17,2020121704001122,BBC,35,14,10,"2,765.00","27,650.00"
2020-12-17,2020121704001121,BBC,6,14,10,"2,770.00","27,700.00"
2020-12-17,2020121704001120,BBC,57,14,10,"2,771.00","27,710.00"
2020-12-17,2020121704000922,BBC,21,36,10,"2,800.00","28,000.00"
2020-12-17,2020121704000878,BBC,58,6,10,"2,799.00","27,990.00"
2020-12-17,2020121704000781,BBC,34,6,10,"2,799.00","27,990.00"
2020-12-17,2020121704000780,BBC,34,56,10,"2,799.00","27,990.00"
2020-12-17,2020121704000912,CMF1,43,50,"10,000",10.00,"100,000.00"
2020-12-17,2020121704000911,CMF1,43,22,"1,000",10.00,"10,000.00"
2020-12-17,2020121704000910,CMF1,43,19,"1,000",10.00,"10,000.00"
2020-12-17,2020121704000909,CMF1,43,40,"2,000",10.00,"20,000.00"
2020-12-17,2020121704000908,CMF1,43,17,"1,000",10.00,"10,000.00"
2020-12-17,2020121704000907,CMF1,43,17,"1,000",10.00,"10,000.00"
2020-12-17,2020121704001124,GBD80/81,11,40,50,"1,027.00","51,350.00"
2020-12-17,2020121704000990,GBD80/81,8,40,50,"1,026.00","51,300.00"
2020-12-17,2020121704000894,GBD80/81,11,26,50,"1,040.00","52,000.00"
2020-12-17,2020121704001153,GIC,22,39,10,570.00,"5,700.00"
2020-12-17,2020121704001148,GIC,22,39,10,570.00,"5,700.00"
2020-12-17,2020121704001135,GIC,49,56,10,571.00,"5,710.00"
2020-12-17,2020121704001130,GIC,49,36,10,571.00,"5,710.00"
2020-12-17,2020121704001126,GIC,49,33,10,571.00,"5,710.00"
2020-12-17,2020121704001117,GIC,49,35,10,571.00,"5,710.00"
2020-12-17,2020121704000678,GIC,37,25,10,574.00,"5,740.00"
2020-12-17,2020121704000672,GIC,37,17,10,574.00,"5,740.00"
2020-12-17,2020121704000671,GIC,37,14,10,574.00,"5,740.00"
2020-12-17,2020121704000668,GIC,37,38,10,574.00,"5,740.00"
2020-12-17,2020121704000666,GIC,37,49,10,574.00,"5,740.00"
2020-12-17,2020121704000658,GIC,37,25,10,574.00,"5,740.00"
2020-12-17,2020121704000704,GIC,36,18,10,574.00,"5,740.00"
2020-12-17,2020121704000696,GIC,55,40,10,573.00,"5,730.00"
2020-12-17,2020121704000692,GIC,55,40,10,573.00,"5,730.00"
2020-12-17,2020121704000690,GIC,55,59,10,573.00,"5,730.00"
2020-12-17,2020121704000684,GIC,22,18,18,574.00,"10,332.00"
2020-12-17,2020121704000682,GIC,55,29,10,573.00,"5,730.00"
2020-12-17,2020121704000731,GIC,48,16,10,572.00,"5,720.00"
2020-12-17,2020121704000730,GIC,48,6,10,572.00,"5,720.00"
2020-12-17,2020121704000728,GIC,48,58,10,572.00,"5,720.00"
2020-12-17,2020121704000719,GIC,48,44,10,572.00,"5,720.00"
2020-12-17,2020121704000709,GIC,55,58,10,573.00,"5,730.00"
2020-12-17,2020121704000706,GIC,55,25,10,573.00,"5,730.00"
2020-12-17,2020121704000741,GIC,29,48,20,571.00,"11,420.00"
2020-12-17,2020121704000740,GIC,10,48,70,571.00,"39,970.00"
2020-12-17,2020121704000739,GIC,10,25,10,571.00,"5,710.00"
2020-12-17,2020121704000737,GIC,10,38,10,571.00,"5,710.00"
2020-12-17,2020121704000735,GIC,48,16,10,572.00,"5,720.00"
2020-12-17,2020121704000734,GIC,48,58,10,572.00,"5,720.00"
2020-12-17,2020121704000763,GIC,29,7,10,571.00,"5,710.00"
2020-12-17,2020121704000762,GIC,29,34,10,571.00,"5,710.00"
2020-12-17,2020121704000761,GIC,29,21,10,571.00,"5,710.00"
2020-12-17,2020121704000750,GIC,29,48,10,571.00,"5,710.00"
2020-12-17,2020121704000749,GIC,29,13,10,571.00,"5,710.00"
2020-12-17,2020121704000745,GIC,29,7,10,571.00,"5,710.00"
2020-12-17,2020121704000777,GIC,29,59,10,571.00,"5,710.00"
2020-12-17,2020121704000775,GIC,29,58,10,571.00,"5,710.00"
2020-12-17,2020121704000774,GIC,29,46,10,571.00,"5,710.00"
2020-12-17,2020121704000773,GIC,29,41,10,571.00,"5,710.00"
2020-12-17,2020121704000770,GIC,38,6,25,572.00,"14,300.00"
2020-12-17,2020121704000765,GIC,29,29,10,571.00,"5,710.00"
2020-12-17,2020121704000787,GIC,29,56,665,571.00,"379,715.00"
2020-12-17,2020121704000786,GIC,5,56,100,571.00,"57,100.00"
2020-12-17,2020121704000785,GIC,29,59,10,571.00,"5,710.00"
2020-12-17,2020121704000784,GIC,29,59,10,571.00,"5,710.00"
2020-12-17,2020121704000783,GIC,29,36,10,571.00,"5,710.00"
2020-12-17,2020121704000779,GIC,29,42,10,571.00,"5,710.00"
2020-12-17,2020121704000819,GIC,38,38,10,572.00,"5,720.00"
2020-12-17,2020121704000815,GIC,38,42,10,572.00,"5,720.00"
2020-12-17,2020121704000814,GIC,38,8,10,572.00,"5,720.00"
2020-12-17,2020121704000799,GIC,29,42,10,571.00,"5,710.00"
2020-12-17,2020121704000796,GIC,29,21,10,571.00,"5,710.00"
2020-12-17,2020121704000794,GIC,29,45,10,571.00,"5,710.00"
2020-12-17,2020121704000829,GIC,38,35,10,572.00,"5,720.00"
2020-12-17,2020121704000827,GIC,38,52,10,572.00,"5,720.00"
2020-12-17,2020121704000826,GIC,38,44,10,572.00,"5,720.00"
2020-12-17,2020121704000823,GIC,38,58,10,572.00,"5,720.00"
2020-12-17,2020121704000822,GIC,38,21,10,572.00,"5,720.00"
2020-12-17,2020121704000820,GIC,38,48,10,572.00,"5,720.00"
2020-12-17,2020121704000836,GIC,38,35,50,572.00,"28,600.00"
2020-12-17,2020121704000835,GIC,42,35,205,572.00,"117,260.00"
2020-12-17,2020121704000834,GIC,56,35,30,572.00,"17,160.00"
2020-12-17,2020121704000833,GIC,56,58,10,572.00,"5,720.00"
2020-12-17,2020121704000832,GIC,56,21,60,572.00,"34,320.00"
2020-12-17,2020121704000830,GIC,38,39,10,572.00,"5,720.00"
2020-12-17,2020121704000847,GIC,29,13,10,571.00,"5,710.00"
2020-12-17,2020121704000845,GIC,29,49,10,571.00,"5,710.00"
2020-12-17,2020121704000844,GIC,29,32,10,571.00,"5,710.00"
2020-12-17,2020121704000841,GIC,29,39,10,571.00,"5,710.00"
2020-12-17,2020121704000839,GIC,38,35,15,572.00,"8,580.00"
2020-12-17,2020121704000838,GIC,29,42,10,571.00,"5,710.00"
2020-12-17,2020121704000857,GIC,29,26,10,571.00,"5,710.00"
2020-12-17,2020121704000856,GIC,29,49,10,571.00,"5,710.00"
2020-12-17,2020121704000853,GIC,29,45,10,571.00,"5,710.00"
2020-12-17,2020121704000852,GIC,29,56,10,571.00,"5,710.00"
2020-12-17,2020121704000850,GIC,29,33,10,571.00,"5,710.00"
2020-12-17,2020121704000849,GIC,29,36,10,571.00,"5,710.00"
2020-12-17,2020121704000884,GIC,48,34,10,571.00,"5,710.00"
2020-12-17,2020121704000882,GIC,48,57,10,571.00,"5,710.00"
2020-12-17,2020121704000879,GIC,49,42,10,572.00,"5,720.00"
2020-12-17,2020121704000877,GIC,49,46,10,572.00,"5,720.00"
2020-12-17,2020121704000859,GIC,29,11,10,571.00,"5,710.00"
2020-12-17,2020121704000858,GIC,29,26,10,571.00,"5,710.00"
2020-12-17,2020121704000917,GIC,13,26,10,571.00,"5,710.00"
2020-12-17,2020121704000916,GIC,13,48,10,571.00,"5,710.00"
2020-12-17,2020121704000915,GIC,13,49,10,571.00,"5,710.00"
2020-12-17,2020121704000914,GIC,13,14,10,571.00,"5,710.00"
2020-12-17,2020121704000913,GIC,13,29,30,571.00,"17,130.00"
2020-12-17,2020121704000887,GIC,48,29,10,571.00,"5,710.00"
2020-12-17,2020121704000932,GIC,22,47,10,571.00,"5,710.00"
2020-12-17,2020121704000928,GIC,22,36,10,571.00,"5,710.00"
2020-12-17,2020121704000926,GIC,22,49,10,571.00,"5,710.00"
2020-12-17,2020121704000925,GIC,22,26,10,571.00,"5,710.00"
2020-12-17,2020121704000923,GIC,22,1,10,570.00,"5,700.00"
2020-12-17,2020121704000918,GIC,22,1,10,570.00,"5,700.00"
2020-12-17,2020121704000946,GIC,22,59,10,571.00,"5,710.00"
2020-12-17,2020121704000945,GIC,22,19,10,571.00,"5,710.00"
2020-12-17,2020121704000941,GIC,53,49,10,571.00,"5,710.00"
2020-12-17,2020121704000940,GIC,53,36,10,571.00,"5,710.00"
2020-12-17,2020121704000939,GIC,53,36,10,571.00,"5,710.00"
2020-12-17,2020121704000938,GIC,53,19,10,571.00,"5,710.00"
2020-12-17,2020121704001023,GIC,3,38,10,572.00,"5,720.00"
2020-12-17,2020121704000986,GIC,29,8,250,573.00,"143,250.00"
2020-12-17,2020121704000966,GIC,56,52,10,572.00,"5,720.00"
2020-12-17,2020121704000963,GIC,22,48,10,571.00,"5,710.00"
2020-12-17,2020121704000951,GIC,22,48,10,571.00,"5,710.00"
2020-12-17,2020121704000947,GIC,22,42,10,571.00,"5,710.00"
2020-12-17,2020121704001037,GIC,3,48,10,572.00,"5,720.00"
2020-12-17,2020121704001035,GIC,3,34,10,572.00,"5,720.00"
2020-12-17,2020121704001032,GIC,3,22,10,572.00,"5,720.00"
2020-12-17,2020121704001030,GIC,49,18,22,574.00,"12,628.00"
2020-12-17,2020121704001029,GIC,49,21,10,573.00,"5,730.00"
2020-12-17,2020121704001028,GIC,3,41,10,572.00,"5,720.00"
2020-12-17,2020121704001087,GIC,3,49,10,572.00,"5,720.00"
2020-12-17,2020121704001084,GIC,3,7,10,572.00,"5,720.00"
2020-12-17,2020121704001072,GIC,3,37,10,572.00,"5,720.00"
2020-12-17,2020121704001058,GIC,3,33,10,572.00,"5,720.00"
2020-12-17,2020121704001057,GIC,3,34,10,572.00,"5,720.00"
2020-12-17,2020121704001042,GIC,55,41,10,575.00,"5,750.00"
2020-12-17,2020121704001111,GIC,49,29,10,571.00,"5,710.00"
2020-12-17,2020121704001103,GIC,28,48,10,573.00,"5,730.00"
2020-12-17,2020121704001102,GIC,28,48,10,573.00,"5,730.00"
2020-12-17,2020121704001095,GIC,49,40,10,571.00,"5,710.00"
2020-12-17,2020121704001089,GIC,49,49,170,571.00,"97,070.00"
2020-12-17,2020121704001088,GIC,22,49,20,571.00,"11,420.00"
2020-12-17,2020121704000865,GIMES1,14,10,"20,000",11.21,"224,200.00"
2020-12-17,2020121704000771,GIMES1,26,10,"10,000",11.21,"112,100.00"
2020-12-17,2020121704000768,GIMES1,26,10,"10,000",11.20,"112,000.00"
2020-12-17,2020121704000767,GIMES1,26,34,500,11.20,"5,600.00"
2020-12-17,2020121704000766,GIMES1,26,10,"2,500",11.19,"27,975.00"
2020-12-17,2020121704000758,GIMES1,26,10,"2,500",11.19,"27,975.00"
2020-12-17,2020121704000757,GIMES1,26,10,"7,500",11.19,"83,925.00"
2020-12-17,2020121704000751,GIMES1,26,10,"2,500",11.19,"27,975.00"
2020-12-17,2020121704000825,LEMF,42,49,"3,500",10.14,"35,490.00"
2020-12-17,2020121704000747,LEMF,42,17,500,10.14,"5,070.00"
2020-12-17,2020121704001022,LUK,58,42,500,9.26,"4,630.00"
2020-12-17,2020121704000708,LUK,39,39,200,9.25,"1,850.00"
2020-12-17,2020121704000901,NBF2,42,42,100,9.72,972.00
2020-12-17,2020121704000900,NBF2,55,42,"1,000",9.75,"9,750.00"
2020-12-17,2020121704000899,NBF2,38,42,100,9.91,991.00
2020-12-17,2020121704000698,NBF2,42,34,100,9.72,972.00
2020-12-17,2020121704001127,NEF,46,45,"2,414",9.90,"23,898.60"
2020-12-17,2020121704001116,NEF,47,21,"2,414",9.85,"23,777.90"
2020-12-17,2020121704001114,NEF,47,21,"2,414",9.85,"23,777.90"
2020-12-17,2020121704001061,NEF,47,28,483,9.85,"4,757.55"
2020-12-17,2020121704001041,NEF,47,5,"2,144",9.85,"21,118.40"
2020-12-17,2020121704001040,NEF,58,5,"1,300",9.86,"12,818.00"
2020-12-17,2020121704000896,NEF,58,28,483,9.97,"4,815.51"
2020-12-17,2020121704001039,NEF,58,5,"1,223",9.86,"12,058.78"
2020-12-17,2020121704001038,NEF,41,5,965,9.90,"9,553.50"
2020-12-17,2020121704000985,NEF,41,28,483,9.90,"4,781.70"
2020-12-17,2020121704000968,NEF,41,39,386,9.90,"3,821.40"
2020-12-17,2020121704000906,NEF,41,59,"1,690",9.90,"16,731.00"
2020-12-17,2020121704000897,NEF,58,49,"2,414",9.97,"24,067.58"
2020-12-17,2020121704001094,NIBLPF,21,41,"2,525",10.10,"25,502.50"
2020-12-17,2020121704001065,NIBLPF,6,28,278,10.07,"2,799.46"
2020-12-17,2020121704001031,NIBLPF,6,44,"2,525",10.07,"25,426.75"
2020-12-17,2020121704000988,NIBLPF,6,28,278,10.07,"2,799.46"
2020-12-17,2020121704000974,NIBLPF,6,39,404,10.07,"4,068.28"
2020-12-17,2020121704000863,NIBLPF,28,44,"2,272",10.05,"22,833.60"
2020-12-17,2020121704000707,NIBLPF,7,16,"2,525",10.19,"25,729.75"
2020-12-17,2020121704001156,NIBPO,8,34,"1,631",455.00,"742,105.00"
2020-12-17,2020121704001152,NIBPO,8,6,"3,369",455.00,"1,532,895.00"
2020-12-17,2020121704001151,NIBPO,39,6,231,456.00,"105,336.00"
2020-12-17,2020121704001149,NIBPO,39,46,100,456.00,"45,600.00"
2020-12-17,2020121704001141,NIBPO,39,6,100,456.00,"45,600.00"
2020-12-17,2020121704001129,NIBPO,39,49,80,456.00,"36,480.00"
2020-12-17,2020121704000789,NIBPO,42,34,"1,000",448.00,"448,000.00"
2020-12-17,2020121704000788,NIBPO,42,8,50,447.00,"22,350.00"
2020-12-17,2020121704000778,NIBPO,22,47,45,444.00,"19,980.00"
2020-12-17,2020121704000802,NIBPO,42,10,100,459.00,"45,900.00"
2020-12-17,2020121704000801,NIBPO,42,32,500,458.00,"229,000.00"
2020-12-17,2020121704000797,NIBPO,42,32,500,457.00,"228,500.00"
2020-12-17,2020121704000792,NIBPO,42,55,500,449.00,"224,500.00"
2020-12-17,2020121704000791,NIBPO,42,34,500,449.00,"224,500.00"
2020-12-17,2020121704000790,NIBPO,42,8,100,449.00,"44,900.00"
2020-12-17,2020121704000818,NIBPO,42,10,50,465.00,"23,250.00"
2020-12-17,2020121704000807,NIBPO,42,13,500,465.00,"232,500.00"
2020-12-17,2020121704000806,NIBPO,42,10,100,464.00,"46,400.00"
2020-12-17,2020121704000805,NIBPO,42,51,40,459.00,"18,360.00"
2020-12-17,2020121704000804,NIBPO,42,17,57,459.00,"26,163.00"
2020-12-17,2020121704000803,NIBPO,42,17,152,459.00,"69,768.00"
2020-12-17,2020121704001128,NIBPO,39,34,210,456.00,"95,760.00"
2020-12-17,2020121704001064,NIBPO,6,42,500,460.00,"230,000.00"
2020-12-17,2020121704001044,NIBPO,42,17,50,460.00,"23,000.00"
2020-12-17,2020121704000975,NIBPO,39,41,22,456.00,"10,032.00"
2020-12-17,2020121704000875,NIBPO,39,47,157,456.00,"71,592.00"
2020-12-17,2020121704000840,NIBPO,39,10,100,456.00,"45,600.00"
2020-12-17,2020121704001137,NIBSF1,26,32,"5,000",11.30,"56,500.00"
2020-12-17,2020121704001136,NIBSF1,26,32,"8,513",11.30,"96,196.90"
2020-12-17,2020121704001133,NIBSF1,26,10,"10,000",11.29,"112,900.00"
2020-12-17,2020121704001132,NIBSF1,26,10,"10,000",11.29,"112,900.00"
2020-12-17,2020121704001131,NIBSF1,26,21,"2,500",11.29,"28,225.00"
2020-12-17,2020121704001069,NIBSF1,26,1,"5,000",11.30,"56,500.00"
2020-12-17,2020121704000724,NIBSF1,26,43,"5,000",11.28,"56,400.00"
2020-12-17,2020121704000723,NIBSF1,26,21,"5,000",11.25,"56,250.00"
2020-12-17,2020121704000722,NIBSF1,26,28,500,11.20,"5,600.00"
2020-12-17,2020121704001068,NIBSF1,26,51,"2,000",11.30,"22,600.00"
2020-12-17,2020121704001067,NIBSF1,26,33,"10,000",11.29,"112,900.00"
2020-12-17,2020121704001066,NIBSF1,26,10,"10,000",11.28,"112,800.00"
2020-12-17,2020121704001043,NIBSF1,57,5,"5,000",11.15,"55,750.00"
2020-12-17,2020121704000726,NIBSF1,26,58,"3,000",11.30,"33,900.00"
2020-12-17,2020121704000725,NIBSF1,26,39,"2,100",11.28,"23,688.00"
2020-12-17,2020121704000886,NICBF,7,35,100,9.90,990.00
2020-12-17,2020121704000760,NICBF,7,34,100,9.90,990.00
2020-12-17,2020121704000669,NICBF,7,35,100,9.90,990.00
2020-12-17,2020121704001145,NICGF,35,57,250,10.27,"2,567.50"
2020-12-17,2020121704001063,NICGF,29,34,"1,000",10.27,"10,270.00"
2020-12-17,2020121704000977,NICGF,48,59,"10,000",10.30,"103,000.00"
2020-12-17,2020121704000960,NICGF,10,59,"10,000",10.30,"103,000.00"
2020-12-17,2020121704000959,NICGF,48,59,"3,500",10.30,"36,050.00"
2020-12-17,2020121704000958,NICGF,48,59,"5,000",10.30,"51,500.00"
2020-12-17,2020121704000769,NICGF,58,59,"10,000",10.30,"103,000.00"
2020-12-17,2020121704000681,NICGF,17,45,"2,000",10.25,"20,500.00"
2020-12-17,2020121704000676,NICGF,58,59,"4,000",10.30,"41,200.00"
2020-12-17,2020121704000675,NICGF,58,19,"1,000",10.30,"10,300.00"
2020-12-17,2020121704000957,NICGF,48,59,"5,000",10.30,"51,500.00"
2020-12-17,2020121704000956,NICGF,48,59,"5,000",10.30,"51,500.00"
2020-12-17,2020121704000955,NICGF,48,59,"5,000",10.30,"51,500.00"
2020-12-17,2020121704000954,NICGF,17,59,"10,000",10.31,"103,100.00"
2020-12-17,2020121704000813,NICGF,49,59,"182,100",10.30,"1,875,630.00"
2020-12-17,2020121704000782,NICGF,49,59,"3,900",10.30,"40,170.00"
2020-12-17,2020121704001104,NMB50,39,19,200,10.29,"2,058.00"
2020-12-17,2020121704001099,NMB50,39,19,800,10.29,"8,232.00"
2020-12-17,2020121704001098,NMB50,39,54,200,10.29,"2,058.00"
2020-12-17,2020121704001096,NMB50,39,58,500,10.23,"5,115.00"
2020-12-17,2020121704001091,NMB50,39,57,100,10.20,"1,020.00"
2020-12-17,2020121704001090,NMB50,39,14,100,10.20,"1,020.00"
2020-12-17,2020121704001085,NMB50,39,48,300,10.18,"3,054.00"
2020-12-17,2020121704000984,NMB50,29,49,"1,000",10.15,"10,150.00"
2020-12-17,2020121704000891,NMB50,47,35,100,10.14,"1,014.00"
2020-12-17,2020121704000673,NMB50,29,34,500,10.09,"5,045.00"
2020-12-17,2020121704001123,NMBHF1,49,21,"4,161",9.89,"41,152.29"
2020-12-17,2020121704001119,NMBHF1,49,21,"4,161",9.89,"41,152.29"
2020-12-17,2020121704001112,NMBHF1,49,21,"4,161",9.89,"41,152.29"
2020-12-17,2020121704001048,NMBHF1,49,5,887,9.89,"8,772.43"
2020-12-17,2020121704001047,NMBHF1,58,5,"7,000",9.89,"69,230.00"
2020-12-17,2020121704000950,NMBHF1,42,44,"3,501",10.01,"35,045.01"
2020-12-17,2020121704000949,NMBHF1,42,50,"2,483",10.01,"24,854.83"
2020-12-17,2020121704000860,NMBHF1,21,50,"1,678",10.03,"16,830.34"
2020-12-17,2020121704000816,NMBHF1,21,37,"4,161",10.03,"41,734.83"
2020-12-17,2020121704000772,NMBHF1,21,37,"4,161",10.03,"41,734.83"
2020-12-17,2020121704000694,NMBHF1,42,16,"3,198",10.01,"32,011.98"
2020-12-17,2020121704000693,NMBHF1,45,16,963,10.02,"9,649.26"
2020-12-17,2020121704001150,RBCLPO,33,43,40,"14,101.00","564,040.00"
2020-12-17,2020121704001055,RBCLPO,33,6,30,"14,101.00","423,030.00"
2020-12-17,2020121704001054,RBCLPO,33,6,20,"14,101.00","282,020.00"
2020-12-17,2020121704001053,RBCLPO,47,6,10,"14,102.00","141,020.00"
2020-12-17,2020121704001155,SAEF,6,56,"10,000",11.00,"110,000.00"
2020-12-17,2020121704001144,SAEF,58,28,"2,000",11.00,"22,000.00"
2020-12-17,2020121704001113,SAEF,22,59,"3,900",10.98,"42,822.00"
2020-12-17,2020121704001109,SAEF,1,59,"4,000",10.98,"43,920.00"
2020-12-17,2020121704001100,SAEF,49,59,"10,000",10.98,"109,800.00"
2020-12-17,2020121704001049,SAEF,56,57,500,10.95,"5,475.00"
2020-12-17,2020121704000934,SAEF,17,28,"3,000",11.00,"33,000.00"
2020-12-17,2020121704000721,SAEF,26,49,"5,000",11.00,"55,000.00"
2020-12-17,2020121704000720,SAEF,26,59,"6,500",11.00,"71,500.00"
2020-12-17,2020121704000699,SAEF,47,59,"30,000",11.00,"330,000.00"
2020-12-17,2020121704001076,SEF,14,14,"100,000",10.45,"1,045,000.00"
2020-12-17,2020121704001075,SEF,14,48,300,10.45,"3,135.00"
2020-12-17,2020121704001074,SEF,14,48,300,10.45,"3,135.00"
2020-12-17,2020121704001073,SEF,14,42,"2,000",10.45,"20,900.00"
2020-12-17,2020121704001071,SEF,49,34,"1,000",10.36,"10,360.00"
2020-12-17,2020121704001051,SEF,42,57,500,10.36,"5,180.00"
2020-12-17,2020121704000714,SEF,14,19,"10,000",10.50,"105,000.00"
2020-12-17,2020121704000713,SEF,14,19,"2,500",10.50,"26,250.00"
2020-12-17,2020121704000712,SEF,14,19,"5,000",10.49,"52,450.00"
2020-12-17,2020121704000711,SEF,14,52,"2,000",10.49,"20,980.00"
2020-12-17,2020121704000670,SEF,42,56,"5,000",10.33,"51,650.00"
2020-12-17,2020121704001021,SEF,42,43,"1,000",10.36,"10,360.00"
2020-12-17,2020121704001020,SEF,10,43,"10,000",10.37,"103,700.00"
2020-12-17,2020121704000880,SEF,45,32,500,10.50,"5,250.00"
2020-12-17,2020121704000717,SEF,14,19,"20,000",10.50,"210,000.00"
2020-12-17,2020121704000716,SEF,14,51,"1,000",10.50,"10,500.00"
2020-12-17,2020121704000715,SEF,14,19,"20,000",10.50,"210,000.00"
2020-12-17,2020121704000920,SFMF,42,50,100,10.20,"1,020.00"
2020-12-17,2020121704000812,SFMF,42,46,"1,100",10.20,"11,220.00"
2020-12-17,2020121704000688,SFMF,42,49,500,10.20,"5,100.00"
2020-12-17,2020121704000687,SFMF,42,21,500,10.20,"5,100.00"
2020-12-17,2020121704000686,SFMF,42,49,300,10.20,"3,060.00"
2020-12-17,2020121704001154,SGI,41,41,10,600.00,"6,000.00"
2020-12-17,2020121704001147,SGI,42,4,10,600.00,"6,000.00"
2020-12-17,2020121704001146,SGI,42,35,10,600.00,"6,000.00"
2020-12-17,2020121704001143,SGI,42,46,10,600.00,"6,000.00"
2020-12-17,2020121704001142,SGI,42,59,10,600.00,"6,000.00"
2020-12-17,2020121704001140,SGI,42,51,10,600.00,"6,000.00"
2020-12-17,2020121704000661,SGI,42,59,10,603.00,"6,030.00"
2020-12-17,2020121704000660,SGI,42,26,10,603.00,"6,030.00"
2020-12-17,2020121704000659,SGI,42,58,10,603.00,"6,030.00"
2020-12-17,2020121704000657,SGI,42,37,10,603.00,"6,030.00"
2020-12-17,2020121704000674,SGI,42,57,10,603.00,"6,030.00"
2020-12-17,2020121704000667,SGI,42,14,10,603.00,"6,030.00"
2020-12-17,2020121704000665,SGI,42,38,10,603.00,"6,030.00"
2020-12-17,2020121704000664,SGI,42,46,10,603.00,"6,030.00"
2020-12-17,2020121704000663,SGI,42,25,10,603.00,"6,030.00"
2020-12-17,2020121704000662,SGI,42,38,10,603.00,"6,030.00"
2020-12-17,2020121704000689,SGI,42,59,10,603.00,"6,030.00"
2020-12-17,2020121704000685,SGI,42,41,10,603.00,"6,030.00"
2020-12-17,2020121704000683,SGI,42,25,10,603.00,"6,030.00"
2020-12-17,2020121704000680,SGI,42,7,10,603.00,"6,030.00"
2020-12-17,2020121704000679,SGI,42,35,10,603.00,"6,030.00"
2020-12-17,2020121704000677,SGI,42,7,10,603.00,"6,030.00"
2020-12-17,2020121704000702,SGI,8,16,10,602.00,"6,020.00"
2020-12-17,2020121704000701,SGI,8,38,10,602.00,"6,020.00"
2020-12-17,2020121704000700,SGI,8,39,10,602.00,"6,020.00"
2020-12-17,2020121704000697,SGI,8,38,10,602.00,"6,020.00"
2020-12-17,2020121704000695,SGI,8,16,10,602.00,"6,020.00"
2020-12-17,2020121704000691,SGI,42,11,10,603.00,"6,030.00"
2020-12-17,2020121704000729,SGI,16,16,10,601.00,"6,010.00"
2020-12-17,2020121704000727,SGI,16,16,10,601.00,"6,010.00"
2020-12-17,2020121704000718,SGI,16,58,10,601.00,"6,010.00"
2020-12-17,2020121704000710,SGI,8,25,10,602.00,"6,020.00"
2020-12-17,2020121704000705,SGI,8,16,10,602.00,"6,020.00"
2020-12-17,2020121704000703,SGI,8,57,10,602.00,"6,020.00"
2020-12-17,2020121704000743,SGI,54,16,10,602.00,"6,020.00"
2020-12-17,2020121704000742,SGI,16,21,10,601.00,"6,010.00"
2020-12-17,2020121704000738,SGI,16,8,10,601.00,"6,010.00"
2020-12-17,2020121704000736,SGI,16,58,10,601.00,"6,010.00"
2020-12-17,2020121704000733,SGI,16,45,10,601.00,"6,010.00"
2020-12-17,2020121704000732,SGI,16,45,10,601.00,"6,010.00"
2020-12-17,2020121704000754,SGI,16,21,10,601.00,"6,010.00"
2020-12-17,2020121704000753,SGI,16,22,10,601.00,"6,010.00"
2020-12-17,2020121704000752,SGI,19,52,10,602.00,"6,020.00"
2020-12-17,2020121704000748,SGI,16,48,10,601.00,"6,010.00"
2020-12-17,2020121704000746,SGI,16,45,10,601.00,"6,010.00"
2020-12-17,2020121704000744,SGI,54,7,10,602.00,"6,020.00"
2020-12-17,2020121704000793,SGI,16,21,10,601.00,"6,010.00"
2020-12-17,2020121704000776,SGI,16,1,10,601.00,"6,010.00"
2020-12-17,2020121704000764,SGI,16,42,10,601.00,"6,010.00"
2020-12-17,2020121704000759,SGI,16,21,10,601.00,"6,010.00"
2020-12-17,2020121704000756,SGI,16,21,10,601.00,"6,010.00"
2020-12-17,2020121704000755,SGI,16,58,10,601.00,"6,010.00"
2020-12-17,2020121704000810,SGI,11,34,10,602.00,"6,020.00"
2020-12-17,2020121704000809,SGI,11,59,10,602.00,"6,020.00"
2020-12-17,2020121704000808,SGI,16,21,10,601.00,"6,010.00"
2020-12-17,2020121704000800,SGI,16,7,10,601.00,"6,010.00"
2020-12-17,2020121704000798,SGI,16,21,10,601.00,"6,010.00"
2020-12-17,2020121704000795,SGI,16,58,10,601.00,"6,010.00"
2020-12-17,2020121704000837,SGI,8,52,10,601.00,"6,010.00"
2020-12-17,2020121704000831,SGI,8,18,10,601.00,"6,010.00"
2020-12-17,2020121704000824,SGI,8,21,10,601.00,"6,010.00"
2020-12-17,2020121704000821,SGI,8,41,10,601.00,"6,010.00"
2020-12-17,2020121704000817,SGI,52,17,10,601.00,"6,010.00"
2020-12-17,2020121704000811,SGI,52,16,10,601.00,"6,010.00"
2020-12-17,2020121704000854,SGI,8,49,10,601.00,"6,010.00"
2020-12-17,2020121704000851,SGI,8,28,10,601.00,"6,010.00"
2020-12-17,2020121704000848,SGI,8,56,10,601.00,"6,010.00"
2020-12-17,2020121704000846,SGI,8,17,10,601.00,"6,010.00"
2020-12-17,2020121704000843,SGI,8,17,10,601.00,"6,010.00"
2020-12-17,2020121704000842,SGI,8,42,10,601.00,"6,010.00"
2020-12-17,2020121704000867,SGI,8,26,60,601.00,"36,060.00"
2020-12-17,2020121704000866,SGI,56,26,25,602.00,"15,050.00"
2020-12-17,2020121704000864,SGI,8,21,10,601.00,"6,010.00"
2020-12-17,2020121704000862,SGI,8,21,10,601.00,"6,010.00"
2020-12-17,2020121704000861,SGI,8,59,10,601.00,"6,010.00"
2020-12-17,2020121704000855,SGI,8,45,10,601.00,"6,010.00"
2020-12-17,2020121704000873,SGI,58,26,81,600.00,"48,600.00"
2020-12-17,2020121704000872,SGI,36,26,100,600.00,"60,000.00"
2020-12-17,2020121704000871,SGI,6,26,150,600.00,"90,000.00"
2020-12-17,2020121704000870,SGI,56,26,10,601.00,"6,010.00"
2020-12-17,2020121704000869,SGI,57,26,24,601.00,"14,424.00"
2020-12-17,2020121704000868,SGI,54,26,50,601.00,"30,050.00"
2020-12-17,2020121704000888,SGI,34,49,10,600.00,"6,000.00"
2020-12-17,2020121704000885,SGI,34,10,10,600.00,"6,000.00"
2020-12-17,2020121704000883,SGI,34,11,10,600.00,"6,000.00"
2020-12-17,2020121704000881,SGI,34,36,10,600.00,"6,000.00"
2020-12-17,2020121704000876,SGI,34,36,10,600.00,"6,000.00"
2020-12-17,2020121704000874,SGI,58,47,9,600.00,"5,400.00"
2020-12-17,2020121704000902,SGI,34,58,10,600.00,"6,000.00"
2020-12-17,2020121704000898,SGI,34,26,10,600.00,"6,000.00"
2020-12-17,2020121704000895,SGI,34,26,10,600.00,"6,000.00"
2020-12-17,2020121704000893,SGI,34,22,10,600.00,"6,000.00"
2020-12-17,2020121704000890,SGI,34,58,10,600.00,"6,000.00"
2020-12-17,2020121704000889,SGI,34,58,10,600.00,"6,000.00"
2020-12-17,2020121704000924,SGI,34,38,10,600.00,"6,000.00"
2020-12-17,2020121704000921,SGI,34,51,10,600.00,"6,000.00"
2020-12-17,2020121704000919,SGI,34,18,10,600.00,"6,000.00"
2020-12-17,2020121704000905,SGI,34,26,10,600.00,"6,000.00"
2020-12-17,2020121704000904,SGI,34,59,10,600.00,"6,000.00"
2020-12-17,2020121704000903,SGI,34,52,10,600.00,"6,000.00"
2020-12-17,2020121704000935,SGI,22,59,10,600.00,"6,000.00"
2020-12-17,2020121704000933,SGI,22,47,10,600.00,"6,000.00"
2020-12-17,2020121704000931,SGI,22,22,10,600.00,"6,000.00"
2020-12-17,2020121704000930,SGI,34,38,10,600.00,"6,000.00"
2020-12-17,2020121704000929,SGI,34,29,10,600.00,"6,000.00"
2020-12-17,2020121704000927,SGI,34,7,10,600.00,"6,000.00"
2020-12-17,2020121704000948,SGI,34,21,10,600.00,"6,000.00"
2020-12-17,2020121704000944,SGI,34,42,10,600.00,"6,000.00"
2020-12-17,2020121704000943,SGI,34,36,10,600.00,"6,000.00"
2020-12-17,2020121704000942,SGI,34,22,10,600.00,"6,000.00"
2020-12-17,2020121704000937,SGI,22,18,10,600.00,"6,000.00"
2020-12-17,2020121704000936,SGI,22,22,10,600.00,"6,000.00"
2020-12-17,2020121704000965,SGI,34,59,10,600.00,"6,000.00"
2020-12-17,2020121704000964,SGI,34,49,10,600.00,"6,000.00"
2020-12-17,2020121704000962,SGI,34,48,10,600.00,"6,000.00"
2020-12-17,2020121704000961,SGI,21,49,10,600.00,"6,000.00"
2020-12-17,2020121704000953,SGI,21,57,50,600.00,"30,000.00"
2020-12-17,2020121704000952,SGI,34,57,160,600.00,"96,000.00"
2020-12-17,2020121704000973,SGI,51,45,10,601.00,"6,010.00"
2020-12-17,2020121704000972,SGI,51,18,10,601.00,"6,010.00"
2020-12-17,2020121704000971,SGI,34,1,10,600.00,"6,000.00"
2020-12-17,2020121704000970,SGI,34,49,10,600.00,"6,000.00"
2020-12-17,2020121704000969,SGI,34,49,10,600.00,"6,000.00"
2020-12-17,2020121704000967,SGI,34,59,10,600.00,"6,000.00"
2020-12-17,2020121704000982,SGI,59,59,500,600.00,"300,000.00"
2020-12-17,2020121704000981,SGI,19,59,25,600.00,"15,000.00"
2020-12-17,2020121704000980,SGI,41,59,10,600.00,"6,000.00"
2020-12-17,2020121704000979,SGI,34,59,410,600.00,"246,000.00"
2020-12-17,2020121704000978,SGI,34,38,10,600.00,"6,000.00"
2020-12-17,2020121704000976,SGI,34,58,10,600.00,"6,000.00"
2020-12-17,2020121704000993,SGI,16,29,10,600.00,"6,000.00"
2020-12-17,2020121704000992,SGI,16,36,10,600.00,"6,000.00"
2020-12-17,2020121704000991,SGI,16,52,20,600.00,"12,000.00"
2020-12-17,2020121704000989,SGI,16,36,10,600.00,"6,000.00"
2020-12-17,2020121704000987,SGI,16,49,10,600.00,"6,000.00"
2020-12-17,2020121704000983,SGI,16,59,45,600.00,"27,000.00"
2020-12-17,2020121704000999,SGI,45,13,10,602.00,"6,020.00"
2020-12-17,2020121704000998,SGI,45,45,10,602.00,"6,020.00"
2020-12-17,2020121704000997,SGI,45,45,10,602.00,"6,020.00"
2020-12-17,2020121704000996,SGI,45,13,10,602.00,"6,020.00"
2020-12-17,2020121704000995,SGI,45,59,10,602.00,"6,020.00"
2020-12-17,2020121704000994,SGI,45,48,10,601.00,"6,010.00"
2020-12-17,2020121704001005,SGI,45,13,10,602.00,"6,020.00"
2020-12-17,2020121704001004,SGI,45,38,10,602.00,"6,020.00"
2020-12-17,2020121704001003,SGI,45,3,10,602.00,"6,020.00"
2020-12-17,2020121704001002,SGI,45,45,10,602.00,"6,020.00"
2020-12-17,2020121704001001,SGI,45,47,10,602.00,"6,020.00"
2020-12-17,2020121704001000,SGI,45,45,10,602.00,"6,020.00"
2020-12-17,2020121704001011,SGI,45,59,10,602.00,"6,020.00"
2020-12-17,2020121704001010,SGI,45,38,10,602.00,"6,020.00"
2020-12-17,2020121704001009,SGI,45,58,10,602.00,"6,020.00"
2020-12-17,2020121704001008,SGI,45,35,10,602.00,"6,020.00"
2020-12-17,2020121704001007,SGI,45,35,10,602.00,"6,020.00"
2020-12-17,2020121704001006,SGI,45,52,10,602.00,"6,020.00"
2020-12-17,2020121704001017,SGI,45,56,10,602.00,"6,020.00"
2020-12-17,2020121704001016,SGI,45,49,10,602.00,"6,020.00"
2020-12-17,2020121704001015,SGI,45,18,10,602.00,"6,020.00"
2020-12-17,2020121704001014,SGI,45,1,10,602.00,"6,020.00"
2020-12-17,2020121704001013,SGI,45,18,10,602.00,"6,020.00"
2020-12-17,2020121704001012,SGI,45,49,10,602.00,"6,020.00"
2020-12-17,2020121704001046,SGI,16,34,10,600.00,"6,000.00"
2020-12-17,2020121704001036,SGI,55,51,10,602.00,"6,020.00"
2020-12-17,2020121704001034,SGI,16,42,10,600.00,"6,000.00"
2020-12-17,2020121704001033,SGI,16,22,10,600.00,"6,000.00"
2020-12-17,2020121704001019,SGI,45,26,10,602.00,"6,020.00"
2020-12-17,2020121704001018,SGI,45,36,10,602.00,"6,020.00"
2020-12-17,2020121704001062,SGI,16,33,10,600.00,"6,000.00"
2020-12-17,2020121704001060,SGI,16,37,10,600.00,"6,000.00"
2020-12-17,2020121704001059,SGI,16,37,10,600.00,"6,000.00"
2020-12-17,2020121704001056,SGI,16,37,10,600.00,"6,000.00"
2020-12-17,2020121704001052,SGI,16,37,10,600.00,"6,000.00"
2020-12-17,2020121704001050,SGI,16,21,10,600.00,"6,000.00"
2020-12-17,2020121704001081,SGI,38,49,50,600.00,"30,000.00"
2020-12-17,2020121704001080,SGI,10,49,50,600.00,"30,000.00"
2020-12-17,2020121704001079,SGI,16,49,275,600.00,"165,000.00"
2020-12-17,2020121704001078,SGI,16,57,10,600.00,"6,000.00"
2020-12-17,2020121704001077,SGI,16,34,10,600.00,"6,000.00"
2020-12-17,2020121704001070,SGI,16,34,10,600.00,"6,000.00"
2020-12-17,2020121704001097,SGI,57,36,10,600.00,"6,000.00"
2020-12-17,2020121704001093,SGI,57,16,10,600.00,"6,000.00"
2020-12-17,2020121704001092,SGI,57,40,10,600.00,"6,000.00"
2020-12-17,2020121704001086,SGI,57,16,10,600.00,"6,000.00"
2020-12-17,2020121704001083,SGI,40,49,95,600.00,"57,000.00"
2020-12-17,2020121704001082,SGI,54,49,30,600.00,"18,000.00"
2020-12-17,2020121704001110,SGI,57,43,10,600.00,"6,000.00"
2020-12-17,2020121704001108,SGI,57,53,10,600.00,"6,000.00"
2020-12-17,2020121704001107,SGI,57,34,10,600.00,"6,000.00"
2020-12-17,2020121704001106,SGI,14,42,50,603.00,"30,150.00"
2020-12-17,2020121704001105,SGI,57,59,10,600.00,"6,000.00"
2020-12-17,2020121704001101,SGI,57,44,10,600.00,"6,000.00"
2020-12-17,2020121704001139,SGI,4,37,10,600.00,"6,000.00"
2020-12-17,2020121704001138,SGI,4,43,10,600.00,"6,000.00"
2020-12-17,2020121704001134,SGI,4,41,10,600.00,"6,000.00"
2020-12-17,2020121704001125,SGI,4,51,10,600.00,"6,000.00"
2020-12-17,2020121704001118,SGI,4,43,10,600.00,"6,000.00"
2020-12-17,2020121704001115,SGI,57,48,10,600.00,"6,000.00"
2020-12-17,2020121704001045,STC,8,58,20,"5,501.00","110,020.00"
2020-12-17,2020121704001027,STC,13,40,30,"5,515.00","165,450.00"
2020-12-17,2020121704001026,STC,43,40,30,"5,525.00","165,750.00"
2020-12-17,2020121704001025,STC,13,40,30,"5,525.00","165,750.00"
2020-12-17,2020121704001024,STC,49,40,10,"5,526.00","55,260.00"
2020-12-17,2020121704000892,STC,55,6,10,"5,594.00","55,940.00"
2020-12-17,2020121704000828,STC,59,10,10,"5,595.00","55,950.00"
2020-12-17,2020121704000447,BBC,45,36,50,"2,800.00","140,000.00"
2020-12-17,2020121704000422,BBC,56,36,10,"2,800.00","28,000.00"
2020-12-17,2020121704000414,BBC,19,36,20,"2,800.00","56,000.00"
2020-12-17,2020121704000369,BBC,10,56,70,"2,800.00","196,000.00"
2020-12-17,2020121704000364,BBC,10,36,100,"2,800.00","280,000.00"
2020-12-17,2020121704000339,BBC,43,56,100,"2,770.00","277,000.00"
2020-12-17,2020121704000167,BBC,53,32,20,"2,750.00","55,000.00"
2020-12-17,2020121704000487,CCBLPO,34,32,"106,000",112.00,"11,872,000.00"
2020-12-17,2020121704000482,CCBLPO,34,32,"19,000",112.00,"2,128,000.00"
2020-12-17,2020121704000569,CMF1,42,47,"49,900",10.00,"499,000.00"
2020-12-17,2020121704000568,CMF1,42,1,"1,000",10.00,"10,000.00"
2020-12-17,2020121704000567,CMF1,42,42,100,10.00,"1,000.00"
2020-12-17,2020121704000493,CMF1,1,20,"1,000",9.90,"9,900.00"
2020-12-17,2020121704000405,CMF1,7,42,400,10.00,"4,000.00"
2020-12-17,2020121704000651,GIC,37,36,10,574.00,"5,740.00"
2020-12-17,2020121704000650,GIC,37,25,10,574.00,"5,740.00"
2020-12-17,2020121704000648,GIC,55,25,10,573.00,"5,730.00"
2020-12-17,2020121704000637,GIC,55,25,10,573.00,"5,730.00"
2020-12-17,2020121704000634,GIC,55,25,10,573.00,"5,730.00"
2020-12-17,2020121704000632,GIC,55,26,10,573.00,"5,730.00"
2020-12-17,2020121704000165,GIC,54,34,10,574.00,"5,740.00"
2020-12-17,2020121704000164,GIC,54,19,10,574.00,"5,740.00"
2020-12-17,2020121704000163,GIC,54,43,10,574.00,"5,740.00"
2020-12-17,2020121704000182,GIC,54,5,10,574.00,"5,740.00"
2020-12-17,2020121704000180,GIC,54,28,10,574.00,"5,740.00"
2020-12-17,2020121704000178,GIC,54,47,10,574.00,"5,740.00"
2020-12-17,2020121704000177,GIC,54,40,10,574.00,"5,740.00"
2020-12-17,2020121704000175,GIC,54,32,10,574.00,"5,740.00"
2020-12-17,2020121704000168,GIC,54,50,10,574.00,"5,740.00"
2020-12-17,2020121704000202,GIC,54,21,10,574.00,"5,740.00"
2020-12-17,2020121704000201,GIC,54,38,10,574.00,"5,740.00"
2020-12-17,2020121704000198,GIC,54,21,10,574.00,"5,740.00"
2020-12-17,2020121704000195,GIC,54,47,10,574.00,"5,740.00"
2020-12-17,2020121704000194,GIC,54,47,10,574.00,"5,740.00"
2020-12-17,2020121704000193,GIC,54,21,10,574.00,"5,740.00"
2020-12-17,2020121704000226,GIC,14,8,10,574.00,"5,740.00"
2020-12-17,2020121704000225,GIC,14,13,10,574.00,"5,740.00"
2020-12-17,2020121704000221,GIC,54,11,10,574.00,"5,740.00"
2020-12-17,2020121704000220,GIC,54,6,10,574.00,"5,740.00"
2020-12-17,2020121704000217,GIC,54,57,10,574.00,"5,740.00"
2020-12-17,2020121704000209,GIC,54,10,10,574.00,"5,740.00"
2020-12-17,2020121704000237,GIC,56,8,10,572.00,"5,720.00"
2020-12-17,2020121704000236,GIC,56,13,10,572.00,"5,720.00"
2020-12-17,2020121704000235,GIC,56,1,10,572.00,"5,720.00"
2020-12-17,2020121704000229,GIC,14,37,10,574.00,"5,740.00"
2020-12-17,2020121704000228,GIC,14,56,10,574.00,"5,740.00"
2020-12-17,2020121704000227,GIC,14,16,10,574.00,"5,740.00"
2020-12-17,2020121704000261,GIC,16,42,10,573.00,"5,730.00"
2020-12-17,2020121704000259,GIC,56,26,10,572.00,"5,720.00"
2020-12-17,2020121704000258,GIC,56,49,10,572.00,"5,720.00"
2020-12-17,2020121704000257,GIC,16,56,10,574.00,"5,740.00"
2020-12-17,2020121704000245,GIC,16,50,10,574.00,"5,740.00"
2020-12-17,2020121704000239,GIC,56,49,10,572.00,"5,720.00"
2020-12-17,2020121704000269,GIC,56,33,10,572.00,"5,720.00"
2020-12-17,2020121704000268,GIC,16,11,10,573.00,"5,730.00"
2020-12-17,2020121704000267,GIC,56,50,10,572.00,"5,720.00"
2020-12-17,2020121704000266,GIC,56,3,10,572.00,"5,720.00"
2020-12-17,2020121704000265,GIC,38,53,10,574.00,"5,740.00"
2020-12-17,2020121704000264,GIC,56,39,10,572.00,"5,720.00"
2020-12-17,2020121704000292,GIC,56,59,10,572.00,"5,720.00"
2020-12-17,2020121704000291,GIC,56,32,10,572.00,"5,720.00"
2020-12-17,2020121704000285,GIC,56,28,10,572.00,"5,720.00"
2020-12-17,2020121704000278,GIC,56,34,10,572.00,"5,720.00"
2020-12-17,2020121704000277,GIC,56,43,10,572.00,"5,720.00"
2020-12-17,2020121704000270,GIC,56,5,10,572.00,"5,720.00"
2020-12-17,2020121704000305,GIC,42,19,10,573.00,"5,730.00"
2020-12-17,2020121704000303,GIC,42,14,10,573.00,"5,730.00"
2020-12-17,2020121704000302,GIC,42,13,10,573.00,"5,730.00"
2020-12-17,2020121704000300,GIC,42,41,10,573.00,"5,730.00"
2020-12-17,2020121704000295,GIC,42,57,10,573.00,"5,730.00"
2020-12-17,2020121704000293,GIC,56,32,10,572.00,"5,720.00"
2020-12-17,2020121704000316,GIC,43,41,10,573.00,"5,730.00"
2020-12-17,2020121704000315,GIC,56,19,10,572.00,"5,720.00"
2020-12-17,2020121704000313,GIC,56,56,10,572.00,"5,720.00"
2020-12-17,2020121704000312,GIC,56,41,10,572.00,"5,720.00"
2020-12-17,2020121704000310,GIC,42,41,40,573.00,"22,920.00"
2020-12-17,2020121704000309,GIC,42,57,10,573.00,"5,730.00"
2020-12-17,2020121704000346,GIC,56,38,10,572.00,"5,720.00"
2020-12-17,2020121704000333,GIC,56,54,10,572.00,"5,720.00"
2020-12-17,2020121704000330,GIC,56,45,10,572.00,"5,720.00"
2020-12-17,2020121704000329,GIC,56,4,10,572.00,"5,720.00"
2020-12-17,2020121704000319,GIC,56,55,10,572.00,"5,720.00"
2020-12-17,2020121704000317,GIC,43,1,10,573.00,"5,730.00"
2020-12-17,2020121704000367,GIC,56,57,10,572.00,"5,720.00"
2020-12-17,2020121704000366,GIC,56,42,10,572.00,"5,720.00"
2020-12-17,2020121704000363,GIC,56,6,10,572.00,"5,720.00"
2020-12-17,2020121704000358,GIC,56,44,10,572.00,"5,720.00"
2020-12-17,2020121704000357,GIC,56,45,10,572.00,"5,720.00"
2020-12-17,2020121704000352,GIC,56,35,10,572.00,"5,720.00"
2020-12-17,2020121704000382,GIC,3,7,10,573.00,"5,730.00"
2020-12-17,2020121704000381,GIC,3,6,10,573.00,"5,730.00"
2020-12-17,2020121704000380,GIC,3,47,10,573.00,"5,730.00"
2020-12-17,2020121704000379,GIC,3,6,10,573.00,"5,730.00"
2020-12-17,2020121704000378,GIC,3,6,10,573.00,"5,730.00"
2020-12-17,2020121704000377,GIC,3,56,10,573.00,"5,730.00"
2020-12-17,2020121704000389,GIC,56,45,10,572.00,"5,720.00"
2020-12-17,2020121704000388,GIC,56,6,10,572.00,"5,720.00"
2020-12-17,2020121704000387,GIC,56,6,10,572.00,"5,720.00"
2020-12-17,2020121704000385,GIC,3,6,10,573.00,"5,730.00"
2020-12-17,2020121704000384,GIC,3,6,10,573.00,"5,730.00"
2020-12-17,2020121704000383,GIC,3,45,10,573.00,"5,730.00"
2020-12-17,2020121704000403,GIC,14,57,10,572.00,"5,720.00"
2020-12-17,2020121704000401,GIC,14,6,10,572.00,"5,720.00"
2020-12-17,2020121704000397,GIC,14,39,10,572.00,"5,720.00"
2020-12-17,2020121704000394,GIC,14,49,10,572.00,"5,720.00"
2020-12-17,2020121704000392,GIC,14,55,10,572.00,"5,720.00"
2020-12-17,2020121704000391,GIC,14,57,10,572.00,"5,720.00"
2020-12-17,2020121704000428,GIC,29,13,10,571.00,"5,710.00"
2020-12-17,2020121704000423,GIC,39,45,10,570.00,"5,700.00"
2020-12-17,2020121704000417,GIC,14,1,10,572.00,"5,720.00"
2020-12-17,2020121704000416,GIC,14,52,10,572.00,"5,720.00"
2020-12-17,2020121704000413,GIC,14,45,10,572.00,"5,720.00"
2020-12-17,2020121704000406,GIC,14,7,10,572.00,"5,720.00"
2020-12-17,2020121704000440,GIC,38,45,10,571.00,"5,710.00"
2020-12-17,2020121704000433,GIC,29,6,10,575.00,"5,750.00"
2020-12-17,2020121704000432,GIC,29,45,990,575.00,"569,250.00"
2020-12-17,2020121704000431,GIC,29,59,10,575.00,"5,750.00"
2020-12-17,2020121704000430,GIC,29,41,10,574.00,"5,740.00"
2020-12-17,2020121704000429,GIC,29,45,10,574.00,"5,740.00"
2020-12-17,2020121704000467,GIC,53,45,10,570.00,"5,700.00"
2020-12-17,2020121704000465,GIC,57,42,10,571.00,"5,710.00"
2020-12-17,2020121704000464,GIC,57,8,10,571.00,"5,710.00"
2020-12-17,2020121704000463,GIC,57,59,10,571.00,"5,710.00"
2020-12-17,2020121704000462,GIC,57,58,10,571.00,"5,710.00"
2020-12-17,2020121704000461,GIC,57,47,10,571.00,"5,710.00"
2020-12-17,2020121704000489,GIC,22,45,10,570.00,"5,700.00"
2020-12-17,2020121704000485,GIC,22,26,10,570.00,"5,700.00"
2020-12-17,2020121704000484,GIC,53,55,10,570.00,"5,700.00"
2020-12-17,2020121704000481,GIC,53,58,10,570.00,"5,700.00"
2020-12-17,2020121704000470,GIC,53,14,10,570.00,"5,700.00"
2020-12-17,2020121704000468,GIC,53,45,10,570.00,"5,700.00"
2020-12-17,2020121704000499,GIC,29,42,10,571.00,"5,710.00"
2020-12-17,2020121704000498,GIC,29,7,10,571.00,"5,710.00"
2020-12-17,2020121704000497,GIC,29,51,10,571.00,"5,710.00"
2020-12-17,2020121704000496,GIC,29,34,10,571.00,"5,710.00"
2020-12-17,2020121704000495,GIC,29,13,10,571.00,"5,710.00"
2020-12-17,2020121704000494,GIC,29,40,10,571.00,"5,710.00"
2020-12-17,2020121704000536,GIC,41,26,10,575.00,"5,750.00"
2020-12-17,2020121704000535,GIC,41,34,10,575.00,"5,750.00"
2020-12-17,2020121704000534,GIC,41,42,10,575.00,"5,750.00"
2020-12-17,2020121704000532,GIC,38,16,10,572.00,"5,720.00"
2020-12-17,2020121704000531,GIC,38,4,10,572.00,"5,720.00"
2020-12-17,2020121704000501,GIC,22,45,10,570.00,"5,700.00"
2020-12-17,2020121704000564,GIC,38,29,10,572.00,"5,720.00"
2020-12-17,2020121704000563,GIC,38,41,10,572.00,"5,720.00"
2020-12-17,2020121704000545,GIC,38,49,10,572.00,"5,720.00"
2020-12-17,2020121704000539,GIC,41,34,10,575.00,"5,750.00"
2020-12-17,2020121704000538,GIC,41,34,10,575.00,"5,750.00"
2020-12-17,2020121704000537,GIC,41,34,10,575.00,"5,750.00"
2020-12-17,2020121704000630,GIC,45,4,10,576.00,"5,760.00"
2020-12-17,2020121704000620,GIC,48,49,20,572.00,"11,440.00"
2020-12-17,2020121704000619,GIC,48,26,10,572.00,"5,720.00"
2020-12-17,2020121704000606,GIC,48,22,10,572.00,"5,720.00"
2020-12-17,2020121704000591,GIC,6,19,10,572.00,"5,720.00"
2020-12-17,2020121704000565,GIC,22,26,10,570.00,"5,700.00"
2020-12-17,2020121704000645,GIMES1,47,10,"10,000",11.15,"111,500.00"
2020-12-17,2020121704000644,GIMES1,47,10,"5,000",11.13,"55,650.00"
2020-12-17,2020121704000643,GIMES1,47,10,"5,000",11.12,"55,600.00"
2020-12-17,2020121704000642,GIMES1,47,10,"5,000",11.11,"55,550.00"
2020-12-17,2020121704000617,GIMES1,21,10,"1,000",11.10,"11,100.00"
2020-12-17,2020121704000616,GIMES1,21,10,"2,000",11.10,"22,200.00"
2020-12-17,2020121704000230,GIMES1,21,17,"2,000",11.10,"22,200.00"
2020-12-17,2020121704000222,GIMES1,7,6,"1,500",11.00,"16,500.00"
2020-12-17,2020121704000615,GIMES1,21,10,"2,000",11.11,"22,220.00"
2020-12-17,2020121704000438,GIMES1,14,6,"1,000",11.20,"11,200.00"
2020-12-17,2020121704000320,GIMES1,3,39,"5,000",11.00,"55,000.00"
2020-12-17,2020121704000233,GIMES1,21,49,"1,000",11.10,"11,100.00"
2020-12-17,2020121704000232,GIMES1,21,17,"1,000",11.10,"11,100.00"
2020-12-17,2020121704000231,GIMES1,21,17,"2,000",11.10,"22,200.00"
2020-12-17,2020121704000605,LEMF,42,45,"15,600",10.14,"158,184.00"
2020-12-17,2020121704000510,LEMF,42,37,"3,000",10.14,"30,420.00"
2020-12-17,2020121704000509,LEMF,42,22,300,10.14,"3,042.00"
2020-12-17,2020121704000508,LEMF,42,28,"2,000",10.14,"20,280.00"
2020-12-17,2020121704000480,LEMF,14,37,"1,000",9.95,"9,950.00"
2020-12-17,2020121704000587,LUK,19,28,500,9.23,"4,615.00"
2020-12-17,2020121704000500,LUK,19,1,100,9.23,923.00
2020-12-17,2020121704000342,LUK,17,1,"1,000",9.22,"9,220.00"
2020-12-17,2020121704000307,LUK,17,56,100,9.22,922.00
2020-12-17,2020121704000528,NBF2,42,6,500,9.72,"4,860.00"
2020-12-17,2020121704000157,NBF2,53,6,400,9.64,"3,856.00"
2020-12-17,2020121704000525,NEF,42,49,"100,000",10.17,"1,017,000.00"
2020-12-17,2020121704000524,NEF,42,39,"1,127",10.17,"11,461.59"
2020-12-17,2020121704000523,NEF,42,16,"2,414",10.15,"24,502.10"
2020-12-17,2020121704000522,NEF,42,46,"1,239",10.15,"12,575.85"
2020-12-17,2020121704000521,NEF,42,58,"2,414",10.00,"24,140.00"
2020-12-17,2020121704000520,NEF,42,41,"1,127",10.00,"11,270.00"
2020-12-17,2020121704000252,NEF,58,17,"1,277",9.86,"12,591.22"
2020-12-17,2020121704000251,NEF,53,17,"1,137",9.87,"11,222.19"
2020-12-17,2020121704000240,NEF,53,17,483,9.87,"4,767.21"
2020-12-17,2020121704000238,NEF,53,17,"2,414",9.87,"23,826.18"
2020-12-17,2020121704000215,NEF,17,6,"2,414",9.90,"23,898.60"
2020-12-17,2020121704000471,NEF,41,13,241,9.90,"2,385.90"
2020-12-17,2020121704000444,NEF,7,11,182,10.00,"1,820.00"
2020-12-17,2020121704000443,NEF,7,11,241,10.00,"2,410.00"
2020-12-17,2020121704000437,NEF,41,13,241,9.90,"2,385.90"
2020-12-17,2020121704000281,NEF,58,48,"2,414",9.98,"24,091.72"
2020-12-17,2020121704000255,NEF,58,6,"2,414",9.90,"23,898.60"
2020-12-17,2020121704000519,NEF,42,46,"1,239",10.00,"12,390.00"
2020-12-17,2020121704000518,NEF,42,42,"1,127",10.00,"11,270.00"
2020-12-17,2020121704000517,NEF,42,58,724,10.00,"7,240.00"
2020-12-17,2020121704000516,NEF,42,11,241,10.00,"2,410.00"
2020-12-17,2020121704000515,NEF,42,42,"1,127",10.00,"11,270.00"
2020-12-17,2020121704000514,NEF,42,11,542,10.00,"5,420.00"
2020-12-17,2020121704000626,NIBLPF,42,44,253,10.39,"2,628.67"
2020-12-17,2020121704000624,NIBLPF,17,17,253,10.48,"2,651.44"
2020-12-17,2020121704000560,NIBLPF,42,49,"100,000",10.39,"1,039,000.00"
2020-12-17,2020121704000559,NIBLPF,42,34,"2,525",10.35,"26,133.75"
2020-12-17,2020121704000558,NIBLPF,42,41,"1,025",10.35,"10,608.75"
2020-12-17,2020121704000556,NIBLPF,42,43,505,10.30,"5,201.50"
2020-12-17,2020121704000412,NIBLPF,7,46,100,10.10,"1,010.00"
2020-12-17,2020121704000549,NIBLPF,42,42,"2,525",10.30,"26,007.50"
2020-12-17,2020121704000548,NIBLPF,42,6,"2,525",10.20,"25,755.00"
2020-12-17,2020121704000547,NIBLPF,42,28,278,10.10,"2,807.80"
2020-12-17,2020121704000427,NIBLPF,47,46,"2,525",10.10,"25,502.50"
2020-12-17,2020121704000426,NIBLPF,47,35,"1,400",10.10,"14,140.00"
2020-12-17,2020121704000425,NIBLPF,47,46,"2,425",10.10,"24,492.50"
2020-12-17,2020121704000555,NIBLPF,42,43,505,10.30,"5,201.50"
2020-12-17,2020121704000554,NIBLPF,42,13,763,10.30,"7,858.90"
2020-12-17,2020121704000553,NIBLPF,42,13,258,10.30,"2,657.40"
2020-12-17,2020121704000552,NIBLPF,42,13,258,10.30,"2,657.40"
2020-12-17,2020121704000551,NIBLPF,42,28,278,10.30,"2,863.40"
2020-12-17,2020121704000550,NIBLPF,42,13,969,10.30,"9,980.70"
2020-12-17,2020121704000526,NIBPO,44,55,20,442.00,"8,840.00"
2020-12-17,2020121704000362,NIBPO,4,53,"5,000",441.00,"2,205,000.00"
2020-12-17,2020121704000361,NIBPO,8,53,"1,000",442.00,"442,000.00"
2020-12-17,2020121704000262,NIBPO,3,21,500,442.00,"221,000.00"
2020-12-17,2020121704000197,NIBPO,43,6,100,450.00,"45,000.00"
2020-12-17,2020121704000192,NIBPO,5,6,500,450.00,"225,000.00"
2020-12-17,2020121704000191,NIBPO,56,6,200,450.00,"90,000.00"
2020-12-17,2020121704000190,NIBPO,56,10,200,450.00,"90,000.00"
2020-12-17,2020121704000174,NIBPO,56,38,100,450.00,"45,000.00"
2020-12-17,2020121704000331,NIBSF1,41,21,"1,850",11.20,"20,720.00"
2020-12-17,2020121704000314,NIBSF1,41,14,"3,150",11.20,"35,280.00"
2020-12-17,2020121704000224,NIBSF1,58,21,"1,000",11.06,"11,060.00"
2020-12-17,2020121704000223,NIBSF1,59,21,"5,000",11.07,"55,350.00"
2020-12-17,2020121704000166,NIBSF1,58,49,"1,000",11.06,"11,060.00"
2020-12-17,2020121704000404,NICBF,29,21,500,9.76,"4,880.00"
2020-12-17,2020121704000324,NICBF,29,21,500,9.90,"4,950.00"
2020-12-17,2020121704000323,NICBF,29,49,500,9.90,"4,950.00"
2020-12-17,2020121704000322,NICBF,29,49,"1,000",9.90,"9,900.00"
2020-12-17,2020121704000321,NICBF,29,28,500,9.89,"4,945.00"
2020-12-17,2020121704000298,NICBF,29,28,500,9.89,"4,945.00"
2020-12-17,2020121704000297,NICBF,29,21,500,9.89,"4,945.00"
2020-12-17,2020121704000296,NICBF,29,28,"1,000",9.85,"9,850.00"
2020-12-17,2020121704000631,NICGF,17,22,100,10.50,"1,050.00"
2020-12-17,2020121704000540,NICGF,49,59,"96,100",10.30,"989,830.00"
2020-12-17,2020121704000504,NICGF,34,20,"1,000",10.22,"10,220.00"
2020-12-17,2020121704000448,NICGF,17,59,"3,900",10.40,"40,560.00"
2020-12-17,2020121704000424,NICGF,17,41,600,10.40,"6,240.00"
2020-12-17,2020121704000325,NICGF,17,14,500,10.40,"5,200.00"
2020-12-17,2020121704000280,NICGF,22,10,100,10.52,"1,052.00"
2020-12-17,2020121704000263,NICGF,22,41,100,10.50,"1,050.00"
2020-12-17,2020121704000218,NICGF,17,10,"2,500",10.40,"26,000.00"
2020-12-17,2020121704000171,NICGF,17,49,500,10.40,"5,200.00"
2020-12-17,2020121704000304,NMB50,29,50,200,10.01,"2,002.00"
2020-12-17,2020121704000543,NMBHF1,42,46,"4,161",10.01,"41,651.61"
2020-12-17,2020121704000542,NMBHF1,42,13,"4,161",10.00,"41,610.00"
2020-12-17,2020121704000541,NMBHF1,42,6,"2,496",10.00,"24,960.00"
2020-12-17,2020121704000474,NMBHF1,58,13,416,9.87,"4,105.92"
2020-12-17,2020121704000439,NMBHF1,58,13,416,9.87,"4,105.92"
2020-12-17,2020121704000350,NMBHF1,58,46,"4,161",9.89,"41,152.29"
2020-12-17,2020121704000345,NMBHF1,58,1,"2,080",9.86,"20,508.80"
2020-12-17,2020121704000372,RBCLPO,33,39,10,"14,101.00","141,010.00"
2020-12-17,2020121704000360,RBCLPO,56,32,20,"14,161.00","283,220.00"
2020-12-17,2020121704000337,RBCLPO,45,38,30,"14,100.00","423,000.00"
2020-12-17,2020121704000205,RBCLPO,16,19,20,"13,894.00","277,880.00"
2020-12-17,2020121704000204,RBCLPO,43,19,10,"14,000.00","140,000.00"
2020-12-17,2020121704000173,RBCLPO,16,38,20,"14,000.00","280,000.00"
2020-12-17,2020121704000172,RBCLPO,16,38,10,"14,000.00","140,000.00"
2020-12-17,2020121704000656,SAEF,6,59,"5,000",11.00,"55,000.00"
2020-12-17,2020121704000655,SAEF,42,59,"98,500",11.00,"1,083,500.00"
2020-12-17,2020121704000654,SAEF,26,59,"5,000",11.01,"55,050.00"
2020-12-17,2020121704000653,SAEF,49,59,"5,000",11.02,"55,100.00"
2020-12-17,2020121704000588,SAEF,42,14,"1,000",11.00,"11,000.00"
2020-12-17,2020121704000572,SAEF,42,14,500,11.00,"5,500.00"
2020-12-17,2020121704000570,SAEF,38,10,"3,000",11.15,"33,450.00"
2020-12-17,2020121704000530,SAEF,42,59,"47,000",11.09,"521,230.00"
2020-12-17,2020121704000506,SAEF,6,20,"5,000",10.88,"54,400.00"
2020-12-17,2020121704000453,SAEF,14,59,"5,000",11.09,"55,450.00"
2020-12-17,2020121704000452,SAEF,45,59,"48,000",11.10,"532,800.00"
2020-12-17,2020121704000445,SAEF,45,59,"2,000",11.10,"22,200.00"
2020-12-17,2020121704000647,SEF,42,1,"1,000",10.33,"10,330.00"
2020-12-17,2020121704000586,SEF,42,14,500,10.54,"5,270.00"
2020-12-17,2020121704000585,SEF,42,32,"1,000",10.54,"10,540.00"
2020-12-17,2020121704000584,SEF,42,11,"5,000",10.54,"52,700.00"
2020-12-17,2020121704000583,SEF,42,11,"1,000",10.54,"10,540.00"
2020-12-17,2020121704000582,SEF,42,11,"2,000",10.54,"21,080.00"
2020-12-17,2020121704000340,SEF,29,21,"1,500",10.28,"15,420.00"
2020-12-17,2020121704000435,SEF,14,41,"1,000",10.28,"10,280.00"
2020-12-17,2020121704000419,SEF,14,46,"1,300",10.28,"13,364.00"
2020-12-17,2020121704000418,SEF,41,46,"1,700",10.28,"17,476.00"
2020-12-17,2020121704000390,SEF,29,6,500,10.28,"5,140.00"
2020-12-17,2020121704000344,SEF,29,21,"1,500",10.28,"15,420.00"
2020-12-17,2020121704000341,SEF,29,21,"1,500",10.28,"15,420.00"
2020-12-17,2020121704000575,SEF,42,19,"10,000",10.39,"103,900.00"
2020-12-17,2020121704000574,SEF,42,46,500,10.30,"5,150.00"
2020-12-17,2020121704000573,SEF,42,46,"1,400",10.30,"14,420.00"
2020-12-17,2020121704000486,SEF,14,59,"1,000",10.28,"10,280.00"
2020-12-17,2020121704000483,SEF,14,59,"1,000",10.28,"10,280.00"
2020-12-17,2020121704000446,SEF,7,46,100,10.30,"1,030.00"
2020-12-17,2020121704000581,SEF,42,19,"10,000",10.53,"105,300.00"
2020-12-17,2020121704000580,SEF,42,7,"1,000",10.53,"10,530.00"
2020-12-17,2020121704000579,SEF,42,6,500,10.53,"5,265.00"
2020-12-17,2020121704000578,SEF,42,45,"20,000",10.50,"210,000.00"
2020-12-17,2020121704000577,SEF,42,1,"10,000",10.50,"105,000.00"
2020-12-17,2020121704000576,SEF,42,19,"10,000",10.49,"104,900.00"
2020-12-17,2020121704000628,SFMF,22,49,100,10.20,"1,020.00"
2020-12-17,2020121704000652,SGI,42,47,10,603.00,"6,030.00"
2020-12-17,2020121704000649,SGI,42,25,10,603.00,"6,030.00"
2020-12-17,2020121704000646,SGI,42,25,10,603.00,"6,030.00"
2020-12-17,2020121704000641,SGI,17,21,10,605.00,"6,050.00"
2020-12-17,2020121704000640,SGI,8,48,10,602.00,"6,020.00"
2020-12-17,2020121704000639,SGI,8,56,10,602.00,"6,020.00"
2020-12-17,2020121704000161,SGI,49,46,10,604.00,"6,040.00"
2020-12-17,2020121704000160,SGI,8,57,10,601.00,"6,010.00"
2020-12-17,2020121704000159,SGI,8,13,10,601.00,"6,010.00"
2020-12-17,2020121704000158,SGI,8,42,10,601.00,"6,010.00"
2020-12-17,2020121704000181,SGI,8,14,10,601.00,"6,010.00"
2020-12-17,2020121704000179,SGI,8,28,10,601.00,"6,010.00"
2020-12-17,2020121704000176,SGI,8,47,10,601.00,"6,010.00"
2020-12-17,2020121704000170,SGI,8,1,10,601.00,"6,010.00"
2020-12-17,2020121704000169,SGI,8,42,10,601.00,"6,010.00"
2020-12-17,2020121704000162,SGI,49,19,10,605.00,"6,050.00"
2020-12-17,2020121704000206,SGI,51,10,10,600.00,"6,000.00"
2020-12-17,2020121704000203,SGI,51,38,10,600.00,"6,000.00"
2020-12-17,2020121704000200,SGI,51,21,10,600.00,"6,000.00"
2020-12-17,2020121704000199,SGI,51,47,10,600.00,"6,000.00"
2020-12-17,2020121704000196,SGI,8,43,10,601.00,"6,010.00"
2020-12-17,2020121704000183,SGI,8,29,10,601.00,"6,010.00"
2020-12-17,2020121704000216,SGI,38,21,10,602.00,"6,020.00"
2020-12-17,2020121704000214,SGI,38,29,10,602.00,"6,020.00"
2020-12-17,2020121704000212,SGI,51,46,10,600.00,"6,000.00"
2020-12-17,2020121704000210,SGI,51,41,10,600.00,"6,000.00"
2020-12-17,2020121704000208,SGI,51,45,10,600.00,"6,000.00"
2020-12-17,2020121704000207,SGI,51,38,10,600.00,"6,000.00"
2020-12-17,2020121704000244,SGI,57,8,10,600.00,"6,000.00"
2020-12-17,2020121704000243,SGI,57,21,10,600.00,"6,000.00"
2020-12-17,2020121704000242,SGI,51,8,10,600.00,"6,000.00"
2020-12-17,2020121704000241,SGI,51,13,10,600.00,"6,000.00"
2020-12-17,2020121704000234,SGI,38,56,10,602.00,"6,020.00"
2020-12-17,2020121704000219,SGI,38,6,10,602.00,"6,020.00"
2020-12-17,2020121704000253,SGI,49,13,10,601.00,"6,010.00"
2020-12-17,2020121704000250,SGI,49,8,10,601.00,"6,010.00"
2020-12-17,2020121704000249,SGI,49,50,10,601.00,"6,010.00"
2020-12-17,2020121704000248,SGI,49,41,10,601.00,"6,010.00"
2020-12-17,2020121704000247,SGI,34,59,10,604.00,"6,040.00"
2020-12-17,2020121704000246,SGI,34,1,10,603.00,"6,030.00"
2020-12-17,2020121704000273,SGI,34,7,40,600.00,"24,000.00"
2020-12-17,2020121704000272,SGI,57,7,60,600.00,"36,000.00"
2020-12-17,2020121704000271,SGI,14,7,90,601.00,"54,090.00"
2020-12-17,2020121704000260,SGI,57,14,10,600.00,"6,000.00"
2020-12-17,2020121704000256,SGI,57,8,10,600.00,"6,000.00"
2020-12-17,2020121704000254,SGI,49,4,10,601.00,"6,010.00"
2020-12-17,2020121704000283,SGI,16,28,10,600.00,"6,000.00"
2020-12-17,2020121704000282,SGI,16,34,10,600.00,"6,000.00"
2020-12-17,2020121704000279,SGI,16,5,10,600.00,"6,000.00"
2020-12-17,2020121704000276,SGI,49,7,60,600.00,"36,000.00"
2020-12-17,2020121704000275,SGI,34,7,200,600.00,"120,000.00"
2020-12-17,2020121704000274,SGI,14,7,50,600.00,"30,000.00"
2020-12-17,2020121704000290,SGI,49,16,10,603.00,"6,030.00"
2020-12-17,2020121704000289,SGI,49,13,10,602.00,"6,020.00"
2020-12-17,2020121704000288,SGI,49,48,10,601.00,"6,010.00"
2020-12-17,2020121704000287,SGI,49,50,10,601.00,"6,010.00"
2020-12-17,2020121704000286,SGI,49,33,10,601.00,"6,010.00"
2020-12-17,2020121704000284,SGI,16,20,10,600.00,"6,000.00"
2020-12-17,2020121704000311,SGI,16,55,10,600.00,"6,000.00"
2020-12-17,2020121704000308,SGI,16,1,10,600.00,"6,000.00"
2020-12-17,2020121704000306,SGI,16,28,10,600.00,"6,000.00"
2020-12-17,2020121704000301,SGI,16,45,10,600.00,"6,000.00"
2020-12-17,2020121704000299,SGI,16,43,10,600.00,"6,000.00"
2020-12-17,2020121704000294,SGI,49,49,10,604.00,"6,040.00"
2020-12-17,2020121704000334,SGI,53,34,10,600.00,"6,000.00"
2020-12-17,2020121704000332,SGI,16,7,10,600.00,"6,000.00"
2020-12-17,2020121704000328,SGI,16,28,10,600.00,"6,000.00"
2020-12-17,2020121704000327,SGI,16,44,10,600.00,"6,000.00"
2020-12-17,2020121704000326,SGI,16,58,10,600.00,"6,000.00"
2020-12-17,2020121704000318,SGI,16,17,10,600.00,"6,000.00"
2020-12-17,2020121704000348,SGI,42,45,10,600.00,"6,000.00"
2020-12-17,2020121704000347,SGI,42,59,10,600.00,"6,000.00"
2020-12-17,2020121704000343,SGI,42,52,10,600.00,"6,000.00"
2020-12-17,2020121704000338,SGI,42,55,10,600.00,"6,000.00"
2020-12-17,2020121704000336,SGI,42,42,10,600.00,"6,000.00"
2020-12-17,2020121704000335,SGI,42,14,10,600.00,"6,000.00"
2020-12-17,2020121704000356,SGI,58,54,10,600.00,"6,000.00"
2020-12-17,2020121704000355,SGI,58,57,10,600.00,"6,000.00"
2020-12-17,2020121704000354,SGI,42,45,10,600.00,"6,000.00"
2020-12-17,2020121704000353,SGI,42,58,10,600.00,"6,000.00"
2020-12-17,2020121704000351,SGI,42,43,10,600.00,"6,000.00"
2020-12-17,2020121704000349,SGI,42,49,10,600.00,"6,000.00"
2020-12-17,2020121704000373,SGI,58,17,10,600.00,"6,000.00"
2020-12-17,2020121704000371,SGI,58,58,10,600.00,"6,000.00"
2020-12-17,2020121704000370,SGI,58,58,10,600.00,"6,000.00"
2020-12-17,2020121704000368,SGI,58,58,10,600.00,"6,000.00"
2020-12-17,2020121704000365,SGI,58,53,10,600.00,"6,000.00"
2020-12-17,2020121704000359,SGI,58,58,10,600.00,"6,000.00"
2020-12-17,2020121704000395,SGI,49,59,10,601.00,"6,010.00"
2020-12-17,2020121704000393,SGI,58,58,10,600.00,"6,000.00"
2020-12-17,2020121704000386,SGI,58,58,10,600.00,"6,000.00"
2020-12-17,2020121704000376,SGI,58,39,10,600.00,"6,000.00"
2020-12-17,2020121704000375,SGI,58,58,10,600.00,"6,000.00"
2020-12-17,2020121704000374,SGI,58,46,10,600.00,"6,000.00"
2020-12-17,2020121704000407,SGI,49,51,10,602.00,"6,020.00"
2020-12-17,2020121704000402,SGI,58,6,10,600.00,"6,000.00"
2020-12-17,2020121704000400,SGI,58,13,10,600.00,"6,000.00"
2020-12-17,2020121704000399,SGI,58,16,10,600.00,"6,000.00"
2020-12-17,2020121704000398,SGI,49,42,10,601.00,"6,010.00"
2020-12-17,2020121704000396,SGI,58,45,10,600.00,"6,000.00"
2020-12-17,2020121704000420,SGI,49,32,10,601.00,"6,010.00"
2020-12-17,2020121704000415,SGI,49,43,10,601.00,"6,010.00"
2020-12-17,2020121704000411,SGI,49,45,10,601.00,"6,010.00"
2020-12-17,2020121704000410,SGI,49,6,10,602.00,"6,020.00"
2020-12-17,2020121704000409,SGI,49,1,10,602.00,"6,020.00"
2020-12-17,2020121704000408,SGI,49,41,10,602.00,"6,020.00"
2020-12-17,2020121704000449,SGI,16,41,10,601.00,"6,010.00"
2020-12-17,2020121704000442,SGI,6,34,10,600.00,"6,000.00"
2020-12-17,2020121704000441,SGI,6,52,10,600.00,"6,000.00"
2020-12-17,2020121704000436,SGI,6,36,10,600.00,"6,000.00"
2020-12-17,2020121704000434,SGI,6,45,10,600.00,"6,000.00"
2020-12-17,2020121704000421,SGI,49,45,10,601.00,"6,010.00"
2020-12-17,2020121704000457,SGI,16,17,10,601.00,"6,010.00"
2020-12-17,2020121704000456,SGI,16,8,10,601.00,"6,010.00"
2020-12-17,2020121704000455,SGI,16,17,10,601.00,"6,010.00"
2020-12-17,2020121704000454,SGI,16,55,10,601.00,"6,010.00"
2020-12-17,2020121704000451,SGI,16,40,10,601.00,"6,010.00"
2020-12-17,2020121704000450,SGI,16,58,10,601.00,"6,010.00"
2020-12-17,2020121704000472,SGI,49,17,10,602.00,"6,020.00"
2020-12-17,2020121704000469,SGI,16,26,10,601.00,"6,010.00"
2020-12-17,2020121704000466,SGI,16,36,10,601.00,"6,010.00"
2020-12-17,2020121704000460,SGI,16,42,10,601.00,"6,010.00"
2020-12-17,2020121704000459,SGI,16,34,10,601.00,"6,010.00"
2020-12-17,2020121704000458,SGI,16,17,10,601.00,"6,010.00"
2020-12-17,2020121704000479,SGI,16,44,10,601.00,"6,010.00"
2020-12-17,2020121704000478,SGI,16,21,10,601.00,"6,010.00"
2020-12-17,2020121704000477,SGI,16,59,10,601.00,"6,010.00"
2020-12-17,2020121704000476,SGI,16,40,10,601.00,"6,010.00"
2020-12-17,2020121704000475,SGI,16,40,10,601.00,"6,010.00"
2020-12-17,2020121704000473,SGI,49,47,10,602.00,"6,020.00"
2020-12-17,2020121704000503,SGI,49,1,10,604.00,"6,040.00"
2020-12-17,2020121704000502,SGI,49,14,10,603.00,"6,030.00"
2020-12-17,2020121704000492,SGI,29,17,10,602.00,"6,020.00"
2020-12-17,2020121704000491,SGI,29,26,10,602.00,"6,020.00"
2020-12-17,2020121704000490,SGI,29,20,10,602.00,"6,020.00"
2020-12-17,2020121704000488,SGI,16,45,10,601.00,"6,010.00"
2020-12-17,2020121704000527,SGI,16,3,10,601.00,"6,010.00"
2020-12-17,2020121704000513,SGI,49,34,10,604.00,"6,040.00"
2020-12-17,2020121704000512,SGI,49,21,10,602.00,"6,020.00"
2020-12-17,2020121704000511,SGI,16,32,10,601.00,"6,010.00"
2020-12-17,2020121704000507,SGI,29,50,10,602.00,"6,020.00"
2020-12-17,2020121704000505,SGI,29,58,10,602.00,"6,020.00"
2020-12-17,2020121704000561,SGI,16,56,10,601.00,"6,010.00"
2020-12-17,2020121704000557,SGI,16,29,10,601.00,"6,010.00"
2020-12-17,2020121704000546,SGI,16,17,10,601.00,"6,010.00"
2020-12-17,2020121704000544,SGI,16,32,10,601.00,"6,010.00"
2020-12-17,2020121704000533,SGI,16,58,10,601.00,"6,010.00"
2020-12-17,2020121704000529,SGI,16,42,10,601.00,"6,010.00"
2020-12-17,2020121704000592,SGI,8,19,90,605.00,"54,450.00"
2020-12-17,2020121704000590,SGI,48,49,10,602.00,"6,020.00"
2020-12-17,2020121704000589,SGI,48,13,10,602.00,"6,020.00"
2020-12-17,2020121704000571,SGI,48,26,10,602.00,"6,020.00"
2020-12-17,2020121704000566,SGI,16,34,10,601.00,"6,010.00"
2020-12-17,2020121704000562,SGI,16,17,10,601.00,"6,010.00"
2020-12-17,2020121704000598,SGI,8,57,10,605.00,"6,050.00"
2020-12-17,2020121704000597,SGI,8,42,10,605.00,"6,050.00"
2020-12-17,2020121704000596,SGI,8,38,10,605.00,"6,050.00"
2020-12-17,2020121704000595,SGI,8,45,10,605.00,"6,050.00"
2020-12-17,2020121704000594,SGI,8,57,10,605.00,"6,050.00"
2020-12-17,2020121704000593,SGI,8,25,10,605.00,"6,050.00"
2020-12-17,2020121704000604,SGI,48,49,10,602.00,"6,020.00"
2020-12-17,2020121704000603,SGI,8,25,10,605.00,"6,050.00"
2020-12-17,2020121704000602,SGI,8,1,10,605.00,"6,050.00"
2020-12-17,2020121704000601,SGI,8,32,10,605.00,"6,050.00"
2020-12-17,2020121704000600,SGI,8,42,10,605.00,"6,050.00"
2020-12-17,2020121704000599,SGI,8,39,10,605.00,"6,050.00"
2020-12-17,2020121704000613,SGI,48,38,10,602.00,"6,020.00"
2020-12-17,2020121704000612,SGI,48,56,10,602.00,"6,020.00"
2020-12-17,2020121704000611,SGI,48,17,10,602.00,"6,020.00"
2020-12-17,2020121704000610,SGI,57,45,10,606.00,"6,060.00"
2020-12-17,2020121704000609,SGI,48,43,10,602.00,"6,020.00"
2020-12-17,2020121704000608,SGI,48,59,10,602.00,"6,020.00"
2020-12-17,2020121704000625,SGI,8,22,10,602.00,"6,020.00"
2020-12-17,2020121704000623,SGI,8,43,10,602.00,"6,020.00"
2020-12-17,2020121704000622,SGI,8,45,10,602.00,"6,020.00"
2020-12-17,2020121704000621,SGI,8,38,10,602.00,"6,020.00"
2020-12-17,2020121704000618,SGI,8,20,10,602.00,"6,020.00"
2020-12-17,2020121704000614,SGI,48,34,10,602.00,"6,020.00"
2020-12-17,2020121704000638,SGI,8,58,10,602.00,"6,020.00"
2020-12-17,2020121704000636,SGI,8,56,10,602.00,"6,020.00"
2020-12-17,2020121704000635,SGI,8,56,10,602.00,"6,020.00"
2020-12-17,2020121704000633,SGI,17,54,10,603.00,"6,030.00"
2020-12-17,2020121704000629,SGI,8,45,10,602.00,"6,020.00"
2020-12-17,2020121704000627,SGI,8,19,10,602.00,"6,020.00"
2020-12-17,2020121704000607,STC,8,34,10,"5,550.00","55,500.00"
2020-12-17,2020121704000213,STC,34,45,10,"5,464.00","54,640.00"
2020-12-17,2020121704000211,STC,34,54,10,"5,464.00","54,640.00"
2020-12-17,2020121704000189,STC,17,6,70,"5,573.00","390,110.00"
2020-12-17,2020121704000188,STC,22,6,10,"5,573.00","55,730.00"
2020-12-17,2020121704000187,STC,43,6,10,"5,573.00","55,730.00"
2020-12-17,2020121704000186,STC,48,6,50,"5,573.00","278,650.00"
2020-12-17,2020121704000185,STC,36,6,20,"5,574.00","111,480.00"
2020-12-17,2020121704000184,STC,34,6,10,"5,575.00","55,750.00"
2020-12-17,2020121703024186,ALBSL,44,45,50,999.00,"49,950.00"
2020-12-17,2020121703024113,ALBSL,34,45,28,999.00,"27,972.00"
2020-12-17,2020121703024057,ALBSL,45,7,67,"1,000.00","67,000.00"
2020-12-17,2020121703024056,ALBSL,45,36,22,"1,000.00","22,000.00"
2020-12-17,2020121703024055,ALBSL,45,6,11,"1,000.00","11,000.00"
2020-12-17,2020121703024003,ALBSL,34,5,11,999.00,"10,989.00"
2020-12-17,2020121703024002,ALBSL,34,17,50,999.00,"49,950.00"
2020-12-17,2020121703024001,ALBSL,34,57,151,995.00,"150,245.00"
2020-12-17,2020121703024000,ALBSL,34,28,200,990.00,"198,000.00"
2020-12-17,2020121703023999,ALBSL,34,29,10,988.00,"9,880.00"
2020-12-17,2020121703024078,ALICL,33,3,686,927.00,"635,922.00"
2020-12-17,2020121703024036,ALICL,8,3,204,927.00,"189,108.00"
2020-12-17,2020121703024035,ALICL,8,57,246,927.00,"228,042.00"
2020-12-17,2020121703024034,ALICL,8,49,50,926.00,"46,300.00"
2020-12-17,2020121704000154,BBC,38,32,10,"2,750.00","27,500.00"
2020-12-17,2020121704000150,BBC,25,32,150,"2,750.00","412,500.00"
2020-12-17,2020121704000149,BBC,44,32,100,"2,750.00","275,000.00"
2020-12-17,2020121704000148,BBC,33,32,100,"2,755.00","275,500.00"
2020-12-17,2020121704000147,BBC,49,32,20,"2,756.00","55,120.00"
2020-12-17,2020121704000037,BBC,50,51,10,"2,800.00","28,000.00"
2020-12-17,2020121703024065,BFC,8,26,278,128.00,"35,584.00"
2020-12-17,2020121703024064,BFC,19,26,20,128.00,"2,560.00"
2020-12-17,2020121703024063,BFC,46,26,400,128.00,"51,200.00"
2020-12-17,2020121703024062,BFC,38,26,200,129.00,"25,800.00"
2020-12-17,2020121703024139,CBBL,56,41,10,"1,441.00","14,410.00"
2020-12-17,2020121703024082,CBBL,43,41,80,"1,441.00","115,280.00"
2020-12-17,2020121703024019,CBBL,28,1,10,"1,445.00","14,450.00"
2020-12-17,2020121703023968,CBBL,7,1,92,"1,445.00","132,940.00"
2020-12-17,2020121703023961,CBBL,56,1,25,"1,445.00","36,125.00"
2020-12-17,2020121703023885,CBBL,51,1,30,"1,445.00","43,350.00"
2020-12-17,2020121703024202,CIT,44,39,40,"5,480.00","219,200.00"
2020-12-17,2020121703024201,CIT,59,39,40,"5,480.00","219,200.00"
2020-12-17,2020121703024200,CIT,48,39,10,"5,480.00","54,800.00"
2020-12-17,2020121703024199,CIT,6,39,10,"5,485.00","54,850.00"
2020-12-17,2020121703024145,CIT,6,13,20,"5,485.00","109,700.00"
2020-12-17,2020121703024129,CIT,25,59,50,"5,488.00","274,400.00"
2020-12-17,2020121703023894,CIT,50,33,48,"5,483.00","263,184.00"
2020-12-17,2020121703023893,CIT,41,33,15,"5,483.00","82,245.00"
2020-12-17,2020121703023892,CIT,57,33,10,"5,488.00","54,880.00"
2020-12-17,2020121703023891,CIT,13,33,100,"5,488.00","548,800.00"
2020-12-17,2020121703023890,CIT,4,33,25,"5,488.00","137,200.00"
2020-12-17,2020121703023877,CIT,20,37,20,"5,490.00","109,800.00"
2020-12-17,2020121703023966,CIT,45,37,50,"5,490.00","274,500.00"
2020-12-17,2020121703023959,CIT,32,37,10,"5,490.00","54,900.00"
2020-12-17,2020121703023930,CIT,22,37,15,"5,488.00","82,320.00"
2020-12-17,2020121703023928,CIT,17,37,35,"5,488.00","192,080.00"
2020-12-17,2020121703023896,CIT,50,33,40,"5,480.00","219,200.00"
2020-12-17,2020121703023895,CIT,13,33,10,"5,480.00","54,800.00"
2020-12-17,2020121703024112,CIT,42,59,10,"5,488.00","54,880.00"
2020-12-17,2020121703024111,CIT,42,37,10,"5,488.00","54,880.00"
2020-12-17,2020121703024033,CIT,46,42,10,"5,485.00","54,850.00"
2020-12-17,2020121703024032,CIT,32,37,20,"5,488.00","109,760.00"
2020-12-17,2020121703024008,CIT,42,37,20,"5,488.00","109,760.00"
2020-12-17,2020121703023967,CIT,45,48,40,"5,490.00","219,600.00"
2020-12-17,2020121703024027,CLBSL,1,6,100,864.00,"86,400.00"
2020-12-17,2020121703023935,CLBSL,1,45,10,864.00,"8,640.00"
2020-12-17,2020121703023863,CLBSL,36,35,23,865.00,"19,895.00"
2020-12-17,2020121704000129,CMF1,48,42,500,9.85,"4,925.00"
2020-12-17,2020121703024171,DDBL,55,6,10,"1,468.00","14,680.00"
2020-12-17,2020121703024099,DDBL,32,48,126,"1,453.00","183,078.00"
2020-12-17,2020121703024098,DDBL,19,48,50,"1,455.00","72,750.00"
2020-12-17,2020121703024097,DDBL,33,48,90,"1,456.00","131,040.00"
2020-12-17,2020121703024096,DDBL,57,48,120,"1,457.00","174,840.00"
2020-12-17,2020121703024095,DDBL,46,48,70,"1,457.00","101,990.00"
2020-12-17,2020121703023916,DDBL,38,48,420,"1,459.00","612,780.00"
2020-12-17,2020121703023915,DDBL,38,49,120,"1,459.00","175,080.00"
2020-12-17,2020121703023865,DDBL,41,42,26,"1,457.00","37,882.00"
2020-12-17,2020121703023922,DDBL,38,47,100,"1,465.00","146,500.00"
2020-12-17,2020121703023921,DDBL,38,38,200,"1,462.00","292,400.00"
2020-12-17,2020121703023920,DDBL,38,50,200,"1,460.00","292,000.00"
2020-12-17,2020121703023919,DDBL,38,57,100,"1,460.00","146,000.00"
2020-12-17,2020121703023918,DDBL,38,45,10,"1,460.00","14,600.00"
2020-12-17,2020121703023917,DDBL,38,1,100,"1,460.00","146,000.00"
2020-12-17,2020121703024094,DDBL,41,48,244,"1,457.00","355,508.00"
2020-12-17,2020121703024093,DDBL,33,48,200,"1,458.00","291,600.00"
2020-12-17,2020121703024092,DDBL,51,48,100,"1,459.00","145,900.00"
2020-12-17,2020121703024049,DDBL,33,29,50,"1,458.00","72,900.00"
2020-12-17,2020121703023924,DDBL,38,6,650,"1,468.00","954,200.00"
2020-12-17,2020121703023923,DDBL,38,34,100,"1,465.00","146,500.00"
2020-12-17,2020121703024185,FMDBL,38,7,10,617.00,"6,170.00"
2020-12-17,2020121703024154,FOWAD,57,58,12,"2,318.00","27,816.00"
2020-12-17,2020121703024088,FOWAD,57,45,15,"2,310.00","34,650.00"
2020-12-17,2020121703023932,FOWAD,48,45,15,"2,310.00","34,650.00"
2020-12-17,2020121703023931,FOWAD,48,57,85,"2,310.00","196,350.00"
2020-12-17,2020121703024026,GBBL,59,17,20,303.00,"6,060.00"
2020-12-17,2020121703023965,GBLBS,36,55,10,615.00,"6,150.00"
2020-12-17,2020121703023871,GFCL,28,10,570,207.00,"117,990.00"
2020-12-17,2020121704000155,GIC,54,36,10,574.00,"5,740.00"
2020-12-17,2020121704000152,GIC,54,57,10,574.00,"5,740.00"
2020-12-17,2020121704000141,GIC,54,53,10,574.00,"5,740.00"
2020-12-17,2020121704000140,GIC,38,36,10,576.00,"5,760.00"
2020-12-17,2020121704000139,GIC,38,38,10,575.00,"5,750.00"
2020-12-17,2020121704000134,GIC,54,5,150,574.00,"86,100.00"
2020-12-17,2020121704000018,GIC,20,47,10,570.00,"5,700.00"
2020-12-17,2020121704000015,GIC,1,3,10,571.00,"5,710.00"
2020-12-17,2020121704000005,GIC,1,49,10,571.00,"5,710.00"
2020-12-17,2020121704000004,GIC,1,47,10,571.00,"5,710.00"
2020-12-17,2020121704000002,GIC,1,47,10,571.00,"5,710.00"
2020-12-17,2020121704000001,GIC,1,3,10,571.00,"5,710.00"
2020-12-17,2020121704000025,GIC,22,48,50,568.00,"28,400.00"
2020-12-17,2020121704000024,GIC,8,48,30,569.00,"17,070.00"
2020-12-17,2020121704000023,GIC,20,58,10,570.00,"5,700.00"
2020-12-17,2020121704000022,GIC,20,35,10,570.00,"5,700.00"
2020-12-17,2020121704000020,GIC,20,47,10,570.00,"5,700.00"
2020-12-17,2020121704000019,GIC,20,3,10,570.00,"5,700.00"
2020-12-17,2020121704000039,GIC,16,48,10,560.00,"5,600.00"
2020-12-17,2020121704000038,GIC,58,48,25,561.00,"14,025.00"
2020-12-17,2020121704000030,GIC,41,48,10,565.00,"5,650.00"
2020-12-17,2020121704000028,GIC,41,51,10,565.00,"5,650.00"
2020-12-17,2020121704000027,GIC,16,39,10,566.00,"5,660.00"
2020-12-17,2020121704000026,GIC,44,48,50,568.00,"28,400.00"
2020-12-17,2020121704000048,GIC,49,41,10,554.00,"5,540.00"
2020-12-17,2020121704000047,GIC,29,48,55,559.00,"30,745.00"
2020-12-17,2020121704000044,GIC,47,48,30,559.00,"16,770.00"
2020-12-17,2020121704000043,GIC,14,48,140,559.00,"78,260.00"
2020-12-17,2020121704000042,GIC,14,41,10,559.00,"5,590.00"
2020-12-17,2020121704000040,GIC,38,48,100,560.00,"56,000.00"
2020-12-17,2020121704000057,GIC,4,41,10,566.00,"5,660.00"
2020-12-17,2020121704000056,GIC,42,41,10,557.00,"5,570.00"
2020-12-17,2020121704000055,GIC,34,41,10,555.00,"5,550.00"
2020-12-17,2020121704000054,GIC,34,34,10,555.00,"5,550.00"
2020-12-17,2020121704000053,GIC,34,34,10,555.00,"5,550.00"
2020-12-17,2020121704000051,GIC,49,42,10,554.00,"5,540.00"
2020-12-17,2020121704000084,GIC,39,5,10,570.00,"5,700.00"
2020-12-17,2020121704000082,GIC,39,59,10,570.00,"5,700.00"
2020-12-17,2020121704000080,GIC,39,41,10,570.00,"5,700.00"
2020-12-17,2020121704000079,GIC,25,50,10,570.00,"5,700.00"
2020-12-17,2020121704000078,GIC,25,11,70,570.00,"39,900.00"
2020-12-17,2020121704000059,GIC,33,34,10,566.00,"5,660.00"
2020-12-17,2020121704000098,GIC,41,3,10,575.00,"5,750.00"
2020-12-17,2020121704000097,GIC,41,26,10,575.00,"5,750.00"
2020-12-17,2020121704000096,GIC,54,42,10,574.00,"5,740.00"
2020-12-17,2020121704000095,GIC,54,16,10,574.00,"5,740.00"
2020-12-17,2020121704000093,GIC,49,17,10,574.00,"5,740.00"
2020-12-17,2020121704000089,GIC,39,57,10,570.00,"5,700.00"
2020-12-17,2020121704000112,GIC,49,43,20,575.00,"11,500.00"
2020-12-17,2020121704000111,GIC,49,25,10,575.00,"5,750.00"
2020-12-17,2020121704000109,GIC,41,46,10,575.00,"5,750.00"
2020-12-17,2020121704000102,GIC,41,25,10,575.00,"5,750.00"
2020-12-17,2020121704000100,GIC,41,46,10,575.00,"5,750.00"
