Date,Transact. No.,Symbol,Buyer,Seller,Quantity,Rate,Amount
2019-07-11,2019071101008634,ADBL,58,39,144,405.00,"58,320.00"
2019-07-11,2019071101008633,ADBL,14,39,161,405.00,"65,205.00"
2019-07-11,2019071101008632,ADBL,52,39,30,406.00,"12,180.00"
2019-07-11,2019071101008631,ADBL,8,39,70,407.00,"28,490.00"
2019-07-11,2019071101008526,ADBL,14,45,10,409.00,"4,090.00"
2019-07-11,2019071101008365,ADBL,8,54,100,408.00,"40,800.00"
2019-07-11,2019071101008364,ADBL,8,45,30,407.00,"12,210.00"
2019-07-11,2019071101008175,ADBL,14,42,40,405.00,"16,200.00"
2019-07-11,2019071101008246,AHPC,28,35,500,105.00,"52,500.00"
2019-07-11,2019071101008245,AHPC,28,49,"2,427",105.00,"254,835.00"
2019-07-11,2019071101008176,AKJCL,58,16,10,70.00,700.00
2019-07-11,2019071101008636,API,25,13,50,141.00,"7,050.00"
2019-07-11,2019071101008597,API,25,26,964,140.00,"134,960.00"
2019-07-11,2019071101008534,API,47,26,36,140.00,"5,040.00"
2019-07-11,2019071101008423,API,29,26,770,140.00,"107,800.00"
2019-07-11,2019071101008422,API,43,26,500,140.00,"70,000.00"
2019-07-11,2019071101008421,API,25,26,200,140.00,"28,000.00"
2019-07-11,2019071101008420,API,25,26,400,140.00,"56,000.00"
2019-07-11,2019071101008174,API,25,45,50,143.00,"7,150.00"
2019-07-11,2019071101008216,BFC,26,33,13,100.00,"1,300.00"
2019-07-11,2019071101008215,BFC,39,33,387,100.00,"38,700.00"
2019-07-11,2019071101008224,BOKL,26,1,100,257.00,"25,700.00"
2019-07-11,2019071101008223,BOKL,26,34,200,257.00,"51,400.00"
2019-07-11,2019071101008612,BPCL,34,49,344,401.00,"137,944.00"
2019-07-11,2019071101008446,BPCL,34,47,156,401.00,"62,556.00"
2019-07-11,2019071101008445,BPCL,35,47,20,401.00,"8,020.00"
2019-07-11,2019071101008444,BPCL,49,47,100,401.00,"40,100.00"
2019-07-11,2019071101008417,BPCL,36,45,12,405.00,"4,860.00"
2019-07-11,2019071101008191,BPCL,34,47,50,402.00,"20,100.00"
2019-07-11,2019071101008639,CBBL,58,17,30,950.00,"28,500.00"
2019-07-11,2019071101008638,CBBL,53,17,10,950.00,"9,500.00"
2019-07-11,2019071101008538,CBBL,48,37,500,953.00,"476,500.00"
2019-07-11,2019071101008450,CBBL,42,37,72,953.00,"68,616.00"
2019-07-11,2019071101008397,CBBL,53,56,190,950.00,"180,500.00"
2019-07-11,2019071101008169,CBBL,48,42,72,953.00,"68,616.00"
2019-07-11,2019071101008396,CBBL,16,56,61,951.00,"58,011.00"
2019-07-11,2019071101008322,CBBL,50,56,19,952.00,"18,088.00"
2019-07-11,2019071101008321,CBBL,19,56,53,952.00,"50,456.00"
2019-07-11,2019071101008172,CBBL,48,37,428,953.00,"407,884.00"
2019-07-11,2019071101008655,CBL,21,26,250,157.00,"39,250.00"
2019-07-11,2019071101008610,CBL,36,34,"1,191",156.00,"185,796.00"
2019-07-11,2019071101008609,CBL,41,34,100,156.00,"15,600.00"
2019-07-11,2019071101008553,CBL,6,34,50,156.00,"7,800.00"
2019-07-11,2019071101008543,CBL,57,34,100,156.00,"15,600.00"
2019-07-11,2019071101008542,CBL,59,34,59,156.00,"9,204.00"
2019-07-11,2019071101008312,CBL,25,54,"5,000",156.00,"780,000.00"
2019-07-11,2019071101008507,CBL,59,42,60,156.00,"9,360.00"
2019-07-11,2019071101008506,CBL,59,54,"8,381",156.00,"1,307,436.00"
2019-07-11,2019071101008470,CBL,43,54,"1,000",156.00,"156,000.00"
2019-07-11,2019071101008434,CBL,43,54,"2,000",156.00,"312,000.00"
2019-07-11,2019071101008427,CBL,44,54,100,156.00,"15,600.00"
2019-07-11,2019071101008418,CBL,8,54,50,156.00,"7,800.00"
2019-07-11,2019071101008183,CCBL,40,37,200,177.00,"35,400.00"
2019-07-11,2019071101008595,CHCL,45,3,300,516.00,"154,800.00"
2019-07-11,2019071101008494,CHCL,20,49,50,515.00,"25,750.00"
2019-07-11,2019071101008448,CHCL,45,3,200,516.00,"103,200.00"
2019-07-11,2019071101008333,CHCL,20,42,99,515.00,"50,985.00"
2019-07-11,2019071101008332,CHCL,20,50,200,515.00,"103,000.00"
2019-07-11,2019071101008331,CHCL,20,50,100,515.00,"51,500.00"
2019-07-11,2019071101008324,CHCL,20,42,180,512.00,"92,160.00"
2019-07-11,2019071101008323,CHCL,20,7,90,511.00,"45,990.00"
2019-07-11,2019071101008330,CHCL,20,37,600,515.00,"309,000.00"
2019-07-11,2019071101008329,CHCL,20,47,100,515.00,"51,500.00"
2019-07-11,2019071101008328,CHCL,20,42,500,514.00,"257,000.00"
2019-07-11,2019071101008327,CHCL,20,3,300,513.00,"153,900.00"
2019-07-11,2019071101008326,CHCL,20,3,940,512.00,"481,280.00"
2019-07-11,2019071101008325,CHCL,20,58,157,512.00,"80,384.00"
2019-07-11,2019071101008359,CIT,50,10,90,"2,440.00","219,600.00"
2019-07-11,2019071101008358,CIT,6,10,10,"2,440.00","24,400.00"
2019-07-11,2019071101008357,CIT,57,10,100,"2,441.00","244,100.00"
2019-07-11,2019071101008188,CIT,41,49,20,"2,460.00","49,200.00"
2019-07-11,2019071101008524,CLBSL,5,51,1,518.00,518.00
2019-07-11,2019071101008523,CLBSL,5,47,11,500.00,"5,500.00"
2019-07-11,2019071101008558,CZBIL,34,19,156,222.00,"34,632.00"
2019-07-11,2019071101008525,CZBIL,34,38,800,222.00,"177,600.00"
2019-07-11,2019071101008627,DBBL,51,38,10,141.00,"1,410.00"
2019-07-11,2019071101008537,DBBL,51,16,"1,225",139.00,"170,275.00"
2019-07-11,2019071101008510,DBBL,51,16,"10,000",139.00,"1,390,000.00"
2019-07-11,2019071101008509,DBBL,14,16,422,139.00,"58,658.00"
2019-07-11,2019071101008299,DBBL,14,32,78,139.00,"10,842.00"
2019-07-11,2019071101008298,DBBL,56,32,500,139.00,"69,500.00"
2019-07-11,2019071101008297,DBBL,41,32,57,139.00,"7,923.00"
2019-07-11,2019071101008296,DBBL,34,32,500,139.00,"69,500.00"
2019-07-11,2019071101008295,DBBL,10,32,"1,000",139.00,"139,000.00"
2019-07-11,2019071101008294,DBBL,39,32,365,140.00,"51,100.00"
2019-07-11,2019071101008586,DDBL,56,21,100,713.00,"71,300.00"
2019-07-11,2019071101008585,DDBL,49,21,10,713.00,"7,130.00"
2019-07-11,2019071101008654,EBL,42,45,88,666.00,"58,608.00"
2019-07-11,2019071101008653,EBL,42,33,62,665.00,"41,230.00"
2019-07-11,2019071101008362,EBL,45,42,50,664.00,"33,200.00"
2019-07-11,2019071101008249,EBL,8,33,88,665.00,"58,520.00"
2019-07-11,2019071101008234,EBL,8,34,12,665.00,"7,980.00"
2019-07-11,2019071101008233,EBL,8,34,100,665.00,"66,500.00"
2019-07-11,2019071101008232,EBL,8,34,100,665.00,"66,500.00"
2019-07-11,2019071101008442,EIC,1,45,50,365.00,"18,250.00"
2019-07-11,2019071101008441,EIC,5,45,100,365.00,"36,500.00"
2019-07-11,2019071101008440,EIC,7,45,100,366.00,"36,600.00"
2019-07-11,2019071101008439,EIC,57,45,100,367.00,"36,700.00"
2019-07-11,2019071101008182,FMDBL,49,39,10,380.00,"3,800.00"
2019-07-11,2019071101008181,FMDBL,49,35,100,379.00,"37,900.00"
2019-07-11,2019071101008564,GBBL,39,14,400,222.00,"88,800.00"
2019-07-11,2019071101008235,GBLBS,22,26,50,340.00,"17,000.00"
2019-07-11,2019071101008521,GFCL,6,55,"1,000",133.00,"133,000.00"
2019-07-11,2019071101008311,GLBSL,19,8,100,400.00,"40,000.00"
2019-07-11,2019071101008310,GLBSL,19,55,10,399.00,"3,990.00"
2019-07-11,2019071101008309,GLBSL,19,36,10,398.00,"3,980.00"
2019-07-11,2019071101008308,GLBSL,19,38,10,398.00,"3,980.00"
2019-07-11,2019071101008307,GLBSL,19,38,10,398.00,"3,980.00"
2019-07-11,2019071101008306,GLBSL,19,38,10,398.00,"3,980.00"
2019-07-11,2019071101008305,GLBSL,19,38,10,398.00,"3,980.00"
2019-07-11,2019071101008304,GLBSL,19,35,10,397.00,"3,970.00"
2019-07-11,2019071101008303,GLBSL,19,39,10,395.00,"3,950.00"
2019-07-11,2019071101008489,GLICL,48,55,30,466.00,"13,980.00"
2019-07-11,2019071101008488,GLICL,45,55,50,470.00,"23,500.00"
2019-07-11,2019071101008628,GMFBS,26,55,50,445.00,"22,250.00"
2019-07-11,2019071101008593,GMFBS,26,39,10,445.00,"4,450.00"
2019-07-11,2019071101008592,GMFBS,26,34,10,445.00,"4,450.00"
2019-07-11,2019071101008563,GMFBS,26,21,300,442.00,"132,600.00"
2019-07-11,2019071101008562,GMFBS,26,55,10,442.00,"4,420.00"
2019-07-11,2019071101008561,GMFBS,26,55,10,442.00,"4,420.00"
2019-07-11,2019071101008560,GMFBS,26,55,10,442.00,"4,420.00"
2019-07-11,2019071101008559,GMFBS,26,53,10,442.00,"4,420.00"
2019-07-11,2019071101008388,HDL,40,40,9,"1,652.00","14,868.00"
2019-07-11,2019071101008600,HGI,59,53,197,350.00,"68,950.00"
2019-07-11,2019071101008599,HGI,17,53,200,351.00,"70,200.00"
2019-07-11,2019071101008598,HGI,40,53,20,351.00,"7,020.00"
2019-07-11,2019071101008458,HPPL,39,42,10,175.00,"1,750.00"
2019-07-11,2019071101008457,HPPL,39,21,10,175.00,"1,750.00"
2019-07-11,2019071101008456,HPPL,39,21,10,175.00,"1,750.00"
2019-07-11,2019071101008455,HPPL,39,21,10,175.00,"1,750.00"
2019-07-11,2019071101008454,HPPL,39,21,10,175.00,"1,750.00"
2019-07-11,2019071101008289,HURJA,16,21,20,139.00,"2,780.00"
2019-07-11,2019071101008244,IGI,28,45,196,361.00,"70,756.00"
2019-07-11,2019071101008652,ILBS,33,47,10,396.00,"3,960.00"
2019-07-11,2019071101008637,ILBS,29,42,10,395.00,"3,950.00"
2019-07-11,2019071101008635,ILBS,29,47,10,395.00,"3,950.00"
2019-07-11,2019071101008605,ILBS,35,58,10,395.00,"3,950.00"
2019-07-11,2019071101008596,ILBS,39,18,10,396.00,"3,960.00"
2019-07-11,2019071101008582,ILBS,39,55,10,396.00,"3,960.00"
2019-07-11,2019071101008177,ILBS,33,3,10,397.00,"3,970.00"
2019-07-11,2019071101008162,ILBS,33,37,10,397.00,"3,970.00"
2019-07-11,2019071101008161,ILBS,33,57,10,397.00,"3,970.00"
2019-07-11,2019071101008158,ILBS,33,55,10,397.00,"3,970.00"
2019-07-11,2019071101008228,ILBS,14,25,10,397.00,"3,970.00"
2019-07-11,2019071101008226,ILBS,14,37,10,397.00,"3,970.00"
2019-07-11,2019071101008214,ILBS,14,19,10,397.00,"3,970.00"
2019-07-11,2019071101008207,ILBS,14,3,10,397.00,"3,970.00"
2019-07-11,2019071101008206,ILBS,59,37,10,396.00,"3,960.00"
2019-07-11,2019071101008189,ILBS,33,19,10,397.00,"3,970.00"
2019-07-11,2019071101008265,ILBS,8,16,10,398.00,"3,980.00"
2019-07-11,2019071101008264,ILBS,8,56,10,398.00,"3,980.00"
2019-07-11,2019071101008261,ILBS,14,3,10,397.00,"3,970.00"
2019-07-11,2019071101008255,ILBS,14,37,10,397.00,"3,970.00"
2019-07-11,2019071101008236,ILBS,14,3,10,397.00,"3,970.00"
2019-07-11,2019071101008229,ILBS,14,55,10,397.00,"3,970.00"
2019-07-11,2019071101008302,ILBS,56,53,10,397.00,"3,970.00"
2019-07-11,2019071101008301,ILBS,14,53,100,397.00,"39,700.00"
2019-07-11,2019071101008287,ILBS,33,16,10,398.00,"3,980.00"
2019-07-11,2019071101008286,ILBS,33,16,10,398.00,"3,980.00"
2019-07-11,2019071101008284,ILBS,14,37,10,397.00,"3,970.00"
2019-07-11,2019071101008283,ILBS,14,3,10,397.00,"3,970.00"
2019-07-11,2019071101008395,ILBS,17,58,10,396.00,"3,960.00"
2019-07-11,2019071101008368,ILBS,17,32,10,396.00,"3,960.00"
2019-07-11,2019071101008363,ILBS,17,3,10,396.00,"3,960.00"
2019-07-11,2019071101008339,ILBS,42,53,20,397.00,"7,940.00"
2019-07-11,2019071101008335,ILBS,17,3,10,396.00,"3,960.00"
2019-07-11,2019071101008319,ILBS,17,37,10,396.00,"3,960.00"
2019-07-11,2019071101008425,ILBS,17,58,10,396.00,"3,960.00"
2019-07-11,2019071101008424,ILBS,17,37,10,396.00,"3,960.00"
2019-07-11,2019071101008415,ILBS,17,58,10,396.00,"3,960.00"
2019-07-11,2019071101008403,ILBS,17,3,10,396.00,"3,960.00"
2019-07-11,2019071101008402,ILBS,22,53,20,397.00,"7,940.00"
2019-07-11,2019071101008398,ILBS,17,37,10,396.00,"3,960.00"
2019-07-11,2019071101008508,ILBS,6,53,10,397.00,"3,970.00"
2019-07-11,2019071101008505,ILBS,29,40,10,396.00,"3,960.00"
2019-07-11,2019071101008503,ILBS,29,18,10,396.00,"3,960.00"
2019-07-11,2019071101008492,ILBS,29,11,10,396.00,"3,960.00"
2019-07-11,2019071101008490,ILBS,29,58,10,396.00,"3,960.00"
2019-07-11,2019071101008443,ILBS,29,40,10,396.00,"3,960.00"
2019-07-11,2019071101008568,ILBS,39,18,10,396.00,"3,960.00"
2019-07-11,2019071101008557,ILBS,39,19,10,396.00,"3,960.00"
2019-07-11,2019071101008541,ILBS,39,58,10,396.00,"3,960.00"
2019-07-11,2019071101008535,ILBS,42,18,10,396.00,"3,960.00"
2019-07-11,2019071101008533,ILBS,42,19,10,396.00,"3,960.00"
2019-07-11,2019071101008527,ILBS,33,53,10,397.00,"3,970.00"
2019-07-11,2019071101008589,JBBL,58,8,94,161.00,"15,134.00"
2019-07-11,2019071101008514,JBBL,58,21,490,161.00,"78,890.00"
2019-07-11,2019071101008334,JBBL,46,29,300,160.00,"48,000.00"
2019-07-11,2019071101008156,JBBL,36,21,500,161.00,"80,500.00"
2019-07-11,2019071101008394,KBL,48,37,975,220.00,"214,500.00"
2019-07-11,2019071101008393,KBL,48,8,25,220.00,"5,500.00"
2019-07-11,2019071101008318,KBL,51,55,454,218.00,"98,972.00"
2019-07-11,2019071101008317,KBL,48,8,475,220.00,"104,500.00"
2019-07-11,2019071101008316,KBL,48,57,225,220.00,"49,500.00"
2019-07-11,2019071101008293,KBL,51,45,247,218.00,"53,846.00"
2019-07-11,2019071101008292,KBL,32,45,113,219.00,"24,747.00"
2019-07-11,2019071101008282,KBL,48,57,700,220.00,"154,000.00"
2019-07-11,2019071101008243,KBL,48,57,"1,000",220.00,"220,000.00"
2019-07-11,2019071101008217,KBL,52,57,200,220.00,"44,000.00"
2019-07-11,2019071101008180,KBL,32,5,100,219.00,"21,900.00"
2019-07-11,2019071101008171,KBL,48,57,700,220.00,"154,000.00"
2019-07-11,2019071101008300,KSBBL,52,57,55,159.00,"8,745.00"
2019-07-11,2019071101008630,LBBL,28,38,"1,000",195.00,"195,000.00"
2019-07-11,2019071101008219,LBBL,28,51,80,194.00,"15,520.00"
2019-07-11,2019071101008532,LBL,48,20,900,224.00,"201,600.00"
2019-07-11,2019071101008531,LBL,17,20,100,224.00,"22,400.00"
2019-07-11,2019071101008291,LGIL,34,33,54,435.00,"23,490.00"
2019-07-11,2019071101008259,LGIL,34,17,500,435.00,"217,500.00"
2019-07-11,2019071101008258,LGIL,51,17,100,436.00,"43,600.00"
2019-07-11,2019071101008257,LGIL,49,17,100,436.00,"43,600.00"
2019-07-11,2019071101008288,LICN,54,53,12,"1,600.00","19,200.00"
2019-07-11,2019071101008160,LICN,40,6,50,"1,598.00","79,900.00"
2019-07-11,2019071101008520,LLBS,49,55,60,650.00,"39,000.00"
2019-07-11,2019071101008519,LLBS,54,55,50,651.00,"32,550.00"
2019-07-11,2019071101008392,MBL,48,52,"1,180",260.00,"306,800.00"
2019-07-11,2019071101008391,MBL,35,52,100,260.00,"26,000.00"
2019-07-11,2019071101008390,MBL,14,52,88,260.00,"22,880.00"
2019-07-11,2019071101008389,MBL,51,52,632,261.00,"164,952.00"
2019-07-11,2019071101008204,MBL,51,36,368,261.00,"96,048.00"
2019-07-11,2019071101008401,MEGA,17,22,150,211.00,"31,650.00"
2019-07-11,2019071101008400,MEGA,58,42,24,210.00,"5,040.00"
2019-07-11,2019071101008369,MEGA,8,22,50,211.00,"10,550.00"
2019-07-11,2019071101008248,MEGA,58,13,261,210.00,"54,810.00"
2019-07-11,2019071101008247,MEGA,6,13,100,210.00,"21,000.00"
2019-07-11,2019071101008187,MEGA,51,52,122,210.00,"25,620.00"
2019-07-11,2019071101008518,MERO,6,50,100,516.00,"51,600.00"
2019-07-11,2019071101008192,MERO,6,34,200,516.00,"103,200.00"
2019-07-11,2019071101008437,MFIL,49,10,"10,000",125.00,"1,250,000.00"
2019-07-11,2019071101008438,MNBBL,11,33,201,361.00,"72,561.00"
2019-07-11,2019071101008608,NABIL,19,44,13,823.00,"10,699.00"
2019-07-11,2019071101008607,NABIL,19,35,46,823.00,"37,858.00"
2019-07-11,2019071101008606,NABIL,19,43,50,823.00,"41,150.00"
2019-07-11,2019071101008513,NABIL,19,5,50,821.00,"41,050.00"
2019-07-11,2019071101008487,NABIL,19,47,29,821.00,"23,809.00"
2019-07-11,2019071101008413,NABIL,19,35,12,821.00,"9,852.00"
2019-07-11,2019071101008178,NABIL,14,35,100,822.00,"82,200.00"
2019-07-11,2019071101008645,NBB,7,58,100,220.00,"22,000.00"
2019-07-11,2019071101008644,NBB,6,58,200,220.00,"44,000.00"
2019-07-11,2019071101008643,NBB,16,58,62,220.00,"13,640.00"
2019-07-11,2019071101008186,NBB,16,42,26,220.00,"5,720.00"
2019-07-11,2019071101008651,NBL,33,33,20,337.00,"6,740.00"
2019-07-11,2019071101008649,NBL,41,39,500,336.00,"168,000.00"
2019-07-11,2019071101008588,NBL,36,33,100,337.00,"33,700.00"
2019-07-11,2019071101008578,NBL,45,33,350,337.00,"117,950.00"
2019-07-11,2019071101008549,NBL,41,33,"2,720",336.00,"913,920.00"
2019-07-11,2019071101008545,NBL,41,42,"1,700",336.00,"571,200.00"
2019-07-11,2019071101008195,NBL,47,28,457,337.00,"154,009.00"
2019-07-11,2019071101008164,NBL,47,28,43,337.00,"14,491.00"
2019-07-11,2019071101008163,NBL,47,54,757,337.00,"255,109.00"
2019-07-11,2019071101008239,NBL,47,33,93,337.00,"31,341.00"
2019-07-11,2019071101008238,NBL,47,5,500,337.00,"168,500.00"
2019-07-11,2019071101008237,NBL,47,33,407,337.00,"137,159.00"
2019-07-11,2019071101008230,NBL,45,33,50,337.00,"16,850.00"
2019-07-11,2019071101008197,NBL,32,5,50,336.00,"16,800.00"
2019-07-11,2019071101008196,NBL,47,33,543,337.00,"182,991.00"
2019-07-11,2019071101008474,NBL,32,34,"2,000",336.00,"672,000.00"
2019-07-11,2019071101008473,NBL,32,34,604,336.00,"202,944.00"
2019-07-11,2019071101008472,NBL,32,34,"2,000",336.00,"672,000.00"
2019-07-11,2019071101008361,NBL,47,33,"5,000",337.00,"1,685,000.00"
2019-07-11,2019071101008313,NBL,47,33,"1,200",337.00,"404,400.00"
2019-07-11,2019071101008272,NBL,47,33,"1,400",337.00,"471,800.00"
2019-07-11,2019071101008544,NBL,50,42,300,336.00,"100,800.00"
2019-07-11,2019071101008528,NBL,36,33,"1,604",337.00,"540,548.00"
2019-07-11,2019071101008478,NBL,36,34,"3,396",336.00,"1,141,056.00"
2019-07-11,2019071101008477,NBL,40,34,"1,000",336.00,"336,000.00"
2019-07-11,2019071101008476,NBL,28,34,500,336.00,"168,000.00"
2019-07-11,2019071101008475,NBL,42,34,500,336.00,"168,000.00"
2019-07-11,2019071101008590,NCCB,58,33,10,242.00,"2,420.00"
2019-07-11,2019071101008461,NCCB,45,28,39,241.00,"9,399.00"
2019-07-11,2019071101008460,NCCB,25,28,500,241.00,"120,500.00"
2019-07-11,2019071101008459,NCCB,44,28,11,241.00,"2,651.00"
2019-07-11,2019071101008426,NCCB,39,33,30,242.00,"7,260.00"
2019-07-11,2019071101008387,NCCB,44,33,198,241.00,"47,718.00"
2019-07-11,2019071101008254,NCCB,32,33,784,242.00,"189,728.00"
2019-07-11,2019071101008205,NCCB,58,33,"1,100",242.00,"266,200.00"
2019-07-11,2019071101008173,NCCB,1,33,174,242.00,"42,108.00"
2019-07-11,2019071101008374,NCCB,17,33,150,241.00,"36,150.00"
2019-07-11,2019071101008373,NCCB,59,33,200,241.00,"48,200.00"
2019-07-11,2019071101008372,NCCB,51,33,250,241.00,"60,250.00"
2019-07-11,2019071101008371,NCCB,1,33,200,241.00,"48,200.00"
2019-07-11,2019071101008370,NCCB,57,33,652,241.00,"157,132.00"
2019-07-11,2019071101008262,NCCB,57,33,200,242.00,"48,400.00"
2019-07-11,2019071101008380,NCCB,48,33,100,241.00,"24,100.00"
2019-07-11,2019071101008379,NCCB,32,33,200,241.00,"48,200.00"
2019-07-11,2019071101008378,NCCB,51,33,500,241.00,"120,500.00"
2019-07-11,2019071101008377,NCCB,57,33,300,241.00,"72,300.00"
2019-07-11,2019071101008376,NCCB,49,33,"2,000",241.00,"482,000.00"
2019-07-11,2019071101008375,NCCB,57,33,"1,000",241.00,"241,000.00"
2019-07-11,2019071101008386,NCCB,26,33,500,241.00,"120,500.00"
2019-07-11,2019071101008385,NCCB,46,33,"2,000",241.00,"482,000.00"
2019-07-11,2019071101008384,NCCB,25,33,"1,000",241.00,"241,000.00"
2019-07-11,2019071101008383,NCCB,59,33,250,241.00,"60,250.00"
2019-07-11,2019071101008382,NCCB,7,33,200,241.00,"48,200.00"
2019-07-11,2019071101008381,NCCB,58,33,300,241.00,"72,300.00"
2019-07-11,2019071101008280,NEF,10,25,241,7.86,"1,894.26"
2019-07-11,2019071101008211,NGPL,45,42,11,116.00,"1,276.00"
2019-07-11,2019071101008603,NHPC,35,52,700,64.00,"44,800.00"
2019-07-11,2019071101008602,NHPC,11,52,300,64.00,"19,200.00"
2019-07-11,2019071101008463,NIB,47,14,100,515.00,"51,500.00"
2019-07-11,2019071101008462,NIB,16,14,186,515.00,"95,790.00"
2019-07-11,2019071101008336,NIB,16,6,100,515.00,"51,500.00"
2019-07-11,2019071101008231,NIB,16,42,10,515.00,"5,150.00"
2019-07-11,2019071101008641,NIBPO,22,4,500,468.00,"234,000.00"
2019-07-11,2019071101008591,NIBPO,48,4,10,468.00,"4,680.00"
2019-07-11,2019071101008546,NIBPO,32,38,230,467.00,"107,410.00"
2019-07-11,2019071101008491,NIBPO,13,4,170,468.00,"79,560.00"
2019-07-11,2019071101008471,NIBPO,32,38,100,467.00,"46,700.00"
2019-07-11,2019071101008604,NICA,39,14,332,445.00,"147,740.00"
2019-07-11,2019071101008575,NICA,39,48,638,445.00,"283,910.00"
2019-07-11,2019071101008574,NICA,39,33,"1,230",445.00,"547,350.00"
2019-07-11,2019071101008566,NICA,52,38,350,444.00,"155,400.00"
2019-07-11,2019071101008548,NICA,52,33,"1,000",445.00,"445,000.00"
2019-07-11,2019071101008511,NICA,52,33,500,445.00,"222,500.00"
2019-07-11,2019071101008436,NICA,52,38,150,444.00,"66,600.00"
2019-07-11,2019071101008360,NICA,45,33,200,445.00,"89,000.00"
2019-07-11,2019071101008242,NICA,52,7,206,444.00,"91,464.00"
2019-07-11,2019071101008241,NICA,59,7,200,444.00,"88,800.00"
2019-07-11,2019071101008240,NICA,28,7,94,444.00,"41,736.00"
2019-07-11,2019071101008179,NICA,33,33,70,445.00,"31,150.00"
2019-07-11,2019071101008536,NICL,25,33,10,355.00,"3,550.00"
2019-07-11,2019071101008256,NICL,6,25,300,351.00,"105,300.00"
2019-07-11,2019071101008185,NICL,6,17,30,353.00,"10,590.00"
2019-07-11,2019071101008581,NIL,35,37,87,483.00,"42,021.00"
2019-07-11,2019071101008580,NIL,51,37,200,485.00,"97,000.00"
2019-07-11,2019071101008579,NIL,39,37,213,485.00,"103,305.00"
2019-07-11,2019071101008270,NIL,39,7,190,485.00,"92,150.00"
2019-07-11,2019071101008269,NIL,39,7,100,485.00,"48,500.00"
2019-07-11,2019071101008268,NIL,49,7,10,487.00,"4,870.00"
2019-07-11,2019071101008554,NLIC,34,28,280,889.00,"248,920.00"
2019-07-11,2019071101008493,NLIC,34,28,500,889.00,"444,500.00"
2019-07-11,2019071101008412,NLIC,34,28,420,889.00,"373,380.00"
2019-07-11,2019071101008411,NLIC,34,28,80,889.00,"71,120.00"
2019-07-11,2019071101008253,NLIC,34,35,200,890.00,"178,000.00"
2019-07-11,2019071101008252,NLIC,34,39,300,890.00,"267,000.00"
2019-07-11,2019071101008251,NLIC,34,50,102,890.00,"90,780.00"
2019-07-11,2019071101008190,NLIC,34,35,200,889.00,"177,800.00"
2019-07-11,2019071101008356,NLICL,34,32,310,572.00,"177,320.00"
2019-07-11,2019071101008250,NMBHF1,26,25,416,9.16,"3,810.56"
2019-07-11,2019071101008274,NMFBS,52,16,28,"1,455.00","40,740.00"
2019-07-11,2019071101008225,NMFBS,52,28,58,"1,433.00","83,114.00"
2019-07-11,2019071101008277,NNLB,57,32,200,385.00,"77,000.00"
2019-07-11,2019071101008276,NNLB,21,32,100,386.00,"38,600.00"
2019-07-11,2019071101008275,NNLB,57,32,31,389.00,"12,059.00"
2019-07-11,2019071101008583,NTC,25,4,50,683.00,"34,150.00"
2019-07-11,2019071101008567,NTC,28,34,10,689.00,"6,890.00"
2019-07-11,2019071101008552,NTC,25,4,120,683.00,"81,960.00"
2019-07-11,2019071101008429,NTC,39,28,100,685.00,"68,500.00"
2019-07-11,2019071101008428,NTC,22,28,350,685.00,"239,750.00"
2019-07-11,2019071101008410,NTC,38,34,50,689.00,"34,450.00"
2019-07-11,2019071101008320,NTC,22,43,295,686.00,"202,370.00"
2019-07-11,2019071101008551,NTC,35,4,50,684.00,"34,200.00"
2019-07-11,2019071101008550,NTC,56,4,100,684.00,"68,400.00"
2019-07-11,2019071101008433,NTC,45,28,50,685.00,"34,250.00"
2019-07-11,2019071101008432,NTC,35,28,20,685.00,"13,700.00"
2019-07-11,2019071101008431,NTC,32,28,10,685.00,"6,850.00"
2019-07-11,2019071101008430,NTC,53,28,30,685.00,"20,550.00"
2019-07-11,2019071101008530,NUBL,6,28,190,842.00,"159,980.00"
2019-07-11,2019071101008529,NUBL,19,28,200,842.00,"168,400.00"
2019-07-11,2019071101008611,PCBL,26,17,500,275.00,"137,500.00"
2019-07-11,2019071101008556,PCBL,11,41,100,275.00,"27,500.00"
2019-07-11,2019071101008157,PCBL,52,41,440,274.00,"120,560.00"
2019-07-11,2019071101008584,PIC,8,5,100,480.00,"48,000.00"
2019-07-11,2019071101008210,PIC,35,45,90,478.00,"43,020.00"
2019-07-11,2019071101008209,PIC,11,45,10,478.00,"4,780.00"
2019-07-11,2019071101008208,PIC,6,45,200,478.00,"95,600.00"
2019-07-11,2019071101008540,PICL,34,7,100,536.00,"53,600.00"
2019-07-11,2019071101008539,PICL,45,7,20,536.00,"10,720.00"
2019-07-11,2019071101008555,PRVU,34,37,10,261.00,"2,610.00"
2019-07-11,2019071101008501,PRVU,57,37,"1,421",261.00,"370,881.00"
2019-07-11,2019071101008500,PRVU,57,40,540,261.00,"140,940.00"
2019-07-11,2019071101008499,PRVU,57,49,80,261.00,"20,880.00"
2019-07-11,2019071101008498,PRVU,57,36,"1,491",260.00,"387,660.00"
2019-07-11,2019071101008497,PRVU,57,38,18,260.00,"4,680.00"
2019-07-11,2019071101008496,PRVU,57,38,400,260.00,"104,000.00"
2019-07-11,2019071101008495,PRVU,57,43,50,260.00,"13,000.00"
2019-07-11,2019071101008447,PRVU,54,43,50,260.00,"13,000.00"
2019-07-11,2019071101008281,PRVU,28,43,500,260.00,"130,000.00"
2019-07-11,2019071101008213,PRVU,43,43,400,260.00,"104,000.00"
2019-07-11,2019071101008212,PRVU,43,34,300,260.00,"78,000.00"
2019-07-11,2019071101008170,RBCLPO,45,33,15,"8,400.00","126,000.00"
2019-07-11,2019071101008342,RHPC,34,42,18,90.00,"1,620.00"
2019-07-11,2019071101008341,RRHP,59,21,10,109.00,"1,090.00"
2019-07-11,2019071101008619,RSDC,16,44,10,338.00,"3,380.00"
2019-07-11,2019071101008346,RSDC,10,10,1,332.00,332.00
2019-07-11,2019071101008290,RSDC,10,10,1,332.00,332.00
2019-07-11,2019071101008260,RSDC,10,10,1,332.00,332.00
2019-07-11,2019071101008227,RSDC,10,10,1,332.00,332.00
2019-07-11,2019071101008194,RSDC,10,10,1,332.00,332.00
2019-07-11,2019071101008184,RSDC,39,21,20,338.00,"6,760.00"
2019-07-11,2019071101008587,SADBL,58,35,946,158.00,"149,468.00"
2019-07-11,2019071101008469,SADBL,35,35,54,158.00,"8,532.00"
2019-07-11,2019071101008468,SADBL,35,16,325,158.00,"51,350.00"
2019-07-11,2019071101008279,SADBL,43,16,"1,000",158.00,"158,000.00"
2019-07-11,2019071101008622,SANIMA,40,32,57,341.00,"19,437.00"
2019-07-11,2019071101008621,SANIMA,57,32,500,341.00,"170,500.00"
2019-07-11,2019071101008620,SANIMA,14,32,78,341.00,"26,598.00"
2019-07-11,2019071101008577,SANIMA,14,38,162,341.00,"55,242.00"
2019-07-11,2019071101008576,SANIMA,26,38,138,342.00,"47,196.00"
2019-07-11,2019071101008453,SANIMA,26,38,162,342.00,"55,404.00"
2019-07-11,2019071101008452,SANIMA,57,38,38,343.00,"13,034.00"
2019-07-11,2019071101008449,SANIMA,57,21,12,343.00,"4,116.00"
2019-07-11,2019071101008416,SANIMA,8,21,100,343.00,"34,300.00"
2019-07-11,2019071101008409,SANIMA,57,21,38,343.00,"13,034.00"
2019-07-11,2019071101008408,SANIMA,57,45,12,343.00,"4,116.00"
2019-07-11,2019071101008193,SANIMA,26,33,100,342.00,"34,200.00"
2019-07-11,2019071101008502,SBI,48,19,210,459.00,"96,390.00"
2019-07-11,2019071101008466,SBL,34,50,"1,000",314.00,"314,000.00"
2019-07-11,2019071101008465,SBL,34,1,200,314.00,"62,800.00"
2019-07-11,2019071101008464,SBL,34,35,100,314.00,"31,400.00"
2019-07-11,2019071101008271,SBL,32,35,300,314.00,"94,200.00"
2019-07-11,2019071101008419,SCB,6,56,193,669.00,"129,117.00"
2019-07-11,2019071101008414,SCB,6,56,125,669.00,"83,625.00"
2019-07-11,2019071101008338,SCB,11,56,75,670.00,"50,250.00"
2019-07-11,2019071101008337,SCB,8,56,32,670.00,"21,440.00"
2019-07-11,2019071101008601,SDESI,59,25,11,545.00,"5,995.00"
2019-07-11,2019071101008467,SDESI,45,8,100,535.00,"53,500.00"
2019-07-11,2019071101008267,SDESI,38,8,50,537.00,"26,850.00"
2019-07-11,2019071101008266,SDESI,19,8,100,538.00,"53,800.00"
2019-07-11,2019071101008399,SEOS,52,29,"1,000",10.65,"10,650.00"
2019-07-11,2019071101008650,SHIVM,48,22,10,588.00,"5,880.00"
2019-07-11,2019071101008618,SHIVM,10,40,145,586.00,"84,970.00"
2019-07-11,2019071101008617,SHIVM,32,40,100,586.00,"58,600.00"
2019-07-11,2019071101008616,SHIVM,1,40,500,586.00,"293,000.00"
2019-07-11,2019071101008615,SHIVM,26,40,100,586.00,"58,600.00"
2019-07-11,2019071101008614,SHIVM,22,40,50,587.00,"29,350.00"
2019-07-11,2019071101008343,SHIVM,46,22,170,590.00,"100,300.00"
2019-07-11,2019071101008222,SHIVM,46,35,30,590.00,"17,700.00"
2019-07-11,2019071101008221,SHIVM,41,35,50,590.00,"29,500.00"
2019-07-11,2019071101008220,SHIVM,45,35,860,591.00,"508,260.00"
2019-07-11,2019071101008218,SHIVM,45,57,50,591.00,"29,550.00"
2019-07-11,2019071101008482,SHIVM,32,38,200,588.00,"117,600.00"
2019-07-11,2019071101008481,SHIVM,16,38,100,588.00,"58,800.00"
2019-07-11,2019071101008480,SHIVM,43,38,30,588.00,"17,640.00"
2019-07-11,2019071101008479,SHIVM,5,38,100,588.00,"58,800.00"
2019-07-11,2019071101008345,SHIVM,26,22,200,590.00,"118,000.00"
2019-07-11,2019071101008344,SHIVM,51,22,100,590.00,"59,000.00"
2019-07-11,2019071101008613,SHIVM,34,40,50,587.00,"29,350.00"
2019-07-11,2019071101008569,SHIVM,6,40,55,589.00,"32,395.00"
2019-07-11,2019071101008486,SHIVM,6,40,200,587.00,"117,400.00"
2019-07-11,2019071101008485,SHIVM,59,40,500,587.00,"293,500.00"
2019-07-11,2019071101008484,SHIVM,52,40,50,587.00,"29,350.00"
2019-07-11,2019071101008483,SHIVM,40,40,250,587.00,"146,750.00"
2019-07-11,2019071101008355,SHPC,20,44,190,250.00,"47,500.00"
2019-07-11,2019071101008354,SHPC,20,38,"2,000",249.00,"498,000.00"
2019-07-11,2019071101008353,SHPC,20,36,110,249.00,"27,390.00"
2019-07-11,2019071101008352,SHPC,20,21,300,248.00,"74,400.00"
2019-07-11,2019071101008351,SHPC,20,19,200,247.00,"49,400.00"
2019-07-11,2019071101008350,SHPC,20,37,200,247.00,"49,400.00"
2019-07-11,2019071101008504,SKBBL,42,4,100,943.00,"94,300.00"
2019-07-11,2019071101008405,SKBBL,45,4,100,938.00,"93,800.00"
2019-07-11,2019071101008404,SKBBL,25,4,100,938.00,"93,800.00"
2019-07-11,2019071101008349,SLBSL,52,50,50,527.00,"26,350.00"
2019-07-11,2019071101008278,SMATA,48,41,18,"1,111.00","19,998.00"
2019-07-11,2019071101008406,SMFBS,59,16,10,466.00,"4,660.00"
2019-07-11,2019071101008348,SMFBS,59,16,10,466.00,"4,660.00"
2019-07-11,2019071101008285,SMFBS,59,21,200,466.00,"93,200.00"
2019-07-11,2019071101008200,SMFBS,59,55,10,466.00,"4,660.00"
2019-07-11,2019071101008629,SPARS,25,25,10,425.00,"4,250.00"
2019-07-11,2019071101008648,SRBL,38,54,16,249.00,"3,984.00"
2019-07-11,2019071101008647,SRBL,22,54,100,249.00,"24,900.00"
2019-07-11,2019071101008646,SRBL,1,54,62,249.00,"15,438.00"
2019-07-11,2019071101008565,SRBL,17,54,100,250.00,"25,000.00"
2019-07-11,2019071101008198,SRBL,52,54,500,250.00,"125,000.00"
2019-07-11,2019071101008573,SWBBL,49,44,"2,100",875.00,"1,837,500.00"
2019-07-11,2019071101008572,SWBBL,28,44,500,876.00,"438,000.00"
2019-07-11,2019071101008571,SWBBL,8,44,80,876.00,"70,080.00"
2019-07-11,2019071101008570,SWBBL,16,44,320,876.00,"280,320.00"
2019-07-11,2019071101008626,TRH,36,16,205,311.00,"63,755.00"
2019-07-11,2019071101008625,TRH,17,16,500,311.00,"155,500.00"
2019-07-11,2019071101008624,TRH,36,16,200,311.00,"62,200.00"
2019-07-11,2019071101008623,TRH,45,16,95,312.00,"29,640.00"
2019-07-11,2019071101008451,TRH,36,16,20,313.00,"6,260.00"
2019-07-11,2019071101008273,TRH,45,16,480,312.00,"149,760.00"
2019-07-11,2019071101008203,TRH,45,16,425,312.00,"132,600.00"
2019-07-11,2019071101008202,TRH,38,16,500,312.00,"156,000.00"
2019-07-11,2019071101008201,TRH,57,16,75,312.00,"23,400.00"
2019-07-11,2019071101008522,UIC,32,5,200,855.00,"171,000.00"
2019-07-11,2019071101008367,UIC,7,22,129,851.00,"109,779.00"
2019-07-11,2019071101008366,UIC,55,22,20,853.00,"17,060.00"
2019-07-11,2019071101008168,UIC,25,22,60,855.00,"51,300.00"
2019-07-11,2019071101008167,UIC,52,22,10,855.00,"8,550.00"
2019-07-11,2019071101008166,UIC,42,22,20,855.00,"17,100.00"
2019-07-11,2019071101008165,UIC,55,22,10,855.00,"8,550.00"
2019-07-11,2019071101008159,UMHL,59,25,14,108.00,"1,512.00"
2019-07-11,2019071101008547,UPCL,42,44,50,89.00,"4,450.00"
2019-07-11,2019071101008512,UPCL,42,44,50,89.00,"4,450.00"
2019-07-11,2019071101008435,UPCL,42,25,50,89.00,"4,450.00"
2019-07-11,2019071101008407,UPCL,42,25,50,89.00,"4,450.00"
2019-07-11,2019071101008340,UPCL,42,25,50,89.00,"4,450.00"
2019-07-11,2019071101008642,UPPER,55,45,10,267.00,"2,670.00"
2019-07-11,2019071101008640,UPPER,55,8,50,267.00,"13,350.00"
2019-07-11,2019071101008517,UPPER,55,38,70,267.00,"18,690.00"
2019-07-11,2019071101008516,UPPER,25,38,40,268.00,"10,720.00"
2019-07-11,2019071101008515,UPPER,58,38,390,268.00,"104,520.00"
2019-07-11,2019071101008347,UPPER,58,49,40,268.00,"10,720.00"
2019-07-11,2019071101008315,UPPER,58,49,30,268.00,"8,040.00"
2019-07-11,2019071101008314,UPPER,39,49,20,269.00,"5,380.00"
2019-07-11,2019071101008263,UPPER,39,49,40,269.00,"10,760.00"
2019-07-11,2019071101008199,UPPER,58,25,40,268.00,"10,720.00"
2019-07-11,2019071101008112,ADBL,14,42,40,405.00,"16,200.00"
2019-07-11,2019071101008037,ADBL,14,45,259,405.00,"104,895.00"
2019-07-11,2019071101008036,ADBL,26,45,266,405.00,"107,730.00"
2019-07-11,2019071101008035,ADBL,57,45,475,405.00,"192,375.00"
2019-07-11,2019071101008017,ADBL,6,42,35,405.00,"14,175.00"
2019-07-11,2019071101007803,ADBL,57,42,25,405.00,"10,125.00"
2019-07-11,2019071101007802,ADBL,44,42,15,406.00,"6,090.00"
2019-07-11,2019071101008055,AHPC,34,37,"1,243",104.00,"129,272.00"
2019-07-11,2019071101008054,AHPC,21,37,400,104.00,"41,600.00"
2019-07-11,2019071101008053,AHPC,17,37,100,104.00,"10,400.00"
2019-07-11,2019071101007913,AHPC,17,26,100,104.00,"10,400.00"
2019-07-11,2019071101007912,AHPC,42,26,900,104.00,"93,600.00"
2019-07-11,2019071101008143,AKJCL,58,16,20,70.00,"1,400.00"
2019-07-11,2019071101008095,ALBSL,48,25,10,390.00,"3,900.00"
2019-07-11,2019071101007789,ALBSL,48,6,40,390.00,"15,600.00"
2019-07-11,2019071101007788,ALBSL,45,6,10,391.00,"3,910.00"
2019-07-11,2019071101007737,ALBSL,45,44,10,391.00,"3,910.00"
2019-07-11,2019071101007736,ALBSL,45,44,10,391.00,"3,910.00"
2019-07-11,2019071101007735,ALBSL,45,44,10,391.00,"3,910.00"
2019-07-11,2019071101007686,ALBSL,48,38,10,390.00,"3,900.00"
2019-07-11,2019071101007774,ALICL,59,28,100,386.00,"38,600.00"
2019-07-11,2019071101007993,API,25,25,16,142.00,"2,272.00"
2019-07-11,2019071101007898,API,25,45,200,140.00,"28,000.00"
2019-07-11,2019071101007897,API,25,26,400,140.00,"56,000.00"
2019-07-11,2019071101007893,API,25,26,100,140.00,"14,000.00"
2019-07-11,2019071101007882,API,22,26,300,140.00,"42,000.00"
2019-07-11,2019071101007858,API,53,26,500,140.00,"70,000.00"
2019-07-11,2019071101007850,API,56,26,150,140.00,"21,000.00"
2019-07-11,2019071101007836,API,25,26,200,140.00,"28,000.00"
2019-07-11,2019071101007824,API,1,26,500,140.00,"70,000.00"
2019-07-11,2019071101007754,API,43,26,"1,000",140.00,"140,000.00"
2019-07-11,2019071101007712,API,57,26,"1,000",140.00,"140,000.00"
2019-07-11,2019071101008119,BOKL,8,32,568,256.00,"145,408.00"
2019-07-11,2019071101008118,BOKL,8,7,311,256.00,"79,616.00"
2019-07-11,2019071101008039,BOKL,8,7,300,256.00,"76,800.00"
2019-07-11,2019071101008030,BOKL,55,48,100,255.00,"25,500.00"
2019-07-11,2019071101008018,BOKL,8,7,300,256.00,"76,800.00"
2019-07-11,2019071101007999,BOKL,55,53,222,255.00,"56,610.00"
2019-07-11,2019071101007742,BOKL,11,32,800,257.00,"205,600.00"
2019-07-11,2019071101007689,BOKL,14,17,19,256.00,"4,864.00"
2019-07-11,2019071101007667,BOKL,48,17,531,256.00,"135,936.00"
2019-07-11,2019071101007666,BOKL,48,26,146,256.00,"37,376.00"
2019-07-11,2019071101007998,BOKL,1,53,388,255.00,"98,940.00"
2019-07-11,2019071101007994,BOKL,8,7,300,256.00,"76,800.00"
2019-07-11,2019071101007990,BOKL,1,55,12,255.00,"3,060.00"
2019-07-11,2019071101007931,BOKL,1,26,100,255.00,"25,500.00"
2019-07-11,2019071101007930,BOKL,16,26,200,255.00,"51,000.00"
2019-07-11,2019071101007832,BOKL,14,7,81,256.00,"20,736.00"
2019-07-11,2019071101007739,BPCL,32,21,264,400.00,"105,600.00"
2019-07-11,2019071101007738,BPCL,45,21,100,400.00,"40,000.00"
2019-07-11,2019071101007688,BPCL,7,21,500,401.00,"200,500.00"
2019-07-11,2019071101007687,BPCL,49,21,136,401.00,"54,536.00"
2019-07-11,2019071101007952,CBBL,19,26,24,952.00,"22,848.00"
2019-07-11,2019071101007951,CBBL,52,26,76,954.00,"72,504.00"
2019-07-11,2019071101007864,CBBL,50,50,32,955.00,"30,560.00"
2019-07-11,2019071101008142,CBL,41,57,100,156.00,"15,600.00"
2019-07-11,2019071101008096,CBL,6,57,300,156.00,"46,800.00"
2019-07-11,2019071101008072,CBL,35,57,100,156.00,"15,600.00"
2019-07-11,2019071101008070,CBL,49,43,800,156.00,"124,800.00"
2019-07-11,2019071101007971,CBL,32,26,400,155.00,"62,000.00"
2019-07-11,2019071101007852,CBL,57,43,200,156.00,"31,200.00"
2019-07-11,2019071101007815,CBL,32,43,"1,000",156.00,"156,000.00"
2019-07-11,2019071101007729,CBL,25,54,300,157.00,"47,100.00"
2019-07-11,2019071101007714,CBL,40,45,100,156.00,"15,600.00"
2019-07-11,2019071101007901,CCBL,41,37,321,177.00,"56,817.00"
2019-07-11,2019071101007900,CCBL,41,43,679,177.00,"120,183.00"
2019-07-11,2019071101007879,CCBL,32,37,45,177.00,"7,965.00"
2019-07-11,2019071101007878,CCBL,32,7,173,177.00,"30,621.00"
2019-07-11,2019071101007877,CCBL,32,38,77,177.00,"13,629.00"
2019-07-11,2019071101007876,CCBL,32,7,173,177.00,"30,621.00"
2019-07-11,2019071101007658,CCBL,51,50,100,176.00,"17,600.00"
2019-07-11,2019071101007657,CCBL,45,50,300,176.00,"52,800.00"
2019-07-11,2019071101007656,CCBL,42,50,285,176.00,"50,160.00"
2019-07-11,2019071101007749,CCBL,25,19,18,177.00,"3,186.00"
2019-07-11,2019071101007748,CCBL,25,29,82,177.00,"14,514.00"
2019-07-11,2019071101007747,CCBL,25,45,200,177.00,"35,400.00"
2019-07-11,2019071101007661,CCBL,4,50,415,176.00,"73,040.00"
2019-07-11,2019071101007660,CCBL,59,50,200,176.00,"35,200.00"
2019-07-11,2019071101007659,CCBL,52,50,200,176.00,"35,200.00"
2019-07-11,2019071101007875,CCBL,32,19,532,177.00,"94,164.00"
2019-07-11,2019071101007804,CCBL,34,56,50,176.00,"8,800.00"
2019-07-11,2019071101007767,CCBL,34,35,89,176.00,"15,664.00"
2019-07-11,2019071101007766,CCBL,22,35,300,176.00,"52,800.00"
2019-07-11,2019071101007765,CCBL,4,35,11,176.00,"1,936.00"
2019-07-11,2019071101007755,CCBL,4,45,74,176.00,"13,024.00"
2019-07-11,2019071101007989,CEFL,4,22,10,100.00,"1,000.00"
2019-07-11,2019071101007860,CEFL,4,22,50,100.00,"5,000.00"
2019-07-11,2019071101008048,CHCL,43,7,60,511.00,"30,660.00"
2019-07-11,2019071101008019,CHCL,52,7,50,511.00,"25,550.00"
2019-07-11,2019071101007707,CHCL,52,43,50,511.00,"25,550.00"
2019-07-11,2019071101007963,CHL,39,25,10,88.00,880.00
2019-07-11,2019071101007961,CIT,6,50,30,"2,464.00","73,920.00"
2019-07-11,2019071101007787,CZBIL,34,55,"1,051",222.00,"233,322.00"
2019-07-11,2019071101007780,CZBIL,34,45,35,222.00,"7,770.00"
2019-07-11,2019071101007663,CZBIL,34,37,10,222.00,"2,220.00"
2019-07-11,2019071101007726,DBBL,39,45,135,140.00,"18,900.00"
2019-07-11,2019071101007940,DDBL,43,38,4,713.00,"2,852.00"
2019-07-11,2019071101007939,DDBL,43,33,46,713.00,"32,798.00"
2019-07-11,2019071101007938,DDBL,43,33,30,713.00,"21,390.00"
2019-07-11,2019071101007937,DDBL,43,33,14,713.00,"9,982.00"
2019-07-11,2019071101007936,DDBL,53,33,10,714.00,"7,140.00"
2019-07-11,2019071101007821,FMDBL,20,55,104,373.00,"38,792.00"
2019-07-11,2019071101007820,FOWAD,25,14,63,"1,311.00","82,593.00"
2019-07-11,2019071101007819,FOWAD,48,14,10,"1,311.00","13,110.00"
2019-07-11,2019071101007818,FOWAD,8,14,27,"1,311.00","35,397.00"
2019-07-11,2019071101008061,GBBL,39,48,100,222.00,"22,200.00"
2019-07-11,2019071101007955,GBBL,39,8,300,222.00,"66,600.00"
2019-07-11,2019071101007715,GBLBS,17,38,10,339.00,"3,390.00"
2019-07-11,2019071101007685,GBLBS,17,37,10,339.00,"3,390.00"
2019-07-11,2019071101007911,GDBL,6,8,59,212.00,"12,508.00"
2019-07-11,2019071101007814,GDBL,6,55,400,212.00,"84,800.00"
2019-07-11,2019071101007727,GDBL,25,52,100,213.00,"21,300.00"
2019-07-11,2019071101007966,GLBSL,19,14,10,394.00,"3,940.00"
2019-07-11,2019071101007965,GLBSL,19,38,90,394.00,"35,460.00"
2019-07-11,2019071101007964,GLBSL,19,38,100,394.00,"39,400.00"
2019-07-11,2019071101007891,GLBSL,19,38,10,392.00,"3,920.00"
2019-07-11,2019071101008068,GMFBS,21,34,80,441.00,"35,280.00"
2019-07-11,2019071101008067,GMFBS,21,34,10,440.00,"4,400.00"
2019-07-11,2019071101008066,GMFBS,21,1,10,440.00,"4,400.00"
2019-07-11,2019071101007831,GRDBL,4,42,50,115.00,"5,750.00"
2019-07-11,2019071101008002,HBL,45,36,41,541.00,"22,181.00"
2019-07-11,2019071101008001,HBL,45,5,59,540.00,"31,860.00"
2019-07-11,2019071101007786,HBL,33,5,30,540.00,"16,200.00"
2019-07-11,2019071101007752,HBL,33,5,30,540.00,"16,200.00"
2019-07-11,2019071101008057,HDL,5,56,50,"1,665.00","83,250.00"
2019-07-11,2019071101008064,HIDCL,17,42,50,159.00,"7,950.00"
2019-07-11,2019071101008016,HIDCL,17,14,910,159.00,"144,690.00"
2019-07-11,2019071101008015,HIDCL,25,14,40,159.00,"6,360.00"
2019-07-11,2019071101007881,HIDCL,51,25,782,160.00,"125,120.00"
2019-07-11,2019071101007880,HIDCL,51,38,317,160.00,"50,720.00"
2019-07-11,2019071101007817,HIDCL,51,38,383,160.00,"61,280.00"
2019-07-11,2019071101007816,HIDCL,51,55,117,160.00,"18,720.00"
2019-07-11,2019071101008027,HPPL,36,25,10,173.00,"1,730.00"
2019-07-11,2019071101007914,HPPL,36,38,20,173.00,"3,460.00"
2019-07-11,2019071101007740,HPPL,36,37,10,173.00,"1,730.00"
2019-07-11,2019071101007722,HPPL,36,38,20,173.00,"3,460.00"
2019-07-11,2019071101007698,HPPL,36,21,10,173.00,"1,730.00"
2019-07-11,2019071101007753,HURJA,16,37,20,139.00,"2,780.00"
2019-07-11,2019071101008155,ILBS,11,3,10,397.00,"3,970.00"
2019-07-11,2019071101008150,ILBS,11,37,10,397.00,"3,970.00"
2019-07-11,2019071101008146,ILBS,34,47,10,397.00,"3,970.00"
2019-07-11,2019071101008141,ILBS,34,3,10,397.00,"3,970.00"
2019-07-11,2019071101008130,ILBS,34,56,10,397.00,"3,970.00"
2019-07-11,2019071101008126,ILBS,34,55,10,397.00,"3,970.00"
2019-07-11,2019071101007691,ILBS,17,49,10,398.00,"3,980.00"
2019-07-11,2019071101007684,ILBS,17,21,10,398.00,"3,980.00"
2019-07-11,2019071101007683,ILBS,10,21,10,398.00,"3,980.00"
2019-07-11,2019071101007677,ILBS,33,47,10,399.00,"3,990.00"
2019-07-11,2019071101007671,ILBS,33,49,10,399.00,"3,990.00"
2019-07-11,2019071101007746,ILBS,39,47,10,398.00,"3,980.00"
2019-07-11,2019071101007743,ILBS,39,37,10,398.00,"3,980.00"
2019-07-11,2019071101007734,ILBS,39,40,10,398.00,"3,980.00"
2019-07-11,2019071101007720,ILBS,39,49,10,398.00,"3,980.00"
2019-07-11,2019071101007718,ILBS,39,37,10,398.00,"3,980.00"
2019-07-11,2019071101007710,ILBS,17,49,10,398.00,"3,980.00"
2019-07-11,2019071101007798,ILBS,13,37,10,397.00,"3,970.00"
2019-07-11,2019071101007791,ILBS,13,47,10,397.00,"3,970.00"
2019-07-11,2019071101007790,ILBS,13,21,10,397.00,"3,970.00"
2019-07-11,2019071101007773,ILBS,13,14,10,397.00,"3,970.00"
2019-07-11,2019071101007769,ILBS,22,44,10,399.00,"3,990.00"
2019-07-11,2019071101007764,ILBS,57,37,10,398.00,"3,980.00"
2019-07-11,2019071101007829,ILBS,13,37,10,397.00,"3,970.00"
2019-07-11,2019071101007828,ILBS,13,21,10,397.00,"3,970.00"
2019-07-11,2019071101007825,ILBS,7,43,10,400.00,"4,000.00"
2019-07-11,2019071101007812,ILBS,7,3,10,400.00,"4,000.00"
2019-07-11,2019071101007811,ILBS,7,34,30,400.00,"12,000.00"
2019-07-11,2019071101007810,ILBS,13,21,10,397.00,"3,970.00"
2019-07-11,2019071101007885,ILBS,14,37,10,398.00,"3,980.00"
2019-07-11,2019071101007871,ILBS,13,21,10,397.00,"3,970.00"
2019-07-11,2019071101007853,ILBS,13,49,10,397.00,"3,970.00"
2019-07-11,2019071101007849,ILBS,13,37,10,397.00,"3,970.00"
2019-07-11,2019071101007845,ILBS,13,47,10,397.00,"3,970.00"
2019-07-11,2019071101007835,ILBS,13,14,10,397.00,"3,970.00"
2019-07-11,2019071101007927,ILBS,13,40,10,397.00,"3,970.00"
2019-07-11,2019071101007926,ILBS,13,34,10,397.00,"3,970.00"
2019-07-11,2019071101007924,ILBS,13,49,10,397.00,"3,970.00"
2019-07-11,2019071101007910,ILBS,13,37,10,397.00,"3,970.00"
2019-07-11,2019071101007896,ILBS,13,40,10,397.00,"3,970.00"
2019-07-11,2019071101007890,ILBS,13,49,10,397.00,"3,970.00"
2019-07-11,2019071101007962,ILBS,13,21,10,397.00,"3,970.00"
2019-07-11,2019071101007956,ILBS,13,16,10,397.00,"3,970.00"
2019-07-11,2019071101007954,ILBS,13,40,10,397.00,"3,970.00"
2019-07-11,2019071101007949,ILBS,13,34,10,397.00,"3,970.00"
2019-07-11,2019071101007944,ILBS,33,3,10,399.00,"3,990.00"
2019-07-11,2019071101007928,ILBS,13,37,10,397.00,"3,970.00"
2019-07-11,2019071101008000,ILBS,13,43,10,397.00,"3,970.00"
2019-07-11,2019071101007985,ILBS,13,21,10,397.00,"3,970.00"
2019-07-11,2019071101007983,ILBS,13,40,10,397.00,"3,970.00"
2019-07-11,2019071101007974,ILBS,13,42,10,397.00,"3,970.00"
2019-07-11,2019071101007973,ILBS,13,47,10,397.00,"3,970.00"
2019-07-11,2019071101007969,ILBS,13,44,10,397.00,"3,970.00"
2019-07-11,2019071101008041,ILBS,29,55,10,397.00,"3,970.00"
2019-07-11,2019071101008040,ILBS,29,48,10,397.00,"3,970.00"
2019-07-11,2019071101008038,ILBS,29,21,10,397.00,"3,970.00"
2019-07-11,2019071101008011,ILBS,29,21,10,397.00,"3,970.00"
2019-07-11,2019071101008004,ILBS,13,16,10,397.00,"3,970.00"
2019-07-11,2019071101008003,ILBS,13,47,10,397.00,"3,970.00"
2019-07-11,2019071101008069,ILBS,29,47,10,397.00,"3,970.00"
2019-07-11,2019071101008063,ILBS,29,51,10,397.00,"3,970.00"
2019-07-11,2019071101008062,ILBS,29,55,10,397.00,"3,970.00"
2019-07-11,2019071101008060,ILBS,29,40,10,397.00,"3,970.00"
2019-07-11,2019071101008045,ILBS,29,56,10,397.00,"3,970.00"
2019-07-11,2019071101008044,ILBS,29,51,10,397.00,"3,970.00"
2019-07-11,2019071101008125,ILBS,34,49,10,397.00,"3,970.00"
2019-07-11,2019071101008102,ILBS,33,3,10,398.00,"3,980.00"
2019-07-11,2019071101008100,ILBS,33,51,10,398.00,"3,980.00"
2019-07-11,2019071101008088,ILBS,33,40,10,398.00,"3,980.00"
2019-07-11,2019071101008079,ILBS,33,48,10,398.00,"3,980.00"
2019-07-11,2019071101008078,ILBS,33,3,10,398.00,"3,980.00"
2019-07-11,2019071101008131,JBBL,36,21,500,161.00,"80,500.00"
2019-07-11,2019071101007771,JBBL,39,45,324,161.00,"52,164.00"
2019-07-11,2019071101007751,JBBL,39,5,20,161.00,"3,220.00"
2019-07-11,2019071101007906,JOSHI,20,43,20,76.00,"1,520.00"
2019-07-11,2019071101007757,JOSHI,20,36,10,76.00,760.00
2019-07-11,2019071101007756,JOSHI,55,36,10,76.00,760.00
2019-07-11,2019071101007909,KADBL,59,41,53,183.00,"9,699.00"
2019-07-11,2019071101008134,KBL,48,57,700,220.00,"154,000.00"
2019-07-11,2019071101008046,KBL,32,25,26,219.00,"5,694.00"
2019-07-11,2019071101007988,KBL,32,26,300,219.00,"65,700.00"
2019-07-11,2019071101007840,KBL,32,42,20,219.00,"4,380.00"
2019-07-11,2019071101007799,KBL,25,57,200,220.00,"44,000.00"
2019-07-11,2019071101007779,KKHC,44,37,16,67.00,"1,072.00"
2019-07-11,2019071101007991,KPCL,59,42,10,92.00,920.00
2019-07-11,2019071101007792,KPCL,59,37,10,92.00,920.00
2019-07-11,2019071101008082,KRBL,35,33,303,115.00,"34,845.00"
2019-07-11,2019071101008081,KRBL,38,33,50,116.00,"5,800.00"
2019-07-11,2019071101008080,KRBL,45,33,47,116.00,"5,452.00"
2019-07-11,2019071101008014,KSBBL,52,20,300,159.00,"47,700.00"
2019-07-11,2019071101007899,LBL,49,20,"1,000",224.00,"224,000.00"
2019-07-11,2019071101007693,LBL,49,20,"1,000",224.00,"224,000.00"
2019-07-11,2019071101007833,LGIL,22,33,46,438.00,"20,148.00"
2019-07-11,2019071101008140,LICN,8,59,95,"1,600.00","152,000.00"
2019-07-11,2019071101008139,LICN,25,59,100,"1,600.00","160,000.00"
2019-07-11,2019071101008138,LICN,6,59,50,"1,600.00","80,000.00"
2019-07-11,2019071101008137,LICN,34,59,52,"1,600.00","83,200.00"
2019-07-11,2019071101008136,LICN,25,59,50,"1,601.00","80,050.00"
2019-07-11,2019071101008135,LICN,52,59,453,"1,601.00","725,253.00"
2019-07-11,2019071101008124,LICN,52,28,47,"1,601.00","75,247.00"
2019-07-11,2019071101008123,LICN,13,28,50,"1,601.00","80,050.00"
2019-07-11,2019071101008122,LICN,56,28,14,"1,601.00","22,414.00"
2019-07-11,2019071101008121,LICN,54,28,50,"1,602.00","80,100.00"
2019-07-11,2019071101008120,LICN,28,28,13,"1,602.00","20,826.00"
2019-07-11,2019071101008049,MBL,1,36,100,261.00,"26,100.00"
2019-07-11,2019071101007925,MBL,48,36,700,261.00,"182,700.00"
2019-07-11,2019071101007883,MBL,48,36,700,261.00,"182,700.00"
2019-07-11,2019071101007838,MBL,48,36,700,261.00,"182,700.00"
2019-07-11,2019071101007823,MBL,48,36,500,261.00,"130,500.00"
2019-07-11,2019071101007822,MBL,48,37,500,261.00,"130,500.00"
2019-07-11,2019071101007778,MDB,25,58,284,232.00,"65,888.00"
2019-07-11,2019071101007777,MDB,49,58,100,232.00,"23,200.00"
2019-07-11,2019071101007776,MDB,56,58,245,233.00,"57,085.00"
2019-07-11,2019071101007775,MDB,33,58,50,234.00,"11,700.00"
2019-07-11,2019071101007745,MDB,33,33,150,234.00,"35,100.00"
2019-07-11,2019071101007744,MDB,22,33,100,234.00,"23,400.00"
2019-07-11,2019071101008129,MEGA,51,42,24,210.00,"5,040.00"
2019-07-11,2019071101008077,MEGA,19,52,"1,178",211.00,"248,558.00"
2019-07-11,2019071101008076,MEGA,19,39,586,211.00,"123,646.00"
2019-07-11,2019071101008075,MEGA,19,56,36,211.00,"7,596.00"
2019-07-11,2019071101008058,MEGA,51,25,44,210.00,"9,240.00"
2019-07-11,2019071101008047,MEGA,51,42,50,210.00,"10,500.00"
2019-07-11,2019071101007873,MEGA,35,56,100,211.00,"21,100.00"
2019-07-11,2019071101007848,MEGA,34,10,322,210.00,"67,620.00"
2019-07-11,2019071101007847,MEGA,50,10,48,210.00,"10,080.00"
2019-07-11,2019071101007770,MEGA,25,56,300,211.00,"63,300.00"
2019-07-11,2019071101007717,MEGA,19,56,200,211.00,"42,200.00"
2019-07-11,2019071101007995,MEGA,53,21,50,210.00,"10,500.00"
2019-07-11,2019071101007935,MEGA,33,26,92,210.00,"19,320.00"
2019-07-11,2019071101007934,MEGA,58,26,308,210.00,"64,680.00"
2019-07-11,2019071101007895,MEGA,58,10,192,210.00,"40,320.00"
2019-07-11,2019071101007894,MEGA,34,10,178,210.00,"37,380.00"
2019-07-11,2019071101007888,MEGA,45,56,200,211.00,"42,200.00"
2019-07-11,2019071101008034,MEGA,51,48,160,210.00,"33,600.00"
2019-07-11,2019071101008033,MEGA,53,48,200,210.00,"42,000.00"
2019-07-11,2019071101008032,MEGA,51,48,640,210.00,"134,400.00"
2019-07-11,2019071101008007,MEGA,51,48,500,210.00,"105,000.00"
2019-07-11,2019071101007997,MEGA,51,21,860,210.00,"180,600.00"
2019-07-11,2019071101007996,MEGA,19,21,200,210.00,"42,000.00"
2019-07-11,2019071101007948,MERO,6,55,10,515.00,"5,150.00"
2019-07-11,2019071101007892,MERO,6,21,481,515.00,"247,715.00"
2019-07-11,2019071101007827,MHNL,48,43,40,104.00,"4,160.00"
2019-07-11,2019071101008024,MLBBL,17,10,14,392.00,"5,488.00"
2019-07-11,2019071101008023,MLBBL,17,13,64,392.00,"25,088.00"
2019-07-11,2019071101008022,MLBBL,58,13,15,393.00,"5,895.00"
2019-07-11,2019071101008021,MLBBL,45,13,10,393.00,"3,930.00"
2019-07-11,2019071101007768,MNBBL,11,1,100,361.00,"36,100.00"
2019-07-11,2019071101007676,MNBBL,35,33,20,362.00,"7,240.00"
2019-07-11,2019071101007801,MSLB,39,21,10,879.00,"8,790.00"
2019-07-11,2019071101007692,MSLB,39,51,21,895.00,"18,795.00"
2019-07-11,2019071101008103,NABIL,16,29,20,822.00,"16,440.00"
2019-07-11,2019071101007984,NABIL,50,45,89,824.00,"73,336.00"
2019-07-11,2019071101007902,NABIL,14,34,100,821.00,"82,100.00"
2019-07-11,2019071101007681,NABIL,11,45,57,824.00,"46,968.00"
2019-07-11,2019071101007680,NABIL,11,39,100,823.00,"82,300.00"
2019-07-11,2019071101007679,NABIL,11,17,50,823.00,"41,150.00"
2019-07-11,2019071101007678,NABIL,11,39,43,823.00,"35,389.00"
2019-07-11,2019071101008042,NAGRO,38,42,10,487.00,"4,870.00"
2019-07-11,2019071101008031,NAGRO,38,43,10,487.00,"4,870.00"
2019-07-11,2019071101007943,NAGRO,58,43,10,486.00,"4,860.00"
2019-07-11,2019071101008052,NBB,16,19,241,220.00,"53,020.00"
2019-07-11,2019071101007741,NBB,16,45,10,220.00,"2,200.00"
2019-07-11,2019071101008144,NBL,47,54,200,337.00,"67,400.00"
2019-07-11,2019071101008093,NBL,5,54,"1,000",337.00,"337,000.00"
2019-07-11,2019071101008092,NBL,47,54,900,337.00,"303,300.00"
2019-07-11,2019071101008073,NBL,47,54,309,337.00,"104,133.00"
2019-07-11,2019071101008071,NBL,32,37,"1,000",336.00,"336,000.00"
2019-07-11,2019071101008051,NBL,47,54,"1,400",337.00,"471,800.00"
2019-07-11,2019071101007702,NBL,28,38,50,336.00,"16,800.00"
2019-07-11,2019071101007701,NBL,49,38,100,336.00,"33,600.00"
2019-07-11,2019071101007700,NBL,59,38,913,336.00,"306,768.00"
2019-07-11,2019071101007664,NBL,48,54,35,337.00,"11,795.00"
2019-07-11,2019071101007805,NBL,49,54,100,337.00,"33,700.00"
2019-07-11,2019071101007716,NBL,32,18,309,336.00,"103,824.00"
2019-07-11,2019071101007706,NBL,32,38,37,336.00,"12,432.00"
2019-07-11,2019071101007705,NBL,25,38,100,336.00,"33,600.00"
2019-07-11,2019071101007704,NBL,5,38,200,336.00,"67,200.00"
2019-07-11,2019071101007703,NBL,34,38,100,336.00,"33,600.00"
2019-07-11,2019071101008149,NCCB,25,26,"1,500",242.00,"363,000.00"
2019-07-11,2019071101008148,NCCB,25,40,453,242.00,"109,626.00"
2019-07-11,2019071101008147,NCCB,25,34,155,242.00,"37,510.00"
2019-07-11,2019071101008108,NCCB,57,34,25,242.00,"6,050.00"
2019-07-11,2019071101007992,NCCB,57,7,"1,000",241.00,"241,000.00"
2019-07-11,2019071101007917,NCCB,57,33,348,241.00,"83,868.00"
2019-07-11,2019071101007795,NCCB,43,7,100,242.00,"24,200.00"
2019-07-11,2019071101007794,NCCB,3,7,130,242.00,"31,460.00"
2019-07-11,2019071101007793,NCCB,8,7,340,242.00,"82,280.00"
2019-07-11,2019071101007783,NCCB,8,34,660,242.00,"159,720.00"
2019-07-11,2019071101007782,NCCB,54,34,40,242.00,"9,680.00"
2019-07-11,2019071101007781,NCCB,46,34,800,242.00,"193,600.00"
2019-07-11,2019071101007916,NCCB,34,33,100,241.00,"24,100.00"
2019-07-11,2019071101007915,NCCB,32,33,552,241.00,"133,032.00"
2019-07-11,2019071101007908,NCCB,19,34,100,242.00,"24,200.00"
2019-07-11,2019071101007806,NCCB,38,34,170,242.00,"41,140.00"
2019-07-11,2019071101007797,NCCB,38,7,"1,330",242.00,"321,860.00"
2019-07-11,2019071101007796,NCCB,1,7,100,242.00,"24,200.00"
2019-07-11,2019071101007874,NGPL,45,42,11,116.00,"1,276.00"
2019-07-11,2019071101008010,NHPC,11,7,"1,700",64.00,"108,800.00"
2019-07-11,2019071101008009,NHPC,17,7,200,64.00,"12,800.00"
2019-07-11,2019071101008008,NHPC,42,7,100,64.00,"6,400.00"
2019-07-11,2019071101008074,NIB,16,25,23,515.00,"11,845.00"
2019-07-11,2019071101007947,NIB,16,42,10,515.00,"5,150.00"
2019-07-11,2019071101007669,NIB,33,28,50,516.00,"25,800.00"
2019-07-11,2019071101007978,NICA,33,5,200,445.00,"89,000.00"
2019-07-11,2019071101007977,NICA,33,13,300,445.00,"133,500.00"
2019-07-11,2019071101007976,NICA,33,28,50,445.00,"22,250.00"
2019-07-11,2019071101007975,NICA,33,1,380,445.00,"169,100.00"
2019-07-11,2019071101007859,NICA,35,28,250,445.00,"111,250.00"
2019-07-11,2019071101007846,NICA,28,28,200,445.00,"89,000.00"
2019-07-11,2019071101007809,NICL,6,6,300,351.00,"105,300.00"
2019-07-11,2019071101008043,NIL,5,38,282,489.00,"137,898.00"
2019-07-11,2019071101007907,NIL,5,43,200,488.00,"97,600.00"
2019-07-11,2019071101007851,NIL,49,32,90,487.00,"43,830.00"
2019-07-11,2019071101008104,NLIC,49,50,17,890.00,"15,130.00"
2019-07-11,2019071101008056,NLIC,34,53,51,889.00,"45,339.00"
2019-07-11,2019071101008020,NLIC,37,37,1,895.00,895.00
2019-07-11,2019071101007979,NLIC,34,28,500,889.00,"444,500.00"
2019-07-11,2019071101007957,NLIC,38,50,200,890.00,"178,000.00"
2019-07-11,2019071101007905,NLIC,34,28,169,889.00,"150,241.00"
2019-07-11,2019071101007904,NLIC,6,28,100,889.00,"88,900.00"
2019-07-11,2019071101007903,NLIC,41,28,231,889.00,"205,359.00"
2019-07-11,2019071101007690,NLIC,33,50,50,890.00,"44,500.00"
2019-07-11,2019071101008065,NLICL,33,47,11,575.00,"6,325.00"
2019-07-11,2019071101007986,NLICL,39,32,170,579.00,"98,430.00"
2019-07-11,2019071101007972,NLICL,39,34,30,578.00,"17,340.00"
2019-07-11,2019071101007711,NLICL,33,34,50,578.00,"28,900.00"
2019-07-11,2019071101008145,NTC,45,43,10,686.00,"6,860.00"
2019-07-11,2019071101007953,NTC,29,43,100,686.00,"68,600.00"
2019-07-11,2019071101007721,NTC,43,43,50,686.00,"34,300.00"
2019-07-11,2019071101007719,NTC,22,50,60,688.00,"41,280.00"
2019-07-11,2019071101007674,NTC,43,43,450,686.00,"308,700.00"
2019-07-11,2019071101007673,NTC,56,43,50,686.00,"34,300.00"
2019-07-11,2019071101008116,OHL,45,39,306,606.00,"185,436.00"
2019-07-11,2019071101008086,PCBL,48,41,500,274.00,"137,000.00"
2019-07-11,2019071101007968,PCBL,16,42,21,273.00,"5,733.00"
2019-07-11,2019071101008153,PIC,29,5,100,478.00,"47,800.00"
2019-07-11,2019071101008111,PIC,8,5,72,480.00,"34,560.00"
2019-07-11,2019071101008013,PIC,19,5,200,479.00,"95,800.00"
2019-07-11,2019071101008012,PIC,39,5,16,479.00,"7,664.00"
2019-07-11,2019071101007856,PIC,48,5,50,480.00,"24,000.00"
2019-07-11,2019071101007855,PIC,17,5,78,480.00,"37,440.00"
2019-07-11,2019071101007826,PIC,17,37,11,480.00,"5,280.00"
2019-07-11,2019071101007731,PIC,17,38,11,480.00,"5,280.00"
2019-07-11,2019071101008094,PMHPL,44,25,10,102.00,"1,020.00"
2019-07-11,2019071101007839,PMHPL,44,37,10,102.00,"1,020.00"
2019-07-11,2019071101007709,PMHPL,44,21,10,102.00,"1,020.00"
2019-07-11,2019071101007668,PMHPL,44,21,10,102.00,"1,020.00"
2019-07-11,2019071101008110,PPCL,6,25,20,136.00,"2,720.00"
2019-07-11,2019071101008005,PPCL,6,21,30,136.00,"4,080.00"
2019-07-11,2019071101007872,PPCL,6,43,10,136.00,"1,360.00"
2019-07-11,2019071101008117,PRIN,22,55,127,358.00,"45,466.00"
2019-07-11,2019071101008109,PRVU,46,34,200,260.00,"52,000.00"
2019-07-11,2019071101008107,PRVU,57,13,93,260.00,"24,180.00"
2019-07-11,2019071101008106,PRVU,57,13,100,260.00,"26,000.00"
2019-07-11,2019071101008105,PRVU,41,13,209,260.00,"54,340.00"
2019-07-11,2019071101007970,PRVU,41,55,11,260.00,"2,860.00"
2019-07-11,2019071101007699,PRVU,43,16,500,260.00,"130,000.00"
2019-07-11,2019071101007854,PRVU,41,43,780,260.00,"202,800.00"
2019-07-11,2019071101007763,PRVU,54,43,220,260.00,"57,200.00"
2019-07-11,2019071101007730,PRVU,43,13,500,260.00,"130,000.00"
2019-07-11,2019071101008029,RBCLPO,34,33,30,"8,400.00","252,000.00"
2019-07-11,2019071101008028,RBCLPO,37,33,10,"8,401.00","84,010.00"
2019-07-11,2019071101008154,RHPC,34,42,18,90.00,"1,620.00"
2019-07-11,2019071101008133,RHPC,34,43,14,90.00,"1,260.00"
2019-07-11,2019071101008132,RHPC,20,43,20,90.00,"1,800.00"
2019-07-11,2019071101008128,RRHP,47,25,10,107.00,"1,070.00"
2019-07-11,2019071101008115,RRHP,59,21,10,109.00,"1,090.00"
2019-07-11,2019071101007830,RRHP,47,53,10,107.00,"1,070.00"
2019-07-11,2019071101008006,RSDC,10,10,1,332.00,332.00
2019-07-11,2019071101007982,RSDC,10,10,1,332.00,332.00
2019-07-11,2019071101007950,RSDC,10,10,1,332.00,332.00
2019-07-11,2019071101007929,RSDC,10,10,1,332.00,332.00
2019-07-11,2019071101007733,RSDC,10,10,1,332.00,332.00
2019-07-11,2019071101007762,SANIMA,26,38,100,342.00,"34,200.00"
2019-07-11,2019071101007761,SANIMA,4,38,300,342.00,"102,600.00"
2019-07-11,2019071101007760,SANIMA,32,38,100,342.00,"34,200.00"
2019-07-11,2019071101007759,SANIMA,45,38,200,342.00,"68,400.00"
2019-07-11,2019071101007758,SANIMA,1,38,300,342.00,"102,600.00"
2019-07-11,2019071101008152,SBL,16,49,48,313.00,"15,024.00"
2019-07-11,2019071101007960,SCB,45,1,100,671.00,"67,100.00"
2019-07-11,2019071101007932,SCB,8,7,107,670.00,"71,690.00"
2019-07-11,2019071101007923,SCB,8,8,303,670.00,"203,010.00"
2019-07-11,2019071101007922,SCB,14,8,100,670.00,"67,000.00"
2019-07-11,2019071101007921,SCB,48,8,97,670.00,"64,990.00"
2019-07-11,2019071101007884,SCB,48,37,98,670.00,"65,660.00"
2019-07-11,2019071101007844,SCB,14,43,200,670.00,"134,000.00"
2019-07-11,2019071101007750,SCB,48,58,275,670.00,"184,250.00"
2019-07-11,2019071101007713,SCB,52,58,200,670.00,"134,000.00"
2019-07-11,2019071101008101,SDESI,33,7,23,544.00,"12,512.00"
2019-07-11,2019071101007959,SFFIL,56,53,12,205.00,"2,460.00"
2019-07-11,2019071101008050,SHINE,39,57,"4,000",251.00,"1,004,000.00"
2019-07-11,2019071101007987,SHINE,39,57,"2,000",251.00,"502,000.00"
2019-07-11,2019071101008127,SHIVM,45,49,500,591.00,"295,500.00"
2019-07-11,2019071101008087,SHIVM,7,54,100,592.00,"59,200.00"
2019-07-11,2019071101008084,SHIVM,45,21,590,591.00,"348,690.00"
2019-07-11,2019071101008083,SHIVM,28,6,100,591.00,"59,100.00"
2019-07-11,2019071101008059,SHIVM,51,54,50,592.00,"29,600.00"
2019-07-11,2019071101008026,SHIVM,52,21,50,592.00,"29,600.00"
2019-07-11,2019071101007784,SHIVM,6,21,100,595.00,"59,500.00"
2019-07-11,2019071101007708,SHIVM,45,34,255,596.00,"151,980.00"
2019-07-11,2019071101007665,SHIVM,45,14,10,596.00,"5,960.00"
2019-07-11,2019071101007867,SHIVM,7,21,100,593.00,"59,300.00"
2019-07-11,2019071101007866,SHIVM,5,21,100,595.00,"59,500.00"
2019-07-11,2019071101007865,SHIVM,45,21,60,595.00,"35,700.00"
2019-07-11,2019071101007857,SHIVM,45,14,500,595.00,"297,500.00"
2019-07-11,2019071101007837,SHIVM,45,34,"1,040",595.00,"618,800.00"
2019-07-11,2019071101007785,SHIVM,45,21,"1,900",595.00,"1,130,500.00"
2019-07-11,2019071101008025,SHIVM,44,21,360,592.00,"213,120.00"
2019-07-11,2019071101007945,SHIVM,44,34,200,592.00,"118,400.00"
2019-07-11,2019071101007933,SHIVM,44,21,440,592.00,"260,480.00"
2019-07-11,2019071101007870,SHIVM,4,21,"1,100",592.00,"651,200.00"
2019-07-11,2019071101007869,SHIVM,5,21,100,592.00,"59,200.00"
2019-07-11,2019071101007868,SHIVM,5,21,100,593.00,"59,300.00"
2019-07-11,2019071101007942,SHPC,48,28,397,246.00,"97,662.00"
2019-07-11,2019071101007941,SHPC,1,28,100,247.00,"24,700.00"
2019-07-11,2019071101007725,SHPC,1,39,300,247.00,"74,100.00"
2019-07-11,2019071101008114,SIC,38,5,20,608.00,"12,160.00"
2019-07-11,2019071101008113,SIC,21,5,80,610.00,"48,800.00"
2019-07-11,2019071101007697,SICL,39,49,121,766.00,"92,686.00"
2019-07-11,2019071101007696,SICL,39,45,50,765.00,"38,250.00"
2019-07-11,2019071101007695,SICL,39,55,60,765.00,"45,900.00"
2019-07-11,2019071101007694,SICL,39,55,13,765.00,"9,945.00"
2019-07-11,2019071101007843,SIL,20,38,33,440.00,"14,520.00"
2019-07-11,2019071101007842,SIL,34,38,220,441.00,"97,020.00"
2019-07-11,2019071101007841,SIL,45,38,50,442.00,"22,100.00"
2019-07-11,2019071101007672,SIL,20,44,57,443.00,"25,251.00"
2019-07-11,2019071101007813,SKBBL,44,6,50,938.00,"46,900.00"
2019-07-11,2019071101007980,SLICL,59,17,10,458.00,"4,580.00"
2019-07-11,2019071101007889,SLICL,39,35,"1,000",457.00,"457,000.00"
2019-07-11,2019071101007682,SMB,34,38,30,391.00,"11,730.00"
2019-07-11,2019071101007967,SMFBS,59,49,10,466.00,"4,660.00"
2019-07-11,2019071101007724,SMFDB,28,57,57,500.00,"28,500.00"
2019-07-11,2019071101007723,SMFDB,28,58,89,499.00,"44,411.00"
2019-07-11,2019071101008151,SPDL,7,25,10,91.00,910.00
2019-07-11,2019071101007808,SRBL,49,54,500,250.00,"125,000.00"
2019-07-11,2019071101007807,SRBL,49,34,500,250.00,"125,000.00"
2019-07-11,2019071101007772,SRBL,1,45,103,249.00,"25,647.00"
2019-07-11,2019071101007675,SRBL,1,13,231,249.00,"57,519.00"
2019-07-11,2019071101007800,SWBBL,16,47,180,876.00,"157,680.00"
2019-07-11,2019071101008091,UMHL,59,55,324,108.00,"34,992.00"
2019-07-11,2019071101008090,UMHL,48,55,400,108.00,"43,200.00"
2019-07-11,2019071101008089,UMHL,59,55,276,108.00,"29,808.00"
2019-07-11,2019071101007946,UMHL,59,37,14,108.00,"1,512.00"
2019-07-11,2019071101007958,UPCL,42,28,50,89.00,"4,450.00"
2019-07-11,2019071101007887,UPCL,42,28,40,89.00,"3,560.00"
2019-07-11,2019071101007886,UPCL,59,28,10,89.00,890.00
2019-07-11,2019071101008099,UPPER,55,25,200,269.00,"53,800.00"
2019-07-11,2019071101008098,UPPER,55,45,500,269.00,"134,500.00"
2019-07-11,2019071101008097,UPPER,55,45,360,269.00,"96,840.00"
2019-07-11,2019071101008085,UPPER,55,42,30,267.00,"8,010.00"
2019-07-11,2019071101007981,UPPER,55,37,50,267.00,"13,350.00"
2019-07-11,2019071101007834,UPPER,55,38,20,267.00,"5,340.00"
2019-07-11,2019071101007732,UPPER,55,21,50,267.00,"13,350.00"
2019-07-11,2019071101007728,UPPER,16,43,500,268.00,"134,000.00"
2019-07-11,2019071101007670,UPPER,55,38,40,267.00,"10,680.00"
2019-07-11,2019071101007662,UPPER,55,38,50,267.00,"13,350.00"
2019-07-11,2019071101007920,UPPER,11,45,140,269.00,"37,660.00"
2019-07-11,2019071101007919,UPPER,11,39,50,269.00,"13,450.00"
2019-07-11,2019071101007918,UPPER,11,45,560,269.00,"150,640.00"
2019-07-11,2019071101007863,UPPER,55,19,500,268.00,"134,000.00"
2019-07-11,2019071101007862,UPPER,55,8,172,268.00,"46,096.00"
2019-07-11,2019071101007861,UPPER,55,43,89,268.00,"23,852.00"
2019-07-11,2019071101007615,ADBL,25,38,159,407.00,"64,713.00"
2019-07-11,2019071101007599,ADBL,25,38,831,407.00,"338,217.00"
2019-07-11,2019071101007598,ADBL,25,45,100,406.00,"40,600.00"
2019-07-11,2019071101007597,ADBL,25,49,69,406.00,"28,014.00"
2019-07-11,2019071101007579,ADBL,52,49,100,406.00,"40,600.00"
2019-07-11,2019071101007578,ADBL,14,49,31,406.00,"12,586.00"
2019-07-11,2019071101007482,ADBL,14,7,169,406.00,"68,614.00"
2019-07-11,2019071101007481,ADBL,42,7,500,406.00,"203,000.00"
2019-07-11,2019071101007480,ADBL,32,7,366,406.00,"148,596.00"
2019-07-11,2019071101007384,ADBL,44,38,10,407.00,"4,070.00"
2019-07-11,2019071101007373,ADBL,32,21,30,406.00,"12,180.00"
2019-07-11,2019071101007642,AHPC,14,49,50,105.00,"5,250.00"
2019-07-11,2019071101007329,AHPC,56,16,92,104.00,"9,568.00"
2019-07-11,2019071101007328,AHPC,46,16,150,104.00,"15,600.00"
2019-07-11,2019071101007271,AHPC,46,42,100,104.00,"10,400.00"
2019-07-11,2019071101007448,AKJCL,58,26,20,70.00,"1,400.00"
2019-07-11,2019071101007286,AKJCL,29,26,10,69.00,690.00
2019-07-11,2019071101007288,AKPL,19,39,10,192.00,"1,920.00"
2019-07-11,2019071101007604,ALBSL,48,39,30,390.00,"11,700.00"
2019-07-11,2019071101007603,ALBSL,45,39,80,390.00,"31,200.00"
2019-07-11,2019071101007495,ALBSL,45,48,10,390.00,"3,900.00"
2019-07-11,2019071101007404,ALBSL,45,26,10,390.00,"3,900.00"
2019-07-11,2019071101007383,ALBSL,6,26,10,391.00,"3,910.00"
2019-07-11,2019071101007528,API,19,26,"1,500",140.00,"210,000.00"
2019-07-11,2019071101007300,API,39,26,250,140.00,"35,000.00"
2019-07-11,2019071101007174,API,53,26,100,140.00,"14,000.00"
2019-07-11,2019071101007168,API,57,26,500,140.00,"70,000.00"
2019-07-11,2019071101007319,BFC,39,42,113,100.00,"11,300.00"
2019-07-11,2019071101007637,BOKL,48,26,700,256.00,"179,200.00"
2019-07-11,2019071101007606,BOKL,48,26,154,256.00,"39,424.00"
2019-07-11,2019071101007605,BOKL,48,26,846,256.00,"216,576.00"
2019-07-11,2019071101007586,BOKL,19,55,300,255.00,"76,500.00"
2019-07-11,2019071101007476,BOKL,16,26,154,256.00,"39,424.00"
2019-07-11,2019071101007475,BOKL,16,49,846,256.00,"216,576.00"
2019-07-11,2019071101007653,BPCL,49,21,64,401.00,"25,664.00"
2019-07-11,2019071101007652,BPCL,42,21,150,401.00,"60,150.00"
2019-07-11,2019071101007625,BPCL,58,21,300,402.00,"120,600.00"
2019-07-11,2019071101007624,BPCL,39,21,11,402.00,"4,422.00"
2019-07-11,2019071101007623,BPCL,42,21,30,403.00,"12,090.00"
2019-07-11,2019071101007622,BPCL,43,21,445,403.00,"179,335.00"
2019-07-11,2019071101007607,BPCL,43,26,22,403.00,"8,866.00"
2019-07-11,2019071101007335,BPCL,59,38,11,405.00,"4,455.00"
2019-07-11,2019071101007613,CBBL,52,40,40,954.00,"38,160.00"
2019-07-11,2019071101007585,CBBL,38,40,60,954.00,"57,240.00"
2019-07-11,2019071101007559,CBBL,38,17,100,954.00,"95,400.00"
2019-07-11,2019071101007165,CBBL,52,38,400,953.00,"381,200.00"
2019-07-11,2019071101007378,CBBL,38,49,100,954.00,"95,400.00"
2019-07-11,2019071101007334,CBBL,38,38,140,954.00,"133,560.00"
2019-07-11,2019071101007611,CBL,14,10,"1,149",156.00,"179,244.00"
2019-07-11,2019071101007535,CBL,59,10,"6,127",156.00,"955,812.00"
2019-07-11,2019071101007534,CBL,59,55,840,156.00,"131,040.00"
2019-07-11,2019071101007533,CBL,59,46,300,156.00,"46,800.00"
2019-07-11,2019071101007532,CBL,59,33,350,156.00,"54,600.00"
2019-07-11,2019071101007531,CBL,59,57,"1,000",156.00,"156,000.00"
2019-07-11,2019071101007184,CBL,57,7,50,156.00,"7,800.00"
2019-07-11,2019071101007183,CBL,38,7,100,156.00,"15,600.00"
2019-07-11,2019071101007182,CBL,28,7,"4,078",156.00,"636,168.00"
2019-07-11,2019071101007162,CBL,28,54,"4,000",156.00,"624,000.00"
2019-07-11,2019071101007190,CBL,45,7,500,156.00,"78,000.00"
2019-07-11,2019071101007189,CBL,45,7,300,156.00,"46,800.00"
2019-07-11,2019071101007188,CBL,43,7,"1,000",156.00,"156,000.00"
2019-07-11,2019071101007187,CBL,21,7,"1,000",156.00,"156,000.00"
2019-07-11,2019071101007186,CBL,45,7,100,156.00,"15,600.00"
2019-07-11,2019071101007185,CBL,53,7,50,156.00,"7,800.00"
2019-07-11,2019071101007256,CBL,21,54,200,156.00,"31,200.00"
2019-07-11,2019071101007195,CBL,34,7,"1,000",156.00,"156,000.00"
2019-07-11,2019071101007194,CBL,34,7,100,156.00,"15,600.00"
2019-07-11,2019071101007193,CBL,59,7,100,156.00,"15,600.00"
2019-07-11,2019071101007192,CBL,26,7,100,156.00,"15,600.00"
2019-07-11,2019071101007191,CBL,42,7,159,156.00,"24,804.00"
2019-07-11,2019071101007530,CBL,59,54,70,156.00,"10,920.00"
2019-07-11,2019071101007529,CBL,59,7,"1,313",156.00,"204,828.00"
2019-07-11,2019071101007447,CBL,32,54,200,156.00,"31,200.00"
2019-07-11,2019071101007405,CBL,38,54,250,156.00,"39,000.00"
2019-07-11,2019071101007401,CBL,38,54,250,156.00,"39,000.00"
2019-07-11,2019071101007304,CBL,57,54,30,156.00,"4,680.00"
2019-07-11,2019071101007494,CCBL,42,59,346,176.00,"60,896.00"
2019-07-11,2019071101007493,CCBL,42,29,11,176.00,"1,936.00"
2019-07-11,2019071101007202,CCBL,42,6,313,176.00,"55,088.00"
2019-07-11,2019071101007198,CCBL,56,59,100,177.00,"17,700.00"
2019-07-11,2019071101007172,CCBL,35,35,1,177.00,177.00
2019-07-11,2019071101007261,CFCL,1,10,497,117.00,"58,149.00"
2019-07-11,2019071101007260,CFCL,28,10,"1,000",118.00,"118,000.00"
2019-07-11,2019071101007259,CFCL,1,10,500,118.00,"59,000.00"
2019-07-11,2019071101007258,CFCL,1,10,500,119.00,"59,500.00"
2019-07-11,2019071101007257,CFCL,44,10,673,119.00,"80,087.00"
2019-07-11,2019071101007636,CHCL,52,13,100,511.00,"51,100.00"
2019-07-11,2019071101007620,CIT,42,50,20,"2,455.00","49,100.00"
2019-07-11,2019071101007423,CZBIL,34,45,100,222.00,"22,200.00"
2019-07-11,2019071101007240,CZBIL,34,13,10,222.00,"2,220.00"
2019-07-11,2019071101007588,DBBL,57,49,"16,084",142.00,"2,283,928.00"
2019-07-11,2019071101007526,DBBL,57,16,155,140.00,"21,700.00"
2019-07-11,2019071101007525,DBBL,57,26,"12,825",140.00,"1,795,500.00"
2019-07-11,2019071101007252,DBBL,49,35,"1,594",139.00,"221,566.00"
2019-07-11,2019071101007227,DBBL,47,35,"1,000",139.00,"139,000.00"
2019-07-11,2019071101007226,DBBL,45,35,706,139.00,"98,134.00"
2019-07-11,2019071101007446,DHPL,7,55,75,72.00,"5,400.00"
2019-07-11,2019071101007411,EBL,49,29,100,663.00,"66,300.00"
2019-07-11,2019071101007333,EBL,26,40,500,662.00,"331,000.00"
2019-07-11,2019071101007332,EBL,32,40,615,662.00,"407,130.00"
2019-07-11,2019071101007331,EBL,7,40,46,662.00,"30,452.00"
2019-07-11,2019071101007266,EBL,8,49,54,665.00,"35,910.00"
2019-07-11,2019071101007249,GBBL,38,32,258,225.00,"58,050.00"
2019-07-11,2019071101007248,GBBL,38,16,742,225.00,"166,950.00"
2019-07-11,2019071101007245,GBBL,40,38,"1,000",223.00,"223,000.00"
2019-07-11,2019071101007536,GBLBS,29,26,570,340.00,"193,800.00"
2019-07-11,2019071101007413,GBLBS,17,26,10,339.00,"3,390.00"
2019-07-11,2019071101007273,GBLBS,17,26,10,339.00,"3,390.00"
2019-07-11,2019071101007432,GLBSL,19,34,10,392.00,"3,920.00"
2019-07-11,2019071101007410,GLBSL,19,34,10,392.00,"3,920.00"
2019-07-11,2019071101007451,GLICL,25,55,20,475.00,"9,500.00"
2019-07-11,2019071101007450,GLICL,48,55,20,475.00,"9,500.00"
2019-07-11,2019071101007646,GMFBS,26,34,10,439.00,"4,390.00"
2019-07-11,2019071101007233,GMFBS,14,34,200,441.00,"88,200.00"
2019-07-11,2019071101007232,GMFBS,14,51,10,440.00,"4,400.00"
2019-07-11,2019071101007163,GMFBS,26,49,10,439.00,"4,390.00"
2019-07-11,2019071101007630,HBL,34,55,15,537.00,"8,055.00"
2019-07-11,2019071101007629,HBL,36,55,90,538.00,"48,420.00"
2019-07-11,2019071101007570,HDL,5,40,31,"1,652.00","51,212.00"
2019-07-11,2019071101007569,HDL,32,40,160,"1,652.00","264,320.00"
2019-07-11,2019071101007253,HDL,57,21,150,"1,653.00","247,950.00"
2019-07-11,2019071101007228,HDL,16,16,300,"1,653.00","495,900.00"
2019-07-11,2019071101007496,HPPL,35,21,20,172.00,"3,440.00"
2019-07-11,2019071101007617,ICFC,34,13,500,163.00,"81,500.00"
2019-07-11,2019071101007655,ILBS,33,21,10,399.00,"3,990.00"
2019-07-11,2019071101007650,ILBS,33,21,10,399.00,"3,990.00"
2019-07-11,2019071101007648,ILBS,33,47,10,399.00,"3,990.00"
2019-07-11,2019071101007638,ILBS,33,21,10,399.00,"3,990.00"
2019-07-11,2019071101007628,ILBS,33,37,10,399.00,"3,990.00"
2019-07-11,2019071101007612,ILBS,33,47,10,399.00,"3,990.00"
2019-07-11,2019071101007178,ILBS,45,57,10,400.00,"4,000.00"
2019-07-11,2019071101007177,ILBS,45,1,10,400.00,"4,000.00"
2019-07-11,2019071101007176,ILBS,45,57,10,400.00,"4,000.00"
2019-07-11,2019071101007255,ILBS,49,8,10,399.00,"3,990.00"
2019-07-11,2019071101007246,ILBS,49,8,10,399.00,"3,990.00"
2019-07-11,2019071101007223,ILBS,49,8,10,399.00,"3,990.00"
2019-07-11,2019071101007218,ILBS,49,41,10,399.00,"3,990.00"
2019-07-11,2019071101007180,ILBS,45,1,10,400.00,"4,000.00"
2019-07-11,2019071101007179,ILBS,45,57,10,400.00,"4,000.00"
2019-07-11,2019071101007284,ILBS,26,11,10,400.00,"4,000.00"
2019-07-11,2019071101007283,ILBS,26,1,10,400.00,"4,000.00"
2019-07-11,2019071101007282,ILBS,26,1,10,400.00,"4,000.00"
2019-07-11,2019071101007281,ILBS,26,1,10,400.00,"4,000.00"
2019-07-11,2019071101007280,ILBS,26,1,10,400.00,"4,000.00"
2019-07-11,2019071101007279,ILBS,26,1,10,400.00,"4,000.00"
2019-07-11,2019071101007362,ILBS,39,1,10,400.00,"4,000.00"
2019-07-11,2019071101007357,ILBS,49,8,10,399.00,"3,990.00"
2019-07-11,2019071101007295,ILBS,26,1,10,400.00,"4,000.00"
2019-07-11,2019071101007292,ILBS,26,8,10,400.00,"4,000.00"
2019-07-11,2019071101007287,ILBS,26,17,10,400.00,"4,000.00"
2019-07-11,2019071101007285,ILBS,26,1,10,400.00,"4,000.00"
2019-07-11,2019071101007408,ILBS,35,8,10,399.00,"3,990.00"
2019-07-11,2019071101007398,ILBS,35,51,10,399.00,"3,990.00"
2019-07-11,2019071101007396,ILBS,35,8,10,399.00,"3,990.00"
2019-07-11,2019071101007393,ILBS,33,43,10,400.00,"4,000.00"
2019-07-11,2019071101007392,ILBS,33,1,10,400.00,"4,000.00"
2019-07-11,2019071101007382,ILBS,35,8,10,399.00,"3,990.00"
2019-07-11,2019071101007442,ILBS,33,1,10,400.00,"4,000.00"
2019-07-11,2019071101007441,ILBS,33,1,10,400.00,"4,000.00"
2019-07-11,2019071101007440,ILBS,33,13,10,400.00,"4,000.00"
2019-07-11,2019071101007439,ILBS,29,49,10,399.00,"3,990.00"
2019-07-11,2019071101007435,ILBS,29,8,10,399.00,"3,990.00"
2019-07-11,2019071101007425,ILBS,35,39,10,399.00,"3,990.00"
2019-07-11,2019071101007519,ILBS,42,48,10,399.00,"3,990.00"
2019-07-11,2019071101007492,ILBS,29,21,10,399.00,"3,990.00"
2019-07-11,2019071101007477,ILBS,29,21,10,399.00,"3,990.00"
2019-07-11,2019071101007455,ILBS,29,21,10,399.00,"3,990.00"
2019-07-11,2019071101007444,ILBS,33,1,10,400.00,"4,000.00"
2019-07-11,2019071101007443,ILBS,33,55,10,400.00,"4,000.00"
2019-07-11,2019071101007541,ILBS,45,1,10,400.00,"4,000.00"
2019-07-11,2019071101007540,ILBS,45,1,10,400.00,"4,000.00"
2019-07-11,2019071101007539,ILBS,45,1,10,400.00,"4,000.00"
2019-07-11,2019071101007538,ILBS,45,1,10,400.00,"4,000.00"
2019-07-11,2019071101007537,ILBS,45,7,10,400.00,"4,000.00"
2019-07-11,2019071101007524,ILBS,42,21,10,399.00,"3,990.00"
2019-07-11,2019071101007609,ILBS,33,21,10,399.00,"3,990.00"
2019-07-11,2019071101007596,ILBS,33,37,10,399.00,"3,990.00"
2019-07-11,2019071101007590,ILBS,10,21,10,398.00,"3,980.00"
2019-07-11,2019071101007568,ILBS,42,37,10,399.00,"3,990.00"
2019-07-11,2019071101007563,ILBS,42,21,10,399.00,"3,990.00"
2019-07-11,2019071101007553,ILBS,42,21,10,399.00,"3,990.00"
2019-07-11,2019071101007391,JBBL,39,39,556,161.00,"89,516.00"
2019-07-11,2019071101007237,JBBL,38,29,200,162.00,"32,400.00"
2019-07-11,2019071101007236,JBBL,38,57,200,162.00,"32,400.00"
2019-07-11,2019071101007235,JBBL,38,34,"1,000",162.00,"162,000.00"
2019-07-11,2019071101007234,JBBL,38,59,100,162.00,"16,200.00"
2019-07-11,2019071101007220,JBBL,34,38,50,161.00,"8,050.00"
2019-07-11,2019071101007219,JBBL,39,38,"1,534",161.00,"246,974.00"
2019-07-11,2019071101007161,JBBL,39,59,300,161.00,"48,300.00"
2019-07-11,2019071101007438,JOSHI,55,26,20,76.00,"1,520.00"
2019-07-11,2019071101007388,JOSHI,55,26,20,76.00,"1,520.00"
2019-07-11,2019071101007294,JOSHI,55,26,20,76.00,"1,520.00"
2019-07-11,2019071101007571,KBL,43,57,747,220.00,"164,340.00"
2019-07-11,2019071101007542,KBL,43,57,140,220.00,"30,800.00"
2019-07-11,2019071101007181,KBL,32,1,81,219.00,"17,739.00"
2019-07-11,2019071101007156,KKHC,44,57,10,67.00,670.00
2019-07-11,2019071101007238,KPCL,59,53,10,92.00,920.00
2019-07-11,2019071101007196,KPCL,59,49,10,92.00,920.00
2019-07-11,2019071101007264,KSBBL,52,57,20,158.00,"3,160.00"
2019-07-11,2019071101007251,KSBBL,52,57,20,158.00,"3,160.00"
2019-07-11,2019071101007217,KSBBL,52,21,759,158.00,"119,922.00"
2019-07-11,2019071101007167,KSBBL,52,21,200,159.00,"31,800.00"
2019-07-11,2019071101007166,KSBBL,42,21,41,159.00,"6,519.00"
2019-07-11,2019071101007368,LBBL,28,49,160,194.00,"31,040.00"
2019-07-11,2019071101007367,LBBL,28,49,500,194.00,"97,000.00"
2019-07-11,2019071101007366,LBBL,28,49,340,194.00,"65,960.00"
2019-07-11,2019071101007422,LBL,57,55,92,223.00,"20,516.00"
2019-07-11,2019071101007421,LBL,38,55,100,223.00,"22,300.00"
2019-07-11,2019071101007420,LBL,58,55,200,223.00,"44,600.00"
2019-07-11,2019071101007419,LBL,11,55,100,223.00,"22,300.00"
2019-07-11,2019071101007418,LBL,40,55,200,223.00,"44,600.00"
2019-07-11,2019071101007417,LBL,17,55,138,223.00,"30,774.00"
2019-07-11,2019071101007416,LBL,42,55,300,223.00,"66,900.00"
2019-07-11,2019071101007415,LBL,6,55,10,224.00,"2,240.00"
2019-07-11,2019071101007414,LBL,56,55,53,224.00,"11,872.00"
2019-07-11,2019071101007380,LICN,8,38,21,"1,602.00","33,642.00"
2019-07-11,2019071101007379,LICN,8,38,110,"1,602.00","176,220.00"
2019-07-11,2019071101007355,LICN,8,38,190,"1,602.00","304,380.00"
2019-07-11,2019071101007354,LICN,57,38,10,"1,602.00","16,020.00"
2019-07-11,2019071101007594,LLBS,49,38,10,659.00,"6,590.00"
2019-07-11,2019071101007614,MBL,46,36,250,261.00,"65,250.00"
2019-07-11,2019071101007452,MBL,14,50,83,260.00,"21,580.00"
2019-07-11,2019071101007372,MBL,14,16,329,260.00,"85,540.00"
2019-07-11,2019071101007371,MBL,45,16,87,260.00,"22,620.00"
2019-07-11,2019071101007327,MBL,45,28,63,260.00,"16,380.00"
2019-07-11,2019071101007326,MBL,4,28,300,260.00,"78,000.00"
2019-07-11,2019071101007231,MBL,38,28,613,260.00,"159,380.00"
2019-07-11,2019071101007230,MBL,56,28,100,260.00,"26,000.00"
2019-07-11,2019071101007229,MBL,51,28,787,260.00,"204,620.00"
2019-07-11,2019071101007325,MBL,51,28,100,260.00,"26,000.00"
2019-07-11,2019071101007324,MBL,51,28,100,260.00,"26,000.00"
2019-07-11,2019071101007323,MBL,14,28,500,260.00,"130,000.00"
2019-07-11,2019071101007322,MBL,7,28,50,260.00,"13,000.00"
2019-07-11,2019071101007321,MBL,38,28,387,260.00,"100,620.00"
2019-07-11,2019071101007302,MBL,25,36,100,261.00,"26,100.00"
2019-07-11,2019071101007635,MEGA,3,56,10,211.00,"2,110.00"
2019-07-11,2019071101007602,MEGA,3,56,154,211.00,"32,494.00"
2019-07-11,2019071101007601,MEGA,3,25,116,211.00,"24,476.00"
2019-07-11,2019071101007600,MEGA,3,13,730,211.00,"154,030.00"
2019-07-11,2019071101007577,MEGA,3,52,800,211.00,"168,800.00"
2019-07-11,2019071101007576,MEGA,3,59,100,211.00,"21,100.00"
2019-07-11,2019071101007386,MEGA,10,40,192,211.00,"40,512.00"
2019-07-11,2019071101007385,MEGA,10,48,808,211.00,"170,488.00"
2019-07-11,2019071101007247,MEGA,50,41,116,210.00,"24,360.00"
2019-07-11,2019071101007221,MEGA,22,48,300,211.00,"63,300.00"
2019-07-11,2019071101007173,MEGA,45,48,500,211.00,"105,500.00"
2019-07-11,2019071101007575,MEGA,3,5,40,211.00,"8,440.00"
2019-07-11,2019071101007574,MEGA,3,48,51,211.00,"10,761.00"
2019-07-11,2019071101007573,MEGA,3,32,500,211.00,"105,500.00"
2019-07-11,2019071101007527,MEGA,19,52,200,211.00,"42,200.00"
2019-07-11,2019071101007457,MEGA,34,48,449,211.00,"94,739.00"
2019-07-11,2019071101007456,MEGA,34,40,51,211.00,"10,761.00"
2019-07-11,2019071101007643,MERO,6,1,100,515.00,"51,500.00"
2019-07-11,2019071101007595,MERO,26,48,25,516.00,"12,900.00"
2019-07-11,2019071101007552,MERO,26,48,16,516.00,"8,256.00"
2019-07-11,2019071101007551,MERO,35,35,1,517.00,517.00
2019-07-11,2019071101007507,MERO,35,35,1,517.00,517.00
2019-07-11,2019071101007462,MERO,35,35,1,517.00,517.00
2019-07-11,2019071101007242,MERO,26,38,33,516.00,"17,028.00"
2019-07-11,2019071101007241,MERO,35,35,1,517.00,517.00
2019-07-11,2019071101007389,MERO,35,35,1,517.00,517.00
2019-07-11,2019071101007365,MERO,26,55,92,516.00,"47,472.00"
2019-07-11,2019071101007157,MHNL,48,7,30,104.00,"3,120.00"
2019-07-11,2019071101007314,MLBL,58,55,289,192.00,"55,488.00"
2019-07-11,2019071101007318,MLBL,51,55,383,191.00,"73,153.00"
2019-07-11,2019071101007317,MLBL,38,55,100,191.00,"19,100.00"
2019-07-11,2019071101007316,MLBL,59,55,300,191.00,"57,300.00"
2019-07-11,2019071101007315,MLBL,43,55,29,191.00,"5,539.00"
2019-07-11,2019071101007467,MNBBL,19,51,100,361.00,"36,100.00"
2019-07-11,2019071101007466,MNBBL,1,51,100,361.00,"36,100.00"
2019-07-11,2019071101007243,MNBBL,29,33,19,362.00,"6,878.00"
2019-07-11,2019071101007645,MSLB,39,5,25,892.00,"22,300.00"
2019-07-11,2019071101007566,NABIL,33,1,50,821.00,"41,050.00"
2019-07-11,2019071101007565,NABIL,52,1,50,821.00,"41,050.00"
2019-07-11,2019071101007564,NABIL,34,1,50,821.00,"41,050.00"
2019-07-11,2019071101007555,NABIL,6,49,24,821.00,"19,704.00"
2019-07-11,2019071101007518,NABIL,6,22,45,821.00,"36,945.00"
2019-07-11,2019071101007449,NABIL,25,42,100,822.00,"82,200.00"
2019-07-11,2019071101007403,NABIL,6,22,31,821.00,"25,451.00"
2019-07-11,2019071101007402,NABIL,1,22,69,821.00,"56,649.00"
2019-07-11,2019071101007390,NABIL,25,42,100,822.00,"82,200.00"
2019-07-11,2019071101007503,NAGRO,58,34,10,486.00,"4,860.00"
2019-07-11,2019071101007483,NAGRO,58,34,10,486.00,"4,860.00"
2019-07-11,2019071101007320,NAGRO,45,48,10,486.00,"4,860.00"
2019-07-11,2019071101007644,NBB,16,34,300,220.00,"66,000.00"
2019-07-11,2019071101007437,NBB,16,56,50,220.00,"11,000.00"
2019-07-11,2019071101007436,NBB,16,49,311,220.00,"68,420.00"
2019-07-11,2019071101007649,NBL,22,54,200,337.00,"67,400.00"
2019-07-11,2019071101007502,NBL,59,33,87,336.00,"29,232.00"
2019-07-11,2019071101007501,NBL,17,33,"1,000",336.00,"336,000.00"
2019-07-11,2019071101007500,NBL,43,33,46,336.00,"15,456.00"
2019-07-11,2019071101007499,NBL,5,33,500,336.00,"168,000.00"
2019-07-11,2019071101007498,NBL,46,33,"1,000",336.00,"336,000.00"
2019-07-11,2019071101007199,NBL,47,19,254,337.00,"85,598.00"
2019-07-11,2019071101007158,NBL,47,35,"1,800",337.00,"606,600.00"
2019-07-11,2019071101007276,NBL,47,37,100,337.00,"33,700.00"
2019-07-11,2019071101007270,NBL,47,16,198,337.00,"66,726.00"
2019-07-11,2019071101007224,NBL,49,33,600,338.00,"202,800.00"
2019-07-11,2019071101007216,NBL,47,34,400,337.00,"134,800.00"
2019-07-11,2019071101007201,NBL,47,33,703,337.00,"236,911.00"
2019-07-11,2019071101007200,NBL,47,33,"2,827",337.00,"952,699.00"
2019-07-11,2019071101007341,NBL,49,34,200,337.00,"67,400.00"
2019-07-11,2019071101007340,NBL,36,34,"5,000",337.00,"1,685,000.00"
2019-07-11,2019071101007339,NBL,49,34,150,337.00,"50,550.00"
2019-07-11,2019071101007338,NBL,58,34,300,337.00,"101,100.00"
2019-07-11,2019071101007337,NBL,49,34,200,337.00,"67,400.00"
2019-07-11,2019071101007336,NBL,47,34,599,337.00,"201,863.00"
2019-07-11,2019071101007347,NBL,52,34,300,337.00,"101,100.00"
2019-07-11,2019071101007346,NBL,32,34,"1,000",337.00,"337,000.00"
2019-07-11,2019071101007345,NBL,10,34,450,337.00,"151,650.00"
2019-07-11,2019071101007344,NBL,17,34,100,337.00,"33,700.00"
2019-07-11,2019071101007343,NBL,17,34,500,337.00,"168,500.00"
2019-07-11,2019071101007342,NBL,17,34,500,337.00,"168,500.00"
2019-07-11,2019071101007353,NBL,34,34,"24,901",337.00,"8,391,637.00"
2019-07-11,2019071101007352,NBL,5,34,100,337.00,"33,700.00"
2019-07-11,2019071101007351,NBL,51,34,200,337.00,"67,400.00"
2019-07-11,2019071101007350,NBL,32,34,"1,000",337.00,"337,000.00"
2019-07-11,2019071101007349,NBL,17,34,"1,000",337.00,"337,000.00"
2019-07-11,2019071101007348,NBL,32,34,500,337.00,"168,500.00"
2019-07-11,2019071101007497,NBL,44,33,367,336.00,"123,312.00"
2019-07-11,2019071101007479,NBL,44,36,133,336.00,"44,688.00"
2019-07-11,2019071101007478,NBL,44,36,"1,277",336.00,"429,072.00"
2019-07-11,2019071101007409,NBL,40,54,99,337.00,"33,363.00"
2019-07-11,2019071101007407,NBL,40,28,901,337.00,"303,637.00"
2019-07-11,2019071101007406,NBL,34,28,99,337.00,"33,363.00"
2019-07-11,2019071101007627,NCCB,46,38,"1,200",242.00,"290,400.00"
2019-07-11,2019071101007626,NCCB,10,38,300,242.00,"72,600.00"
2019-07-11,2019071101007291,NCCB,22,40,20,243.00,"4,860.00"
2019-07-11,2019071101007572,NGPL,45,48,11,116.00,"1,276.00"
2019-07-11,2019071101007175,NHPC,42,41,100,64.00,"6,400.00"
2019-07-11,2019071101007639,NIB,16,59,14,515.00,"7,210.00"
2019-07-11,2019071101007589,NIB,16,1,200,515.00,"103,000.00"
2019-07-11,2019071101007556,NIB,16,16,257,515.00,"132,355.00"
2019-07-11,2019071101007513,NIB,33,28,50,516.00,"25,800.00"
2019-07-11,2019071101007397,NIB,16,51,200,515.00,"103,000.00"
2019-07-11,2019071101007215,NICA,29,39,27,445.00,"12,015.00"
2019-07-11,2019071101007214,NICA,29,37,130,445.00,"57,850.00"
2019-07-11,2019071101007474,NICL,6,26,329,351.00,"115,479.00"
2019-07-11,2019071101007473,NICL,14,26,20,351.00,"7,020.00"
2019-07-11,2019071101007472,NICL,34,26,500,351.00,"175,500.00"
2019-07-11,2019071101007298,NICL,26,35,10,352.00,"3,520.00"
2019-07-11,2019071101007471,NICL,39,26,17,351.00,"5,967.00"
2019-07-11,2019071101007470,NICL,6,26,84,352.00,"29,568.00"
2019-07-11,2019071101007458,NICL,6,25,501,352.00,"176,352.00"
2019-07-11,2019071101007299,NICL,6,35,"1,415",352.00,"498,080.00"
2019-07-11,2019071101007213,NIL,42,38,15,489.00,"7,335.00"
2019-07-11,2019071101007212,NLBBL,41,14,495,474.00,"234,630.00"
2019-07-11,2019071101007211,NLBBL,55,14,100,474.00,"47,400.00"
2019-07-11,2019071101007210,NLBBL,14,14,50,474.00,"23,700.00"
2019-07-11,2019071101007209,NLBBL,34,14,20,474.00,"9,480.00"
2019-07-11,2019071101007208,NLBBL,52,14,10,474.00,"4,740.00"
2019-07-11,2019071101007207,NLBBL,58,14,100,475.00,"47,500.00"
2019-07-11,2019071101007206,NLBBL,33,14,12,475.00,"5,700.00"
2019-07-11,2019071101007205,NLBBL,51,14,30,476.00,"14,280.00"
2019-07-11,2019071101007269,NLG,5,25,30,719.00,"21,570.00"
2019-07-11,2019071101007268,NLG,38,25,20,719.00,"14,380.00"
2019-07-11,2019071101007267,NLG,52,25,20,720.00,"14,400.00"
2019-07-11,2019071101007610,NLIC,41,1,100,889.00,"88,900.00"
2019-07-11,2019071101007560,NLIC,33,50,50,890.00,"44,500.00"
2019-07-11,2019071101007523,NLIC,29,50,100,890.00,"89,000.00"
2019-07-11,2019071101007376,NLIC,41,28,69,889.00,"61,341.00"
2019-07-11,2019071101007375,NLIC,34,28,431,889.00,"383,159.00"
2019-07-11,2019071101007647,NLICL,33,45,12,575.00,"6,900.00"
2019-07-11,2019071101007587,NLICL,33,33,27,575.00,"15,525.00"
2019-07-11,2019071101007512,NLICL,34,53,148,572.00,"84,656.00"
2019-07-11,2019071101007511,NLICL,35,53,100,573.00,"57,300.00"
2019-07-11,2019071101007510,NLICL,59,53,17,573.00,"9,741.00"
2019-07-11,2019071101007509,NLICL,45,53,10,573.00,"5,730.00"
2019-07-11,2019071101007593,NMFBS,28,28,100,"1,408.00","140,800.00"
2019-07-11,2019071101007303,NNLB,57,17,19,388.00,"7,372.00"
2019-07-11,2019071101007412,NTC,56,34,150,686.00,"102,900.00"
2019-07-11,2019071101007488,NUBL,6,54,300,843.00,"252,900.00"
2019-07-11,2019071101007356,NUBL,6,58,2,835.00,"1,670.00"
2019-07-11,2019071101007514,OHL,45,44,47,606.00,"28,482.00"
2019-07-11,2019071101007562,PCBL,16,59,170,273.00,"46,410.00"
2019-07-11,2019071101007554,PCBL,16,45,100,273.00,"27,300.00"
2019-07-11,2019071101007491,PCBL,16,13,556,273.00,"151,788.00"
2019-07-11,2019071101007301,PCBL,22,13,10,273.00,"2,730.00"
2019-07-11,2019071101007278,PCBL,45,13,100,273.00,"27,300.00"
2019-07-11,2019071101007277,PCBL,21,13,334,273.00,"91,182.00"
2019-07-11,2019071101007239,PCBL,21,10,28,273.00,"7,644.00"
2019-07-11,2019071101007169,PCBL,21,13,138,273.00,"37,674.00"
2019-07-11,2019071101007431,PIC,17,51,100,480.00,"48,000.00"
2019-07-11,2019071101007430,PIC,11,51,10,480.00,"4,800.00"
2019-07-11,2019071101007429,PIC,21,51,20,482.00,"9,640.00"
2019-07-11,2019071101007428,PIC,17,51,50,482.00,"24,100.00"
2019-07-11,2019071101007427,PIC,43,51,10,482.00,"4,820.00"
2019-07-11,2019071101007641,PICL,14,4,300,540.00,"162,000.00"
2019-07-11,2019071101007640,PICL,42,4,500,541.00,"270,500.00"
2019-07-11,2019071101007520,PICL,13,38,140,545.00,"76,300.00"
2019-07-11,2019071101007619,PMHPL,44,21,10,102.00,"1,020.00"
2019-07-11,2019071101007515,PMHPL,44,21,10,102.00,"1,020.00"
2019-07-11,2019071101007465,PMHPL,44,21,10,102.00,"1,020.00"
2019-07-11,2019071101007426,PMHPL,44,26,10,102.00,"1,020.00"
2019-07-11,2019071101007265,PMHPL,49,39,"1,280",103.00,"131,840.00"
2019-07-11,2019071101007254,PPCL,6,53,10,136.00,"1,360.00"
2019-07-11,2019071101007591,PRVU,39,37,"1,216",260.00,"316,160.00"
2019-07-11,2019071101007508,PRVU,10,37,200,260.00,"52,000.00"
2019-07-11,2019071101007487,PRVU,5,37,584,260.00,"151,840.00"
2019-07-11,2019071101007486,PRVU,5,7,31,260.00,"8,060.00"
2019-07-11,2019071101007485,PRVU,5,43,385,260.00,"100,100.00"
2019-07-11,2019071101007469,PRVU,5,43,615,260.00,"159,900.00"
2019-07-11,2019071101007468,PRVU,5,36,385,260.00,"100,100.00"
2019-07-11,2019071101007463,PRVU,6,36,"1,000",260.00,"260,000.00"
2019-07-11,2019071101007381,PRVU,25,36,100,260.00,"26,000.00"
2019-07-11,2019071101007197,PRVU,1,7,500,260.00,"130,000.00"
2019-07-11,2019071101007272,RHPC,20,53,10,90.00,900.00
2019-07-11,2019071101007464,RMDC,10,38,10,667.00,"6,670.00"
2019-07-11,2019071101007399,RMDC,10,10,5,653.00,"3,265.00"
2019-07-11,2019071101007160,RMDC,35,1,31,666.00,"20,646.00"
2019-07-11,2019071101007374,RRHP,47,26,10,107.00,"1,070.00"
2019-07-11,2019071101007262,RRHP,47,26,10,107.00,"1,070.00"
2019-07-11,2019071101007484,RSDC,39,10,80,338.00,"27,040.00"
2019-07-11,2019071101007634,SADBL,40,43,200,157.00,"31,400.00"
2019-07-11,2019071101007633,SADBL,34,43,500,157.00,"78,500.00"
2019-07-11,2019071101007632,SADBL,22,43,100,157.00,"15,700.00"
2019-07-11,2019071101007631,SADBL,19,43,200,157.00,"31,400.00"
2019-07-11,2019071101007244,SADBL,57,16,"2,000",157.00,"314,000.00"
2019-07-11,2019071101007621,SANIMA,57,13,310,343.00,"106,330.00"
2019-07-11,2019071101007558,SANIMA,11,13,170,343.00,"58,310.00"
2019-07-11,2019071101007557,SANIMA,50,13,20,343.00,"6,860.00"
2019-07-11,2019071101007517,SANIMA,50,51,100,343.00,"34,300.00"
2019-07-11,2019071101007516,SANIMA,50,51,100,343.00,"34,300.00"
2019-07-11,2019071101007370,SANIMA,50,38,130,343.00,"44,590.00"
2019-07-11,2019071101007369,SANIMA,25,38,100,343.00,"34,300.00"
2019-07-11,2019071101007275,SANIMA,17,38,70,343.00,"24,010.00"
2019-07-11,2019071101007567,SBL,16,38,65,313.00,"20,345.00"
2019-07-11,2019071101007654,SCB,58,58,100,670.00,"67,000.00"
2019-07-11,2019071101007400,SCB,54,58,160,670.00,"107,200.00"
2019-07-11,2019071101007387,SCB,51,48,20,670.00,"13,400.00"
2019-07-11,2019071101007377,SCB,51,48,20,670.00,"13,400.00"
2019-07-11,2019071101007204,SCB,51,37,57,670.00,"38,190.00"
2019-07-11,2019071101007203,SCB,36,37,41,670.00,"27,470.00"
2019-07-11,2019071101007164,SCB,36,26,59,669.00,"39,471.00"
2019-07-11,2019071101007454,SDESI,59,49,73,538.00,"39,274.00"
2019-07-11,2019071101007453,SDESI,6,49,27,539.00,"14,553.00"
2019-07-11,2019071101007274,SEF,34,13,400,9.80,"3,920.00"
2019-07-11,2019071101007618,SEOS,49,22,900,10.65,"9,585.00"
2019-07-11,2019071101007290,SHINE,38,48,300,251.00,"75,300.00"
2019-07-11,2019071101007289,SHINE,38,41,140,250.00,"35,000.00"
2019-07-11,2019071101007263,SHINE,26,38,500,249.00,"124,500.00"
2019-07-11,2019071101007608,SHIVM,45,14,180,596.00,"107,280.00"
2019-07-11,2019071101007582,SHIVM,45,14,355,596.00,"211,580.00"
2019-07-11,2019071101007581,SHIVM,7,14,25,596.00,"14,900.00"
2019-07-11,2019071101007580,SHIVM,3,14,20,596.00,"11,920.00"
2019-07-11,2019071101007296,SHIVM,4,34,440,597.00,"262,680.00"
2019-07-11,2019071101007313,SHL,57,10,"6,557",228.00,"1,494,996.00"
2019-07-11,2019071101007312,SHL,10,10,200,228.00,"45,600.00"
2019-07-11,2019071101007311,SHL,53,10,"2,000",229.00,"458,000.00"
2019-07-11,2019071101007310,SHL,29,10,"2,000",229.00,"458,000.00"
2019-07-11,2019071101007309,SHL,59,10,100,229.00,"22,900.00"
2019-07-11,2019071101007308,SHL,58,10,"1,000",229.00,"229,000.00"
2019-07-11,2019071101007307,SHL,57,10,100,229.00,"22,900.00"
2019-07-11,2019071101007306,SHL,10,10,500,229.00,"114,500.00"
2019-07-11,2019071101007305,SHL,10,10,200,229.00,"45,800.00"
2019-07-11,2019071101007361,SHPC,48,39,540,246.00,"132,840.00"
2019-07-11,2019071101007360,SHPC,45,39,200,246.00,"49,200.00"
2019-07-11,2019071101007359,SHPC,16,39,760,246.00,"186,960.00"
2019-07-11,2019071101007225,SIL,34,41,130,441.00,"57,330.00"
2019-07-11,2019071101007549,SLICL,51,10,18,451.00,"8,118.00"
2019-07-11,2019071101007548,SLICL,17,10,61,451.00,"27,511.00"
2019-07-11,2019071101007547,SLICL,1,10,100,452.00,"45,200.00"
2019-07-11,2019071101007546,SLICL,5,10,77,452.00,"34,804.00"
2019-07-11,2019071101007545,SLICL,6,10,100,453.00,"45,300.00"
2019-07-11,2019071101007544,SLICL,40,10,144,453.00,"65,232.00"
2019-07-11,2019071101007543,SLICL,1,10,100,454.00,"45,400.00"
2019-07-11,2019071101007651,SMFBS,59,49,10,466.00,"4,660.00"
2019-07-11,2019071101007506,SMFBS,34,55,10,467.00,"4,670.00"
2019-07-11,2019071101007505,SMFBS,34,55,10,467.00,"4,670.00"
2019-07-11,2019071101007504,SMFBS,34,55,10,467.00,"4,670.00"
2019-07-11,2019071101007461,SMFBS,59,41,10,466.00,"4,660.00"
2019-07-11,2019071101007395,SMFBS,59,13,10,466.00,"4,660.00"
2019-07-11,2019071101007358,SMFBS,59,34,10,466.00,"4,660.00"
2019-07-11,2019071101007293,SMFBS,59,34,10,466.00,"4,660.00"
2019-07-11,2019071101007159,SMFBS,59,13,10,466.00,"4,660.00"
2019-07-11,2019071101007550,SMFDB,50,57,20,500.00,"10,000.00"
2019-07-11,2019071101007490,SMFDB,55,36,50,495.00,"24,750.00"
2019-07-11,2019071101007489,SMFDB,51,36,40,496.00,"19,840.00"
2019-07-11,2019071101007364,SPARS,25,48,10,417.00,"4,170.00"
2019-07-11,2019071101007460,SRBL,1,45,34,249.00,"8,466.00"
2019-07-11,2019071101007459,SRBL,6,45,66,249.00,"16,434.00"
2019-07-11,2019071101007171,SRBL,6,16,934,249.00,"232,566.00"
2019-07-11,2019071101007170,SRBL,7,16,62,249.00,"15,438.00"
2019-07-11,2019071101007561,UPCL,59,1,530,89.00,"47,170.00"
2019-07-11,2019071101007297,UPCL,59,53,50,89.00,"4,450.00"
2019-07-11,2019071101007616,UPPER,29,26,40,267.00,"10,680.00"
2019-07-11,2019071101007592,UPPER,29,48,40,267.00,"10,680.00"
2019-07-11,2019071101007584,UPPER,29,1,19,267.00,"5,073.00"
2019-07-11,2019071101007583,UPPER,43,1,21,267.00,"5,607.00"
2019-07-11,2019071101007522,UPPER,57,43,200,268.00,"53,600.00"
2019-07-11,2019071101007521,UPPER,52,43,11,268.00,"2,948.00"
2019-07-11,2019071101007330,UPPER,1,26,40,268.00,"10,720.00"
2019-07-11,2019071101007250,UPPER,1,26,40,268.00,"10,720.00"
2019-07-11,2019071101007222,UPPER,1,19,690,268.00,"184,920.00"
2019-07-11,2019071101007445,UPPER,52,29,100,268.00,"26,800.00"
2019-07-11,2019071101007434,UPPER,52,48,89,268.00,"23,852.00"
2019-07-11,2019071101007433,UPPER,1,48,411,268.00,"110,148.00"
2019-07-11,2019071101007424,UPPER,1,19,100,268.00,"26,800.00"
2019-07-11,2019071101007394,UPPER,1,16,40,268.00,"10,720.00"
2019-07-11,2019071101007363,UPPER,1,42,510,268.00,"136,680.00"
2019-07-11,2019071101007095,ADBL,32,40,21,406.00,"8,526.00"
2019-07-11,2019071101007079,ADBL,32,40,18,406.00,"7,308.00"
2019-07-11,2019071101007078,ADBL,50,40,182,406.00,"73,892.00"
2019-07-11,2019071101007004,ADBL,25,38,500,407.00,"203,500.00"
2019-07-11,2019071101006877,ADBL,50,16,18,406.00,"7,308.00"
2019-07-11,2019071101006876,ADBL,50,16,200,406.00,"81,200.00"
2019-07-11,2019071101006875,ADBL,52,16,85,406.00,"34,510.00"
2019-07-11,2019071101006702,ADBL,52,17,30,407.00,"12,210.00"
2019-07-11,2019071101006662,ADBL,52,47,111,406.00,"45,066.00"
2019-07-11,2019071101007125,AKJCL,29,48,10,69.00,690.00
2019-07-11,2019071101006873,AKJCL,29,34,20,69.00,"1,380.00"
2019-07-11,2019071101007152,ALBSL,6,55,10,391.00,"3,910.00"
2019-07-11,2019071101006927,ALBSL,6,34,10,391.00,"3,910.00"
2019-07-11,2019071101007089,API,26,26,"1,000",140.00,"140,000.00"
2019-07-11,2019071101007018,API,39,26,100,140.00,"14,000.00"
2019-07-11,2019071101006999,API,4,26,200,140.00,"28,000.00"
2019-07-11,2019071101006997,API,7,26,400,140.00,"56,000.00"
2019-07-11,2019071101006991,API,46,26,800,140.00,"112,000.00"
2019-07-11,2019071101006969,API,57,26,"1,500",140.00,"210,000.00"
2019-07-11,2019071101006717,API,36,26,50,140.00,"7,000.00"
2019-07-11,2019071101006685,API,43,47,29,139.00,"4,031.00"
2019-07-11,2019071101006678,API,43,34,11,139.00,"1,529.00"
2019-07-11,2019071101006968,API,53,26,500,140.00,"70,000.00"
2019-07-11,2019071101006934,API,25,26,193,140.00,"27,020.00"
2019-07-11,2019071101006879,API,21,26,200,140.00,"28,000.00"
2019-07-11,2019071101006871,API,43,33,100,139.00,"13,900.00"
2019-07-11,2019071101006844,API,43,37,28,139.00,"3,892.00"
2019-07-11,2019071101006766,API,14,26,60,140.00,"8,400.00"
2019-07-11,2019071101006851,BARUN,39,37,10,90.00,900.00
2019-07-11,2019071101007134,BOKL,19,1,94,255.00,"23,970.00"
2019-07-11,2019071101007133,BOKL,45,1,156,255.00,"39,780.00"
2019-07-11,2019071101006843,BOKL,45,7,144,255.00,"36,720.00"
2019-07-11,2019071101006842,BOKL,17,7,856,255.00,"218,280.00"
2019-07-11,2019071101006803,BPCL,22,49,50,406.00,"20,300.00"
2019-07-11,2019071101007130,CBBL,48,37,500,954.00,"477,000.00"
2019-07-11,2019071101007086,CBBL,33,50,250,955.00,"238,750.00"
2019-07-11,2019071101007039,CBBL,33,58,30,955.00,"28,650.00"
2019-07-11,2019071101007038,CBBL,33,56,100,955.00,"95,500.00"
2019-07-11,2019071101007037,CBBL,33,33,50,954.00,"47,700.00"
2019-07-11,2019071101007036,CBBL,33,33,70,954.00,"66,780.00"
2019-07-11,2019071101006810,CBBL,52,56,45,953.00,"42,885.00"
2019-07-11,2019071101007003,CBL,41,54,500,157.00,"78,500.00"
2019-07-11,2019071101006784,CBL,4,54,500,157.00,"78,500.00"
2019-07-11,2019071101007115,CCBL,42,49,200,176.00,"35,200.00"
2019-07-11,2019071101006963,CCBL,40,40,2,176.00,352.00
2019-07-11,2019071101006841,CCBL,48,59,20,177.00,"3,540.00"
2019-07-11,2019071101006794,CCBL,47,59,100,177.00,"17,700.00"
2019-07-11,2019071101006698,CCBL,42,21,117,176.00,"20,592.00"
2019-07-11,2019071101006691,CCBL,42,47,93,176.00,"16,368.00"
2019-07-11,2019071101006945,CEFL,4,48,50,100.00,"5,000.00"
2019-07-11,2019071101007114,CHCL,34,22,100,510.00,"51,000.00"
2019-07-11,2019071101007101,CHCL,34,53,211,510.00,"107,610.00"
2019-07-11,2019071101006886,CHL,39,38,10,88.00,880.00
2019-07-11,2019071101006757,CHL,42,41,34,87.00,"2,958.00"
2019-07-11,2019071101006756,CHL,39,41,34,87.00,"2,958.00"
2019-07-11,2019071101006755,CHL,39,41,34,87.00,"2,958.00"
2019-07-11,2019071101006754,CHL,49,41,34,87.00,"2,958.00"
2019-07-11,2019071101007121,CIT,37,17,20,"2,455.00","49,100.00"
2019-07-11,2019071101007120,CIT,37,44,14,"2,450.00","34,300.00"
2019-07-11,2019071101007054,CZBIL,34,33,500,222.00,"111,000.00"
2019-07-11,2019071101006882,CZBIL,34,37,10,222.00,"2,220.00"
2019-07-11,2019071101006867,CZBIL,34,51,10,222.00,"2,220.00"
2019-07-11,2019071101006838,CZBIL,10,3,82,223.00,"18,286.00"
2019-07-11,2019071101006737,CZBIL,34,42,10,222.00,"2,220.00"
2019-07-11,2019071101006734,CZBIL,34,34,10,222.00,"2,220.00"
2019-07-11,2019071101006723,CZBIL,10,10,"5,123",222.00,"1,137,306.00"
2019-07-11,2019071101006701,CZBIL,34,34,10,222.00,"2,220.00"
2019-07-11,2019071101006962,DBBL,45,56,294,139.00,"40,866.00"
2019-07-11,2019071101006961,DBBL,22,56,206,139.00,"28,634.00"
2019-07-11,2019071101006915,DBBL,22,38,14,139.00,"1,946.00"
2019-07-11,2019071101006866,DBBL,22,32,80,139.00,"11,120.00"
2019-07-11,2019071101006865,DBBL,32,32,200,139.00,"27,800.00"
2019-07-11,2019071101006864,DBBL,7,32,500,139.00,"69,500.00"
2019-07-11,2019071101006706,DBBL,48,47,11,139.00,"1,529.00"
2019-07-11,2019071101006863,DBBL,56,32,120,139.00,"16,680.00"
2019-07-11,2019071101006862,DBBL,59,32,300,139.00,"41,700.00"
2019-07-11,2019071101006861,DBBL,14,32,500,139.00,"69,500.00"
2019-07-11,2019071101006860,DBBL,34,32,300,139.00,"41,700.00"
2019-07-11,2019071101006805,DBBL,51,26,10,140.00,"1,400.00"
2019-07-11,2019071101006760,DBBL,1,32,500,139.00,"69,500.00"
2019-07-11,2019071101006667,DDBL,43,39,36,713.00,"25,668.00"
2019-07-11,2019071101006666,DDBL,43,39,30,713.00,"21,390.00"
2019-07-11,2019071101006665,DDBL,43,39,50,713.00,"35,650.00"
2019-07-11,2019071101006664,DDBL,43,39,50,713.00,"35,650.00"
2019-07-11,2019071101006663,DDBL,35,39,25,714.00,"17,850.00"
2019-07-11,2019071101006804,EBL,7,14,150,662.00,"99,300.00"
2019-07-11,2019071101006796,EBL,7,50,50,662.00,"33,100.00"
2019-07-11,2019071101006722,EBL,7,18,604,662.00,"399,848.00"
2019-07-11,2019071101006689,EBL,7,48,150,662.00,"99,300.00"
2019-07-11,2019071101007107,GBLBS,17,40,10,339.00,"3,390.00"
2019-07-11,2019071101006746,GBLBS,17,42,10,339.00,"3,390.00"
2019-07-11,2019071101006892,GLBSL,19,28,10,392.00,"3,920.00"
2019-07-11,2019071101006872,GLBSL,19,34,10,392.00,"3,920.00"
2019-07-11,2019071101007094,GMFBS,26,48,10,439.00,"4,390.00"
2019-07-11,2019071101006906,GMFBS,26,28,10,439.00,"4,390.00"
2019-07-11,2019071101006817,GMFBS,37,16,10,440.00,"4,400.00"
2019-07-11,2019071101006797,GMFBS,37,16,10,440.00,"4,400.00"
2019-07-11,2019071101006780,GMFBS,37,16,10,440.00,"4,400.00"
2019-07-11,2019071101006764,GMFBS,37,16,10,440.00,"4,400.00"
2019-07-11,2019071101006751,GMFBS,37,16,10,440.00,"4,400.00"
2019-07-11,2019071101006739,GMFBS,37,16,10,440.00,"4,400.00"
2019-07-11,2019071101006725,GMFBS,37,16,10,440.00,"4,400.00"
2019-07-11,2019071101006696,GMFBS,37,16,10,440.00,"4,400.00"
2019-07-11,2019071101006672,GMFBS,37,16,10,440.00,"4,400.00"
2019-07-11,2019071101007080,GMFIL,41,34,100,127.00,"12,700.00"
2019-07-11,2019071101007001,GMFIL,58,34,100,127.00,"12,700.00"
2019-07-11,2019071101006712,GRDBL,4,47,30,115.00,"3,450.00"
2019-07-11,2019071101006711,GRDBL,57,47,125,115.00,"14,375.00"
2019-07-11,2019071101007059,GUFL,44,17,206,120.00,"24,720.00"
2019-07-11,2019071101006714,HBL,36,34,10,538.00,"5,380.00"
2019-07-11,2019071101007040,HDL,51,50,20,"1,656.00","33,120.00"
2019-07-11,2019071101006920,HIDCL,25,38,34,159.00,"5,406.00"
2019-07-11,2019071101006896,HIDCL,25,37,226,159.00,"35,934.00"
2019-07-11,2019071101006895,HIDCL,14,37,94,159.00,"14,946.00"
2019-07-11,2019071101006759,HIDCL,14,1,30,159.00,"4,770.00"
2019-07-11,2019071101006726,HIDCL,14,47,315,159.00,"50,085.00"
2019-07-11,2019071101006909,HURJA,52,37,20,140.00,"2,800.00"
2019-07-11,2019071101006752,HURJA,52,42,20,140.00,"2,800.00"
2019-07-11,2019071101007124,ILBS,58,1,10,400.00,"4,000.00"
2019-07-11,2019071101007123,ILBS,58,1,10,400.00,"4,000.00"
2019-07-11,2019071101007122,ILBS,49,39,10,399.00,"3,990.00"
2019-07-11,2019071101007116,ILBS,49,58,10,399.00,"3,990.00"
2019-07-11,2019071101007110,ILBS,49,58,10,399.00,"3,990.00"
2019-07-11,2019071101007103,ILBS,49,58,10,399.00,"3,990.00"
2019-07-11,2019071101006693,ILBS,13,38,10,397.00,"3,970.00"
2019-07-11,2019071101006687,ILBS,13,38,10,397.00,"3,970.00"
2019-07-11,2019071101006671,ILBS,13,21,10,397.00,"3,970.00"
2019-07-11,2019071101006669,ILBS,13,38,10,397.00,"3,970.00"
2019-07-11,2019071101006718,ILBS,13,38,10,397.00,"3,970.00"
